1909 3069
71 134 113 164 513

779 136 999 162 FRAGMENTA.

1627 140 1678 166 ΒΗ

69 198 116 216 σαν.
137 188 183 216 Διὰ
204 190 260 225 γὰρ
277 189 356 216 τοῦτο
374 189 420 215 καὶ
433 189 448 215 ὁ
461 189 703 226 νενομοθετημένος
721 190 773 226 μὴν
788 191 838 217 τῶν

893 193 985 217 tatem.
1003 189 1065 217 ideo
1076 191 1175 225 quippe
1189 191 1290 219 mensis
1302 199 1435 219 novorum
1448 199 1463 219 a
1474 192 1533 228 lege
1548 192 1677 222 inductus

48 265 49 270 η
68 236 123 262 νέων
135 235 200 271 ἀρχὴ
217 235 324 270 μηνῶν,
345 236 390 262 καὶ
405 235 512 271 πρῶτος
526 237 556 262 ὲν
569 237 624 267 τοῖς
643 236 709 271 μησὶ
723 236 769 262 τοῦ
785 237 837 262 ὲνιι

47 282 48 285 “
68 281 136 310 αυτοῦ
157 281 310 317 ἐγνωρίσθη
329 282 407 317 ἡμῖν·
423 282 470 309 καὶ
488 281 539 308 ὑπὸ
561 281 614 308 τῶν
636 282 756 308 παλαιῶν
774 290 839 316 συγ-

69 328 178 364 γραφέων
193 328 247 354 τῶν
258 328 313 364 πρὸ
327 328 373 364 τῆς
384 328 510 360 ἁλώσεως
526 329 575 364 τῆς
597 329 783 365 Ἰερουσαλὴμ,
795 329 839 355 καὶ

69 373 111 399 ὑπὸ
124 372 172 399 τῶν
187 373 256 399 νέων
279 373 337 400 τῶν
360 373 427 409 μετὰ
438 373 487 409 τὴν
503 374 601 400 ἅλωσιν
621 373 728 410 ἐδείχθη
747 374 839 410 ὁροθε-

68 420 118 446 σεαν
130 420 197 454 ἔχειν
210 419 454 454 εἰλικρινεστάτην,
473 420 520 446 καὶ
534 421 785 456 καταφανεστάτην,
797 421 840 447 διὰ

67 466 92 491 τδ
104 465 211 500 μάλιστα
231 464 289 491 ἐσθ’
307 466 351 492 ὅτε
373 466 422 501 μὲν
437 465 471 492 τὰ
491 466 539 492 νέα
554 466 582 493 ἔν
598 474 652 492 τισι
666 467 758 498 τόποις
772 475 839 503 προ-

68 510 214 546 λαμϐάνειν,
228 509 285 537 ἐσθ’
303 511 346 538 ὅτε
357 511 384 538 δὲ
400 512 521 547 ὑστερεῖν
534 512 565 538 τὺ
580 512 644 539 ποτὲ
660 511 780 548 πρώϊμα,
793 521 840 539 πο-

68 558 90 583 τὲ
110 556 187 592 ὂψιμα
210 556 357 590 γενέσθαιο
386 557 526 593 ὡστ’..εροῦν
549 558 595 584 καὶ
618 559 676 585 κατ’
691 558 774 594 αὐτὴν
791 558 840 594 τὴν

67 603 139 639 ἀρχὴν
148 602 196 638 τῆς
207 603 262 639 πρὸ
275 603 324 630 τοῦ
339 603 434 639 Πάσχα
448 604 608 639 νομοθεσίας
621 604 734 639 ἐγίνετο,
749 604 839 637 καθὼς

67 649 218 684 γέγραπται*
235 649 262 675 ὀ
278 648 314 676 δὲ
327 649 422 683 πυρὸς
435 650 483 677 καὶ
501 650 519 684 ἠ
535 650 629 684 ὅλυρα
643 651 698 678 οὐκ
711 650 838 686 ἐπλήγη,

67 695 144 730 ἐψιμα
158 695 210 730 γὰρ
232 692 369 730 νῖν-Ὅθεν
382 695 471 728 καλῶς
487 696 695 732 νενομοθέτηται
713 696 768 723 ἀπὸ
791 697 840 732 τῆς

67 741 160 776 ὶιιρινῆς
173 741 329 777 ἰσημερίας,
343 742 382 773 εις
395 741 490 768 ὁποίαν
505 742 527 768 δ’
540 742 572 769 ἂν
585 743 718 778 ἑϐδομάδα
732 743 839 779 ἐμπέσῃ

68 786 394 821 ήτεσσαρεσκαιδεκαταία
412 786 460 814 τοῦ
479 787 587 823 πρώτου
605 787 698 823 μηνὸς,
714 788 743 814 ἐν
771 788 839 824 αὐτῇ

67 833 182 859 ἐπιτελεῖν
199 832 228 859 τὸ
244 832 353 868 Πάσχα,
371 833 438 868 μετὰ
454 833 501 860 τοῦ
524 834 570 860 καὶ
589 833 714 870 ἐγκώμια
731 842 840 870 πρεπω-

891 236 1024 263 mensium
1038 236 1198 269 exordium,
1217 244 1248 263 ac
1271 237 1374 272 primus
1388 238 1459 265 inter
1481 239 1545 265 anni
1569 247 1677 267 menses

891 281 970 309 nobis
985 285 1067 309 notus
1083 281 1171 309 factus
1185 285 1227 308 est
1241 291 1246 308 :
1263 286 1289 309 et
1306 282 1341 309 ab
1359 283 1478 318 antiquis
1497 283 1676 318 scriptoribus

891 326 936 361 qui
953 330 1025 358 ante.
1037 330 1064 354 et
1079 334 1094 353 a
1109 326 1307 362 posterioribus
1327 327 1374 362 qui
1389 333 1449 362 post
1468 323 1676 364 Hierosolymo-

891 379 951 399 rum
963 371 1099 399 excidium
1116 372 1208 400 vixere
1219 393 1226 405 ,
1244 373 1462 401 sincerissimum
1479 381 1510 401 ac
1526 374 1676 402 evidentis-

890 418 990 445 simum
1004 417 1105 445 babere
1122 418 1268 445 terminum
1285 418 1500 446 demonstratum
1521 423 1563 447 est
1580 429 1586 447 :
1604 427 1674 455 prae-

890 463 1001 495 sertim,
1023 463 1095 498 quod
1110 470 1180 490 nova
1201 463 1337 492 interdum
1362 465 1524 500 quibusdam
1549 465 1577 492 in
1607 465 1676 494 locis

890 509 1015 545 praeverti
1041 518 1047 537 :
1074 509 1212 537 interdum
1229 510 1312 538 etiam
1338 510 1430 541 reﬁci.
1455 512 1497 538 vel
1513 511 1602 539 serius
1618 512 1675 539 fieri

889 555 1023 591 praecocia
1044 557 1203 591 contingat.
1229 557 1366 591 quomodo
1388 561 1446 584 erat
1467 557 1495 584 in
1524 558 1585 593 ipso
1613 562 1676 586 ante

889 601 995 629 Pascha
1020 602 1201 636 legislationis
1231 602 1310 630 initio
1328 612 1334 630 :
1350 603 1428 638 juxta
1451 603 1522 638 quod
1541 603 1675 639 scriptum

889 651 931 675 est
944 647 972 675 ιτ
992 647 1121 674 Triticum
1143 653 1229 675 autent
1251 653 1274 675 et
1292 649 1336 683 far
1352 657 1404 676 non
1429 647 1494 676 sunt'
1509 650 1589 680 Ima.
1614 651 1677 685 quia

889 694 1005 721 urotina
1023 698 1109 721 erant.
1140 693 1217 722 Unde
1232 698 1306 722 recte
1318 703 1332 722 ιι
1349 696 1406 731 lege
1422 697 1611 731 praescriptum
1622 701 1675 728 est.

890 744 943 766 uta
955 747 1039 767 verno
1046 741 1221 774 aequinoctio,
1234 742 1260 768 in
1274 749 1465 776 quamcunque
1480 741 1676 770 hebdomadcm

891 785 994 813 incidat
1019 785 1222 822 decimaquarta
1240 787 1322 823 primi
1339 787 1452 819 mensis.
1469 788 1496 815 in
1513 788 1559 815 illa
1572 787 1676 816 Pascha

891 835 998 866 agatur,
1014 833 1130 867 sumptis
1144 833 1222 867 prius
1239 833 1272 860 ad
1288 833 1355 860 illud
1367 833 1561 861 celebrandum
1576 835 1676 863 decen-

66 878 164 906 δέστατα
176 879 221 905 καὶ
235 879 463 915 ἁρμοστικώτατα
486 880 525 912 εἰς
539 879 618 907 τοῦτο
635 880 838 917 παρειληφέναι.

893 877 965 905 tibus
983 885 1014 904 ac
1029 878 1221 906 consentaneis
1233 879 1375 906 encomiis.
1400 879 1505 906 Primus
1519 880 1588 906 ειιὶηι
1602 900 1610 911 .
1631 881 1676 908 in~

65 924 167 958 Πρῶτος
187 924 252 959 γὰρ,
268 925 363 961 φησὶν,
377 923 465 959 οὗτος
475 925 537 960 μὴν
551 925 622 960 ὑμῖν
637 946 644 953 .
657 946 663 952 .
679 945 685 953 .
703 927 752 953 καὶ
762 926 839 961 ἀρχὴ

63 971 152 1005 μηνῶν
161 971 194 997 ἐν
208 971 273 1005 τοῖς
281 972 380 1006 μησὶν
388 972 440 999 τοῦ
451 972 590 1000 ἐνιαυτοῦ
601 972 760 1007 γέγραπται
770 981 776 988 ·
796 973 840 999 ὅτε

65 1018 77 1043 6
92 1017 133 1052 μὲν
147 1018 218 1052 ἥλιος
234 1018 263 1043 ὲν
281 1018 356 1053 θέρει
373 1018 517 1053 γενόμενος
530 1018 564 1045 τὰ
578 1018 654 1054 φῶτα
671 1019 779 1046 πλείονα
794 1020 840 1046 καὶ

65 1060 223 1097 λαμπρότερα
234 1062 401 1089 ἀποδίδωσιν
411 1071 417 1077 ·
435 1063 451 1098 ἡ
463 1063 491 1089 δὲ
513 1064 602 1099 ἡμέρα
619 1064 838 1100 ὲπεκτεινομένη,

67 1107 236 1141 μγεθὺνεται,
252 1107 307 1142 τῆς
321 1108 417 1140 νυκτὸς
437 1108 671 1145 ὑποστελλομένης
684 1110 731 1136 καὶ
750 1118 839 1144 μειου-

67 1151 151 1187 μένης·
165 1152 199 1178 τὰ
211 1152 239 1178 δὲ
253 1152 305 1178 νέα
322 1152 468 1188 σπέρματα
490 1153 680 1189 ἐπανθήσαντα
700 1153 839 1180 διακαθαί-

68 1206 130 1232 ρξται
145 1198 183 1229 είς
204 1198 254 1230 τὰς
278 1198 385 1230 ᾶλωνας
405 1199 632 1234 συγκομιζόμενα.
648 1199 685 1225 Οὐ
701 1199 755 1235 μὴν
772 1199 840 1226 ἀλλὰ

66 1244 103 1268 καὶ
116 1242 198 1269 πάντα
215 1242 252 1269 τὰ
278 1243 415 1280 ἀκρόδρυα
437 1244 578 1279 βλαστάνει
595 1244 641 1271 καὶ
654 1245 765 1271 ἐπανθεῖ
777 1246 838 1271 ἑπι-

67 1288 145 1323 χωρῆτ
160 1308 166 1315 .
180 1309 186 1315 .
199 1308 206 1315 .
222 1289 393 1324 ὲπαγόμενα.
407 1290 516 1321 Εὐθέως
529 1289 594 1324 γοῦν
617 1290 839 1326 ἐπικαταλαμϐά-

66 1342 140 1360 νῡνται
164 1334 192 1361 ἐν
207 1334 373 1370 παραλλαγῇ
393 1335 526 1370 διαφόρων
550 1335 597 1362 καὶ
620 1336 748 1362 ποικίλων
770 1344 838 1372 καρ-

66 1380 127 1406 πῶν·
143 1381 178 1412 ὡς
199 1381 245 1407 καὶ
270 1381 408 1416 σταφυλήν
421 1390 484 1408 ποτε
498 1382 669 1417 εὑρίσκεσθαι
684 1383 745 1409 κατ’
759 1383 839 1409 αὐτὸν

64 1426 101 1451 τὸν
119 1426 217 1462 καιρὸν,
236 1425 332 1458 καθὼς
355 1427 401 1454 καὶ
422 1427 436 1453 ὁ
459 1427 606 1464 νομοθέτης
630 1429 712 1463 φησι,
736 1429 791 1455 Καὶ
809 1431 838 1455 at

65 1472 156 1506 ἡμέραι
180 1472 282 1507 ἔαρος,
306 1474 466 1508 πρόδρομοι
487 1474 657 1509 σταφυλῆς,
683 1474 764 1510 ήνίκα
785 1475 837 1502 ἀπ-

68 1518 156 1544 έστειλε
171 1519 233 1550 τοὺς
248 1519 519 1551 κατασκοπεύσοντας
534 1520 582 1555 τὴν
590 1520 651 1555 γῆν,
659 1521 776 1556 ἤνεγκαν
793 1521 838 1548 τὸν

65 1563 139 1598 μέγαν
155 1563 249 1601 βότρυν
273 1566 301 1592 ὲν
319 1566 492 1602 ἁναφορεῦσι,
510 1566 556 1593 καὶ
573 1567 627 1593 ἀπὸ
641 1555 695 1593 τῶν
711 1567 779 1602 ροιῖιν
793 1568 839 1594 καὶ
853 1555 873 1582 C

64 1608 110 1635 ἀπὸ
128 1609 178 1636 τῶν
200 1610 302 1637 συκῶν.
318 1611 383 1637 Τότε
402 1610 466 1646 γὰρ,
481 1611 518 1643 ὥς
539 1619 614 1645 φασι,
628 1612 676 1638 καὶ
695 1613 710 1638 ὁ
729 1612 838 1646 κτίστης

65 1656 104 1682 καὶ
121 1657 135 1682 ὁ
155 1656 321 1692 δημιουργὸς
335 1657 389 1683 τῶν
409 1657 536 1684 ἁπάντων
549 1657 615 1688 Θεὸς
627 1657 704 1692 ἡμῶν
721 1656 837 1689 αἰώνιος,

64 1701 92 1728 τὰ
107 1703 187 1729 πάντα
203 1704 400 1739 συνεστήσατο,
415 1704 455 1735 εἰς
470 1703 540 1739 ἅπερ
555 1704 691 1736 κατέλεξε·
706 1705 839 1737 Bluem-

65 1748 133 1775 σάτω
145 1749 162 1782 ὴ
176 1749 213 1784 γῆ
223 1749 364 1783 βοτάνην
378 1749 496 1783 χόρτου,
517 1750 641 1784 σπεῖρον
654 1751 772 1784 σπέρμα
785 1759 838 1777 κα-

64 1793 95 1819 τὰ
105 1794 184 1828 γένος
202 1794 256 1821 καὶ
269 1794 332 1821 καθ’
344 1795 511 1828 ὁμοιότητα,
524 1795 570 1821 καὶ
586 1795 680 1827 ξύλον
693 1794 840 1829 κάρπιμον

65 1838 157 1865 ποιοῦν
168 1839 297 1874 καρπὸν,
310 1837 346 1867 οὗ
367 1839 400 1866 τό
421 1841 539 1874 σπέρμα
557 1840 650 1867 αὐτοῦ
664 1840 738 1867 κατὰ
754 1840 839 1875 γένος

63 1883 104 1910 ἐπὶ
115 1883 166 1918 τῆς
175 1884 243 1919 τῆς.
268 1885 322 1911 Καὶ
335 1885 495 1921 ἐπήνεγκεν,
510 1886 561 1917 ὅτι,
578 1886 632 1912 Καὶ
652 1886 770 1920 ἐγένετο
791 1886 840 1913 οῦ-

63 1938 105 1958 τω.
118 1931 168 1958 Καὶ
185 1931 261 1967 μάλα
278 1931 368 1963 καλῶς
384 1931 430 1958 καὶ
451 1931 561 1963 δικαίως
579 1931 691 1966 ἐξέφανε
713 1930 757 1957 τὸν
775 1932 838 1967 παρ’

69 1975 189 2012 Ἑϐραίοις
208 1977 425 2013 νομοθετηθέντα
442 1977 550 2012 πρῶτον
566 1978 638 2013 μῆνα
650 1986 656 1992 ·
671 1978 700 2004 ὃν
717 1977 839 2013 ἔγνωμεν

64 2021 258 2058 ’πεφυλαγμένον
284 2023 359 2059 παρὰ
383 2023 516 2055 Ἰουδαίοις
539 2024 620 2059 μέχρι
642 2024 691 2058 τῆς
713 2024 838 2055 ἁλώσεως

69 2067 243 2105 Ἰερουσαλὴμ,
259 2069 303 2096 διὰ
325 2070 356 2096 τὸ
379 2069 495 2104 μάλιστα
515 2069 649 2103 Ἑϐραίοις
661 2069 731 2096 οὕτω
751 2078 840 2106 παρα-

63 2113 208 2141 δεδωκέναι·
237 2115 307 2150 μετὰ
332 2114 360 2141 δὲ
383 2116 431 2150 τὴν
449 2115 547 2142 ἅλωσιν
567 2115 748 2151 λεληρημένον
769 2116 840 2143 κατά

63 2166 114 2185 τινα
131 2160 175 2187 καὶ
190 2161 219 2187 ὲν
239 2160 326 2196 τούτῳ
340 2159 482 2195 πώρωσιν·
499 2161 582 2196 ὅνπερ
602 2161 682 2196 ἡμεῖς
702 2159 838 2196 ἐνθὲσμως

65 2204 105 2230 καὶ
125 2205 275 2241 εἰλικρινῶς
299 2206 490 2242 ἐπιτηροῦντες
517 2205 715 2241 παρελάϐομεν.
733 2207 787 2233 Καὶ
810 2207 838 2232 ὲν

63 2250 141 2286 τούτῳ
158 2252 229 2279 κατὰ
244 2272 251 2279 .
266 2272 274 2279 .
287 2273 294 2279 .
309 2253 400 2288 ῥητὸν,
412 2253 498 2287 λέγων
514 2272 522 2280 .
535 2273 543 2280 .
557 2273 564 2279 .
578 2253 721 2288 διζομένην
734 2254 774 2285 είς
789 2274 795 2280 .
810 2274 816 2280 .
831 2273 837 2280 .

63 2303 89 2323 ον
100 2297 200 2334 ἡμέραν
220 2298 271 2333 τῆς
290 2298 369 2333 ἁγίας
388 2299 483 2334 ἑορτῆς
503 2299 590 2335 ἡμῶν,
606 2299 723 2335 ἧνπερή
740 2299 838 2334 ἐκλογὴ

62 2341 181 2379 ἐπέτυχεν
191 2352 198 2359 ·
215 2345 241 2370 ot
261 2343 291 2370 δὲ
311 2344 398 2383 λοιποὶ
413 2344 610 2380 ἐπωρώθησαν,
627 2345 718 2377 καθὼς
731 2344 806 2372 εἶπεν
819 2346 836 2372 ἡ

63 2387 158 2425 Γραφή.
174 2390 229 2418 Καὶ
242 2391 306 2426 μεθ’
320 2391 417 2426 ἕτερα·

94 2446 123 2472 Π.
142 2447 196 2473 Καὶ
212 2447 299 2473 ταῦτα
313 2448 367 2483 γάρ
387 2455 465 2482 φησι·
486 2446 587 2473 Πάντα
599 2446 782 2481 ποιήσουσιν
796 2447 834 2479 εις

62 2492 146 2526 ὑμᾶς’
169 2493 213 2520 ὅτι
235 2494 291 2520 οὐκ
311 2494 448 2528 ἔγνωσαν
463 2493 517 2519 τὸν
533 2492 693 2528 πέμψαντά
704 2501 752 2527 με.
767 2493 798 2518 Εἰ
812 2492 840 2519 δὲ

64 2538 104 2564 τὸν
127 2539 280 2575 πέμψαντα,
301 2540 346 2566 καὶ
371 2539 416 2566 τὸν
440 2539 599 2574 πεμφθέντα
621 2538 766 2574 ἠγνόησαν,
791 2538 840 2564 οὐκ

64 2583 128 2611 εστιν
139 2585 326 2622 ἀμφιδάλλειν,
341 2586 382 2612 ὅτι
395 2586 442 2613 καὶ
453 2585 501 2621 τῆς
514 2584 673 2620 νομοθεσίας
683 2584 730 2611 τοῦ
744 2583 840 2619 Πάσχα

64 2628 106 2664 τὴν
123 2631 257 2665 ἀγνωσίαν
279 2630 409 2666 Εσχοσαν·
424 2630 462 2662 ὡς
481 2630 518 2665 μὴ
538 2630 617 2665 μόνον
633 2630 681 2665 τῆς
695 2629 753 2656 κατ’
765 2629 841 2655 ἐκλο-

64 2675 109 2710 γὴν
128 2677 284 2709 τοποθεσίας
306 2677 442 2707 ἐκπεσεῖν,
463 2676 532 2702 ἀλλὰ
555 2677 602 2702 καὶ
615 2675 665 2710 τῆς
681 2675 767 2710 ἀρχῆς
787 2674 841 2707 τῶν

65 2719 150 2754 μηνῶν
164 2721 209 2748 τοῦ
225 2720 333 2756 πρώτου
347 2722 376 2748 ὲν
388 2722 443 2753 τοῖς
461 2720 527 2756 μησὶ
541 2720 586 2746 τοῦ
601 2719 734 2752 ἐνιαυτοῦ,
746 2717 775 2746 οὗ
791 2720 840 2754 τὴν

65 2766 377 2802 τεσσαρεσκαιδεκαταίαν
387 2768 412 2793 ot
424 2767 506 2794 πάλαι
517 2765 667 2802 εἰλικρινῶς
679 2767 757 2801 ὲπιτη
763 2765 807 2800 ροῦ
815 2775 839 2791 I-

59 2882 62 2888 ,
97 2852 194 2883 'Ezod.
213 2857 311 2896 11,5;2.
348 2858 358 2873 ¹
371 2856 456 2884 Exod.
471 2865 487 2883 x
500 2856 556 2890 1,2.
591 2855 696 2892 ’INuin.
709 2863 757 2889 xu,
775 2855 818 2882 2i.
861 2855 870 2870 λ

891 923 950 958 quit
969 924 991 954 ¹,
1016 923 1058 950 hic
1086 924 1184 951 mensis
1213 923 1284 951 vobis
1309 925 1467 959 principium
1497 927 1625 953 mensium
1648 928 1676 954 in

891 968 1023 996 mensibus
1038 969 1101 996 anni
1114 970 1227 1003 scriptus
1246 974 1286 996 est
1297 977 1307 996 :
1325 977 1387 997 cum
1403 970 1443 997 sol
1456 970 1560 998 scilicet
1581 972 1676 999 aestivo

890 1019 1012 1050 tempore
1036 1015 1114 1050 plura
1136 1015 1216 1050 longe
1231 1016 1333 1043 lumina
1356 1020 1384 1043 et
1407 1017 1524 1044 clariora
1549 1017 1674 1046 emittit:

890 1062 948 1088 dies
963 1069 1028 1088 vero
1043 1061 1214 1096 producitur,
1233 1062 1317 1096 fitque
1333 1062 1430 1096 major,
1457 1063 1521 1090 dum
1538 1071 1591 1090 nox
1609 1071 1676 1091 con-

890 1108 1009 1134 trahitur
1019 1115 1051 1134 ac
1066 1108 1200 1135 minuitur
1216 1117 1223 1135 :
1240 1115 1312 1135 nova
1327 1115 1410 1143 porro
1425 1109 1529 1136 semina
1547 1117 1608 1136 cum
1627 1109 1676 1137 llo~

890 1154 1009 1185 ruerint,
1043 1157 1262 1188 perpurgantur,
1289 1157 1316 1181 et
1343 1154 1376 1181 aII
1396 1161 1475 1182 areas
1503 1154 1672 1182 deferuntur.

888 1198 979 1234 Neque
994 1203 1085 1226 tamen
1102 1199 1153 1226 ista
1177 1194 1320 1230 duntaxat,
1333 1198 1380 1225 sed
1395 1203 1421 1225 et
1442 1200 1567 1227 universa
1585 1201 1676 1234 pullu-

886 1245 943 1272 lant
953 1245 1074 1277 arbusta,
1083 1249 1111 1272 et
1121 1244 1148 1271 in
1158 1243 1237 1271 ﬂores
1245 1245 1370 1272 evadunt.
1382 1244 1479 1271 Statim
1493 1245 1573 1279 igitur
1584 1246 1674 1273 varios

889 1289 1066 1323 diversasque
1082 1290 1188 1317 fructus
1207 1289 1361 1317 alternatim
1385 1290 1509 1317 emittere
1524 1290 1676 1324 deprehen-

889 1335 1006 1368 duntur;
1022 1336 1060 1362 ita
1078 1338 1107 1362 ut
1121 1335 1257 1362 interdum
1279 1335 1375 1362 botrus
1387 1355 1394 1367 ,
1418 1335 1554 1363 interdum
1570 1335 1676 1363 fructus

890 1381 960 1408 alius
981 1388 1036 1407 uno
1049 1380 1200 1415 eodemque
1220 1385 1341 1416 tempore
1359 1381 1521 1415 reperiatur.
1544 1382 1677 1416 quemad-

889 1427 999 1466 quum
1018 1427 1055 1454 ait
1075 1427 1214 1461 legislator
1227 1427 1238 1442 ³
1253 1436 1260 1454 :
1278 1426 1312 1453 Et
1334 1427 1390 1454 dies
1409 1429 1476 1455 veris
1501 1435 1676 1462 praeursores

890 1473 975 1504 botri.
1005 1472 1115 1508 quando
1142 1473 1217 1501 misit
1245 1473 1291 1508 qui
1317 1473 1525 1508 specularentur
1555 1478 1675 1505 terram,

890 1519 1042 1546 attulerunt
1056 1518 1193 1553 ingentem
1213 1518 1322 1546 botrum
1347 1519 1374 1546 in
1390 1519 1530 1550 vectibus,
1548 1519 1583 1546 de
1597 1519 1677 1555 malis

890 1572 998 1600 quoque
1007 1565 1127 1600 granatis
1137 1569 1164 1591 et
1185 1564 1219 1592 de
1233 1563 1425 1592 licubus.Tum
1441 1564 1512 1592 enim
1534 1565 1572 1591 ait
1584 1564 1678 1592 condi-

891 1615 933 1638 tor
951 1611 1197 1644 universorumque
1221 1609 1312 1644 opifex
1334 1609 1406 1638 Deus
1428 1613 1520 1636 noster
1538 1614 1675 1642 aeternus.

890 1656 982 1683 omnia
1003 1656 1109 1684 confert
1131 1655 1164 1682 ad
1189 1663 1219 1682 ea
1243 1663 1304 1690 quae
1323 1655 1404 1690 elegit
1420 1663 1426 1680 :
1443 1654 1578 1682 Germinet
1605 1661 1677 1683 terra

890 1700 997 1728 herbam
1008 1703 1132 1728 virentem
1148 1705 1172 1727 et
1187 1700 1288 1734 faciens
1305 1708 1390 1727 semen
1405 1700 1487 1734 juxta
1500 1709 1581 1735 genus
1599 1709 1677 1728 suum

890 1751 913 1774 et
927 1747 1127 1774 similitudinem
1139 1755 1226 1778 suam,
1239 1751 1263 1773 et
1278 1746 1376 1781 lignum
1394 1746 1561 1781 fructiferum
1578 1746 1677 1782 [aciem

891 1793 1024 1826 fructum,
1043 1793 1117 1826 cujus
1141 1801 1227 1819 semen
1248 1793 1274 1819 in
1291 1801 1317 1819 se
1333 1792 1389 1826 ipso
1405 1793 1439 1819 sit
1452 1800 1529 1826 super
1540 1797 1638 1820 terram
1654 1793 1676 1821 δ.

890 1838 960 1865 Tum
982 1839 1073 1866 subdit
1092 1839 1123 1865 ἐ
1155 1837 1189 1864 Et
1217 1838 1318 1873 facIum
1342 1842 1381 1865 est
1403 1838 1499 1865 ila:et
1521 1838 1585 1865 vidit
1606 1839 1680 1866 Deus

890 1885 959 1921 quod
972 1890 1038 1912 esset
1056 1885 1163 1912 bonum.
1176 1883 1248 1917 Quin
1263 1884 1344 1911 etiam
1359 1883 1478 1911 ostendit
1499 1885 1617 1919 primum
1630 1884 1677 1920 qui

890 1931 962 1966 apud
986 1930 1114 1958 Hebraeos
1141 1931 1200 1965 lege
1219 1930 1347 1957 inductus
1369 1935 1411 1957 est
1433 1938 1570 1962 mensem,
1597 1939 1677 1966 quem

890 1978 1064 2004 observatum
1096 1975 1181 2004 fuisse
1210 1984 1224 2003 a
1250 1975 1351 2003 Iudaeis
1373 1975 1499 2003 novimus
1529 1984 1617 2011 usque
1644 1977 1677 2004 ad

890 2024 1140 2060 Hierosolymorum
1169 2023 1325 2054 excidium',
1352 2023 1415 2057 quia
1442 2022 1469 2049 id
1495 2024 1611 2050 maxime
1638 2023 1678 2051 sic

890 2070 1009 2099 Hebrzeis
1028 2071 1158 2098 traditum
1183 2073 1234 2097 est.
1258 2069 1325 2096 Post
1353 2068 1489 2096 excidium
1513 2076 1579 2096 vero
1606 2068 1677 2096 idem

890 2116 1008 2144 ludibrio
1023 2119 1065 2143 est
1076 2115 1185 2143 habitus
1199 2123 1231 2142 ex
1246 2114 1363 2150 quadam
1379 2114 1471 2142 cordis
1486 2113 1677 2146 obduratione,

890 2169 970 2196 quem
984 2170 1036 2189 nos
1050 2162 1170 2197 legitime
1195 2169 1227 2188 ac
1255 2161 1362 2188 sincere
1380 2161 1559 2189 observantes
1576 2161 1678 2196 recepi-

890 2215 963 2239 mus,
981 2211 1008 2234 et
1024 2208 1051 2235 in
1067 2207 1118 2235 hoc
1133 2207 1281 2242 juxta......
1292 2205 1594 2237 verbum,cumait......
1606 2205 1677 2232 diem

892 2257 993 2281 sanctae
1005 2253 1163 2281 festivitatis
1180 2257 1296 2284 nostrae,
1318 2260 1399 2288 quem
1414 2251 1512 2280 eleutio
1530 2252 1677 2279 consecuta

892 2303 934 2326 est
945 2300 971 2326 ‘z
985 2298 1074 2326 caeteri
1090 2307 1155 2326 vero
1165 2299 1344 2325 occaluerunt
1353 2319 1360 2331 ,
1372 2297 1601 2333 quemadmodum
1609 2297 1678 2324 dixit

893 2345 1045 2380 Scriptura.
1063 2343 1097 2370 Et
1110 2349 1168 2378 post
1185 2344 1240 2370 alia
1257 2351 1265 2370 :
1465 2337 1468 2342 ’

926 2445 959 2472 Il.
976 2443 1038 2471 Haec
1055 2443 1155 2479 quippe
1170 2443 1208 2469 ait
1225 2452 1231 2470 :
1249 2441 1345 2470 Omnia
1361 2441 1457 2476 faciunt
1470 2442 1542 2468 vobis
1558 2441 1680 2477 (propter

891 2499 984 2519 nomen
1002 2489 1106 2525 meum)
1129 2490 1253 2524 quoniam
1274 2496 1325 2514 non
1347 2493 1520 2522 cognoverunt
1540 2488 1584 2521 qui
1608 2488 1679 2514 misit

892 2538 964 2565 me".
981 2537 1010 2564 Si
1025 2540 1115 2563 autem
1132 2541 1159 2563 et
1174 2543 1237 2562 eum
1248 2534 1295 2570 qui
1311 2533 1403 2566 misit,
1419 2537 1445 2560 et
1457 2533 1505 2567 qui
1522 2533 1625 2570 missus
1637 2537 1680 2560 est

891 2582 1066 2613 nescierunt,
1099 2580 1224 2608 dubitare
1249 2580 1321 2607 haud
1338 2580 1419 2612 licet;
1449 2578 1514 2613 quin
1541 2577 1647 2605 Pascha
1663 2585 1679 2604 ιι

891 2628 950 2663 lege
970 2631 1136 2662 prmceptum
1152 2626 1354 2661 ignoraverint,
1378 2629 1408 2652 ut
1430 2632 1485 2651 non
1506 2624 1533 2651 in
1555 2624 1609 2651 loci
1624 2624 1680 2651 ele-

891 2673 982 2700 ctione
998 2671 1151 2702 duutaxat,
1176 2671 1224 2697 sed
1241 2671 1323 2697 etiam
1343 2670 1370 2697 in
1388 2670 1489 2697 mensis
1511 2669 1557 2704 qui
1573 2669 1680 2705 primus

890 2723 932 2746 est
949 2719 1021 2746 inter
1037 2718 1102 2744 anni
1132 2725 1242 2745 menses
1253 2738 1260 2750 ,
1278 2717 1392 2745 exordio
1409 2717 1576 2749 erraverint,
1600 2716 1680 2744 cuius

891 2765 998 2792 decima
1010 2768 1106 2799 quarta
1118 2763 1225 2791 sincere
1237 2763 1392 2796 observata,
1408 2767 1469 2798 post
1483 2763 1641 2798 aequinocﬁ

888 2854 978 2882 Cenes.
997 2863 1015 2889 ι,
1033 2855 1071 2882 ιι.
1085 2855 1168 2883 'ibid.
1181 2854 1240 2882 li.’
1258 2854 1332 2882 Ιῖοιιι.
1348 2862 1386 2888 xl,
1402 2855 1427 2881 7.
1464 2853 1563 2881 ’.Ιοιιη¹
1582 2851 1676 2885 ιν,21.
