1909 3069
254 148 306 176 515

788 153 816 180 S.
838 152 939 182 PETRI
954 153 1190 184 ALEXANDRINI
1210 158 1363 187 EPlSCOPl

1828 166 1880 194 5|6

253 205 357 234 Pascha
383 212 488 237 veteres
513 211 687 240 celebrarunt
711 212 789 248 juxta
815 215 937 243 divinum
966 225 1013 252 pra

1067 232 1071 247 ι
1087 226 1133 249 τες
1159 219 1227 254 μετὰ
1248 220 1296 255 τὴν
1321 221 1464 257 ἰσημερίαν
1474 222 1550 250 ἕῦυον
1570 224 1599 250 τὸ
1615 225 1722 260 Πάσχα,
1739 226 1811 253 κατὰ
1830 227 1879 261 τὴν

252 257 359 286 ceptum
371 273 379 286 ,
405 261 467 282 cum
481 256 547 283 illud
568 257 649 286 hodie
664 262 727 286 ante
753 260 947 295 :equinoctium
963 270 1036 290 nunc

252 304 399 334 peragant,
423 309 454 328 ac
474 303 643 339 negligenter
657 305 766 341 quidem
793 310 821 333 et
836 315 951 334 erronee
979 316 1038 335 om-

251 345 334 378 uino;
361 345 518 381 ignorantes
548 350 776 384 quemadmodum
805 360 854 379 sua
884 353 902 380 ii
931 357 1036 389 tempe-

250 394 320 418 state
348 391 491 426 fecerunt,
519 399 550 422 ut
577 396 692 430 ipsemet
721 396 821 425 fatetur
847 399 894 434 qui
919 400 946 427 in
975 401 1035 429 istis

248 436 405 473 descriptus
419 443 472 467 est.

284 494 327 522 lll.
347 495 409 524 Sive
437 497 519 532 igitur
543 503 666 527 errantes
691 500 776 528 Judaei
802 501 881 536 juxta
908 504 1032 534 lunarem

247 547 357 568 cursum
381 550 475 570 mense
499 543 670 572 Phameuoth
693 555 772 574 suum
790 548 930 577 interdum
950 557 1031 587 agant

247 585 362 619 Pascha,
379 588 526 623 sivejuxta
542 598 664 618 mensem
689 592 880 622 in'tercalarem
904 585 1031 632 unoquo-

244 639 298 666 que
314 633 430 661 triennio
443 642 537 663 mense
551 635 722 671 Pharmuthi,
732 643 826 667 nostra
838 649 892 668 non
904 642 1028 672 interest.

243 675 317 703 Nihil
334 678 434 713 quippe
454 679 527 706 aliud
548 681 626 708 nobis
642 684 810 718 propositum
826 690 883 719 est,
901 695 982 722 quam
1000 693 1030 716 ut

244 722 304 757 ejus
319 725 455 758 passionis
471 727 630 754 memoriam
642 735 770 763 agamus,
793 735 874 766 atque
894 733 962 761 adeo
978 734 1029 762 hoc

244 769 304 802 ipso
320 772 457 804 tempore;
473 773 610 806 quomodo
625 774 669 808 qui
685 775 742 802 suis
755 776 804 811 ipsi
821 779 910 806 oculis
918 786 1027 814 specta-

242 820 307 840 vcre
338 814 527 850 tradiderunt,
551 819 709 854 priusquam
731 820 849 856 Egyptii
873 825 1026 854 crederent.

242 857 335 894 Neque
345 860 416 887 enim
436 861 580 891 observato
594 864 683 891 lunari
702 873 785 893 cursu
795 887 802 900 ,
819 868 886 896 illud
899 878 1025 898 necessa-

241 905 282 931 rio
307 910 440 940 peragunt
470 915 514 935 xvi
549 909 593 936 die
621 909 790 940 Phamenoth
807 933 814 945 ,
843 916 925 943 semel
961 925 1024 945 vero

240 951 364 985 quolibet
397 954 516 982 triennio
541 965 633 986 mense
661 958 822 988 Pharmuthi
852 971 858 989 :
888 963 922 990 ab
946 964 1024 992 initio

239 997 339 1032 quippe
357 1002 383 1026 et
403 1004 467 1029 ante
482 1001 583 1030 Christi
604 1004 819 1034 incarnationem
836 1008 873 1035 ita
897 1009 1024 1038 videntur

237 1044 334 1077 egisse.
353 1043 429 1072 Unde
452 1054 515 1074 cum
533 1047 594 1076 illos
620 1051 708 1085 arguit
733 1051 864 1081 Dominus
886 1061 935 1089 per
956 1055 1023 1084 Pro-

237 1088 363 1123 phetam,
392 1091 430 1118 ait
448 1101 455 1119 :
475 1092 509 1119 Et
532 1094 589 1121 dixi
608 1103 617 1121 :
637 1105 738 1131 semper
760 1097 788 1124 Ιιί
809 1088 901 1126 errant
926 1101 1020 1135 corde,

234 1139 259 1160 et
288 1135 380 1169 juran
408 1138 436 1164 in
464 1139 506 1166 ira
537 1148 594 1167 mea
619 1142 643 1168 ei
670 1142 817 1170 introibant
849 1145 877 1171 in
907 1147 1020 1181 requiem

234 1188 318 1207 meum
341 1182 349 1196 ¹
355 1201 362 1208 .
720 1187 724 1192 ’

269 1237 312 1265 lV.
331 1238 408 1271 Quod
435 1241 562 1274 quidem,
590 1246 620 1269 ut
643 1243 736 1277 vides,
756 1245 799 1272 vel
826 1247 852 1273 in
876 1255 909 1275 eo
936 1249 1017 1276 etiam

232 1284 349 1311 maxime
366 1285 476 1313 mentiri
501 1292 628 1321 apparet,
651 1297 705 1316 non
729 1290 756 1318 in
774 1291 898 1321 homines
916 1296 1015 1328 modo,

230 1327 279 1355 sed
291 1329 371 1355 etiam
395 1329 422 1356 in
438 1329 532 1358 Deum.
561 1333 599 1359 Ac
619 1334 721 1368 primo,
738 1343 800 1364 cum
823 1327 856 1365 in'
873 1339 924 1367 hoc
945 1349 1017 1369 nun-

231 1380 313 1408 quam
328 1376 481 1402 erraverint
504 1376 608 1411 Juda:i,
637 1383 666 1406 ut
682 1381 728 1416 qui
750 1390 811 1410 cum
835 1383 869 1411 iis
884 1386 930 1420 qui
957 1388 1015 1417 suis

230 1419 282 1453 ipsi
297 1420 385 1446 oculis
401 1421 526 1449 viderunt
539 1422 565 1450 et
582 1425 701 1453 ministri
723 1426 851 1462 fuerunt,
868 1419 1015 1462 conversa-

229 1465 339 1499 luantur,
367 1467 452 1495 multo
476 1470 562 1504 magis
588 1479 676 1507 neque
703 1474 738 1501 ah
763 1475 841 1504 initio
867 1482 1012 1514 antequam

227 1512 354 1540 Christus
370 1519 540 1544 nasceretur.
562 1517 654 1554 Neque
675 1521 747 1547 enim
766 1527 878 1558 propter
890 1512 958 1561 legis
978 1527 1013 1555 de

1090 263 1164 290 θείαν
1180 266 1366 300 παραγγελίαν
1377 275 1383 282 ·
1409 268 1433 294 οἱ
1452 268 1505 304 γὰρ
1518 269 1565 295 νῦν
1582 270 1634 305 πρὸ
1652 272 1800 306 ἰσημερίας
1814 273 1880 299 αὐτὸ

1088 310 1204 342 ποιοῦσι,
1222 312 1292 338 πάνυ
1307 312 1414 348 ἀμελῶς
1431 314 1477 340 καὶ
1492 315 1731 350 κατεσφαλμένως,
1749 317 1877 351 ἀγνοοῦν-

1087 364 1141 387 τες’
1160 357 1301 392 ώσπεροῦν
1327 359 1373 386 καὶ
1388 360 1483 392 ὲπέτος
1505 361 1644 396 ἐποίησαν,
1660 362 1698 394 ὡς
1724 363 1772 389 καὶ
1795 363 1878 395 αὐτὸς

1089 401 1275 436 συνομολογῶν
1287 402 1346 443 ’5.ὲν
1362 404 1467 436 τούτοις
1481 407 1606 441 γραφείς.

1119 505 1163 531 Ili.
1176 505 1301 540 (20)·Εἴτε
1310 504 1356 533 οὖν
1373 507 1549 542 σφαλλόμενοι
1557 508 1676 535 Ἰουδαῖοι
1691 509 1763 536 κατὰ
1773 509 1817 536 τὸν
1830 518 1875 537 σθ-

1082 550 1208 586 ληνιακὸν
1215 552 1324 588 δρόμον,
1337 554 1401 580 ποτὲ
1413 554 1461 588 μὲν
1472 553 1601 589 Φαμενὼθ
1612 554 1708 588 ἄγουσι
1722 555 1753 581 τὸ
1767 555 1872 582 ἑαυτῶν

1082 597 1186 632 Πάσχα·
1196 597 1251 624 εἴτε
1260 598 1330 625 κατὰ
1338 599 1383 625 τὸν
1390 599 1553 634 ἐμϐολισμὸν
1561 600 1628 634 (29')
1639 600 1712 636 μῆνα
1718 601 1788 628 κατὰ
1797 610 1872 637 τριε-

1080 643 1140 669 τίαν
1162 643 1201 679 τῷ
1226 645 1374 680 Φαρμουθὶ,
1398 645 1472 672 οὐδὲν
1487 647 1552 680 ἡμῖν
1573 645 1705 682 διαφέρει.
1720 647 1869 682 Πρόκειται

1080 688 1132 723 γὰρ
1148 690 1212 724 ἡμῖν
1226 689 1318 725 ἕτερον
1341 691 1357 726 ἢ
1377 691 1426 726 τὴν
1441 691 1590 726 ἀνάμνησιν
1603 691 1649 718 τοῦ
1664 692 1768 724 πάθους
1783 693 1868 720 αὑτοῦ

1080 735 1222 766 ποιεῖσθαι,
1239 736 1285 762 καὶ
1300 735 1368 762 κατὰ
1378 736 1470 762 τοῦτον
1482 736 1527 763 τὸν
1546 736 1655 772 καιρόν·
1670 737 1707 769 ὡς
1717 738 1742 764 οι
1756 739 1805 765 ἀπ’
1817 739 1868 774 ἀρ-

1078 781 1127 816 χῆς
1144 782 1275 808 αὐτόπται
1289 782 1504 817 παραδεδώκασι,
1518 783 1581 818 πρὶν
1599 783 1742 817 Αἰγύπτιοι
1754 784 1868 811 πιστεῦ-

1079 835 1132 853 σαι.
1149 827 1185 853 Οὐ
1199 827 1251 863 γὰρ
1263 828 1309 854 νῦν
1325 827 1432 863 πρῶτον
1443 828 1634 864 ἐπιτηροῦντες
1646 829 1691 856 τὸν
1705 829 1866 862 σεληνιακὸν

1076 872 1174 907 δρόμον
1191 873 1301 906 ἄγουσιν
1323 872 1388 898 αὐτὸ
1412 872 1440 905 ἐξ
1459 872 1580 907 ἀνάγκης
1597 876 1632 905 ις’
1648 873 1698 908 μὲν
1718 873 1757 908 τῷ
1773 874 1866 908 Φαμε-

1076 917 1139 949 νὼθ,
1157 917 1229 950 ἆπαξ
1241 918 1269 944 δὲ
1282 918 1351 945 κατὰ
1366 918 1485 954 τριετίαν
1495 918 1533 953 τῷ
1544 918 1682 954 Φαρμουθὶ
1692 927 1699 933 ⁸
1714 919 1762 945 ἀπ’
1774 920 1865 955 ἀρχῆς

1075 964 1128 999 γὰρ
1152 964 1198 990 καὶ
1221 964 1274 1000 πρὸ
1294 964 1343 999 τῆς
1356 964 1472 1000 Χριστοῦ
1493 965 1642 1000 παρουσίας
1658 965 1774 991 πάντοτε
1791 963 1863 992 οὕτω

1074 1010 1236 1044 ποιήσαντες
1252 1009 1485 1044 φαίνονται.”Οθεν
1509 1011 1556 1038 καὶ
1578 1010 1737 1046 αἰτιώμενος
1761 1011 1863 1043 αὐτοὺς

1072 1057 1086 1082 ὁ
1113 1056 1178 1088 Θεὸς
1196 1056 1239 1083 διὰ
1258 1056 1303 1083 τοῦ
1320 1056 1459 1093 Προφήτου
1483 1057 1574 1092 ἔλεγε·
1600 1058 1653 1085 Καὶ
1674 1057 1776 1085 εἶπον-⁸
1807 1058 1860 1085 Ἀεὶ

1072 1103 1242 1130 πλανῶνται
1255 1102 1292 1137 τῇ
1303 1103 1424 1137 καρδίᾳ·
1441 1104 1480 1137 ὡς
1490 1103 1592 1139 ὤμοσα
1608 1105 1642 1130 ἐν
1657 1104 1694 1138 τῇ
1706 1104 1780 1140 ὀργῇ
1787 1114 1859 1139 μου,

1070 1150 1095 1175 ει
1108 1150 1331 1178 εἰσελεύσονται
1345 1151 1388 1183 εἰς
1402 1150 1459 1184 τὴν
1470 1151 1661 1177 κατάπαυσίν
1671 1160 1742 1186 μου.

1105 1247 1149 1274 1V.
1172 1249 1268 1284 Ὅπερ,
1281 1248 1318 1280 ὡς
1327 1249 1401 1284 ὁρᾷς,
1417 1249 1463 1275 καὶ
1474 1249 1503 1275 ἐν
1517 1249 1603 1285 τούτῳ
1615 1250 1698 1285 φαίνῃ
1705 1249 1741 1276 τὰ
1752 1250 1857 1284 μεγάλα

1067 1293 1253 1330 ψευδηγορὼν,
1265 1295 1295 1320 οὺ
1314 1295 1393 1329 μόνον
1408 1295 1479 1321 κατὰ
1494 1295 1542 1321 ἀνθ
1548 1295 1654 1330 ρώπων,
1669 1295 1736 1321 ἀλλὰ
1750 1296 1797 1321 καὶ
1809 1305 1856 1322 κα-

1067 1340 1100 1367 τὰ
1117 1340 1164 1366 τοῦ
1185 1340 1262 1367 Θεοῦ.
1287 1340 1397 1377 Πρῶτον
1416 1341 1475 1376 μὲν,
1501 1341 1563 1367 ἐπεὶ
1586 1341 1691 1368 οὐδέπω
1714 1342 1754 1373 εἰς
1777 1341 1856 1368 τοῦτο

1066 1386 1221 1413 ἐπλανῶντο
1241 1386 1374 1418 Ἰουδαῖοι,.
1381 1387 1460 1422 ἡνίκα
1472 1386 1590 1421 συνῆσαν
1609 1387 1700 1418 αὐτοῖς
1710 1388 1734 1413 οἱ
1744 1387 1791 1413 ἀπ’
1804 1387 1854 1423 ἀρ-

1065 1432 1114 1467 χῆς
1138 1432 1267 1458 αὐτόπται
1292 1432 1337 1458 καὶ
1364 1431 1509 1468 ὑπηρέται,
1527 1431 1615 1467 πολλῷ
1627 1431 1655 1458 δὲ
1671 1431 1771 1466 μᾶλλον
1793 1432 1854 1458 οὐδὲ

1064 1478 1112 1503 ἀπ’
1123 1477 1210 1513 ἀρχῆς
1222 1478 1274 1512 πρὸ
1287 1478 1336 1512 τῆς
1349 1477 1466 1514 Χριστοῦ
1480 1477 1638 1513 παρουσίας.
1655 1477 1722 1504 Οὐδὲ
1737 1476 1792 1513 γὰρ
1803 1477 1852 1512 τὴν

1063 1523 1221 1559 νομοθεσίαν
1243 1523 1290 1550 τοῦ
1312 1523 1406 1558 Πάσχα
1417 1523 1492 1556 λέγει
1508 1523 1606 1554 αὐτοὺς
1619 1524 1633 1549 ὁ
1648 1522 1714 1554 Θεὸς
1727 1523 1771 1549 ἀεὶ
1786 1523 1853 1549 πλα-

227 1557 359 1588 Paschate
374 1566 538 1597 praeceptum
557 1564 618 1592 illos
645 1566 683 1593 ait
707 1567 777 1596 Deus
799 1557 908 1605 semper
917 1557 1012 1601 ‘corde

1067 1557 1198 1605 νώμένους
1214 1571 1246 1605 τῇ
1259 1557 1470 1606 καρδίᾳςῶσπερ
1487 1569 1669 1605 συνέγραψας,
1685 1569 1754 1596 ἀλλὰ
1766 1569 1812 1596 διά
1822 1579 1850 1596 τε

224 1613 348 1639 errasse,
382 1609 610 1642 quemadmodum
637 1613 795 1648 scripsisti,
822 1617 869 1644 sed
901 1623 1011 1654 propter

1067 1617 1112 1652 τὴν
1134 1616 1216 1651 ἄλλην
1236 1617 1326 1642 πᾶσαν
1339 1615 1489 1651 παρακοὴ-ί,
1507 1615 1552 1642 καὶ
1566 1615 1610 1641 διὰ
1630 1615 1664 1641 τὰ
1679 1615 1786 1650 πονηρὰ
1803 1616 1850 1641 καὶ

223 1652 305 1680 aliam
328 1653 541 1683 inobedientiam
566 1661 593 1685 et
620 1664 731 1695 propter
756 1662 827 1690 mala
855 1671 887 1690 ac
920 1652 1010 1700 turpia

222 1705 317 1725 eorum
342 1707 441 1734 opera,
465 1709 527 1729 cum
556 1703 662 1733 scilicet
686 1705 718 1733 ad
743 1707 880 1736 idolorum
904 1710 1008 1738 cultum

221 1747 250 1770 et
281 1743 314 1770 ad
339 1744 532 1775 fornicationes
555 1756 616 1777 sese
635 1750 696 1778 illos
717 1753 885 1781 convertisse
907 1755 1008 1783 adver-

223 1792 302 1817 teret.

258 1845 288 1874 V.
311 1846 344 1873 Ει
357 1853 416 1882 post
429 1849 592 1882 pauca:Vel
612 1851 639 1878 in
653 1851 706 1879 hoc
721 1854 836 1883 multum
847 1875 854 1888 ,
872 1857 1003 1885 multum-

219 1899 272 1926 que
301 1893 432 1924 omnino,
458 1894 482 1921 si
508 1895 619 1930 quidem
648 1898 835 1934 dormitabas,
864 1905 890 1929 te
915 1902 1003 1938 ipsum

219 1935 390 1965 Ecclesiastce
411 1938 524 1974 ﬂagellis
554 1942 678 1971 excitasti
693 1964 701 1975 ,
730 1952 834 1972 memor
853 1935 1004 1982 praesertim

219 1982 270 2010 loci
287 1984 375 2018 illius,
402 1985 447 2012 ubi
473 1986 528 2018 ait,
545 1986 635 2022 lapsus
656 1998 672 2016 a
689 1994 759 2017 terra
779 1992 818 2018 vel
841 2001 857 2018 α
875 1993 966 2029 lingua
980 1996 1001 2023 '.

216 2030 322 2065 Quippe
333 2053 339 2065 ,
358 2036 388 2058 ut
403 2040 511 2060 rursum
529 2034 604 2062 vides
615 2055 623 2068 ,
640 2035 776 2070 objectum
788 2046 803 2064 a
815 2041 842 2066 te
856 2039 959 2068 crimen
973 2042 1001 2069 in

217 2076 325 2104 illorum
348 2078 432 2107 duces
456 2079 604 2108 reﬂectitur
631 2091 638 2109 :
669 2083 735 2118 quin
762 2085 844 2112 etiam
872 2094 999 2122 magnum

216 2121 386 2156 subsequens
407 2123 556 2158 periculum
575 2125 637 2154 licet
653 2128 806 2163 suspicari,
824 2121 999 2166 utpoteicum

213 2167 374 2201 audiamus,
391 2169 505 2204 lapidem
525 2178 605 2206 quem
624 2173 686 2207 quis
710 2174 738 2201 in
754 2175 838 2202 altum
852 2177 999 2211 projecerit

1061 1662 1137 1696 ἀειδῆ
1154 1661 1244 1689 αὐτῶν
1255 1661 1333 1697 ἔργα,
1346 1661 1392 1688 ἅτε
1405 1660 1437 1696 δὴ
1450 1661 1522 1697 ὁρῶν
1542 1661 1639 1692 αὐτοὺς
1662 1661 1690 1686 ἐν
1705 1660 1849 1687 εἰδωλολα-

1059 1708 1163 1743 τρείαις
1178 1708 1224 1734 καὶ
1239 1707 1377 1743 πορνείαις
1392 1708 1650 1744 ἀναστρεφομένους.

1093 1854 1124 1882 ν.
1145 1855 1201 1882 Καὶ
1215 1855 1278 1890 μετ’
1290 1854 1392 1889 ὀλίγα·
1407 1854 1487 1880 Ὥστε
1503 1853 1551 1880 καὶ
1567 1854 1595 1879 ὲν
1606 1852 1693 1887 τούτῳ
1706 1852 1788 1885 πολὺ,
1800 1853 1845 1879 καὶ

1056 1901 1126 1928 πάνυ
1146 1910 1178 1935 γε
1201 1901 1277 1933 πολὺ,
1294 1900 1356 1928 ἐπεὶ
1381 1899 1575 1931 καθύπνωσας,
1592 1899 1727 1934 διέγειρον
1748 1899 1844 1925 ἑαυτὸν

1054 1948 1110 1979 τοῖς
1131 1946 1178 1973 τοῦ
1215 1945 1428 1982 Ἐκκλησιαποῦ
1455 1944 1641 1980 βουκέντροις,
1667 1943 1843 1979 μεμνημένος

1055 1993 1171 2028 μάλιστα
1197 1992 1244 2019 τοῦ
1267 1992 1404 2026 λέγοντος·
1427 1991 1578 2025 ὀλίσθημα
1597 1989 1655 2017 ἀπὸ
1677 1989 1811 2024 ἐδάφους
1826 1989 1842 2022 ἢ

1052 2038 1111 2066 ἀπὸ
1130 2037 1280 2073 γλώσσης.
1303 2038 1357 2064 Καὶ
1371 2037 1434 2072 γὰρ,
1452 2037 1489 2068 ὼς
1508 2035 1588 2062 πάλιν
1609 2036 1687 2085 ’δρᾷςἶ
1711 2035 1842 2085 ἐπὶ-τοὺς

1052 2084 1196 2119 καθηγησα
1201 2084 1297 2120 μένους
1313 2083 1402 2110 αὐτῶν
1415 2083 1509 2117 φθάνει
1523 2082 1553 2109 τὸ
1566 2082 1710 2117 ὲπενεχθὲν
1725 2081 1781 2108 ὑπὸ
1795 2081 1841 2107 σοῦ

1051 2131 1190 2168 ἐγκλημεν
1209 2131 1256 2157 καὶ
1274 2130 1347 2156 ἔστιν
1360 2129 1509 2165 ὑφορᾶσθαι
1525 2129 1571 2155 τὸν
1585 2127 1840 2178 παρακολουιξοῦντα

1051 2164 1143 2211 μέγώ
1152 2174 1271 2202 κίνδυνον
1282 2196 1288 2203 .
1304 2175 1350 2201 ἆτε
1373 2174 1404 2210 δὴ
1419 2174 1570 2201 ἀκουόντων
1589 2173 1676 2209 ἡμῶν,
1688 2173 1730 2199 ὃτι
1744 2174 1759 2199 ὁ
1777 2172 1839 2207 βάλ-

214 2213 241 2240 in
253 2214 326 2242 illius
350 2220 432 2250 caput
460 2217 590 2246 recidere.
612 2218 696 2246 Multo
719 2221 805 2256 magis
835 2223 996 2251 temerarius

1067 2230 1102 2248 ων
1116 2221 1188 2248 λίθον
1202 2222 1242 2252 εἰς
1259 2220 1324 2255 ὕψος
1339 2221 1385 2246 ἐπὶ
1403 2219 1520 2255 κεφαλὴν
1535 2219 1617 2246 αὐτοῦ
1634 2218 1735 2254 βάλλει.
1750 2218 1837 2253 Εὐχε-

211 2263 271 2292 est,
289 2261 377 2296 quiin
398 2262 449 2290 hoc
463 2262 589 2300 Moysen,
603 2266 684 2293 talem
702 2265 749 2294 Dei
767 2275 892 2301 servum,
912 2269 994 2297 audet

210 2306 368 2340 criminari,
386 2309 428 2336 vel
440 2310 486 2344 qui
502 2311 526 2337 ei
543 2312 679 2339 successit
697 2311 790 2340 Iesum
808 2314 891 2341 ﬁlium
904 2315 993 2349 Nave,

210 2353 251 2380 vel
262 2353 308 2388 qui
321 2354 420 2382 exinde
439 2356 489 2384 hos
502 2360 576 2384 recte
589 2363 653 2385 sunt
666 2359 779 2391 sectati,
801 2361 843 2388 vel
862 2362 907 2396 qui
932 2362 994 2397 ipsi-

210 2400 264 2424 met
274 2397 414 2433 incepere;
425 2399 532 2433 judices
544 2421 552 2433 ,
569 2401 679 2436 inquam
689 2422 696 2432 .
709 2410 742 2430 ac
757 2411 834 2439 reges
847 2424 854 2436 ,
871 2405 913 2432 vel
924 2414 993 2441 quos

209 2442 327 2477 Spiritus
338 2449 451 2472 sanctus
467 2446 609 2481 inspiravit
624 2448 790 2482 prophetas,
808 2449 924 2485 illosque
946 2453 992 2487 qui

209 2489 279 2516 inter
291 2497 412 2518 summos
428 2492 571 2526 pontifices
583 2493 714 2528 inculpati
730 2495 873 2529 exsistere,
891 2497 992 2532 quique

206 2534 368 2563 traditiones
397 2537 483 2564 secuti
517 2538 585 2565 nihil
610 2539 806 2573 immutarunt,
837 2550 930 2570 verum
963 2543 989 2570 in

204 2585 357 2615 opportuna
378 2582 519 2611 Paschatis
538 2584 744 2618 observatione,
772 2591 802 2614 ut
826 2591 853 2615 et
879 2588 905 2616 in
927 2590 990 2617 aliis

204 2625 262 2652 suis
275 2625 469 2656 festivitatibus
479 2649 486 2661 ,
501 2636 709 2658 consenserunt.

239 2728 247 2744 ¹
259 2728 336 2757 Paul.
347 2739 420 2766 κων,
437 2733 482 2766 10,
501 2734 545 2762 11.
585 2736 594 2751 ¹
608 2734 692 2762 Eccli.
708 2745 754 2768 xx,
767 2737 812 2764 20.

1050 2267 1099 2304 ρὴς
1112 2268 1139 2294 δὲ
1154 2267 1232 2293 ἄλλον
1241 2267 1308 2302 (50),
1317 2267 1364 2293 καὶ
1377 2267 1430 2298 πᾶς
1445 2266 1518 2297 ὅστις
1529 2265 1625 2314 τολμᾷΣ
1639 2266 1668 2316 ἐχ
1684 2264 1773 2316 toti-tu).
1790 2263 1837 2316 καὶ

1048 2313 1163 2348 Μωῡοῆ,
1179 2312 1225 2339 τὸν
1240 2311 1397 2347 τηλικοῦτον
1409 2311 1562 2347 θεράποντα
1582 2309 1627 2336 τοῦ
1650 2309 1728 2340 Θεοῦ,
1745 2309 1835 2335 αἰτιᾶ-

1049 2358 1120 2391 σθαι,
1136 2359 1151 2394 ἢ
1165 2358 1210 2384 τὸν
1223 2357 1410 2393 διαδεξάμενον
1422 2357 1502 2383 αὐτὸν
1516 2355 1621 2392 ζΙησοῦν
1632 2355 1676 2382 τὸν
1687 2355 1732 2381 τοῦ
1744 2355 1834 2389 Ναυῆ.

1045 2404 1061 2439 ἢ
1086 2404 1148 2435 τοὺς
1171 2403 1287 2438 καθεξῆς
1309 2403 1371 2434 τοὺς
1390 2401 1419 2429 εὖ
1442 2401 1716 2438 παρηκολουθηκότας
1733 2400 1834 2431 αὐτῶν,

1045 2450 1093 2476 καὶ
1108 2449 1242 2485 ἄρξαντας
1253 2457 1259 2464 ·
1275 2449 1348 2483 λέγω
1362 2449 1401 2476 ἔτι
1416 2449 1477 2480 τοὺς
1490 2447 1594 2484 κριτὰς,
1608 2447 1728 2478 καὶτοὺς
1740 2454 1834 2480 φαινο-

1046 2498 1141 2532 μένους
1164 2496 1301 2531 βασιλέας,
1323 2496 1340 2531 ἢ
1365 2495 1416 2531 [δὲ]
1440 2496 1487 2522 καὶ
1509 2495 1571 2526 τοὺς
1592 2492 1832 2528 πνευματοιρόρους

1044 2543 1185 2577 προφήτας
1195 2551 1201 2557 '
1215 2542 1261 2568 καὶ
1278 2542 1316 2568 ἔτι
1335 2543 1397 2573 τοὺς
1412 2541 1572 2576 γενομένους
1589 2541 1617 2566 ἐν
1633 2538 1831 2589 αὑτοῖςάμέμ-

1041 2595 1125 2619 mou;
1137 2588 1280 2624 ἀρχιερέας
1291 2588 1372 2614 οῐσει·
1385 2587 1431 2614 καὶ
1442 2589 1502 2622 μη“”
1511 2595 1552 2613 σιν
1567 2585 1694 2621 ἑπόμενοι
1707 2584 1830 2611 ἀλλοιοῦν

1040 2642 1082 2667 γε,
1109 2635 1137 2660 ἐν
1161 2636 1193 2670 τῇ
1220 2633 1267 2661 τοῦ
1293 2634 1388 2669 Πάσχα
1408 2632 1630 2668 εὐκαιριμωτάτῃ
1645 2630 1829 2666 παραφυλακῇ

1041 2681 1219 2716 συνεφώνουν,
1229 2681 1268 2712 ὡς
1279 2680 1308 2707 ὲν
1320 2682 1379 2712 ταῖς
1392 2679 1485 2711 ἄλλαις
1501 2677 1590 2705 αὐτῶν
1604 2678 1721 2713 ἑορταῖς.

236 2802 407 2847 ςξξξὶὶεξιῐειορι
421 2806 527 2847 profert
539 2806 667 2847 Pgtavius
681 2807 896 2847 i_lt_Urano_l_ugio,
913 2818 974 2846 pag.
987 2811 1040 2839 215
1052 2819 1110 2847 seq.

316 2837 632 2878 ,Ἐμβολιιτμόνιηῐιξοτιο
642 2843 799 2878 ἐμϐόλιμον.
815 2837 893 2871 Enn;

237 2872 292 2907 (50)
316 2872 434 2900 Ἀλλον.
452 2872 515 2909 Leg.
530 2875 625 2907 ἄλλως.
