  <div class='ocr_page' id='page_1' title='image "/cluster/home/n/w/nwhite01/storage/ocr_20150623/18/njp.32101077772455/398.png"; bbox 0 0 1909 3069; ppageno 0'>
   <div class='ocr_carea' id='block_1_1' title="bbox 94 108 147 136">
    <p class='ocr_par' dir='ltr' id='par_1_1' title="bbox 94 108 147 136">
     <span class='ocr_line' id='line_1_1' title="bbox 94 108 147 136; baseline -0.019 -1"><span class='ocrx_word' id='word_1_1' title='bbox 94 108 147 136; x_wconf 75' lang='lat' dir='ltr'><strong>5H</strong></span> 
     </span>
    </p>
   </div>
   <div class='ocr_carea' id='block_1_2' title="bbox 801 114 1022 143">
    <p class='ocr_par' dir='ltr' id='par_1_2' title="bbox 801 114 1022 143">
     <span class='ocr_line' id='line_1_2' title="bbox 801 114 1022 143; baseline 0.009 -2"><span class='ocrx_word' id='word_1_2' title='bbox 801 114 1022 143; x_wconf 75' lang='lat' dir='ltr'><strong>FRAGMENTA.</strong></span> 
     </span>
    </p>
   </div>
   <div class='ocr_carea' id='block_1_3' title="bbox 1673 128 1725 156">
    <p class='ocr_par' dir='ltr' id='par_1_3' title="bbox 1673 128 1725 156">
     <span class='ocr_line' id='line_1_3' title="bbox 1673 128 1725 156; baseline 0.019 -1"><span class='ocrx_word' id='word_1_3' title='bbox 1673 128 1725 156; x_wconf 80' lang='grc'><strong>518</strong></span> 
     </span>
    </p>
   </div>
   <div class='ocr_carea' id='block_1_4' title="bbox 130 166 868 222">
    <p class='ocr_par' dir='ltr' id='par_1_4' title="bbox 130 166 868 210">
     <span class='ocr_line' id='line_1_4' title="bbox 130 166 868 210; baseline 0.009 -16"><span class='ocrx_word' id='word_1_4' title='bbox 130 166 178 195; x_wconf 76' lang='grc' dir='ltr'><strong>Ἣ.</strong></span> <span class='ocrx_word' id='word_1_5' title='bbox 200 168 254 195; x_wconf 79' lang='lat' dir='ltr'><strong>Kal</strong></span> <span class='ocrx_word' id='word_1_6' title='bbox 272 170 450 204; x_wconf 77' lang='grc' dir='ltr'>μεθ’ἒτερίι·</span> <span class='ocrx_word' id='word_1_7' title='bbox 466 172 545 198; x_wconf 81' lang='grc' dir='ltr'>Ὥστε</span> <span class='ocrx_word' id='word_1_8' title='bbox 567 173 612 198; x_wconf 76' lang='grc' dir='ltr'>ἐπὶ</span> <span class='ocrx_word' id='word_1_9' title='bbox 636 173 665 199; x_wconf 67' lang='grc' dir='ltr'><strong>τὸ</strong></span> <span class='ocrx_word' id='word_1_10' title='bbox 688 173 868 210; x_wconf 71' lang='grc' dir='ltr'>ἀκινδυνότερι</span> 
     </span>
    </p>
   </div>
   <div class='ocr_carea' id='block_1_5' title="bbox 919 166 1724 222">
    <p class='ocr_par' dir='ltr' id='par_1_5' title="bbox 919 174 1724 222">
     <span class='ocr_line' id='line_1_5' title="bbox 919 174 1724 222; baseline 0.016 -21"><span class='ocrx_word' id='word_1_11' title='bbox 919 192 925 209; x_wconf 54' lang='grc' dir='ltr'>λ</span> <span class='ocrx_word' id='word_1_12' title='bbox 975 174 1020 202; x_wconf 80' lang='lat' dir='ltr'><strong>Vl.</strong></span> <span class='ocrx_word' id='word_1_13' title='bbox 1040 175 1073 202; x_wconf 65' lang='lat' dir='ltr'><strong>In</strong></span> <span class='ocrx_word' id='word_1_14' title='bbox 1086 181 1144 210; x_wconf 84' lang='lat' dir='ltr'><strong>post</strong></span> <span class='ocrx_word' id='word_1_15' title='bbox 1160 177 1236 204; x_wconf 83' lang='lat' dir='ltr'><strong>alia:</strong></span> <span class='ocrx_word' id='word_1_16' title='bbox 1247 177 1299 206; x_wconf 88' lang='lat' dir='ltr'><strong>Sed</strong></span> <span class='ocrx_word' id='word_1_17' title='bbox 1317 183 1344 206; x_wconf 87' lang='lat' dir='ltr'><strong>et</strong></span> <span class='ocrx_word' id='word_1_18' title='bbox 1359 180 1444 208; x_wconf 89' lang='lat' dir='ltr'><strong>tutius</strong></span> <span class='ocrx_word' id='word_1_19' title='bbox 1460 182 1626 218; x_wconf 80' lang='lat' dir='ltr'><strong>suaviusque</strong></span> <span class='ocrx_word' id='word_1_20' title='bbox 1644 184 1724 222; x_wconf 83' lang='lat' dir='ltr'><strong>longe</strong></span> 
     </span>
    </p>
   </div>
   <div class='ocr_carea' id='block_1_6' title="bbox 96 214 886 256">
    <p class='ocr_par' dir='ltr' id='par_1_6' title="bbox 96 214 886 256">
     <span class='ocr_line' id='line_1_6' title="bbox 96 214 886 256; baseline 0.01 -17"><span class='ocrx_word' id='word_1_21' title='bbox 96 214 209 249; x_wconf 73' lang='grc' dir='ltr'>μᾶλλον,</span> <span class='ocrx_word' id='word_1_22' title='bbox 225 215 273 241; x_wconf 78' lang='grc' dir='ltr'>καὶ</span> <span class='ocrx_word' id='word_1_23' title='bbox 288 216 473 252; x_wconf 76' lang='grc' dir='ltr'><strong>εὐφημότερον</strong></span> <span class='ocrx_word' id='word_1_24' title='bbox 490 219 572 254; x_wconf 81' lang='grc' dir='ltr'><strong>ἐχρῆν</strong></span> <span class='ocrx_word' id='word_1_25' title='bbox 583 219 775 255; x_wconf 79' lang='grc' dir='ltr'><strong>καταδραμεῖν,</strong></span> <span class='ocrx_word' id='word_1_26' title='bbox 790 221 836 247; x_wconf 75' lang='grc' dir='ltr'>καὶ</span> <span class='ocrx_word' id='word_1_27' title='bbox 850 221 886 256; x_wconf 82' lang='grc' dir='ltr'>μὴ</span> 
     </span>
    </p>
   </div>
   <div class='ocr_carea' id='block_1_7' title="bbox 96 260 886 302">
    <p class='ocr_par' dir='ltr' id='par_1_7' title="bbox 96 260 886 302">
     <span class='ocr_line' id='line_1_7' title="bbox 96 260 886 302; baseline 0.01 -17"><span class='ocrx_word' id='word_1_28' title='bbox 96 260 292 295; x_wconf 58' lang='grc' dir='ltr'>ῥιψοκινδύνως</span> <span class='ocrx_word' id='word_1_29' title='bbox 310 262 357 288; x_wconf 85' lang='grc' dir='ltr'>καὶ</span> <span class='ocrx_word' id='word_1_30' title='bbox 370 262 517 298; x_wconf 82' lang='grc' dir='ltr'>δυσφήμως</span> <span class='ocrx_word' id='word_1_31' title='bbox 533 264 658 299; x_wconf 76' lang='grc' dir='ltr'><strong>γράφειν,</strong></span> <span class='ocrx_word' id='word_1_32' title='bbox 680 265 720 292; x_wconf 83' lang='grc' dir='ltr'>ὅτι</span> <span class='ocrx_word' id='word_1_33' title='bbox 741 266 788 292; x_wconf 76' lang='grc' dir='ltr'><strong>ἀπ’</strong></span> <span class='ocrx_word' id='word_1_34' title='bbox 800 267 886 302; x_wconf 83' lang='grc' dir='ltr'>ἀρχῆς</span> 
     </span>
    </p>
   </div>
   <div class='ocr_carea' id='block_1_8' title="bbox 96 307 884 348">
    <p class='ocr_par' dir='ltr' id='par_1_8' title="bbox 96 307 884 348">
     <span class='ocr_line' id='line_1_8' title="bbox 96 307 884 348; baseline 0.009 -16"><span class='ocrx_word' id='word_1_35' title='bbox 96 307 144 332; x_wconf 70' lang='grc' dir='ltr'>καὶ</span> <span class='ocrx_word' id='word_1_36' title='bbox 165 307 209 333; x_wconf 82' lang='grc' dir='ltr'><strong>ἀεὶ</strong></span> <span class='ocrx_word' id='word_1_37' title='bbox 224 307 364 341; x_wconf 77' lang='grc' dir='ltr'>φαίνονται</span> <span class='ocrx_word' id='word_1_38' title='bbox 381 310 444 345; x_wconf 78' lang='grc' dir='ltr'>περὶ</span> <span class='ocrx_word' id='word_1_39' title='bbox 458 309 487 336; x_wconf 76' lang='grc' dir='ltr'><strong>τὸ</strong></span> <span class='ocrx_word' id='word_1_40' title='bbox 503 310 597 345; x_wconf 78' lang='grc' dir='ltr'>Πάσχα</span> <span class='ocrx_word' id='word_1_41' title='bbox 612 311 780 347; x_wconf 88' lang='grc' dir='ltr'>πλανώμενοι</span> <span class='ocrx_word' id='word_1_42' title='bbox 790 321 797 327; x_wconf 93' lang='grc'>·</span> <span class='ocrx_word' id='word_1_43' title='bbox 817 313 884 348; x_wconf 78' lang='grc' dir='ltr'>ὅπερ</span> 
     </span>
    </p>
   </div>
   <div class='ocr_carea' id='block_1_9' title="bbox 94 351 884 393">
    <p class='ocr_par' dir='ltr' id='par_1_9' title="bbox 94 351 884 393">
     <span class='ocr_line' id='line_1_9' title="bbox 94 351 884 393; baseline 0.01 -17"><span class='ocrx_word' id='word_1_44' title='bbox 94 351 145 377; x_wconf 75' lang='grc' dir='ltr'>οὐκ</span> <span class='ocrx_word' id='word_1_45' title='bbox 160 351 233 385; x_wconf 81' lang='grc' dir='ltr'>ἔχεις</span> <span class='ocrx_word' id='word_1_46' title='bbox 255 352 350 386; x_wconf 80' lang='grc' dir='ltr'>δεῖξαι,</span> <span class='ocrx_word' id='word_1_47' title='bbox 374 354 459 380; x_wconf 79' lang='grc' dir='ltr'>ὁπόσα</span> <span class='ocrx_word' id='word_1_48' title='bbox 482 354 532 381; x_wconf 75' lang='grc' dir='ltr'>κᾶν</span> <span class='ocrx_word' id='word_1_49' title='bbox 549 355 629 390; x_wconf 76' lang='grc' dir='ltr'>θέλῃς</span> <span class='ocrx_word' id='word_1_50' title='bbox 649 356 815 393; x_wconf 77' lang='grc' dir='ltr'><strong>δημηγορεῖν</strong></span> <span class='ocrx_word' id='word_1_51' title='bbox 828 359 884 389; x_wconf 85' lang='grc' dir='ltr'>τοῖς</span> 
     </span>
    </p>
   </div>
   <div class='ocr_carea' id='block_1_10' title="bbox 94 397 882 437">
    <p class='ocr_par' dir='ltr' id='par_1_10' title="bbox 94 397 882 437">
     <span class='ocr_line' id='line_1_10' title="bbox 94 397 882 437; baseline 0.01 -16"><span class='ocrx_word' id='word_1_52' title='bbox 94 397 155 421; x_wconf 80' lang='grc' dir='ltr'>νυνὶ</span> <span class='ocrx_word' id='word_1_53' title='bbox 178 397 250 424; x_wconf 81' lang='grc' dir='ltr'>κατὰ</span> <span class='ocrx_word' id='word_1_54' title='bbox 272 398 372 433; x_wconf 80' lang='grc' dir='ltr'>πολλὴν</span> <span class='ocrx_word' id='word_1_55' title='bbox 397 399 510 434; x_wconf 84' lang='grc' dir='ltr'>πλάνην,</span> <span class='ocrx_word' id='word_1_56' title='bbox 533 400 582 435; x_wconf 83' lang='grc' dir='ltr'>τῆς</span> <span class='ocrx_word' id='word_1_57' title='bbox 604 409 633 426; x_wconf 84' lang='grc' dir='ltr'><strong>τε</strong></span> <span class='ocrx_word' id='word_1_58' title='bbox 659 402 818 437; x_wconf 82' lang='grc' dir='ltr'>νομοθεσίας</span> <span class='ocrx_word' id='word_1_59' title='bbox 835 403 882 429; x_wconf 81' lang='grc' dir='ltr'>τοῦ</span> 
     </span>
    </p>
   </div>
   <div class='ocr_carea' id='block_1_11' title="bbox 94 441 882 485">
    <p class='ocr_par' dir='ltr' id='par_1_11' title="bbox 94 441 882 485">
     <span class='ocr_line' id='line_1_11' title="bbox 94 441 882 485; baseline 0.01 -18"><span class='ocrx_word' id='word_1_60' title='bbox 94 441 192 477; x_wconf 72' lang='grc' dir='ltr'>Πάσχα</span> <span class='ocrx_word' id='word_1_61' title='bbox 213 443 260 469; x_wconf 78' lang='grc' dir='ltr'>καὶ</span> <span class='ocrx_word' id='word_1_62' title='bbox 281 444 336 470; x_wconf 84' lang='grc' dir='ltr'><strong>τῶν</strong></span> <span class='ocrx_word' id='word_1_63' title='bbox 357 444 443 471; x_wconf 76' lang='grc' dir='ltr'>ἄλλων</span> <span class='ocrx_word' id='word_1_64' title='bbox 462 446 660 472; x_wconf 78' lang='grc' dir='ltr'>ἐκπεπτωκόσι.</span> <span class='ocrx_word' id='word_1_65' title='bbox 675 447 815 475; x_wconf 79' lang='grc' dir='ltr'>Φαίνονται</span> <span class='ocrx_word' id='word_1_66' title='bbox 829 448 882 485; x_wconf 82' lang='grc' dir='ltr'><strong>γὰρ</strong></span> 
     </span>
    </p>
   </div>
   <div class='ocr_carea' id='block_1_12' title="bbox 92 487 879 527">
    <p class='ocr_par' dir='ltr' id='par_1_12' title="bbox 92 487 879 527">
     <span class='ocr_line' id='line_1_12' title="bbox 92 487 879 527; baseline 0.01 -14"><span class='ocrx_word' id='word_1_67' title='bbox 92 487 118 513; x_wconf 82' lang='grc' dir='ltr'>οι</span> <span class='ocrx_word' id='word_1_68' title='bbox 141 488 227 515; x_wconf 76' lang='grc' dir='ltr'>πάλαι</span> <span class='ocrx_word' id='word_1_69' title='bbox 254 489 323 524; x_wconf 84' lang='grc' dir='ltr'>μετὰ</span> <span class='ocrx_word' id='word_1_70' title='bbox 344 490 453 526; x_wconf 77' lang='grc' dir='ltr'>ἐαρινὴν</span> <span class='ocrx_word' id='word_1_71' title='bbox 479 491 621 527; x_wconf 75' lang='grc' dir='ltr'>ἰσημερίαν</span> <span class='ocrx_word' id='word_1_72' title='bbox 637 492 702 519; x_wconf 82' lang='grc' dir='ltr'>αὐτὸ</span> <span class='ocrx_word' id='word_1_73' title='bbox 722 494 879 526; x_wconf 74' lang='grc' dir='ltr'>ποιοῦντες·</span> 
     </span>
    </p>
   </div>
   <div class='ocr_carea' id='block_1_13' title="bbox 92 535 881 578">
    <p class='ocr_par' dir='ltr' id='par_1_13' title="bbox 92 535 881 578">
     <span class='ocr_line' id='line_1_13' title="bbox 92 535 881 578; baseline 0.008 -16"><span class='ocrx_word' id='word_1_74' title='bbox 92 535 162 571; x_wconf 82' lang='grc' dir='ltr'>ὅπερ</span> <span class='ocrx_word' id='word_1_75' title='bbox 189 536 300 564; x_wconf 84' lang='grc' dir='ltr'>δύνασαι</span> <span class='ocrx_word' id='word_1_76' title='bbox 320 537 420 571; x_wconf 84' lang='grc' dir='ltr'>γνῶναι</span> <span class='ocrx_word' id='word_1_77' title='bbox 444 537 561 573; x_wconf 81' lang='grc' dir='ltr'>ἐντυχὼν</span> <span class='ocrx_word' id='word_1_78' title='bbox 591 540 801 576; x_wconf 76' lang='grc' dir='ltr'>συγγράμμασιν</span> <span class='ocrx_word' id='word_1_79' title='bbox 833 542 881 578; x_wconf 84' lang='grc' dir='ltr'><strong>ἀρ-</strong></span> 
     </span>
    </p>
   </div>
   <div class='ocr_carea' id='block_1_14' title="bbox 92 579 880 622">
    <p class='ocr_par' dir='ltr' id='par_1_14' title="bbox 92 579 880 622">
     <span class='ocr_line' id='line_1_14' title="bbox 92 579 880 622; baseline 0.009 -15"><span class='ocrx_word' id='word_1_80' title='bbox 92 581 193 616; x_wconf 79' lang='grc' dir='ltr'>χαίοις,</span> <span class='ocrx_word' id='word_1_81' title='bbox 217 579 257 614; x_wconf 76' lang='grc' dir='ltr'>οἷς</span> <span class='ocrx_word' id='word_1_82' title='bbox 281 583 397 618; x_wconf 83' lang='grc' dir='ltr'>μάλιστα</span> <span class='ocrx_word' id='word_1_83' title='bbox 420 583 606 619; x_wconf 80' lang='grc' dir='ltr'>ἀνεγράψαντο</span> <span class='ocrx_word' id='word_1_84' title='bbox 629 586 652 612; x_wconf 80' lang='grc' dir='ltr'><strong>οἱ</strong></span> <span class='ocrx_word' id='word_1_85' title='bbox 666 587 729 622; x_wconf 83' lang='grc' dir='ltr'>παρ’</span> <span class='ocrx_word' id='word_1_86' title='bbox 748 587 880 622; x_wconf 79' lang='grc' dir='ltr'>Ἑϐραίοις</span> 
     </span>
    </p>
   </div>
   <div class='ocr_carea' id='block_1_15' title="bbox 93 627 256 662">
    <p class='ocr_par' dir='ltr' id='par_1_15' title="bbox 93 627 256 662">
     <span class='ocr_line' id='line_1_15' title="bbox 93 627 256 662; baseline 0.006 -9"><span class='ocrx_word' id='word_1_87' title='bbox 93 627 171 661; x_wconf 79' lang='grc' dir='ltr'>σοφοί</span> <span class='ocrx_word' id='word_1_88' title='bbox 188 627 256 662; x_wconf 80' lang='grc'><strong>(31).</strong></span> 
     </span>
    </p>
   </div>
   <div class='ocr_carea' id='block_1_16' title="bbox 127 671 879 713">
    <p class='ocr_par' dir='ltr' id='par_1_16' title="bbox 127 671 879 713">
     <span class='ocr_line' id='line_1_16' title="bbox 127 671 879 713; baseline 0.009 -14"><span class='ocrx_word' id='word_1_89' title='bbox 127 673 187 699; x_wconf 75' lang='lat' dir='ltr'><strong>VII.</strong></span> <span class='ocrx_word' id='word_1_90' title='bbox 209 674 271 700; x_wconf 86' lang='grc' dir='ltr'>Ὅτι</span> <span class='ocrx_word' id='word_1_91' title='bbox 285 673 332 709; x_wconf 82' lang='grc' dir='ltr'>μὲν</span> <span class='ocrx_word' id='word_1_92' title='bbox 343 671 390 701; x_wconf 80' lang='grc' dir='ltr'>οὖν</span> <span class='ocrx_word' id='word_1_93' title='bbox 404 675 483 711; x_wconf 83' lang='grc' dir='ltr'>μέχρι</span> <span class='ocrx_word' id='word_1_94' title='bbox 499 676 545 703; x_wconf 82' lang='grc' dir='ltr'>τοῦ</span> <span class='ocrx_word' id='word_1_95' title='bbox 560 678 697 713; x_wconf 83' lang='grc' dir='ltr'>Κυριακοῦ</span> <span class='ocrx_word' id='word_1_96' title='bbox 710 678 821 711; x_wconf 83' lang='grc' dir='ltr'><strong>πάθους,</strong></span> <span class='ocrx_word' id='word_1_97' title='bbox 832 679 879 706; x_wconf 83' lang='grc' dir='ltr'><strong>ἀλ-</strong></span> 
     </span>
    </p>
   </div>
   <div class='ocr_carea' id='block_1_17' title="bbox 90 719 878 760">
    <p class='ocr_par' dir='ltr' id='par_1_17' title="bbox 90 719 878 760">
     <span class='ocr_line' id='line_1_17' title="bbox 90 719 878 760; baseline 0.008 -15"><span class='ocrx_word' id='word_1_98' title='bbox 90 719 124 745; x_wconf 74' lang='grc' dir='ltr'><strong>λὰ</strong></span> <span class='ocrx_word' id='word_1_99' title='bbox 139 719 188 746; x_wconf 80' lang='grc' dir='ltr'><strong>καὶ</strong></span> <span class='ocrx_word' id='word_1_100' title='bbox 203 719 250 746; x_wconf 80' lang='grc' dir='ltr'><strong>ἐπὶ</strong></span> <span class='ocrx_word' id='word_1_101' title='bbox 263 719 312 754; x_wconf 80' lang='grc' dir='ltr'>τῆς</span> <span class='ocrx_word' id='word_1_102' title='bbox 331 721 448 757; x_wconf 78' lang='grc' dir='ltr'><strong>ὑστάτης</strong></span> <span class='ocrx_word' id='word_1_103' title='bbox 464 721 591 754; x_wconf 82' lang='grc' dir='ltr'><strong>ἁλώσεως</strong></span> <span class='ocrx_word' id='word_1_104' title='bbox 612 723 812 759; x_wconf 80' lang='grc' dir='ltr'>Ἰεροσολύμων,</span> <span class='ocrx_word' id='word_1_105' title='bbox 827 725 878 760; x_wconf 85' lang='grc' dir='ltr'>τῆς</span> 
     </span>
    </p>
   </div>
   <div class='ocr_carea' id='block_1_18' title="bbox 89 765 875 804">
    <p class='ocr_par' dir='ltr' id='par_1_18' title="bbox 89 765 875 804">
     <span class='ocr_line' id='line_1_18' title="bbox 89 765 875 804; baseline 0.009 -14"><span class='ocrx_word' id='word_1_106' title='bbox 89 765 240 800; x_wconf 78' lang='grc' dir='ltr'>γενομένης</span> <span class='ocrx_word' id='word_1_107' title='bbox 264 765 308 791; x_wconf 76' lang='grc' dir='ltr'><strong>ἐπὶ</strong></span> <span class='ocrx_word' id='word_1_108' title='bbox 334 767 537 794; x_wconf 81' lang='grc' dir='ltr'>Οὐεσπασιανοῦ</span> <span class='ocrx_word' id='word_1_109' title='bbox 572 768 703 803; x_wconf 84' lang='grc' dir='ltr'>βασιλέως</span> <span class='ocrx_word' id='word_1_110' title='bbox 722 770 875 804; x_wconf 89' lang='grc' dir='ltr'>Ῥωμαίων,</span> 
     </span>
    </p>
   </div>
   <div class='ocr_carea' id='block_1_19' title="bbox 88 810 876 853">
    <p class='ocr_par' dir='ltr' id='par_1_19' title="bbox 88 810 876 853">
     <span class='ocr_line' id='line_1_19' title="bbox 88 810 876 853; baseline 0.01 -16"><span class='ocrx_word' id='word_1_111' title='bbox 88 810 217 842; x_wconf 79' lang='grc' dir='ltr'>ἀπλανῶς</span> <span class='ocrx_word' id='word_1_112' title='bbox 231 810 333 838; x_wconf 80' lang='grc' dir='ltr'><strong>τάττων</strong></span> <span class='ocrx_word' id='word_1_113' title='bbox 349 812 397 846; x_wconf 75' lang='grc' dir='ltr'>τὴν</span> <span class='ocrx_word' id='word_1_114' title='bbox 412 812 440 838; x_wconf 71' lang='grc' dir='ltr'>ιδ’</span> <span class='ocrx_word' id='word_1_115' title='bbox 456 813 502 839; x_wconf 81' lang='grc' dir='ltr'>τοῦ</span> <span class='ocrx_word' id='word_1_116' title='bbox 518 813 625 849; x_wconf 82' lang='grc' dir='ltr'>πρώτου</span> <span class='ocrx_word' id='word_1_117' title='bbox 641 817 725 851; x_wconf 84' lang='grc' dir='ltr'>μηνὸς</span> <span class='ocrx_word' id='word_1_118' title='bbox 736 817 785 853; x_wconf 83' lang='grc' dir='ltr'>τῆς</span> <span class='ocrx_word' id='word_1_119' title='bbox 802 817 876 852; x_wconf 80' lang='grc' dir='ltr'>σελή-</span> 
     </span>
    </p>
   </div>
   <div class='ocr_carea' id='block_1_20' title="bbox 88 856 910 899">
    <p class='ocr_par' dir='ltr' id='par_1_20' title="bbox 88 856 910 899">
     <span class='ocr_line' id='line_1_20' title="bbox 88 856 910 899; baseline 0.012 -18"><span class='ocrx_word' id='word_1_120' title='bbox 88 865 136 892; x_wconf 87' lang='grc' dir='ltr'><strong>νης</strong></span> <span class='ocrx_word' id='word_1_121' title='bbox 156 856 171 882; x_wconf 81' lang='grc' dir='ltr'><strong>ό</strong></span> <span class='ocrx_word' id='word_1_122' title='bbox 191 857 360 893; x_wconf 81' lang='grc' dir='ltr'>’Ῑσραηλίτης</span> <span class='ocrx_word' id='word_1_123' title='bbox 373 858 436 890; x_wconf 80' lang='grc' dir='ltr'>λαὸς</span> <span class='ocrx_word' id='word_1_124' title='bbox 452 859 482 885; x_wconf 81' lang='grc' dir='ltr'>τὸ</span> <span class='ocrx_word' id='word_1_125' title='bbox 504 860 613 894; x_wconf 86' lang='grc' dir='ltr'>νομικὸν</span> <span class='ocrx_word' id='word_1_126' title='bbox 634 861 753 897; x_wconf 81' lang='grc' dir='ltr'><strong>ἑώρταζε</strong></span> <span class='ocrx_word' id='word_1_127' title='bbox 768 863 873 899; x_wconf 82' lang='grc' dir='ltr'><strong>Πάσχα,</strong></span> <span class='ocrx_word' id='word_1_128' title='bbox 890 872 910 899; x_wconf 80' lang='grc' dir='ltr'><strong><em>Β</em></strong></span> 
     </span>
    </p>
   </div>
   <div class='ocr_carea' id='block_1_21' title="bbox 86 901 874 943">
    <p class='ocr_par' dir='ltr' id='par_1_21' title="bbox 86 901 874 943">
     <span class='ocr_line' id='line_1_21' title="bbox 86 901 874 943; baseline 0.011 -15"><span class='ocrx_word' id='word_1_129' title='bbox 86 901 131 929; x_wconf 79' lang='grc' dir='ltr'><strong>διὰ</strong></span> <span class='ocrx_word' id='word_1_130' title='bbox 143 902 246 929; x_wconf 85' lang='grc' dir='ltr'>τούτων</span> <span class='ocrx_word' id='word_1_131' title='bbox 259 903 398 939; x_wconf 83' lang='grc' dir='ltr'>συντόμως</span> <span class='ocrx_word' id='word_1_132' title='bbox 411 905 609 933; x_wconf 82' lang='grc' dir='ltr'>ἀποδέδεικται.</span> <span class='ocrx_word' id='word_1_133' title='bbox 620 907 680 934; x_wconf 84' lang='grc' dir='ltr'>Τῶν</span> <span class='ocrx_word' id='word_1_134' title='bbox 695 908 775 943; x_wconf 82' lang='grc' dir='ltr'>ιερῶν</span> <span class='ocrx_word' id='word_1_135' title='bbox 785 909 874 936; x_wconf 88' lang='grc' dir='ltr'>τοίνυν</span> 
     </span>
    </p>
   </div>
   <div class='ocr_carea' id='block_1_22' title="bbox 87 949 874 988">
    <p class='ocr_par' dir='ltr' id='par_1_22' title="bbox 87 949 874 988">
     <span class='ocr_line' id='line_1_22' title="bbox 87 949 874 988; baseline 0.011 -13"><span class='ocrx_word' id='word_1_136' title='bbox 87 949 246 984; x_wconf 74' lang='grc' dir='ltr'>προφητῶν,</span> <span class='ocrx_word' id='word_1_137' title='bbox 263 949 310 976; x_wconf 81' lang='grc' dir='ltr'>καὶ</span> <span class='ocrx_word' id='word_1_138' title='bbox 321 949 438 982; x_wconf 82' lang='grc' dir='ltr'>πάντων,</span> <span class='ocrx_word' id='word_1_139' title='bbox 450 951 486 982; x_wconf 80' lang='grc' dir='ltr'>ὡς</span> <span class='ocrx_word' id='word_1_140' title='bbox 499 951 576 988; x_wconf 78' lang='grc' dir='ltr'>ἔφην,</span> <span class='ocrx_word' id='word_1_141' title='bbox 592 954 658 988; x_wconf 82' lang='grc' dir='ltr'>ὁμοῦ</span> <span class='ocrx_word' id='word_1_142' title='bbox 670 954 724 982; x_wconf 86' lang='grc' dir='ltr'><strong>τῶν</strong></span> <span class='ocrx_word' id='word_1_143' title='bbox 739 956 818 988; x_wconf 79' lang='grc' dir='ltr'>ὁσίως</span> <span class='ocrx_word' id='word_1_144' title='bbox 828 957 874 984; x_wconf 76' lang='grc' dir='ltr'>καὶ</span> 
     </span>
    </p>
   </div>
   <div class='ocr_carea' id='block_1_23' title="bbox 85 993 874 1035">
    <p class='ocr_par' dir='ltr' id='par_1_23' title="bbox 85 993 874 1035">
     <span class='ocr_line' id='line_1_23' title="bbox 85 993 874 1035; baseline 0.014 -17"><span class='ocrx_word' id='word_1_145' title='bbox 85 993 199 1025; x_wconf 78' lang='grc' dir='ltr'>δικαίως</span> <span class='ocrx_word' id='word_1_146' title='bbox 225 995 254 1020; x_wconf 85' lang='grc' dir='ltr'>ὲν</span> <span class='ocrx_word' id='word_1_147' title='bbox 278 993 317 1029; x_wconf 83' lang='grc' dir='ltr'>τῷ</span> <span class='ocrx_word' id='word_1_148' title='bbox 341 995 416 1030; x_wconf 85' lang='grc' dir='ltr'>νόμῳ</span> <span class='ocrx_word' id='word_1_149' title='bbox 441 997 543 1032; x_wconf 85' lang='grc' dir='ltr'>Κυρίου</span> <span class='ocrx_word' id='word_1_150' title='bbox 567 998 800 1035; x_wconf 81' lang='grc' dir='ltr'>πολιτευσαμένων</span> <span class='ocrx_word' id='word_1_151' title='bbox 826 1002 874 1029; x_wconf 83' lang='grc' dir='ltr'><strong>σὺν</strong></span> 
     </span>
    </p>
   </div>
   <div class='ocr_carea' id='block_1_24' title="bbox 86 1037 874 1082">
    <p class='ocr_par' dir='ltr' id='par_1_24' title="bbox 86 1037 874 1082">
     <span class='ocr_line' id='line_1_24' title="bbox 86 1037 874 1082; baseline 0.013 -19"><span class='ocrx_word' id='word_1_152' title='bbox 86 1037 169 1064; x_wconf 71' lang='grc' dir='ltr'>παντὶ</span> <span class='ocrx_word' id='word_1_153' title='bbox 182 1038 221 1073; x_wconf 86' lang='grc' dir='ltr'>τῷ</span> <span class='ocrx_word' id='word_1_154' title='bbox 235 1038 290 1074; x_wconf 86' lang='grc' dir='ltr'>λαῷ</span> <span class='ocrx_word' id='word_1_155' title='bbox 304 1038 334 1065; x_wconf 82' lang='grc' dir='ltr'><strong>τὸ</strong></span> <span class='ocrx_word' id='word_1_156' title='bbox 351 1040 465 1066; x_wconf 80' lang='grc' dir='ltr'>τυπικὺν</span> <span class='ocrx_word' id='word_1_157' title='bbox 479 1041 526 1067; x_wconf 78' lang='grc' dir='ltr'><strong>καὶ</strong></span> <span class='ocrx_word' id='word_1_158' title='bbox 544 1042 656 1075; x_wconf 84' lang='grc' dir='ltr'>σκιῶδες</span> <span class='ocrx_word' id='word_1_159' title='bbox 671 1044 766 1080; x_wconf 81' lang='grc' dir='ltr'><strong>Πάσχα</strong></span> <span class='ocrx_word' id='word_1_160' title='bbox 780 1046 874 1082; x_wconf 78' lang='grc' dir='ltr'>ἑορτα-</span> 
     </span>
    </p>
   </div>
   <div class='ocr_carea' id='block_1_25' title="bbox 87 1082 874 1128">
    <p class='ocr_par' dir='ltr' id='par_1_25' title="bbox 87 1082 874 1128">
     <span class='ocr_line' id='line_1_25' title="bbox 87 1082 874 1128; baseline 0.011 -19"><span class='ocrx_word' id='word_1_161' title='bbox 87 1082 197 1115; x_wconf 78' lang='grc' dir='ltr'>ζόντων,</span> <span class='ocrx_word' id='word_1_162' title='bbox 212 1084 226 1110; x_wconf 85' lang='grc' dir='ltr'><em>ὁ</em></span> <span class='ocrx_word' id='word_1_163' title='bbox 248 1084 337 1119; x_wconf 78' lang='grc' dir='ltr'>πάσης</span> <span class='ocrx_word' id='word_1_164' title='bbox 358 1085 472 1120; x_wconf 86' lang='grc' dir='ltr'>ἀοράτου</span> <span class='ocrx_word' id='word_1_165' title='bbox 500 1086 546 1112; x_wconf 75' lang='grc' dir='ltr'><strong>καὶ</strong></span> <span class='ocrx_word' id='word_1_166' title='bbox 567 1088 668 1123; x_wconf 82' lang='grc' dir='ltr'>ὁρατῆς</span> <span class='ocrx_word' id='word_1_167' title='bbox 691 1089 805 1123; x_wconf 82' lang='grc' dir='ltr'>κτίσεως</span> <span class='ocrx_word' id='word_1_168' title='bbox 827 1092 874 1128; x_wconf 90' lang='grc' dir='ltr'>δη-</span> 
     </span>
    </p>
   </div>
   <div class='ocr_carea' id='block_1_26' title="bbox 87 1129 872 1171">
    <p class='ocr_par' dir='ltr' id='par_1_26' title="bbox 87 1129 872 1171">
     <span class='ocr_line' id='line_1_26' title="bbox 87 1129 872 1171; baseline 0.011 -16"><span class='ocrx_word' id='word_1_169' title='bbox 87 1129 217 1165; x_wconf 74' lang='grc' dir='ltr'>μιουργὸς</span> <span class='ocrx_word' id='word_1_170' title='bbox 231 1130 278 1157; x_wconf 80' lang='grc' dir='ltr'>καὶ</span> <span class='ocrx_word' id='word_1_171' title='bbox 291 1130 432 1166; x_wconf 81' lang='grc' dir='ltr'>δεσπότης,</span> <span class='ocrx_word' id='word_1_172' title='bbox 450 1131 464 1157; x_wconf 85' lang='grc' dir='ltr'><em>ὁ</em></span> <span class='ocrx_word' id='word_1_173' title='bbox 479 1133 624 1169; x_wconf 80' lang='grc' dir='ltr'>μονογενὴς</span> <span class='ocrx_word' id='word_1_174' title='bbox 641 1133 714 1167; x_wconf 81' lang='grc' dir='ltr'>Υἱὸς,</span> <span class='ocrx_word' id='word_1_175' title='bbox 727 1137 774 1162; x_wconf 84' lang='grc' dir='ltr'>καὶ</span> <span class='ocrx_word' id='word_1_176' title='bbox 787 1137 872 1171; x_wconf 86' lang='grc' dir='ltr'>Λόγος</span> 
     </span>
    </p>
   </div>
   <div class='ocr_carea' id='block_1_27' title="bbox 85 1173 872 1212">
    <p class='ocr_par' dir='ltr' id='par_1_27' title="bbox 85 1173 872 1212">
     <span class='ocr_line' id='line_1_27' title="bbox 85 1173 872 1212; baseline 0.01 -13"><span class='ocrx_word' id='word_1_177' title='bbox 85 1173 99 1199; x_wconf 86' lang='grc' dir='ltr'><strong>ὁ</strong></span> <span class='ocrx_word' id='word_1_178' title='bbox 120 1174 160 1209; x_wconf 83' lang='grc' dir='ltr'>τῷ</span> <span class='ocrx_word' id='word_1_179' title='bbox 180 1174 271 1210; x_wconf 75' lang='grc' dir='ltr'>Πατρὶ</span> <span class='ocrx_word' id='word_1_180' title='bbox 295 1175 341 1202; x_wconf 75' lang='grc' dir='ltr'><strong>καὶ</strong></span> <span class='ocrx_word' id='word_1_181' title='bbox 365 1176 405 1211; x_wconf 86' lang='grc' dir='ltr'>τῷ</span> <span class='ocrx_word' id='word_1_182' title='bbox 424 1176 494 1211; x_wconf 82' lang='grc' dir='ltr'>ἁγίῳ</span> <span class='ocrx_word' id='word_1_183' title='bbox 510 1176 649 1212; x_wconf 86' lang='grc' dir='ltr'>Πνεὺματι</span> <span class='ocrx_word' id='word_1_184' title='bbox 666 1179 808 1212; x_wconf 70' lang='grc' dir='ltr'>ωναῖδιος,</span> <span class='ocrx_word' id='word_1_185' title='bbox 826 1181 872 1207; x_wconf 72' lang='grc' dir='ltr'>καὶ</span> 
     </span>
    </p>
   </div>
   <div class='ocr_carea' id='block_1_28' title="bbox 85 1217 871 1260">
    <p class='ocr_par' dir='ltr' id='par_1_28' title="bbox 85 1217 871 1260">
     <span class='ocr_line' id='line_1_28' title="bbox 85 1217 871 1260; baseline 0.013 -17"><span class='ocrx_word' id='word_1_186' title='bbox 85 1217 226 1253; x_wconf 75' lang='grc' dir='ltr'>ὀμοοὺσιος</span> <span class='ocrx_word' id='word_1_187' title='bbox 248 1219 318 1246; x_wconf 84' lang='grc' dir='ltr'>κατὰ</span> <span class='ocrx_word' id='word_1_188' title='bbox 343 1219 392 1255; x_wconf 78' lang='grc' dir='ltr'>τὴν</span> <span class='ocrx_word' id='word_1_189' title='bbox 412 1220 534 1256; x_wconf 84' lang='grc' dir='ltr'>θεότητα,</span> <span class='ocrx_word' id='word_1_190' title='bbox 555 1223 569 1248; x_wconf 87' lang='grc' dir='ltr'>ὁ</span> <span class='ocrx_word' id='word_1_191' title='bbox 589 1222 690 1258; x_wconf 86' lang='grc' dir='ltr'>Κύριος</span> <span class='ocrx_word' id='word_1_192' title='bbox 713 1225 800 1260; x_wconf 86' lang='grc' dir='ltr'>ἡμῶν,</span> <span class='ocrx_word' id='word_1_193' title='bbox 825 1227 871 1253; x_wconf 78' lang='grc' dir='ltr'><strong>καὶ</strong></span> 
     </span>
    </p>
   </div>
   <div class='ocr_carea' id='block_1_29' title="bbox 84 1262 870 1304">
    <p class='ocr_par' dir='ltr' id='par_1_29' title="bbox 84 1262 870 1304">
     <span class='ocr_line' id='line_1_29' title="bbox 84 1262 870 1304; baseline 0.013 -15"><span class='ocrx_word' id='word_1_194' title='bbox 84 1262 149 1294; x_wconf 73' lang='grc' dir='ltr'>Θεὸς</span> <span class='ocrx_word' id='word_1_195' title='bbox 168 1263 297 1299; x_wconf 79' lang='grc' dir='ltr'><strong>Ἰησοῦςό</strong></span> <span class='ocrx_word' id='word_1_196' title='bbox 319 1265 444 1301; x_wconf 80' lang='grc' dir='ltr'>Χριστὸς,</span> <span class='ocrx_word' id='word_1_197' title='bbox 471 1267 516 1294; x_wconf 75' lang='grc' dir='ltr'><strong>ἐπὶ</strong></span> <span class='ocrx_word' id='word_1_198' title='bbox 538 1268 677 1304; x_wconf 83' lang='grc' dir='ltr'>συντελείᾳ</span> <span class='ocrx_word' id='word_1_199' title='bbox 699 1269 752 1296; x_wconf 90' lang='grc' dir='ltr'><strong>τῶν</strong></span> <span class='ocrx_word' id='word_1_200' title='bbox 766 1269 870 1299; x_wconf 77' lang='grc' dir='ltr'>αἰώνων</span> 
     </span>
    </p>
   </div>
   <div class='ocr_carea' id='block_1_30' title="bbox 84 1309 870 1352">
    <p class='ocr_par' dir='ltr' id='par_1_30' title="bbox 84 1309 870 1352">
     <span class='ocr_line' id='line_1_30' title="bbox 84 1309 870 1352; baseline 0.01 -17"><span class='ocrx_word' id='word_1_201' title='bbox 84 1309 153 1336; x_wconf 74' lang='grc' dir='ltr'>κατὰ</span> <span class='ocrx_word' id='word_1_202' title='bbox 170 1310 260 1345; x_wconf 87' lang='grc' dir='ltr'>σάρκα</span> <span class='ocrx_word' id='word_1_203' title='bbox 273 1311 378 1346; x_wconf 80' lang='grc' dir='ltr'>τεχθεὶς</span> <span class='ocrx_word' id='word_1_204' title='bbox 392 1313 424 1339; x_wconf 81' lang='grc' dir='ltr'>ἐκ</span> <span class='ocrx_word' id='word_1_205' title='bbox 437 1313 487 1348; x_wconf 83' lang='grc' dir='ltr'>τῆς</span> <span class='ocrx_word' id='word_1_206' title='bbox 503 1313 584 1347; x_wconf 83' lang='grc' dir='ltr'>ἁγίας</span> <span class='ocrx_word' id='word_1_207' title='bbox 607 1313 711 1348; x_wconf 78' lang='grc' dir='ltr'>ἐνδόξου</span> <span class='ocrx_word' id='word_1_208' title='bbox 728 1316 870 1352; x_wconf 81' lang='grc' dir='ltr'>δεσποίνης</span> 
     </span>
    </p>
   </div>
   <div class='ocr_carea' id='block_1_31' title="bbox 83 1356 869 1396">
    <p class='ocr_par' dir='ltr' id='par_1_31' title="bbox 83 1356 869 1396">
     <span class='ocr_line' id='line_1_31' title="bbox 83 1356 869 1396; baseline 0.009 -15"><span class='ocrx_word' id='word_1_209' title='bbox 83 1356 160 1390; x_wconf 84' lang='grc' dir='ltr'>ἡμῶν</span> <span class='ocrx_word' id='word_1_210' title='bbox 176 1356 307 1383; x_wconf 85' lang='grc' dir='ltr'>Θεοτόκου</span> <span class='ocrx_word' id='word_1_211' title='bbox 323 1357 369 1384; x_wconf 80' lang='grc' dir='ltr'><strong>καὶ</strong></span> <span class='ocrx_word' id='word_1_212' title='bbox 387 1358 586 1393; x_wconf 79' lang='grc' dir='ltr'>Ἀειπαρθένου,</span> <span class='ocrx_word' id='word_1_213' title='bbox 602 1359 648 1386; x_wconf 82' lang='grc' dir='ltr'><strong>καὶ</strong></span> <span class='ocrx_word' id='word_1_214' title='bbox 659 1360 728 1387; x_wconf 81' lang='grc' dir='ltr'>κατὰ</span> <span class='ocrx_word' id='word_1_215' title='bbox 741 1360 869 1396; x_wconf 84' lang='grc' dir='ltr'>ἀλήθειαν</span> 
     </span>
    </p>
   </div>
   <div class='ocr_carea' id='block_1_32' title="bbox 82 1401 869 1440">
    <p class='ocr_par' dir='ltr' id='par_1_32' title="bbox 82 1401 869 1440">
     <span class='ocr_line' id='line_1_32' title="bbox 82 1401 869 1440; baseline 0.009 -13"><span class='ocrx_word' id='word_1_216' title='bbox 82 1401 213 1428; x_wconf 75' lang='grc' dir='ltr'>Θεοτόκου</span> <span class='ocrx_word' id='word_1_217' title='bbox 229 1402 347 1438; x_wconf 83' lang='grc' dir='ltr'>Μαρίας,</span> <span class='ocrx_word' id='word_1_218' title='bbox 364 1403 410 1430; x_wconf 81' lang='grc' dir='ltr'>καὶ</span> <span class='ocrx_word' id='word_1_219' title='bbox 429 1403 476 1430; x_wconf 76' lang='grc' dir='ltr'><strong>ἐπὶ</strong></span> <span class='ocrx_word' id='word_1_220' title='bbox 497 1404 546 1439; x_wconf 82' lang='grc' dir='ltr'>τῆς</span> <span class='ocrx_word' id='word_1_221' title='bbox 562 1404 614 1439; x_wconf 86' lang='grc' dir='ltr'>γῆς</span> <span class='ocrx_word' id='word_1_222' title='bbox 629 1405 731 1440; x_wconf 71' lang='grc' dir='ltr'>ὀφθεὶς,</span> <span class='ocrx_word' id='word_1_223' title='bbox 749 1407 795 1433; x_wconf 80' lang='grc' dir='ltr'>καὶ</span> <span class='ocrx_word' id='word_1_224' title='bbox 812 1408 869 1439; x_wconf 84' lang='grc' dir='ltr'>τοῖς</span> 
     </span>
    </p>
   </div>
   <div class='ocr_carea' id='block_1_33' title="bbox 81 1447 868 1486">
    <p class='ocr_par' dir='ltr' id='par_1_33' title="bbox 81 1447 868 1486">
     <span class='ocr_line' id='line_1_33' title="bbox 81 1447 868 1486; baseline 0.008 -13"><span class='ocrx_word' id='word_1_225' title='bbox 81 1447 233 1482; x_wconf 75' lang='grc' dir='ltr'>ὁμοουσὲοις</span> <span class='ocrx_word' id='word_1_226' title='bbox 247 1448 316 1475; x_wconf 83' lang='grc' dir='ltr'>κατὰ</span> <span class='ocrx_word' id='word_1_227' title='bbox 337 1447 384 1484; x_wconf 84' lang='grc' dir='ltr'>τὴν</span> <span class='ocrx_word' id='word_1_228' title='bbox 396 1449 589 1485; x_wconf 80' lang='grc' dir='ltr'>ὰνθρωπότητα</span> <span class='ocrx_word' id='word_1_229' title='bbox 602 1450 754 1486; x_wconf 78' lang='grc' dir='ltr'>ἀνθρώποις</span> <span class='ocrx_word' id='word_1_230' title='bbox 771 1452 807 1484; x_wconf 86' lang='grc' dir='ltr'>ὼς</span> <span class='ocrx_word' id='word_1_231' title='bbox 822 1453 868 1479; x_wconf 77' lang='grc' dir='ltr'><strong>ἄν·-</strong></span> 
     </span>
    </p>
   </div>
   <div class='ocr_carea' id='block_1_34' title="bbox 82 1491 866 1534">
    <p class='ocr_par' dir='ltr' id='par_1_34' title="bbox 82 1491 866 1534">
     <span class='ocr_line' id='line_1_34' title="bbox 82 1491 866 1534; baseline 0.01 -17"><span class='ocrx_word' id='word_1_232' title='bbox 82 1491 189 1526; x_wconf 82' lang='grc' dir='ltr'>θρωπος</span> <span class='ocrx_word' id='word_1_233' title='bbox 203 1492 311 1529; x_wconf 83' lang='grc' dir='ltr'>ἀληθῶς</span> <span class='ocrx_word' id='word_1_234' title='bbox 326 1494 566 1530; x_wconf 79' lang='grc' dir='ltr'>συναναστραφεὶς,</span> <span class='ocrx_word' id='word_1_235' title='bbox 589 1495 636 1522; x_wconf 80' lang='grc' dir='ltr'>καὶ</span> <span class='ocrx_word' id='word_1_236' title='bbox 661 1497 740 1528; x_wconf 63' lang='grc' dir='ltr'>αὐτος</span> <span class='ocrx_word' id='word_1_237' title='bbox 763 1498 811 1524; x_wconf 75' lang='grc' dir='ltr'><strong>σὺν</strong></span> <span class='ocrx_word' id='word_1_238' title='bbox 829 1498 866 1534; x_wconf 85' lang='grc' dir='ltr'>τῷ</span> 
     </span>
    </p>
   </div>
   <div class='ocr_carea' id='block_1_35' title="bbox 82 1536 865 1577">
    <p class='ocr_par' dir='ltr' id='par_1_35' title="bbox 82 1536 865 1577">
     <span class='ocr_line' id='line_1_35' title="bbox 82 1536 865 1577; baseline 0.009 -13"><span class='ocrx_word' id='word_1_239' title='bbox 82 1536 136 1573; x_wconf 78' lang='grc' dir='ltr'><strong>λαῷ</strong></span> <span class='ocrx_word' id='word_1_240' title='bbox 149 1539 179 1564; x_wconf 85' lang='grc' dir='ltr'>ἐν</span> <span class='ocrx_word' id='word_1_241' title='bbox 193 1540 249 1570; x_wconf 84' lang='grc' dir='ltr'>τοῖς</span> <span class='ocrx_word' id='word_1_242' title='bbox 260 1538 332 1565; x_wconf 78' lang='grc' dir='ltr'>ἔτεσι</span> <span class='ocrx_word' id='word_1_243' title='bbox 343 1541 398 1572; x_wconf 80' lang='grc' dir='ltr'>τοῖς</span> <span class='ocrx_word' id='word_1_244' title='bbox 416 1540 467 1576; x_wconf 80' lang='grc' dir='ltr'>πρὸ</span> <span class='ocrx_word' id='word_1_245' title='bbox 483 1539 530 1566; x_wconf 80' lang='grc' dir='ltr'>τοῦ</span> <span class='ocrx_word' id='word_1_246' title='bbox 545 1541 729 1577; x_wconf 84' lang='grc' dir='ltr'>κηρύγματος,</span> <span class='ocrx_word' id='word_1_247' title='bbox 747 1543 793 1570; x_wconf 75' lang='grc' dir='ltr'>καὶ</span> <span class='ocrx_word' id='word_1_248' title='bbox 811 1545 865 1576; x_wconf 87' lang='grc' dir='ltr'>τοῖς</span> 
     </span>
    </p>
   </div>
   <div class='ocr_carea' id='block_1_36' title="bbox 81 1584 866 1624">
    <p class='ocr_par' dir='ltr' id='par_1_36' title="bbox 81 1584 866 1624">
     <span class='ocr_line' id='line_1_36' title="bbox 81 1584 866 1624; baseline 0.009 -14"><span class='ocrx_word' id='word_1_249' title='bbox 81 1584 109 1611; x_wconf 82' lang='grc' dir='ltr'>ἒν</span> <span class='ocrx_word' id='word_1_250' title='bbox 123 1584 161 1620; x_wconf 84' lang='grc' dir='ltr'>τῷ</span> <span class='ocrx_word' id='word_1_251' title='bbox 180 1585 337 1621; x_wconf 82' lang='grc' dir='ltr'>κηρύγματι</span> <span class='ocrx_word' id='word_1_252' title='bbox 350 1586 379 1612; x_wconf 89' lang='grc' dir='ltr'><strong>τὺ</strong></span> <span class='ocrx_word' id='word_1_253' title='bbox 391 1587 501 1622; x_wconf 85' lang='grc' dir='ltr'>νομικὸν</span> <span class='ocrx_word' id='word_1_254' title='bbox 513 1589 559 1615; x_wconf 79' lang='grc' dir='ltr'>καὶ</span> <span class='ocrx_word' id='word_1_255' title='bbox 573 1588 685 1620; x_wconf 81' lang='grc' dir='ltr'>σκιῶδες</span> <span class='ocrx_word' id='word_1_256' title='bbox 699 1590 794 1624; x_wconf 85' lang='grc' dir='ltr'>Πάσχα</span> <span class='ocrx_word' id='word_1_257' title='bbox 818 1591 866 1616; x_wconf 85' lang='grc' dir='ltr'><strong>ὲπ-</strong></span> 
     </span>
    </p>
   </div>
   <div class='ocr_carea' id='block_1_37' title="bbox 82 1629 866 1672">
    <p class='ocr_par' dir='ltr' id='par_1_37' title="bbox 82 1629 866 1672">
     <span class='ocr_line' id='line_1_37' title="bbox 82 1629 866 1672; baseline 0.009 -17"><span class='ocrx_word' id='word_1_258' title='bbox 82 1629 215 1663; x_wconf 85' lang='grc' dir='ltr'>ετέλεσεν,</span> <span class='ocrx_word' id='word_1_259' title='bbox 235 1630 333 1657; x_wconf 78' lang='grc' dir='ltr'>ἐσθίων</span> <span class='ocrx_word' id='word_1_260' title='bbox 342 1631 388 1657; x_wconf 84' lang='grc' dir='ltr'>τὸν</span> <span class='ocrx_word' id='word_1_261' title='bbox 404 1633 518 1659; x_wconf 83' lang='grc' dir='ltr'>τυπικὺν</span> <span class='ocrx_word' id='word_1_262' title='bbox 531 1633 630 1668; x_wconf 82' lang='grc' dir='ltr'>ἀμνόν·</span> <span class='ocrx_word' id='word_1_263' title='bbox 648 1635 704 1661; x_wconf 87' lang='grc' dir='ltr'><strong>Οὐκ</strong></span> <span class='ocrx_word' id='word_1_264' title='bbox 715 1632 797 1670; x_wconf 85' lang='grc' dir='ltr'>ἦλθον</span> <span class='ocrx_word' id='word_1_265' title='bbox 812 1635 866 1672; x_wconf 80' lang='grc' dir='ltr'><strong>γὰρ</strong></span> 
     </span>
    </p>
   </div>
   <div class='ocr_carea' id='block_1_38' title="bbox 81 1674 865 1717">
    <p class='ocr_par' dir='ltr' id='par_1_38' title="bbox 81 1674 865 1717">
     <span class='ocr_line' id='line_1_38' title="bbox 81 1674 865 1717; baseline 0.009 -17"><span class='ocrx_word' id='word_1_266' title='bbox 81 1674 231 1702; x_wconf 71' lang='grc' dir='ltr'>καταλῦσαι</span> <span class='ocrx_word' id='word_1_267' title='bbox 243 1676 289 1702; x_wconf 82' lang='grc' dir='ltr'><strong>τὸν</strong></span> <span class='ocrx_word' id='word_1_268' title='bbox 301 1676 391 1712; x_wconf 87' lang='grc' dir='ltr'>Νόμον</span> <span class='ocrx_word' id='word_1_269' title='bbox 404 1677 420 1713; x_wconf 83' lang='grc' dir='ltr'>ἢ</span> <span class='ocrx_word' id='word_1_270' title='bbox 434 1677 497 1710; x_wconf 79' lang='grc' dir='ltr'>τοὺς</span> <span class='ocrx_word' id='word_1_271' title='bbox 512 1679 663 1714; x_wconf 72' lang='grc' dir='ltr'>προφήτας,</span> <span class='ocrx_word' id='word_1_272' title='bbox 675 1680 743 1707; x_wconf 79' lang='grc' dir='ltr'>ἀλλὰ</span> <span class='ocrx_word' id='word_1_273' title='bbox 757 1680 865 1717; x_wconf 86' lang='grc' dir='ltr'>πληρῶ-</span> 
     </span>
    </p>
   </div>
   <div class='ocr_carea' id='block_1_39' title="bbox 82 1721 864 1763">
    <p class='ocr_par' dir='ltr' id='par_1_39' title="bbox 82 1721 864 1763">
     <span class='ocr_line' id='line_1_39' title="bbox 82 1721 864 1763; baseline 0.012 -17"><span class='ocrx_word' id='word_1_274' title='bbox 82 1727 134 1751; x_wconf 81' lang='grc' dir='ltr'>σαι,</span> <span class='ocrx_word' id='word_1_275' title='bbox 151 1721 232 1753; x_wconf 78' lang='grc' dir='ltr'>αὐτὸς</span> <span class='ocrx_word' id='word_1_276' title='bbox 246 1722 274 1748; x_wconf 80' lang='grc' dir='ltr'>ὲν</span> <span class='ocrx_word' id='word_1_277' title='bbox 288 1722 463 1757; x_wconf 84' lang='grc' dir='ltr'>Εὐαγγελίοις</span> <span class='ocrx_word' id='word_1_278' title='bbox 483 1724 592 1760; x_wconf 83' lang='grc' dir='ltr'>εἴρηκεν</span> <span class='ocrx_word' id='word_1_279' title='bbox 607 1727 621 1752; x_wconf 83' lang='grc' dir='ltr'>ὁ</span> <span class='ocrx_word' id='word_1_280' title='bbox 635 1726 738 1763; x_wconf 84' lang='grc' dir='ltr'>Σωτήρ.</span> <span class='ocrx_word' id='word_1_281' title='bbox 749 1727 824 1754; x_wconf 77' lang='grc' dir='ltr'>Ἐπεὶ</span> <span class='ocrx_word' id='word_1_282' title='bbox 837 1729 864 1755; x_wconf 87' lang='grc' dir='ltr'>δὲ</span> 
     </span>
    </p>
   </div>
   <div class='ocr_carea' id='block_1_40' title="bbox 80 1766 865 1806">
    <p class='ocr_par' dir='ltr' id='par_1_40' title="bbox 80 1766 865 1806">
     <span class='ocr_line' id='line_1_40' title="bbox 80 1766 865 1806; baseline 0.01 -14"><span class='ocrx_word' id='word_1_283' title='bbox 80 1766 218 1802; x_wconf 78' lang='grc' dir='ltr'>ἐκήρυξεν,</span> <span class='ocrx_word' id='word_1_284' title='bbox 231 1767 281 1794; x_wconf 83' lang='grc' dir='ltr'>οὐκ</span> <span class='ocrx_word' id='word_1_285' title='bbox 293 1768 378 1803; x_wconf 74' lang='grc' dir='ltr'>ἔφαγε</span> <span class='ocrx_word' id='word_1_286' title='bbox 389 1768 434 1796; x_wconf 75' lang='grc' dir='ltr'><strong>τὸν</strong></span> <span class='ocrx_word' id='word_1_287' title='bbox 444 1769 527 1805; x_wconf 82' lang='grc' dir='ltr'>ἀμνόν</span> <span class='ocrx_word' id='word_1_288' title='bbox 536 1779 543 1785; x_wconf 86' lang='grc'>·</span> <span class='ocrx_word' id='word_1_289' title='bbox 557 1770 613 1797; x_wconf 82' lang='grc' dir='ltr'>ἀλλ’</span> <span class='ocrx_word' id='word_1_290' title='bbox 625 1772 704 1803; x_wconf 79' lang='grc' dir='ltr'>αὐτὸς</span> <span class='ocrx_word' id='word_1_291' title='bbox 715 1772 814 1799; x_wconf 81' lang='grc' dir='ltr'>ἔπαθεν</span> <span class='ocrx_word' id='word_1_292' title='bbox 827 1773 865 1806; x_wconf 88' lang='grc' dir='ltr'><strong>ὡς</strong></span> 
     </span>
    </p>
   </div>
   <div class='ocr_carea' id='block_1_41' title="bbox 78 1812 863 1853">
    <p class='ocr_par' dir='ltr' id='par_1_41' title="bbox 78 1812 863 1853">
     <span class='ocr_line' id='line_1_41' title="bbox 78 1812 863 1853; baseline 0.01 -15"><span class='ocrx_word' id='word_1_293' title='bbox 78 1812 202 1847; x_wconf 77' lang='grc' dir='ltr'>ἀληθινὸς</span> <span class='ocrx_word' id='word_1_294' title='bbox 216 1813 301 1848; x_wconf 82' lang='grc' dir='ltr'>ἀμνὸς</span> <span class='ocrx_word' id='word_1_295' title='bbox 315 1814 344 1840; x_wconf 88' lang='grc' dir='ltr'>ὲν</span> <span class='ocrx_word' id='word_1_296' title='bbox 360 1816 393 1850; x_wconf 88' lang='grc' dir='ltr'><strong>τῇ</strong></span> <span class='ocrx_word' id='word_1_297' title='bbox 407 1814 454 1842; x_wconf 78' lang='grc' dir='ltr'><strong>τοῦ</strong></span> <span class='ocrx_word' id='word_1_298' title='bbox 471 1815 565 1851; x_wconf 83' lang='grc' dir='ltr'>Πάσχα</span> <span class='ocrx_word' id='word_1_299' title='bbox 578 1816 667 1853; x_wconf 77' lang='grc' dir='ltr'>ἑορτῇ.</span> <span class='ocrx_word' id='word_1_300' title='bbox 689 1818 779 1850; x_wconf 86' lang='grc' dir='ltr'>καθὼς</span> <span class='ocrx_word' id='word_1_301' title='bbox 791 1819 863 1846; x_wconf 87' lang='grc' dir='ltr'>διδά-</span> 
     </span>
    </p>
   </div>
   <div class='ocr_carea' id='block_1_42' title="bbox 79 1858 863 1901">
    <p class='ocr_par' dir='ltr' id='par_1_42' title="bbox 79 1858 863 1901">
     <span class='ocr_line' id='line_1_42' title="bbox 79 1858 863 1901; baseline 0.011 -18"><span class='ocrx_word' id='word_1_302' title='bbox 79 1865 135 1884; x_wconf 78' lang='grc' dir='ltr'>σκει</span> <span class='ocrx_word' id='word_1_303' title='bbox 159 1859 174 1884; x_wconf 83' lang='grc' dir='ltr'>ὁ</span> <span class='ocrx_word' id='word_1_304' title='bbox 198 1858 321 1894; x_wconf 81' lang='grc' dir='ltr'>θεολόγος</span> <span class='ocrx_word' id='word_1_305' title='bbox 346 1860 394 1887; x_wconf 75' lang='grc' dir='ltr'>καὶ</span> <span class='ocrx_word' id='word_1_306' title='bbox 417 1861 613 1897; x_wconf 80' lang='grc' dir='ltr'>εὐαγγελιστὴς</span> <span class='ocrx_word' id='word_1_307' title='bbox 634 1863 759 1899; x_wconf 83' lang='grc' dir='ltr'>Ἰωάννης</span> <span class='ocrx_word' id='word_1_308' title='bbox 774 1866 802 1891; x_wconf 80' lang='grc' dir='ltr'>ἐν</span> <span class='ocrx_word' id='word_1_309' title='bbox 825 1866 863 1901; x_wconf 86' lang='grc' dir='ltr'>τῷ</span> 
     </span>
    </p>
   </div>
   <div class='ocr_carea' id='block_1_43' title="bbox 79 1903 863 1944">
    <p class='ocr_par' dir='ltr' id='par_1_43' title="bbox 79 1903 863 1944">
     <span class='ocr_line' id='line_1_43' title="bbox 79 1903 863 1944; baseline 0.013 -16"><span class='ocrx_word' id='word_1_310' title='bbox 79 1903 136 1929; x_wconf 76' lang='grc' dir='ltr'>κατ’</span> <span class='ocrx_word' id='word_1_311' title='bbox 148 1903 230 1930; x_wconf 76' lang='grc' dir='ltr'>αὑτὸν</span> <span class='ocrx_word' id='word_1_312' title='bbox 244 1904 410 1942; x_wconf 81' lang='grc' dir='ltr'>Εὑαγγελίῳ,</span> <span class='ocrx_word' id='word_1_313' title='bbox 422 1906 507 1940; x_wconf 85' lang='grc' dir='ltr'>λέγων</span> <span class='ocrx_word' id='word_1_314' title='bbox 519 1906 605 1939; x_wconf 83' lang='grc' dir='ltr'>οὕτως</span> <span class='ocrx_word' id='word_1_315' title='bbox 615 1916 621 1923; x_wconf 93' lang='grc'><strong>·</strong></span> <span class='ocrx_word' id='word_1_316' title='bbox 646 1909 785 1944; x_wconf 75' lang='grc' dir='ltr'>Ἄγουσιν</span> <span class='ocrx_word' id='word_1_317' title='bbox 807 1909 863 1938; x_wconf 81' lang='grc' dir='ltr'>οὖν</span> 
     </span>
    </p>
   </div>
   <div class='ocr_carea' id='block_1_44' title="bbox 77 1947 860 1990">
    <p class='ocr_par' dir='ltr' id='par_1_44' title="bbox 77 1947 860 1990">
     <span class='ocr_line' id='line_1_44' title="bbox 77 1947 860 1990; baseline 0.01 -16"><span class='ocrx_word' id='word_1_318' title='bbox 77 1947 129 1975; x_wconf 80' lang='grc' dir='ltr'>τὸν</span> <span class='ocrx_word' id='word_1_319' title='bbox 149 1949 268 1982; x_wconf 79' lang='grc' dir='ltr'>Ἰησοῦν</span> <span class='ocrx_word' id='word_1_320' title='bbox 283 1951 342 1977; x_wconf 79' lang='grc' dir='ltr'><strong>ἀπὸ</strong></span> <span class='ocrx_word' id='word_1_321' title='bbox 366 1951 420 1978; x_wconf 83' lang='grc' dir='ltr'>τοῦ</span> <span class='ocrx_word' id='word_1_322' title='bbox 434 1952 550 1987; x_wconf 68' lang='grc' dir='ltr'><strong>Καῖἀφα</strong></span> <span class='ocrx_word' id='word_1_323' title='bbox 566 1954 609 1986; x_wconf 80' lang='grc' dir='ltr'>εὶς</span> <span class='ocrx_word' id='word_1_324' title='bbox 625 1954 658 1980; x_wconf 84' lang='grc' dir='ltr'>τὸ</span> <span class='ocrx_word' id='word_1_325' title='bbox 670 1955 860 1990; x_wconf 79' lang='grc' dir='ltr'>πραιτώριον·</span> 
     </span>
    </p>
   </div>
   <div class='ocr_carea' id='block_1_45' title="bbox 77 1991 862 2036">
    <p class='ocr_par' dir='ltr' id='par_1_45' title="bbox 77 1991 862 2036">
     <span class='ocr_line' id='line_1_45' title="bbox 77 1991 862 2036; baseline 0.011 -16"><span class='ocrx_word' id='word_1_326' title='bbox 77 1991 114 2029; x_wconf 82' lang='grc' dir='ltr'>ἦν</span> <span class='ocrx_word' id='word_1_327' title='bbox 127 1994 161 2021; x_wconf 78' lang='grc' dir='ltr'>δὲ</span> <span class='ocrx_word' id='word_1_328' title='bbox 172 1996 257 2029; x_wconf 72' lang='grc' dir='ltr'>πρωῒ,</span> <span class='ocrx_word' id='word_1_329' title='bbox 276 1997 325 2023; x_wconf 75' lang='grc' dir='ltr'>καὶ</span> <span class='ocrx_word' id='word_1_330' title='bbox 343 1997 427 2024; x_wconf 81' lang='grc' dir='ltr'>αὐτοὶ</span> <span class='ocrx_word' id='word_1_331' title='bbox 443 1999 498 2025; x_wconf 83' lang='grc' dir='ltr'>οὐκ</span> <span class='ocrx_word' id='word_1_332' title='bbox 511 1999 655 2034; x_wconf 76' lang='grc' dir='ltr'>εἰσῆλθον</span> <span class='ocrx_word' id='word_1_333' title='bbox 668 2002 712 2034; x_wconf 83' lang='grc' dir='ltr'><strong>είς</strong></span> <span class='ocrx_word' id='word_1_334' title='bbox 730 2001 762 2028; x_wconf 89' lang='grc' dir='ltr'>τὸ</span> <span class='ocrx_word' id='word_1_335' title='bbox 778 2010 862 2036; x_wconf 83' lang='grc' dir='ltr'>πραι-</span> 
     </span>
    </p>
   </div>
   <div class='ocr_carea' id='block_1_46' title="bbox 77 2039 861 2080">
    <p class='ocr_par' dir='ltr' id='par_1_46' title="bbox 77 2039 861 2080">
     <span class='ocr_line' id='line_1_46' title="bbox 77 2039 861 2080; baseline 0.01 -14"><span class='ocrx_word' id='word_1_336' title='bbox 77 2039 188 2074; x_wconf 80' lang='grc' dir='ltr'>τώριον,</span> <span class='ocrx_word' id='word_1_337' title='bbox 208 2041 259 2068; x_wconf 82' lang='grc' dir='ltr'>ἵνα</span> <span class='ocrx_word' id='word_1_338' title='bbox 281 2041 324 2076; x_wconf 80' lang='grc' dir='ltr'>μὴ</span> <span class='ocrx_word' id='word_1_339' title='bbox 338 2042 512 2078; x_wconf 83' lang='grc' dir='ltr'>μιανθῶσιν,</span> <span class='ocrx_word' id='word_1_340' title='bbox 537 2045 606 2072; x_wconf 78' lang='grc' dir='ltr'><em>ἀλλ’</em></span> <span class='ocrx_word' id='word_1_341' title='bbox 621 2045 670 2071; x_wconf 83' lang='grc' dir='ltr'>ἵνα</span> <span class='ocrx_word' id='word_1_342' title='bbox 693 2046 808 2080; x_wconf 71' lang='grc' dir='ltr'>φάγωσι</span> <span class='ocrx_word' id='word_1_343' title='bbox 828 2048 861 2074; x_wconf 82' lang='grc' dir='ltr'>τὸ</span> 
     </span>
    </p>
   </div>
   <div class='ocr_carea' id='block_1_47' title="bbox 77 2087 858 2125">
    <p class='ocr_par' dir='ltr' id='par_1_47' title="bbox 77 2087 858 2125">
     <span class='ocr_line' id='line_1_47' title="bbox 77 2087 858 2125; baseline 0.009 -12"><span class='ocrx_word' id='word_1_344' title='bbox 77 2087 192 2122; x_wconf 81' lang='grc' dir='ltr'>Πάσχα.</span> <span class='ocrx_word' id='word_1_345' title='bbox 213 2087 269 2115; x_wconf 76' lang='grc' dir='ltr'><strong>Καὶ</strong></span> <span class='ocrx_word' id='word_1_346' title='bbox 286 2089 344 2123; x_wconf 81' lang='grc' dir='ltr'>μετ’</span> <span class='ocrx_word' id='word_1_347' title='bbox 363 2089 455 2123; x_wconf 82' lang='grc' dir='ltr'>ὀλίγα·</span> <span class='ocrx_word' id='word_1_348' title='bbox 479 2089 504 2116; x_wconf 91' lang='grc' dir='ltr'><strong><em>Ὁ</em></strong></span> <span class='ocrx_word' id='word_1_349' title='bbox 524 2088 581 2117; x_wconf 81' lang='grc' dir='ltr'>οὖν</span> <span class='ocrx_word' id='word_1_350' title='bbox 606 2091 743 2125; x_wconf 76' lang='grc' dir='ltr'>Πιλᾶτος,</span> <span class='ocrx_word' id='word_1_351' title='bbox 769 2093 858 2120; x_wconf 80' lang='grc' dir='ltr'>ἀκού-</span> 
     </span>
    </p>
   </div>
   <div class='ocr_carea' id='block_1_48' title="bbox 76 2132 859 2170">
    <p class='ocr_par' dir='ltr' id='par_1_48' title="bbox 76 2132 859 2170">
     <span class='ocr_line' id='line_1_48' title="bbox 76 2132 859 2170; baseline 0.006 -12"><span class='ocrx_word' id='word_1_352' title='bbox 76 2139 131 2165; x_wconf 87' lang='grc' dir='ltr'><strong>σας</strong></span> <span class='ocrx_word' id='word_1_353' title='bbox 144 2132 254 2159; x_wconf 74' lang='grc' dir='ltr'>τοῦτον</span> <span class='ocrx_word' id='word_1_354' title='bbox 270 2132 323 2160; x_wconf 82' lang='grc' dir='ltr'>τὸν</span> <span class='ocrx_word' id='word_1_355' title='bbox 335 2133 438 2167; x_wconf 77' lang='grc' dir='ltr'>λόγον,</span> <span class='ocrx_word' id='word_1_356' title='bbox 458 2133 570 2169; x_wconf 61' lang='grc' dir='ltr'>ἧγηαγεν</span> <span class='ocrx_word' id='word_1_357' title='bbox 585 2135 642 2167; x_wconf 83' lang='grc' dir='ltr'><strong>ἐξω</strong></span> <span class='ocrx_word' id='word_1_358' title='bbox 658 2135 711 2162; x_wconf 87' lang='grc' dir='ltr'>τὸν</span> <span class='ocrx_word' id='word_1_359' title='bbox 733 2136 859 2170; x_wconf 83' lang='grc' dir='ltr'>Ἰησοῦν.</span> 
     </span>
    </p>
   </div>
   <div class='ocr_carea' id='block_1_49' title="bbox 76 2177 859 2217">
    <p class='ocr_par' dir='ltr' id='par_1_49' title="bbox 76 2177 859 2217">
     <span class='ocr_line' id='line_1_49' title="bbox 76 2177 859 2217; baseline 0.006 -13"><span class='ocrx_word' id='word_1_360' title='bbox 76 2177 121 2204; x_wconf 75' lang='grc' dir='ltr'>καὶ</span> <span class='ocrx_word' id='word_1_361' title='bbox 135 2178 276 2205; x_wconf 75' lang='grc' dir='ltr'>ἐκάθισεν</span> <span class='ocrx_word' id='word_1_362' title='bbox 292 2178 341 2204; x_wconf 75' lang='grc' dir='ltr'><strong>ἐπὶ</strong></span> <span class='ocrx_word' id='word_1_363' title='bbox 357 2179 410 2206; x_wconf 87' lang='grc' dir='ltr'>τοῦ</span> <span class='ocrx_word' id='word_1_364' title='bbox 421 2179 556 2214; x_wconf 80' lang='grc' dir='ltr'>βήματος</span> <span class='ocrx_word' id='word_1_365' title='bbox 573 2181 614 2214; x_wconf 74' lang='grc' dir='ltr'>εἰς</span> <span class='ocrx_word' id='word_1_366' title='bbox 630 2183 725 2208; x_wconf 81' lang='grc' dir='ltr'>τόπον</span> <span class='ocrx_word' id='word_1_367' title='bbox 739 2183 859 2217; x_wconf 76' lang='grc' dir='ltr'>λεγόμε-</span> 
     </span>
    </p>
   </div>
   <div class='ocr_carea' id='block_1_50' title="bbox 75 2218 896 2259">
    <p class='ocr_par' dir='ltr' id='par_1_50' title="bbox 75 2218 896 2259">
     <span class='ocr_line' id='line_1_50' title="bbox 75 2218 896 2259; baseline 0.006 -9"><span class='ocrx_word' id='word_1_368' title='bbox 75 2232 129 2250; x_wconf 83' lang='grc' dir='ltr'><strong>νον</strong></span> <span class='ocrx_word' id='word_1_369' title='bbox 146 2225 361 2258; x_wconf 78' lang='grc' dir='ltr'>Λιθόστρωτον,</span> <span class='ocrx_word' id='word_1_370' title='bbox 376 2225 520 2259; x_wconf 75' lang='grc' dir='ltr'>Ἐϐραϊστὶ</span> <span class='ocrx_word' id='word_1_371' title='bbox 543 2226 577 2253; x_wconf 80' lang='grc' dir='ltr'>δὲ</span> <span class='ocrx_word' id='word_1_372' title='bbox 599 2225 809 2255; x_wconf 51' lang='grc' dir='ltr'>ΓαϐϐαθᾶΪΗν</span> <span class='ocrx_word' id='word_1_373' title='bbox 826 2228 860 2254; x_wconf 78' lang='grc' dir='ltr'>δὲ</span> <span class='ocrx_word' id='word_1_374' title='bbox 876 2218 896 2244; x_wconf 80' lang='lat' dir='ltr'><strong>D</strong></span> 
     </span>
    </p>
   </div>
   <div class='ocr_carea' id='block_1_51' title="bbox 72 2269 859 2307">
    <p class='ocr_par' dir='ltr' id='par_1_51' title="bbox 72 2269 859 2307">
     <span class='ocr_line' id='line_1_51' title="bbox 72 2269 859 2307; baseline 0.005 -11"><span class='ocrx_word' id='word_1_375' title='bbox 72 2269 248 2304; x_wconf 81' lang='grc' dir='ltr'>Παρασκευὴ</span> <span class='ocrx_word' id='word_1_376' title='bbox 258 2269 310 2297; x_wconf 86' lang='grc' dir='ltr'>τοῦ</span> <span class='ocrx_word' id='word_1_377' title='bbox 319 2270 436 2305; x_wconf 85' lang='grc' dir='ltr'>Πάσχα·</span> <span class='ocrx_word' id='word_1_378' title='bbox 451 2270 511 2305; x_wconf 87' lang='grc' dir='ltr'>ὥρα</span> <span class='ocrx_word' id='word_1_379' title='bbox 521 2269 561 2307; x_wconf 84' lang='grc' dir='ltr'>ἦν</span> <span class='ocrx_word' id='word_1_380' title='bbox 572 2272 641 2299; x_wconf 76' lang='grc' dir='ltr'>ὡσεὶ</span> <span class='ocrx_word' id='word_1_381' title='bbox 654 2273 735 2307; x_wconf 80' lang='grc' dir='ltr'>τρίτη</span> <span class='ocrx_word' id='word_1_382' title='bbox 746 2293 753 2306; x_wconf 83' lang='grc'><strong>,</strong></span> <span class='ocrx_word' id='word_1_383' title='bbox 769 2273 859 2305; x_wconf 87' lang='grc' dir='ltr'>καθὼς</span> 
     </span>
    </p>
   </div>
   <div class='ocr_carea' id='block_1_52' title="bbox 75 2317 857 2359">
    <p class='ocr_par' dir='ltr' id='par_1_52' title="bbox 75 2317 857 2359">
     <span class='ocr_line' id='line_1_52' title="bbox 75 2317 857 2359; baseline 0.003 -15"><span class='ocrx_word' id='word_1_384' title='bbox 75 2317 106 2344; x_wconf 77' lang='grc' dir='ltr'><strong>τὰ</strong></span> <span class='ocrx_word' id='word_1_385' title='bbox 118 2317 220 2353; x_wconf 73' lang='grc' dir='ltr'>ἀκριϐῆ</span> <span class='ocrx_word' id='word_1_386' title='bbox 235 2317 325 2353; x_wconf 76' lang='grc' dir='ltr'>βιϐλία</span> <span class='ocrx_word' id='word_1_387' title='bbox 339 2317 477 2359; x_wconf 73' lang='grc' dir='ltr'>περιέχει,</span> <span class='ocrx_word' id='word_1_388' title='bbox 492 2319 557 2346; x_wconf 84' lang='grc' dir='ltr'>αὐτό</span> <span class='ocrx_word' id='word_1_389' title='bbox 572 2328 601 2346; x_wconf 91' lang='grc' dir='ltr'><strong>τε</strong></span> <span class='ocrx_word' id='word_1_390' title='bbox 617 2319 646 2346; x_wconf 80' lang='grc' dir='ltr'><strong>τὺ</strong></span> <span class='ocrx_word' id='word_1_391' title='bbox 663 2320 801 2356; x_wconf 82' lang='grc' dir='ltr'>ἰδιόχειρον</span> <span class='ocrx_word' id='word_1_392' title='bbox 811 2320 857 2346; x_wconf 86' lang='grc' dir='ltr'>τοῦ</span> 
     </span>
    </p>
   </div>
   <div class='ocr_carea' id='block_1_53' title="bbox 75 2361 858 2400">
    <p class='ocr_par' dir='ltr' id='par_1_53' title="bbox 75 2361 858 2400">
     <span class='ocr_line' id='line_1_53' title="bbox 75 2361 858 2400; baseline -0.003 -7"><span class='ocrx_word' id='word_1_393' title='bbox 75 2361 274 2396; x_wconf 71' lang='grc' dir='ltr'>εὐαγγελιστοῦ,</span> <span class='ocrx_word' id='word_1_394' title='bbox 286 2362 354 2397; x_wconf 81' lang='grc' dir='ltr'>ὅπερ</span> <span class='ocrx_word' id='word_1_395' title='bbox 370 2362 451 2397; x_wconf 75' lang='grc' dir='ltr'>μέχρι</span> <span class='ocrx_word' id='word_1_396' title='bbox 463 2363 510 2390; x_wconf 88' lang='grc' dir='ltr'>τοῦ</span> <span class='ocrx_word' id='word_1_397' title='bbox 524 2363 572 2391; x_wconf 75' lang='grc' dir='ltr'>νῦν</span> <span class='ocrx_word' id='word_1_398' title='bbox 585 2363 753 2399; x_wconf 86' lang='grc' dir='ltr'>πεφύλακται</span> <span class='ocrx_word' id='word_1_399' title='bbox 767 2364 858 2400; x_wconf 86' lang='grc' dir='ltr'>χάριτι</span> 
     </span>
    </p>
   </div>
   <div class='ocr_carea' id='block_1_54' title="bbox 74 2407 858 2446">
    <p class='ocr_par' dir='ltr' id='par_1_54' title="bbox 74 2407 858 2446">
     <span class='ocr_line' id='line_1_54' title="bbox 74 2407 858 2446; baseline 0.005 -13"><span class='ocrx_word' id='word_1_400' title='bbox 74 2407 138 2433; x_wconf 83' lang='grc' dir='ltr'><strong>Θεοῦ</strong></span> <span class='ocrx_word' id='word_1_401' title='bbox 161 2408 190 2433; x_wconf 80' lang='grc' dir='ltr'>ἐν</span> <span class='ocrx_word' id='word_1_402' title='bbox 214 2408 247 2443; x_wconf 83' lang='grc' dir='ltr'>τῇ</span> <span class='ocrx_word' id='word_1_403' title='bbox 268 2407 398 2442; x_wconf 80' lang='grc' dir='ltr'>Ἐφεσίων</span> <span class='ocrx_word' id='word_1_404' title='bbox 415 2408 554 2445; x_wconf 83' lang='grc' dir='ltr'>ἁγιωτάτῃ</span> <span class='ocrx_word' id='word_1_405' title='bbox 568 2409 726 2446; x_wconf 87' lang='grc' dir='ltr'>Ἐκκλησία,</span> <span class='ocrx_word' id='word_1_406' title='bbox 737 2410 784 2436; x_wconf 79' lang='grc' dir='ltr'>καὶ</span> <span class='ocrx_word' id='word_1_407' title='bbox 805 2410 858 2437; x_wconf 77' lang='grc' dir='ltr'><strong>ὑπὸ</strong></span> 
     </span>
    </p>
   </div>
   <div class='ocr_carea' id='block_1_55' title="bbox 75 2453 858 2489">
    <p class='ocr_par' dir='ltr' id='par_1_55' title="bbox 75 2453 858 2489">
     <span class='ocr_line' id='line_1_55' title="bbox 75 2453 858 2489; baseline 0.005 -11"><span class='ocrx_word' id='word_1_408' title='bbox 75 2453 124 2479; x_wconf 81' lang='grc' dir='ltr'><strong>τῶν</strong></span> <span class='ocrx_word' id='word_1_409' title='bbox 139 2453 242 2479; x_wconf 82' lang='grc' dir='ltr'>πιστῶν</span> <span class='ocrx_word' id='word_1_410' title='bbox 262 2454 351 2480; x_wconf 72' lang='grc' dir='ltr'>ἐκεῖσε</span> <span class='ocrx_word' id='word_1_411' title='bbox 370 2455 569 2489; x_wconf 85' lang='grc' dir='ltr'>προσκυνεῖται.</span> <span class='ocrx_word' id='word_1_412' title='bbox 584 2455 638 2481; x_wconf 75' lang='grc' dir='ltr'><strong>Καὶ</strong></span> <span class='ocrx_word' id='word_1_413' title='bbox 653 2455 733 2482; x_wconf 86' lang='grc' dir='ltr'>πάλιν</span> <span class='ocrx_word' id='word_1_414' title='bbox 748 2456 762 2482; x_wconf 85' lang='grc' dir='ltr'>ὁ</span> <span class='ocrx_word' id='word_1_415' title='bbox 776 2456 858 2488; x_wconf 83' lang='grc' dir='ltr'>αὑτός</span> 
     </span>
    </p>
   </div>
   <div class='ocr_carea' id='block_1_56' title="bbox 76 2497 855 2536">
    <p class='ocr_par' dir='ltr' id='par_1_56' title="bbox 76 2497 855 2536">
     <span class='ocr_line' id='line_1_56' title="bbox 76 2497 855 2536; baseline 0.005 -12"><span class='ocrx_word' id='word_1_416' title='bbox 76 2507 154 2533; x_wconf 73' lang='grc' dir='ltr'>φησιν</span> <span class='ocrx_word' id='word_1_417' title='bbox 187 2499 381 2535; x_wconf 72' lang='grc' dir='ltr'>εὐαγγελιστής</span> <span class='ocrx_word' id='word_1_418' title='bbox 395 2507 402 2515; x_wconf 88' lang='grc'>·</span> <span class='ocrx_word' id='word_1_419' title='bbox 432 2501 464 2526; x_wconf 82' lang='grc' dir='ltr'><strong>οι</strong></span> <span class='ocrx_word' id='word_1_420' title='bbox 489 2497 545 2527; x_wconf 81' lang='grc' dir='ltr'>οὖν</span> <span class='ocrx_word' id='word_1_421' title='bbox 563 2500 704 2533; x_wconf 80' lang='grc' dir='ltr'>Ἰουδαῖοι,</span> <span class='ocrx_word' id='word_1_422' title='bbox 734 2502 783 2528; x_wconf 80' lang='grc' dir='ltr'>ἵνα</span> <span class='ocrx_word' id='word_1_423' title='bbox 811 2501 855 2536; x_wconf 84' lang='grc' dir='ltr'>μὴ</span> 
     </span>
    </p>
   </div>
   <div class='ocr_carea' id='block_1_57' title="bbox 73 2544 854 2580">
    <p class='ocr_par' dir='ltr' id='par_1_57' title="bbox 73 2544 854 2580">
     <span class='ocr_line' id='line_1_57' title="bbox 73 2544 854 2580; baseline 0.005 -10"><span class='ocrx_word' id='word_1_424' title='bbox 73 2544 156 2578; x_wconf 80' lang='grc' dir='ltr'>μείνῃ</span> <span class='ocrx_word' id='word_1_425' title='bbox 178 2544 226 2571; x_wconf 75' lang='grc' dir='ltr'><strong>ἐπὶ</strong></span> <span class='ocrx_word' id='word_1_426' title='bbox 250 2545 303 2572; x_wconf 85' lang='grc' dir='ltr'>τοῦ</span> <span class='ocrx_word' id='word_1_427' title='bbox 323 2546 454 2580; x_wconf 81' lang='grc' dir='ltr'>σταυροῦ</span> <span class='ocrx_word' id='word_1_428' title='bbox 472 2545 508 2572; x_wconf 82' lang='grc' dir='ltr'>τὰ</span> <span class='ocrx_word' id='word_1_429' title='bbox 519 2545 640 2580; x_wconf 85' lang='grc' dir='ltr'>σώματα</span> <span class='ocrx_word' id='word_1_430' title='bbox 650 2546 685 2573; x_wconf 83' lang='grc' dir='ltr'>ἐν</span> <span class='ocrx_word' id='word_1_431' title='bbox 695 2546 734 2579; x_wconf 79' lang='grc' dir='ltr'>τῷ</span> <span class='ocrx_word' id='word_1_432' title='bbox 745 2547 854 2574; x_wconf 77' lang='grc' dir='ltr'>σαϐϐά-</span> 
     </span>
    </p>
   </div>
   <div class='ocr_carea' id='block_1_58' title="bbox 75 2587 854 2627">
    <p class='ocr_par' dir='ltr' id='par_1_58' title="bbox 75 2587 854 2627">
     <span class='ocr_line' id='line_1_58' title="bbox 75 2587 854 2627; baseline 0.008 -13"><span class='ocrx_word' id='word_1_433' title='bbox 75 2596 112 2620; x_wconf 82' lang='grc' dir='ltr'>τῳ</span> <span class='ocrx_word' id='word_1_434' title='bbox 131 2587 205 2624; x_wconf 75' lang='grc' dir='ltr'><strong>(ἐπεὶ</strong></span> <span class='ocrx_word' id='word_1_435' title='bbox 217 2589 399 2624; x_wconf 86' lang='grc' dir='ltr'>Παρασκευὴ</span> <span class='ocrx_word' id='word_1_436' title='bbox 410 2588 464 2625; x_wconf 83' lang='grc' dir='ltr'><strong>ἦν’</strong></span> <span class='ocrx_word' id='word_1_437' title='bbox 480 2588 520 2625; x_wconf 81' lang='grc' dir='ltr'>ἦν</span> <span class='ocrx_word' id='word_1_438' title='bbox 537 2591 591 2625; x_wconf 75' lang='grc' dir='ltr'>γὰρ</span> <span class='ocrx_word' id='word_1_439' title='bbox 603 2591 718 2626; x_wconf 77' lang='grc' dir='ltr'>μεγάλη</span> <span class='ocrx_word' id='word_1_440' title='bbox 730 2592 748 2626; x_wconf 76' lang='grc' dir='ltr'><strong><em>ἡ</em></strong></span> <span class='ocrx_word' id='word_1_441' title='bbox 760 2592 854 2627; x_wconf 72' lang='grc' dir='ltr'>ἡμέρα</span> 
     </span>
    </p>
   </div>
   <div class='ocr_carea' id='block_1_59' title="bbox 75 2633 856 2671">
    <p class='ocr_par' dir='ltr' id='par_1_59' title="bbox 75 2633 856 2671">
     <span class='ocr_line' id='line_1_59' title="bbox 75 2633 856 2671; baseline 0.005 -11"><span class='ocrx_word' id='word_1_442' title='bbox 75 2633 171 2668; x_wconf 77' lang='grc' dir='ltr'>ἐκείνη</span> <span class='ocrx_word' id='word_1_443' title='bbox 184 2635 240 2661; x_wconf 89' lang='grc' dir='ltr'>τοῦ</span> <span class='ocrx_word' id='word_1_444' title='bbox 252 2635 422 2671; x_wconf 77' lang='grc' dir='ltr'>σαϐϐάτου),</span> <span class='ocrx_word' id='word_1_445' title='bbox 431 2636 588 2670; x_wconf 73' lang='grc' dir='ltr'>ἠρώτησαν</span> <span class='ocrx_word' id='word_1_446' title='bbox 601 2637 654 2663; x_wconf 84' lang='grc' dir='ltr'>τὸν</span> <span class='ocrx_word' id='word_1_447' title='bbox 664 2637 793 2664; x_wconf 70' lang='grc' dir='ltr'>Πιλᾶτον</span> <span class='ocrx_word' id='word_1_448' title='bbox 806 2638 856 2664; x_wconf 82' lang='grc' dir='ltr'>ἵνα</span> 
     </span>
    </p>
   </div>
   <div class='ocr_carea' id='block_1_60' title="bbox 77 2680 855 2718">
    <p class='ocr_par' dir='ltr' id='par_1_60' title="bbox 77 2680 855 2718">
     <span class='ocr_line' id='line_1_60' title="bbox 77 2680 855 2718; baseline 0.008 -13"><span class='ocrx_word' id='word_1_449' title='bbox 77 2680 256 2715; x_wconf 73' lang='grc' dir='ltr'>κατεαγῶσιν</span> <span class='ocrx_word' id='word_1_450' title='bbox 280 2681 378 2707; x_wconf 85' lang='grc' dir='ltr'>αὐτῶν</span> <span class='ocrx_word' id='word_1_451' title='bbox 401 2683 438 2708; x_wconf 84' lang='grc' dir='ltr'>τὰ</span> <span class='ocrx_word' id='word_1_452' title='bbox 459 2682 565 2715; x_wconf 78' lang='grc' dir='ltr'>σκέλη,</span> <span class='ocrx_word' id='word_1_453' title='bbox 589 2683 639 2710; x_wconf 82' lang='grc' dir='ltr'>καὶ</span> <span class='ocrx_word' id='word_1_454' title='bbox 664 2684 802 2718; x_wconf 78' lang='grc' dir='ltr'>ἀρθῶσιν.</span> <span class='ocrx_word' id='word_1_455' title='bbox 811 2684 855 2711; x_wconf 85' lang='grc' dir='ltr'>Ἐν</span> 
     </span>
    </p>
   </div>
   <div class='ocr_carea' id='block_1_61' title="bbox 78 2725 854 2765">
    <p class='ocr_par' dir='ltr' id='par_1_61' title="bbox 78 2725 854 2765">
     <span class='ocr_line' id='line_1_61' title="bbox 78 2725 854 2765; baseline 0.005 -12"><span class='ocrx_word' id='word_1_456' title='bbox 78 2726 141 2761; x_wconf 77' lang='grc' dir='ltr'>αὐτῇ</span> <span class='ocrx_word' id='word_1_457' title='bbox 164 2725 210 2754; x_wconf 82' lang='grc' dir='ltr'>οὖν</span> <span class='ocrx_word' id='word_1_458' title='bbox 236 2728 269 2763; x_wconf 83' lang='grc' dir='ltr'>τῇ</span> <span class='ocrx_word' id='word_1_459' title='bbox 291 2727 393 2763; x_wconf 76' lang='grc' dir='ltr'>ἡμέρᾳ,</span> <span class='ocrx_word' id='word_1_460' title='bbox 407 2728 436 2753; x_wconf 85' lang='grc' dir='ltr'>ὲν</span> <span class='ocrx_word' id='word_1_461' title='bbox 481 2727 591 2763; x_wconf 82' lang='grc' dir='ltr'>ἔμελλον</span> <span class='ocrx_word' id='word_1_462' title='bbox 609 2729 633 2756; x_wconf 89' lang='grc' dir='ltr'>οἱ</span> <span class='ocrx_word' id='word_1_463' title='bbox 653 2729 772 2757; x_wconf 84' lang='grc' dir='ltr'>Ἰουδαῖοι</span> <span class='ocrx_word' id='word_1_464' title='bbox 786 2729 854 2765; x_wconf 79' lang='grc' dir='ltr'>πρὸς</span> 
     </span>
    </p>
   </div>
   <div class='ocr_carea' id='block_1_62' title="bbox 939 220 1723 267">
    <p class='ocr_par' dir='ltr' id='par_1_62' title="bbox 939 220 1723 267">
     <span class='ocr_line' id='line_1_62' title="bbox 939 220 1723 267; baseline 0.017 -21"><span class='ocrx_word' id='word_1_465' title='bbox 939 220 1025 256; x_wconf 87' lang='lat' dir='ltr'><strong>magis</strong></span> <span class='ocrx_word' id='word_1_466' title='bbox 1038 221 1202 249; x_wconf 87' lang='lat' dir='ltr'><strong>currendum</strong></span> <span class='ocrx_word' id='word_1_467' title='bbox 1218 227 1291 257; x_wconf 87' lang='lat' dir='ltr'><strong>erat,</strong></span> <span class='ocrx_word' id='word_1_468' title='bbox 1305 231 1359 251; x_wconf 85' lang='lat' dir='ltr'><strong>non</strong></span> <span class='ocrx_word' id='word_1_469' title='bbox 1381 233 1446 253; x_wconf 87' lang='lat' dir='ltr'><strong>vero</strong></span> <span class='ocrx_word' id='word_1_470' title='bbox 1462 231 1563 256; x_wconf 87' lang='lat' dir='ltr'><strong>temere</strong></span> <span class='ocrx_word' id='word_1_471' title='bbox 1576 237 1607 257; x_wconf 90' lang='lat' dir='ltr'><strong>ac</strong></span> <span class='ocrx_word' id='word_1_472' title='bbox 1627 220 1723 267; x_wconf 69' lang='lat' dir='ltr'><strong>perpe-</strong></span> 
     </span>
    </p>
   </div>
   <div class='ocr_carea' id='block_1_63' title="bbox 939 266 1720 307">
    <p class='ocr_par' dir='ltr' id='par_1_63' title="bbox 939 266 1720 307">
     <span class='ocr_line' id='line_1_63' title="bbox 939 266 1720 307; baseline 0.017 -16"><span class='ocrx_word' id='word_1_473' title='bbox 939 273 996 292; x_wconf 91' lang='lat' dir='ltr'><strong>ram</strong></span> <span class='ocrx_word' id='word_1_474' title='bbox 1012 266 1202 300; x_wconf 82' lang='lat' dir='ltr'><strong>scribendum,</strong></span> <span class='ocrx_word' id='word_1_475' title='bbox 1221 268 1255 295; x_wconf 90' lang='lat' dir='ltr'><strong>ab</strong></span> <span class='ocrx_word' id='word_1_476' title='bbox 1270 269 1348 296; x_wconf 92' lang='lat' dir='ltr'><strong>initio</strong></span> <span class='ocrx_word' id='word_1_477' title='bbox 1364 275 1389 297; x_wconf 89' lang='lat' dir='ltr'><strong>et</strong></span> <span class='ocrx_word' id='word_1_478' title='bbox 1409 278 1515 307; x_wconf 84' lang='lat' dir='ltr'><strong>semper</strong></span> <span class='ocrx_word' id='word_1_479' title='bbox 1529 274 1600 302; x_wconf 90' lang='lat' dir='ltr'><strong>circa</strong></span> <span class='ocrx_word' id='word_1_480' title='bbox 1615 266 1720 304; x_wconf 84' lang='lat' dir='ltr'><strong>Pascha</strong></span> 
     </span>
    </p>
   </div>
   <div class='ocr_carea' id='block_1_64' title="bbox 937 312 1717 354">
    <p class='ocr_par' dir='ltr' id='par_1_64' title="bbox 937 312 1717 354">
     <span class='ocr_line' id='line_1_64' title="bbox 937 312 1717 354; baseline 0.017 -17"><span class='ocrx_word' id='word_1_481' title='bbox 937 318 1044 340; x_wconf 83' lang='lat' dir='ltr'><strong>errasse</strong></span> <span class='ocrx_word' id='word_1_482' title='bbox 1061 312 1163 345; x_wconf 86' lang='lat' dir='ltr'><strong>videri,</strong></span> <span class='ocrx_word' id='word_1_483' title='bbox 1180 321 1242 341; x_wconf 88' lang='lat' dir='ltr'><strong>cum</strong></span> <span class='ocrx_word' id='word_1_484' title='bbox 1268 314 1294 342; x_wconf 93' lang='lat' dir='ltr'><strong>id</strong></span> <span class='ocrx_word' id='word_1_485' title='bbox 1316 316 1427 344; x_wconf 87' lang='lat' dir='ltr'><strong>minime</strong></span> <span class='ocrx_word' id='word_1_486' title='bbox 1452 319 1540 352; x_wconf 82' lang='lat' dir='ltr'><strong>possis</strong></span> <span class='ocrx_word' id='word_1_487' title='bbox 1558 322 1717 354; x_wconf 90' lang='lat' dir='ltr'><strong>ostendere,</strong></span> 
     </span>
    </p>
   </div>
   <div class='ocr_carea' id='block_1_65' title="bbox 937 357 1717 401">
    <p class='ocr_par' dir='ltr' id='par_1_65' title="bbox 937 357 1717 401">
     <span class='ocr_line' id='line_1_65' title="bbox 937 357 1717 401; baseline 0.015 -18"><span class='ocrx_word' id='word_1_488' title='bbox 937 357 1068 392; x_wconf 81' lang='lat' dir='ltr'><strong>quidquid</strong></span> <span class='ocrx_word' id='word_1_489' title='bbox 1085 358 1207 394; x_wconf 81' lang='lat' dir='ltr'><strong>ingerere</strong></span> <span class='ocrx_word' id='word_1_490' title='bbox 1222 361 1289 388; x_wconf 85' lang='lat' dir='ltr'><strong>velis</strong></span> <span class='ocrx_word' id='word_1_491' title='bbox 1302 361 1352 394; x_wconf 83' lang='lat' dir='ltr'><strong>iis,</strong></span> <span class='ocrx_word' id='word_1_492' title='bbox 1369 363 1413 397; x_wconf 90' lang='lat' dir='ltr'><strong>qui</strong></span> <span class='ocrx_word' id='word_1_493' title='bbox 1427 371 1499 391; x_wconf 85' lang='lat' dir='ltr'><strong>nunc</strong></span> <span class='ocrx_word' id='word_1_494' title='bbox 1522 372 1583 392; x_wconf 88' lang='lat' dir='ltr'><strong>cum</strong></span> <span class='ocrx_word' id='word_1_495' title='bbox 1599 367 1717 401; x_wconf 88' lang='lat' dir='ltr'><strong>plurimo</strong></span> 
     </span>
    </p>
   </div>
   <div class='ocr_carea' id='block_1_66' title="bbox 935 403 1717 441">
    <p class='ocr_par' dir='ltr' id='par_1_66' title="bbox 935 403 1717 441">
     <span class='ocr_line' id='line_1_66' title="bbox 935 403 1717 441; baseline 0.018 -14"><span class='ocrx_word' id='word_1_496' title='bbox 935 409 1028 429; x_wconf 88' lang='lat' dir='ltr'><strong>errore</strong></span> <span class='ocrx_word' id='word_1_497' title='bbox 1044 409 1059 429; x_wconf 94' lang='lat' dir='ltr'><strong>a</strong></span> <span class='ocrx_word' id='word_1_498' title='bbox 1074 403 1140 438; x_wconf 87' lang='lat' dir='ltr'><strong>legis</strong></span> <span class='ocrx_word' id='word_1_499' title='bbox 1161 410 1296 440; x_wconf 67' lang='lat' dir='ltr'><strong>praeepto</strong></span> <span class='ocrx_word' id='word_1_500' title='bbox 1311 406 1345 434; x_wconf 89' lang='lat' dir='ltr'><strong>de</strong></span> <span class='ocrx_word' id='word_1_501' title='bbox 1359 407 1492 436; x_wconf 91' lang='lat' dir='ltr'><strong>Paschale</strong></span> <span class='ocrx_word' id='word_1_502' title='bbox 1513 413 1540 438; x_wconf 87' lang='lat' dir='ltr'><strong>et</strong></span> <span class='ocrx_word' id='word_1_503' title='bbox 1561 412 1622 440; x_wconf 86' lang='lat' dir='ltr'><strong>aliis</strong></span> <span class='ocrx_word' id='word_1_504' title='bbox 1641 414 1717 441; x_wconf 85' lang='lat' dir='ltr'><strong>aber-</strong></span> 
     </span>
    </p>
   </div>
   <div class='ocr_carea' id='block_1_67' title="bbox 935 447 1715 492">
    <p class='ocr_par' dir='ltr' id='par_1_67' title="bbox 935 447 1715 492">
     <span class='ocr_line' id='line_1_67' title="bbox 935 447 1715 492; baseline 0.017 -18"><span class='ocrx_word' id='word_1_505' title='bbox 935 452 1006 476; x_wconf 88' lang='lat' dir='ltr'><strong>rant.</strong></span> <span class='ocrx_word' id='word_1_506' title='bbox 1023 447 1156 477; x_wconf 85' lang='lat' dir='ltr'><strong>Videntur</strong></span> <span class='ocrx_word' id='word_1_507' title='bbox 1170 452 1242 478; x_wconf 89' lang='lat' dir='ltr'><strong>enim</strong></span> <span class='ocrx_word' id='word_1_508' title='bbox 1262 457 1368 480; x_wconf 91' lang='lat' dir='ltr'><strong>veteres</strong></span> <span class='ocrx_word' id='word_1_509' title='bbox 1385 454 1450 481; x_wconf 92' lang='lat' dir='ltr'><strong>illud</strong></span> <span class='ocrx_word' id='word_1_510' title='bbox 1469 456 1558 490; x_wconf 81' lang='lat' dir='ltr'><strong>egisse</strong></span> <span class='ocrx_word' id='word_1_511' title='bbox 1576 463 1637 492; x_wconf 92' lang='lat' dir='ltr'><strong>post</strong></span> <span class='ocrx_word' id='word_1_512' title='bbox 1656 467 1715 487; x_wconf 81' lang='lat' dir='ltr'><strong>ver-</strong></span> 
     </span>
    </p>
   </div>
   <div class='ocr_carea' id='block_1_68' title="bbox 935 495 1714 532">
    <p class='ocr_par' dir='ltr' id='par_1_68' title="bbox 935 495 1714 532">
     <span class='ocr_line' id='line_1_68' title="bbox 935 495 1714 532; baseline 0.015 -13"><span class='ocrx_word' id='word_1_513' title='bbox 935 501 999 520; x_wconf 93' lang='lat' dir='ltr'><strong>num</strong></span> <span class='ocrx_word' id='word_1_514' title='bbox 1024 495 1233 529; x_wconf 77' lang='lat' dir='ltr'><strong>aequinoctium,</strong></span> <span class='ocrx_word' id='word_1_515' title='bbox 1258 498 1330 532; x_wconf 90' lang='lat' dir='ltr'><strong>quod</strong></span> <span class='ocrx_word' id='word_1_516' title='bbox 1357 507 1438 527; x_wconf 87' lang='lat' dir='ltr'><strong>nosse</strong></span> <span class='ocrx_word' id='word_1_517' title='bbox 1452 500 1501 528; x_wconf 93' lang='lat' dir='ltr'><strong>tibi</strong></span> <span class='ocrx_word' id='word_1_518' title='bbox 1518 501 1609 529; x_wconf 84' lang='lat' dir='ltr'><strong>licebit</strong></span> <span class='ocrx_word' id='word_1_519' title='bbox 1630 503 1714 532; x_wconf 85' lang='lat' dir='ltr'><strong>libros</strong></span> 
     </span>
    </p>
   </div>
   <div class='ocr_carea' id='block_1_69' title="bbox 933 540 1713 582">
    <p class='ocr_par' dir='ltr' id='par_1_69' title="bbox 933 540 1713 582">
     <span class='ocr_line' id='line_1_69' title="bbox 933 540 1713 582; baseline 0.014 -17"><span class='ocrx_word' id='word_1_520' title='bbox 933 543 1038 567; x_wconf 79' lang='lat' dir='ltr'><strong>veteres</strong></span> <span class='ocrx_word' id='word_1_521' title='bbox 1056 540 1171 576; x_wconf 82' lang='lat' dir='ltr'><strong>legenti,</strong></span> <span class='ocrx_word' id='word_1_522' title='bbox 1186 541 1300 577; x_wconf 90' lang='lat' dir='ltr'><strong>illosque</strong></span> <span class='ocrx_word' id='word_1_523' title='bbox 1315 544 1432 572; x_wconf 84' lang='lat' dir='ltr'><strong>maxime</strong></span> <span class='ocrx_word' id='word_1_524' title='bbox 1450 545 1496 580; x_wconf 88' lang='lat' dir='ltr'><strong>qui</strong></span> <span class='ocrx_word' id='word_1_525' title='bbox 1510 553 1526 572; x_wconf 86' lang='lat' dir='ltr'><strong>a</strong></span> <span class='ocrx_word' id='word_1_526' title='bbox 1545 547 1713 582; x_wconf 78' lang='lat' dir='ltr'><strong>sapientibus</strong></span> 
     </span>
    </p>
   </div>
   <div class='ocr_carea' id='block_1_70' title="bbox 933 583 1300 622">
    <p class='ocr_par' dir='ltr' id='par_1_70' title="bbox 933 583 1300 622">
     <span class='ocr_line' id='line_1_70' title="bbox 933 583 1300 622; baseline 0.014 -12"><span class='ocrx_word' id='word_1_527' title='bbox 933 583 1053 613; x_wconf 74' lang='lat' dir='ltr'><strong>llebneis</strong></span> <span class='ocrx_word' id='word_1_528' title='bbox 1068 590 1132 613; x_wconf 87' lang='lat' dir='ltr'><strong>sunt</strong></span> <span class='ocrx_word' id='word_1_529' title='bbox 1142 587 1300 622; x_wconf 89' lang='lat' dir='ltr'><strong>conscripti.</strong></span> 
     </span>
    </p>
   </div>
   <div class='ocr_carea' id='block_1_71' title="bbox 968 669 1712 714">
    <p class='ocr_par' dir='ltr' id='par_1_71' title="bbox 968 669 1712 714">
     <span class='ocr_line' id='line_1_71' title="bbox 968 669 1712 714; baseline 0.013 -18"><span class='ocrx_word' id='word_1_530' title='bbox 968 669 1022 698; x_wconf 90' lang='lat' dir='ltr'><strong>Vll.</strong></span> <span class='ocrx_word' id='word_1_531' title='bbox 1047 669 1185 699; x_wconf 81' lang='lat' dir='ltr'><strong>Hactenus</strong></span> <span class='ocrx_word' id='word_1_532' title='bbox 1211 672 1294 706; x_wconf 83' lang='lat' dir='ltr'><strong>igitur</strong></span> <span class='ocrx_word' id='word_1_533' title='bbox 1316 680 1403 708; x_wconf 87' lang='lat' dir='ltr'><strong>usque</strong></span> <span class='ocrx_word' id='word_1_534' title='bbox 1418 674 1450 701; x_wconf 88' lang='lat' dir='ltr'><strong>ad</strong></span> <span class='ocrx_word' id='word_1_535' title='bbox 1465 674 1634 704; x_wconf 83' lang='lat' dir='ltr'><strong>Dominicam</strong></span> <span class='ocrx_word' id='word_1_536' title='bbox 1648 686 1712 714; x_wconf 89' lang='lat' dir='ltr'><strong>pas-</strong></span> 
     </span>
    </p>
   </div>
   <div class='ocr_carea' id='block_1_72' title="bbox 930 715 1711 756">
    <p class='ocr_par' dir='ltr' id='par_1_72' title="bbox 930 715 1711 756">
     <span class='ocr_line' id='line_1_72' title="bbox 930 715 1711 756; baseline 0.009 -14"><span class='ocrx_word' id='word_1_537' title='bbox 930 715 1049 747; x_wconf 71' lang='lat' dir='ltr'><strong>sionem,</strong></span> <span class='ocrx_word' id='word_1_538' title='bbox 1068 719 1150 750; x_wconf 88' lang='lat' dir='ltr'><strong>atque</strong></span> <span class='ocrx_word' id='word_1_539' title='bbox 1167 716 1234 743; x_wconf 91' lang='lat' dir='ltr'><strong>adeo</strong></span> <span class='ocrx_word' id='word_1_540' title='bbox 1254 717 1281 743; x_wconf 91' lang='lat' dir='ltr'><strong>in</strong></span> <span class='ocrx_word' id='word_1_541' title='bbox 1302 721 1439 752; x_wconf 87' lang='lat' dir='ltr'><strong>postremo</strong></span> <span class='ocrx_word' id='word_1_542' title='bbox 1465 718 1711 756; x_wconf 82' lang='lat' dir='ltr'><strong>Hierosolymitano</strong></span> 
     </span>
    </p>
   </div>
   <div class='ocr_carea' id='block_1_73' title="bbox 929 760 1709 802">
    <p class='ocr_par' dir='ltr' id='par_1_73' title="bbox 929 760 1709 802">
     <span class='ocr_line' id='line_1_73' title="bbox 929 760 1709 802; baseline 0.009 -15"><span class='ocrx_word' id='word_1_543' title='bbox 929 760 1048 792; x_wconf 79' lang='lat' dir='ltr'><strong>excidio,</strong></span> <span class='ocrx_word' id='word_1_544' title='bbox 1063 761 1135 795; x_wconf 88' lang='lat' dir='ltr'><strong>quod</strong></span> <span class='ocrx_word' id='word_1_545' title='bbox 1148 762 1199 788; x_wconf 87' lang='lat' dir='ltr'><strong>sub</strong></span> <span class='ocrx_word' id='word_1_546' title='bbox 1213 760 1379 797; x_wconf 82' lang='lat' dir='ltr'><strong>Vespasiano</strong></span> <span class='ocrx_word' id='word_1_547' title='bbox 1395 763 1579 792; x_wconf 73' lang='lat' dir='ltr'><strong>Romanorum</strong></span> <span class='ocrx_word' id='word_1_548' title='bbox 1595 767 1709 802; x_wconf 85' lang='lat' dir='ltr'><strong>impera-</strong></span> 
     </span>
    </p>
   </div>
   <div class='ocr_carea' id='block_1_74' title="bbox 929 807 1708 846">
    <p class='ocr_par' dir='ltr' id='par_1_74' title="bbox 929 807 1708 846">
     <span class='ocr_line' id='line_1_74' title="bbox 929 807 1708 846; baseline 0.01 -13"><span class='ocrx_word' id='word_1_549' title='bbox 929 810 987 834; x_wconf 87' lang='lat' dir='ltr'><strong>tore</strong></span> <span class='ocrx_word' id='word_1_550' title='bbox 1003 807 1131 842; x_wconf 74' lang='lat' dir='ltr'><strong>contigit,</strong></span> <span class='ocrx_word' id='word_1_551' title='bbox 1147 808 1274 843; x_wconf 88' lang='lat' dir='ltr'><strong>populum</strong></span> <span class='ocrx_word' id='word_1_552' title='bbox 1288 808 1436 837; x_wconf 86' lang='lat' dir='ltr'><strong>lsraelitam</strong></span> <span class='ocrx_word' id='word_1_553' title='bbox 1452 818 1498 837; x_wconf 81' lang='lat' dir='ltr'><strong>xw</strong></span> <span class='ocrx_word' id='word_1_554' title='bbox 1513 812 1593 846; x_wconf 89' lang='lat' dir='ltr'><strong>primi</strong></span> <span class='ocrx_word' id='word_1_555' title='bbox 1606 814 1708 841; x_wconf 86' lang='lat' dir='ltr'><strong>mensis</strong></span> 
     </span>
    </p>
   </div>
   <div class='ocr_carea' id='block_1_75' title="bbox 927 852 1706 889">
    <p class='ocr_par' dir='ltr' id='par_1_75' title="bbox 927 852 1706 889">
     <span class='ocr_line' id='line_1_75' title="bbox 927 852 1706 889; baseline 0.009 -10"><span class='ocrx_word' id='word_1_556' title='bbox 927 852 997 880; x_wconf 66' lang='lat' dir='ltr'><strong>lunas</strong></span> <span class='ocrx_word' id='word_1_557' title='bbox 1010 858 1084 880; x_wconf 86' lang='lat' dir='ltr'><strong>recte</strong></span> <span class='ocrx_word' id='word_1_558' title='bbox 1101 857 1218 886; x_wconf 86' lang='lat' dir='ltr'><strong>statuta,</strong></span> <span class='ocrx_word' id='word_1_559' title='bbox 1242 854 1327 889; x_wconf 79' lang='lat' dir='ltr'><strong>legale</strong></span> <span class='ocrx_word' id='word_1_560' title='bbox 1354 856 1506 884; x_wconf 80' lang='lat' dir='ltr'><strong>celebrasse</strong></span> <span class='ocrx_word' id='word_1_561' title='bbox 1522 857 1626 885; x_wconf 79' lang='lat' dir='ltr'><strong>Pascha</strong></span> <span class='ocrx_word' id='word_1_562' title='bbox 1644 859 1706 887; x_wconf 89' lang='lat' dir='ltr'><strong>bre-</strong></span> 
     </span>
    </p>
   </div>
   <div class='ocr_carea' id='block_1_76' title="bbox 925 899 1706 939">
    <p class='ocr_par' dir='ltr' id='par_1_76' title="bbox 925 899 1706 939">
     <span class='ocr_line' id='line_1_76' title="bbox 925 899 1706 939; baseline 0.009 -14"><span class='ocrx_word' id='word_1_563' title='bbox 925 899 995 926; x_wconf 88' lang='lat' dir='ltr'><strong>viter</strong></span> <span class='ocrx_word' id='word_1_564' title='bbox 1028 899 1243 927; x_wconf 85' lang='lat' dir='ltr'><strong>demonstratum</strong></span> <span class='ocrx_word' id='word_1_565' title='bbox 1266 906 1316 929; x_wconf 88' lang='lat' dir='ltr'><strong>est.</strong></span> <span class='ocrx_word' id='word_1_566' title='bbox 1357 901 1449 929; x_wconf 87' lang='lat' dir='ltr'><strong>Sacris</strong></span> <span class='ocrx_word' id='word_1_567' title='bbox 1476 909 1541 938; x_wconf 78' lang='lat' dir='ltr'><strong>ergo</strong></span> <span class='ocrx_word' id='word_1_568' title='bbox 1566 904 1706 939; x_wconf 86' lang='lat' dir='ltr'><strong>prophetis</strong></span> 
     </span>
    </p>
   </div>
   <div class='ocr_carea' id='block_1_77' title="bbox 923 945 1706 985">
    <p class='ocr_par' dir='ltr' id='par_1_77' title="bbox 923 945 1706 985">
     <span class='ocr_line' id='line_1_77' title="bbox 923 945 1706 985; baseline 0.008 -14"><span class='ocrx_word' id='word_1_569' title='bbox 923 945 1121 980; x_wconf 85' lang='lat' dir='ltr'><strong>omnibusque,</strong></span> <span class='ocrx_word' id='word_1_570' title='bbox 1137 949 1166 972; x_wconf 93' lang='lat' dir='ltr'><strong>ut</strong></span> <span class='ocrx_word' id='word_1_571' title='bbox 1181 945 1253 977; x_wconf 75' lang='lat' dir='ltr'><strong>dixi,</strong></span> <span class='ocrx_word' id='word_1_572' title='bbox 1270 950 1364 974; x_wconf 83' lang='lat' dir='ltr'><strong>sancte</strong></span> <span class='ocrx_word' id='word_1_573' title='bbox 1379 947 1460 974; x_wconf 90' lang='lat' dir='ltr'><strong>simul</strong></span> <span class='ocrx_word' id='word_1_574' title='bbox 1477 948 1586 982; x_wconf 85' lang='lat' dir='ltr'><strong>etjusle</strong></span> <span class='ocrx_word' id='word_1_575' title='bbox 1606 950 1633 976; x_wconf 94' lang='lat' dir='ltr'><strong>in</strong></span> <span class='ocrx_word' id='word_1_576' title='bbox 1648 951 1706 985; x_wconf 88' lang='lat' dir='ltr'><strong>lege</strong></span> 
     </span>
    </p>
   </div>
   <div class='ocr_carea' id='block_1_78' title="bbox 924 990 1705 1030">
    <p class='ocr_par' dir='ltr' id='par_1_78' title="bbox 924 990 1705 1030">
     <span class='ocr_line' id='line_1_78' title="bbox 924 990 1705 1030; baseline 0.009 -13"><span class='ocrx_word' id='word_1_577' title='bbox 924 990 1029 1018; x_wconf 91' lang='lat' dir='ltr'><strong>Domini</strong></span> <span class='ocrx_word' id='word_1_578' title='bbox 1044 992 1228 1024; x_wconf 84' lang='lat' dir='ltr'><strong>versantibus,</strong></span> <span class='ocrx_word' id='word_1_579' title='bbox 1246 1000 1307 1020; x_wconf 91' lang='lat' dir='ltr'><strong>cum</strong></span> <span class='ocrx_word' id='word_1_580' title='bbox 1321 993 1448 1021; x_wconf 92' lang='lat' dir='ltr'><strong>universo</strong></span> <span class='ocrx_word' id='word_1_581' title='bbox 1460 994 1570 1029; x_wconf 87' lang='lat' dir='ltr'><strong>populo,</strong></span> <span class='ocrx_word' id='word_1_582' title='bbox 1583 995 1705 1030; x_wconf 84' lang='lat' dir='ltr'><strong>typicum</strong></span> 
     </span>
    </p>
   </div>
   <div class='ocr_carea' id='block_1_79' title="bbox 922 1037 1705 1072">
    <p class='ocr_par' dir='ltr' id='par_1_79' title="bbox 922 1037 1705 1072">
     <span class='ocr_line' id='line_1_79' title="bbox 922 1037 1705 1072; baseline 0.009 -9"><span class='ocrx_word' id='word_1_583' title='bbox 922 1041 949 1064; x_wconf 89' lang='lat' dir='ltr'><strong>et</strong></span> <span class='ocrx_word' id='word_1_584' title='bbox 964 1037 1106 1065; x_wconf 83' lang='lat' dir='ltr'><strong>umbratile</strong></span> <span class='ocrx_word' id='word_1_585' title='bbox 1133 1037 1238 1066; x_wconf 82' lang='lat' dir='ltr'><strong>Pascha</strong></span> <span class='ocrx_word' id='word_1_586' title='bbox 1259 1039 1482 1072; x_wconf 85' lang='lat' dir='ltr'><strong>celebrantibus,</strong></span> <span class='ocrx_word' id='word_1_587' title='bbox 1508 1041 1653 1070; x_wconf 87' lang='lat' dir='ltr'><strong>invisibilis</strong></span> <span class='ocrx_word' id='word_1_588' title='bbox 1676 1046 1705 1070; x_wconf 90' lang='lat' dir='ltr'><strong>et</strong></span> 
     </span>
    </p>
   </div>
   <div class='ocr_carea' id='block_1_80' title="bbox 921 1082 1704 1119">
    <p class='ocr_par' dir='ltr' id='par_1_80' title="bbox 921 1082 1704 1119">
     <span class='ocr_line' id='line_1_80' title="bbox 921 1082 1704 1119; baseline 0.009 -11"><span class='ocrx_word' id='word_1_589' title='bbox 921 1082 1036 1110; x_wconf 89' lang='lat' dir='ltr'><strong>visibilis</strong></span> <span class='ocrx_word' id='word_1_590' title='bbox 1047 1084 1136 1111; x_wconf 84' lang='lat' dir='ltr'><strong>omnis</strong></span> <span class='ocrx_word' id='word_1_591' title='bbox 1150 1088 1283 1112; x_wconf 68' lang='lat' dir='ltr'><strong>creaturae</strong></span> <span class='ocrx_word' id='word_1_592' title='bbox 1293 1084 1426 1112; x_wconf 86' lang='lat' dir='ltr'><strong>Conditor</strong></span> <span class='ocrx_word' id='word_1_593' title='bbox 1438 1093 1470 1112; x_wconf 88' lang='lat' dir='ltr'><strong>ac</strong></span> <span class='ocrx_word' id='word_1_594' title='bbox 1489 1085 1628 1119; x_wconf 85' lang='lat' dir='ltr'><strong>Dominus,</strong></span> <span class='ocrx_word' id='word_1_595' title='bbox 1642 1088 1704 1114; x_wconf 90' lang='lat' dir='ltr'><strong>uni-</strong></span> 
     </span>
    </p>
   </div>
   <div class='ocr_carea' id='block_1_81' title="bbox 921 1126 1703 1164">
    <p class='ocr_par' dir='ltr' id='par_1_81' title="bbox 921 1126 1703 1164">
     <span class='ocr_line' id='line_1_81' title="bbox 921 1126 1703 1164; baseline 0.008 -11"><span class='ocrx_word' id='word_1_596' title='bbox 921 1127 1029 1161; x_wconf 86' lang='lat' dir='ltr'><strong>genitus</strong></span> <span class='ocrx_word' id='word_1_597' title='bbox 1044 1126 1140 1160; x_wconf 83' lang='lat' dir='ltr'><strong>Filius,</strong></span> <span class='ocrx_word' id='word_1_598' title='bbox 1165 1133 1191 1155; x_wconf 91' lang='lat' dir='ltr'><strong>et</strong></span> <span class='ocrx_word' id='word_1_599' title='bbox 1207 1128 1326 1156; x_wconf 75' lang='lat' dir='ltr'><strong>Verbum</strong></span> <span class='ocrx_word' id='word_1_600' title='bbox 1342 1128 1416 1156; x_wconf 86' lang='lat' dir='ltr'><strong>Patri</strong></span> <span class='ocrx_word' id='word_1_601' title='bbox 1435 1133 1462 1156; x_wconf 89' lang='lat' dir='ltr'><strong>et</strong></span> <span class='ocrx_word' id='word_1_602' title='bbox 1479 1129 1591 1164; x_wconf 89' lang='lat' dir='ltr'><strong>Spiritui</strong></span> <span class='ocrx_word' id='word_1_603' title='bbox 1607 1137 1703 1159; x_wconf 90' lang='lat' dir='ltr'><strong>sancto</strong></span> 
     </span>
    </p>
   </div>
   <div class='ocr_carea' id='block_1_82' title="bbox 921 1174 1701 1209">
    <p class='ocr_par' dir='ltr' id='par_1_82' title="bbox 921 1174 1701 1209">
     <span class='ocr_line' id='line_1_82' title="bbox 921 1174 1701 1209; baseline 0.006 -10"><span class='ocrx_word' id='word_1_604' title='bbox 921 1177 1084 1200; x_wconf 71' lang='lat' dir='ltr'><strong>comternum</strong></span> <span class='ocrx_word' id='word_1_605' title='bbox 1096 1195 1104 1206; x_wconf 89' lang='lat'><strong>,</strong></span> <span class='ocrx_word' id='word_1_606' title='bbox 1122 1174 1300 1209; x_wconf 77' lang='lat' dir='ltr'><strong>ejusdemque</strong></span> <span class='ocrx_word' id='word_1_607' title='bbox 1322 1177 1471 1202; x_wconf 90' lang='lat' dir='ltr'><strong>secundum</strong></span> <span class='ocrx_word' id='word_1_608' title='bbox 1490 1176 1617 1203; x_wconf 86' lang='lat' dir='ltr'><strong>deitatem</strong></span> <span class='ocrx_word' id='word_1_609' title='bbox 1634 1178 1701 1204; x_wconf 91' lang='lat' dir='ltr'><strong>sub-</strong></span> 
     </span>
    </p>
   </div>
   <div class='ocr_carea' id='block_1_83' title="bbox 921 1219 1703 1251">
    <p class='ocr_par' dir='ltr' id='par_1_83' title="bbox 921 1219 1703 1251">
     <span class='ocr_line' id='line_1_83' title="bbox 921 1219 1703 1251; baseline 0.006 -6"><span class='ocrx_word' id='word_1_610' title='bbox 921 1219 1026 1247; x_wconf 74' lang='lat' dir='ltr'><strong>stantia:</strong></span> <span class='ocrx_word' id='word_1_611' title='bbox 1036 1239 1044 1251; x_wconf 90' lang='lat'><strong>,</strong></span> <span class='ocrx_word' id='word_1_612' title='bbox 1059 1219 1190 1247; x_wconf 82' lang='lat' dir='ltr'><strong>Dominus</strong></span> <span class='ocrx_word' id='word_1_613' title='bbox 1203 1225 1296 1248; x_wconf 88' lang='lat' dir='ltr'><strong>noster</strong></span> <span class='ocrx_word' id='word_1_614' title='bbox 1311 1225 1337 1247; x_wconf 89' lang='lat' dir='ltr'><strong>et</strong></span> <span class='ocrx_word' id='word_1_615' title='bbox 1354 1220 1424 1248; x_wconf 86' lang='lat' dir='ltr'><strong>Deus</strong></span> <span class='ocrx_word' id='word_1_616' title='bbox 1438 1220 1516 1249; x_wconf 68' lang='lat' dir='ltr'><strong>Iesus</strong></span> <span class='ocrx_word' id='word_1_617' title='bbox 1529 1221 1655 1250; x_wconf 85' lang='lat' dir='ltr'><strong>Christus</strong></span> <span class='ocrx_word' id='word_1_618' title='bbox 1672 1223 1703 1250; x_wconf 73' lang='lat' dir='ltr'><strong>in</strong></span> 
     </span>
    </p>
   </div>
   <div class='ocr_carea' id='block_1_84' title="bbox 920 1266 1701 1296">
    <p class='ocr_par' dir='ltr' id='par_1_84' title="bbox 920 1266 1701 1296">
     <span class='ocr_line' id='line_1_84' title="bbox 920 1266 1701 1296; baseline 0.005 -4"><span class='ocrx_word' id='word_1_619' title='bbox 920 1266 1082 1294; x_wconf 67' lang='lat' dir='ltr'><strong>smculorum</strong></span> <span class='ocrx_word' id='word_1_620' title='bbox 1100 1267 1334 1295; x_wconf 83' lang='lat' dir='ltr'><strong>consummatione</strong></span> <span class='ocrx_word' id='word_1_621' title='bbox 1348 1267 1499 1295; x_wconf 85' lang='lat' dir='ltr'><strong>secundum</strong></span> <span class='ocrx_word' id='word_1_622' title='bbox 1519 1276 1627 1296; x_wconf 84' lang='lat' dir='ltr'><strong>carnem</strong></span> <span class='ocrx_word' id='word_1_623' title='bbox 1650 1277 1701 1296; x_wconf 89' lang='lat' dir='ltr'><strong>na—</strong></span> 
     </span>
    </p>
   </div>
   <div class='ocr_carea' id='block_1_85' title="bbox 918 1313 1700 1347">
    <p class='ocr_par' dir='ltr' id='par_1_85' title="bbox 918 1313 1700 1347">
     <span class='ocr_line' id='line_1_85' title="bbox 918 1313 1700 1347; baseline 0.005 -9"><span class='ocrx_word' id='word_1_624' title='bbox 918 1315 974 1344; x_wconf 88' lang='lat' dir='ltr'><strong>tus,</strong></span> <span class='ocrx_word' id='word_1_625' title='bbox 984 1319 1017 1339; x_wconf 81' lang='lat' dir='ltr'><strong>ex</strong></span> <span class='ocrx_word' id='word_1_626' title='bbox 1033 1316 1126 1339; x_wconf 86' lang='lat' dir='ltr'><strong>sancta</strong></span> <span class='ocrx_word' id='word_1_627' title='bbox 1138 1313 1255 1347; x_wconf 90' lang='lat' dir='ltr'><strong>gloriosa</strong></span> <span class='ocrx_word' id='word_1_628' title='bbox 1270 1313 1379 1340; x_wconf 89' lang='lat' dir='ltr'><strong>domina</strong></span> <span class='ocrx_word' id='word_1_629' title='bbox 1394 1317 1487 1341; x_wconf 87' lang='lat' dir='ltr'><strong>nostra</strong></span> <span class='ocrx_word' id='word_1_630' title='bbox 1501 1313 1546 1341; x_wconf 89' lang='lat' dir='ltr'><strong>Dei</strong></span> <span class='ocrx_word' id='word_1_631' title='bbox 1563 1314 1700 1343; x_wconf 86' lang='lat' dir='ltr'><strong>Genitrice</strong></span> 
     </span>
    </p>
   </div>
   <div class='ocr_carea' id='block_1_86' title="bbox 918 1357 1698 1392">
    <p class='ocr_par' dir='ltr' id='par_1_86' title="bbox 918 1357 1698 1392">
     <span class='ocr_line' id='line_1_86' title="bbox 918 1357 1698 1392; baseline 0.004 -9"><span class='ocrx_word' id='word_1_632' title='bbox 918 1361 945 1383; x_wconf 91' lang='lat' dir='ltr'><strong>et</strong></span> <span class='ocrx_word' id='word_1_633' title='bbox 960 1363 1067 1392; x_wconf 81' lang='lat' dir='ltr'><strong>semper</strong></span> <span class='ocrx_word' id='word_1_634' title='bbox 1083 1357 1189 1392; x_wconf 81' lang='lat' dir='ltr'><strong>virgine</strong></span> <span class='ocrx_word' id='word_1_635' title='bbox 1199 1376 1206 1389; x_wconf 92' lang='lat'><strong>,</strong></span> <span class='ocrx_word' id='word_1_636' title='bbox 1224 1365 1256 1384; x_wconf 88' lang='lat' dir='ltr'><strong>ac</strong></span> <span class='ocrx_word' id='word_1_637' title='bbox 1274 1365 1367 1385; x_wconf 80' lang='lat' dir='ltr'><strong>revera</strong></span> <span class='ocrx_word' id='word_1_638' title='bbox 1383 1357 1429 1385; x_wconf 89' lang='lat' dir='ltr'><strong>Dei</strong></span> <span class='ocrx_word' id='word_1_639' title='bbox 1444 1357 1581 1386; x_wconf 87' lang='lat' dir='ltr'><strong>Genitrice</strong></span> <span class='ocrx_word' id='word_1_640' title='bbox 1593 1358 1678 1386; x_wconf 82' lang='lat' dir='ltr'><strong>Maria</strong></span> <span class='ocrx_word' id='word_1_641' title='bbox 1689 1378 1698 1391; x_wconf 86' lang='lat'><em>.</em></span> 
     </span>
    </p>
   </div>
   <div class='ocr_carea' id='block_1_87' title="bbox 918 1403 1698 1437">
    <p class='ocr_par' dir='ltr' id='par_1_87' title="bbox 918 1403 1698 1437">
     <span class='ocr_line' id='line_1_87' title="bbox 918 1403 1698 1437; baseline 0.005 -9"><span class='ocrx_word' id='word_1_642' title='bbox 918 1406 944 1429; x_wconf 90' lang='lat' dir='ltr'><strong>et</strong></span> <span class='ocrx_word' id='word_1_643' title='bbox 960 1403 987 1428; x_wconf 95' lang='lat' dir='ltr'><strong>in</strong></span> <span class='ocrx_word' id='word_1_644' title='bbox 999 1406 1071 1429; x_wconf 90' lang='lat' dir='ltr'><strong>terra</strong></span> <span class='ocrx_word' id='word_1_645' title='bbox 1087 1403 1163 1430; x_wconf 89' lang='lat' dir='ltr'><strong>visus</strong></span> <span class='ocrx_word' id='word_1_646' title='bbox 1176 1423 1183 1434; x_wconf 90' lang='lat'><strong>,</strong></span> <span class='ocrx_word' id='word_1_647' title='bbox 1199 1406 1226 1430; x_wconf 89' lang='lat' dir='ltr'><strong>et</strong></span> <span class='ocrx_word' id='word_1_648' title='bbox 1239 1403 1361 1437; x_wconf 85' lang='lat' dir='ltr'><strong>ejusdem</strong></span> <span class='ocrx_word' id='word_1_649' title='bbox 1375 1404 1534 1431; x_wconf 73' lang='lat' dir='ltr'><strong>substantia:</strong></span> <span class='ocrx_word' id='word_1_650' title='bbox 1549 1405 1698 1432; x_wconf 82' lang='lat' dir='ltr'><strong>secundum</strong></span> 
     </span>
    </p>
   </div>
   <div class='ocr_carea' id='block_1_88' title="bbox 920 1447 1699 1482">
    <p class='ocr_par' dir='ltr' id='par_1_88' title="bbox 920 1447 1699 1482">
     <span class='ocr_line' id='line_1_88' title="bbox 920 1447 1699 1482; baseline 0.004 -8"><span class='ocrx_word' id='word_1_651' title='bbox 920 1447 1116 1475; x_wconf 86' lang='lat' dir='ltr'><strong>humanitatem</strong></span> <span class='ocrx_word' id='word_1_652' title='bbox 1131 1455 1192 1475; x_wconf 91' lang='lat' dir='ltr'><strong>cum</strong></span> <span class='ocrx_word' id='word_1_653' title='bbox 1209 1447 1366 1475; x_wconf 91' lang='lat' dir='ltr'><strong>hominibus</strong></span> <span class='ocrx_word' id='word_1_654' title='bbox 1377 1467 1384 1479; x_wconf 84' lang='lat'><strong><em>.</em></strong></span> <span class='ocrx_word' id='word_1_655' title='bbox 1401 1452 1431 1475; x_wconf 89' lang='lat' dir='ltr'><strong>ut</strong></span> <span class='ocrx_word' id='word_1_656' title='bbox 1446 1449 1527 1476; x_wconf 90' lang='lat' dir='ltr'><strong>homo</strong></span> <span class='ocrx_word' id='word_1_657' title='bbox 1538 1469 1547 1482; x_wconf 84' lang='lat'><strong>,</strong></span> <span class='ocrx_word' id='word_1_658' title='bbox 1558 1457 1620 1477; x_wconf 89' lang='lat' dir='ltr'><strong>vere</strong></span> <span class='ocrx_word' id='word_1_659' title='bbox 1631 1457 1699 1477; x_wconf 90' lang='lat' dir='ltr'><strong>con-</strong></span> 
     </span>
    </p>
   </div>
   <div class='ocr_carea' id='block_1_89' title="bbox 917 1494 1700 1530">
    <p class='ocr_par' dir='ltr' id='par_1_89' title="bbox 917 1494 1700 1530">
     <span class='ocr_line' id='line_1_89' title="bbox 917 1494 1700 1530; baseline 0.004 -9"><span class='ocrx_word' id='word_1_660' title='bbox 917 1498 1052 1527; x_wconf 86' lang='lat' dir='ltr'><strong>versatus,</strong></span> <span class='ocrx_word' id='word_1_661' title='bbox 1068 1494 1179 1528; x_wconf 85' lang='lat' dir='ltr'><strong>ipseque</strong></span> <span class='ocrx_word' id='word_1_662' title='bbox 1190 1501 1252 1521; x_wconf 90' lang='lat' dir='ltr'><strong>cum</strong></span> <span class='ocrx_word' id='word_1_663' title='bbox 1270 1494 1370 1528; x_wconf 88' lang='lat' dir='ltr'><strong>populo</strong></span> <span class='ocrx_word' id='word_1_664' title='bbox 1387 1495 1466 1522; x_wconf 87' lang='lat' dir='ltr'><strong>annis</strong></span> <span class='ocrx_word' id='word_1_665' title='bbox 1486 1500 1548 1522; x_wconf 90' lang='lat' dir='ltr'><strong>ante</strong></span> <span class='ocrx_word' id='word_1_666' title='bbox 1567 1496 1700 1530; x_wconf 67' lang='lat' dir='ltr'><strong>praedica-</strong></span> 
     </span>
    </p>
   </div>
   <div class='ocr_carea' id='block_1_90' title="bbox 879 1538 1699 1574">
    <p class='ocr_par' dir='ltr' id='par_1_90' title="bbox 879 1538 1699 1574">
     <span class='ocr_line' id='line_1_90' title="bbox 879 1538 1699 1574; baseline 0.004 -9"><span class='ocrx_word' id='word_1_667' title='bbox 879 1545 908 1573; x_wconf 67' lang='grc' dir='ltr'><strong>(ζ.</strong></span> <span class='ocrx_word' id='word_1_668' title='bbox 918 1539 1027 1571; x_wconf 89' lang='lat' dir='ltr'><strong>tionem,</strong></span> <span class='ocrx_word' id='word_1_669' title='bbox 1043 1543 1069 1566; x_wconf 90' lang='lat' dir='ltr'><strong>et</strong></span> <span class='ocrx_word' id='word_1_670' title='bbox 1084 1539 1112 1566; x_wconf 89' lang='lat' dir='ltr'><strong>in</strong></span> <span class='ocrx_word' id='word_1_671' title='bbox 1126 1538 1318 1574; x_wconf 67' lang='lat' dir='ltr'><strong>praedicatione</strong></span> <span class='ocrx_word' id='word_1_672' title='bbox 1331 1539 1415 1574; x_wconf 82' lang='lat' dir='ltr'><strong>legale</strong></span> <span class='ocrx_word' id='word_1_673' title='bbox 1426 1542 1453 1566; x_wconf 85' lang='lat' dir='ltr'><strong>et</strong></span> <span class='ocrx_word' id='word_1_674' title='bbox 1467 1540 1584 1574; x_wconf 81' lang='lat' dir='ltr'><strong>typicum</strong></span> <span class='ocrx_word' id='word_1_675' title='bbox 1594 1539 1699 1568; x_wconf 88' lang='lat' dir='ltr'><strong>Pascha</strong></span> 
     </span>
    </p>
   </div>
   <div class='ocr_carea' id='block_1_91' title="bbox 916 1585 1698 1620">
    <p class='ocr_par' dir='ltr' id='par_1_91' title="bbox 916 1585 1698 1620">
     <span class='ocr_line' id='line_1_91' title="bbox 916 1585 1698 1620; baseline 0.003 -8"><span class='ocrx_word' id='word_1_676' title='bbox 916 1585 1073 1616; x_wconf 83' lang='lat' dir='ltr'><strong>celebravit,</strong></span> <span class='ocrx_word' id='word_1_677' title='bbox 1090 1585 1235 1613; x_wconf 87' lang='lat' dir='ltr'><strong>comedens</strong></span> <span class='ocrx_word' id='word_1_678' title='bbox 1252 1591 1350 1619; x_wconf 87' lang='lat' dir='ltr'><strong>agnum</strong></span> <span class='ocrx_word' id='word_1_679' title='bbox 1367 1585 1485 1619; x_wconf 82' lang='lat' dir='ltr'><strong>typicum</strong></span> <span class='ocrx_word' id='word_1_680' title='bbox 1503 1594 1510 1612; x_wconf 89' lang='lat'><strong>:</strong></span> <span class='ocrx_word' id='word_1_681' title='bbox 1528 1587 1698 1620; x_wconf 87' lang='lat' dir='ltr'><strong>nequeenim</strong></span> 
     </span>
    </p>
   </div>
   <div class='ocr_carea' id='block_1_92' title="bbox 916 1629 1698 1666">
    <p class='ocr_par' dir='ltr' id='par_1_92' title="bbox 916 1629 1698 1666">
     <span class='ocr_line' id='line_1_92' title="bbox 916 1629 1698 1666; baseline 0.001 -8"><span class='ocrx_word' id='word_1_682' title='bbox 916 1638 946 1658; x_wconf 86' lang='lat' dir='ltr'><strong>se</strong></span> <span class='ocrx_word' id='word_1_683' title='bbox 956 1631 1063 1658; x_wconf 80' lang='lat' dir='ltr'><strong>venisse</strong></span> <span class='ocrx_word' id='word_1_684' title='bbox 1078 1634 1107 1658; x_wconf 91' lang='lat' dir='ltr'><strong>ut</strong></span> <span class='ocrx_word' id='word_1_685' title='bbox 1121 1630 1218 1666; x_wconf 88' lang='lat' dir='ltr'><strong>Legem</strong></span> <span class='ocrx_word' id='word_1_686' title='bbox 1237 1631 1353 1658; x_wconf 85' lang='lat' dir='ltr'><strong>solveret</strong></span> <span class='ocrx_word' id='word_1_687' title='bbox 1367 1630 1407 1657; x_wconf 90' lang='lat' dir='ltr'><strong>vel</strong></span> <span class='ocrx_word' id='word_1_688' title='bbox 1421 1629 1585 1665; x_wconf 82' lang='lat' dir='ltr'><strong>Prophetas,</strong></span> <span class='ocrx_word' id='word_1_689' title='bbox 1607 1632 1654 1659; x_wconf 90' lang='lat' dir='ltr'><strong>sed</strong></span> <span class='ocrx_word' id='word_1_690' title='bbox 1667 1635 1698 1658; x_wconf 81' lang='lat' dir='ltr'><strong>ut</strong></span> 
     </span>
    </p>
   </div>
   <div class='ocr_carea' id='block_1_93' title="bbox 916 1675 1695 1712">
    <p class='ocr_par' dir='ltr' id='par_1_93' title="bbox 916 1675 1695 1712">
     <span class='ocr_line' id='line_1_93' title="bbox 916 1675 1695 1712; baseline -0.001 -8"><span class='ocrx_word' id='word_1_691' title='bbox 916 1677 1091 1711; x_wconf 87' lang='lat' dir='ltr'><strong>adimpleret,</strong></span> <span class='ocrx_word' id='word_1_692' title='bbox 1111 1676 1224 1710; x_wconf 90' lang='lat' dir='ltr'><strong>ipsemet</strong></span> <span class='ocrx_word' id='word_1_693' title='bbox 1246 1676 1273 1702; x_wconf 92' lang='lat' dir='ltr'><strong>in</strong></span> <span class='ocrx_word' id='word_1_694' title='bbox 1293 1675 1446 1712; x_wconf 78' lang='lat' dir='ltr'><strong>Evangeliis</strong></span> <span class='ocrx_word' id='word_1_695' title='bbox 1470 1676 1538 1703; x_wconf 81' lang='lat' dir='ltr'><strong>dixit</strong></span> <span class='ocrx_word' id='word_1_696' title='bbox 1562 1675 1695 1704; x_wconf 83' lang='lat' dir='ltr'><strong>Salvator.</strong></span> 
     </span>
    </p>
   </div>
   <div class='ocr_carea' id='block_1_94' title="bbox 915 1720 1695 1757">
    <p class='ocr_par' dir='ltr' id='par_1_94' title="bbox 915 1720 1695 1757">
     <span class='ocr_line' id='line_1_94' title="bbox 915 1720 1695 1757; baseline -0.001 -8"><span class='ocrx_word' id='word_1_697' title='bbox 915 1722 1062 1757; x_wconf 84' lang='lat' dir='ltr'><strong>Postquam</strong></span> <span class='ocrx_word' id='word_1_698' title='bbox 1075 1728 1139 1748; x_wconf 91' lang='lat' dir='ltr'><strong>vero</strong></span> <span class='ocrx_word' id='word_1_699' title='bbox 1162 1720 1334 1756; x_wconf 68' lang='lat' dir='ltr'><strong>praedicavit,</strong></span> <span class='ocrx_word' id='word_1_700' title='bbox 1357 1729 1412 1749; x_wconf 91' lang='lat' dir='ltr'><strong>non</strong></span> <span class='ocrx_word' id='word_1_701' title='bbox 1435 1722 1554 1749; x_wconf 91' lang='lat' dir='ltr'><strong>comedit</strong></span> <span class='ocrx_word' id='word_1_702' title='bbox 1575 1729 1695 1757; x_wconf 87' lang='lat' dir='ltr'><strong>agnum,</strong></span> 
     </span>
    </p>
   </div>
   <div class='ocr_carea' id='block_1_95' title="bbox 915 1766 1695 1803">
    <p class='ocr_par' dir='ltr' id='par_1_95' title="bbox 915 1766 1695 1803">
     <span class='ocr_line' id='line_1_95' title="bbox 915 1766 1695 1803; baseline -0.003 -7"><span class='ocrx_word' id='word_1_703' title='bbox 915 1767 960 1796; x_wconf 88' lang='lat' dir='ltr'><strong>sed</strong></span> <span class='ocrx_word' id='word_1_704' title='bbox 987 1768 1046 1803; x_wconf 90' lang='lat' dir='ltr'><strong>ipse</strong></span> <span class='ocrx_word' id='word_1_705' title='bbox 1071 1774 1169 1802; x_wconf 87' lang='lat' dir='ltr'><strong>passus</strong></span> <span class='ocrx_word' id='word_1_706' title='bbox 1188 1770 1229 1794; x_wconf 87' lang='lat' dir='ltr'><strong>est</strong></span> <span class='ocrx_word' id='word_1_707' title='bbox 1253 1770 1281 1793; x_wconf 93' lang='lat' dir='ltr'><strong>ut</strong></span> <span class='ocrx_word' id='word_1_708' title='bbox 1304 1774 1386 1794; x_wconf 87' lang='lat' dir='ltr'><strong>verus</strong></span> <span class='ocrx_word' id='word_1_709' title='bbox 1408 1774 1493 1801; x_wconf 81' lang='lat' dir='ltr'><strong>agnus</strong></span> <span class='ocrx_word' id='word_1_710' title='bbox 1517 1766 1545 1793; x_wconf 92' lang='lat' dir='ltr'><strong>in</strong></span> <span class='ocrx_word' id='word_1_711' title='bbox 1569 1767 1695 1795; x_wconf 89' lang='lat' dir='ltr'><strong>Paschali</strong></span> 
     </span>
    </p>
   </div>
   <div class='ocr_carea' id='block_1_96' title="bbox 914 1812 1697 1848">
    <p class='ocr_par' dir='ltr' id='par_1_96' title="bbox 914 1812 1697 1848">
     <span class='ocr_line' id='line_1_96' title="bbox 914 1812 1697 1848; baseline -0.001 -7"><span class='ocrx_word' id='word_1_712' title='bbox 914 1814 1071 1845; x_wconf 85' lang='lat' dir='ltr'><strong>festivitate,</strong></span> <span class='ocrx_word' id='word_1_713' title='bbox 1084 1812 1312 1848; x_wconf 84' lang='lat' dir='ltr'><strong>quemadmodum</strong></span> <span class='ocrx_word' id='word_1_714' title='bbox 1326 1812 1404 1840; x_wconf 87' lang='lat' dir='ltr'><strong>docet</strong></span> <span class='ocrx_word' id='word_1_715' title='bbox 1417 1812 1558 1847; x_wconf 86' lang='lat' dir='ltr'><strong>theologus</strong></span> <span class='ocrx_word' id='word_1_716' title='bbox 1572 1817 1599 1839; x_wconf 89' lang='lat' dir='ltr'><strong>et</strong></span> <span class='ocrx_word' id='word_1_717' title='bbox 1611 1820 1697 1840; x_wconf 87' lang='lat' dir='ltr'><strong>evan-</strong></span> 
     </span>
    </p>
   </div>
   <div class='ocr_carea' id='block_1_97' title="bbox 913 1858 1694 1895">
    <p class='ocr_par' dir='ltr' id='par_1_97' title="bbox 913 1858 1694 1895">
     <span class='ocr_line' id='line_1_97' title="bbox 913 1858 1694 1895; baseline -0.001 -8"><span class='ocrx_word' id='word_1_718' title='bbox 913 1860 1007 1895; x_wconf 89' lang='lat' dir='ltr'><strong>gelista</strong></span> <span class='ocrx_word' id='word_1_719' title='bbox 1020 1858 1139 1886; x_wconf 83' lang='lat' dir='ltr'><strong>Joannes</strong></span> <span class='ocrx_word' id='word_1_720' title='bbox 1153 1858 1181 1885; x_wconf 92' lang='lat' dir='ltr'><strong>in</strong></span> <span class='ocrx_word' id='word_1_721' title='bbox 1197 1858 1342 1894; x_wconf 84' lang='lat' dir='ltr'><strong>Evangelio</strong></span> <span class='ocrx_word' id='word_1_722' title='bbox 1356 1859 1405 1886; x_wconf 88' lang='lat' dir='ltr'><strong>abs</strong></span> <span class='ocrx_word' id='word_1_723' title='bbox 1421 1867 1450 1886; x_wconf 88' lang='lat' dir='ltr'><strong>se</strong></span> <span class='ocrx_word' id='word_1_724' title='bbox 1465 1859 1631 1894; x_wconf 88' lang='lat' dir='ltr'><strong>conscripto,</strong></span> <span class='ocrx_word' id='word_1_725' title='bbox 1647 1859 1694 1886; x_wconf 85' lang='lat' dir='ltr'><strong>ubi</strong></span> 
     </span>
    </p>
   </div>
   <div class='ocr_carea' id='block_1_98' title="bbox 913 1903 1695 1939">
    <p class='ocr_par' dir='ltr' id='par_1_98' title="bbox 913 1903 1695 1939">
     <span class='ocr_line' id='line_1_98' title="bbox 913 1903 1695 1939; baseline -0.003 -6"><span class='ocrx_word' id='word_1_726' title='bbox 913 1907 952 1934; x_wconf 80' lang='lat' dir='ltr'><strong>sic</strong></span> <span class='ocrx_word' id='word_1_727' title='bbox 967 1906 1005 1932; x_wconf 85' lang='lat' dir='ltr'><strong>ait</strong></span> <span class='ocrx_word' id='word_1_728' title='bbox 1021 1905 1029 1920; x_wconf 85' lang='lat'>&#39;</span> <span class='ocrx_word' id='word_1_729' title='bbox 1048 1914 1054 1932; x_wconf 91' lang='lat'><strong>:</strong></span> <span class='ocrx_word' id='word_1_730' title='bbox 1073 1903 1216 1931; x_wconf 82' lang='lat' dir='ltr'><strong>Adducunt</strong></span> <span class='ocrx_word' id='word_1_731' title='bbox 1229 1912 1290 1939; x_wconf 84' lang='lat' dir='ltr'><strong>ergo</strong></span> <span class='ocrx_word' id='word_1_732' title='bbox 1306 1903 1398 1931; x_wconf 78' lang='lat' dir='ltr'><strong>Iesum</strong></span> <span class='ocrx_word' id='word_1_733' title='bbox 1410 1913 1426 1931; x_wconf 85' lang='grc' dir='ltr'><strong>α</strong></span> <span class='ocrx_word' id='word_1_734' title='bbox 1440 1904 1540 1939; x_wconf 81' lang='lat' dir='ltr'><strong>Caipha</strong></span> <span class='ocrx_word' id='word_1_735' title='bbox 1556 1905 1584 1931; x_wconf 74' lang='lat' dir='ltr'><strong>in</strong></span> <span class='ocrx_word' id='word_1_736' title='bbox 1597 1910 1695 1939; x_wconf 69' lang='lat' dir='ltr'><strong>prmo-</strong></span> 
     </span>
    </p>
   </div>
   <div class='ocr_carea' id='block_1_99' title="bbox 913 1950 1694 1984">
    <p class='ocr_par' dir='ltr' id='par_1_99' title="bbox 913 1950 1694 1984">
     <span class='ocr_line' id='line_1_99' title="bbox 913 1950 1694 1984; baseline -0.001 -6"><span class='ocrx_word' id='word_1_737' title='bbox 913 1953 992 1978; x_wconf 86' lang='lat' dir='ltr'><strong>rium.</strong></span> <span class='ocrx_word' id='word_1_738' title='bbox 1022 1950 1088 1978; x_wconf 84' lang='lat' dir='ltr'><strong>Erat</strong></span> <span class='ocrx_word' id='word_1_739' title='bbox 1112 1954 1199 1977; x_wconf 85' lang='lat' dir='ltr'><strong>autem</strong></span> <span class='ocrx_word' id='word_1_740' title='bbox 1223 1958 1316 1982; x_wconf 80' lang='lat' dir='ltr'><strong>mane,</strong></span> <span class='ocrx_word' id='word_1_741' title='bbox 1336 1954 1361 1977; x_wconf 85' lang='lat' dir='ltr'><strong>et</strong></span> <span class='ocrx_word' id='word_1_742' title='bbox 1383 1951 1434 1984; x_wconf 83' lang='lat' dir='ltr'><strong>ipsi</strong></span> <span class='ocrx_word' id='word_1_743' title='bbox 1457 1958 1507 1976; x_wconf 86' lang='lat' dir='ltr'><strong>non</strong></span> <span class='ocrx_word' id='word_1_744' title='bbox 1537 1950 1694 1977; x_wconf 77' lang='lat' dir='ltr'><strong>introierunt</strong></span> 
     </span>
    </p>
   </div>
   <div class='ocr_carea' id='block_1_100' title="bbox 911 1995 1694 2032">
    <p class='ocr_par' dir='ltr' id='par_1_100' title="bbox 911 1995 1694 2032">
     <span class='ocr_line' id='line_1_100' title="bbox 911 1995 1694 2032; baseline -0.001 -8"><span class='ocrx_word' id='word_1_745' title='bbox 911 1998 1076 2032; x_wconf 76' lang='lat' dir='ltr'><strong>prwtarium,</strong></span> <span class='ocrx_word' id='word_1_746' title='bbox 1092 2001 1121 2022; x_wconf 89' lang='lat' dir='ltr'><strong>ut</strong></span> <span class='ocrx_word' id='word_1_747' title='bbox 1139 2004 1191 2023; x_wconf 87' lang='lat' dir='ltr'><strong>non</strong></span> <span class='ocrx_word' id='word_1_748' title='bbox 1202 1996 1455 2027; x_wconf 75' lang='lat' dir='ltr'><strong>contaminarentur,</strong></span> <span class='ocrx_word' id='word_1_749' title='bbox 1477 1995 1522 2022; x_wconf 82' lang='lat' dir='ltr'><strong>sed</strong></span> <span class='ocrx_word' id='word_1_750' title='bbox 1538 2000 1567 2022; x_wconf 84' lang='lat' dir='ltr'><strong>ut</strong></span> <span class='ocrx_word' id='word_1_751' title='bbox 1581 1996 1694 2023; x_wconf 80' lang='lat' dir='ltr'><strong>mandu-</strong></span> 
     </span>
    </p>
   </div>
   <div class='ocr_carea' id='block_1_101' title="bbox 911 2041 1693 2076">
    <p class='ocr_par' dir='ltr' id='par_1_101' title="bbox 911 2041 1693 2076">
     <span class='ocr_line' id='line_1_101' title="bbox 911 2041 1693 2076; baseline -0.003 -6"><span class='ocrx_word' id='word_1_752' title='bbox 911 2048 1000 2071; x_wconf 77' lang='lat' dir='ltr'><strong>carent</strong></span> <span class='ocrx_word' id='word_1_753' title='bbox 1018 2042 1134 2070; x_wconf 77' lang='lat' dir='ltr'><strong>Pascha.</strong></span> <span class='ocrx_word' id='word_1_754' title='bbox 1156 2041 1188 2069; x_wconf 84' lang='lat' dir='ltr'><strong>Et</strong></span> <span class='ocrx_word' id='word_1_755' title='bbox 1203 2046 1264 2076; x_wconf 88' lang='lat' dir='ltr'><strong>post</strong></span> <span class='ocrx_word' id='word_1_756' title='bbox 1276 2041 1504 2076; x_wconf 81' lang='lat' dir='ltr'><strong>pauca&#39;:Pilatus</strong></span> <span class='ocrx_word' id='word_1_757' title='bbox 1528 2045 1616 2068; x_wconf 81' lang='lat' dir='ltr'><strong>autem</strong></span> <span class='ocrx_word' id='word_1_758' title='bbox 1633 2049 1693 2068; x_wconf 85' lang='lat' dir='ltr'><strong>cum</strong></span> 
     </span>
    </p>
   </div>
   <div class='ocr_carea' id='block_1_102' title="bbox 912 2085 1693 2121">
    <p class='ocr_par' dir='ltr' id='par_1_102' title="bbox 912 2085 1693 2121">
     <span class='ocr_line' id='line_1_102' title="bbox 912 2085 1693 2121; baseline -0.005 -4"><span class='ocrx_word' id='word_1_759' title='bbox 912 2090 1026 2117; x_wconf 79' lang='lat' dir='ltr'><strong>audisset</strong></span> <span class='ocrx_word' id='word_1_760' title='bbox 1038 2089 1084 2116; x_wconf 78' lang='lat' dir='ltr'><strong>hos</strong></span> <span class='ocrx_word' id='word_1_761' title='bbox 1101 2096 1243 2119; x_wconf 81' lang='lat' dir='ltr'><strong>sermones,</strong></span> <span class='ocrx_word' id='word_1_762' title='bbox 1257 2087 1369 2114; x_wconf 73' lang='lat' dir='ltr'><strong>adduxit</strong></span> <span class='ocrx_word' id='word_1_763' title='bbox 1387 2086 1460 2121; x_wconf 79' lang='lat' dir='ltr'><strong>foras</strong></span> <span class='ocrx_word' id='word_1_764' title='bbox 1472 2085 1574 2118; x_wconf 71' lang='lat' dir='ltr'><strong>Iesum,</strong></span> <span class='ocrx_word' id='word_1_765' title='bbox 1591 2091 1616 2113; x_wconf 76' lang='lat' dir='ltr'><strong>et</strong></span> <span class='ocrx_word' id='word_1_766' title='bbox 1626 2087 1693 2114; x_wconf 77' lang='lat' dir='ltr'><strong>sedit</strong></span> 
     </span>
    </p>
   </div>
   <div class='ocr_carea' id='block_1_103' title="bbox 909 2131 1693 2170">
    <p class='ocr_par' dir='ltr' id='par_1_103' title="bbox 909 2131 1693 2170">
     <span class='ocr_line' id='line_1_103' title="bbox 909 2131 1693 2170; baseline -0.004 -8"><span class='ocrx_word' id='word_1_767' title='bbox 909 2143 956 2170; x_wconf 84' lang='lat' dir='ltr'><strong>pro</strong></span> <span class='ocrx_word' id='word_1_768' title='bbox 966 2135 1094 2162; x_wconf 81' lang='lat' dir='ltr'><strong>tribunali</strong></span> <span class='ocrx_word' id='word_1_769' title='bbox 1101 2135 1128 2162; x_wconf 81' lang='lat' dir='ltr'><strong>in</strong></span> <span class='ocrx_word' id='word_1_770' title='bbox 1137 2135 1192 2161; x_wconf 80' lang='lat' dir='ltr'><strong>loco</strong></span> <span class='ocrx_word' id='word_1_771' title='bbox 1204 2134 1249 2169; x_wconf 80' lang='lat' dir='ltr'><strong>qui</strong></span> <span class='ocrx_word' id='word_1_772' title='bbox 1263 2131 1550 2164; x_wconf 79' lang='lat' dir='ltr'><strong>diciturLithostrotos,</strong></span> <span class='ocrx_word' id='word_1_773' title='bbox 1565 2132 1693 2160; x_wconf 73' lang='lat' dir='ltr'><strong>Hebraice</strong></span> 
     </span>
    </p>
   </div>
   <div class='ocr_carea' id='block_1_104' title="bbox 911 2179 1690 2211">
    <p class='ocr_par' dir='ltr' id='par_1_104' title="bbox 911 2179 1690 2211">
     <span class='ocr_line' id='line_1_104' title="bbox 911 2179 1690 2211; baseline -0.004 -2"><span class='ocrx_word' id='word_1_774' title='bbox 911 2187 998 2209; x_wconf 83' lang='lat' dir='ltr'><strong>autem</strong></span> <span class='ocrx_word' id='word_1_775' title='bbox 1023 2181 1168 2209; x_wconf 84' lang='lat' dir='ltr'><strong>Gabbatha.</strong></span> <span class='ocrx_word' id='word_1_776' title='bbox 1194 2180 1261 2207; x_wconf 81' lang='lat' dir='ltr'><strong>Erat</strong></span> <span class='ocrx_word' id='word_1_777' title='bbox 1288 2185 1374 2206; x_wconf 83' lang='lat' dir='ltr'><strong>autem</strong></span> <span class='ocrx_word' id='word_1_778' title='bbox 1397 2179 1542 2206; x_wconf 76' lang='lat' dir='ltr'><strong>Parasceve</strong></span> <span class='ocrx_word' id='word_1_779' title='bbox 1565 2179 1690 2211; x_wconf 60' lang='lat' dir='ltr'><strong>Pascha,</strong></span> 
     </span>
    </p>
   </div>
   <div class='ocr_carea' id='block_1_105' title="bbox 910 2225 1689 2264">
    <p class='ocr_par' dir='ltr' id='par_1_105' title="bbox 910 2225 1689 2264">
     <span class='ocr_line' id='line_1_105' title="bbox 910 2225 1689 2264; baseline -0.005 -8"><span class='ocrx_word' id='word_1_780' title='bbox 910 2229 975 2256; x_wconf 74' lang='lat' dir='ltr'><strong>liora</strong></span> <span class='ocrx_word' id='word_1_781' title='bbox 990 2228 1066 2264; x_wconf 79' lang='lat' dir='ltr'><strong>quasi</strong></span> <span class='ocrx_word' id='word_1_782' title='bbox 1086 2228 1164 2254; x_wconf 83' lang='lat' dir='ltr'><strong>tertia</strong></span> <span class='ocrx_word' id='word_1_783' title='bbox 1190 2235 1199 2253; x_wconf 91' lang='lat'><em>:</em></span> <span class='ocrx_word' id='word_1_784' title='bbox 1223 2229 1254 2253; x_wconf 89' lang='lat' dir='ltr'><strong>ut</strong></span> <span class='ocrx_word' id='word_1_785' title='bbox 1283 2225 1404 2252; x_wconf 82' lang='lat' dir='ltr'><strong>accurati</strong></span> <span class='ocrx_word' id='word_1_786' title='bbox 1436 2226 1497 2253; x_wconf 88' lang='lat' dir='ltr'><strong>libri</strong></span> <span class='ocrx_word' id='word_1_787' title='bbox 1525 2226 1689 2261; x_wconf 60' lang='lat' dir='ltr'><strong>prasl‘erunt,</strong></span> 
     </span>
    </p>
   </div>
   <div class='ocr_carea' id='block_1_106' title="bbox 910 2270 1689 2307">
    <p class='ocr_par' dir='ltr' id='par_1_106' title="bbox 910 2270 1689 2307">
     <span class='ocr_line' id='line_1_106' title="bbox 910 2270 1689 2307; baseline -0.003 -7"><span class='ocrx_word' id='word_1_788' title='bbox 910 2273 1053 2307; x_wconf 89' lang='lat' dir='ltr'><strong>ipsumque</strong></span> <span class='ocrx_word' id='word_1_789' title='bbox 1071 2271 1243 2306; x_wconf 57' lang='lat' dir='ltr'><strong>evangelista!</strong></span> <span class='ocrx_word' id='word_1_790' title='bbox 1255 2277 1338 2296; x_wconf 89' lang='lat' dir='ltr'><strong>manu</strong></span> <span class='ocrx_word' id='word_1_791' title='bbox 1359 2270 1525 2305; x_wconf 82' lang='lat' dir='ltr'><strong>descriptum</strong></span> <span class='ocrx_word' id='word_1_792' title='bbox 1542 2271 1689 2307; x_wconf 82' lang='lat' dir='ltr'><strong>exemplar,</strong></span> 
     </span>
    </p>
   </div>
   <div class='ocr_carea' id='block_1_107' title="bbox 909 2316 1690 2354">
    <p class='ocr_par' dir='ltr' id='par_1_107' title="bbox 909 2316 1690 2354">
     <span class='ocr_line' id='line_1_107' title="bbox 909 2316 1690 2354; baseline -0.003 -8"><span class='ocrx_word' id='word_1_793' title='bbox 909 2319 982 2354; x_wconf 89' lang='lat' dir='ltr'><strong>quod</strong></span> <span class='ocrx_word' id='word_1_794' title='bbox 997 2319 1088 2346; x_wconf 84' lang='lat' dir='ltr'><strong>divina</strong></span> <span class='ocrx_word' id='word_1_795' title='bbox 1110 2316 1196 2352; x_wconf 85' lang='lat' dir='ltr'><strong>gratia</strong></span> <span class='ocrx_word' id='word_1_796' title='bbox 1212 2316 1245 2343; x_wconf 87' lang='lat' dir='ltr'><strong>ad</strong></span> <span class='ocrx_word' id='word_1_797' title='bbox 1259 2317 1316 2342; x_wconf 66' lang='lat' dir='ltr'><strong>haec</strong></span> <span class='ocrx_word' id='word_1_798' title='bbox 1331 2322 1418 2349; x_wconf 88' lang='lat' dir='ltr'><strong>usque</strong></span> <span class='ocrx_word' id='word_1_799' title='bbox 1433 2320 1555 2351; x_wconf 88' lang='lat' dir='ltr'><strong>tempora</strong></span> <span class='ocrx_word' id='word_1_800' title='bbox 1579 2318 1605 2343; x_wconf 96' lang='lat' dir='ltr'><strong>in</strong></span> <span class='ocrx_word' id='word_1_801' title='bbox 1627 2325 1690 2345; x_wconf 82' lang='lat' dir='ltr'><strong>san-</strong></span> 
     </span>
    </p>
   </div>
   <div class='ocr_carea' id='block_1_108' title="bbox 909 2360 1690 2398">
    <p class='ocr_par' dir='ltr' id='par_1_108' title="bbox 909 2360 1690 2398">
     <span class='ocr_line' id='line_1_108' title="bbox 909 2360 1690 2398; baseline -0.006 -8"><span class='ocrx_word' id='word_1_802' title='bbox 909 2364 1030 2392; x_wconf 70' lang='lat' dir='ltr'><strong>ctissima</strong></span> <span class='ocrx_word' id='word_1_803' title='bbox 1043 2362 1223 2398; x_wconf 89' lang='lat' dir='ltr'><strong>Ephesiorum</strong></span> <span class='ocrx_word' id='word_1_804' title='bbox 1239 2360 1360 2388; x_wconf 87' lang='lat' dir='ltr'><strong>Ecclesia</strong></span> <span class='ocrx_word' id='word_1_805' title='bbox 1384 2364 1550 2394; x_wconf 86' lang='lat' dir='ltr'><strong>asservatur,</strong></span> <span class='ocrx_word' id='word_1_806' title='bbox 1575 2365 1603 2389; x_wconf 80' lang='lat' dir='ltr'><strong>et</strong></span> <span class='ocrx_word' id='word_1_807' title='bbox 1624 2370 1639 2389; x_wconf 63' lang='grc' dir='ltr'><strong>ε</strong></span> <span class='ocrx_word' id='word_1_808' title='bbox 1660 2363 1690 2389; x_wconf 73' lang='lat' dir='ltr'><strong>li.</strong></span> 
     </span>
    </p>
   </div>
   <div class='ocr_carea' id='block_1_109' title="bbox 908 2405 1690 2444">
    <p class='ocr_par' dir='ltr' id='par_1_109' title="bbox 908 2405 1690 2444">
     <span class='ocr_line' id='line_1_109' title="bbox 908 2405 1690 2444; baseline -0.004 -6"><span class='ocrx_word' id='word_1_809' title='bbox 908 2410 1014 2438; x_wconf 84' lang='lat' dir='ltr'><strong>delibus</strong></span> <span class='ocrx_word' id='word_1_810' title='bbox 1029 2410 1065 2436; x_wconf 91' lang='lat' dir='ltr'><strong>ibi</strong></span> <span class='ocrx_word' id='word_1_811' title='bbox 1081 2409 1190 2436; x_wconf 88' lang='lat' dir='ltr'><strong>colitur.</strong></span> <span class='ocrx_word' id='word_1_812' title='bbox 1204 2406 1324 2434; x_wconf 78' lang='lat' dir='ltr'><strong>Rursu‘m</strong></span> <span class='ocrx_word' id='word_1_813' title='bbox 1340 2413 1421 2440; x_wconf 89' lang='lat' dir='ltr'><strong>porro</strong></span> <span class='ocrx_word' id='word_1_814' title='bbox 1432 2405 1470 2432; x_wconf 86' lang='lat' dir='ltr'><strong>ait</strong></span> <span class='ocrx_word' id='word_1_815' title='bbox 1485 2406 1555 2433; x_wconf 90' lang='lat' dir='ltr'><strong>idem</strong></span> <span class='ocrx_word' id='word_1_816' title='bbox 1572 2415 1690 2444; x_wconf 79' lang='lat' dir='ltr'><strong>evange-</strong></span> 
     </span>
    </p>
   </div>
   <div class='ocr_carea' id='block_1_110' title="bbox 907 2451 1688 2489">
    <p class='ocr_par' dir='ltr' id='par_1_110' title="bbox 907 2451 1688 2489">
     <span class='ocr_line' id='line_1_110' title="bbox 907 2451 1688 2489; baseline -0.008 -5"><span class='ocrx_word' id='word_1_817' title='bbox 907 2453 1182 2489; x_wconf 72' lang='lat' dir='ltr'><strong>lista&#39;:1udwiergo,</strong></span> <span class='ocrx_word' id='word_1_818' title='bbox 1197 2453 1320 2488; x_wconf 80' lang='lat' dir='ltr'><strong>quoniam</strong></span> <span class='ocrx_word' id='word_1_819' title='bbox 1338 2451 1484 2478; x_wconf 78' lang='lat' dir='ltr'><strong>Parasceve</strong></span> <span class='ocrx_word' id='word_1_820' title='bbox 1499 2457 1573 2484; x_wconf 84' lang='lat' dir='ltr'><strong>erat,</strong></span> <span class='ocrx_word' id='word_1_821' title='bbox 1592 2457 1620 2478; x_wconf 89' lang='lat' dir='ltr'><strong>ut</strong></span> <span class='ocrx_word' id='word_1_822' title='bbox 1637 2461 1688 2480; x_wconf 84' lang='lat' dir='ltr'><strong>non</strong></span> 
     </span>
    </p>
   </div>
   <div class='ocr_carea' id='block_1_111' title="bbox 909 2491 1688 2531">
    <p class='ocr_par' dir='ltr' id='par_1_111' title="bbox 909 2491 1688 2531">
     <span class='ocr_line' id='line_1_111' title="bbox 909 2491 1688 2531; baseline -0.006 -3"><span class='ocrx_word' id='word_1_823' title='bbox 909 2491 1071 2528; x_wconf 77' lang='lat' dir='ltr'><strong>remanerent</strong></span> <span class='ocrx_word' id='word_1_824' title='bbox 1084 2500 1111 2526; x_wconf 84' lang='lat' dir='ltr'><strong>in</strong></span> <span class='ocrx_word' id='word_1_825' title='bbox 1122 2506 1197 2525; x_wconf 84' lang='lat' dir='ltr'><strong>cruce</strong></span> <span class='ocrx_word' id='word_1_826' title='bbox 1213 2504 1323 2531; x_wconf 85' lang='lat' dir='ltr'><strong>corpora</strong></span> <span class='ocrx_word' id='word_1_827' title='bbox 1331 2495 1446 2523; x_wconf 78' lang='lat' dir='ltr'><strong>Sabbato</strong></span> <span class='ocrx_word' id='word_1_828' title='bbox 1454 2503 1464 2527; x_wconf 85' lang='lat'><strong>,&#39;</strong></span> <span class='ocrx_word' id='word_1_829' title='bbox 1474 2500 1530 2522; x_wconf 86' lang='lat' dir='ltr'><strong>erat</strong></span> <span class='ocrx_word' id='word_1_830' title='bbox 1547 2497 1615 2522; x_wconf 80' lang='lat' dir='ltr'><strong>enim</strong></span> <span class='ocrx_word' id='word_1_831' title='bbox 1628 2505 1688 2524; x_wconf 70' lang='lat' dir='ltr'><strong>ana-</strong></span> 
     </span>
    </p>
   </div>
   <div class='ocr_carea' id='block_1_112' title="bbox 907 2538 1688 2582">
    <p class='ocr_par' dir='ltr' id='par_1_112' title="bbox 907 2538 1688 2582">
     <span class='ocr_line' id='line_1_112' title="bbox 907 2538 1688 2582; baseline -0.008 -8"><span class='ocrx_word' id='word_1_832' title='bbox 907 2538 973 2582; x_wconf 69' lang='lat' dir='ltr'><strong>gnas</strong></span> <span class='ocrx_word' id='word_1_833' title='bbox 988 2547 1034 2573; x_wconf 73' lang='lat' dir='ltr'><strong>ille</strong></span> <span class='ocrx_word' id='word_1_834' title='bbox 1045 2545 1099 2572; x_wconf 82' lang='lat' dir='ltr'><strong>dies</strong></span> <span class='ocrx_word' id='word_1_835' title='bbox 1117 2544 1242 2575; x_wconf 79' lang='lat' dir='ltr'><strong>Sabbati;</strong></span> <span class='ocrx_word' id='word_1_836' title='bbox 1258 2546 1414 2577; x_wconf 77' lang='lat' dir='ltr'><strong>rogauerunt</strong></span> <span class='ocrx_word' id='word_1_837' title='bbox 1431 2541 1550 2569; x_wconf 84' lang='lat' dir='ltr'><strong>Pilatum</strong></span> <span class='ocrx_word' id='word_1_838' title='bbox 1569 2546 1598 2568; x_wconf 81' lang='lat' dir='ltr'><strong>ut</strong></span> <span class='ocrx_word' id='word_1_839' title='bbox 1612 2542 1688 2576; x_wconf 71' lang='lat' dir='ltr'><strong>[rario</strong></span> 
     </span>
    </p>
   </div>
   <div class='ocr_carea' id='block_1_113' title="bbox 906 2586 1687 2629">
    <p class='ocr_par' dir='ltr' id='par_1_113' title="bbox 906 2586 1687 2629">
     <span class='ocr_line' id='line_1_113' title="bbox 906 2586 1687 2629; baseline -0.006 -9"><span class='ocrx_word' id='word_1_840' title='bbox 906 2597 1027 2629; x_wconf 83' lang='lat' dir='ltr'><strong>gerentur</strong></span> <span class='ocrx_word' id='word_1_841' title='bbox 1042 2599 1131 2618; x_wconf 80' lang='lat' dir='ltr'><strong>eorum</strong></span> <span class='ocrx_word' id='word_1_842' title='bbox 1143 2598 1224 2617; x_wconf 86' lang='lat' dir='ltr'><strong>crura</strong></span> <span class='ocrx_word' id='word_1_843' title='bbox 1243 2593 1267 2616; x_wconf 85' lang='lat' dir='ltr'><strong>et</strong></span> <span class='ocrx_word' id='word_1_844' title='bbox 1290 2588 1453 2616; x_wconf 83' lang='lat' dir='ltr'><strong>tollerentur.</strong></span> <span class='ocrx_word' id='word_1_845' title='bbox 1478 2586 1534 2615; x_wconf 88' lang='lat' dir='ltr'><strong>lsto</strong></span> <span class='ocrx_word' id='word_1_846' title='bbox 1549 2587 1632 2622; x_wconf 86' lang='lat' dir='ltr'><strong>igitur</strong></span> <span class='ocrx_word' id='word_1_847' title='bbox 1643 2588 1687 2615; x_wconf 92' lang='lat' dir='ltr'><strong>die</strong></span> 
     </span>
    </p>
   </div>
   <div class='ocr_carea' id='block_1_114' title="bbox 907 2632 1687 2673">
    <p class='ocr_par' dir='ltr' id='par_1_114' title="bbox 907 2632 1687 2673">
     <span class='ocr_line' id='line_1_114' title="bbox 907 2632 1687 2673; baseline -0.008 -7"><span class='ocrx_word' id='word_1_848' title='bbox 907 2646 961 2673; x_wconf 89' lang='lat' dir='ltr'><strong>quo</strong></span> <span class='ocrx_word' id='word_1_849' title='bbox 981 2637 1067 2665; x_wconf 73' lang='lat' dir='ltr'><strong>Judaei</strong></span> <span class='ocrx_word' id='word_1_850' title='bbox 1090 2634 1280 2663; x_wconf 83' lang='lat' dir='ltr'><strong>manducaturi</strong></span> <span class='ocrx_word' id='word_1_851' title='bbox 1297 2637 1375 2662; x_wconf 83' lang='lat' dir='ltr'><strong>erant</strong></span> <span class='ocrx_word' id='word_1_852' title='bbox 1393 2632 1515 2665; x_wconf 85' lang='lat' dir='ltr'><strong>Pascha,</strong></span> <span class='ocrx_word' id='word_1_853' title='bbox 1539 2632 1687 2672; x_wconf 79' lang='lat' dir='ltr'><strong>cruciﬁxus</strong></span> 
     </span>
    </p>
   </div>
   <div class='ocr_carea' id='block_1_115' title="bbox 905 2677 1685 2711">
    <p class='ocr_par' dir='ltr' id='par_1_115' title="bbox 905 2677 1685 2711">
     <span class='ocr_line' id='line_1_115' title="bbox 905 2677 1685 2711; baseline -0.006 0"><span class='ocrx_word' id='word_1_854' title='bbox 905 2688 948 2711; x_wconf 86' lang='lat' dir='ltr'><strong>est</strong></span> <span class='ocrx_word' id='word_1_855' title='bbox 965 2683 1096 2710; x_wconf 88' lang='lat' dir='ltr'><strong>Dominus</strong></span> <span class='ocrx_word' id='word_1_856' title='bbox 1118 2686 1212 2709; x_wconf 88' lang='lat' dir='ltr'><strong>noster</strong></span> <span class='ocrx_word' id='word_1_857' title='bbox 1234 2684 1261 2708; x_wconf 88' lang='lat' dir='ltr'><strong>et</strong></span> <span class='ocrx_word' id='word_1_858' title='bbox 1292 2679 1416 2707; x_wconf 82' lang='lat' dir='ltr'><strong>Salvator</strong></span> <span class='ocrx_word' id='word_1_859' title='bbox 1442 2677 1521 2706; x_wconf 72' lang='lat' dir='ltr'><strong>Iesus</strong></span> <span class='ocrx_word' id='word_1_860' title='bbox 1543 2678 1685 2711; x_wconf 86' lang='lat' dir='ltr'><strong>Christus.</strong></span> 
     </span>
    </p>
   </div>
   <div class='ocr_carea' id='block_1_116' title="bbox 905 2723 1686 2763">
    <p class='ocr_par' dir='ltr' id='par_1_116' title="bbox 905 2723 1686 2763">
     <span class='ocr_line' id='line_1_116' title="bbox 905 2723 1686 2763; baseline -0.009 -6"><span class='ocrx_word' id='word_1_861' title='bbox 905 2729 994 2757; x_wconf 88' lang='lat' dir='ltr'><strong>hostia</strong></span> <span class='ocrx_word' id='word_1_862' title='bbox 1010 2728 1097 2756; x_wconf 82' lang='lat' dir='ltr'><strong>factus</strong></span> <span class='ocrx_word' id='word_1_863' title='bbox 1113 2728 1146 2755; x_wconf 90' lang='lat' dir='ltr'><strong>iis</strong></span> <span class='ocrx_word' id='word_1_864' title='bbox 1160 2727 1207 2763; x_wconf 89' lang='lat' dir='ltr'><strong>qui</strong></span> <span class='ocrx_word' id='word_1_865' title='bbox 1228 2725 1363 2760; x_wconf 85' lang='lat' dir='ltr'><strong>sumpturi</strong></span> <span class='ocrx_word' id='word_1_866' title='bbox 1386 2728 1464 2752; x_wconf 84' lang='lat' dir='ltr'><strong>erant</strong></span> <span class='ocrx_word' id='word_1_867' title='bbox 1487 2723 1565 2757; x_wconf 82' lang='lat' dir='ltr'><strong>ﬁdei,</strong></span> <span class='ocrx_word' id='word_1_868' title='bbox 1588 2731 1686 2752; x_wconf 76' lang='lat' dir='ltr'><strong>secun-</strong></span> 
     </span>
    </p>
   </div>
   <div class='ocr_carea' id='block_1_117' title="bbox 145 2781 912 2816">
    <p class='ocr_par' dir='ltr' id='par_1_117' title="bbox 145 2781 912 2816">
     <span class='ocr_line' id='line_1_117' title="bbox 145 2781 912 2816; baseline 0.001 -6"><span class='ocrx_word' id='word_1_869' title='bbox 145 2783 242 2812; x_wconf 79' lang='lat' dir='ltr'><strong>‘Jaan.</strong></span> <span class='ocrx_word' id='word_1_870' title='bbox 255 2792 333 2815; x_wconf 80' lang='lat' dir='ltr'><strong>xvm,</strong></span> <span class='ocrx_word' id='word_1_871' title='bbox 347 2783 392 2812; x_wconf 74' lang='lat'><strong>28.</strong></span> <span class='ocrx_word' id='word_1_872' title='bbox 430 2783 440 2798; x_wconf 81' lang='lat'>&#39;</span> <span class='ocrx_word' id='word_1_873' title='bbox 454 2782 535 2810; x_wconf 85' lang='lat' dir='ltr'><strong>Joan.</strong></span> <span class='ocrx_word' id='word_1_874' title='bbox 550 2789 606 2816; x_wconf 79' lang='lat' dir='ltr'><strong>xtx,</strong></span> <span class='ocrx_word' id='word_1_875' title='bbox 622 2781 667 2815; x_wconf 76' lang='grc'><strong>15,</strong></span> <span class='ocrx_word' id='word_1_876' title='bbox 682 2781 726 2810; x_wconf 64' lang='lat' dir='ltr'><strong>lt.</strong></span> <span class='ocrx_word' id='word_1_877' title='bbox 765 2782 775 2798; x_wconf 90' lang='grc'><strong><em>³</em></strong></span> <span class='ocrx_word' id='word_1_878' title='bbox 790 2783 853 2810; x_wconf 82' lang='lat' dir='ltr'><strong>ibid.</strong></span> <span class='ocrx_word' id='word_1_879' title='bbox 867 2784 912 2811; x_wconf 80' lang='grc'><strong>51.</strong></span> 
     </span>
    </p>
   </div>
   <div class='ocr_carea' id='block_1_118' title="bbox 112 2827 1684 2865">
    <p class='ocr_par' dir='ltr' id='par_1_118' title="bbox 112 2827 1684 2865">
     <span class='ocr_line' id='line_1_118' title="bbox 112 2827 1684 2865; baseline 0 -9"><span class='ocrx_word' id='word_1_880' title='bbox 112 2830 164 2865; x_wconf 80' lang='lat'><strong>(3|)</strong></span> <span class='ocrx_word' id='word_1_881' title='bbox 176 2829 246 2864; x_wconf 79' lang='lat' dir='ltr'><strong>Hap&#39;</strong></span> <span class='ocrx_word' id='word_1_882' title='bbox 262 2830 405 2863; x_wconf 79' lang='grc' dir='ltr'>Ἑϐραίοις</span> <span class='ocrx_word' id='word_1_883' title='bbox 421 2831 520 2865; x_wconf 61' lang='grc' dir='ltr'>σοφοί.</span> <span class='ocrx_word' id='word_1_884' title='bbox 539 2829 587 2856; x_wconf 78' lang='lat' dir='ltr'><strong>Hic</strong></span> <span class='ocrx_word' id='word_1_885' title='bbox 600 2829 737 2857; x_wconf 86' lang='lat' dir='ltr'><strong>interserit</strong></span> <span class='ocrx_word' id='word_1_886' title='bbox 757 2833 850 2857; x_wconf 78' lang='lat' dir='ltr'><strong>auctor</strong></span> <span class='ocrx_word' id='word_1_887' title='bbox 870 2829 991 2858; x_wconf 82' lang='lat' dir='ltr'><strong>Chronici</strong></span> <span class='ocrx_word' id='word_1_888' title='bbox 1015 2830 1155 2858; x_wconf 79' lang='lat' dir='ltr'><strong>Paschalis</strong></span> <span class='ocrx_word' id='word_1_889' title='bbox 1178 2829 1266 2857; x_wconf 91' lang='lat' dir='ltr'><strong>locum</strong></span> <span class='ocrx_word' id='word_1_890' title='bbox 1287 2836 1321 2857; x_wconf 85' lang='lat' dir='ltr'><strong>ex</strong></span> <span class='ocrx_word' id='word_1_891' title='bbox 1338 2827 1488 2856; x_wconf 79' lang='lat' dir='ltr'><strong>Athanasio</strong></span> <span class='ocrx_word' id='word_1_892' title='bbox 1500 2827 1684 2863; x_wconf 82' lang='lat' dir='ltr'><strong>desumptum.</strong></span> 
     </span>
    </p>
   </div>
  </div>
