1909 3069
221 141 1825 165 1m

811 227 880 248 ANNO
893 228 985 248 DOIIliI
1006 229 1106 249 CCCXIII
1112 229 1243 249 ἀἰεΧίὶί-

538 316 641 422 S.
725 314 1522 421 ALEXANDEB

357 494 871 575 EPISGOPUS
937 493 1548 574 ALEXANDRIN
1556 496 1673 576 US

877 718 1176 776 NOTITIA

618 831 761 862 (Cinnam,
774 832 889 856 Veterum
898 830 1002 854 Palmm
1015 829 1129 862 Bibliolt.,
1144 831 1183 862 IV,
1196 832 1306 864 Proleg.,
1317 840 1341 864 p.
1354 834 1416 866 XIX.)

250 981 344 1015 vitque.

160 932 163 935 ’
216 945 236 973 1.
254 944 402 972 Alexander
422 943 450 971 in
461 943 518 972 sede
531 944 712 971 Alexandrina
736 952 870 971 successor
896 944 1016 972 Achillae.
1035 943 1099 979 Ejus
1125 943 1229 970 eximia:
1252 943 1336 971 dotes.
1363 943 1469 970 Primus
1489 943 1581 970 Arium
1607 943 1704 970 detexit
1722 942 1830 972 damna-

215 1027 248 1054 11.
264 1026 410 1053 Alexandri
420 1025 538 1053 studium
553 1025 582 1051 in
594 1024 687 1051 hwresi
699 1025 801 1051 Ariana
813 1024 992 1060 proﬂiganda.
1007 1024 1073 1060 Ejus
1089 1025 1144 1052 dies
1155 1029 1180 1052 et
1193 1033 1277 1052 annus
1291 1024 1446 1051 emortualis
1462 1024 1599 1051 statuitur.

215 1066 259 1102 III.
279 1074 343 1107 Qum
363 1073 496 1106 scripserit
516 1071 666 1098 Alexander
691 1071 725 1097 ad
741 1072 863 1098 Iurresim
879 1071 1010 1099 Arianam
1030 1071 1241 1106 oppugnandam.
1260 1071 1355 1098 Exstat
1373 1071 1430 1106 ejus
1453 1071 1575 1106 epistola,
1596 1070 1749 1098 Alexandro
1770 1069 1827 1097 (ΣΡ.

248 1110 367 1144 episcopo
386 1109 523 1142 inscripta.

215 1155 259 1183 IV.
283 1155 318 1182 De
327 1155 376 1181 hac
389 1153 501 1188 epistola
520 1153 652 1180 Holstem't'
670 1153 808 1179 sententia.

214 1203 247 1231 ν.
264 1203 359 1238 Agitur
379 1201 410 1228 de
430 1201 549 1238 oratione
569 1199 713 1226 Alexandri
731 1199 764 1225 ad
785 1201 996 1238 pz'rspyte_i'os_et
1015 1200 1139 1238 diaconos
1165 1201 1357 1228 Alexandrinos
1383 1205 1407 1227 et
1425 1200 1592 1228 Mareoticus.
1617 1200 1684 1228 Item
1703 1201 1736 1228 de
1755 1201 1828 1229 illius

246 1234 358 1273 epistola
376 1236 519 1271 eneyclica,
538 1243 594 1270 qua:
614 1242 654 1261 res
673 1240 759 1269 gestas
779 1234 879 1261 exhibet
899 1236 926 1262 in
948 1236 1056 1263 Ariana:
1075 1237 1201 1264 hwreseos
1221 1241 1324 1263 exortu.

249 1307 271 1335 I.
290 1306 403 1334 Achilla:
415 1306 463 1341 qui
477 1305 575 1340 exiguo
588 1310 709 1339 tempore
726 1311 741 1330 ιι
768 1303 840 1332 Petri
866 1306 997 1341 martyrio
1011 1313 1034 1339 Α
1048 1314 1174 1342 magnum
1185 1307 1341 1340 concilium,
1359 1307 1386 1333 in
1402 1314 1456 1342 quo
1467 1306 1568 1341 impius
1592 1307 1637 1334 ille
1653 1307 1688 1334 ab
1703 1307 1827 1336 Ecclesia

215 1353 425 1382 Alexandrinam
450 1351 597 1379 Ecclesiam
622 1350 843 1383 administravit,
868 1351 998 1380 sulfectus

214 1403 257 1428 est
282 1398 435 1426 Alexander
456 1397 530 1424 circa
560 1404 661 1423 annum
691 1396 792 1423 Christi
821 1396 882 1425 512.
910 1397 997 1432 Hujus

215 1445 341 1481 praesulis
358 1444 471 1471 eximias
487 1442 602 1469 virtutes
626 1449 695 1477 quas
718 1442 832 1468 omnino
859 1443 998 1477 praeterire

215 1490 295 1519 libuit
312 1489 441 1522 Eusebio,
457 1489 526 1516 alios
541 1488 689 1522 scriptores
703 1487 905 1516 ecclesiasticos
924 1490 998 1516 omni

213 1537 295 1565 laude
316 1539 477 1572 prosecutos
501 1542 562 1561 esse
587 1533 775 1569 intelligimus.
793 1533 898 1561 Passim
925 1534 997 1562 enim

215 1581 291 1611 audit
310 1592 320 1608 ι
342 1581 506 1616 evangelicae
522 1580 654 1607 doctrinae
680 1583 868 1615 propugnator
897 1581 998 1608 acerri-

215 1636 276 1656 mus
291 1627 341 1664 ta),
363 1637 372 1654 ι
393 1628 407 1654 ὁ
420 1628 541 1661 γενναῖος
561 1625 745 1653 ἀηστολικῶν
763 1625 904 1660 δογμάτων
923 1626 998 1660 γενό-

216 1683 295 1710 μενος
312 1674 451 1710 πρόμαχος
469 1681 476 1688 ·
497 1682 506 1698 ι
530 1672 741 1708 apostolicorum
765 1671 921 1707 dogmalum
937 1673 998 1699 vin-

216 1721 268 1748 dex
281 1723 308 1748 et
319 1723 450 1755 patronus
466 1718 514 1755 (bl,
534 1728 543 1744 ι
559 1719 573 1744 ὁ
589 1718 641 1744 τῶν
655 1717 837 1744 ἀποστολικῶν
858 1717 997 1754 δογμάτων

216 1768 383 1803 συνήγορος·
401 1771 482 1801 atque
499 1765 533 1801 (ο)
551 1765 646 1792 divina:
672 1763 734 1799 ﬁdei
757 1765 924 1799 episcopus...
940 1765 996 1800 ple-

214 1821 263 1840 nus
279 1812 421 1847 sapientia,
445 1816 469 1838 et
487 1811 589 1845 Spiritu
613 1814 705 1836 sancto
730 1809 843 1844 feruens.
863 1809 997 1837 Nimirum

213 1859 365 1886 Alexander
376 1857 471 1884 Arium
490 1857 594 1892 primus
617 1861 644 1883 et
665 1855 766 1883 detexit
787 1860 814 1883 et
838 1856 995 1890 damnavit;

214 1912 409 1940 sacrarumque
435 1904 585 1930 litterarum
610 1902 732 1937 vestigiis
753 1902 894 1934 insistens,
910 1906 940 1929 ut
960 1902 997 1929 ait

213 1951 395 1979 Theodoritus
408 1949 458 1985 (Δ),
476 1948 574 1976 Filium
588 1947 646 1979 Dei,
660 1955 740 1983 quem
755 1947 899 1975 haereticus
916 1947 996 1975 homo

1049 1353 1209 1380 exturbatus
1234 1352 1285 1380 fuit
1306 1357 1387 1387 atque
1412 1353 1591 1388 proscriptus.
1607 1353 1639 1380 Et
1653 1354 1756 1383 multas
1772 1356 1829 1391 qui-

1049 1397 1109 1425 dem
1136 1398 1324 1426 alllictationes
1355 1399 1510 1433 multosque
1539 1399 1645 1426 labores
1675 1399 1703 1426 in
1730 1400 1827 1428 haeresi

1048 1443 1147 1470 Ariana
1167 1442 1332 1478 proﬂiganda
1344 1443 1465 1478 pertulit,
1480 1443 1605 1478 quamvis
1619 1451 1712 1475 senex.
1726 1444 1828 1472 beatis-

1049 1488 1134 1516 simus
1145 1487 1313 1521 Alexander;
1327 1488 1427 1523 quibus
1440 1488 1547 1515 demum
1564 1488 1723 1523 perfunctus
1737 1489 1766 1516 in
1781 1497 1827 1517 ex-

1048 1538 1133 1562 trema
1156 1538 1295 1562 senectute
1321 1534 1462 1569 appositus
1478 1538 1519 1562 est
1540 1534 1573 1561 ad
1599 1539 1690 1569 patres
1704 1543 1781 1567 suos,
1798 1540 1827 1562 ut

1048 1579 1143 1607 scribit
1167 1583 1278 1607 sanctus
1299 1579 1464 1607 Athanasius
1492 1580 1542 1615 (e);
1568 1580 1614 1615 qui
1643 1585 1669 1607 et
1689 1580 1753 1610 alibi
1769 1581 1800 1616 (D
1818 1592 1825 1609 :

1051 1633 1060 1650 r
1080 1624 1218 1653 Mensihus
1233 1626 1363 1662 quinque,
1380 1626 1417 1652 ait
1431 1627 1458 1660 (a
1473 1625 1560 1653 reditu
1580 1625 1689 1661 Niceat),
1704 1626 1826 1654 nondum

1048 1670 1162 1701 exactis.
1179 1679 1335 1706 supremum
1351 1672 1421 1698 diem
1438 1671 1504 1698 obiit
1522 1672 1606 1699 beatae
1620 1673 1758 1699 memoriae
1768 1672 1827 1700 Ale-

1052 1716 1154 1744 xander
1169 1724 1175 1741 :
1196 1726 1205 1742 ι
1223 1716 1297 1743 οὔπω
1320 1716 1374 1752 γὰρ
1391 1717 1470 1743 πέντε
1493 1716 1576 1752 μῆνες
1598 1718 1749 1754 παρῆλθον,
1765 1722 1833 1748 καὶὸ

1052 1761 1101 1797 μὲν
1126 1763 1279 1798 μακαρίτης
1303 1762 1473 1798 Ἀλέξανδρος
1486 1762 1685 1800 τετελεύτηκεν.
1701 1767 1790 1801 Atque
1806 1768 1832 1794 in

1047 1807 1170 1834 eamdem
1187 1808 1350 1836 sententiam
1365 1807 1546 1835 Theodoritus
1563 1808 1599 1843 \g)
1622 1817 1628 1834 :
1649 1817 1658 1833 ι
1678 1808 1758 1840 Cum,
1783 1809 1825 1835 in-

1048 1853 1117 1887 quit,
1135 1853 1304 1882 admirabilis
1322 1854 1367 1882 ille
1381 1854 1527 1889 episcopus
1542 1854 1694 1881 Alexander
1705 1854 1754 1889 qui
1769 1854 1825 1881 Arii

1048 1898 1244 1934 blasphemiam
1269 1901 1443 1935 expugnavit,
1463 1904 1525 1935 post
1541 1900 1661 1935 quinque
1686 1908 1796 1928 menses
1811 1908 1826 1927 a

1048 1945 1151 1980 synodo
1166 1944 1272 1972 Nica‘na
1284 1945 1394 1973 vivendi
1404 1945 1485 1973 finem
1501 1945 1620 1978 fecisset,
1635 1945 1827 1973 Alexandrinae

213 2002 369 2025 creaturam
386 1981 416 2023 et
434 1996 567 2022 facturam
582 1993 708 2025 vocabat,
739 1993 861 2027 ejusdem
875 2001 937 2021 esse
951 1993 993 2020 di-
1010 1981 1032 2009 Β
1048 1990 1176 2019 Ecclesiae
1195 1992 1370 2026 praesulatum
1391 1991 1559 2020 Athanasius
1576 1992 1707 2027 suscepit.
1729 2001 1738 2018 ι
1764 1991 1827 2019 IIa-c

214 2043 325 2079 gnilatis
338 2050 399 2069 cum
410 2041 500 2074 Patre,
517 2040 694 2074 eamdemque
706 2047 767 2067 cum
779 2038 834 2066 Deo
846 2039 892 2074 qui
908 2039 995 2074 ipsum

213 2088 317 2124 genuit,
339 2087 438 2114 habere
449 2085 630 2114 substantiam
641 2084 760 2111 edocuit.

250 2130 282 2159 II.
302 2130 334 2157 Et
349 2131 468 2166 primum
494 2129 603 2164 quidem
629 2129 740 2156 monitis
764 2133 791 2156 et
810 2130 932 2157 consiliis
947 2130 996 2157 bo—

212 2176 313 2204 minem
326 2176 360 2203 ab
383 2176 509 2203 instituto
531 2182 661 2202 revocare
684 2175 799 2203 studuit.
822 2175 856 2202 At
872 2176 916 2202 ubi
933 2183 994 2203 eum

213 2223 334 2250 insanire
350 2229 482 2257 suamque
495 2221 661 2256 impietatem
677 2221 765 2256 palam
777 2221 926 2256 praedicare
937 2222 996 2248 aui-

212 2268 356 2296 mad-vertit
366 2273 477 2295 sanctus
492 2267 624 2299 antistes,
646 2267 816 2294 Alexandria:
835 2273 927 2294 coacm
942 2275 995 2293 una

210 2318 238 2341 et
253 2314 338 2341 altera
356 2312 460 2349 synodo
475 2313 665 2348 episcoporum
683 2312 804 2348 Egypti,
827 2320 859 2339 ex
879 2313 994 2348 presby-

214 2365 336 2387 terorum
352 2359 447 2386 ordine
463 2359 539 2386 illum
563 2359 697 2393 dejectum
718 2357 846 2386 Ecclesiae
873 2365 995 2385 commu-

212 2405 294 2432 nione
315 2404 441 2439 privavit.
462 2403 531 2430 Tum
553 2410 619 2430 vero
642 2402 798 2438 hujusmodi
825 2403 995 2430 anathemate

211 2450 352 2484 perculsus
368 2448 560 2480 haeresiarcha,
577 2455 640 2475 cum
656 2448 742 2482 magis
754 2447 842 2474 adhuc
855 2447 995 2481 magisque

211 2496 301 2523 furere
327 2499 459 2530 pergeret,
482 2501 554 2520 anno
571 2493 680 2520 tandem
708 2492 761 2520 525
786 2492 882 2519 Nicaeae
898 2491 925 2518 in
950 2491 994 2518 Bi-

209 2542 303 2577 thynia
323 2549 354 2568 ex
368 2541 496 2568 universo
509 2539 667 2567 Christiano
681 2539 746 2566 orbe
758 2541 937 2566 convocatum
953 2541 994 2565 est

245 2630 284 2671 la)
301 2629 437 2671 :I‘beodon
459 2629 532 2657 Hist.
548 2629 624 2661 ecel.,
636 2628 684 2656 lib.
702 2636 722 2660 ι,
736 2636 796 2663 cap.
811 2628 839 2656 2.

245 2664 283 2699 (b)
301 2664 340 2692 Id.
359 2664 422 2692 ibid.

244 2700 281 2734 (c)
297 2699 416 2727 Marcell.
430 2703 457 2727 et
472 2698 565 2727 Faust.
581 2699 673 2726 Libell.
687 2706 768 2733 prec.,
783 2698 834 2725 sub
847 2697 906 2725 init.

246 2735 285 2769 (ά)
300 2734 437 2769 Theodor.
452 2735 471 2762 l.
486 2742 511 2761 c.

245 2766 280 2805 (ej
295 2771 395 2797 Athan.
407 2767 493 2804 Epist.
509 2769 543 2796 ad
558 2769 637 2804 episc.
650 2768 769 2804 Egypt.,
795 2767 808 2803 §
823 2767 868 2802 21,
884 2771 951 2795 tom.
969 2766 989 2801 I,

210 2805 352 2842 μεθείη,

1048 2038 1102 2065 ille.
1120 2037 1205 2071 Quam
1217 2038 1326 2073 quidem
1339 2039 1468 2073 temporis
1483 2038 1662 2070 notationem,
1688 2042 1718 2065 ut
1732 2037 1829 2066 adver—

1047 2083 1079 2110 tit
1100 2083 1222 2112 eruditus
1245 2083 1411 2119 Lequienius
1427 2084 1475 2119 (I1),
1503 2085 1530 2111 in
1552 2084 1683 2119 singulari
1707 2084 1827 2119 quadam

1046 2129 1283 2158 dissertatiuncula
1293 2130 1446 2158 edisserens
1459 2130 1634 2157 doctissimus
1656 2129 1828 2157 Montfauco-

1045 2177 1119 2208 nius,
1134 2176 1253 2204 Ostendit
1264 2176 1446 2203 Alexandrum
1460 2176 1561 2204 obiisse
1582 2176 1626 2204 die
1635 2175 1670 2202 22
1682 2175 1828 2203 Barmudre

1046 2230 1095 2251 seu
1119 2221 1289 2253 Pharmuthi,
1310 2220 1377 2248 feria
1398 2215 1434 2253 n,‘
1454 2222 1555 2257 Aprilis
1579 2222 1665 2249 nostri
1682 2221 1728 2254 I7,
1751 2230 1827 2249 anno

1045 2268 1160 2303 proinde
1185 2267 1270 2295 altero
1302 2271 1364 2303 post
1390 2266 1525 2295 Nicaanam
1560 2267 1715 2302 synodum,
1750 2268 1827 2295 scili-

1046 2317 1088 2340 cet
1104 2313 1166 2341 526.

1078 2358 1125 2387 Ill.
1147 2359 1263 2394 Scripsit
1288 2358 1440 2387 Alexander
1465 2358 1618 2394 encyclicas
1645 2358 1678 2386 ad
1699 2359 1828 2394 singulos

1044 2404 1187 2439 episcopos
1214 2405 1328 2437 litteras,
1350 2406 1405 2436 τοῖς
1427 2404 1581 2439 ἁπανταχοῦ
1598 2404 1668 2431 κατὰ
1683 2404 1774 2436 πόλιν,
1799 2411 1828 2432 ιιι

1044 2457 1077 2477 ex
1091 2449 1203 2477 Socrate
1215 2450 1398 2484 comperimus
1416 2449 1458 2486 (i),
1475 2450 1576 2485 quibus
1597 2449 1722 2477 haeresim
1746 2451 1829 2477 Aria-

1044 2503 1107 2522 nam
1124 2495 1314 2531 oppugnabat;
1332 2503 1433 2531 easque
1445 2495 1530 2524 ferme
1553 2496 1724 2531 septuaginta
1739 2495 1828 2524 fuisse

1041 2539 1126 2568 refert
1139 2539 1307 2575 Epiphanius
1322 2540 1365 2576 (j).
1382 2540 1451 2568 Suas
1466 2548 1548 2576 porro
1563 2541 1692 2576 epistolas
1709 2541 1828 2576 vigilan-

1082 2628 1116 2664 (Ι)
1135 2628 1172 2664 Id.
1195 2629 1306 2664 Apolog.
1321 2634 1405 2656 contr.
1426 2629 1532 2661 Arium,
1550 2629 1563 2664 ᾗ
1578 2629 1621 2661 59,
1637 2636 1696 2664 pag.
1715 2628 1778 2656 178.

1111 2668 1119 2697 )
1134 2663 1270 2691 Theodor.
1282 2663 1450 2699 Vltist.reccl.,
1466 2664 1514 2691 lib.
1527 2663 1615 2699 μαψ.
1631 2663 1677 2692 2ϋ.

1111 2668 1119 2697 )
1134 2668 1270 2691 'l'heodor.
1289 2668 1359 2691 ttist.
1375 2668 1450 2695 εδει,
1466 2668 1514 2691 lib.
1527 2672 1547 2697 ι,
1557 2671 1615 2699 cap.
1631 2668 1677 2692 26.

1081 2668 1120 2734 ᾖ)
1135 2699 1267 2734 Lequien.
1288 2698 1336 2726 Or.
1354 2698 1465 2732 Christ.,
1481 2704 1549 2727 tom.
1561 2698 1594 2731 ll,
1604 2707 1666 2734 pag.
1679 2697 1743 2727 590.

1080 2734 1113 2769 (ί)
1130 2733 1207 2770 Sper.
1226 2733 1299 2770 Hist.
1315 2735 1379 2762 eccl.
1398 2734 1445 2770 lib.
1455 2742 1481 2770 Vl,
1495 2741 1555 2770 cap.
1572 2734 1598 2762 ϐ,

1079 2770 1112 2804 (j)
1130 2768 1227 2805 Epiph.
1242 2769 1307 2797 baer.
1326 2777 1401 2803 uix,
1417 2768 1431 2804 ς
1447 2769 1473 2796 4.
