1909 3069
72 137 123 171 ἶλἱὸ

71 201 203 229 tissimum
229 200 374 237 praesulem
397 213 458 232 cum
482 206 515 234 iis
538 214 606 241 quas
634 207 666 234 ad
694 208 781 243 ipsum
807 217 851 236 re—

73 247 238 281 scripserunt
251 249 372 284 episcopi
389 257 436 285 per
461 251 581 285 singulas
601 253 682 280 urbes
698 254 850 287 constituti,

72 300 119 328 pro
132 293 274 321 catholicm
285 296 427 323 sententiae
443 297 599 324 defensione
620 299 646 325 i-n
673 306 755 325 unum
773 301 850 326 volu-

72 346 130 366 men
145 340 330 374 congessisse.
346 347 442 376 praeter
459 343 596 370 Socratem
615 346 653 379 (ιι)
670 349 785 371 testatur
800 345 850 372 So-

73 385 200 413 zomenus
214 386 265 421 (b).
278 388 313 414 At
324 396 356 414 e-x
376 389 502 416 omnibus
517 390 637 424 epistolis
649 399 717 425 quas
732 392 850 419 Alexan-

71 431 147 457 drum
164 433 360 468 perscripsisse
377 434 460 462 tradit
473 437 633 471 antiquitas,
654 438 714 465 duae
729 442 849 465 tantum-

70 478 268 514 modointegra:
276 480 355 508 hodie
364 488 503 517 superant;
511 484 609 518 quibus
618 484 720 512 accedit
728 485 848 519 ejusdem

70 524 216 552 Alexandri
232 526 323 553 brevis
337 527 465 555 allocutio
480 528 513 556 de
527 529 583 556 Arii
601 534 628 557 et
642 530 777 557 sociorum
800 532 848 559 de-

69 570 205 604 positione
216 572 250 598 ad
264 573 437 608 presbyteros
454 578 480 600 ct
496 575 627 602 diaconos
639 575 807 603 Alexandria?
823 581 849 604 et

70 615 204 644 Mareotin.
230 618 410 652 Epistolarum
426 619 517 654 itaque
535 621 608 655 prior
623 629 702 656 quam
724 621 848 649 Theodo-

70 662 120 689 rito
131 668 272 697 acceptam
287 664 430 692 referimus
453 666 500 700 (ε),
516 666 679 701 homonymo
695 668 848 694 Alexandro

69 707 369 744 Constantinopolitano
381 712 508 747 episcopo
520 713 688 740 inscribitur.
702 713 776 740 Hanc
785 720 847 741 vero

69 755 213 788 epistolam
230 760 290 790 post
302 757 465 785 celebratam
491 758 622 793 synodum
637 759 846 788 Alexandrinam

70 798 154 826 fuisse
176 804 328 832 exaratam,
348 809 381 828 ex
402 802 435 829 iis
455 806 622 837 compertum
639 796 771 831 habemus
787 812 846 839 quae

68 845 116 871 sub
129 840 410 875 initium-occurrunt.
428 848 473 875 Sic
487 850 558 876 enim
572 855 682 878 sanctus
696 850 775 877 Pater
785 851 824 886 (ά)
838 861 843 877 ;

69 901 77 915 ι
98 893 137 919 Ac
153 900 206 920 nos
224 894 341 928 quidem,
358 896 455 931 inquit.
473 905 534 923 cum
550 904 580 923 ea
606 905 666 932 quae
689 898 749 924 vita:
772 898 845 932 ipso-

65 946 125 965 rum
141 939 327 974 (Arianorum)
341 949 372 968 ac
387 942 498 970 nefariis
515 943 659 970 conatibus
675 948 841 978 competunt,

66 986 153 1014 serius
167 991 278 1022 propter
294 988 414 1022 ipsorum
426 989 541 1016 latebras
553 990 842 1025 deprehendissemus;

65 1034 204 1060 communi
219 1034 340 1061 omnium
356 1034 485 1070 suifragio
500 1043 531 1063 ex
545 1040 616 1063 εωιιι
637 1036 766 1064 Ecclesia:
784 1045 844 1072 qua:

64 1079 166 1107 Christi
180 1079 349 1108 divinitatem
364 1082 467 1114 adorat,
484 1090 531 1109 eos
544 1083 683 1118 ejecimus.
702 1093 710 1108 ι
729 1083 843 1110 Praeter-

64 1133 105 1158 ea,
120 1130 150 1153 ut
167 1127 296 1154 observat
311 1128 345 1155 cl.
360 1125 494 1160 Valesius,
509 1137 541 1156 ex
565 1130 618 1156 alio
639 1130 760 1164 ejusdem
786 1130 842 1165 epi-

65 1172 141 1199 stola:
156 1172 218 1200 loco
234 1173 268 1208 (ε)
279 1169 410 1202 discimus
425 1183 484 1201 eam
501 1175 646 1211 scripsisse
657 1177 841 1204 Alexandrum

64 1222 125 1245 ante
143 1219 217 1246 illam
234 1227 313 1254 quam
327 1220 359 1246 ad
378 1228 471 1248 omnes
487 1221 622 1249 Ecclesias
632 1223 739 1249 direxit.
753 1222 842 1257 Siqui-

63 1263 123 1290 dem
140 1271 173 1291 eo
188 1265 242 1292 loci
261 1266 301 1292 sic
317 1266 436 1300 loquitur
450 1266 546 1295 beatus
566 1268 697 1296 antistes:
716 1279 725 1294 ε
746 1269 842 1297 Nescio

62 1318 115 1345 quo
130 1311 213 1338 modo
226 1312 343 1340 ordinati
353 1313 381 1339 in
394 1311 471 1348 Syria
482 1314 536 1341 tres
547 1314 677 1350 episcopi,
692 1315 746 1343 illis
758 1315 842 1346 (Aria-

64 1355 115 1389 nis)
135 1357 344 1390 consentiendo,
358 1365 405 1385 eos
418 1357 450 1385 ad
462 1358 555 1394 pejora
568 1359 691 1387 incitant.
714 1370 722 1384 ι
740 1360 841 1387 Intelli-

62 1400 97 1434 git
109 1401 254 1433 nimirum,
271 1398 308 1429 ait
320 1403 360 1429 vir
371 1403 482 1431 criticus
494 1404 538 1439 (Γ),
552 1404 699 1433 Eusebium
713 1405 841 1433 Caesarea;

62 1445 215 1474 Palaestina:
241 1448 417 1483 episcopum,
451 1448 620 1477 Theodotum
646 1450 787 1479 Laodiceae
813 1456 840 1479 et

60 1491 205 1520 Paulinum
221 1484 286 1530 Ty'ri
307 1504 314 1522 :
340 1495 390 1522 hos
412 1496 483 1523 enim
506 1497 675 1525 anathemate
698 1498 840 1525 damnatos

63 1538 144 1566 fuisse
161 1547 177 1566 a
193 1545 288 1567 nostro
305 1541 419 1576 praesule
429 1542 614 1570 Alexandrino
628 1547 743 1570 testatur
758 1543 839 1571 Arius

61 1585 86 1611 in
96 1585 214 1620 epistola
228 1586 261 1613 ad
273 1574 417 1614 Eusebium
429 1585 660 1616 Nicomediensem
670 1590 838 1625 episcopum,
853 1574 877 1605 ο

59 1639 139 1665 quam
154 1632 253 1659 recitat
269 1631 450 1661 Theodoritus
463 1634 512 1669 (ς).
528 1634 611 1669 Cujus
633 1636 743 1671 quidem
760 1636 840 1664 Nico-

60 1677 208 1705 mediensis
221 1678 340 1713 epiSCopi
359 1680 522 1707 mentionem
540 1679 629 1709 facere
644 1682 716 1709 haud
729 1683 840 1711 omisis-

59 1727 98 1749 set
114 1723 269 1751 Alexander
283 1725 311 1751 in
328 1725 382 1759 hac
401 1725 435 1752 ad
454 1727 645 1761 cognominem
657 1728 838 1756 Alexandrum

58 1770 184 1802 epistola,
203 1772 226 1797 si
238 1778 297 1798 eam
312 1771 372 1798 loco
383 1773 532 1806 posteriore
548 1774 716 1808 scripsisset.

92 1815 135 1842 IV.
155 1815 289 1843 Caeterum
304 1817 337 1844 ad
350 1818 471 1852 ejusdem
489 1820 609 1854 epistola
632 1819 837 1856 inscriptionem

58 1864 127 1898 quod
146 1865 255 1897 attinet,
281 1869 378 1900 prmter
393 1874 423 1894 ea
437 1875 497 1902 quze
521 1868 554 1894 ad
576 1869 649 1896 illam
667 1877 697 1897 ex
716 1869 798 1906 Pagio
812 1875 838 1898 cl.

58 1909 168 1937 Baluzio
186 1911 388 1944 adnotavimus,
401 1915 561 1941 sententiain
576 1914 709 1943 Ilolstenii
724 1917 774 1943 viri
787 1918 836 1943 do-

57 1956 172 1984 ctissimi
192 1957 246 1984 huc
262 1958 397 1986 adducere
410 1960 520 1994 juverit.
541 1961 586 1988 Sic
603 1962 684 1997 igitur
707 1962 751 1989 ille
769 1963 807 1997 (lt)
829 1974 834 1990 :

58 2010 67 2026 i
85 2001 154 2028 Cum
179 2002 206 2028 in
234 2003 286 2030 hac
303 2004 426 2038 epistola,
454 2013 507 2032 non
532 2014 613 2033 unum
641 2006 768 2042 aliquem,
789 2009 835 2035 scd

57 2048 147 2081 plures
162 2049 281 2076 Subinde
295 2050 450 2085 alloquatur
460 2051 673 2085 Alexander;....
702 2054 765 2079 mihi
783 2054 835 2080 lixa

56 2093 110 2120 btec
134 2094 212 2121 sedet
227 2096 371 2129 sententia,
398 2105 451 2123 non
479 2097 608 2132 privatam
634 2099 751 2133 aliquam
780 2100 836 2127 sive

56 2141 244 2168 tractatoriam
268 2141 338 2169 hanc
360 2143 500 2178 epistolam
524 2151 595 2176 esse,
611 2145 658 2171 sed
674 2145 835 2172 circularem

55 2191 86 2212 ac
99 2186 269 2220 generalem,
289 2187 400 2214 missam
413 2188 446 2214 ad
458 2188 581 2216 diversos
599 2187 713 2223 Europae
728 2189 835 2223 episco-

55 2238 112 2265 pos.
127 2231 208 2264 Quod
223 2240 304 2260 nemo
318 2233 395 2260 facile
414 2235 560 2269 negaverit,
576 2235 622 2269 qui
638 2234 719 2270 hujus
732 2235 831 2270 episto—

55 2277 86 2304 lae
99 2282 206 2312 partem
222 2283 382 2311 extremam,
399 2284 426 2307 et
435 2280 683 2307 ecclesiasticarum
705 2281 834 2316 epistola-

55 2330 113 2350 rum
130 2323 249 2351 formam
260 2325 424 2360 modumque
435 2333 488 2353 non
506 2327 584 2361 plane
599 2326 763 2361 ignoret.....
775 2326 833 2353 Non

55 2372 83 2395 ut
109 2369 267 2397 Alexandro
293 2369 584 2407 Constantinopolitano
608 2373 737 2407 episcopo
764 2374 834 2399 hanc

53 2416 197 2450 epistolam
218 2416 348 2451 scriptam
365 2425 476 2453 negem;
488 2418 538 2446 sed
552 2423 581 2445 ut
599 2418 633 2446 ad
647 2419 715 2447 alios
727 2426 835 2454 quoque

53 2462 160 2490 vicinos
185 2463 341 2498 episcopos.
363 2464 404 2491 vel
425 2464 452 2491 in
479 2464 552 2499 regia
572 2465 640 2492 urbe
665 2465 833 2500 negotiorum

54 2513 135 2534 causa
150 2512 208 2535 tum
228 2513 378 2542 versantes,
393 2509 514 2544 ejusdem
527 2518 634 2545 quoque
649 2512 771 2545 exempla
787 2517 834 2545 per

34 2624 45 2640 λ
89 2596 128 2640 is.)
144 2595 224 2640 §°°r-
242 2597 260 2624 ι-
274 2605 305 2640 3-.
317 2598 368 2640 sub
383 2598 447 2640 πει-μ

100 2632 126 2668 tv)
140 2630 254 2668 §ozom.
270 2631 339 2668 Hist.
356 2633 419 2660 εισι,
433 2632 478 2660 lib.
493 2642 512 2660 ι.
526 2642 585 2668 cap.
600 2634 624 2665 1,
637 2633 688 2661 sub
699 2633 742 2660 lin.

88 2633 126 2697 ἓῡ)
144 2633 254 2659 Sozom.
270 2633 339 2659 Hist.
356 2633 419 2660 εισι,
433 2633 478 2660 lib.
493 2642 512 2660 ι.
526 2642 585 2668 cap.
600 2634 624 2665 1,
637 2641 659 2660 ει

100 2666 124 2700 c)
140 2666 366 2709 Theodor..Ht'st.
383 2668 445 2696 ccci.
462 2669 509 2696 lib.
526 2677 544 2700 l,
560 2677 620 2703 cap.
632 2669 659 2696 4.

88 2701 127 2736 (d)
143 2702 224 2738 Alex.
240 2702 323 2736 Epist.
341 2704 367 2736 1,
383 2703 396 2738 ᾗ
412 2703 438 2729 2.

84 2701 127 2736 (d)
143 2702 221 2729 Alex.
240 2702 323 2736 Epist.
341 2704 367 2736 1,
383 2703 396 2738 ς
412 2703 438 2729 2.

89 2737 125 2779 (ε)
137 2736 185 2779 3.":
203 2737 315 2779 “id-ssi.
322 2738 347 2765 9-
371 2773 377 2779 .

137 2771 233 2812 Yales.
242 2765 421 2812 ad'jilrenodor.
434 2772 505 2800 Hist.
519 2774 595 2806 eccl.,
604 2781 664 2809 pag.
676 2772 719 2806 16,
732 2778 796 2802 note
804 2775 833 2808 2,

53 2806 120 2837 edit.
137 2807 270 2835 Cantabr.
284 2808 362 2835 1720.
604 2806 612 2808 “
640 2806 651 2809 ⁷

90 2843 126 2876 (g')
141 2841 279 2869 Theodor.
296 2843 365 2870 Hist.
381 2843 443 2870 εδει.
461 2844 506 2871 lib.
525 2851 543 2875 l,
555 2851 615 2876 cap.
628 2844 654 2871 5.

90 2844 115 2876 (g'
141 2843 279 2869 Theodor.
296 2843 365 2870 Hist.
381 2843 443 2870 εδει.
461 2844 506 2871 lib.
525 2851 543 2875 l,
555 2851 615 2876 cap.
628 2844 654 2871 5.

89 2843 128 2913 (In;
143 2877 268 2906 Holsten.
282 2879 315 2906 ad
330 2878 572 2916 cal0em_Theodor.
585 2879 675 2925 \lales.
688 2879 795 2908 dissert.
812 2888 831 2912 ι,

564 150 590 176 s.
613 149 820 179 ALEXANDER
840 145 942 179 ALEX.
957 146 1152 182 -—NOTITIA.

1629 160 1679 189 £356

866 214 889 242 Α
903 210 1035 237 circulum
1052 212 1135 239 missa
1149 212 1301 240 ostendam.
1321 213 1413 249 Neque
1433 224 1482 252 ego
1498 217 1541 244 hic
1557 218 1680 248 Theodo-

904 256 957 294 rito
977 255 1081 283 futiletn
1101 257 1200 285 Gelasii
1224 260 1349 294 Cyziceni
1374 262 1526 292 Diobolaris
1556 267 1679 302 ῥαψῳδοῦ

902 303 1092 329 auctoritatem
1116 305 1297 338 opposuerim,
1323 308 1369 341 qui
1387 309 1568 338 Alexandrum
1596 314 1679 341 istttm

902 347 953 374 hoc
969 352 1089 383 tempore
1103 349 1155 377 (ΣΡ.
1175 350 1302 379 Ecclesia:
1319 354 1434 381 necdttm
1455 358 1595 390 praefuisse
1608 360 1680 386 aliin-

901 398 1124 430 mat;quemque
1137 397 1219 431 paulo
1246 403 1306 433 post
1329 399 1439 428 Nicteno
1454 404 1570 431 concilio
1589 406 1678 440 priva~

901 442 957 466 tum
975 441 1063 473 adhuc
1078 443 1265 478 presbyterum
1291 453 1339 480 pro
1366 447 1537 483 Metrophane
1557 456 1678 480 extrema

900 490 1039 514 senectute
1058 488 1182 517 confecto
1205 490 1361 519 interfuisse
1378 494 1483 523 scribit.
1499 495 1583 530 Cujus
1601 497 1676 525 fidem

900 530 996 558 incerti
1011 541 1118 568 quoque
1131 537 1249 564 auctoris
1262 540 1382 565 narratio
1395 540 1428 566 de
1442 548 1557 569 cccxvnt
1576 542 1677 570 Nicaeni

899 578 1007 604 concilii
1024 578 1149 607 Patribus
1165 582 1297 616 sequitur,
1313 592 1372 618 qute
1388 585 1413 611 in
1439 585 1560 614 Historia
1574 594 1678 615 sancta-

899 631 956 649 rum
971 623 1114 658 Lipomani
1127 633 1232 661 exstat;
1248 630 1327 664 cujus
1341 633 1479 667 exemplar
1494 641 1527 661 ex
1546 636 1619 669 regio
1630 630 1677 662 co-

898 667 958 695 dice
971 669 998 695 in
1014 668 1109 698 Galliis
1124 672 1270 707 aliquando
1281 682 1323 701 me
1335 677 1542 712 transcripsisse
1555 667 1675 707 memini.

897 712 971 747 Haec,
988 715 1108 751 inquam,
1124 719 1192 745 tanti
1208 725 1261 746 non
1278 725 1352 752 sunt,
1373 726 1402 748 ut
1425 721 1581 751 Theodoriti
1607 725 1675 752 alio~

898 767 1012 796 rumque
1027 763 1170 791 meliorum
1196 769 1339 793 auctorum
1365 768 1444 795 fidem
1461 771 1531 804 apud
1553 778 1603 798 nos
1620 772 1675 798 ele-

897 810 969 834 vent.
991 817 1000 833 ι
1016 807 1153 837 Hactenus
1169 809 1335 840 llolsteuius.
1357 813 1449 848 Neque
1472 816 1520 843 abs
1542 824 1570 843 re
1595 817 1675 845 fuerit

897 855 1040 882 consulere
1065 855 1306 892 Montl'auconium,
1333 860 1378 894 qui
1400 862 1505 888 erudite
1529 863 1673 890 admodum

861 907 881 933 Β
900 898 1013 933 inquirit
1028 899 1070 935 (ὅ),
1092 901 1156 935 quid
1173 903 1208 929 sit
1228 903 1279 930 ltae
1295 904 1352 938 ipsa
1368 905 1396 931 in
1413 906 1526 940 epistola
1544 907 1575 942 (j)
1593 909 1674 943 τόμος

896 946 953 973 sive
969 950 1058 974 tomus
1080 948 1134 980 ille,
1146 956 1225 983 quem
1235 951 1369 985 episcopis
1384 959 1431 985 per
1446 953 1538 980 orbem
1553 955 1674 982 subscri-

895 992 1014 1020 bendum
1036 994 1189 1022 Alexander
1208 996 1405 1025 Alexandrinus
1430 999 1463 1025 ad
1488 1000 1672 1028 Alcxandrum

894 1037 1052 1073 Byzantium
1068 1041 1151 1068 misit.

930 1084 961 1111 V.
983 1084 1019 1112 De
1044 1086 1155 1121 reliquis
1179 1087 1285 1116 duobus
1312 1090 1462 1117 litterarum
1489 1094 1670 1120 monumentis

893 1138 953 1164 qua:
977 1132 1102 1165 Superius
1122 1134 1272 1168 excipiunt,
1289 1143 1350 1163 cum
1366 1144 1396 1163 ea
1416 1137 1471 1164 sint
1487 1145 1519 1164 ex
1541 1139 1671 1173 praeclara

893 1175 1140 1204 Athanasianorum
1160 1179 1278 1208 editione
1299 1181 1446 1217 descripta,
1475 1188 1584 1218 praestat
1607 1192 1670 1219 pro-

894 1225 986 1255 pterea
999 1223 1144 1257 ipsumtnet
1157 1226 1363 1254 celeberrimum
1377 1229 1507 1256 editorem
1531 1231 1566 1257 ita
1581 1231 1614 1258 de
1636 1233 1670 1259 iis

893 1268 1102 1303 praeloquentem
1116 1271 1210 1298 audire
1222 1272 1257 1307 (Ii)
1272 1281 1279 1300 :
1297 1282 1306 1298 α
1321 1273 1443 1306 Edin'uus,
1459 1276 1555 1310 inquit,
1568 1279 1670 1304 Καθαί-

888 1321 977 1346 ρεσιν
990 1321 1037 1341 seu
1055 1314 1248 1350 Depositiouem
1264 1318 1318 1347 Arii
1332 1325 1359 1346 et
1369 1320 1517 1354 sociorum,
1534 1322 1571 1349 ita
1595 1324 1670 1351 scili-

892 1363 935 1387 cet
949 1366 1131 1396 nuncupatom
1146 1362 1173 1389 in
1186 1363 1282 1391 codice
1291 1365 1370 1399 Regio
1386 1366 1457 1394 unde
1482 1375 1513 1394 ea
1525 1367 1670 1403 desumpta

891 1409 953 1437 est;
968 1406 1031 1433 licet
1048 1408 1156 1442 proprie
1167 1408 1235 1435 nihil
1250 1409 1294 1436 illa
1311 1411 1346 1437 sit
1361 1411 1434 1438 aliud
1449 1413 1502 1439 nisi
1517 1414 1604 1441 oratio
1615 1422 1670 1449 qua

892 1449 1045 1477 Alexander
1078 1453 1300 1489 archiepiscopus
1335 1456 1438 1484 accitos
1472 1457 1670 1488 Alexandrinos

892 1494 1105 1532 Mareoticosque
1126 1499 1297 1534 presbyteros
1321 1507 1401 1536 atque
1415 1503 1555 1536 diaconos,
1578 1512 1669 1532 coram

891 1540 1025 1574 hortatur,
1043 1547 1072 1569 ut
1088 1545 1252 1579 encyclicam
1268 1553 1345 1573 suam
1360 1548 1502 1582 epistolam
1527 1557 1581 1584 qua
1605 1559 1670 1578 nar-

893 1590 969 1613 ratur
992 1587 1048 1615 Arii
1066 1590 1255 1625 sociorumque
1268 1591 1416 1625 damnatio,
1432 1595 1556 1621 muniant
1573 1595 1670 1623 suffra-

892 1631 936 1666 gio
953 1640 1002 1659 suo
1018 1640 1099 1669 atque
1111 1636 1319 1670 subscriptione.
1338 1637 1394 1665 Hoc
1413 1641 1573 1673 opusculum
1590 1646 1668 1669 antea

892 1678 1024 1707 incditum
1040 1680 1072 1708 ν.
1087 1681 1116 1709 C.
1132 1681 1283 1711 Cotelerius
1299 1685 1356 1711 suis
1367 1685 1400 1711 ad
1415 1684 1466 1712 PP.
1478 1686 1557 1720 pnitni
1576 1689 1668 1715 saeculi

892 1727 964 1754 notis
982 1728 1095 1755 inseruit
1111 1728 1153 1762 (Ι),
1171 1737 1205 1756 ne
1219 1730 1321 1757 scilicet
1334 1738 1446 1765 prorsus
1463 1733 1595 1762 interiret.
1614 1734 1667 1762 Sed

891 1781 951 1799 cum
968 1776 1043 1799 extra
1066 1774 1205 1807 proprium
1233 1774 1321 1801 locum
1349 1776 1384 1802 ibi
1410 1778 1528 1812 positttm
1551 1780 1596 1811 sit,
1614 1781 1666 1807 huc

890 1819 977 1845 visum
992 1822 1032 1845 est
1050 1819 1178 1853 adjicere.
1194 1827 1255 1846 cum
1272 1822 1421 1855 praesertim
1445 1823 1667 1858 implicatissintis

889 1865 1052 1892 Arianorum
1067 1866 1187 1893 exordiis
1204 1867 1274 1894 haud
1289 1876 1382 1902 parum
1399 1870 1467 1896 lucis
1478 1870 1580 1898 afferat.

925 1910 993 1937 Huic
1011 1911 1183 1946 adjungimus
1198 1914 1363 1948 encyclicam
1389 1915 1532 1942 Alexandri
1561 1918 1664 1951 episto-

890 1957 953 1988 lam,
978 1964 1037 1991 qua:
1062 1958 1099 1984 ita
1123 1958 1283 1992 praecedenti
1311 1959 1471 1994 Depositioni
1488 1962 1614 1994 collatret,
1636 1969 1665 1990 ut

889 2003 1043 2030 nullatenus
1064 2004 1159 2031 debeat
1174 2005 1207 2031 ab
1224 2013 1253 2031 ea
1281 2007 1415 2041 segregari
1439 2017 1445 2034 ;
1472 2017 1555 2043 quare
1577 2017 1665 2044 opera:

888 2048 1003 2080 pri-tium
1028 2049 1077 2074 fuit
1096 2049 1156 2077 illas
1170 2050 1284 2077 invicem
1311 2052 1449 2086 sejunctas
1465 2053 1508 2081 hic
1524 2056 1663 2090 copulare,

888 2099 966 2127 prout
983 2094 1008 2119 in
1022 2094 1204 2129 eodemliegio
1225 2097 1319 2124 codice
1336 2098 1438 2131 jacent.
1464 2099 1583 2127 llabetur
1607 2102 1664 2129 ha‘c

886 2139 1000 2172 epistola
1018 2141 1087 2173 apud
1102 2139 1241 2168 Socratem
1259 2143 1318 2176 (ml,
1333 2144 1379 2170 sed
1395 2145 1488 2172 multis
1501 2147 1605 2174 mendis
1619 2155 1663 2174 re-

887 2189 992 2217 spersa,
1022 2185 1265 2221 desideranturque
1280 2188 1316 2214 ibi
1329 2189 1503 2218 Alexandrini
1519 2192 1583 2218 clcri
1597 2194 1662 2220 sub-

888 2230 1063 2265 scriptiones.
1078 2231 1143 2259 item
1158 2233 1307 2268 legiturilla
1317 2235 1387 2269 apud
1399 2235 1536 2263 Gelasium
1550 2238 1588 2273 (η)
1601 2246 1661 2267 cum

888 2277 1148 2312 subscriptionibus,
1165 2280 1213 2306 sed
1229 2280 1334 2307 mendis
1350 2281 1431 2308 etiam
1458 2282 1544 2309 obsita
1564 2292 1570 2310 :
1596 2284 1662 2310 sub-

886 2322 1105 2358 scriptionesque
1131 2324 1199 2351 adeo
1227 2325 1329 2352 mutila:
1363 2330 1437 2356 sunt.
1462 2332 1492 2353 ut
1510 2335 1663 2355 necessum

887 2375 999 2403 prorsus
1027 2369 1107 2397 fuerit
1137 2376 1232 2396 novam
1255 2371 1314 2405 ejus
1338 2371 1483 2398 editionetn
1502 2376 1618 2406 parare,
1634 2378 1662 2399 ut

850 2250 873 2277 D

886 2414 1041 2449 inspicienti
1055 2415 1156 2450 cuique
1170 2415 1257 2449 palam
1271 2416 1331 2442 erit.
1346 2415 1443 2442 Narrat
1455 2416 1500 2443 hic
1512 2416 1661 2444 Alexander
1683 2442 1690 2456 ε

887 2468 930 2487 res
943 2465 1033 2496 gestas
1049 2461 1076 2488 in
1089 2465 1186 2488 exortu
1207 2460 1315 2489 Arianae
1335 2462 1457 2493 haeresis,
1471 2461 1552 2496 inque
1566 2462 1622 2489 Arii
1636 2467 1660 2490 et

887 2509 1052 2533 sectatorum
1078 2506 1268 2540 damnatione;
1295 2513 1438 2542 monetque
1462 2507 1604 2542 episcopos
1628 2516 1684 2545 ne;

888 2603 947 2630 pag.
964 2595 1026 2627 606,
1046 2596 1111 2622 edit.
1123 2597 1253 2623 Cantabr.

922 2632 950 2666 (ἱ)
966 2630 1110 2669 Montfauc.
1139 2633 1243 2669 praefat.
1264 2632 1309 2669 _ad
1337 2637 1402 2660 tom.
1430 2633 1457 2669 _ll
1476 2633 1585 2661 Collect.
1601 2633 1663 2661 PP.

887 2666 983 2698 (ima,
996 2666 1130 2692 animadv.
1146 2668 1172 2695 6.
1189 2674 1248 2700 pag.
1261 2667 1307 2693 20.

921 2701 953 2735 (ί)
969 2701 1045 2728 Alex.
1054 2700 1137 2737 Epist
1154 2703 1192 2737 γι.
1208 2701 1221 2737 §
1242 2702 1282 2728 it.

922 2737 958 2773 υς)
975 2736 1134 2769 Montfauc.,
1146 2736 1217 2772 Opp.
1232 2738 1345 2768 Athan..
1359 2742 1424 2764 tom.
1443 2738 1462 2769 Ι,
1479 2742 1549 2772 part.
1567 2747 1586 2770 I,
1599 2747 1659 2773 νοεῖ,

923 2807 954 2841 (ι)
969 2807 1055 2835 Cotel.
1073 2806 1105 2833 ad
1126 2807 1217 2834 Const.
1236 2812 1320 2841 apost.
1341 2807 1388 2833 lib.
1402 2815 1462 2840 vtn,
1478 2816 1538 2842 cap.
1555 2808 1600 2836 9.8.

923 2844 969 2877 (ιη)
988 2842 1064 2869 Socr.
1079 2842 1149 2869 Hist.
1165 2843 1228 2869 eccl.
1246 2843 1293 2869 lib.
1308 2850 1326 2875 ι,
1338 2850 1398 2877 cap.
1411 2842 1437 2869 6.

923 2881 961 2913 (η)
980 2877 1069 2905 Gclas.
1082 2878 1146 2913 (ἐμ.
1163 2878 1235 2905 Hist.
1250 2886 1322 2905 conc.
1341 2877 1401 2905 Nic.
1419 2879 1465 2905 lib.
1481 2886 1510 2911 tt,
1524 2885 1583 2912 cap.
1598 2878 1625 2905 3.
