1909 3069
250 116 302 144 5'27

778 119 806 146 S.
826 119 1033 148 ALEXANDER
1049 123 1327 153 ALEXANDMNUS.

1812 121 1868 155 52s

250 174 366 202 Eusebio
380 174 577 204 Nicomediensi
594 177 650 203 Arii
667 181 782 212 patrono
802 186 904 206 morem
919 186 1024 215 gerant,
1041 185 1063 213 Α
1078 184 1226 218 politauum
1242 186 1410 220 episcopum,
1434 193 1494 219 quin
1520 185 1589 220 apud
1617 189 1741 212 sanctum
1768 185 1861 213 Maxi-

247 221 270 248 si
284 221 391 255 quidem
409 221 435 248 in
451 221 637 249 haeresiarcha:
649 224 763 258 gratiam
776 224 878 252 litteras
895 226 938 253 ille
957 228 1026 254 scri-

247 266 340 301 psn-rit.
368 276 377 292 ι
406 266 464 294 lluc
495 275 581 302 usque
603 268 644 294 vir
674 269 782 297 doctus.
817 270 869 303 Qui
897 271 1024 307 deinceps

247 316 391 347 utrumque
407 313 570 347 opusculum
588 314 685 341 iterum
712 315 860 343 illustravit
877 317 914 352 (ιι)
930 318 1024 346 adver-

246 366 292 386 sus
304 359 403 394 placita
419 358 596 394 Tillemontii,
613 361 660 395 qui
675 365 736 388 acta
761 362 939 398 depositionis
965 365 1023 392 Arii

244 409 270 431 et
285 405 421 433 sociorum
439 413 518 433 secus
535 406 701 434 intellexisse
714 408 828 435 videtur.

278 450 326 479 His
342 460 423 486 porro
443 453 529 479 sancti
546 452 634 480 Patris
661 454 770 488 scriptis
796 455 945 490 fragmenta
969 457 1022 483 duo

243 498 408 532 subjecimus
425 506 458 526 ex
471 498 591 533 ejusdem
607 499 719 534 epistola
735 500 767 527 ad
780 500 921 536 [Eglonem
937 502 1021 538 Cyno-

277 574 314 606 (a)
331 573 474 600 Montfauc.
507 574 610 608 pra'fat.
633 575 664 601 ad
689 579 755 602 tom.
784 576 804 603 ll
824 576 932 605 Collect.
959 577 1017 606 PP.

242 607 338 640 Greca,
352 609 486 635 auimadv.
500 607 525 641 5,
539 617 598 644 pag.
615 610 706 636 lli-20.

1080 238 1153 257 mum
1169 231 1351 259 confessorem
1366 232 1491 266 leguntur
1503 232 1551 267 (b).

1110 275 1252 304 Postremo
1274 277 1333 304 loco
1356 277 1481 304 lectorem
1499 277 1631 304 monitum
1657 277 1794 311 volumus,
1823 276 1860 304 ad

1076 321 1177 348 calcem
1195 321 1352 350 Theodoriti
1366 321 1502 350 Valesiani
1525 322 1593 350 duas
1615 327 1724 350 exstare
1749 323 1860 350 disser-

1077 366 1192 394 tationes
1225 367 1367 398 llolstenii,
1400 367 1498 402 quibus
1530 368 1571 394 vir
1607 367 1651 394 ille
1677 367 1859 395 doctissimus

1076 415 1220 446 utramque
1246 411 1391 439 Alexandri
1415 411 1535 446 episcopi
1551 411 1726 438 Alexandrini
1748 412 1856 446 episto-

1076 459 1140 490 lam,
1153 463 1183 486 ut
1195 460 1275 493 paulo
1287 464 1348 486 ante
1361 460 1510 492 innuimus,
1525 459 1630 495 egregie
1642 459 1771 486 illustrat.

1108 579 1230 642 ξὺὶιΜεξι.
1244 580 1312 624 Opp.
1337 585 1403 610 tom.
1420 579 1453 613 ΙΙ,
1471 588 1531 616 pag.
1547 580 1674 612 l52-155,
1687 579 1753 607 edit.
1770 578 1854 606 Com-

1120 636 1126 642 .
1161 623 1226 642 arts.
1245 617 1324 642 1075.

1072 615 1126 642 bef.
1139 615 1226 648 Paris,
1245 615 1324 644 1675.

251 686 1843 706 ________________________

721 767 929 824 LUC/E
977 767 1360 826 HOLSTENII

405 876 742 908 DlSSERTATlONES
760 877 851 908 DUAE
868 878 920 909 DE
938 878 1051 910 LOCIS
1074 879 1303 916 QUIBUSDAM
1319 879 1490 912 CONClLlI
1507 879 1655 911 NlCAENl

690 971 1083 1018 DISSERTATIO
1120 965 1389 1017 PRIMA“).

235 1121 243 1128 .
282 1123 288 1130 .
329 1123 335 1128 .
379 1123 385 1129 .
426 1123 432 1129 .
472 1124 478 1130 .
518 1123 525 1130 .
565 1125 571 1130 .
616 1123 623 1130 .
665 1125 671 1130 .
711 1124 718 1130 .
758 1123 765 1130 .
805 1124 812 1131 .
859 1125 864 1131 .
905 1126 910 1132 .
951 1126 956 1132 .
997 1103 1849 1140 .uquedivinitatismovere,ctCreatoremincrcaturaecvn-

233 1149 324 1184 Itaque
340 1149 374 1176 ab
404 1157 464 1180 om,
479 1150 550 1185 quod
582 1150 668 1181 alunt,
689 1158 745 1177 rem
764 1151 893 1183 exordiri,
909 1156 935 1178 et
949 1159 1009 1186 qua:

233 1199 378 1230 supersunt
399 1196 498 1222 Nicaeni
518 1196 626 1223 concilii
648 1196 860 1230 ἀποσπασμάτια
879 1197 929 1223 sub
944 1205 1008 1224 exa-

233 1249 293 1268 men
317 1249 442 1268 rcvocare
457 1242 558 1275 placuit
573 1251 578 1268 :
592 1241 670 1276 cujus
684 1241 782 1276 privati
799 1242 899 1269 laboris
912 1250 943 1269 ac
955 1247 1009 1270 stu-

232 1287 268 1314 dii
285 1288 420 1322 specimen
442 1287 468 1314 in
486 1287 594 1322 publico
618 1287 669 1315 hoc
687 1295 816 1315 consessu
839 1288 916 1316 vobis
931 1288 1008 1315 exhi-

231 1333 347 1360 bendum
363 1333 437 1364 duxi,
459 1333 676 1368 quandoquidem
696 1333 846 1362 disserendi
860 1335 1007 1362 necessita‘

230 1383 284 1406 tem
298 1383 387 1406 vestra
401 1379 554 1413 benignitas
567 1379 630 1405 mihi
642 1379 779 1414 imposuit.
792 1379 835 1407 Ea:
845 1385 933 1408 autem
944 1385 1007 1409 sunt

230 1425 289 1451 duae
305 1423 447 1451 Alexandri
457 1424 626 1452 Alexandriae
635 1425 754 1461 episcopi
766 1426 895 1460 epistolze,
907 1435 966 1462 quae
974 1436 1007 1455 ex

231 1470 349 1497 Socratis
356 1475 382 1498 et
392 1469 552 1498 Theodoreti
567 1470 742 1498 ecclesiastica
751 1471 872 1499 Historia
879 1473 1006 1507 deprom-

231 1520 280 1549 pta:
311 1511 535 1551 προπαρασκευὴ]
569 1515 676 1542 concilii
704 1515 805 1543 Nicaeui
826 1517 1004 1546 constituunt.

230 1560 339 1596 Egregie
357 1569 421 1588 sane
441 1561 492 1588 illae
504 1567 529 1588 et
544 1561 635 1593 δεινῶς
655 1562 773 1596 scriptae,
791 1563 890 1597 quibus
911 1563 1005 1591 Latina

227 1607 465 1641 Christopliorsoni
482 1607 571 1633 versio
585 1608 740 1642 adjungitnr
753 1617 760 1640 ;
786 1609 831 1634 sed
847 1616 861 1635 a
873 1607 1003 1636 Romanis

227 1651 377 1679 editoribus
392 1652 530 1679 nonnullis
543 1652 570 1678 in
581 1652 647 1679 locis
662 1653 831 1687 interpolata.
847 1654 884 1680 Ita
900 1654 1004 1681 scilicirt

228 1703 280 1723 non
297 1696 383 1723 solum
397 1696 528 1724 versionis
545 1696 731 1728 Conciliorum,
753 1697 799 1724 sed
818 1698 949 1725 universa:
963 1699 1004 1724 lii-

227 1741 318 1767 storia:
331 1741 520 1768 ecclesiasticae
534 1745 641 1775 gustum
657 1742 772 1776 aliquem
787 1750 829 1770 me
843 1743 920 1771 vobis
935 1752 1003 1778 pite-

1062 1158 1121 1178 sum
1139 1151 1255 1186 dejicere
1273 1150 1432 1176 conabatur.
1454 1148 1482 1176 ln
1510 1150 1608 1184 quibus
1633 1151 1763 1177 nonnulla
1781 1155 1846 1178 sunt

1062 1204 1155 1232 parum
1174 1202 1246 1223 recte
1265 1195 1411 1222 constituta
1435 1194 1461 1221 in
1482 1194 1574 1222 Graeco
1591 1199 1674 1226 textu.
1691 1196 1731 1223 vel
1753 1196 1846 1224 minus

1062 1245 1186 1268 accurate
1200 1240 1233 1267 ab
1249 1240 1395 1274 interprete
1409 1239 1560 1273 observata,
1577 1241 1618 1268 vel
1634 1241 1660 1268 in
1675 1241 1776 1276 quibus
1792 1249 1843 1267 an-

1060 1287 1151 1322 tiquus
1167 1287 1299 1321 interpres
1309 1285 1474 1321 Epiphanius
1487 1285 1683 1318 Scholasticus,
1699 1286 1780 1313 aliam
1793 1293 1843 1313 suo

1060 1338 1180 1368 tempore
1195 1333 1337 1360 lectionem
1353 1336 1463 1360 secutus
1479 1333 1593 1361 videtur.
1611 1332 1675 1366 Quae
1689 1341 1752 1360 cum
1764 1341 1843 1369 preSn

1060 1380 1141 1407 sioris
1162 1379 1216 1406 sint
1237 1378 1472 1410 considerationis,
1496 1386 1707 1406 commemorare
1733 1379 1840 1414 singula

1060 1425 1126 1452 nihil
1140 1425 1243 1451 attinet.
1262 1423 1328 1450 Illud
1347 1424 1533 1456 indicandum,
1553 1424 1733 1459 interrogatos
1744 1425 1839 1452 Arium

1059 1478 1091 1497 ac
1104 1470 1202 1502 sccios,
1218 1469 1339 1504 nunquid
1352 1477 1416 1504 ergo
1427 1468 1544 1496 Verbum
1556 1468 1614 1501 Dei,
1628 1469 1698 1504 quod
1712 1469 1752 1496 illi
1764 1477 1839 1496 crea-

1058 1523 1114 1545 tum
1131 1516 1296 1548 asserebant,
1315 1515 1414 1542 mutari
1428 1518 1529 1550 posset,
1542 1514 1770 1549 quemadmodum
1785 1515 1838 1542 dia-

1058 1563 1135 1590 bolus
1147 1566 1265 1589 mutatus
1274 1561 1433 1594 fuerat,non
1448 1560 1549 1588 veritos
1559 1560 1730 1595 respondere,
1745 1568 1835 1595 posse.

1058 1608 1166 1635 Addunt
1193 1608 1323 1634 rationem
1346 1606 1385 1633 sic
1402 1607 1428 1633 in
1446 1606 1567 1633 Romana
1583 1606 1701 1633 editione
1724 1614 1836 1640 expres-

1057 1662 1114 1682 sam
1129 1663 1135 1680 :
1147 1653 1271 1689 Τρεπτῆς
1283 1653 1336 1687 γὰρ
1344 1652 1448 1686 φύσεώς
1458 1653 1513 1678 ἐτι-τι
1525 1652 1645 1687 γενητὸς,
1659 1653 1706 1678 καὶ
1719 1653 1834 1686 τρεπτὸς

1057 1701 1194 1736 ὑπάρχων.
1212 1698 1287 1732 Quod
1305 1702 1412 1726 vertunt
1430 1707 1436 1725 :
1456 1697 1527 1725 Nam
1543 1704 1567 1726 et
1585 1698 1718 1725 mutabilis
1733 1703 1833 1725 natum

1056 1747 1141 1780 [actus
1155 1750 1203 1779 est,
1227 1751 1251 1773 et
1268 1746 1402 1773 mutabilis
1417 1745 1529 1773 exsistit.
1549 1744 1606 1778 Qua
1623 1745 1649 1771 in
1665 1752 1694 1771 re
1707 1748 1736 1771 et
1752 1744 1831 1772 inter-

226 1788 343 1814 b‘iturum
361 1787 462 1822 putavi.
480 1786 531 1814 Sed
548 1788 612 1814 mibi
625 1793 713 1815 vestra
728 1789 861 1823 principio
875 1790 1003 1824 patientia
1018 1787 1038 1815 C
1056 1792 1140 1827 prelis
1155 1792 1274 1819 Britanni
1295 1797 1321 1820 et
1337 1791 1520 1818 Romanorum
1535 1791 1681 1818 editionem
1698 1790 1830 1825 judicium

225 1833 360 1860 exoranda
376 1837 426 1865 est,
445 1837 474 1860 ut
489 1841 567 1868 zequo
581 1834 671 1860 animo
688 1842 736 1868 per
750 1833 914 1870 confragosa:
941 1843 1003 1862 ora-

226 1878 312 1907 tionis'
323 1880 442 1907 salebras
457 1879 622 1914 aspirantem
640 1880 766 1915 subsequi
791 1888 844 1907 non
861 1886 1000 1916 gravetur.

224 1925 291 1952 Cum
307 1926 363 1952 sive
379 1933 469 1958 casus,
484 1925 541 1953 sive
557 1925 700 1952 consilium
717 1933 776 1953 eam
790 1926 855 1953 mihi
871 1927 1000 1960 obiecerit

225 1972 372 2004 materiam,
390 1980 448 2006 qua:
465 1972 595 2000 orationis
610 1973 710 1999 cultum
725 1972 932 2008 haudquaquam
949 1975 998 2002 ad-

224 2017 315 2048 mittit,
330 2021 356 2044 et
369 2018 440 2052 quod
455 2023 593 2045 oratorum
609 2019 733 2053 princeps
748 2018 781 2046 de
797 2018 878 2046 rebus
890 2027 999 2055 geogra-

223 2062 310 2098 phicis
324 2062 421 2095 aiebat,
433 2063 701 2099 ἀνθηρογραφείσθαι,
713 2065 787 2092 nullo
802 2065 882 2091 modo
897 2069 994 2100 potest.

257 2107 297 2135 Ad
311 2108 368 2135 biec
381 2116 442 2134 cum
459 2109 485 2135 in
497 2109 584 2136 alieno
601 2110 691 2137 labore
706 2110 804 2145 ingenii
818 2117 929 2137 acumen
946 2118 993 2136 ex-

221 2153 302 2188 periri
319 2157 343 2181 et
355 2153 449 2188 judicii
464 2161 606 2181 censuram
621 2162 746 2182 exercere
769 2154 942 2187 instituerim,
966 2158 994 2181 ut

221 2206 270 2234 ego
294 2207 422 2234 germano
444 2200 560 2227 candore
585 2207 616 2227 ac
637 2200 688 2227 tide
703 2200 805 2235 optima
828 2200 993 2227 calumniam

220 2246 306 2280 ejuro,
325 2246 361 2272 ita
374 2245 500 2272 invidiam
513 2245 652 2280 deprecor.
664 2253 698 2273 ne
710 2245 771 2280 quis
788 2245 883 2272 alienis
896 2245 993 2272 erratis

219 2290 387 2325 exagitandis
404 2291 532 2318 d0ctrinae
551 2294 597 2316 aut
612 2289 752 2317 industria:
770 2291 874 2318 laudem
891 2298 933 2318 me
946 2298 994 2316 au—

219 2337 309 2371 cupari
322 2337 466 2364 existimet.
483 2335 592 2362 Publica
617 2336 673 2363 haec
691 2336 779 2364 studia
796 2340 870 2368 sunt,
893 2337 992 2371 quibus

219 2383 406 2418 promovendis
437 2381 569 2421 publicam
594 2382 749 2415 utilitatem,
780 2392 833 2410 non
858 2384 990 2418 privatam

214 2430 321 2457 tandem
335 2426 486 2465 quaerimus.
510 2426 564 2456 Vos
579 2436 652 2460 vero,
668 2429 873 2456 eminentissimi
887 2429 988 2463 princi-

1053 1837 1172 1872 rcquiro.
1185 1836 1253 1864 Nam
1266 1842 1295 1864 ut
1311 1843 1411 1864 taceam
1423 1844 1533 1864 sensum
1545 1836 1594 1862 loci
1606 1836 1662 1870 jam
1675 1836 1741 1862 olim
1757 1843 1771 1862 a
1787 1844 1829 1862 ve-

1052 1884 1103 1911 teri
1115 1883 1261 1918 interprete
1276 1887 1349 1910 recte
1361 1890 1529 1917 expressum,
1544 1883 1605 1917 quis
1620 1881 1735 1909 rationis
1750 1881 1828 1915 hujus

1051 1929 1171 1963 pondera
1188 1936 1219 1955 ac
1241 1932 1376 1956 momenta
1403 1927 1588 1962 perpendens,
1610 1927 1649 1953 vel
1673 1926 1825 1953 Gmcoram

1050 1974 1163 2002 lectione
1179 1975 1260 2010 paulo
1272 1974 1456 2006 exercitatior,
1470 1981 1524 2001 non
1539 1973 1616 2000 facile
1635 1973 1826 2000 animadvertit

1048 2028 1080 2047 ex
1100 2020 1156 2055 ipsa
1179 2019 1305 2055 loquendi
1327 2019 1532 2051 consuetudine,
1546 2019 1635 2046 minus
1652 2023 1754 2046 rectam
1768 2018 1824 2046 dis-

1049 2065 1207 2092 tinctionem
1228 2065 1351 2093 vitiosam
1368 2065 1505 2100 peperisse
1519 2064 1693 2092 versionem?
1707 2063 1825 2091 Aﬂirma-

1046 2110 1091 2137 bat
1104 2111 1184 2138 Arius
1199 2110 1296 2137 Filium
1312 2110 1368 2143 Dei,
1385 2111 1431 2137 τὸν
1446 2110 1539 2144 Λόγον,
1554 2117 1633 2144 posse
1645 2110 1759 2143 mutari;
1776 2110 1821 2136 ad-

1042 2155 1159 2190 jungcns
1179 2155 1321 2186 rationem,
1339 2155 1458 2190 τρεπτῆς
1477 2153 1531 2189 γὰρ
1548 2153 1653 2188 φύσεώς
1669 2154 1739 2181 ἐστι.
1757 2152 1820 2180 Nam

1044 2205 1147 2228 natura:
1161 2201 1297 2228 mutabilis
1313 2205 1364 2232 est,
1381 2201 1422 2227 vel
1438 2204 1561 2226 naturam
1580 2199 1738 2225 mutabilem
1753 2199 1820 2226 obti-

1043 2251 1099 2278 net,
1118 2246 1228 2281 γενητὸς
1242 2245 1407 2281 καὶτρεπτὺς
1415 2245 1553 2280 ὑπάρχων,
1565 2244 1663 2279 quippe
1675 2243 1722 2278 qui
1735 2243 1818 2271 factus

1043 2292 1101 2319 sive
1123 2297 1241 2323 creatus,
1266 2299 1297 2319 ac
1313 2290 1424 2326 proinde
1446 2290 1583 2317 mutabilis
1611 2293 1662 2317 est.
1686 2289 1816 2322 Quocirca

1043 2336 1251 2371 haudquaquam
1270 2337 1427 2371 negligenda
1444 2335 1494 2363 hoc
1509 2337 1569 2363 loco
1583 2344 1634 2362 vox
1651 2336 1772 2371 γενητὸς,
1790 2337 1815 2363 in

1041 2389 1093 2416 qua
1109 2382 1150 2409 vis
1167 2382 1255 2409 omnis
1283 2389 1314 2408 ac
1337 2389 1434 2409 nervus
1454 2381 1541 2416 impia:
1563 2381 1635 2408 illius
1659 2382 1814 2409 assertiouis

1040 2428 1187 2455 consistit:
1205 2435 1285 2462 quam
1309 2427 1366 2462 ipse
1386 2427 1535 2455 Alexander
1557 2427 1680 2462 sequenti
1704 2427 1812 2462 epistola

217 2482 272 2508 pes,
282 2475 413 2502 submisse
427 2481 492 2509 rogo
504 2477 534 2501 ut
547 2482 607 2501 cum
619 2475 742 2502 voluntas
754 2478 834 2508 atque
843 2475 991 2503 auctoritas
1008 2468 1029 2496 υ
1042 2474 1138 2508 repetit
1150 2493 1157 2504 ,
1183 2473 1229 2500 sed
1254 2473 1343 2500 verbis
1374 2473 1458 2508 magis
1483 2473 1633 2508 perspicuis
1659 2472 1810 2500 deductam.

217 2525 302 2547 vestra
315 2520 341 2546 in
353 2519 424 2546 hunc
434 2527 476 2547 me
486 2520 649 2554 protraxerit
661 2520 758 2553 locum,
770 2520 945 2548 humanitatis
957 2528 988 2548 ac

225 2563 405 2591 mnevolentize
420 2569 516 2592 vestrae
535 2571 616 2596 aura,
634 2565 766 2592 orationis
785 2572 895 2594 cursum
917 2565 986 2593 inter

215 2611 301 2643 syrtes
313 2612 340 2636 et
360 2609 449 2637 brevia
465 2607 623 2637 aestuantem
641 2611 793 2638 sublevetis.

1043 2520 1136 2552 Aiunt,
1153 2520 1250 2555 inquit,
1267 2519 1363 2547 Filium
1386 2520 1431 2548 Dei
1448 2528 1510 2548 cum
1531 2524 1609 2547 antea
1627 2528 1680 2546 non
1707 2519 1808 2549 fuisset.

1041 2569 1134 2600 postea
1157 2565 1268 2598 factum,
1291 2565 1446 2600 factumque
1463 2566 1552 2598 talem,
1575 2566 1619 2592 ubi
1646 2565 1736 2593 factus
1752 2565 1806 2594 fuit,

1035 2611 1129 2645 quales
1150 2610 1238 2638 cmteri
1253 2614 1316 2638 sunt
1335 2611 1467 2638 homines.
1483 2610 1765 2646 Euvavaiajtéévowa;
1776 2611 1807 2644 τῇ

246 2653 343 2682 Narrat
359 2655 509 2682 Alexander
530 2655 586 2682 Arii
609 2655 772 2690 apostasiam
792 2659 818 2683 et
833 2656 985 2690 blasphema

1056 2657 1089 2683 ὦν
1105 2658 1230 2684 ἁπάντων
1244 2658 1330 2684 κτίσει
1345 2657 1447 2684 καὶτὸν
1464 2658 1525 2684 Υἱὺν
1540 2657 1584 2684 τοῦ
1601 2657 1679 2689 Θεοῦ,
1699 2664 1807 2690 compre-

207 2697 335 2733 -ilogmata
353 2701 452 2734 quibus
475 2701 611 2728 Christum
628 2700 770 2727 Demittunt
793 2704 864 2728 statu
883 2701 983 2736 gradu-

1035 2702 1171 2730 hendentes
1184 2704 1263 2730 etiam
1277 2703 1374 2730 Filium
1400 2704 1448 2731 Dei
1474 2705 1633 2738 reliquarum
1663 2709 1806 2733 creatam.

246 2784 284 2820 (τι)
300 2783 395 2820 Habita
420 2783 511 2812 Romae
540 2786 565 2811 in
589 2785 729 2812 Academia
757 2785 900 2818 Basiliam,
923 2785 1001 2819 1635,
1022 2787 1194 2817 audientibus
1206 2790 1427 2819 eminentissimis
1449 2791 1630 2820 cardiualibus
1647 2790 1672 2819 Ι.
1688 2791 1716 2819 Β.
1731 2791 1806 2818 Pam-

210 2818 304 2851 philio.
320 2818 362 2844 Fr.
377 2819 532 2850 Barbcriuo,
547 2820 721 2847 Brancaccio.
