1909 3069
91 103 139 131 5Ξο

810 95 959 132 norma.

1650 100 1700 131 5ῗὼ

92 167 176 187 rerum
190 167 310 186 numero.
325 159 423 187 Statim
435 160 575 196 subjungit
586 169 593 188 :
608 158 656 192 Οἷς
666 161 817 193 ἀκολούθως
827 162 872 188 καί

925 161 1045 194 adeoque
1066 158 1132 193 πρὸς
1157 157 1205 192 τὴν
1227 156 1419 192 ὀμοουσιὰτητα
1439 154 1485 183 καὶ
1506 155 1700 191 συναῖδιότητα,

92 214 170 241 ipsum
187 205 267 232 αὑτὸν
292 207 410 242 τρεπτῆς
430 204 498 234 εἶναι
522 207 638 241 φύσεως,
665 207 764 243 ἀρετῆς
780 216 809 233 τε
826 208 872 234 καὶ

91 252 188 283 κακίας
203 251 337 278 δεκτικόν·
355 252 455 285 Quibus
469 253 547 279 etiam
562 258 744 288 consequenter
759 253 871 285 addunt,

92 306 149 325 eum
166 297 301 325 mutabilis
317 306 373 325 esse
388 303 500 330 notum,
518 303 542 325 et
559 299 662 326 virtutis
675 303 700 326 et
721 299 778 326 vitii
791 308 872 334 capa—

93 351 156 369 cem.
174 341 279 369 Videtis
296 342 436 377 supposito
454 342 515 374 hoc,
539 342 635 370 Filium
652 343 697 371 Dei
716 343 815 370 factum
829 345 873 371 vel

92 389 213 413 creatum
229 394 302 418 esse,
318 390 348 413 ut
370 387 551 414 necessarium
576 388 638 416 inde
657 388 754 415 deduci
773 396 873 417 conse-

93 433 242 468 quentiam,
256 433 380 460 eumdem
399 441 506 468 quoque
520 435 634 469 τρεπτόν
647 435 703 463 sive
717 436 872 463 mutabilem

92 486 162 507 esse.
175 479 264 514 Atque
290 479 329 506 sic
346 479 521 506 ratiocinatur
537 480 719 508 Damascenus
749 480 795 507 lib.
813 488 821 508 ι
838 481 874 508 De

92 525 195 551 orthod.
215 525 276 559 ﬁde,
287 533 347 560 cap.
363 525 380 551 5
393 534 400 552 :
413 525 452 552 Τὶ
466 525 572 557 κτιστὰ,
585 526 691 557 πάντως
701 526 748 552 καὶ
758 527 871 561 τρεπτὰ.

91 566 141 596 Ὧν
167 570 222 604 γὰρ
243 570 273 596 τὸ
297 568 366 596 εἶναι
390 570 442 597 ἀπὸ
476 571 578 606 τροπῆς
598 571 707 606 ἧρξατο,
729 571 815 598 ταῦῖα
841 574 872 607 τῇ

92 615 179 650 τροπῇ
210 614 382 642 ὑποκείσεται
404 615 521 648 πάντως,
542 616 558 651 ἢ
576 616 748 652 φθειρόμενα,
769 615 785 650 ἦ
803 618 873 645 κατὰ

93 660 252 695 προαίρεσιν
282 660 466 695 ἀλλοιούμενα.
495 660 607 694 Creota,
636 662 739 697 inquit,
768 663 872 691 omnino

91 705 170 732 etiam
187 706 327 732 mutationi
346 706 466 733 obnoxia.
485 706 602 739 Quorum
622 708 690 734 enim
708 716 763 736 esse
778 717 795 735 α
814 717 872 735 mu-

97 751 194 778 tatione
210 751 312 786 incipit,
328 759 359 778 ea
377 753 523 779 necessario
536 754 675 780 mutationi
691 754 871 789 subjacebunt,

92 797 153 823 dum
165 797 204 824 rel
220 797 360 829 intereunt,
376 797 413 824 vel
430 798 560 825 uoluntate
574 799 729 828 onerantur.
745 800 784 827 Ita
799 801 873 828 scili-

92 846 134 868 cet
150 841 233 870 Arius
247 841 343 868 Filium
355 842 400 870 Dei
418 843 516 878 ἀρετῆς
526 844 572 870 καὶ
584 844 680 876 κακίας
689 845 811 873 δεκτικὸν
830 853 874 873 as-
889 833 911 862 Β

91 887 200 915 serebat
212 897 218 915 :
230 888 457 923 quandoquidem,
464 893 493 916 ut
503 889 624 917 Justinus
630 890 729 926 Martyr
740 892 837 920 alicubi
847 894 873 920 in

92 932 286 966 Qwstionibus
304 934 396 961 scribit
409 944 414 961 :
429 935 537 970 Τροπῆς
550 935 702 971 γνώρισμα,
714 937 744 963 τὸ
754 938 786 964 τὰ
806 939 874 965 καλὰ

92 979 139 1006 καὶ
161 979 197 1005 τὰ
220 979 292 1006 κακὰ
313 979 458 1014 λαμϐάνειν
480 981 519 1012 εἰς
539 981 650 1008 ἔννοιαν·
671 982 826 1010 Mutationis
838 985 876 1010 si-

91 1029 170 1060 gnum
195 1032 226 1051 ac
242 1029 304 1052 nota
321 1030 377 1059 est,
393 1027 459 1053 bona
484 1035 516 1054 ac
540 1028 611 1054 mala
633 1028 661 1054 in
685 1028 802 1056 animant
825 1031 876 1057 sibi

92 1070 222 1098 inducere.

126 1115 262 1150 Expositis
278 1115 334 1143 Arii
349 1115 528 1152 dogmatibus,
541 1119 680 1147 catholica:
688 1120 815 1149 Ecclesia).
830 1129 875 1148 or—

90 1161 240 1189 thodoxam
257 1163 588 1192 sententiamAlexander
608 1166 730 1200 opponit,
754 1171 783 1194 ut
806 1168 876 1195 veri-

89 1208 155 1235 tatis
172 1208 234 1236 luce
250 1209 356 1243 prolata
379 1208 470 1245 Stygis
491 1211 617 1239 tenebras
637 1211 776 1240 discutiat.
793 1213 875 1250 Urget

89 1252 296 1288 Χριστομάχους
311 1254 371 1282 illos
386 1254 416 1282 ι).
432 1254 544 1284 Joannis
554 1257 715 1286 auctoritate
730 1267 736 1285 :
755 1259 874 1294 quiVer-

91 1299 155 1327 bum
172 1299 201 1327 in
223 1300 358 1335 principio
378 1301 479 1334 fuisse,
502 1305 582 1337 atque
605 1304 695 1332 omnia
713 1313 760 1340 per
785 1306 873 1341 ipsum

90 1344 161 1372 faeta
178 1346 315 1380 praedicat.
334 1347 397 1375 Inde
418 1348 569 1377 rationibus
592 1349 696 1378 instat:
715 1351 738 1379 si
755 1351 872 1380 Verbum

88 1395 132 1418 est
147 1391 303 1427 unigenitus
317 1393 401 1421 Filius
411 1393 466 1427 Dei,
482 1396 617 1429 quomodo
631 1400 756 1424 asserunt
764 1397 818 1429 isti,
834 1398 874 1424 ὅτι

90 1435 130 1468 εἷς
145 1438 204 1464 ἐστι
219 1438 273 1464 τῶν
285 1439 462 1474 ποιημάτων;
478 1440 562 1475 ipsum
583 1449 662 1468 unum
680 1451 737 1469 esse
755 1451 786 1469 ea:
798 1451 872 1470 crea-

925 209 1019 234 contra
1041 205 1157 231 Arianos
1185 203 1384 238 exprimendam
1403 206 1445 230 est
1472 202 1700 237 percommodum.

925 252 986 279 Hzee
1001 258 1086 286 pauca
1103 250 1137 277 ad
1155 251 1271 285 priorem
1294 248 1439 276 Alexandri
1461 248 1603 283 epistolam
1620 256 1700 283 ency-

925 298 1020 325 clieam
1045 297 1117 324 illam
1138 297 1195 324 sive
1214 295 1373 322 catholicum
1400 295 1559 322 observasse
1575 294 1698 323 sulhciet.

961 343 1088 379 Sequitur
1111 351 1183 370 nunc
1204 343 1287 369 altera
1309 341 1447 376 ejusdem,
1470 341 1652 376 ἀνεπίγραφος
1673 341 1698 368 ἱη

925 389 1046 416 Romana
1061 388 1189 419 editione,
1214 386 1285 422 quod
1302 386 1394 413 nescio
1408 394 1462 422 qua
1477 386 1579 414 incuria
1596 386 1623 413 in
1645 391 1698 413 tam

925 435 1045 471 diligenti
1063 443 1144 470 opere
1155 434 1302 462 admissum
1316 433 1396 460 fuerit
1411 442 1417 458 :
1431 440 1491 459 cum
1507 438 1532 460 et
1546 432 1699 460 Theodore.

925 486 970 509 tus
1000 485 1028 508 et
1052 480 1192 515 Tripartila
1223 480 1374 507 Alexandro
1402 478 1698 512 Constantinopolitano

924 527 1052 562 episeopo
1064 525 1220 560 inscriptam
1233 525 1398 560 missamque
1411 528 1552 552 testentur.
1568 523 1697 558 Equidem

925 579 986 599 cum
1003 572 1121 607 perlecta
1134 570 1249 606 primum
1271 570 1321 597 hac
1336 570 1460 604 epistola,
1482 576 1536 596 non
1551 576 1632 597 unum
1649 568 1698 594 ali-

924 626 1015 653 quem,
1040 618 1087 646 sed
1103 618 1193 652 plures
1205 615 1319 644 subinde
1334 615 1514 643 Alexandrum
1537 614 1636 649 alloqui
1650 614 1699 641 ob-

924 672 1085 696 servassem,
1110 663 1190 692 subiit
1210 662 1343 698 suspicio,
1363 666 1437 690 certo
1451 661 1564 689 consilio
1586 662 1698 696 ἐπιγρα-

925 711 987 746 φήν,
1004 711 1030 737 in
1043 709 1163 737 Romana
1177 709 1295 737 editione
1309 709 1448 736 omissam.
1467 707 1543 740 Quod
1564 706 1699 742 negligen-
1728 721 1730 723 ι

924 759 961 785 tia
973 757 1081 788 factum,
1091 762 1183 791 postea
1194 764 1225 783 ex
1237 760 1386 783 erratorum
1395 754 1514 781 indicqu
1525 753 1696 788 deprehendi.

925 803 1060 838 Quidquid
1085 802 1130 834 sit,
1153 801 1218 829 mihi
1241 802 1291 828 lixa
1309 801 1364 828 haec
1390 799 1465 828 sedet
1489 799 1632 830 sententia,
1645 806 1697 826 non

925 849 1054 884 privatam
1070 848 1187 883 aliquam
1202 847 1258 874 sive
1275 847 1457 874 tractatoriam
1473 846 1544 872 hanc
1558 845 1697 880 epistolam

924 903 994 927 esse.
1009 895 1055 923 sed
1070 899 1097 923 et
1111 895 1195 930 ipsam
1209 901 1315 929 quoque
1323 893 1481 920 eireularem
1491 900 1522 919 ac
1535 891 1696 926 generalem,

925 941 1035 968 missam
1051 940 1082 966 ad
1099 941 1221 967 diversos
1237 939 1348 974 Europae
1362 939 1513 974 episcopos.
1528 937 1604 970 Quod
1619 943 1697 964 nemo

927 985 1004 1011 facile
1026 985 1172 1020 negaverit,
1188 985 1232 1020 qui
1250 989 1275 1012 et
1297 984 1378 1018 hujus
1393 983 1512 1018 epistolae
1534 987 1635 1017 partem
1651 990 1698 1009 ex-

925 1035 1038 1058 tremam
1058 1039 1119 1058 cum
1140 1038 1205 1058 cura
1220 1031 1323 1065 legerit,
1337 1033 1364 1057 et
1381 1029 1626 1057 ecclesiasticarum
1642 1029 1698 1064 cpi-

925 1078 1055 1104 stolarum
1080 1078 1191 1104 formam
1218 1077 1379 1111 modumque
1406 1084 1460 1103 non
1483 1075 1559 1110 plane
1582 1075 1696 1110 ignoret.

924 1121 991 1149 Nam
1005 1126 1031 1149 et
1044 1122 1164 1149 clausula
1179 1122 1273 1149 harum
1291 1121 1441 1148 litterarum
1461 1121 1539 1155 plane
1552 1120 1644 1147 eadem
1657 1125 1698 1147 est

925 1176 984 1203 qua:
998 1168 1204 1203 prmeedentium
1218 1167 1426 1203 encyclicarum,
1443 1174 1496 1201 qua
1509 1166 1612 1200 reliquo
1627 1165 1699 1193 clero

926 1221 973 1248 per
987 1214 1129 1248 episcopos
1146 1213 1264 1241 salutem
1288 1211 1440 1247 impertitur
1458 1221 1466 1238 ι
1486 1216 1541 1238 tum
1557 1214 1586 1238 ut
1600 1210 1697 1244 sapius

925 1257 952 1284 in
970 1257 1074 1292 reliquo
1088 1256 1208 1291 epistolae
1221 1259 1358 1287 contextu,
1375 1256 1411 1282 ita
1426 1256 1452 1282 in
1469 1254 1520 1283 ﬁne
1531 1255 1621 1290 plures
1636 1262 1698 1282 ora-

924 1301 998 1328 tione
1012 1308 1041 1328 se
1050 1300 1126 1328 aﬂari
1140 1300 1268 1328 ostendit.
1283 1299 1358 1327 Unde
1369 1300 1401 1327 ad
1413 1300 1504 1335 plures
1518 1307 1624 1335 quoque
1635 1300 1699 1327 seri-

924 1353 996 1382 ptam
1012 1347 1088 1374 lateri
1104 1354 1245 1375 necessum
1261 1350 1311 1374 est.
1326 1345 1393 1372 Cum
1408 1345 1549 1373 verissime
1565 1345 1629 1372 illud
1644 1353 1697 1372 non

925 1393 1014 1420 minus
1028 1400 1109 1428 quam
1131 1393 1208 1419 docte
1224 1399 1239 1418 a
1261 1391 1407 1418 Francisco
1422 1390 1587 1418 Bernardino
1603 1390 1699 1418 Ferra-

925 1440 966 1466 rio
980 1439 1025 1466 Lb.
1043 1447 1072 1466 ιιι
1100 1438 1138 1466 De
1153 1439 1259 1473 antiquo
1281 1438 1450 1472 epistularum
1464 1437 1697 1464 ecclesiasticarum

90 1483 180 1511 luris?
194 1483 228 1510 Et
244 1485 266 1512 si
280 1485 370 1512 omnia
385 1493 432 1520 per
445 1485 533 1520 ipsum
549 1486 618 1513 facta
635 1491 708 1521 sunt,
725 1489 782 1520 πῶς
793 1489 871 1516 seu-
886 1501 908 1531 ο
923 1493 1023 1520 genere,
1036 1485 1210 1512 observatum
1228 1485 1273 1516 sit,
1290 1492 1391 1511 morem
1408 1484 1556 1518 antiquitus
1572 1483 1698 1510 invaluis-

90 1538 135 1556 ται
153 1529 210 1562 ἴσος
227 1529 295 1558 εἶναι
311 1531 364 1557 τῶν
381 1531 415 1558 δι’
432 1532 511 1559 αὑτοῦ
530 1533 697 1569 γενομένων;
717 1535 762 1570 qui
778 1537 871 1569 poterit

90 1575 146 1610 ipse
159 1584 209 1610 par
231 1585 285 1603 esse
300 1577 374 1604 rebus
390 1585 447 1612 qum
460 1586 505 1612 per
520 1579 604 1613 ipsum
624 1579 701 1613 facta:
715 1582 799 1608 sunt?
814 1581 873 1614 Quo

91 1626 230 1655 postremo
248 1623 306 1649 loco
328 1622 452 1651 Gelasius
474 1624 639 1660 Cyzicenus,
664 1631 690 1652 et
706 1625 872 1660 Epiphanius

91 1666 228 1701 interpres
249 1667 349 1695 rectius
362 1669 417 1702 jam
432 1670 496 1696 olim
515 1670 611 1703 legere,
631 1669 688 1702 πῶς
709 1670 819 1697 δύναται
833 1669 872 1702 εἷς

91 1709 178 1743 alvei;
198 1711 328 1746 quomodo
342 1718 425 1746 potest
440 1722 506 1740 unus
521 1722 575 1742 esse
587 1713 689 1747 horum,
702 1723 760 1750 qzue
772 1723 817 1749 per
833 1716 872 1750 ip-

90 1765 151 1783 sum
172 1756 245 1791 facta
269 1759 431 1785 noscuntur?
445 1757 531 1790 Quam
547 1757 689 1786 lectionem
714 1759 799 1787 (ἐι-λιιοί
815 1768 872 1788 ser-

91 1803 182 1830 monis
200 1804 369 1831 constructio
384 1808 475 1839 aperte
489 1805 611 1840 requirit.
625 1806 753 1838 Quamvis
766 1807 799 1833 ad
809 1813 872 1833 sen-

91 1856 154 1876 sum
171 1849 223 1876 loci
238 1849 306 1876 nihil
323 1849 440 1881 intersit,
457 1854 545 1878 utrum
557 1850 612 1882 ἴσος
623 1858 684 1878 eum
703 1852 822 1886 vulgato,
837 1859 870 1879 an

91 1892 133 1926 εἷς
153 1902 216 1922 cum
233 1896 316 1922 veteri
329 1895 475 1931 interprete
492 1897 575 1931 legas.
597 1895 625 1923 Si
646 1900 734 1924 tamen
756 1897 811 1929 ἴσος
831 1905 872 1924 re-

91 1941 223 1974 tineatur,
235 1941 363 1968 mutanda
371 1941 422 1969 hoc
435 1942 513 1969 modo
524 1942 704 1970 constructio:
718 1943 779 1974 Πῶς
791 1943 818 1970 δὲ
828 1943 873 1970 δύ-

91 1994 172 2013 ναται
187 1986 243 2018 [σος
263 1984 330 2012 εἶναι
355 1988 410 2018 τοῖς
424 1987 456 2013 δι’
477 1987 558 2014 αὑτοῦ
574 1989 738 2023 γενομένοις,
755 1996 808 2015 non
825 1996 873 2015 au-

91 2036 158 2065 tem,
174 2031 228 2057 τῶν
239 2031 271 2058 δι’
294 2032 374 2059 αὑτοῦ
390 2033 549 2067 γενομένων.
566 2033 604 2060 ita
636 2033 666 2060 D.
690 2032 788 2061 Paulus
802 2033 871 2061 Phil.

93 2085 125 2109 ιι,
141 2078 169 2109 6,
186 2077 324 2105 Christum
342 2078 379 2104 ait
391 2086 445 2106 non
459 2079 632 2106 existimasse
642 2079 774 2114 rapinam,
791 2079 821 2105 τὸ
833 2077 871 2105 εἷς

92 2132 136 2151 ναι
152 2121 199 2150 ἶσα
215 2124 283 2160 Θεῷ,
300 2132 355 2151 esse
369 2133 396 2152 se
410 2125 534 2160 (aqualem
548 2125 612 2152 Deo.
627 2125 664 2152 Ita
682 2128 738 2160 ipse
757 2125 874 2152 Alexan-

924 1540 963 1563 se,
981 1536 1010 1558 ut
1028 1531 1108 1559 iidem
1123 1531 1256 1558 honorum
1273 1530 1341 1557 tituli
1357 1530 1408 1557 sub
1428 1530 1507 1556 linem
1523 1529 1696 1564 epistolarum

924 1578 1095 1608 iterarentur,
1122 1577 1221 1612 quibus
1247 1576 1324 1603 initio
1339 1575 1436 1611 singuli
1457 1575 1488 1602 ad
1513 1583 1580 1610 quos
1597 1575 1699 1602 scribe-

923 1624 998 1655 bant,
1016 1624 1121 1651 fuerant
1134 1622 1269 1657 appellati.
1286 1621 1338 1649 Sed
1353 1629 1480 1656 quorsum
1492 1621 1558 1652 hmo,
1576 1621 1700 1655 inquies?

923 1669 981 1696 Non
1007 1673 1036 1696 ut
1059 1669 1210 1696 Alexandro
1245 1667 1543 1701 Constantinopolitano
1572 1668 1698 1703 episeopo

924 1716 994 1742 hanc
1012 1715 1153 1750 epistolam
1181 1714 1309 1749 scriptam
1329 1721 1441 1748 negem;
1459 1713 1504 1741 sed
1530 1716 1558 1740 ut
1581 1713 1614 1740 ad
1630 1713 1697 1740 alios

922 1769 1030 1796 quoque
1052 1761 1155 1787 vicinos
1171 1760 1324 1795 episcopos,
1346 1759 1388 1787 vel
1407 1760 1434 1786 in
1448 1761 1520 1794 regia
1537 1759 1602 1786 urbe
1616 1766 1698 1794 nego-

924 1809 1022 1835 tiorum
1036 1814 1119 1834 causa
1132 1811 1186 1833 tum
1199 1811 1347 1836 versantes,
1360 1804 1479 1840 ejusdem
1490 1812 1596 1840 quoque
1607 1812 1698 1832 exem-

923 1855 966 1890 pla
989 1861 1037 1889 per
1052 1853 1184 1880 circulum
1204 1852 1285 1879 missa
1305 1851 1457 1879 ostendam.
1474 1850 1565 1886 Neque
1589 1851 1696 1885 ego‘hie

924 1899 1091 1927 Theodoreto
1106 1898 1208 1925 futilem
1223 1897 1321 1925 Celasii
1337 1897 1460 1933 Cyziceni
1482 1897 1633 1924 Diobolaris
1647 1898 1696 1932 ῥα.-

922 1943 1009 1980 cosas
1027 1943 1213 1971 auctoritatem
1239 1941 1425 1977 opposuerim,
1450 1942 1495 1977 qui
1516 1941 1696 1968 Alexandrum

924 1991 1003 2017 istum
1030 1989 1080 2017 hoc
1105 1992 1224 2023 tempore
1245 1987 1549 2023 Constantinopolitanae
1571 1987 1696 2015 Ecclesiae

923 2035 1037 2062 necdum
1060 2033 1200 2068 praefuisse
1222 2031 1334 2059 afﬁrmat
1350 2041 1355 2059 :
1374 2039 1505 2067 quemque
1531 2032 1610 2068 paulo
1636 2036 1696 2066 post

923 2080 1031 2107 Nicatno
1049 2079 1164 2106 concilio
1184 2078 1317 2113 privatum
1339 2078 1426 2105 adhuc
1441 2078 1623 2114 presbyterum
1649 2086 1697 2114 pro

924 2126 1107 2160 Metrophaue,
1119 2131 1237 2152 extrema
1249 2128 1387 2152 senectute
1396 2124 1529 2156 confecto,
1543 2125 1698 2152 interfuisse

93 2172 142 2198 der
155 2171 270 2206 epistola
294 2171 418 2206 sequenti
444 2171 559 2198 Arianos
584 2171 746 2205 praedicasse
765 2171 871 2204 scribit,
889 2171 912 2201 υ
924 2171 1029 2199 scribit.
1045 2171 1129 2206 Cujus
1145 2171 1221 2198 fidem
1238 2170 1333 2197 incerti
1354 2178 1460 2205 quoque
1474 2170 1591 2197 auctoris
1605 2178 1699 2197 narra-

91 2217 233 2245 Christum
246 2218 302 2248 τοῖς
316 2218 396 2244 πᾶσιν
413 2217 468 2244 ἴσον
483 2215 567 2244 εἶναι·
587 2217 656 2251 quod
672 2217 759 2244 versio
774 2216 874 2244 Roma-

92 2271 139 2296 na,
156 2263 292 2291 Christum
308 2264 408 2290 cwteris
427 2263 574 2290 hominibus
589 2263 653 2290 nihil
667 2264 873 2297 prtcstantiorem

90 2318 158 2341 esse,
175 2309 266 2337 reddit
281 2319 288 2336 :
305 2309 387 2337 nimis
402 2317 467 2336 sane
486 2314 608 2345 anguste.
630 2309 722 2344 Neque
744 2310 815 2337 enim
840 2310 873 2337 ad

91 2358 168 2385 solos
180 2357 305 2384 homines
313 2357 493 2392 tequelitatem
505 2357 577 2384 illam
593 2357 770 2392 restringebat
780 2358 871 2389 Arius,

90 2403 139 2431 sed
158 2403 192 2430 ad
208 2407 360 2430 creaturam
376 2410 483 2437 quoque
499 2410 605 2429 omnem
626 2402 679 2429 τῶν
696 2402 810 2437 λογικῶν
828 2404 873 2430 καὶ

91 2448 200 2483 ἀλόγων
219 2452 380 2475 creaturam.
394 2447 485 2482 Neque
498 2449 569 2475 enim
585 2448 656 2475 aliud
668 2448 748 2476 isthic
759 2449 809 2476 loci
821 2453 872 2480 est,

90 2496 149 2526 τοῖς
165 2495 250 2521 πᾶσιν
274 2494 329 2520 ἴσον
350 2491 428 2526 εἶναι,
445 2502 527 2529 quam
547 2494 591 2521 hic
605 2496 660 2526 τοῖς
679 2495 744 2521 πᾶσι
764 2504 872 2531 συναρι-

93 2540 233 2576 θμεῖσθαι,
246 2540 296 2567 hoc
310 2544 361 2572 est,
377 2539 493 2567 Verbum
508 2547 540 2567 ex
556 2541 674 2575 ipsorum
689 2542 822 2569 sententia
834 2541 874 2568 fa-

93 2591 167 2614 ctum
188 2590 216 2614 et
233 2591 354 2614 creatum
382 2594 416 2613 ex
442 2586 542 2618 nihilo,
568 2587 730 2622 reliquarum
754 2587 873 2614 omnium

93 2636 283 2660 creaturarum
303 2639 418 2659 numero
440 2632 624 2665 inserendum,
641 2637 734 2668 utpote
763 2633 873 2668 reliquis

94 2678 221 2706 omnibus
234 2677 368 2706 creaturis
381 2677 534 2705 conditione
548 2682 628 2712 atque
646 2679 763 2706 essentia
784 2687 833 2714 par
847 2683 874 2706 et

93 2724 207 2759 aquale.
225 2723 354 2756 Quamvis
367 2731 416 2758 ego
430 2723 460 2750 τὸ
472 2723 537 2756 ἴσον,
555 2724 581 2751 in
595 2723 668 2752 hisce
680 2725 756 2756 locis,
776 2724 874 2759 wquale

95 2769 186 2804 potius
201 2776 283 2804 quam
301 2777 350 2802 par
366 2774 469 2796 vertere
484 2769 586 2800 malim,
608 2777 661 2804 quo
672 2770 752 2796 etiam
768 2769 873 2804 profani

97 2819 224 2842 θυςῑοιός
248 2822 296 2849 PFO
319 2817 452 2841 ρυῑυῑίιιιρο
475 2818 500 2841 Ci.
525 2821 614 2842 ϐοωνο
628 2815 727 2848 ριιδεῐιιι
751 2819 872 2847 ιιιιιιιιιιτ,

924 2219 961 2245 tio
990 2219 1023 2246 de
1037 2225 1151 2245 cccxvui
1166 2217 1281 2245 Nieaznis
1302 2217 1409 2244 concilii
1428 2216 1551 2243 Patribus
1567 2216 1697 2250 sequitur,

923 2271 983 2299 qua:
1000 2264 1027 2291 in
1043 2263 1169 2290 Historiis
1183 2269 1332 2290 sanctorum
1348 2262 1505 2298 Lipotnanni
1526 2265 1633 2294 exstat;
1650 2268 1698 2288 cu-

921 2312 966 2345 jus
982 2309 1118 2344 cxemplar
1134 2317 1165 2336 ex
1173 2309 1254 2344 Regio
1276 2309 1370 2336 codice
1389 2309 1415 2335 in
1433 2308 1526 2336 Galliis
1554 2307 1698 2342 aliquando

924 2364 966 2384 me
978 2355 1182 2390 transcripsisse
1198 2354 1316 2382 memini.
1339 2354 1410 2387 Haec,
1428 2354 1548 2389 inquam,
1566 2353 1631 2380 tanti
1643 2360 1697 2380 non

923 2405 986 2429 sunt
1003 2405 1032 2428 ut
1046 2400 1205 2428 Theodoreti
1223 2400 1390 2433 aliorumque
1405 2400 1543 2426 meliorum
1558 2403 1697 2426 auctorum

924 2447 1002 2475 fidem
1017 2447 1087 2482 apud
1102 2453 1151 2474 nos
1167 2446 1282 2473 elevent.
1302 2443 1354 2471 Sed
1372 2452 1444 2470 nunc
1459 2444 1598 2478 epistolam
1613 2444 1697 2478 ipsam

923 2493 1092 2528 aggredimur
1117 2501 1123 2518 ε
1149 2491 1175 2518 in
1198 2491 1275 2525 cujus
1300 2490 1391 2517 limine
1419 2489 1556 2516 Romanos
1582 2489 1698 2516 editores

923 2539 1074 2575 προθέσεως
1090 2545 1138 2564 vox
1154 2536 1276 2568 oll‘endit,
1294 2535 1337 2562 cui
1356 2535 1442 2563 obolis
1457 2535 1589 2563 confos’sze
1605 2534 1699 2569 προαί-

925 2593 997 2620 ρεσιν
1012 2583 1189 2611 substituunt.
1207 2582 1259 2610 Sed
1273 2582 1378 2610 nescire
1395 2589 1436 2609 me
1449 2581 1534 2608 fateor
1557 2581 1621 2615 quid
1635 2588 1698 2607 eau-

923 2638 960 2658 sa:
983 2629 1125 2657 habuerint
1148 2636 1197 2655 cur
1217 2635 1308 2656 vocem
1332 2627 1544 2663 ἐλληνικωτάτην
1568 2626 1698 2653 Grarismi

924 2684 1006 2704 censu
1029 2675 1216 2709 expunxerint.
1240 2673 1348 2704 Vocem,
1374 2674 1492 2708 inquam,
1512 2672 1633 2707 probam,
1650 2679 1699 2698 nec

924 2722 1010 2750 solum
1026 2721 1145 2756 Polybio,
1161 2724 1189 2747 ut
1203 2728 1235 2747 ex
1245 2719 1329 2746 Suida
1344 2722 1466 2753 apparet,
1476 2719 1521 2745 sel
1536 2722 1561 2744 et
1574 2717 1603 2744 Ι).
1614 2717 1699 2744 Paulo

924 2768 1006 2795 semel
1017 2766 1167 2801 iterumque
1176 2769 1342 2799 usurpatam.
1353 2763 1430 2791 Rom.
1442 2772 1499 2795 vni,
1509 2763 1553 2795 9.8,
1563 2763 1617 2793 τοῖς
1629 2762 1698 2789 κατὰ

925 2814 1050 2847 πρόϐετιθ
1071 2813 1187 2846 κλητοῖςὶ
1206 2811 1300 2838 vocalis
1323 2810 1461 2837 secundum
1485 2810 1654 2843 propositum,
1672 2811 1699 2835 et
