1909 3069
229 86 276 114 531

772 83 801 112 S.
821 85 1027 113 ALEXANDER
1047 84 1326 114 ALEXANDRINUS.

1790 84 1846 115 532

228 146 328 181 Ephes.
345 153 364 177 l,
382 146 425 177 ll,
442 144 645 181 προορισθέντες
659 144 729 171 κατὰ
752 144 889 180 πρόθισιν,
904 145 1004 179 prude-

1058 145 1095 179 Ac
1104 144 1220 176 primum
1230 144 1338 179 quidem
1348 142 1394 171 Dei
1402 143 1495 172 hostes
1507 141 1632 170 Ecclesia:
1637 142 1737 171 castris
1747 142 1843 178 eiecti,

228 193 319 219 uinati
341 191 481 218 secundum
495 191 672 224 propositum;
697 195 724 218 et
743 194 804 225 post
818 189 941 223 Paulum,
958 190 1007 218 do-

228 238 351 266 ctissim
361 238 459 272 cuique
474 236 523 264 SS.
536 235 657 264 Patrum.
668 236 795 264 Clemens
807 236 1006 264 Alexandrinus

227 286 290 313 item
314 284 360 311 lib.
384 291 426 317 ut,
450 284 589 318 εὐνουχιας
605 283 741 319 πρόθεσιν,
760 283 921 318 propositum
934 283 1006 310 mli-

227 329 313 363 battu,
333 333 360 357 et
374 329 419 356 lib.
435 337 483 361 vn,
498 330 560 360 τοὺς
573 328 644 356 κατὰ
657 328 782 364 πράθεσιν
795 328 922 360 δικαίους,
938 336 1007 363 pra:-

227 377 376 403 destinatos
386 375 543 410 Apostolum
556 379 666 403 secutus
676 376 790 402 vocavit.
800 375 923 403 Justinus
935 374 1006 402 Mar-

227 427 269 458 tyr
282 429 328 449 xtx
338 424 482 457 quwslione
490 421 527 448 ad
537 421 708 453 orthodaam,
722 421 924 456 palpitationes,
936 424 1006 449 ster-

226 472 385 495 nutamenta
407 472 433 494 et
449 468 564 495 tinnitus
582 467 689 494 aurium
709 467 783 502 παρὰ
799 467 847 502 τὴν
871 467 1005 502 ἡμετέραν

223 514 363 549 πρόθεσιν,
380 514 436 541 lieri
462 514 566 541 scribit.
580 512 680 540 Omitto
696 513 773 540 alios.
789 512 860 540 Sane
872 512 1005 540 Constan-

224 561 298 587 tinus
320 559 432 595 Magnus
451 560 548 587 litteris
572 559 604 586 ad
632 559 814 587 Alexandrum
838 563 960 586 nostrum
978 563 1005 586 et

224 604 318 632 Arium
345 604 416 632 datis
445 605 507 640 μίαν
529 605 616 640 ψυχῆς
645 605 771 640 πρόθεσιν
795 606 912 640 scripsit.
934 604 1004 638 Quid

225 651 308 678 vero?
327 658 416 678 nonne
442 651 498 685 ipse
518 650 669 678 Alexander
702 659 762 678 mox
801 652 850 679 bac
875 653 932 687 ipsa
958 659 1005 686 pa-

227 697 288 731 gina
321 697 371 731 τὴν
387 696 522 731 μοχθηρὰν
548 696 675 732 πρόθεσιν
697 698 808 732 repetit?
823 697 899 730 Quod
917 702 944 725 et
964 699 1004 732 ip-

227 750 286 768 sum
301 749 336 769 ne
350 749 476 769 censores
490 742 654 777 jugularent,
673 743 776 770 salvum
788 748 868 778 atque
880 744 1004 771 indemne

227 792 356 824 praestare
370 793 472 822 poterat
486 789 557 823 quod
570 789 638 815 infra
650 797 678 816 sc
689 789 876 825 episcoporum
887 791 920 818 ad
935 799 1004 827 quos

1060 176 1094 217 ad
1127 176 1247 224 gentiles
1268 193 1295 216 et
1318 188 1425 217 Iudaeos
1447 188 1636 224 transfugere,
1652 195 1714 215 cum
1738 176 1783 216 his
1811 176 1869 227 adi

1058 234 1241 262 Christianam
1257 234 1414 270 religionem
1431 233 1640 262 exscindendam
1660 233 1773 261 foederis
1798 241 1846 262 so-

1059 280 1156 308 cietate
1171 287 1232 308 sese
1245 280 1409 314 conjungere
1423 288 1430 306 :
1446 279 1517 314 apud
1530 279 1580 308 hos
1594 279 1709 315 gratiam
1719 279 1845 307 laudem-

1058 336 1112 364 que
1122 328 1173 356 sibi
1186 335 1318 363 quaerere,
1333 328 1397 355 dum
1416 327 1632 355 Christianorum
1653 328 1781 363 dogmata
1810 336 1843 355 ac

1059 382 1148 407 sacra,
1172 382 1233 409 quze
1255 373 1356 403 Iudaeis
1370 373 1540 404 scandalum.
1560 374 1686 409 gentibus
1702 373 1842 404 stultitia'

1059 429 1148 455 erant.
1160 424 1227 452 risui
1241 431 1272 451 ae
1283 423 1399 451 ludibrio
1406 423 1758 458 eorumdem,exponerent;
1769 421 1844 450 unde

1059 470 1199 505 religionis
1217 469 1329 497 exitium
1345 469 1421 503 sequi
1443 475 1554 497 necesse
1568 471 1635 496 erat.
1656 467 1726 503 lpsis
1741 467 1843 496 deinde

1058 517 1179 544 veritatis
1194 515 1437 551 propugnatoribus
1451 514 1554 546 turbas,
1569 514 1716 542 seditiones
1731 521 1764 541 ac
1779 521 1843 550 per-

1059 563 1211 591 secutiones
1220 562 1392 597 gravissimas
1402 561 1555 589 excitabant
1567 570 1573 587 :
1586 561 1690 588 scilicet
1699 564 1729 587 ut
1738 560 1787 587 Dei
1796 559 1844 587 Ec-

1058 609 1140 636 clesia
1155 608 1251 635 horum
1267 607 1391 643 praesidio
1409 607 1515 637 orbata.
1531 607 1597 642 ipsis
1612 606 1709 642 praedae
1720 605 1840 634 cederet.

1058 653 1120 680 Haec
1126 652 1179 680 duo
1189 653 1370 680 accusationis
1379 653 1477 687 capita.
1490 651 1609 685 Quorum
1620 655 1770 687 utrumque
1780 651 1842 686 qui-

1058 699 1109 726 bus
1123 698 1210 726 modis
1220 697 1324 726 ellicere
1339 703 1503 725 conarentur
1517 697 1622 729 Ariani,
1632 705 1693 724 mox
1708 697 1840 724 ostendit.

1058 744 1198 773 Posterius
1219 745 1338 779 quidem,
1357 745 1455 779 inquit,
1478 744 1627 770 seditiones
1652 747 1679 770 et
1708 750 1840 778 persecu-

1058 792 1147 819 tiones
1171 791 1277 818 scilicet
1294 792 1429 824 excitant,
1461 789 1612 818 divexando
1625 782 1791 822 catholicos,
1815 794 1842 817 et

227 835 323 863 scribit
339 835 403 872 ὀρθῇ
419 835 554 871 προθέσει,
568 835 703 863 conlidere
724 837 771 863 ait.
797 836 909 868 Videtis,
927 842 1003 872 puto,
1020 834 1042 862 B
1057 836 1118 863 lites
1130 835 1226 863 iisdem
1247 835 1416 868 intentando,
1433 843 1481 870 per
1503 835 1728 862 muliercularum
1742 835 1840 862 amici-

227 881 374 915 auditores,
392 889 471 916 quam
495 884 575 908 caute
591 885 617 908 et
634 881 757 917 religiose
782 883 809 909 in
831 883 1003 918 antiquorum

226 928 335 962 scriptis
345 927 506 955 versandum
524 927 569 959 sit,
584 934 664 961 quant
680 935 733 954 non
747 932 849 956 temere
859 929 1004 964 quidquam

225 974 395 1001 mutandum.
411 975 543 1001 Caeterum
556 974 577 1001 si
595 974 655 1008 quis
665 972 786 1001 Gnaeum
809 974 890 1010 hujus
904 975 1005 1010 episto-

226 1019 258 1047 la:
273 1021 412 1048 exordium
422 1028 482 1047 cum
498 1020 580 1047 veteri
596 1019 737 1054 Epiphanii
753 1020 878 1048 versione
893 1026 1005 1049 conten-

225 1066 281 1097 dat,
298 1066 376 1102 longe
388 1065 521 1093 diversam
536 1065 596 1100 ejus
611 1066 733 1094 codicem
749 1067 911 1094 sententiam
932 1075 1003 1102 prae-

228 1111 321 1139 tulisse
336 1112 462 1146 reperiet.

258 1157 297 1184 llli
310 1161 398 1185 autem
418 1160 550 1185 malorum
570 1157 722 1189 hominum,
738 1165 819 1192 quam
842 1157 922 1185 modo
936 1158 1003 1191 dixi,

225 1196 359 1239 προϐέσεί
369 1203 513 1238 respondet
530 1202 601 1238 quod
619 1203 752 1238 sequitur,
775 1210 823 1230 eos
834 1203 935 1231 diaboli
954 1204 1005 1231 im-

224 1248 305 1282 pulsu
318 1247 400 1274 veluti
414 1250 499 1275 oestro
517 1247 634 1282 percitos
649 1246 712 1274 ferri
729 1248 769 1279 ei;
787 1248 837 1283 τὴν
858 1249 1005 1284 προκειμέ-

224 1302 272 1328 νην
288 1293 377 1324 αὐτοῖς
391 1293 495 1329 ἡδονήν.
524 1293 582 1326 Quo
597 1301 657 1322 cum
674 1299 779 1322 certum
794 1299 820 1323 et
837 1295 1003 1324 destinatum

225 1339 307 1367 animi
327 1339 469 1366 consilium
492 1339 668 1374 signiﬁcetur,
694 1342 795 1369 rectius
821 1349 836 1368 a
854 1342 937 1369 veteri
962 1341 1002 1368 in-

224 1387 351 1418 terprete,
366 1385 525 1418 propositam
547 1385 634 1412 animo
655 1385 799 1418 libidinem,
815 1394 896 1421 quam
919 1394 934 1414 a
951 1387 1004 1414 Ca-

225 1430 353 1462 merario,
368 1430 468 1457 obviam
481 1431 647 1464 voluptatem,
663 1437 708 1460 aut
726 1440 740 1459 a
753 1438 845 1460 nostro
857 1434 1003 1468 interprete

225 1474 369 1507 Britanno,
386 1475 530 1510 voluptates
545 1485 602 1511 qua:
618 1477 685 1512 forte
701 1486 727 1505 se
742 1478 865 1512 offerunt,
881 1478 1001 1505 converti

225 1522 360 1549 existimo.
376 1521 442 1555 Quis
454 1523 526 1550 enim
539 1531 591 1550 non
604 1523 685 1556 videt,
694 1524 744 1560 τὴν
753 1524 886 1559 τυχοῦσαν
896 1524 1001 1559 ἡδονὴν,

226 1568 270 1594 καὶ
283 1567 331 1603 τὴν
351 1568 540 1603 προκειμένην,
558 1568 714 1604 longissime
738 1569 808 1602 inter
828 1577 858 1596 se
876 1569 1003 1602 dillerre;

225 1621 286 1641 cum
299 1614 343 1640 illa
355 1622 459 1647 casum,
473 1614 528 1641 haec
540 1615 685 1642 consilium
694 1619 720 1642 et
728 1615 885 1648 voluntatis,
899 1619 927 1642 ut
935 1615 1001 1646 dixi,

225 1661 393 1695 propositum
405 1660 579 1695 conjunctum
590 1661 708 1689 habeat?

261 1705 343 1732 Addit
355 1706 426 1733 hanc
439 1707 574 1734 scribendi
592 1714 703 1735 causam
721 1707 773 1735 sibi
789 1707 883 1740 fuisse,
902 1712 931 1735 ut
946 1715 1005 1735 mo-

226 1756 302 1779 neret
316 1756 429 1780 ca‘teros
444 1753 620 1785 orthodoxos,
638 1753 777 1788 improbos
794 1754 855 1781 illos
869 1754 1004 1782 cavendos

226 1805 296 1830 esse,
322 1799 365 1833 Μή
378 1808 419 1831 τις
440 1798 528 1826 αὐτῶν
542 1799 673 1835 τολμήσῃ,
690 1799 786 1834 inquit,
804 1800 850 1826 καὶ
864 1801 924 1832 ταῖς
939 1801 1005 1835 ὑμε-

227 1844 317 1880 τέραις
334 1844 489 1880 παροικίαις
505 1845 640 1879 ἐπιϐῆναι.
666 1844 706 1872 Ne
720 1845 777 1880 quis
794 1851 893 1873 vestras
907 1854 1005 1881 quoque

227 1891 372 1925 prouincias
385 1891 505 1918 invadere
523 1891 627 1917 audeat.
646 1890 722 1924 Quod
738 1896 767 1918 ut
779 1897 854 1920 vetus
864 1897 890 1920 et
903 1900 1005 1927 germa-

227 1945 279 1964 nus
296 1934 451 1965 ’t'heodoriti
474 1938 606 1972 interpres
630 1943 702 1966 recte
725 1942 752 1965 et
774 1938 930 1973 simpliciter
944 1947 1006 1966 ver-

227 1987 304 2017 tunt,
328 1984 363 2010 ita
379 1983 480 2019 Anglus
503 1988 595 2010 noster
614 1991 679 2011 sane
694 1992 791 2019 magno
807 1989 834 2011 et
851 1986 1005 2019 importuno

227 2030 372 2057 verborum
393 2031 505 2063 ambitu,
521 2031 619 2058 erroris
636 2031 678 2057 sui
692 2031 799 2066 vestigia
815 2031 938 2058 Ecclesiis
955 2032 1006 2058 im-

227 2077 338 2110 primere
354 2076 451 2104 reddit.
468 2077 532 2110 Qua:
545 2085 578 2105 eo
591 2085 606 2104 a
620 2085 662 2105 me
684 2076 821 2108 dicuntur,
836 2077 908 2112 quod
928 2077 1006 2105 fucos

228 2126 255 2149 et
272 2122 397 2157 phaleras
416 2123 495 2158 longe
516 2130 530 2149 a
545 2127 619 2150 casta
640 2127 795 2150 sanctorum
812 2122 923 2150 Patrum
944 2131 1006 2150 ora-

1017 1503 1037 1532 C

1056 883 1121 910 tiam
1136 887 1163 910 et
1179 883 1367 917 prensationes
1383 891 1389 908 :
1411 882 1648 909 Christianismum
1666 888 1732 908 vero
1745 881 1840 908 tradu-

1056 932 1158 960 cerent,
1184 927 1248 955 dum
1271 928 1391 962 ipsorum
1405 928 1556 961 juvcncula:
1579 927 1663 954 libere
1682 927 1743 954 sine
1759 926 1840 954 modo

1055 981 1082 1003 et
1107 974 1250 1006 modestia,
1273 974 1439 1010 vagabunde
1463 982 1511 1009 per
1533 974 1658 1002 civitates
1682 973 1836 1001 oberrant:

1055 1029 1172 1057 quorum
1196 1025 1341 1055 utrumque
1356 1025 1398 1048 est
1417 1025 1511 1048 contra
1526 1020 1648 1056 Apostoli
1669 1010 1836 1051 doctrinam,

1055 1068 1100 1103 qui
1118 1066 1202 1102 priori
1215 1065 1249 1093 ad
1266 1065 1437 1094 Timotheum
1455 1075 1481 1100 v,
1500 1067 1532 1094 l9
1545 1086 1552 1098 ,
1579 1065 1674 1093 viduas
1693 1065 1837 1100 sexaginta

1055 1120 1188 1140 annorum
1208 1112 1356 1147 eligendas,
1373 1112 1600 1140 adolescentiores
1615 1114 1705 1138 autem
1723 1111 1782 1139 sive
1793 1110 1838 1145 ju-

1055 1159 1183 1187 venculas
1198 1158 1358 1187 devitandas
1381 1157 1512 1193 pracipit.
1535 1156 1605 1184 Tum
1617 1164 1683 1184 vero
1698 1163 1774 1184 vers.
1790 1156 1838 1184 de-

1055 1206 1127 1233 cimo
1139 1205 1220 1234 tertio
1235 1205 1359 1240 ejusdem
1375 1205 1472 1239 capitis
1495 1207 1598 1236 monet,
1622 1210 1658 1230 ne
1676 1202 1775 1230 otiosae
1795 1202 1835 1229 di-

1055 1255 1118 1278 cant
1136 1251 1254 1279 circuire
1269 1251 1376 1283 domos,
1391 1251 1512 1278 verbosa:
1529 1254 1556 1277 et
1574 1250 1700 1280 curiosae.
1716 1253 1773 1277 etc.
1784 1248 1837 1276 Ne-

1054 1305 1107 1332 que
1117 1299 1189 1325 euim
1200 1298 1313 1325 dubium
1330 1298 1395 1325 illud
1420 1301 1471 1330 est,
1487 1297 1552 1331 quin
1570 1304 1604 1324 ex
1622 1296 1696 1324 hisce
1713 1294 1836 1331 Apostcli

1055 1344 1145 1371 verbis
1161 1347 1233 1371 totus
1246 1343 1290 1371 hic
1307 1344 1382 1371 locus
1392 1343 1582 1378 intelligendus
1599 1343 1634 1370 sit
1653 1345 1735 1376 atque
1748 1340 1836 1376 expli-

1054 1389 1167 1417 candus.
1184 1388 1213 1416 ln
1227 1389 1306 1424 cujus
1314 1397 1395 1417 sensu
1403 1389 1578 1424 exprimendo
1593 1389 1727 1423 interpres
1741 1391 1837 1414 noster

1034 1448 1037 1449 ν
1054 1437 1122 1464 mire
1142 1445 1256 1464 securus
1275 1440 1328 1468 est,
1353 1437 1483 1464 divellens
1508 1441 1535 1463 et
1551 1435 1722 1464 confundens
1744 1434 1837 1463 omnia

1054 1489 1103 1516 pro
1119 1481 1205 1508 libito.
1223 1481 1300 1509 Unde
1315 1489 1363 1516 pro
1380 1489 1436 1509 una
1457 1483 1586 1509 continua
1608 1480 1756 1509 Alexandri
1774 1487 1837 1507 seno

1054 1526 1146 1557 tentia,
1159 1534 1249 1554 meras
1266 1527 1346 1554 nobis
1362 1534 1459 1561 scopas
1477 1526 1623 1554 dissolutas
1638 1525 1760 1556 exhibet,
1776 1532 1836 1560 quat

1055 1573 1160 1608 singula
1175 1573 1301 1608 prosequi
1326 1573 1464 1601 uediosum
1491 1572 1571 1600 foret.
1590 1571 1619 1599 ld
1639 1572 1734 1603 miror,
1748 1575 1777 1598 et
1793 1578 1837 1599 vc-

1055 1622 1137 1646 terem
1154 1622 1180 1646 et
1194 1626 1292 1646 novum
1307 1618 1490 1654 interpretem,
1507 1619 1615 1646 inverso
1636 1619 1717 1647 unius
1733 1617 1837 1646 Grates

1054 1665 1130 1692 vocis
1142 1665 1250 1699 spiritu,
1261 1669 1390 1700 tanquam
1407 1665 1602 1692 vehementiori
1617 1665 1737 1700 procella
1759 1665 1837 1693 abre-

1054 1713 1126 1745 ptos,
1137 1710 1164 1737 in
1185 1711 1491 1746 scopulumjmpegisse.
1500 1709 1644 1738 Alexandri
1658 1710 1741 1737 verba
1753 1713 1835 1738 sunt:

1055 1756 1109 1791 Τὴν
1120 1756 1184 1790 γοῦν
1202 1756 1332 1791 Ἑλλήνων
1345 1765 1374 1783 τε
1387 1757 1433 1783 καὶ
1455 1756 1587 1783 Ἰουδαίων
1599 1756 1683 1791 ἀσεϐῆ
1695 1756 1762 1791 ’περὶ
1772 1757 1837 1791 Χρι-

1057 1801 1118 1828 στοῦ
1131 1802 1209 1835 δόξαν
1226 1802 1408 1838 κρατύναντες
1420 1823 1427 1835 ,
1439 1802 1484 1828 τὸν
1499 1802 1564 1837 ara-9'
1578 1802 1666 1828 αὐτῶν
1678 1801 1790 1828 ἔπαινον
1801 1802 1837 1833 ὡς

1055 1849 1093 1875 ενι
1112 1848 1227 1884 μάλιστα
1241 1847 1386 1884 ϐηρῶνται.
1414 1847 1463 1875 Ubi
1490 1853 1585 1875 neuter
1606 1847 1755 1882 perspexit,
1774 1847 1837 1882 παρ’

1055 1895 1144 1921 ἀυτῶν
1159 1894 1210 1921 leui
1223 1893 1320 1929 spiritu
1335 1892 1496 1928 legendum;
1514 1896 1540 1919 et
1557 1900 1610 1918 non
1623 1893 1698 1926 ipsos
1709 1891 1836 1923 Arianos,

1056 1941 1103 1968 sed
1119 1940 1227 1968 Graecos
1242 1943 1269 1967 et
1282 1939 1389 1967 Judazos
1418 1939 1541 1974 intelligi,
1565 1937 1635 1971 apud
1660 1945 1730 1972 quos
1758 1937 1836 1964 Chri-

1057 1991 1128 2014 stum
1144 1986 1279 2013 commuui
1303 1993 1384 2021 opera
1398 1985 1588 2020 oppugnando,
1607 1985 1713 2012 laudem
1730 1984 1833 2012 studio-

1057 2031 1165 2058 sissime
1181 2031 1324 2066 captabant
1339 2030 1441 2056 Ariani.
1453 2029 1530 2062 Quod
1543 2034 1633 2056 tamen
1645 2029 1832 2056 Camerarium

1058 2077 1231 2109 Theodoreti,
1249 2080 1275 2104 et
1290 2076 1412 2111 Langum
1431 2075 1574 2111 Nicephori
1588 2078 1766 2110 interpretem
1783 2083 1836 2102 non

1059 2122 1136 2158 fugit.
1155 2122 1284 2154 Quamvis
1307 2122 1377 2157 apud
1410 2121 1482 2157 hunc
1508 2121 1638 2156 noump‘
1664 2121 1765 2152 αὐτῶν,
1792 2121 1836 2150 sed

227 2167 300 2196 tione
311 2168 448 2196 amandari
459 2169 538 2196 velim
551 2178 557 2195 :
571 2177 680 2204 easque,
695 2173 724 2196 ut
737 2169 786 2204 ipsi
797 2169 917 2197 studiose
929 2177 1007 2197 cave-
1022 2180 1044 2207 υ
1059 2170 1124 2205 παρ’
1136 2169 1226 2201 αὐτοῖς
1238 2169 1352 2204 legatur.
1366 2168 1497 2196 Caeterum
1510 2173 1539 2196 ut
1553 2168 1650 2203 reliqui
1666 2175 1763 2196 omnes
1785 2168 1836 2196 b8;-

228 2218 301 2245 runt.
319 2215 354 2242 ita
368 2223 418 2242 nec
432 2215 458 2242 in
471 2215 610 2243 versiones
622 2223 716 2243 eorum
727 2216 810 2243 menti
825 2216 1007 2251 exprimendae

229 2261 410 2289 admittendas
422 2269 529 2290 censeo.
545 2261 584 2289 Ita
599 2262 649 2289 sub
661 2262 794 2297 principio
813 2270 873 2297 pag.
889 2270 946 2298 seq.
961 2270 1007 2290 ve-

228 2311 272 2335 tus
287 2308 430 2343 interpres,
454 2309 503 2344 τὴν
519 2309 649 2344 σωτήριον
661 2309 777 2344 Χριστοῦ
793 2309 947 2344 οἰκονομίαν
961 2310 1008 2336 καὶ

227 2354 260 2381 δι’
279 2355 352 2389 ἡμᾶς
374 2355 550 2390 ταπείνωσινξ,
574 2356 716 2382 salutarem
738 2355 956 2389 dispensationem
983 2359 1007 2382 et

228 2400 401 2426 humilitatem
417 2407 463 2433 pro
486 2399 559 2427 nobis
576 2405 732 2434 susceptam,
751 2400 840 2432 vertit,
858 2405 887 2426 ut
910 2400 1007 2435 reliqui

229 2445 332 2472 Latina:
349 2445 476 2473 Ecclesia:
495 2445 600 2478 Patres,
620 2451 647 2473 ct
663 2447 787 2481 vulgatus
800 2447 948 2474 Bibliorum
965 2448 1007 2474 in-

229 2495 333 2526 lcrpres
351 2492 424 2527 loqui
439 2497 545 2526 amant;
566 2493 611 2520 ubi
636 2498 728 2520 noster
742 2494 910 2520 monomiam
923 2498 947 2520 et
967 2494 1010 2520 ab-

229 2537 374 2569 iectionem,
398 2538 488 2572 potius
511 2546 591 2573 quam
606 2538 813 2566 bumiliationem
829 2539 961 2574 probavit.

265 2581 392 2618 Sequitur
406 2584 503 2612 deinde
519 2585 595 2612 locus
620 2592 686 2612 sane
709 2585 833 2620 insignis,
851 2593 905 2621 quo
928 2586 1008 2613 Alex—

230 2632 314 2658 ander
337 2633 443 2667 egregie
467 2633 598 2661 describit
626 2633 710 2660 malas
734 2633 896 2661 Arianorum
924 2640 1006 2666 artes,

231 2677 328 2711 quibus
350 2678 489 2706 veritatem
512 2679 625 2714 ejusque
650 2681 818 2711 defensores,
836 2688 889 2715 qua
914 2686 1006 2716 aperta

231 2722 267 2755 vi,
279 2730 330 2757 qua
349 2723 443 2751 fraude
457 2725 572 2758 occulta,
589 2734 636 2761 per
649 2727 791 2754 cuniculos
805 2727 1005 2762 oppugnabant.

265 2802 272 2822 ³
290 2801 300 2834 ι
317 2801 377 2828 Cor.
392 2811 412 2835 t,
433 2802 480 2835 25,

1058 2217 1144 2248 retici,
1166 2217 1203 2243 ita
1217 2215 1299 2244 Arius
1314 2223 1421 2251 quoque
1448 2216 1569 2251 parentis
1583 2216 1625 2242 sui
1641 2215 1742 2242 diaboli
1761 2215 1834 2250 inge-

1060 2263 1133 2290 nium
1148 2266 1273 2297 artesque
1285 2262 1416 2294 imitatus,
1427 2262 1488 2289 licta
1504 2262 1612 2296 pietatis
1625 2261 1716 2296 specie
1729 2262 1836 2296 sequio-

1059 2309 1098 2336 ris
1109 2317 1190 2337 sexus
1202 2309 1368 2343 simplicitati
1382 2309 1476 2335 illusit.
1488 2307 1610 2342 Cumque
1621 2307 1760 2334 Christum
1770 2307 1839 2334 divi-

1061 2354 1154 2381 nitatis
1168 2355 1253 2388 gloria
1265 2354 1417 2388 spoliasset,
1438 2353 1639 2381 sanctissimum
1653 2361 1764 2388 quoque
1778 2353 1835 2388 ejus

1061 2401 1195 2435 peculium
1216 2401 1341 2428 invadere
1370 2407 1401 2426 ac
1419 2400 1592 2427 intervenere
1622 2406 1675 2426 non
1693 2399 1834 2426 dubitavit.

1061 2447 1112 2480 Qui
1126 2447 1307 2482 septingentas
1317 2446 1434 2481 virgines
1445 2446 1552 2473 Christo
1563 2449 1737 2473 consecratas
1751 2446 1837 2480 primo

1061 2495 1180 2521 omnium
1197 2494 1224 2520 in
1242 2501 1306 2521 suas
1329 2497 1420 2528 partes
1435 2492 1582 2528 pertraxit,
1598 2500 1658 2519 cum
1671 2492 1781 2520 interim
1795 2492 1836 2519 vix

1061 2545 1161 2575 septem
1175 2540 1345 2575 presbyteros
1357 2543 1383 2566 et
1394 2538 1523 2566 diaconos
1547 2537 1690 2566 duodecim
1705 2537 1760 2564 sibi
1770 2545 1836 2565 con-

1059 2587 1187 2615 ciliasset.
1211 2586 1248 2613 lta
1276 2585 1388 2617 scilicet,
1409 2584 1542 2611 εὐόλισθον
1564 2584 1610 2611 καὶ
1632 2583 1767 2618 σφαλερόν
1795 2584 1837 2610 καὶ

1060 2632 1254 2668 εὐπαράγωγον
1283 2631 1312 2658 τὸ
1337 2631 1389 2657 τῶν
1415 2630 1548 2664 γυναικῶν
1571 2629 1655 2664 γένος.
1688 2628 1742 2656 Sed
1777 2636 1836 2656 cum

1061 2679 1212 2706 Alexander
1231 2678 1282 2705 hoc
1299 2678 1358 2704 loco
1372 2673 1514 2704 mulierum
1532 2683 1612 2711 opera
1628 2675 1780 2703 Ecclesiam
1806 2675 1836 2702 ab

1062 2725 1126 2752 Ario
1138 2725 1238 2752 scribat
1248 2728 1438 2758 oppugnatam,
1455 2722 1617 2755 dubitaverit
1630 2722 1692 2757 quis
1711 2721 1786 2751 haud
1798 2721 1835 2750 in-
