1909 3069
84 103 141 132 3‘33

815 97 963 126 NOTITIA.

1657 94 1705 123 53!

83 162 170 198 juria,
191 158 416 190 numﬂseductas
432 159 493 188 illas
521 163 548 188 et
570 158 658 187 fatuas
687 158 816 194 virgines,
841 166 874 185 an
890 161 912 188 Α
925 165 1001 193 atque
1011 157 1167 189 obscurum,
1194 156 1311 192 parique"
1331 153 1541 190 investigatione
1567 153 1702 188 inquiren-

86 208 163 235 aliud
179 208 271 242 potius
298 207 461 235 feminarum
478 213 564 242 genus
579 205 621 232 vir
648 209 760 232 sanctus
775 205 877 231 intelli-

91 260 162 290 gat:
187 261 257 288 quas
284 253 395 289 quidem
415 253 473 288 ipse
501 251 670 279 mulierculas
697 251 826 286 impurae,
853 251 876 278 si

89 300 180 335 Anglo
193 299 337 335 interpreti
352 299 488 327 credimus
501 318 508 330 ,
525 302 552 325 et
575 297 688 325 tenellas
719 296 878 324 meretricu-

89 347 133 374 las
158 349 258 374 vocat:
282 346 329 373 sed
346 353 441 373 vereor
456 345 586 380 profecto,
607 351 640 370 ne
659 342 704 370 ille
732 341 877 369 Alexandri

92 396 213 419 mentem
229 399 261 418 ac
284 391 368 419 verba
391 391 474 418 nimis
504 389 681 417 inclementer
701 387 875 422 expresserit.

91 437 167 471 Quas
188 437 261 465 enim
287 437 404 471 impurae
420 436 465 463 ille
482 435 573 467 vertit,
601 433 764 469 γυναικάρια
774 433 877 460 ἄτακτα

90 483 248 510 Alexander
274 490 341 511 voce
359 489 374 509 a
392 481 422 509 ὓ.
439 481 524 509 Paulo
546 483 669 508 mutuata
693 479 820 515 appellat.
840 477 878 505 ita

91 528 168 556 enim
190 528 337 563 Apostolus
361 526 394 554 11
408 525 528 554 ΤΙιεεεαι.
555 533 596 557 ιιι,
615 525 643 557 6,
671 528 762 552 monet
784 528 814 551 ut
829 532 878 552 nos

91 574 289 602 aubtrahamus
302 573 356 601 ἀπὸ
379 573 478 604 παντὸς
491 571 604 607 ἀδελφοῦ
627 570 752 602 ἀτάκτως
766 578 880 605 περιπα-

90 619 216 651 τούντος,
231 620 264 646 ab
289 619 360 647 omni
375 619 458 654 fratre
477 618 625 645 inordinate
649 617 810 643 ambulante.
828 614 879 643 Ubi

91 666 203 702 egregie
225 666 385 693 scholiastes
398 664 509 692 Graecus
524 673 531 691 :
551 663 683 695 ’Ᾱτακτῦς
698 664 771 689 ἐστιν
787 662 801 688 ὁ
819 661 879 696 δίχα

91 712 199 744 τάξεως
223 712 270 739 καὶ
281 711 335 737 τῶν
358 710 405 738 τοῦ
432 709 499 737 Θεοῦ
515 710 604 745 νόμων
618 707 786 744 περιπατῶν.
803 707 880 740 Quod

92 758 222 793 equidem
243 757 283 785 sic
298 756 502 792 explieaverim,
533 754 650 781 ἄτακτον
672 754 730 781 sive
746 753 881 780 inordina-

93 809 150 831 tum
167 805 233 836 diei,
250 805 295 839 qui
319 811 376 831 sure
402 802 554 830 vocationis
580 802 702 830 ordinem
724 801 850 837 legesque
865 807 879 827 a

93 849 150 877 Deo
167 850 322 884 propositas
334 857 387 876 non
412 848 541 875 observat
558 856 565 874 :
582 848 626 874 cui
655 847 754 882 impuri
781 854 880 874 nomen
895 839 917 867 Β

92 895 205 930 proprie
228 894 401 922 tribuendum
432 893 504 921 haud
525 897 602 929 puto.
623 892 798 920 Mulierculas
816 900 881 921 vero

93 940 219 975 impuras
236 948 326 973 nemo,
342 941 434 972 credo,
453 940 598 976 intelliget,
616 939 667 967 nisi
684 947 744 974 quae
759 939 882 974 volupta-

93 989 154 1013 tum
169 993 201 1013 ac
220 986 363 1014 libidinum
377 993 456 1013 emno
472 986 616 1018 immersae,
634 985 733 1012 foedam
758 985 882 1020 corporis

93 1032 139 1059 sui
155 1031 260 1066 copiam
290 1031 351 1059 aliis
386 1030 500 1059 faciunt.
515 1031 584 1059 lllud
608 1038 673 1059 vero
699 1030 810 1066 gravius
828 1034 880 1062 est,

96 1085 167 1113 quas
185 1077 339 1105 Alexander
355 1078 416 1106 loco
436 1078 560 1113 superius
576 1085 591 1105 a
605 1077 684 1105 nobis
708 1077 799 1109 allato,
817 1077 883 1104 sim-

96 1124 205 1158 pliciter
218 1123 354 1159 νεωτέρας
367 1127 456 1156 vocat,
476 1123 582 1150 tenellae
597 1122 777 1150 meretriculas
803 1121 881 1149 verti.

97 1169 176 1202 Quod
193 1169 306 1197 Romani
321 1170 440 1197 editores
465 1169 517 1196 hoc
542 1169 602 1196 loco
625 1169 831 1203 interpolantes,
845 1172 883 1195 te-

98 1215 182 1242 nella:
191 1216 346 1250 juvenculas
358 1215 560 1244 substituerunt
577 1224 583 1241 :
601 1214 762 1243 clementius
773 1213 882 1247 quidem

98 1261 177 1293 illud,
195 1262 243 1289 sed
259 1262 351 1290 nescio
367 1266 457 1290 tamen
475 1269 508 1289 an
525 1262 591 1289 satis
606 1261 640 1288 ad
653 1260 798 1289 Alexandri
807 1267 882 1288 men-

99 1310 165 1334 tem.
183 1306 271 1340 Quam
299 1311 329 1334 ut
353 1307 460 1342 planius
486 1308 647 1343 pleniusque
674 1303 898 1343 perspiciamus,‘

98 1352 241 1387 copiosius
257 1353 380 1381 nonnihil
396 1353 574 1381 diﬂ'erendum
591 1354 643 1382 erit
669 1354 702 1381 de
722 1353 882 1381 mulieribus

100 1396 155 1424 illis
182 1405 244 1432 quae
255 1398 368 1433 gradum
395 1403 441 1426 aut
452 1399 574 1427 ordinem
599 1402 646 1426 aut
663 1397 806 1426 ministerii
829 1398 883 1426 olli-

99 1442 173 1470 cium
188 1444 215 1470 in
230 1443 351 1472 Ecclesia
366 1444 431 1472 olim
455 1445 630 1473 obtinuerunt
646 1452 652 1470 :
674 1452 788 1480 quarum
804 1445 883 1480 origi-

99 1496 160 1516 nem
176 1497 209 1517 ex
224 1490 313 1518 sacris
340 1490 438 1518 litteris
452 1499 506 1519 una
527 1491 675 1526 eademque
686 1499 766 1526 opera
797 1490 882 1518 dedu-

99 1538 171 1562 ctam
185 1536 393 1570 explicabimus.
419 1535 452 1563 Et
476 1536 542 1564 mihi
565 1536 674 1572 quidem
698 1540 771 1564 recte
786 1538 817 1564 ad
830 1536 881 1564 tria

99 1588 200 1616 genera
224 1581 348 1609 revocari
367 1581 504 1609 videntur.
532 1582 652 1614 Quorum
675 1581 805 1617 dignitate
827 1582 883 1617 pri-

99 1634 172 1653 mum
190 1630 233 1654 est
246 1627 380 1663 virginum
394 1627 558 1660 institutum,
586 1634 640 1655 non
665 1627 723 1654 heri
741 1631 787 1654 aut
803 1627 883 1656 hodie

99 1671 298 1705 introductum,
323 1678 354 1700 ut
375 1673 494 1700 haeretici
524 1673 610 1701 nostri
639 1673 768 1709 temporis
796 1673 884 1709 impu-

99 1718 197 1746 denter
225 1719 305 1746 simul
330 1723 357 1747 et
375 1719 498 1755 imperite
512 1719 664 1747 afﬁrmant:
679 1712 726 1748 sed
751 1727 803 1747 una
821 1727 883 1747 cum

101 1766 223 1794 Ecclesia
238 1770 342 1798 natum,
364 1766 497 1794 autetiam
514 1765 634 1794 Ecclesia
652 1766 711 1800 ipsa
726 1765 883 1801 antiquius:

100 1812 201 1847 quippe
211 1812 291 1846 cujus
305 1812 426 1847 exempla
438 1815 484 1838 aut
496 1811 625 1847 praeludia
642 1810 669 1838 in
681 1810 764 1838 veteri
777 1818 886 1846 quoque

101 1857 205 1886 foedere
229 1857 414 1893 agnoscimus.
445 1856 574 1890 Quamvis
602 1855 688 1883 multo
718 1855 885 1891 splendidior

100 1905 160 1940 ejus
176 1904 264 1940 gloria
280 1904 306 1931 in
321 1911 392 1931 novo
418 1903 555 1931 refulserit
569 1913 575 1930 :
593 1902 639 1930 ubi
656 1901 775 1938 Virginis
788 1901 883 1935 Filius,

101 1950 231 1977 Ecclesia:
257 1953 339 1977 castae
356 1948 471 1985 virginis
491 1956 626 1984 sponsus,
650 1946 834 1984 virginitatem
858 1953 885 1976 et

101 1997 227 2024 doctrina
239 2000 265 2024 et
275 1996 399 2031 exemplo
423 2003 473 2024 suo
495 1995 640 2031 gloriosius
656 1995 826 2023 consecravit
839 2003 846 2021 :
858 1999 886 2023 et

101 2042 249 2078 Apostolus
266 2041 328 2077 περὶ
347 2042 488 2076 ἰσαγγέλου
499 2041 639 2073 ’πολιτείας
649 2049 728 2068 suum
740 2041 884 2070 consilium

102 2089 209 2124 prolixe
221 2087 371 2115 Corinthiis
389 2087 416 2114 in
434 2086 585 2122 lEpistola,
601 2093 662 2121 cap.
684 2093 734 2118 vn,
749 2085 883 2123 exposuit.

106 2133 299 2169 Virginitatem
312 2132 411 2160 deinde
432 2133 555 2168 sequitur
578 2132 716 2163 viduatus,
733 2135 765 2159 ut
778 2131 886 2159 Tertul-

927 204 990 231 dum
1006 203 1122 231 videtur.
1136 202 1166 229 Ι).
1180 201 1361 237 Hieronymus
1380 200 1494 236 epistola
1515 199 1549 226 ad
1569 198 1708 226 Salvinam
1740 220 1743 221 ν

911 248 966 276 ‘De
980 247 1105 275 viduitate
1115 247 1254 280 servanda,
1279 247 1351 274 hunc
1371 244 1493 280 Apostoli
1517 244 1608 272 locum
1623 243 1709 279 expli-

927 300 1005 324 cans,
1021 293 1055 320 de
1069 292 1182 328 collegio
1195 292 1246 325 vel,
1266 296 1296 318 ut
1324 298 1397 318 nunc
1417 290 1564 324 loquimur,
1589 289 1709 324 hospitio

928 338 1069 365 viduarum
1085 338 1194 372 accipit,
1211 344 1272 372 qua:
1286 337 1401 372 publicis
1415 337 1541 364 Ecclesiae
1556 335 1710 370 sumptibus

928 384 1071 430 alebantur;
1087 393 1093 410 :
1107 383 1184 415 Illas,
1199 383 1297 418 inquit,
1322 383 1376 410 vult
1403 382 1527 410 Ecclesia:
1546 382 1638 417 opibus
1650 389 1711 408 sut-

929 429 1034 461 tentari,
1058 427 1116 464 quin
1132 430 1244 463 propriis
1260 429 1380 456 manibus
1396 437 1448 456 non
1461 432 1555 463 queunt
1566 427 1688 454 laborare
1700 434 1710 453 .'

928 483 986 509 qua
996 483 1052 502 vere
1076 475 1163 502 vidua:
1176 480 1247 506 sunt,
1263 484 1328 510 quas
1342 481 1366 502 et
1384 479 1451 503 tetas
1476 475 1570 509 probat
1592 479 1616 502 et
1644 474 1708 501 vita.

930 520 983 548 Sed
999 529 1093 549 vereor
1105 525 1135 548 ut
1153 522 1276 556 Apostoli
1305 529 1382 550 mens
1407 522 1440 549 ad
1457 522 1542 550 solam
1559 521 1629 548 banc
1644 529 1711 557 pau-

929 575 1022 603 perum
1051 572 1078 595 et
1092 571 1171 595 aetate
1198 568 1383 596 confecturum
1409 567 1552 596 viduarum
1571 572 1710 596 sustenta-

929 614 1030 642 tionem
1054 615 1182 651 restringi
1196 616 1293 651 possit.
1315 615 1382 643 Nam
1400 616 1554 644 ministerio
1582 615 1712 643 Ecclesia

929 661 1075 690 virtutibus
1086 665 1113 690 et
1124 666 1202 690 relate
1218 663 1344 697 probatas
1368 662 1430 698 eligi
1449 662 1603 698 praalioique
1618 662 1712 690 solitas

929 707 972 734 vel
982 707 1048 734 illud
1061 711 1221 743 argumento
1237 712 1290 740 est,
1303 708 1375 744 quod
1397 702 1493 736 viduas
1518 709 1579 736 illas
1595 708 1710 743 primum

930 753 1035 781 discere
1046 753 1123 789 jubet
1138 754 1294 789 Apostolus,
1314 754 1361 790 qui
1372 755 1507 789 propriam
1523 754 1632 782 domum
1643 754 1712 781 bene

931 804 1024 836 regant
1041 811 1047 827 :
1062 801 1279 828 Μανθανέτωσαν
1305 802 1422 838 πρῶτον,
1444 801 1531 837 inquit
1550 821 1558 832 ,
1578 801 1622 827 τὸν
1648 801 1712 827 ἴδιον

932 844 1004 873 οἷκον
1020 847 1150 875 εὐσεὸεῖν.
1168 847 1288 875 Similem
1305 848 1377 875 enim
1396 848 1494 883 publici
1511 848 1632 876 muneris
1650 847 1714 883 πρό-

933 901 1030 929 πειραν
1043 893 1071 920 in
1081 893 1209 928 episcopo
1226 894 1305 929 paulo
1320 898 1381 921 ante
1395 893 1482 921 eidem
1501 893 1643 921 Timotheo
1657 897 1714 919 tra-

933 939 982 970 dit,
999 941 1099 966 rectam
1116 939 1221 967 scilicet
1235 939 1345 974 privatae
1355 939 1463 966 familiae
1476 939 1712 974 gubernationem.

933 985 986 1014 Sed
998 985 1063 1021 quid
1081 985 1241 1013 circuitione
1254 993 1322 1020 opus
1337 989 1389 1018 est,
1407 993 1470 1012 cum
1490 990 1517 1013 et
1526 985 1630 1020 privata
1648 993 1714 1011 san-

933 1036 1038 1060 ctorum
1052 1032 1173 1064 Patrum,
1190 1036 1217 1060 et
1231 1032 1338 1067 publica
1353 1032 1531 1059 conciliorum
1552 1032 1714 1059 auctoritate

932 1077 1134 1114 ἀναντιρρήτως
1146 1077 1287 1105 evincatur
1310 1077 1406 1105 viduas
1418 1077 1462 1104 hic
1473 1078 1507 1104 ab
1530 1077 1660 1112 Apostolo
1671 1077 1714 1104 in-

932 1124 1017 1159 telligi
1047 1124 1174 1152 mulieres
1201 1123 1262 1152 illas
1293 1130 1361 1158 quas
1389 1131 1404 1150 a
1428 1122 1600 1150 ministrandi
1627 1122 1715 1151 officio

933 1170 1019 1198 Graeci
1039 1170 1188 1203 διακόνους,
1217 1169 1307 1196 Latini
1337 1169 1419 1196 etiam
1446 1169 1602 1203 ministras,
1635 1172 1663 1195 ut
1680 1176 1714 1196 ex

933 1215 1012 1243 Plinii
1024 1215 1146 1244 Junioris
1164 1215 1265 1243 celebri
1288 1215 1333 1242 illa
1350 1215 1384 1243 de
1409 1214 1571 1243 Christianis
1598 1214 1713 1250 epistola

932 1265 1049 1293 constat,
1065 1265 1091 1289 et
1101 1261 1270 1289 diaconissas
1284 1261 1471 1297 appellarunt?
1485 1260 1522 1288 De
1537 1261 1635 1296 quibus
1647 1260 1716 1296 Apo-

932 1308 1019 1336 stolus
1029 1307 1150 1336 disertim
1166 1311 1237 1340 ante,
1257 1308 1304 1335 sed
1319 1307 1413 1342 paucis
1436 1307 1595 1336 meminerat
1609 1315 1669 1342 cap.
1685 1315 1714 1334 ιιι

933 1353 1052 1389 ejusdem
1066 1353 1202 1389 Epistolte.
1220 1353 1286 1380 Nam
1310 1353 1356 1381 ubi
1372 1353 1405 1381 de
1431 1353 1553 1381 diaconis
1568 1353 1723 1388 probandis,

933 1399 1168 1435 suscipiendisque
1178 1400 1243 1435 agit,
1269 1399 1408 1434 subjungit
1427 1403 1474 1426 aut
1489 1398 1647 1434 interjungit
1671 1406 1716 1433 po-

932 1446 996 1478 tius,
1008 1446 1143 1477 Γυναῖκας
1151 1445 1281 1477 ὡσαύτως
1291 1445 1402 1481 σεμνάς,
1419 1449 1484 1476 etc.,
1494 1444 1614 1471 mulieres
1625 1444 1717 1470 simili-

934 1499 973 1520 ter
984 1493 1165 1528 pudicas,etc.;
1174 1493 1317 1524 Γυναῖκας,
1328 1491 1415 1526 inquit
1423 1491 1443 1518 G
1449 1499 1534 1518 rzecus
1542 1491 1714 1523 scholiastes,

933 1540 963 1566 οὐ
977 1540 1025 1572 τὰς
1035 1539 1204 1576 οἱασδήποτε,
1218 1539 1284 1566 ἀλλὰ
1292 1539 1341 1571 τὰς
1356 1539 1504 1570 διακόνους⁸
1515 1537 1575 1564 Νοη
1589 1546 1717 1573 quascun-

933 1591 991 1618 que,
1008 1583 1107 1618 inquit,
1121 1584 1241 1611 mulieres
1256 1583 1390 1618 intelligit,
1411 1583 1456 1610 sed
1471 1583 1645 1609 diaconissas.
1661 1582 1717 1610 Cur

935 1627 1006 1654 enim
1017 1627 1088 1655 inter
1099 1628 1213 1656 clericos
1229 1628 1386 1661 quarumvis
1414 1628 1447 1655 de
1467 1627 1547 1662 vulgo
1570 1627 1715 1654 mulierum

934 1673 1097 1702 mentionem
1111 1674 1255 1709 injiceret?
1270 1673 1363 1708 Neque
1386 1673 1465 1700 aliter
1481 1673 1513 1700 D.
1535 1673 1716 1709 Hieronymus

935 1720 963 1747 in
976 1720 1129 1748 Comment.
1156 1720 1189 1748 ad
1204 1719 1277 1747 hunc
1291 1720 1390 1747 locum.
1413 1720 1548 1752 Mulieres,
1567 1720 1666 1755 inquit,
1679 1721 1717 1747 si-

935 1766 1033 1793 militer
1041 1770 1070 1793 ut
1081 1766 1204 1793 diacones
1216 1766 1277 1801 eligi
1293 1765 1377 1800 jubet.
1392 1765 1465 1793 Unde
1475 1766 1635 1801 intelligitur
1648 1766 1716 1802 quod

935 1811 966 1838 de
979 1811 1019 1839 Ιιιέ
1035 1811 1107 1838 dicat
1123 1820 1188 1847 quas
1200 1811 1285 1838 adhuc
1299 1811 1374 1838 hodie
1383 1811 1411 1838 in
1429 1811 1534 1838 Oriente
1550 1811 1716 1839 diaconissas

936 1857 1079 1892 appellant.
1095 1857 1211 1892 Apparet
1222 1865 1286 1893 ergo
1296 1857 1426 1885 διακόνων
1440 1864 1539 1884 nomen
1548 1877 1555 1889 ,
1574 1857 1718 1892 utriusque

937 1911 1018 1931 sexus
1028 1903 1153 1938 personis
1164 1903 1524 1931 Ecclesiaavministrantibus
1540 1903 1567 1930 in
1579 1903 1630 1931 hoc
1644 1903 1717 1938 Δρο-

935 1949 997 1977 stoli
1015 1950 1075 1977 loco
1086 1957 1147 1978 esse
1160 1956 1304 1977 commune
1320 1957 1326 1975 :
1343 1949 1416 1984 quod
1429 1949 1457 1976 in
1471 1949 1608 1981 διακόνους
1624 1953 1650 1977 et
1661 1949 1718 1976 δια‹

936 1996 1061 2027 κονίσσας
1072 2001 1164 2031 postea
1186 1995 1344 2023 distinctum
1369 1995 1427 2023 fuit.
1453 1995 1539 2023 Hasce
1554 2000 1644 2023 autem
1659 1996 1718 2023 dia-

936 2043 1070 2074 conissas,
1085 2042 1229 2069 viduarum
1254 2049 1362 2078 quoque
1382 2042 1493 2070 nomine
1504 2050 1519 2069 a
1535 2041 1565 2068 D.
1578 2041 1662 2069 Paulo
1676 2043 1718 2069 in-

936 2088 1019 2123 telligi
1046 2091 1162 2115 testatur
1189 2087 1259 2116 idem
1289 2088 1479 2124 Hieronymus,
1505 2088 1551 2123 qui
1579 2088 1612 2115 ad
1636 2088 1717 2115 verba

936 2133 1059 2168 Apostoli
1075 2133 1109 2161 de
1117 2133 1204 2161 vidua:
1216 2134 1357 2166 electione,
1373 2133 1413 2161 sic
1429 2136 1522 2161 notat:
1537 2133 1612 2160 Tales
1637 2134 1717 2160 voluit

105 2181 166 2208 liani
182 2187 250 2207 voce
266 2183 338 2210 utar,
350 2179 407 2206 sive
417 2179 484 2206 ordo
499 2178 652 2211 viduarum,
670 2185 729 2213 quae
756 2181 815 2213 post
832 2178 888 2213 pri-
903 2186 925 2214 υ
937 2180 999 2215 eligi
1017 2179 1179 2207 diaconissas
1210 2189 1268 2215 qua:
1299 2180 1418 2207 omnibus
1445 2185 1530 2207 essent
1558 2180 1715 2214 exemplum.

104 2234 162 2253 mas
179 2225 299 2260 nuptias,
320 2224 387 2254 sive.
402 2228 431 2251 ut
454 2224 524 2252 idem
550 2223 733 2251 Tertullianus
757 2223 884 2258 loquitur,

104 2275 165 2308 post
179 2277 263 2298 unum
281 2269 484 2297 matrimonium
499 2270 688 2304 interceptum,
701 2269 798 2296 exinde
809 2269 884 2297 sexui

104 2321 130 2344 ct
141 2316 243 2344 smeulo
273 2316 477 2343 renuntiabant.
505 2315 544 2343 De
573 2316 614 2343 his
628 2323 737 2350 quoque
764 2315 885 2350 Apostoli

105 2367 268 2398 praeceptum
281 2366 370 2389 exstat
384 2361 417 2389 ad
434 2361 604 2389 Timotheum
621 2361 704 2396 priori
716 2361 801 2396 Epist.
823 2368 883 2396 cap.

104 2417 131 2442 v,
144 2417 170 2436 v.
186 2409 224 2436 9:
248 2408 334 2434 Vidua
357 2408 472 2443 eligatur
487 2416 538 2434 non
555 2408 643 2434 minus
657 2415 786 2435 annorum
809 2415 887 2434 sexa-

103 2455 186 2490 ginta.
204 2454 264 2487 Quo
279 2454 342 2481 loco
362 2453 508 2488 Apostolus
519 2457 546 2481 et
567 2453 681 2480 virtutes
697 2453 723 2480 in
745 2452 827 2480 vidua
843 2460 887 2480 re-

105 2501 222 2537 quisitas
240 2504 374 2532 recenset,
388 2504 415 2527 et
430 2504 536 2527 aetatem
554 2505 682 2535 praeterea
696 2499 826 2534 eligendae
842 2499 887 2526 de-

107 2548 174 2575 finit.
195 2547 249 2575 Sed
265 2547 309 2574 cui
324 2546 381 2579 lini,
396 2546 439 2573 cui
455 2546 541 2581 operi,
567 2546 610 2574 cui
633 2546 785 2574 ministerio
802 2546 886 2582 elige-

107 2594 201 2621 batur?
216 2592 383 2620 Sclxoliasles
394 2592 515 2624 Graecus,
533 2592 579 2627 qui
595 2593 621 2619 in
644 2592 703 2620 aliis
727 2599 839 2619 succum
860 2595 887 2619 et

108 2639 239 2667 medullas
266 2638 316 2666 SS.
344 2638 455 2666 Patrum
473 2638 600 2666 exhibere
617 2638 695 2670 solet,
719 2638 817 2665 dubius
836 2637 887 2665 hae-

107 2693 166 2713 rere
179 2685 288 2712 videtur
300 2694 307 2711 :
322 2685 389 2711 Φασὶ
398 2685 427 2712 δὲ
434 2684 483 2717 τὰς
496 2685 535 2716 εἰς
550 2683 580 2710 τὸ
592 2684 705 2719 χηρικὸν
718 2684 886 2719 τεταγμένας

108 2731 205 2764 λέγειν·
218 2730 310 2763 Aiunt,
328 2730 425 2766 inquit,
443 2729 598 2766 Apostolum
622 2730 692 2765 loqui
717 2729 748 2757 de
764 2730 817 2757 illis
829 2738 887 2765 qua?

109 2778 142 2803 ad
156 2776 309 2804 viduitatem
324 2776 452 2804 ordinatae
462 2780 547 2804 erant.

144 2821 195 2851 Sed
208 2822 271 2858 quid
287 2823 344 2858 ipse
356 2822 514 2851 scholiasles
528 2829 575 2858 per
587 2823 619 2850 τὸ
632 2821 741 2857 χηρικόν
757 2821 887 2857 intelligat

938 2224 1065 2253 Testatur
1076 2232 1103 2253 et
1115 2226 1282 2262 Epiphanius
1294 2227 1322 2253 in
1339 2226 1585 2262 Collyridianorum
1601 2226 1695 2254 haeresi
1707 2246 1713 2257 ,

936 2278 996 2306 cap.
1016 2271 1043 2304 4,
1056 2272 1101 2299 ubi
1117 2272 1316 2300 observandum
1332 2276 1433 2303 monet,
1448 2272 1478 2298 τὸ
1494 2272 1715 2308 ἐκκλησιαστικὸν

936 2317 1041 2353 τάγμα,
1067 2317 1184 2344 ordinem
1205 2317 1428 2350 ecclesiasticum,
1451 2325 1506 2345 non
1534 2318 1605 2345 ultra
1630 2317 1717 2345 diaco-

937 2365 1028 2392 nissas
1042 2363 1166 2396 extendi;
1179 2363 1281 2390 addens
1292 2373 1298 2390 :
1308 2363 1401 2398 Χήρας
1412 2371 1441 2388 τε
1451 2362 1586 2397 ὠνόμασε,
1599 2364 1645 2389 καὶ
1658 2363 1719 2390 ’νού-

937 2417 990 2436 των
1014 2409 1064 2441 τὰς
1089 2409 1128 2435 ἐτι
1151 2409 1302 2444 γραοτέρας
1323 2406 1523 2444 πρεσϐύτιδας,
1555 2408 1673 2443 οὐδαμοῦ
1691 2409 1719 2435 δὲ

938 2454 1149 2490 πρεσϐυτερίδας
1167 2454 1182 2489 ἢ
1203 2453 1332 2489 ἰερίσσας.
1363 2453 1447 2486 Quas,
1465 2452 1563 2487 inquit,
1575 2452 1718 2486 Apostolus

937 2500 1017 2526 etiam
1033 2500 1123 2527 viduas
1139 2499 1287 2534 appellavit,
1303 2507 1442 2535 earumque
1455 2503 1532 2526 male
1545 2499 1718 2534 provectiores

938 2544 1118 2580 πρεσϐύτιδας
1133 2544 1202 2581 [sive
1220 2544 1357 2580 seniores],
1370 2552 1499 2579 nusquam
1511 2548 1597 2571 autem
1609 2543 1717 2579 presby-

939 2590 1036 2618 teridas
1049 2591 1087 2618 vel
1101 2590 1300 2618 sacerdotium.
1313 2590 1373 2623 Quo
1385 2590 1645 2626 teloCollyridianas
1655 2589 1720 2625 Epi~

939 2636 1055 2672 pbanius
1079 2636 1194 2671 jugulat,
1216 2644 1276 2671 quae
1297 2637 1355 2664 suis
1371 2637 1423 2664 sibi
1437 2636 1542 2663 maritis
1556 2636 1718 2671 conjunctaz,

938 2683 990 2710 hoc
1014 2687 1065 2715 est,
1082 2682 1194 2717 ἕνγαμοι
1208 2683 1256 2709 καὶ
1269 2682 1407 2718 ὕπανδροι,
1424 2681 1554 2710 efferendi
1575 2690 1675 2710 munus
1692 2683 1719 2710 in

938 2729 1062 2757 Ecclesia
1076 2729 1158 2764 impie
1172 2729 1224 2757 sibi
1241 2729 1414 2765 arrogabant.
1427 2728 1496 2756 Cum
1511 2728 1658 2764 Apostolus
1679 2729 1721 2756 ul—
1741 2728 1754 2758 ἶ,

940 2780 981 2802 tra
999 2775 1182 2808 diaconatum,
1204 2774 1328 2804 altiorem
1340 2774 1452 2810 gradum
1466 2773 1574 2802 feminis
1590 2774 1617 2801 in
1632 2773 1721 2802 Eccle-

941 2820 1044 2848 siarnon
1063 2820 1239 2854 concesserit,
1268 2827 1384 2856 eumque
1411 2828 1467 2848 non
1495 2819 1657 2855 coniugatis,
1673 2819 1719 2847 sed

1739 2545 1756 2564 γε)

1736 2572 1754 2611 ,ἱ

1742 2609 1752 2641 Ξ

1736 2657 1753 2692 il
