1909 3069
235 110 288 138 533

759 110 788 136 S‘.
810 108 1017 136 ALEXANDER
1037 107 1315 137 ALEXANDRINUS.

1788 111 1846 138 556

234 168 326 196 vid‘uls
337 168 450 195 voluerit
465 167 593 194 conferri.
609 167 666 199 Quo
691 167 749 194 loco
767 166 933 201 Epiphanius
956 165 1009 193 olli-
1022 167 1046 195 Α
1060 165 1227 199 virginitatis.
1257 164 1341 193 Pudet
1356 165 1451 196 dicere,
1469 165 1565 200 inquit,
1576 166 1641 200 proli
1653 166 1747 201 nefas!
1760 169 1843 201 triste,

236 215 309 242 cium
322 213 537 240 diaconissarum
564 212 712 239 luculenter
722 212 861 243 describit,
880 212 918 238 uti
933 213 1014 239 etiam

235 259 262 287 in
281 259 450 294 Expositione
460 258 679 293 ,‘ideicatltolicat.
695 265 775 292 quam
794 258 868 292 operi
885 257 1015 285 adversus

236 306 353 333 haereses
369 305 516 339 subjunxit.
536 303 585 331 Ubi
613 307 640 331 et
655 303 706 331 hoc
727 303 844 333 additur.
862 311 893 330 ex
907 311 960 337 quo
973 311 1015 338 ge-

234 358 300 378 nere
316 350 368 385 legi
383 353 410 378 et
426 351 453 377 in
468 350 596 377 Ecclesiae
615 348 794 376 ministerium
811 348 932 383 adoptari
948 356 1015 375 con-

234 397 394 426 sueverint:
422 396 598 427 Diaconissaz,
632 395 729 429 inquit,
761 394 828 420 Itane
857 399 957 420 tantum
986 394 1014 420 in

234 453 310 472 nsum
324 443 529 474 constituuntur,
543 446 570 468 ut
587 441 737 468 mulieribus
749 441 849 467 decoris
858 446 881 467 et
891 441 1014 467 honesta—

233 491 266 517 tis
281 498 362 517 causa
378 490 521 516 inserviant
532 508 539 520 ,
561 487 605 515 ubi
620 488 646 513 id
663 487 804 514 necessitas
822 487 939 521 requirit.
956 487 1014 514 Sive

232 545 292 563 cum
310 536 434 570 baptismi
455 535 559 561 lavacro
579 533 726 564 initiandw,
744 533 797 559 sive
815 540 907 567 corpus
923 541 1014 559 earum

230 581 419 616 inspiciendum
435 582 488 607 sit:
502 581 548 606 καὶ
564 578 641 606 αὗται
661 579 689 605 δὲ
707 580 1013 614 μονόγαμοιὲγκρατευ-

232 627 358 662 σάμεναι·
374 631 484 659 suntque
499 626 563 655 illm,
582 625 679 659 inquit,
695 625 805 651 univirae
828 624 1012 651 continentiam

231 673 397 708 professterii
406 672 572 707 χηρεὺσασαι
582 671 635 697 ἀπὸ
645 671 823 706 μονογαμὶας,
835 671 873 697 vel
882 675 939 704 post
948 679 1013 698 unas

234 718 338 750 nuptias
354 717 454 748 vidua’;
467 717 483 752 ἢ
505 717 686 753 ἀειπάρθενοι,
700 717 739 743 vel
753 722 880 751 perpetua:
892 717 1010 751 uirgines.

236 763 286 791 Ubi
298 764 349 790 tria
360 766 534 790 recensentur
543 762 789 789 sanctimonialium
801 770 909 796 genera,
917 770 949 789 ex
957 763 1013 796 qui-

234 810 286 837 bus
296 807 508 836 diaconissarum
520 806 587 841 ordo
601 807 744 834 constabat
756 816 762 833 :
779 807 879 841 primas.
895 807 1013 841 virgines

235 856 294 884 sine
309 854 480 881 matrimonio
500 861 515 880 a
537 853 684 887 nativitate;
702 853 837 883 secundae.
855 853 973 887 virgines
987 854 1013 880 in

234 900 406 928 matrimonio
416 908 448 927 ex
457 907 590 927 consensu
600 900 638 926 vel
647 899 786 931 condicto;
799 899 906 925 tertiqu
917 907 1012 934 genus,

233 947 320 974 viduas
336 940 503 979 continentes
516 950 576 980 post
590 946 706 979 primum
716 944 917 971 matrimonium
929 952 960 972 ex
970 952 1014 971 ar-

232 993 312 1020 bitrio
323 1001 328 1018 :
341 996 370 1018 ut
387 992 569 1019 Tertullianus
580 992 607 1019 in
617 991 804 1018 Exhortatione
821 991 949 1018 castitatis
960 991 1014 1017 ele-

231 1044 326 1075 ganter
335 1040 486 1074 distinguit,
495 1043 521 1066 et
528 1038 723 1066 Tertullianum
732 1042 840 1064 secutus
847 1036 876 1064 D.
885 1036 1014 1072 Hierony-

232 1093 293 1112 mus
310 1086 336 1112 in
351 1086 463 1120 epistola
477 1086 509 1112 ad
521 1085 700 1120 Agerucliiam
716 1084 753 1110 De
770 1083 943 1118 monogamia.
959 1082 1012 1110 Ve-

232 1138 304 1163 rum,
313 1131 481 1166 utprincipio
489 1131 554 1163 dixi,
563 1139 623 1158 cum
633 1131 749 1157 maxima
755 1128 945 1164 hujusordinis
951 1135 1012 1163 pars

232 1185 263 1204 ex
279 1178 367 1204 viduis
384 1181 530 1208 constaret,
548 1177 635 1204 vidum
644 1180 670 1203 et
680 1175 840 1203 diaconisste
858 1176 1012 1210 promiscuo

232 1223 318 1251 ierme
334 1224 444 1251 nomine
464 1223 573 1250 fuerunt
590 1223 739 1257 appellatae.
766 1221 804 1249 Ita
823 1221 937 1248 Basilius
954 1220 1010 1248 Ma-

231 1276 303 1304 gnus
318 1269 345 1296 in
360 1268 476 1303 epistola
491 1268 623 1295 canonica
650 1267 683 1293 ad
706 1267 934 1302 Amphilochium,
950 1274 1009 1301 cap.

231 1314 266 1341 24
285 1324 290 1340 ;
313 1313 422 1340 Viduam
434 1321 492 1347 quae
506 1314 533 1339 in
544 1312 682 1339 viduarum
701 1320 836 1338 numerant
863 1313 947 1338 relata
961 1314 1020 1343 est,‘

232 1360 283 1386 hoc
292 1365 344 1391 est,
356 1368 413 1394 qua:
427 1359 459 1386 ab
472 1359 590 1386 Ecclesia
603 1360 629 1385 in
646 1359 813 1385 diaconatum
830 1363 948 1392 suscepta
961 1363 1010 1389 est,

232 1405 331 1431 censuit
354 1404 493 1439 Apostolus
518 1404 653 1431 nubentem
681 1405 787 1437 despici.
809 1403 860 1431 Sed
889 1403 1009 1430 omnium

233 1449 385 1476 clarissime
396 1449 504 1476 concilii
521 1448 687 1484 Epaonensis
701 1457 788 1476 canon
804 1449 949 1476 vicesimus
959 1449 1012 1482 pri-

232 1503 294 1522 mus
304 1495 426 1522 ordinem
442 1496 513 1523 hunc
522 1496 550 1523 in
562 1495 682 1524 Ecclesia
691 1496 824 1530 abrogatis
839 1504 845 1522 :
866 1494 1010 1521 Viduarum

232 1541 330 1576 inquit,
363 1542 593 1574 consecrationem,
613 1550 678 1576 quas
705 1541 829 1567 diaconus
853 1545 956 1572 coeant,
978 1539 1009 1565 ab

232 1587 303 1614 omni
328 1587 429 1622 regione
454 1593 544 1615 nostra
563 1588 663 1621 penitus
686 1586 853 1621 abrogamus.
882 1584 1010 1618 Quamvis

229 1633 286 1667 jam
302 1637 364 1660 ante
377 1633 577 1660 Arausionense
606 1632 723 1668 primum
749 1631 906 1661 sustulerat,
931 1630 1010 1665 cujus

232 1678 394 1705 sententiam
411 1683 506 1713 praeter
520 1678 687 1713 Epaonense,
716 1677 797 1703 etiam
816 1676 1010 1703 Aurelianense

231 1724 381 1752 secundum
397 1724 576 1752 continuavit.
589 1724 717 1757 Quamvis
734 1731 767 1750 ex
783 1722 871 1750 verbis
896 1722 927 1748 υ.
951 1721 1011 1749 Hie-

232 1770 338 1806 ronymi
356 1771 436 1805 paulo
457 1775 519 1798 ante
543 1770 642 1802 allatis,
674 1770 701 1797 in
715 1769 810 1796 Latina
830 1768 950 1795 Ecclesia
967 1768 1010 1794 vcl

232 1824 369 1851 nunquam
382 1820 528 1851 receptum,
545 1816 586 1844 vel
598 1817 655 1851 jam
678 1815 828 1843 exolevisse
842 1814 915 1841 hunc
939 1813 1011 1840 ordi-

230 1870 292 1890 nem
304 1867 442 1899 appareat.

268 1908 398 1943 Superest
411 1908 520 1936 tertium
546 1907 690 1936 mulierum
707 1906 950 1934 ecclesiasticarum
963 1913 1010 1941 ge«

231 1961 294 1986 nus,
312 1962 368 1981 non
384 1954 522 1989 publicum
546 1953 621 1985 illud,
638 1952 685 1981 sed
708 1953 854 1987 privatum,
879 1953 902 1979 si
919 1955 1008 1978 tamen

231 2000 446 2028 ecclesiasticum
461 2000 515 2027 dici
540 1999 580 2027 las
606 2000 641 2027 sit
661 2007 746 2035 genus
767 1999 921 2031 mulierum,
936 1999 1008 2033 quod

231 2045 277 2072 ille
291 2045 324 2072 de
333 2046 532 2073 mathematicis
546 2046 593 2078 ait.
603 2045 715 2074 vetitum
728 2053 834 2080 semper
850 2045 875 2071 in
889 2044 1009 2072 Ecclesia

231 2098 391 2126 semperque
402 2096 545 2119 retentum.
561 2092 661 2125 Genus,
673 2093 793 2127 inquam,
812 2092 963 2122 mulierum,
981 2094 1009 2117 ut

232 2134 330 2168 reipsu,
352 2135 388 2162 ita
408 2140 435 2162 et
452 2136 561 2163 nomine
590 2136 732 2168 incertum,
749 2136 852 2164 varium
869 2143 900 2162 ac
915 2135 1008 2162 multi~

1064 210 1108 237 sed
1123 219 1208 237 verum
1223 215 1271 237 est.
1290 209 1362 236 Unde
1385 211 1410 236 in
1431 210 1564 237 Ecclesias
1582 217 1756 246 agapetarum
1766 216 1845 247 pestis

1064 257 1187 284 introiit?
1205 257 1277 283 Unde
1299 257 1355 283 sine
1379 258 1476 289 nuptiis
1501 258 1574 284 aliud
1598 267 1691 286 nomen
1711 262 1846 288 uxorum?

1064 305 1116 330 imo
1130 304 1197 329 unde
1219 311 1309 329 novum
1324 303 1530 331 concubinarum
1551 307 1653 339 genus?
1674 304 1747 332 Unde
1764 315 1845 333 mere-

1065 350 1140 376 trices
1158 349 1289 376 univirae?
1315 348 1412 375 Eadem
1428 349 1516 381 domo,
1547 359 1598 377 uno
1629 351 1761 383 cubiculo,
1777 360 1845 386 step:

1064 403 1115 422 uno
1135 398 1253 422 tenentur
1266 398 1291 420 et
1299 393 1405 426 lectulo,
1420 399 1444 421 et
1465 395 1624 429 suspiciosos
1640 404 1686 423 nos
1702 401 1807 429 vocant,
1823 399 1845 424 si

1063 440 1162 475 aliquid
1180 440 1343 467 extimemus.

1097 486 1176 513 Ridet
1200 490 1227 514 et
1251 486 1420 521 Cyprianus,
1441 487 1483 514 vel
1508 488 1632 522 quisquis
1656 495 1758 522 suppar
1778 496 1844 516 sane

1062 531 1195 567 Cypriane
1203 537 1296 558 alictor
1303 537 1343 559 cst
1359 533 1418 559 libri
1431 532 1466 559 De
1481 533 1664 567 singularitate
1675 534 1841 561 clericorum.

1064 577 1098 603 Et
1112 576 1206 608 adhuc,
1223 577 1319 611 inquit,
1334 577 1365 604 de
1379 577 1508 604 cltaritate
1521 583 1675 609 rausantur,
1689 579 1733 612 qui
1751 587 1842 605 secun-

1064 623 1126 650 dum
1140 623 1244 650 verbum
1261 623 1349 655 lsaitv,
1366 625 1568 650 amaritudinem
1584 633 1630 659 pro
1645 624 1782 652 dulcedine
1796 625 1840 651 de-

1063 674 1192 702 corantes,
1218 670 1314 696 nudam
1334 670 1477 704 foeditatem
1492 671 1633 697 velamento
1654 670 1714 697 boni
1729 671 1841 698 nominis

1064 719 1150 749 tegunt
1166 723 1174 741 :
1189 715 1251 742 dum
1265 716 1334 749 apud
1345 724 1387 742 eos
1401 715 1447 741 sub
1464 715 1535 749 falsa
1558 715 1696 742 dilectione
1720 724 1782 742 vera
1801 716 1841 741 di-

1065 763 1138 790 lectio
1153 764 1276 791 violatur.
1295 763 1386 798 Neque
1399 763 1512 790 dilectas
1528 767 1643 794 tantum,
1663 763 1710 790 sed
1721 767 1748 790 et
1766 771 1843 790 soro-

1065 816 1107 836 res
1122 809 1268 844 appellatas
1286 814 1392 836 constat
1408 817 1439 836 ex
1464 809 1597 844 Ancyrani
1613 809 1722 835 concilii
1738 816 1842 835 canone

1066 854 1108 885 18,
1123 855 1201 886 cujus
1213 855 1268 882 haec
1286 859 1349 882 sunt
1370 855 1449 882 verba
1463 865 1469 881 :
1484 855 1539 886 Τὰς
1550 854 1748 889 συνερχομένας
1771 862 1842 889 παρ-

1065 900 1156 932 θένους
1171 901 1248 933 τισὶν,
1266 901 1303 932 ὡς
1319 900 1435 934 ἀδελφὰς
1450 900 1636 935 ἐκωλύσαμεν·
1667 900 1785 935 Virgines
1804 909 1843 928 δο-

1064 955 1153 973 rorum
1180 947 1264 973 instar
1279 946 1433 981 quibusdam
1457 945 1635 973 eohabitanles
1663 946 1839 980 prohibemus.

1064 991 1209 1019 Testanlur
1233 992 1314 1019 etiam
1343 992 1518 1026 imperatores
1547 992 1680 1019 Arcadius
1702 996 1729 1019 et
1750 991 1840 1019 Hono-

1063 1041 1121 1068 rius
1133 1041 1183 1075 leg.
1201 1041 1244 1073 l9,
1260 1041 1320 1068 cod.
1332 1041 1368 1068 De
1382 1041 1506 1075 episcopis
1521 1046 1545 1068 et
1561 1041 1673 1068 clericis.
1703 1042 1784 1073 Eum,
1801 1043 1840 1069 in-

1063 1087 1131 1121 quit,
1145 1087 1189 1120 qui
1202 1086 1361 1120 probabilem
1380 1087 1476 1114 stcculo
1501 1086 1667 1121 disciplinam
1681 1088 1747 1121 agit,
1766 1087 1840 1114 deco-

1063 1132 1145 1158 lorari
1156 1133 1288 1164 consortio
1312 1132 1421 1159 sororitc
1435 1133 1617 1167 appellationis
1630 1141 1681 1159 non
1694 1133 1776 1160 decet.
1789 1134 1840 1160 Sed

1062 1176 1230 1211 frequentius
1258 1182 1299 1204 est
1322 1177 1514 1209 συνεισάχτων,
1543 1178 1599 1204 sive
1625 1177 1842 1205 subintroducta—

1062 1231 1122 1250 rum
1136 1230 1245 1254 nomen,
1261 1230 1314 1257 quo
1343 1222 1527 1249 Antiochenos
1543 1222 1617 1250 Pauli
1641 1221 1840 1252 Samosatcnsis

1062 1273 1088 1297 et
1097 1269 1161 1296 cleri
1179 1269 1252 1296 illius
1275 1273 1402 1304 agapetas
1417 1270 1474 1298 sive
1496 1269 1609 1296 dilectas
1631 1270 1840 1298 contubernales

1062 1322 1173 1342 vocasse
1189 1334 1196 1346 ,
1228 1319 1310 1342 lcstcs
1337 1318 1401 1342 sunt
1426 1315 1587 1342 Antiocheui
1612 1316 1720 1342 concilii
1747 1315 1840 1343 Patres

1062 1361 1132 1396 apud
1143 1361 1252 1392 Euseb..
1270 1361 1316 1388 lib.
1335 1369 1382 1393 vn,
1410 1368 1470 1396 cap.
1485 1361 1536 1388 24:
1555 1362 1624 1388 unde
1645 1369 1725 1396 porro
1737 1362 1764 1388 in
1781 1362 1840 1388 uni-

1062 1416 1140 1435 versa
1155 1407 1276 1434 Ecclesia
1285 1411 1424 1442 receptum
1437 1407 1554 1434 videtur.
1575 1407 1627 1434 Sed
1649 1412 1793 1442 antequam
1809 1416 1840 1435 ex

1062 1454 1113 1481 hoc
1127 1453 1286 1480 diverticulo
1298 1453 1325 1480 in
1340 1454 1410 1480 viam
1428 1453 1546 1485 redeam,
1565 1454 1683 1482 nominis
1699 1454 1803 1490 pariter
1811 1462 1841 1481 ac

1062 1498 1099 1526 rei
1113 1499 1242 1533 originem
1259 1498 1381 1533 pressius
1391 1499 1554 1534 investigare
1566 1499 1641 1530 libet,
1657 1506 1719 1526 cum
1728 1503 1841 1534 utraque

1059 1545 1137 1579 juxta
1153 1545 1179 1571 in
1198 1545 1314 1572 obscuro
1342 1546 1394 1573 sita
1418 1547 1463 1574 sit.
1498 1546 1531 1573 Et
1558 1546 1701 1574 Balsamon
1731 1547 1840 1582 quidem

1061 1591 1254 1617 commentario
1274 1591 1306 1618 ad
1329 1591 1346 1618 5
1361 1592 1470 1619 concilii
1496 1591 1597 1619 Nil-aeni
1616 1600 1761 1624 canonem,
1776 1593 1841 1629 Περὶ

1062 1636 1151 1670 μέντοι
1161 1636 1214 1662 τῶν
1226 1637 1417 1671 συνεισάκτων,
1433 1638 1531 1673 inquit,
1548 1638 1625 1672 λόγος
1639 1638 1722 1669 πολὺς
1734 1638 1841 1672 ἐγένετο

1060 1681 1130 1708 κατὰ
1141 1681 1282 1718 διαφόρους
1296 1682 1415 1718 καιρούς⁸
1435 1682 1473 1710 De
1496 1683 1712 1715 subintroductis,
1730 1683 1840 1710 diversis

1061 1729 1216 1762 temporibus
1234 1730 1326 1756 crebra
1347 1729 1418 1763 facta
1439 1734 1476 1756 est
1499 1730 1606 1761 mentio,
1628 1733 1655 1757 ct
1675 1730 1721 1757 alii
1732 1730 1840 1765 quidem

1060 1772 1185 1800 dixerunt
1196 1774 1353 1800 ἐπείσακτον
1373 1774 1414 1801 vel
1434 1775 1608 1801 συνείσαχτον
1624 1783 1685 1802 esse
1705 1775 1757 1810 τὴν
1783 1776 1841 1802 ἀντὶ

1059 1820 1173 1854 νομίμου
1197 1820 1321 1853 γυναικὸς
1348 1820 1564 1855 συνεισαχθεῖςαν
1595 1821 1641 1847 καὶ
1663 1821 1839 1847 συνοικοῦσάν

1059 1871 1111 1889 τινι
1128 1864 1272 1899 πορνικῶς,
1287 1873 1342 1899 qua:
1359 1865 1478 1899 legitimw
1491 1866 1580 1892 uxoris
1593 1866 1649 1893 loco
1664 1866 1841 1894 introducitur

1059 1912 1083 1934 et
1098 1909 1243 1935 meretricio
1264 1909 1431 1936 contubernio
1457 1911 1537 1937 alicui
1553 1910 1695 1938 coltabitat.
1709 1907 1768 1938 'Alii
1794 1919 1841 1938 au-

1059 1955 1158 1982 temita
1173 1956 1263 1982 vocari
1279 1955 1414 1988 dixerunt,
1431 1957 1519 1982 πᾶσαν
1535 1958 1650 1991 γυναῖκα.
1665 1957 1840 1984 συνοικοῦσάν

1059 2006 1110 2023 τινι
1126 1998 1267 2033 ἀλλοτρίαν
1281 1999 1396 2031 πάντως,
1408 2000 1458 2026 κᾶν
1472 2000 1623 2033 ἀνύποπτός
1635 2003 1702 2034 ἐστι,
1715 2003 1840 2037 quamvis

1059 2041 1198 2069 mulierem
1218 2042 1298 2070 alicui
1312 2044 1510 2071 cohabitanlem
1522 2065 1528 2077 .
1545 2045 1656 2072 omnino
1671 2045 1839 2081 extraneam,

1060 2088 1116 2114 sive
1133 2089 1207 2115 nullo
1224 2090 1364 2124 sanguinis
1377 2094 1422 2116 aut
1434 2091 1643 2119 necessitudinis
1661 2092 1839 2127 vinculojun-

1059 2135 1147 2165 clam,
1175 2134 1281 2161 etiamsi
1302 2134 1337 2161 ab
1361 2135 1434 2162 onmi
1460 2137 1614 2171 suspicione
1638 2138 1673 2172 sit
1699 2138 1837 2166 immunis.

230 2178 302 2213 plex.
329 2179 543 2208 Contubernales
563 2181 616 2209 illte
636 2182 814 2214 clericorum,
832 2189 919 2216 neque
943 2181 1006 2208 tecti
1023 2185 1044 2212 Ι)
1058 2178 1147 2213 Atque
1167 2181 1235 2206 hanc
1256 2181 1433 2215 posteriorem
1461 2184 1621 2209 sententiam
1642 2184 1681 2210 uti
1704 2185 1839 2211 veriorem

229 2224 372 2259 duntaxat,
384 2227 430 2254 sed
450 2228 550 2262 saepius
566 2228 646 2255 etiam
671 2228 732 2255 lecti
757 2228 847 2256 sociae.
860 2228 932 2261 Quas
950 2227 1007 2262 qui-

228 2270 290 2298 dem
304 2272 355 2306 ipsi
372 2277 499 2307 agapetas
514 2274 571 2301 sive
590 2274 713 2303 dilectas.
729 2279 756 2301 ct
769 2282 877 2302 sorores
893 2283 900 2302 :
916 2273 1006 2300 caeteri

229 2319 417 2351 συνεισάκτους
432 2321 471 2346 vel
487 2320 672 2352 ἐπεισάκτους,
685 2320 1007 2348 hoceslsubintroductas

227 2368 255 2392 et
285 2371 439 2396 extraneas.
471 2367 651 2401 appellabant.
681 2366 841 2401 Hujusmodi
878 2366 1006 2393 mulieres

228 2415 318 2442 omnis
341 2413 446 2441 ordinis
462 2414 553 2441 clerici
576 2414 632 2448 jam
657 2413 721 2440 olim
734 2414 760 2440 in
784 2412 855 2440 aedes
876 2412 1004 2446 recipere,

227 2469 328 2496 easque
361 2460 401 2487 vel
429 2459 548 2494 virgines
579 2459 784 2487 sanctimoniam
811 2458 947 2493 professas
974 2459 1005 2485 ad

228 2511 332 2537 mutua,
346 2512 375 2533 ut
389 2506 505 2537 aiebant,
520 2506 626 2540 pietatis
641 2506 748 2537 solatia,
766 2506 808 2532 vel
823 2505 933 2532 orbatas
963 2513 1007 2539 pa-

227 2552 352 2578 rentibus
373 2552 486 2587 puellas,
510 2552 677 2586 proindeque
705 2551 746 2585 pia
765 2556 790 2578 ct
807 2551 902 2585 pudica
917 2552 1006 2586 aliqua

228 2597 311 2624 tutela
331 2597 471 2628 fovendos,
490 2598 530 2623 vel
549 2597 653 2631 privato
672 2596 779 2623 familiae
793 2596 945 2631 domusque
960 2598 1006 2623 mi-

229 2643 343 2669 nisterio
357 2643 538 2673 necessarias.
554 2643 611 2670 sive
638 2643 786 2677 ingenuas,
804 2642 860 2669 sive
881 2642 1004 2669 ancillas.

229 2688 285 2715 Hoc
312 2695 467 2722 suspectum
484 2694 510 2717 et
526 2689 678 2723 pudendum
704 2688 928 2721 contubernium,
946 2695 1006 2723 spe-

228 2733 304 2761 cioso
329 2735 482 2770 dilectionis
503 2739 530 2762 et
558 2734 744 2769 germanitatis
770 2734 932 2762 Christianae
947 2734 1005 2761 velo

228 2778 401 2813 obtegebant.
434 2780 487 2807 Sed
512 2780 581 2808 ridet
605 2781 667 2808 vani
684 2781 803 2808 nominis
822 2780 912 2808 fucum
927 2780 1005 2807 divus

230 2823 408 2859 Hieronymus
431 2827 544 2860 cpistola
563 2827 595 2853 ad
620 2827 794 2854 Eustochium
824 2827 860 2853 De
886 2825 1005 2854 custodia

1060 2225 1165 2259 probat,
1182 2225 1261 2260 idque
1270 2227 1432 2254 auctoritate
1448 2229 1569 2262 epistolas
1586 2230 1725 2257 canonice
1741 2229 1773 2256 Ι).
1788 2229 1839 2256 Ba-

1060 2269 1113 2297 silii
1127 2269 1214 2304 Magni
1232 2270 1264 2297 ad
1290 2270 1448 2306 Gregorium
1474 2273 1671 2308 presbyterum,
1695 2281 1776 2308 quem
1794 2274 1839 2301 ille

1060 2316 1121 2343 licet
1136 2317 1303 2352 septuaginta
1318 2325 1450 2344 annorum
1459 2326 1548 2346 senem
1559 2319 1727 2353 ajuvencula
1742 2319 1838 2347 subin-

1060 2362 1193 2394 traducta,
1210 2362 1341 2390 intentata
1356 2364 1437 2390 etiam
1449 2365 1736 2393 excommunicationis
1745 2373 1836 2400 paena,

1060 2408 1179 2446 separari
1193 2409 1322 2443 prtecipit.
1345 2409 1429 2436 Multa
1454 2409 1481 2436 in
1510 2414 1654 2445 utramque
1675 2411 1837 2446 originatio-

1059 2462 1119 2481 nem
1131 2454 1218 2481 alierri
1230 2459 1339 2490 possent
1353 2455 1386 2483 de
1400 2456 1580 2489 ἐπεισάκτοις,
1596 2458 1653 2484 sive
1673 2458 1836 2484 introductis

1060 2501 1129 2535 apud
1141 2505 1244 2529 veteres
1259 2502 1427 2530 concubinis.
1445 2502 1481 2530 De
1492 2503 1589 2538 quibus
1605 2504 1687 2530 etiam
1712 2505 1835 2538 vulgatus

1060 2555 1144 2574 sacra:
1173 2547 1318 2582 Scriptura:
1343 2550 1476 2584 interpres
1495 2550 1541 2584 qui
1558 2549 1835 2584 superitttroductionis

1060 2602 1124 2621 voce
1141 2595 1226 2622 utitur
1236 2594 1334 2622 Genes.
1349 2604 1421 2628 xm,
1440 2604 1463 2621 ν.
1481 2596 1525 2622 50.
1545 2596 1627 2623 Multa
1645 2604 1756 2631 quoque
1773 2605 1836 2631 snp-

1059 2644 1179 2674 peterent.
1204 2642 1326 2675 exempla
1352 2642 1515 2675 optimorum
1544 2647 1709 2674 auctorum,
1735 2643 1835 2677 quibus

1056 2687 1225 2718 ἐπείσακτον,
1250 2695 1298 2721 pro
1322 2692 1434 2714 externo
1455 2688 1495 2714 vel
1511 2688 1651 2723 peregrino
1674 2692 1833 2723 usurpatum

1058 2734 1155 2760 docere
1168 2733 1238 2760 haud
1252 2733 1358 2760 dillicilc
1369 2734 1445 2767 foret,
1461 2734 1514 2760 nisi
1530 2734 1635 2768 longius
1648 2734 1704 2769 jam
1722 2738 1749 2760 et
1759 2740 1834 2761 extra

1058 2779 1130 2806 oleas
1146 2780 1323 2806 obcrrassem.
1337 2779 1389 2807 Sed
1405 2786 1434 2806 ut
1454 2787 1540 2807 meam
1555 2781 1588 2807 de
1602 2780 1770 2806 ἐπεισάκτων
1781 2780 1833 2807 ori-

1058 2826 1118 2860 ginc
1136 2825 1227 2860 paucis
1243 2826 1374 2860 explicent
1393 2827 1564 2860 sententiam,
1589 2826 1698 2853 tertium
1725 2833 1833 2861 quoque
