1909 3069
72 80 133 109 557

807 79 954 109 ΝΟΤΙΤΙΑ.

1642 82 1696 110 558

74 137 130 164 hoc
143 136 292 163 mulierum
309 135 366 163 sive
386 144 511 164 sororum
525 145 610 172 genus
626 137 784 171 κακοζηλίᾳ,
800 144 866 170 qua-
880 143 901 168 Α
914 133 1119 169 juvenrularuni
1132 133 1426 163 circumcursitationes
1444 135 1617 165 immodestas
1630 140 1692 165 Ale-

74 183 140 209 dam
163 182 284 217 apostoli
300 181 417 208 instituti
435 182 462 209 in
486 182 633 210 Ecclesiam
649 183 690 209 vel
711 183 799 217 potius
811 183 866 210 cle-

75 229 204 254 rit-Orum
237 228 310 254 aedes
341 228 486 262 irrepsisse
525 232 610 263 puto;
643 236 715 259 cum,
750 231 865 254 testante

76 271 110 299 D.
131 270 221 298 Paulo
233 270 243 297 l
257 271 290 298 ad
303 271 472 303 Corintlux,
486 273 512 304 5,
525 273 609 299 moris
628 271 707 298 fuerit
718 271 861 306 plerisque,

75 322 103 344 et
119 316 235 352 quidem
251 317 394 352 praecipuis
410 319 603 352 apostolorum,
619 318 732 352 eadem
748 319 862 351 γυναῖκα

75 362 236 397 περιάγειν,
246 371 362 390 sororem
376 364 557 391 mulierculam
567 362 767 390 circumducere.
777 362 862 396 Quem

77 409 171 435 locum
188 413 302 435 uxorata
319 409 508 436 haereticorum
528 409 678 437 ministeria
691 409 861 444 propudiosis

76 453 136 480 suis
159 453 297 488 conjugiis
325 454 426 482 frustra
442 455 601 482 obtendunt.
619 453 794 482 Constantem
814 455 861 481 nd-

75 506 177 526 versus
195 498 278 526 hosce
307 498 356 525 SS.
374 500 482 526 Patrum
512 499 682 530 sententiam.
702 498 860 526 Tertulliani

74 543 170 570 verbis
181 544 369 578 consignatum
380 544 494 579 accipite
504 553 510 571 :
523 543 582 570 Non
596 552 688 571 uxores
699 544 859 571 demonstrat

73 587 107 614 ab
133 589 266 623 apostolis
283 589 484 622 circumductus,
506 589 550 616 sed
565 590 718 624 simpliciter
739 590 857 616 mulieres

73 641 132 667 qua:
149 634 206 660 illis
221 633 309 660 eodem
320 635 437 661 instituto
448 643 496 668 quo
510 640 534 662 et
555 635 691 662 Dominum
705 636 857 663 comitantes

73 679 276 706 ministrabant.
293 679 337 706 Sic
355 680 398 708 ille
426 680 494 708 libro
523 680 562 707 De
578 682 750 716 monogamia.
767 681 858 716 Neque

73 725 155 751 aliter
175 724 329 760 Cyprianus
340 725 387 752 lib.
404 725 441 753 De
458 726 554 761 singnl.
572 727 670 757 deria,
687 727 855 760 Ambrosius,

72 773 100 796 et
124 769 233 797 Latinis
253 770 378 798 Patribus
409 771 586 806 astipulantes
613 771 716 804 Graeci,
741 772 857 808 Chryso-

73 820 194 847 stomus,
226 815 414 844 Theodoretus
430 821 456 844 et
476 817 586 845 Graccus
611 818 785 852 epistolarum
802 819 857 846 divi

72 859 151 887 Pauli
169 860 333 888 scholiastes
348 869 485 896 nunquam
502 869 549 897 pro
565 863 661 890 merito
670 863 736 890 satis
750 863 857 890 laudau-

71 905 135 938 dus,
156 906 224 933 dum
249 907 287 933 ait
307 916 314 933 :
332 907 364 934 At
392 907 500 943 εὔποροι
527 910 654 942 γυναῖκες
683 909 856 936 πιστεύουσαι

71 951 238 985 ἠκολούθουν
254 952 333 983 ἐνίοις
347 951 402 978 τῶν
415 953 578 985 ἀποστόλων,
593 955 631 985 εἰς
647 954 696 986 τὰς
706 955 856 989 ἀναγκαίας

71 997 162 1024 αὐτῶν
187 997 283 1032 χρείας
308 996 483 1033 χορηγοῦσαι,
500 998 537 1030 ὡς
557 999 653 1030 αὐτοὺς
675 999 765 1025 λοιπὸν
776 999 855 1031 ὄντας

71 1043 134 1078 περὶ
143 1042 240 1069 τούτου
252 1043 428 1078 ἀμερίμνους,
439 1043 557 1079 μόνῳτῷ
568 1044 725 1079 κηρύγματι
736 1046 855 1079 άπαοχο-

70 1087 185 1114 λείει-Θιι.
209 1088 265 1116 Hoc
280 1093 331 1121 est,
349 1088 456 1116 ditiores
478 1089 598 1116 mulieres
614 1090 702 1123 ﬁdeles
715 1090 853 1117 nonnullos

71 1134 206 1168 apostolos
218 1135 401 1168 sequebantur,
415 1139 530 1168 sumptus
544 1135 702 1162 necessarios
712 1135 774 1169 ipsis
790 1135 852 1161 sub-

72 1178 260 1210 ministrando,
277 1183 305 1205 ut
321 1179 362 1206 illi
373 1179 422 1205 hac
433 1187 496 1206 cura
519 1179 641 1210 liberati,
663 1180 713 1206 soli
724 1180 853 1213 prwdica-

72 1223 136 1249 tioni
149 1223 324 1250 attenderem.
348 1223 399 1251 Sed
417 1224 488 1258 quod
503 1224 535 1250 ad
558 1228 680 1252 nostrum
699 1225 852 1253 institutum

72 1268 143 1300 facit,
159 1269 267 1296 habetis
281 1270 324 1296 hic
338 1269 492 1305 religiosum
509 1271 666 1298 comitatum
681 1290 688 1302 ,
704 1275 730 1298 et
745 1271 852 1305 pietatis

70 1314 173 1347 glutine
203 1315 379 1349 coniunctum
409 1316 637 1349 contubernium;
663 1317 767 1344 habetis
790 1326 851 1344 11111--

70 1359 148 1386 lieres
166 1367 222 1387 non
239 1368 356 1389 uxores:
376 1360 480 1388 habetis
500 1362 632 1388 sororium
649 1362 699 1396 piae
714 1363 850 1397 gerntaui~

69 1403 130 1431 tatis
151 1403 280 1437 titulum;
310 1404 417 1433 habetis
447 1406 668 1433 circumducendi
690 1408 849 1434 vocabulum

68 1449 254 1483 apostolorum
279 1450 412 1487 περιόδοις
436 1452 651 1480 accommodum.
675 1452 724 1479 Cui
744 1453 769 1479 in
798 1454 849 1480 ﬁxa

67 1499 196 1530 certaque
205 1496 366 1524 clericorum
379 1499 591 1526 commoratione
607 1500 637 1526 τὸ
663 1501 830 1534 συνεισάγειν
839 1521 846 1533 ,

66 1541 117 1568 hoc
133 1545 177 1568 est
194 1549 246 1568 una
264 1549 355 1569 secum
374 1543 547 1571 introducere
564 1545 604 1572 vel
627 1546 847 1573 contubernalem

66 1587 177 1618 habere,
189 1587 261 1614 haud
276 1589 344 1616 male
357 1591 513 1624 respondet.
527 1590 594 1618 Nam
611 1595 637 1618 el.
655 1592 705 1619 hoc
722 1593 847 1627 loquendi

67 1634 147 1660 modo
165 1633 260 1661 Patres
275 1635 313 1661 illi
336 1635 495 1664 Antiocheni
510 1638 579 1672 apud
610 1638 754 1665 Eusebium
767 1643 847 1665 ututi-

68 1681 121 1710 tur,
131 1679 196 1705 dum
224 1687 283 1707 sese
305 1680 376 1706 haud
399 1681 522 1715 ignorare
546 1682 630 1714 aiunt,
657 1683 713 1709 ὅσοι
731 1683 782 1710 ὑπὸ
799 1682 845 1709 τοῦ

69 1723 238 1757 συνεισάγειν
251 1724 356 1756 ἑαυτοῖς
378 1727 493 1759 γυναῖκα
517 1727 652 1760 ἐξέπεσον,
671 1737 748 1762 quam
771 1728 846 1754 illiilli

68 1769 217 1801 ceciderint,
241 1769 304 1796 dum
318 1771 438 1797 mulieres
463 1772 513 1798 sibi
535 1773 703 1800 contubernio
720 1774 843 1808 jungunt.

69 1813 122 1842 Nec
134 1816 251 1843 absimili
272 1817 376 1843 ratione
401 1817 470 1844 idem
485 1818 632 1852 Apostolus
653 1819 686 1845 ad
710 1819 797 1846 Galat.
814 1827 843 1852 ιι,

69 1861 266 1897 παρεισάκτους
277 1862 481 1897 ψευδαδέλφους,
498 1863 548 1890 hoc
562 1868 604 1891 est
616 1864 693 1899 juxta
710 1865 844 1899 vulgatum

70 1907 254 1941 interpretem,
284 1907 494 1935 subintroductos
520 1909 602 1943 falsos
634 1909 730 1944 fratres
766 1909 842 1937 dixit.

70 1951 144 1979 Unde
159 1951 230 1978 haud
238 1952 319 1979 dubie
330 1953 357 1979 in
368 1952 462 1980 Latina
477 1953 596 1980 Ecclesia
608 1953 728 1985 inolevit,
740 1961 843 1979 συνεισ-

69 1998 164 2028 aueo;
193 2004 302 2032 quoque
332 2001 358 2024 et
387 1998 579 2031 ἐπεισάκτους,
610 1998 842 2031 subintroductas,

69 2049 150 2069 sacrae
168 2041 316 2076 Scriptura:
330 2050 395 2069 voce
406 2043 544 2078 appellari,
561 2051 628 2078 quas
649 2043 842 2070 cointroductas

69 2088 108 2115 vel
124 2087 334 2122 curerinductas,
351 2089 449 2116 rectius
461 2093 611 2116 vocassent.
629 2089 680 2116 Sed
690 2089 769 2116 redeo
783 2092 843 2116 tan-

916 179 1016 206 xander
1032 178 1082 205 hoc
1099 178 1158 205 loco
1176 178 1346 206 intellexerit.

948 225 1114 251 Profcrimus
1128 231 1200 250 nunc
1217 224 1329 258 gradum
1349 232 1409 251 cum
1422 225 1515 253 eodem
1528 227 1690 259 Alexandro.

913 270 959 304 qui
973 269 1088 296 Arianos
1101 268 1208 296 concilii
1224 269 1386 296 auctoritate
1407 271 1548 298 damnatos
1561 272 1695 300 circuisse

912 315 1015 342 vicinas
1045 315 1197 349 pr0vincias
1228 319 1254 340 et
1285 314 1478 342 catholicorum
1503 318 1690 352 episcoporum

912 361 1016 388 animos
1041 365 1159 388 tentasse
1181 360 1286 393 scribit,
1311 361 1428 395 σχήματι
1446 361 1495 395 μὲν
1516 363 1625 398 εἰρήνης
1644 365 1690 391 καὶ

911 406 1030 438 ἐνώσεως
1046 406 1156 438 ἀξίωσιν
1170 407 1409 442 ὑποκρινομένους.
1425 406 1502 439 Quod
1522 415 1583 435 cum
1607 409 1691 436 inter—

910 460 973 487 prcs
997 456 1088 480 uoster
1113 457 1209 484 vertat,
1235 453 1317 487 specie
1333 452 1436 486 quidem
1448 453 1520 487 pacis
1545 458 1568 480 et
1583 461 1690 481 concor-

909 498 960 523 dia:
977 497 1113 528 simulata,
1136 497 1235 524 veniam
1256 502 1340 531 petere
1353 504 1408 530 pra:
1428 505 1454 523 se
1470 497 1556 531 ferre;
1573 502 1688 525 mentem

908 543 968 576 ejus
993 542 1200 577 haudquaquam
1223 550 1265 568 me
1293 542 1446 576 perspicere
1468 542 1569 575 fateor,
1587 544 1623 570 uti
1640 551 1690 571 nec

907 588 1057 615 Camerarii
1078 588 1142 614 illud
1158 596 1164 613 :
1180 588 1291 615 Consilii
1304 589 1404 623 quidem
1416 590 1488 621 pacis
1501 594 1525 615 et
1543 590 1689 616 concordia:

907 635 990 668 specie
1005 634 1141 660 simulata.
1156 634 1272 666 Quinam
1296 634 1368 661 enim
1383 635 1462 661 nobis
1476 635 1688 667 persuadebunt,

906 679 1017 712 ἀξίωσιν
1034 679 1075 706 vel
1099 679 1185 706 venite
1212 679 1382 713 petitionem,-
1408 679 1449 705 vel
1481 679 1625 706 consilium
1642 683 1689 706 aut

907 724 957 751 hoc
974 725 1032 759 ipso
1054 729 1099 750 aut
1124 724 1220 758 quovis
1239 725 1291 752 alio
1314 724 1385 758 apud
1405 723 1513 751 Graecos
1541 725 1688 759 scriptores

909 770 968 796 loco
995 770 1171 804 signiﬁcare?
1195 769 1228 796 Et
1253 770 1276 797 si
1305 770 1346 797 vel
1375 769 1491 797 maxime
1513 770 1688 805 signiﬁcaret,

873 805 894 832 Β
907 816 1016 850 quinam
1029 816 1054 842 id
1069 816 1110 842 vel
1139 816 1177 842 rei
1194 815 1245 850 ipsi
1266 816 1306 842 vel
1321 815 1464 842 Alexandri
1489 817 1572 843 menti
1587 823 1688 844 conve-

908 861 966 888 nire
993 861 1110 896 poterit?
1138 861 1304 896 Epiphanius
1325 865 1403 888 vetus
1429 861 1573 895 interpres,
1601 862 1688 896 ﬁgura

904 909 976 942 pacis
985 913 1009 934 et
1024 908 1134 934 unitatis
1148 907 1301 942 dignitatem
1315 915 1342 933 se
1351 915 1469 934 exercere
1480 908 1591 942 ﬁngunt.
1614 907 1687 944 Sane

906 954 1015 986 ἀξίωσιν
1029 953 1184 988 dignitatem
1205 953 1359 987 signiﬁcare
1372 952 1469 979 Suidas
1480 953 1583 987 aliquot
1595 961 1688 981 exem-

905 999 956 1034 plis
970 999 1048 1026 docet
1065 1008 1071 1025 :
1090 1003 1115 1025 et
1125 999 1204 1033 vulgo
1217 998 1329 1027 Graecis.
1342 998 1366 1024 ot
1377 999 1421 1024 ἐπ’
1436 997 1583 1030 ἀξιώσεως,
1600 999 1645 1034 qui
1658 999 1686 1026 in

904 1044 1033 1079 dignitate
1047 1047 1110 1071 sunt
1124 1044 1274 1071 constituti.
1303 1043 1355 1070 Sed
1370 1043 1430 1077 quis
1445 1043 1585 1078 dignitatis
1605 1052 1684 1071 exer-

904 1090 995 1117 cendae
1011 1090 1086 1116 locus
1104 1089 1248 1116 erronibus
1275 1089 1335 1116 istis
1357 1090 1384 1115 in
1408 1089 1495 1116 aliena
1523 1090 1686 1124 prouincia?

904 1135 959 1170 Ego
975 1135 1086 1168 ἀξίωσιν
1102 1135 1153 1161 hoc
1169 1135 1228 1162 loro
1245 1134 1376 1170 βούλημα,
1392 1134 1459 1162 illud
1481 1135 1552 1169 quod
1567 1135 1684 1169 petimus

903 1188 935 1208 ac
948 1181 1127 1215 postulamus,
1144 1188 1190 1207 seu
1204 1181 1282 1207 linem
1299 1184 1326 1208 et
1339 1188 1449 1215 scopum
1465 1188 1519 1215 quo
1531 1180 1615 1208 tendit
1633 1189 1681 1207 vo—

903 1226 1002 1258 Iuntas,
1013 1233 1146 1260 quemque
1158 1225 1208 1252 sibi
1221 1225 1360 1260 obtingere
1374 1225 1520 1257 desiderat,
1541 1226 1680 1260 explican—

901 1270 965 1298 dum
978 1274 1051 1303 puto.
1064 1279 1126 1298 cum
1143 1271 1251 1297 verbum
1262 1269 1353 1302 ἀξιοῦν
1362 1274 1451 1305 petere
1460 1278 1491 1297 ac
1506 1271 1642 1305 postulare
1653 1275 1683 1298 ut

902 1316 1046 1350 plurimum
1061 1315 1204 1350 signiﬁcet.
1223 1315 1260 1341 lta
1288 1318 1318 1341 ut
1333 1314 1383 1341 loci
1400 1323 1496 1342 sensus
1513 1315 1557 1346 sit,
1570 1323 1681 1342 errones

901 1362 962 1388 illos
988 1362 1061 1397 pacis
1087 1366 1114 1388 ct
1142 1361 1251 1388 unionis
1278 1360 1368 1395 specie
1395 1360 1477 1386 animi
1498 1360 1539 1387 sui
1552 1365 1680 1392 tuentem,

899 1407 1018 1441 quidque
1030 1411 1120 1441 petant
1137 1414 1168 1434 ac
1184 1406 1356 1441 portendant,
1372 1409 1409 1437 et,
1421 1410 1449 1432 ut
1461 1413 1522 1432 cum
1538 1406 1617 1439 vulgo
1641 1406 1680 1432 lo-

863 1471 884 1500 c
900 1461 1028 1487 quamur,
1045 1453 1220 1480 intentionem
1239 1460 1316 1479 suam
1346 1451 1534 1483 dissimulare;
1553 1459 1613 1478 cum
1639 1460 1680 1479 re-

900 1505 963 1525 vcra
992 1498 1042 1524 hoc
1062 1498 1217 1529 moliantur,
1231 1500 1260 1523 ut
1277 1504 1322 1523 ros
1340 1496 1372 1522 ad
1388 1503 1457 1530 quos
1478 1495 1611 1522 accedunt
1637 1504 1680 1523 se—

898 1543 1009 1574 ducant,
1030 1548 1056 1570 et
1076 1546 1101 1569 in
1112 1548 1201 1577 partes
1218 1550 1281 1569 suas
1296 1542 1461 1576 pertrahanl.

933 1587 996 1614 Inde
1013 1593 1041 1614 ut
1051 1588 1150 1615 leviora
1162 1587 1283 1622 quaedam
1311 1592 1476 1622 praeteream,
1492 1586 1563 1613 infra
1576 1587 1678 1621 princi-

897 1635 942 1669 pio
963 1633 1100 1668 Evangelii
1126 1632 1240 1660 Joannis
1267 1633 1342 1660 varie
1357 1632 1472 1659 Arianos
1500 1633 1608 1666 premit.
1625 1632 1676 1665 Qui

896 1688 959 1707 cum
980 1680 1070 1706 omnia
1095 1687 1141 1714 per
1172 1678 1287 1705 Verbum
1315 1678 1385 1704 facta
1409 1677 1518 1711 dixerit,
1537 1678 1677 1713 subiungit

896 1726 953 1760 ipse
970 1735 977 1752 :
997 1725 1027 1751 Si
1039 1733 1099 1759 ergo
1113 1725 1200 1751 omnia
1211 1732 1256 1757 per
1267 1724 1351 1757 ipsum
1374 1724 1446 1757 facta
1463 1729 1534 1756 sunt,
1548 1725 1675 1759 quomodo

896 1771 918 1797 is
940 1771 984 1805 qui
998 1770 1116 1796 omnibus
1140 1769 1215 1796 rebus
1242 1769 1334 1795 creatis
1354 1769 1493 1795 essentiam
1516 1769 1605 1795 tribuit
1620 1770 1676 1803 ipse

895 1820 1035 1855 aliquando
1051 1828 1102 1846 mm
1118 1819 1195 1849 fuerit
1207 1820 1219 1845 ?
1232 1818 1266 1844 Οὔ
1283 1817 1336 1852 γάρ
1347 1826 1404 1848 πως
1414 1817 1428 1842 ὸ
1442 1817 1526 1851 Λόγος
1540 1817 1571 1843 τὺ
1581 1818 1674 1843 ποιοῦν

893 1867 948 1898 τοῖς
961 1865 1115 1901 γενομένοις
1138 1863 1187 1898 τῆς
1202 1863 1285 1897 αὐτῆς
1295 1859 1363 1888 εἶναι
1389 1861 1494 1896 φύσεως
1516 1861 1671 1896 διορίζεται.

893 1911 958 1943 Quae
970 1909 1078 1944 quidem
1093 1909 1172 1936 verba
1184 1912 1209 1934 et
1227 1911 1302 1934 vrtus
1321 1910 1348 1932 et
1364 1906 1425 1932 novi
1443 1905 1603 1940 interpretes
1615 1913 1673 1932 ver-

894 1955 976 1982 tendo
994 1955 1034 1982 sic
1051 1958 1229 1989 pervertunt:
1255 1952 1339 1978 Nulla
1362 1951 1432 1978 enim
1462 1951 1530 1977 ratio
1557 1951 1621 1982 uult,
1643 1955 1672 1977 ut

893 2000 960 2036 quod
985 2004 1056 2026 creat
1077 1998 1193 2030 eiusdem
1219 1998 1253 2024 sit
1278 2005 1337 2023 cunt
1361 1996 1454 2023 creatis
1471 2000 1591 2028 natura;
1608 2002 1670 2022 eum

892 2047 907 2073 ὁ
919 2046 1004 2079 Λόγος
1016 2045 1222 2078 haudquaquam
1244 2043 1295 2069 hoc
1311 2042 1337 2069 in
1360 2041 1419 2069 loco
1439 2041 1472 2068 de
1486 2041 1592 2068 ratione
1606 2049 1672 2076 apo—

893 2091 1001 2122 dictica,
1017 2090 1065 2118 sed
1080 2090 1113 2116 de
1126 2093 1227 2116 aeterno
1241 2087 1328 2115 Verbo
1337 2087 1423 2121 accipi
1442 2087 1552 2114 omnino
1563 2086 1669 2114 debeat.

69 2133 126 2160 dem
145 2133 215 2160 unde
231 2133 371 2168 digressus
381 2142 451 2162 sum.
477 2134 515 2161 Ex
532 2135 565 2162 iis
579 2142 639 2169 qua:
666 2135 796 2162 hactenus
810 2134 844 2162 de
859 2142 880 2169 Ι)
895 2136 985 2169 Itaque
1000 2134 1158 2162 vertendum
1176 2142 1181 2160 :
1209 2132 1295 2167 Neque
1309 2132 1377 2158 enim
1396 2130 1507 2158 Verbum
1521 2130 1588 2165 quod
1599 2135 1670 2158 creat

69 2179 165 2213 triplici
193 2180 335 2206 mulierum
362 2188 458 2214 genere
479 2180 607 2213 disserui,
622 2181 688 2208 satis
715 2185 842 2208 constare

68 2223 212 2257 existimo,
243 2224 324 2251 rebus
355 2225 496 2252 turbandis
519 2226 635 2252 maxime
660 2230 841 2260 opportunum

69 2270 150 2298 fuisse
164 2270 272 2297 tertium
291 2270 341 2297 hoc
365 2279 460 2304 genus.
475 2271 524 2302 τὰς
537 2271 713 2303 ἐπεισάκτους
727 2272 840 2303 scilicet,

68 2324 132 2351 quas
143 2316 294 2344 Alexander
319 2317 432 2352 proinde
445 2316 548 2343 ἄτακτα
569 2318 730 2353 γυναικάρια
752 2321 840 2348 vorat,

68 2361 136 2396 quod
151 2363 238 2389 nullas
252 2362 391 2389 modestia:
405 2362 477 2397 leges
488 2368 675 2397 agnoscerent,
691 2363 765 2390 nullo
789 2371 839 2398 pu-

69 2407 138 2435 doris
164 2408 241 2435 frctto
274 2408 478 2435 cohibere-nter.
503 2408 629 2441 Quinimo
653 2413 753 2443 pestem
771 2409 840 2436 hanc

69 2452 209 2481 Ecclesium
224 2454 394 2488 potissimum
410 2455 536 2482 alllixisse
546 2455 698 2482 Certissima
709 2454 770 2481 inde
784 2455 840 2481 col-

69 2499 154 2533 ligitur
164 2503 334 2534 argumento,
350 2500 420 2534 quod
436 2500 536 2527 Nicmni
549 2500 651 2533 Patres,
668 2505 697 2527 ut
713 2500 840 2528 Ecclesia:

69 2544 140 2572 malis
166 2544 350 2576 mederentur,
377 2545 440 2572 huic
454 2545 631 2572 carcinomati
648 2546 733 2580 primo
757 2545 840 2572 ferme

70 2597 122 2617 loco
142 2593 310 2617 censuerunt
324 2591 532 2618 occurrendum.
551 2590 625 2618 Unde
644 2591 724 2618 tertio
736 2598 839 2618 eanone

70 2636 232 2664 severissime
247 2636 375 2663 omnibus
400 2637 427 2663 in
448 2638 521 2664 clero
544 2645 704 2672 quocunque
731 2637 838 2664 tandem

71 2681 143 2715 gradu
158 2688 189 2708 ac
203 2681 317 2709 nomine
333 2681 500 2716 degentibus,
517 2681 570 2708 τῶν
584 2682 763 2708 mmth
774 2690 840 2708 cott-

72 2727 200 2754 tuetudinc
225 2727 434 2754 interdixerunt.
450 2727 536 2762 Atque
551 2727 614 2754 hinc
641 2727 743 2762 liquere
767 2729 838 2755 arbi-

72 2773 290 2809 tror,cujusmodi
308 2773 450 2800 mulierum
470 2773 699 2808 prchcnsalimtcs,
722 2782 837 2808 quarum

892 2181 1006 2216 ejusdem
1019 2188 1077 2207 cum
1087 2179 1182 2206 creatis
1199 2184 1301 2205 natura’
1317 2186 1373 2204 esse
1387 2177 1496 2208 dicitur,
1515 2177 1557 2204 vel
1571 2177 1668 2203 statui-

892 2232 945 2258 tur,
959 2226 1060 2254 scilicet
1075 2233 1090 2252 a
1112 2224 1214 2252 Joanne
1231 2223 1395 2258 evangelista
1408 2223 1488 2256 cuius
1505 2222 1585 2249 verba
1599 2229 1668 2256 prat-

892 2272 974 2299 misit.
989 2270 1065 2305 Quod
1078 2270 1200 2304 quamvis
1218 2268 1319 2296 nemini
1335 2276 1388 2294 non
1401 2275 1447 2302 per
1460 2275 1488 2294 se
1504 2267 1670 2295 manifestis-

891 2318 999 2349 simum,
1028 2317 1087 2352 ipsa
1117 2316 1167 2343 loci
1199 2314 1352 2345 ἀκολουθία,
1374 2317 1401 2341 et
1426 2312 1511 2340 Graeci
1535 2313 1669 2340 sermonis

891 2363 1056 2390 constructio
1086 2363 1192 2397 probat.
1222 2360 1367 2396 Subjungit
1383 2359 1454 2387 enim
1479 2359 1613 2385 rationem
1635 2366 1668 2386 ex

891 2407 1026 2442 Evangelii
1040 2408 1130 2435 verbis
1153 2406 1274 2441 petitam,
1293 2413 1341 2432 cur
1356 2406 1370 2431 ὁ
1383 2404 1468 2439 Λόγος
1485 2403 1606 2437 ejusdem
1620 2411 1670 2430 na-

891 2458 958 2480 turae
976 2461 1038 2480 cum
1058 2453 1138 2480 rebus
1164 2452 1263 2479 creatis
1291 2459 1352 2478 esse
1375 2454 1502 2484 nequeat,
1521 2450 1578 2483 εἴγε
1589 2450 1669 2482 αὐτὸς

893 2499 941 2534 μὲν
957 2497 990 2534 ἦν
1015 2500 1042 2525 ὲν
1060 2499 1143 2534 ἀρχῇ,
1173 2497 1307 2531 siquidem
1326 2497 1383 2532 ipse
1395 2515 1402 2528 ,
1426 2495 1530 2523 scilicet
1544 2496 1557 2522 ὁ
1571 2495 1667 2529 Λόγος,

890 2548 947 2571 erat
962 2545 989 2570 in
1002 2544 1134 2578 principio
1148 2553 1154 2570 :
1170 2543 1271 2577 reliqua
1296 2547 1383 2570 autem
1405 2542 1496 2569 oninia
1511 2548 1558 2575 per
1579 2542 1667 2575 ipsutn

891 2590 958 2617 facta
971 2593 1045 2617 sunt.
1064 2589 1117 2617 Sed
1133 2590 1266 2624 interpres
1293 2593 1394 2619 noster,
1411 2595 1472 2614 cum
1493 2587 1668 2622 prmeedenti-

890 2636 940 2663 bus
954 2636 1043 2663 verbis
1058 2635 1127 2664 male
1139 2635 1279 2662 conversis
1291 2642 1344 2662 non
1357 2634 1467 2660 haberet
1480 2641 1534 2667 quo
1556 2637 1668 2660 rcterrct

891 2690 980 2710 vocem
994 2682 1082 2714 αὐτὸς,
1101 2681 1261 2708 sententiam
1278 2681 1345 2707 male
1357 2679 1466 2712 laxavit,
1480 2687 1567 2714 neque
1585 2679 1666 2705 ullam

890 2728 916 2755 in
929 2727 1101 2761 sequentibus
1114 2727 1230 2761 periodis
1239 2734 1331 2754 sanam
1347 2725 1480 2760 expressit
1493 2725 1664 2752 sententiam.

891 2773 942 2800 Sed
962 2773 1119 2807 interposita
1138 2772 1294 2807 πιρενῡέσει
1312 2772 1394 2798 miras
1415 2771 1464 2798 sibi
1480 2771 1530 2805 ipsi
1551 2771 1665 2806 aliisque

1709 184 1714 192 θ

1709 199 1714 213 Ι
