1909 3069
241 123 293 156 539

239 181 335 210 offudit
350 182 486 210 tenebras.
510 181 625 210 Romani
637 189 701 209 vero
714 182 844 215 editores,
859 183 1017 218 interpretis
1031 188 1054 217 Α

238 235 359 259 errorem
388 228 430 256 vel
453 228 655 256 fluctuationem
669 228 773 263 prolata
800 229 908 264 longius
919 236 1017 264 paren-

239 273 308 303 thesi
324 280 378 300 non
399 281 495 308 parum
519 277 658 308 augentes,
677 273 813 302 rationum
845 277 926 309 atque
936 281 1017 308 argu-

239 322 390 352 mentorum
406 320 461 347 vim
481 327 513 347 ac
527 327 624 347 nervos
642 319 721 355 plane
741 319 924 352 succiderunt,
948 327 1016 355 quos

239 398 1660 412 ——,——-————————————-——-—

651 494 1041 543 DISSEBTATIO

763 124 791 152 S.
811 125 1021 153 ALEXANDER
1042 125 1318 155 ALEXANDRINUS.

1796 127 1845 155 διο

1068 192 1133 213 sane
1146 189 1173 212 et
1184 185 1295 213 crebros
1307 188 1335 215 et
1349 183 1453 212 validos
1471 183 1659 212 sanctissimus
1674 183 1720 211 hic
1737 182 1846 218 episco-

1069 237 1122 265 pus
1137 230 1164 256 in
1179 229 1296 256 Arianos
1311 231 1430 265 torquet.
1457 227 1511 255 Sed
1525 235 1585 255 cum
1599 232 1625 255 et
1643 236 1691 256 vos
1703 228 1846 264 patientia,

1070 278 1097 302 et
1109 281 1152 307 me
1166 274 1282 301 laterum
1298 274 1371 301 vires
1384 273 1542 306 destituant,
1554 278 1651 301 caetera
1666 274 1848 302 commodiori

1068 319 1183 354 tempori
1198 318 1408 347 reservabimus.

1077 495 1346 544 SECUNDA
1369 488 1434 539 (α).

275 651 423 687 Abruptum
436 651 528 686 prima:
539 651 741 680 Dissertationis
754 651 826 679 filum
835 651 868 679 ad
884 651 1019 686 reliquam

241 697 372 725 institutae
386 705 506 725 censurae
535 702 638 732 partem
654 697 844 733 pertexendam
873 702 1013 726 connecto.

243 742 324 778 Urget
339 745 432 770 contra
447 743 503 770 Arii
525 743 708 778 blasphemias
734 744 888 771 Alexander
909 744 1016 779 episco-

240 796 302 823 pus,
312 795 439 816 aaternam
451 788 530 816 Verbi
546 789 591 816 Dei
606 797 638 817 ex
655 789 734 817 Patre
751 790 881 825 originem
897 790 1017 818 auclori-
1033 777 1053 805 Β

240 840 296 863 tate
310 836 424 864 Joannis
448 837 630 871 evangelistre,
645 837 690 872 qui
707 837 733 864 in
751 838 810 871 ipso
820 837 913 865 limine
928 837 1016 865 Evan-

241 882 303 917 gelii
317 882 371 913 sui,
389 881 506 909 Verbum
523 883 549 909 in
564 883 696 918 principio
720 883 822 915 fuisse,
841 887 937 910 caetera
953 891 1016 911 vero

240 929 331 955 omnia
344 928 440 956 deinde
454 937 501 964 per
515 928 633 956 Verbum
650 929 720 956 facta
741 933 866 957 testatur.
880 929 939 962 Quo
956 930 1016 957 loco

240 973 431 1007 evangelistam
446 980 546 1000 arcano
562 977 589 1000 et
616 973 742 1008 religioso
762 975 879 1009 quodam
902 975 1017 1003 consilio

239 1018 350 1045 verbum
361 1015 405 1053 ἦν,
422 1018 478 1045 sive
492 1022 559 1050 erat,
579 1019 753 1052 adhibuisse;
775 1019 910 1054 γενέσεως
926 1024 1016 1048 autem

239 1066 266 1088 et
276 1063 407 1098 ποιήσεως
423 1062 531 1089 nomine
556 1063 719 1091 abstinuisse
741 1064 827 1092 docet.
856 1065 957 1098 Primo,
983 1073 1017 1092 ne

239 1107 335 1135 iisdem
349 1108 459 1136 vocibus
484 1108 517 1135 de
531 1108 659 1137 Creatore
686 1113 713 1136 et
734 1113 858 1137 creatura
884 1115 1014 1138 uteretur.

240 1151 375 1184 Secundo,
387 1152 459 1185 quod
474 1151 555 1179 Verbi
573 1153 667 1180 aeterni
682 1153 884 1188 productionem
901 1162 953 1181 non
972 1163 1017 1182 so-

240 1196 295 1224 lum
309 1198 546 1233 evangeliSIarum,
562 1197 610 1225 sed
625 1201 652 1225 et
677 1199 832 1233 angelorum
852 1199 1015 1227 intellectum

238 1244 371 1272 excedere
382 1244 520 1276 crederet;
539 1244 629 1275 tertio,
642 1244 713 1279 quod
725 1244 837 1280 impium
849 1245 1017 1272 existimaret

231 1297 339 1318 .areana
354 1290 399 1315 illa
427 1289 579 1317 Divinitatis
595 1289 732 1324 mysteria,
748 1290 856 1317 curiosa
885 1290 1018 1326 pervesti-

239 1335 347 1370 gatione
363 1335 489 1362 subtilius
506 1336 631 1363 scrutari.
657 1335 686 1362 ln
710 1336 790 1369 cujus
806 1336 859 1363 loci
872 1344 953 1364 sensu
969 1345 1017 1365 ex-

241 1380 383 1415 primendo
399 1389 451 1407 non
464 1381 546 1408 semel
559 1380 728 1409 oﬂenderunt
744 1382 915 1417 interpretes,
931 1391 1017 1418 quan-

241 1426 387 1461 doquidem
417 1425 508 1453 Graaca
536 1427 617 1454 verba
645 1427 710 1454 vitio
738 1435 791 1455 non
822 1432 924 1456 carent.
950 1427 1018 1455 Illud

241 1476 347 1499 tantum
365 1471 529 1504 indicavero,
545 1473 590 1500 ubi
605 1474 642 1500 ait
655 1483 661 1500 :
674 1473 703 1500 τὸ
719 1472 768 1509 ἦν,
796 1474 952 1511 ὑπεραίρειν
971 1474 1020 1510 τῆς

241 1518 294 1544 τῶν
305 1517 439 1553 γεννητῶν
456 1518 585 1550 διανοίας.
611 1526 703 1547 vocem
727 1519 798 1546 illam
831 1525 898 1552 erat,
913 1520 1022 1548 univer-

1034 1456 1056 1486 C

241 1570 298 1590 sam
310 1567 495 1590 creaturarum
515 1563 718 1599 intelligentiam
734 1565 936 1595 transcendere,
948 1565 1020 1592 haud

241 1609 322 1636 dubie
340 1609 471 1644 γενητῶν.
494 1617 547 1636 non
565 1609 703 1645 γεννητῶν
715 1609 872 1644 legendum;
904 1618 1019 1646 quorum

242 1654 294 1682 hoc
307 1655 360 1681 ἀπὸ
371 1655 419 1681 τοῦ
429 1655 582 1689 γεννᾶσθαι,
594 1655 658 1683 illud
672 1655 727 1682 ἀπὸ
739 1655 786 1682 τοῦ
802 1655 923 1689 γίνεσθαι
935 1656 1021 1684 dedit.-

241 1701 321 1728 citur.
335 1700 407 1733 Quas
433 1701 541 1736 quidem
566 1709 656 1735 voces,
672 1702 735 1730 licet
749 1702 853 1737 origine
875 1707 902 1730 et
917 1703 1021 1738 signiﬂv

241 1751 304 1773 catu
320 1746 422 1778 affines,
439 1748 509 1775 sacri
522 1752 547 1774 et
567 1747 672 1783 profani
690 1752 816 1776 auctores
829 1756 907 1776 caute
923 1749 1021 1776 distin-

242 1795 338 1826 guunt,
354 1799 415 1819 cum
432 1796 521 1819 tamen
539 1794 565 1819 in
583 1793 699 1827 vulgatis
720 1793 820 1820 Justini
836 1793 884 1826 M.,
901 1793 1019 1828 Eusebii,

243 1836 396 1872 Epiphanii,
413 1837 582 1872 aliorumque
594 1837 770 1870 editionibus,
794 1838 929 1866 sexcentis
953 1839 1021 1866 locis

242 1882 370 1910 confusas
385 1883 528 1910 observare
553 1883 642 1910 liceat.
667 1883 774 1915 Γένεσις
788 1883 860 1911 enim
888 1888 914 1911 et
942 1893 1021 1920 γενη-

242 1928 298 1960 τόν,
320 1933 349 1955 ιιι
367 1929 481 1956 Proclus
500 1928 571 1955 libro
599 1928 660 1955 Itin
690 1928 816 1955 Tima'um
843 1930 889 1961 ait,
904 1930 952 1965 τὴν
967 1930 1020 1956 ἀπὸ

242 1974 290 2002 τοῦ
329 1972 498 2011 Δημιουργοῦ
533 1974 644 2010 πρόοδον
675 1975 808 2010 signiﬁcat
836 1985 843 2003 :
873 1976 925 2004 hoc
958 1981 1019 2009 est,

243 2012 407 2048 creationem
424 2025 451 2048 et
467 2020 670 2055 productionem
690 2029 723 2048 ex
742 2022 838 2049 nihilo.
874 2021 959 2055 Unde,
990 2027 1021 2052 ut

243 2066 368 2093 Justinus
393 2066 494 2102 Martyr
515 2068 553 2093 ait
586 2067 612 2093 in
640 2066 858 2101 Responsionibus
885 2068 919 2095 ad
947 2069 1021 2097 Cra:-

242 2119 286 2138 σος
311 2119 320 2138 .'

241 2158 272 2184 οὐ
307 2158 424 2190 ταυτὸν,
461 2158 533 2194 ἔργῳ
555 2158 582 2184 δὲ
614 2158 719 2186 ταυτόν.
742 2158 830 2187 Verbo
854 2160 963 2194 differt,
990 2169 1020 2189 re

243 2204 301 2238 ipsa
331 2203 401 2231 idem
426 2207 477 2231 est.
501 2203 627 2240 Γέννησις
646 2209 735 2232 autem
759 2206 877 2242 προϐολὴ
908 2207 961 2233 ἀπὸ
973 2207 1020 2233 τοῦ

242 2250 365 2285 Πατρός,
393 2249 444 2277 hoc
466 2253 508 2277 est
531 2250 688 2285 generatio,
716 2251 783 2283 sive,
802 2256 831 2278 ut
855 2260 916 2279 cum
940 2253 1021 2288 vulgo

242 2296 427 2331 theologorum
454 2296 558 2330 loquar,
576 2297 717 2331 productio
731 2298 847 2325 viventis
863 2305 878 2325 a
901 2298 1019 2332 vivente,

242 2341 340 2368 similis
356 2341 514 2376 prorlucenti
531 2341 556 2368 in
575 2341 726 2369 substantia
741 2346 767 2370 et
789 2348 895 2371 natura.
911 2343 944 2371 Et
958 2353 1021 2378 γεν-

241 2386 331 2422 νητόν,
343 2390 371 2413 ιιι
384 2386 454 2421 apud
466 2387 590 2414 eumdem
617 2387 753 2416 Justinum
769 2388 893 2421 habetur,
915 2389 946 2416 τὸ
959 2398 1021 2424 γεν-

240 2432 327 2467 νητῶς
342 2433 490 2468 γινόμενον.
515 2434 572 2461 sive
601 2432 632 2460 τὸ
660 2434 796 2474 γεννητῶς
809 2435 839 2461 τὸ
860 2433 930 2462 εἶναι
948 2435 1018 2471 ἔχον,

210 2487 229 2515 2;
241 2479 309 2512 quod
324 2487 369 2514 per
384 2480 489 2506 modum
510 2480 686 2515 generationis
705 2481 835 2508 subsistit.
861 2481 939 2510 Unde
959 2483 1021 2510 Cle-

222 2524 226 2558 _'
241 2532 319 2553 mens
330 2524 543 2556 Alexandrinus,
573 2533 634 2553 cum
649 2526 781 2560 γενέσεως
801 2535 899 2555 nomen
920 2529 1020 2563 promi-

241 2575 307 2595 scue
321 2569 408 2604 accipi
434 2569 537 2597 videret
551 2571 632 2597 etiam
653 2579 701 2606 pro
714 2572 897 2606 generatione,
922 2578 1020 2608 quarto

242 2612 406 2641 Stromatum
421 2615 491 2642 libro
504 2615 540 2642 ita
556 2623 615 2643 eam
629 2616 779 2651 distinguit,
798 2621 827 2644 ut
848 2618 901 2645 alia
919 2620 954 2646 sit
966 2618 1020 2645 τῶν

242 2660 427 2694 γεννωμένων,
445 2661 498 2687 alia
521 2661 575 2688 τῶν
602 2662 763 2697 γινομένων,
781 2663 884 2691 scilicet
911 2672 944 2692 ne
958 2665 1020 2699 quis

241 2704 273 2732 τὸ
303 2706 414 2741 γενητὸν
442 2707 489 2734 καὶ
515 2709 641 2743 γεννητόν
673 2708 860 2737 confunderet.
890 2709 967 2739 Unde
993 2715 1020 2738 et

243 2748 318 2779 Plato
334 2751 465 2787 principio
480 2753 784 2790 Timwi-disquirendum
794 2758 936 2792 proponit:
954 2758 1020 2794 Περὶ

280 2827 319 2863 (a)
333 2828 427 2857 llabita
438 2830 540 2864 Romae,
554 2835 583 2858 ut
597 2839 688 2868 supra.

1067 647 1114 680 τρῦ
1128 647 1235 680 παντὸς,
1264 646 1289 676 εἰ
1302 645 1411 680 γέγονεν
1434 646 1450 681 ἢ
1481 646 1576 680 ἀγενές
1596 646 1679 674 ἐστιν.
1702 646 1854 677 Faciuntne

1067 695 1103 726 sit
1116 694 1274 725 universum,
1290 700 1325 719 an
1336 700 1386 719 non
1413 692 1523 726 factum.
1540 691 1596 719 Hoc
1615 696 1666 724 est,
1681 697 1711 720 ut
1736 692 1849 722 Procias

1068 740 1197 775 explicat,
1222 740 1246 765 ει
1262 739 1373 774 γενητὸς
1389 739 1406 774 ἢ
1433 739 1563 774 ἀγένητος
1587 739 1601 766 ὁ
1618 740 1729 775 κόσμος.
1762 740 1852 774 Atque

1068 787 1106 815 ita
1134 786 1341 821 antiquissimus
1366 785 1412 813 ille
1438 785 1519 813 Italia:
1538 785 1714 821 philosophus
1739 786 1850 815 Ocellus

1069 832 1197 860 Lucanus
1211 831 1310 867 insigni
1321 839 1402 867 opere
1415 833 1529 866 probare
1542 832 1669 865 instituit,
1686 832 1716 858 τὸ
1729 833 1784 859 πᾶν
1804 833 1851 859 ἀν·

1068 879 1134 906 ώλεθ
1140 888 1183 914 ρον
1195 876 1265 905 εἶναι
1279 879 1324 906 καὶ
1333 878 1472 913 ἀγένητον,
1485 877 1611 904 mundum
1622 883 1681 904 ortu
1691 878 1851 913 interimque

1068 934 1167 955 carere.
1181 925 1258 958 Quod
1276 924 1348 951 enim
1376 924 1456 958 vulgo
1484 924 1629 959 ἀγέννητον
1651 925 1750 959 passim
1778 925 1850 960 apud

1069 972 1188 1000 Ocellum
1203 971 1342 1001 scribitur,
1356 969 1383 997 id
1399 974 1495 998 contra
1508 970 1624 1005 optimos
1637 969 1785 999 Vaticanos
1800 978 1850 998 co.

1068 1019 1143 1046 dices
1161 1024 1223 1045 esse
1247 1016 1424 1051 deprehendi,
1437 1023 1500 1043 cum
1529 1016 1630 1050 quibus
1651 1023 1764 1044 aureum
1782 1016 1850 1044 illud

1068 1063 1230 1099 opusculum
1246 1063 1388 1098 diligenter
1407 1062 1553 1097 aliquando
1567 1063 1680 1090 contuli.
1702 1062 1785 1091 Recte
1801 1063 1851 1098 igi—

1069 1116 1113 1138 tur
1119 1110 1274 1137 universum
1283 1108 1345 1140 hoc,
1358 1112 1385 1136 et
1394 1108 1523 1143 quidquid
1531 1116 1621 1135 rerum
1631 1112 1783 1136 crcatarum
1792 1110 1852 1141 uni-

1069 1165 1147 1184 verso
1153 1155 1318 1187 continetur,
1327 1154 1432 1181 ratione
1442 1154 1535 1189 prima;
1542 1154 1728 1189 productionis
1738 1156 1851 1191 γενητόν

1069 1202 1264 1238 appellabimus
1274 1209 1280 1227 :
1288 1200 1415 1235 γεννητόν
1422 1208 1484 1227 vero
1493 1200 1698 1236 haudquaquam
1710 1202 1795 1236 :quod
1803 1203 1849 1232 uni

1069 1248 1158 1276 Verbo
1168 1251 1269 1275 aeterno
1280 1247 1415 1279 convenit,
1424 1246 1467 1274 cui
1477 1246 1527 1274 soli
1538 1246 1617 1274 Pater
1627 1247 1695 1275 dixit
1708 1257 1713 1274 ι
1725 1248 1789 1279 Υἱός
1798 1256 1850 1283 μου

1069 1293 1095 1321 εἷ
1118 1294 1161 1326 σὺ,
1184 1293 1239 1328 ἐγὼ
1256 1293 1373 1328 σήμερον
1384 1293 1536 1328 γεγέννηκά
1550 1300 1593 1318 σε·
1610 1291 1696 1320 Filius
1727 1301 1798 1321 meus
1822 1302 1850 1321 es

1070 1345 1160 1374 tu,ego
1171 1337 1247 1364 hodie
1260 1337 1336 1372 genui
1347 1341 1379 1363 te.
1397 1335 1501 1364 Caetera
1514 1340 1602 1363 autem
1615 1336 1756 1367 omnia,“
1767 1335 1850 1364 αὑτοῦ

1069 1385 1186 1418 ἐγένετο,
1207 1383 1253 1410 καὶ
1273 1383 1357 1418 χωρὶς
1369 1381 1450 1409 αὑτοῦ
1459 1382 1566 1416 ἐγένετο
1581 1382 1639 1408 οὐδὲ
1654 1382 1692 1413 ἐν,
1704 1382 1718 1408 ὁ
1728 1383 1849 1416 γέγονεν.

1071 1429 1148 1458 Unde
1157 1434 1184 1457 et
1196 1428 1300 1457 Psaltes
1310 1429 1400 1463 regius
1418 1437 1424 1455 :
1440 1427 1525 1459 Αὐτὸς
1548 1425 1634 1460 εἶπεν,
1659 1429 1707 1455 καὶ
1721 1429 1852 1464 ἐγενήθη-

1071 1483 1121 1502 σαν
1133 1483 1139 1490 ·
1156 1474 1217 1510 Ipse
1229 1474 1307 1506 dixit,
1322 1479 1345 1501 et
1359 1474 1430 1508 facta
1445 1479 1516 1501 sunt.
1528 1473 1628 1502 Contra
1645 1474 1763 1503 mundus
1777 1480 1853 1504 recte

1071 1520 1225 1556 ἀγέννητος,
1247 1527 1300 1547 non
1318 1524 1407 1547 autem
1421 1519 1561 1555 ἀγένητος.
1577 1519 1661 1547 Filius
1687 1524 1776 1548 autem
1803 1520 1850 1548 Dei

1071 1566 1213 1601 ἀγένητος.
1231 1573 1285 1593 non
1301 1565 1456 1601 ἀγέννητος.
1473 1565 1538 1598 Quae
1552 1565 1676 1593 fortassis
1690 1566 1757 1593 levia
1765 1566 1852 1594 videri

1071 1617 1192 1646 possent,
1212 1611 1264 1638 nisi
1285 1612 1365 1638 unius
1392 1611 1490 1638 litterae
1504 1611 1662 1643 interstitio,
1690 1615 1782 1639 rectus
1803 1619 1851 1639 ca-

1071 1657 1176 1684 tholica:
1201 1657 1321 1683 veritatis
1336 1660 1436 1684 trames
1450 1664 1464 1684 a
1481 1657 1703 1692 gravissimorum
1725 1665 1850 1686 errorum

1070 1703 1227 1738 praecipitiis
1241 1703 1450 1738 dispesceretur.
1467 1702 1543 1730 Unde
1564 1702 1693 1730 Joannem
1706 1702 1852 1731 Damasce-

1071 1756 1136 1775 num
1151 1748 1221 1775 libro
1236 1756 1255 1781 ι,
1270 1756 1328 1784 cap.
1347 1748 1374 1782 9,
1388 1756 1487 1784 magno
1503 1748 1560 1776 haec
1585 1749 1675 1776 studio
1704 1749 1852 1777 adnotasse

1069 1794 1210 1827 videmus,
1226 1800 1252 1822 et
1267 1793 1434 1829 Epiphanius
1448 1795 1544 1823 haeresi
1571 1802 1633 1822 uix
1659 1795 1776 1822 Arianos
1794 1796 1851 1823 haec

1071 1841 1181 1868 nomina
1196 1840 1394 1868 confundentes
1410 1841 1570 1876 gravissime
1583 1841 1751 1876 perstrinxit.
1763 1842 1851 1874 Quam

1069 1886 1138 1913 bene
1149 1889 1238 1913 autem
1255 1886 1388 1922 interpres
1402 1887 1505 1921 Anglus
1522 1886 1556 1914 τὰ
1567 1887 1669 1922 γενητὰ
1698 1888 1851 1914 mortalium

1070 1932 1180 1960 nomine
1195 1933 1321 1967 explicet,
1339 1941 1400 1960 mox
1417 1933 1595 1961 commodiori
1609 1933 1669 1960 loco
1686 1933 1850 1960 videbimus.

1070 1977 1192 2013 Ineptum
1207 1986 1324 2013 quoque,
1342 1979 1413 2014 quod
1430 1979 1499 2006 idem
1522 1983 1616 2006 noster
1637 1978 1770 2013 interpres
1783 1977 1853 2006 Ver-

1070 2025 1135 2053 bum
1150 2030 1291 2058 atternum,
1305 2033 1414 2052 causam
1428 2024 1587 2052 efﬁcientem
1599 2032 1689 2052 rerum
1715 2025 1850 2056 omnium,

1074 2071 1102 2098 τὸ
1115 2070 1219 2104 ποιοῦν,
1236 2071 1340 2106 gignens
1358 2071 1472 2106 appellat
1485 2080 1492 2103 ;
1505 2078 1565 2098 cum
1581 2071 1670 2098 omnis
1686 2070 1850 2097 Arianorum

350 2111 386 2138 Τὸ
412 2111 537 2146 γενέσθαι
562 2112 609 2139 καὶ
640 2113 670 2139 τὸ
700 2113 833 2140 ποιεῖσθαι
865 2113 935 2146 λέξει
972 2116 1018 2150 μὲν

1072 2117 1171 2144 astutia
1188 2116 1214 2143 in
1242 2117 1398 2151 hujusmodi
1426 2117 1570 2143 verborum
1589 2116 1748 2144 confusione
1759 2124 1851 2144 verse

1072 2167 1126 2193 lur,
1153 2170 1214 2197 quae
1233 2162 1425 2189 sanctissimus
1442 2162 1486 2189 hic
1500 2165 1593 2188 auctor
1613 2166 1707 2188 contra
1736 2161 1852 2195 diligen-

1071 2209 1174 2237 tissime
1189 2208 1339 2243 distinguit.
1355 2207 1452 2235 Tutius
1467 2216 1531 2235 sane
1547 2216 1607 2235 cum
1624 2207 1730 2242 vulgato
1747 2206 1851 2234 Biblio.-

1070 2262 1130 2282 rum
1159 2254 1315 2289 interprete,
1341 2252 1454 2288 faciendi
1469 2257 1496 2281 et
1511 2254 1619 2288 factoris
1640 2252 1771 2280 vocabulo
1793 2257 1852 2280 ιιιὺ

1071 2303 1155 2332 retur,
1180 2298 1259 2326 novis
1288 2298 1343 2326 illis
1368 2298 1513 2325 verborum
1530 2298 1648 2326 lauticiis
1660 2297 1774 2330 relictis,
1790 2306 1852 2333 qua:

1070 2346 1161 2372 animo
1190 2344 1277 2372 sacris
1290 2344 1388 2372 litteris
1414 2344 1547 2371 innutrito
1573 2351 1703 2371 nauseam
1729 2351 1853 2371 commo-

1069 2395 1142 2420 vent.
1167 2391 1206 2418 ita
1228 2391 1256 2418 in
1280 2390 1411 2419 orationis
1435 2398 1579 2426 progressu
1593 2409 1602 2422 ,
1630 2389 1676 2417 ubi
1699 2389 1854 2418 Alexander

1071 2437 1140 2466 ﬁlios
1155 2446 1203 2474 per
1218 2437 1331 2473 gratiam
1346 2437 1499 2472 adoptatos,
1520 2445 1534 2464 a
1547 2436 1636 2464 Verbo
1649 2440 1763 2468 aeterno,
1785 2444 1852 2463 vero

1071 2489 1097 2512 et
1107 2485 1216 2520 proprio
1242 2483 1289 2511 Dei
1313 2482 1382 2511 Filio
1410 2491 1490 2518 quam
1518 2483 1675 2518 longissime
1700 2487 1821 2510 removet
1842 2491 1849 2513 ;

1070 2530 1199 2564 quoniam
1215 2529 1259 2556 hic
1278 2533 1375 2556 natura
1401 2528 1448 2555 Dei
1461 2526 1546 2556 Filius
1560 2528 1616 2562 ;illi
1636 2535 1711 2560 vero,
1727 2527 1852 2562 deposito

1070 2576 1166 2610 spiritu
1187 2575 1335 2607 servitutis,
1347 2574 1376 2601 τὸ
1388 2574 1437 2609 τῆς
1447 2574 1582 2605 υἱοθεσίας
1590 2573 1716 2605 λαϐόντες
1732 2569 1851 2608 πνεῑμαι.

1070 2621 1127 2649 lloc
1145 2625 1196 2653 est,
1213 2625 1242 2647 ut
1261 2625 1354 2648 noster
1368 2621 1502 2655 interpres
1524 2620 1649 2651 reddidit,
1668 2619 1770 2654 Spiritu
1787 2618 1853 2645 ado-

1069 2668 1164 2702 ptionis
1193 2668 1309 2702 ﬁliorum
1335 2671 1480 2699 assumpto,
1495 2666 1543 2692 lilii
1570 2665 1688 2701 adoptivi
1717 2664 1849 2692 evadunt.

1070 2714 1169 2746 Quidni
1199 2713 1289 2749 potius
1313 2720 1375 2740 cum
1403 2712 1466 2739 divo
1484 2711 1569 2739 Paulo
1582 2712 1615 2738 ad
1631 2711 1710 2739 Rom.
1724 2718 1786 2742 vul,
1807 2709 1852 2741 15,

1072 2759 1171 2794 Spiritu
1200 2759 1346 2793 adoptionis
1373 2763 1487 2793 accepto,
1505 2758 1545 2785 vel
1571 2757 1699 2792 Spiritum
1732 2755 1846 2788 adoptio-

1662 398 1881 412 1—2
