1909 3069
39 107 85 136 διι

764 95 915 124 NOTITIA.

1611 88 1665 116 ΜΞ

43 169 83 196 ui;
99 166 215 203 ﬁliorum
244 164 417 199 accipientes,
444 161 582 191 dixerim?
600 159 668 188 Cum
700 159 826 193 accipere,
841 159 864 188 Α
879 160 968 191 piam,
988 153 1056 181 nihil
1072 157 1163 181 tamen
1185 153 1243 181 haec
1259 152 1366 181 destina
1377 149 1542 181 sententiam
1557 148 1638 179 fulcit
1655 157 1663 174 =
1683 138 1689 170 ί

43 215 154 250 gratiam
175 211 337 246 donumque
366 209 414 237 Dei
429 210 631 245 pmsupponat,
658 213 760 232 sumere
778 211 828 230 au-

44 265 107 291 tem,
127 259 185 286 sive
200 264 345 288 assumere,
361 255 498 291 propriam
514 251 713 289 quodammodo
736 254 829 277 aucto-

44 306 150 334 ritatem
164 303 339 332 subindicare
349 301 483 329 videatur.
501 299 579 333 Quod
592 298 665 326 enim
680 296 828 333 Apostolus

45 353 82 379 ait
97 351 130 378 ad
144 349 227 377 Hebr.
237 358 265 381 v,
276 349 294 376 L
309 358 316 375 :
335 347 397 375 Non
409 346 459 373 sibi
473 346 523 380 ipsi
533 345 670 380 quisquam
690 343 770 370 sumit
782 342 826 369 lto-

46 406 144 428 norem,
156 396 201 424 sed
218 396 262 431 qui
276 399 385 425 vocatur
399 403 415 421 a
431 392 495 424 Deo,
522 392 559 418 ita
576 399 626 419 nec
640 390 753 426 gratiam
765 388 829 424 Spi—

46 444 114 472 ritus
129 442 218 470 sancti
233 441 379 477 quisquam
398 440 448 467 sibi
460 439 512 473 ipsi
528 437 621 467 sumit.
637 436 690 464 nisi
708 436 750 463 cui
765 436 828 463 data

45 491 125 518 fuerit
139 489 257 523 desuper
268 495 284 514 a
299 486 379 514 Patre
394 485 536 516 luminum,
549 491 564 510 a
578 491 632 518 quo
645 490 725 510 omne
735 482 828 509 datum

46 537 191 572 optimum,
201 538 228 562 et
238 541 319 561 omne
330 532 431 560 donum
441 530 590 566 perfectum
599 528 766 557 descendit‘.
777 527 829 556 Cui

46 584 72 607 et
85 579 153 606 illud
162 578 326 609 addiderim,
333 576 404 612 quod
416 583 476 603 mox
485 575 541 602 Arii
554 574 672 602 asscclas
680 581 829 610 πονηρευο-

49 626 135 661 μένων
143 624 264 655 σύνοδον,
273 623 450 657 improborum
457 621 571 652 turbam,
580 622 671 657 potius
679 629 760 656 quam
768 629 830 648 conv

47 672 134 698 cilium
141 668 503 704 malignauliumﬁcriptnraa
510 667 600 695 verbis
607 667 718 695 reddere
725 667 829 694 maluit.

80 717 132 744 Sed
148 717 259 750 longum
275 715 342 743 foret
357 715 460 749 singula
475 714 609 749 persequi.
629 713 830 748 quotiesinter-

48 771 107 798 pres
119 762 243 789 auctoris
257 766 375 789 mentem
400 762 442 789 vel
455 761 574 792 divellat,
588 760 631 788 vel
645 760 772 791 invertat,
788 759 830 786 vel

48 817 93 844 pro
102 809 187 836 claris
201 811 228 835 et
243 807 396 834 manifestis
407 806 489 834 dubia
502 811 530 834 et
541 807 659 833 obscura
673 805 753 833 nobis
766 812 831 839 sup-

47 859 136 890 ponat.
153 854 274 888 Propero
289 854 320 880 ad
337 854 425 880 locum
451 853 534 880 totius
544 852 675 887 epistolae,
692 859 752 879 meo
766 850 830 885 qui-

47 901 104 928 dem
116 900 226 934 judicio
240 898 438 930 difﬁcillimum,
448 898 494 934 qui
507 898 640 933 principio
652 905 712 932 pag.
729 896 761 924 15
776 896 830 924 lto-

47 953 133 973 manae
152 945 285 972 editionis
310 944 419 979 legitur.
435 944 542 977 Ariani,
564 944 652 979 inquit
667 942 829 976 Alexander,

48 996 75 1018 ut
86 992 227 1018 Christum
246 991 355 1019 deitatis
369 991 455 1025 gloria
477 990 641 1026 spoliarent,
658 996 705 1016 eas
737 996 829 1020 voces,

46 1045 130 1072 eaque
146 1036 297 1071 Scriptura:
312 1037 370 1063 loca
385 1044 492 1071 semper
509 1036 536 1063 in
552 1043 600 1064 ore
611 1035 756 1066 habebant,
771 1041 831 1068 qua:

48 1082 79 1109 ad
99 1081 258 1116 passionem
272 1085 299 1108 et
320 1081 532 1109 exinanitionem
549 1081 609 1116 ejus
623 1080 770 1116 pertinent,
784 1086 832 1113 pe-

47 1128 120 1155 nitus
133 1128 214 1155 obliti
235 1127 361 1159 istorum,
377 1134 437 1162 quae
448 1127 481 1154 ad
497 1126 609 1162 gloriam
621 1130 649 1154 ct
662 1125 830 1160 majestatem

50 1177 74 1201 et
91 1174 278 1208 aqualitatem
303 1181 364 1201 cum
384 1172 464 1201 Patre
487 1172 692 1208 signiﬁcandam
719 1171 830 1199 faciunt.

48 1218 84 1247 De
96 1227 215 1255 quorum
227 1227 342 1247 numero
353 1224 395 1247 est
408 1219 474 1246 illud
489 1218 568 1248 Joan.
584 1226 601 1245 x
614 1227 622 1246 :
642 1217 698 1253 Ego
715 1221 740 1244 at
754 1216 833 1244 Pater

48 1271 126 1290 unum
144 1272 249 1291 sumus.
264 1263 350 1298 Cujus
360 1263 412 1291 loci
428 1264 590 1291 sententiam
604 1262 768 1290 catholicam
785 1261 834 1288 ad-

49 1316 143 1336 versus
154 1309 250 1335 Arium
266 1309 451 1343 explicaturus
467 1307 629 1340 Alexander,
657 1307 727 1334 hanc
741 1306 834 1343 ἐπεξή-

49 1363 127 1391 τησιν
141 1355 295 1389 subjungit.
311 1354 388 1388 Quod
404 1353 512 1389 quidem
539 1352 671 1381 Dominus
688 1353 764 1385 dicit,
779 1360 832 1380 non

49 1398 155 1427 Patrem
172 1400 294 1434 seipsum
309 1399 491 1434 procemtians
511 1408 518 1426 :
530 1398 597 1425 Οὐδὲ
610 1399 660 1430 τὰς
672 1400 705 1434 τῇ
717 1398 834 1430 ὑποστάς

49 1454 90 1472 σει
101 1446 151 1472 δύο
174 1445 270 1480 φύσεις
286 1445 350 1481 μίαν
366 1442 434 1472 εἶναι
460 1445 628 1481 σαφηνιζωκιε
655 1444 712 1472 Hoc
739 1448 834 1477 est.ut

878 209 940 229 cum
957 200 1014 235 ipse
1031 199 1138 234 φύσεως
1168 207 1266 227 nomen
1294 199 1397 235 passim
1421 198 1523 226 usitato
1535 196 1665 227 Ecclesia:

878 254 960 275 sensu
995 250 1108 281 usurpet
1141 245 1243 280 :idque
1276 244 1414 272 mordicus
1442 247 1536 271 contra
1567 241 1664 268 Arium

878 296 1003 324 tueatur,
1034 299 1116 319 unam
1142 299 1204 319 esse
1227 291 1406 327 eamdemque
1434 289 1523 316 Patris
1557 295 1588 315 ac
1617 286 1666 314 Fi-

879 338 908 366 lii
931 342 1073 370 naturam,
1088 342 1116 365 et
1128 337 1248 365 Verbum
1264 337 1343 371 φύσει
1359 336 1457 363 Filium
1481 334 1571 362 Patris
1602 340 1666 361 esse

879 382 960 410 sicuti
974 391 989 410 e
1005 386 1100 410 contra
1118 382 1258 410 contendit
1276 381 1374 408 Filium
1395 388 1449 407 non
1472 387 1532 407 esse
1544 379 1595 414 τῆς
1619 378 1665 405 αὐ-

878 429 928 465 τῆς
964 429 1071 464 φύσεως
1108 429 1164 461 τοῖς
1189 428 1356 464 γενομένοις.
1395 427 1486 460 Quare
1519 427 1663 460 superest,

880 479 910 502 ut
933 475 1015 502 verba
1036 473 1140 506 Grmca,
1172 474 1211 501 uti
1230 481 1304 501 nunc
1336 472 1446 508 quidem
1472 471 1552 506 vulgo
1569 471 1665 505 legun-

879 524 935 550 tur,
957 520 1000 548 vel
1030 519 1218 546 luereticorum
1244 518 1357 551 malitia,
1383 518 1425 544 vel
1447 516 1555 544 inscitia
1581 515 1665 542 libra~

879 565 983 593 riorum
999 570 1128 600 corrupta
1155 565 1289 592 dicamus.
1317 562 1395 597 Quod
1421 561 1500 590 facile
1522 560 1664 593 concedet,

880 612 1004 648 quisquis
1019 616 1138 639 vestrum
1153 618 1208 638 non
1231 611 1349 646 ignorat,
1366 609 1517 640 auditores,
1534 611 1664 642 quantum

879 657 1043 684 calamitatis
1069 660 1096 684 et
1120 664 1243 683 errorum
1273 660 1388 690 utraque
1403 654 1487 690 pestis
1509 656 1666 681 sanctorum

880 703 990 730 Patrum
1007 703 1119 738 scriptis
1133 703 1255 730 intulerit
1272 712 1279 729 :
1296 709 1357 736 quae
1375 709 1469 736 gressu
1485 699 1567 727 nimis
1581 699 1667 726 libero

881 757 929 784 per
943 749 1082 776 Orientem
1095 749 1242 783 aliquando
1264 748 1454 783 grassabatur,
1470 753 1532 773 cum
1547 745 1666 772 dissecta

882 796 910 824 in
925 796 1041 823 haereses
1053 799 1079 823 et
1095 795 1213 830 partium
1227 794 1317 822 studia
1331 793 1464 823 Ecclesia,
1478 793 1558 820 malis
1569 791 1670 826 hujus-.

881 841 954 869 modi
966 841 1084 873 artibus,
1107 848 1162 868 sum
1176 840 1293 875 quisque
1306 847 1395 867 causa:
1405 838 1584 874 patrocinium
1597 843 1668 873 qua:-

880 890 962 915 reret.
984 886 1054 914 Huic
1070 890 1160 914 autem
1176 887 1237 914 loco
1250 886 1345 913 vitium
1357 885 1459 912 factum
1472 884 1601 919 antiquus
1624 883 1668 910 hi-

881 933 972 960 storiae
980 933 1174 960 ecclesiastica:
1187 932 1323 967 interpres
1335 930 1504 966 Epiphanius
1517 930 1669 958 Scholastiv-

881 985 931 1005 cus
948 978 1052 1013 liquido
1072 977 1193 1006 ostendit
1209 987 1215 1005 :
1233 985 1313 1012 quem
1335 977 1428 1004 Graeca
1442 975 1523 1003 verba
1535 983 1590 1002 non
1607 975 1669 1011 qui-

881 1022 943 1050 dem
961 1026 1073 1054 mutata,
1101 1023 1147 1050 sed
1174 1022 1342 1058 transposito
1367 1022 1491 1053 articulo,
1519 1021 1571 1047 hoc
1587 1021 1668 1048 modo

881 1069 946 1096 olim
970 1069 1067 1103 legisse
1091 1072 1202 1105 apparet
1220 1077 1226 1095 :
1245 1068 1311 1095 Οὐδὲ
1335 1069 1367 1103 τῇ
1391 1063 1538 1094 ὑποσὲςᾶσει
1554 1066 1600 1093 δύο
1619 1066 1668 1101 φύ-

883 1121 939 1145 σεις
954 1113 1002 1149 τὴν
1017 1114 1080 1148 μίαν
1102 1112 1345 1149 εἶναισαφηνίζων,
1369 1113 1432 1140 dum
1453 1113 1534 1140 vertit
1551 1120 1558 1138 :
1579 1111 1671 1147 Neque

883 1158 1094 1186 subslantialiter
1104 1158 1170 1185 duas
1182 1164 1291 1185 naluraa
1311 1166 1370 1193 qua:
1388 1163 1425 1185 es!
1436 1166 1500 1190 una,
1517 1157 1667 1184 declarans.

883 1204 968 1237 Quem
983 1211 1076 1232 verum
1093 1208 1120 1232 et
1134 1205 1299 1233 catholicum
1315 1204 1397 1239 hujus
1413 1204 1466 1231 loci
1481 1211 1592 1231 sensum
1608 1210 1671 1230 esse

883 1251 961 1278 facile
975 1251 1133 1286 perspiciet.
1149 1250 1275 1286 quisquis
1301 1250 1353 1278 hoc
1379 1250 1459 1277 modo
1476 1245 1535 1277 rem
1561 1256 1671 1277 mecum

883 1296 1108 1324 consideraverit.
1123 1296 1269 1324 Catholica:
1282 1296 1410 1324 Ecclesiae
1419 1295 1497 1327 ﬁdes,
1512 1303 1572 1330 qua:
1584 1302 1669 1322 unum

883 1342 968 1370 Deum
984 1343 1012 1370 in
1023 1342 1167 1374 Trinitate,
1180 1346 1207 1370 et
1221 1342 1382 1370 Trinitatem
1397 1342 1425 1368 in
1441 1342 1544 1368 unitate
1561 1349 1672 1369 venera-

885 1393 940 1420 tur,
958 1390 1029 1416 inter
1042 1389 1183 1424 oppositos
1198 1396 1322 1416 errorum
1340 1388 1479 1422 scopulos,
1497 1392 1521 1415 el
1541 1379 1671 1421 multipli-

884 1441 930 1464 ces
946 1433 1148 1461 mendaciorum
1161 1433 1299 1469 ambages,
1314 1433 1396 1468 regia:
1410 1433 1460 1460 via:
1471 1432 1566 1465 instar,
1582 1433 1671 1460 medio

49 1478 186 1525 in.”pr
199 1490 232 1517 ad
245 1478 358 1517 νεέιιιηη
374 1489 462 1517 reddi.
476 1498 482 1517 τ
500 1478 589 1523 Neque
609 1489 677 1515 dua,
692 1489 834 1516 secundum
847 1501 868 1531 C
886 1479 949 1506 loco
961 1479 1074 1511 incedit,
1088 1479 1212 1531 devitans
1225 1479 1289 1506 hinc
1306 1478 1370 1531 inde
1387 1478 1558 1529 imminentia
1584 1478 1671 1507 haere-

50 1535 215 1569 aypostasim
227 1539 341 1562 naturas
356 1542 437 1561 unam
456 1542 512 1561 esse
524 1533 663 1561 declarans
678 1541 687 1560 :
700 1534 747 1562 sed
761 1534 834 1570 quod

49 1580 146 1613 Filius,
159 1582 258 1616 inquit,
272 1582 391 1617 perfecte
402 1585 542 1617 paternam
557 1580 764 1608 similitudinem
778 1589 836 1610 ser—

51 1632 106 1656 vat.
132 1628 286 1662 Quaesitum
304 1636 319 1656 a
334 1637 377 1657 me
392 1629 443 1657 fuit
456 1629 519 1664 quis
538 1635 635 1656 sensus
651 1627 758 1655 illorum
775 1635 837 1655 ver-

49 1677 146 1702 borum
164 1685 172 1702 :
191 1675 259 1702 Οὒδὲ
283 1675 332 1707 τὰς
354 1676 387 1711 τῇ
411 1675 557 1702 ὑποστάσει
578 1674 624 1701 δύο
646 1673 742 1708 φύσεις
772 1673 836 1708 μίαν

50 1718 118 1748 εἶναι
133 1722 301 1758 σαφηνιζων,
319 1730 398 1757 neque
416 1722 482 1749 duas
511 1721 652 1748 secundum
672 1720 834 1756 hypostasim

50 1771 175 1794 naturam
197 1776 279 1795 unum
292 1776 348 1795 me
359 1767 508 1795 declarans.
537 1767 605 1794 Cum
631 1766 704 1794 enim
729 1766 773 1794 hic
789 1774 837 1794 ne-

51 1820 187 1848 quaquam
201 1814 235 1841 de
246 1813 454 1845 Incarnationis,
462 1813 518 1841 sive
528 1813 681 1849 οἰκονομίας
695 1813 835 1849 mysterio,

50 1859 78 1883 et
92 1857 263 1892 hypostatica
287 1857 368 1885 Verbi
383 1858 528 1893 carnisque
545 1858 646 1885 unione
665 1863 774 1893 agatur;
789 1858 837 1886 sed

51 1901 85 1928 ad
101 1902 287 1929 sanctissima:
302 1902 445 1930 Trinitatis
470 1902 642 1938 mysterium,
663 1903 720 1930 sive
732 1903 765 1930 ad
780 1903 838 1930 θεο-

53 1947 145 1981 λογίαν
163 1948 242 1976 locus
255 1948 398 1983 pertineat,
414 1949 559 1977 manifeste
585 1949 654 1977 duas
667 1948 789 1976 diversas
811 1953 838 1976 et

53 1992 200 2020 distinctas
218 1993 309 2021 Patris
325 1998 352 2022 et
380 1993 441 2021 Filii
456 1998 568 2023 naturas
583 2002 684 2030 ponere
702 1993 808 2022 videtur
829 2003 835 2021 :

53 2038 125 2074 quod
140 2039 256 2073 impium
269 2039 327 2066 Arii
347 2039 444 2075 dogma
460 2043 528 2071 erat,
558 2040 603 2067 cui
619 2039 769 2067 refellendo
781 2043 838 2068 tota

53 2085 109 2113 hac
125 2086 242 2121 epistola
260 2086 386 2120 opposita
404 2089 455 2113 est.
470 2085 540 2119 Quid
557 2085 659 2121 igitur?
685 2093 750 2112 num
769 2084 838 2113 forte

53 2132 139 2158 ἄλλων
156 2131 250 2167 ἰητρὸς
263 2131 344 2164 αὐτὸς
353 2131 444 2158 ἕλκεσι
460 2131 554 2167 βρύει;
572 2132 619 2159 sed
634 2131 714 2164 absit,
729 2134 760 2158 ut
775 2138 838 2159 san-

886 1533 947 1554 sum
962 1529 1095 1558 monstra,
1120 1532 1179 1560 qua:
1195 1525 1292 1552 insano
1307 1525 1426 1552 clamore
1447 1525 1587 1551 veritatem
1605 1525 1673 1552 alla-

885 1575 978 1598 trant:
995 1576 1024 1598 ut
1038 1578 1125 1606 neque
1140 1578 1272 1606 personas
1286 1578 1349 1598 cum
1367 1570 1487 1598 Sabellio
1502 1569 1668 1602 confundat,

886 1625 974 1654 neque
983 1625 1044 1645 cum
1056 1617 1121 1648 Ario
1135 1617 1316 1645 substantiam
1333 1620 1451 1652 separet.
1466 1615 1543 1642 Hanc
1556 1615 1672 1642 catholi-

886 1672 924 1692 cae
933 1664 1055 1692 veritatis
1070 1671 1232 1700 cynosuram
1242 1662 1426 1690 Alexandrum
1438 1669 1545 1697 quoque
1553 1661 1604 1688 hoc
1612 1662 1672 1689 loco

887 1714 1010 1738 secutum
1021 1713 1138 1742 constat,
1152 1709 1197 1747 qui
1211 1708 1358 1743 propositis
1373 1707 1475 1735 Christi
1487 1707 1589 1740 verbis,
1602 1707 1673 1734 duos

887 1756 951 1783 hinc
975 1755 1038 1783 inde
1061 1755 1229 1782 adulterinos
1256 1761 1353 1781 sensus
1380 1760 1535 1786 removens,
1560 1753 1672 1780 tertium

887 1802 984 1829 deinde
1000 1808 1094 1828 verum
1110 1804 1137 1828 et
1152 1800 1299 1836 genuinum
1317 1799 1468 1834 subjungit.
1483 1798 1550 1833 Ego,
1572 1798 1671 1833 inquit,

887 1853 911 1875 et
922 1848 1001 1874 Pater
1014 1855 1095 1875 unum
1103 1854 1205 1878 sumus,
1217 1853 1270 1874 non
1285 1849 1313 1875 ut
1322 1853 1351 1873 se
1361 1845 1468 1872 Patrem
1484 1852 1544 1872 esse
1554 1844 1672 1871 allirma-

887 1897 939 1921 ret.
955 1899 1009 1927 quo
1025 1898 1201 1926 personarum
1213 1889 1412 1921 confusionem,
1421 1892 1448 1915 et
1460 1887 1569 1917 Sabellii
1578 1887 1672 1915 υἰοπά-

888 1947 952 1974 τορα
968 1938 1048 1965 tollit.
1069 1936 1162 1972 Neque
1176 1939 1205 1963 ut
1220 1934 1436 1966 substantialiter
1459 1933 1529 1960 duas
1547 1936 1671 1964 naturas,

887 1993 947 2021 quae
960 1988 1001 2012 est
1016 1991 1079 2016 una,
1095 1983 1245 2011 declararet
1265 1991 1272 2009 :
1291 1981 1343 2010 hoc
1357 1984 1411 2014 est,
1427 1987 1481 2007 non
1502 1983 1531 2007 ut
1547 1986 1629 2006 unam
1639 1986 1673 2006 ac

889 2030 1120 2066 simplicissimam
1134 2028 1225 2056 Patris
1241 2027 1356 2063 Filiique
1366 2030 1491 2054 naturam
1507 2026 1535 2053 in
1551 2025 1620 2053 duas
1631 2024 1673 2052 di-

888 2078 991 2105 videret
1007 2086 1013 2104 :
1026 2083 1081 2111 quo
1108 2075 1266 2103 substantia;
1288 2073 1487 2109 separationem
1502 2073 1537 2099 ab
1551 2072 1616 2099 Ario
1630 2071 1674 2099 in-

889 2123 1043 2151 troductam
1058 2121 1188 2150 removet.
1200 2119 1333 2152 Tandem,
1348 2119 1464 2148 sublatis
1479 2117 1613 2146 hincinde
1628 2125 1674 2145 er-

55 2164 210 2205 ctissimuni
235 2177 326 2204 virum
344 2164 501 2212 hujusmodi
516 2164 578 2205 labe
602 2185 746 2212 aspergere
761 2177 838 2213 quis-
854 2170 879 2200 D
890 2178 981 2198 rorum
997 2168 1137 2201 extremis,
1154 2167 1316 2200 catholicam
1332 2166 1393 2200 ejus
1405 2165 1457 2193 loci
1473 2167 1591 2192 mentem
1605 2164 1672 2213 sub-

54 2232 136 2258 quam
163 2227 279 2251 conetur
297 2222 303 2247 !
319 2223 382 2251 Mihi
412 2231 478 2251 vero
497 2224 550 2251 loci
565 2223 646 2258 hujus
676 2223 837 2253 sententiam

55 2271 147 2297 animo
158 2269 280 2297 versanti
311 2269 372 2297 duae
394 2269 575 2298 occurrebant
588 2270 720 2302 rationes,
738 2270 838 2305 quibus

55 2317 78 2344 si
96 2325 152 2344 non
165 2316 308 2351 explicari,
331 2316 426 2344 saltem
437 2316 562 2344 excusari
589 2323 670 2351 posse
683 2317 837 2344 videbatur.

55 2361 190 2390 Videlicet
217 2364 370 2392 auctorem,
385 2364 416 2387 ut
431 2360 595 2388 Arianorum
621 2361 785 2388 sententiam
800 2369 839 2388 re-

57 2407 141 2439 fellat,
156 2407 279 2442 ipsorum
292 2406 346 2433 sibi
360 2413 440 2434 voces
455 2414 487 2434 ac
514 2406 646 2435 formulas
660 2407 770 2434 mutari.
791 2406 840 2434 Vel

56 2453 78 2481 si
89 2460 141 2482 suo
151 2461 245 2484 sensu,
255 2452 368 2487 suisque
376 2452 466 2480 verbis
479 2453 599 2481 locutum
614 2453 739 2486 velimus,
748 2453 839 2488 φύσιν,

56 2499 113 2526 sive
129 2502 254 2526 naturam
266 2504 317 2532 pro
331 2497 476 2525 ὑποστάσει
499 2499 637 2534 accepisse
653 2508 660 2528 ς
683 2499 755 2534 quod
770 2499 840 2527 forte

56 2543 310 2579 antiquissimorum
325 2546 466 2571 auctorum
478 2544 608 2579 exemplis
618 2552 673 2572 non
685 2548 768 2572 caret.
786 2543 839 2572 Sed

57 2590 119 2615 dum
134 2588 260 2624 pressius
277 2589 386 2623 singula
410 2590 543 2624 expendo,
557 2593 682 2618 neutrum
703 2590 769 2617 mihi
786 2589 839 2617 loci

57 2641 153 2662 sensus
168 2634 315 2661 admittere
328 2633 444 2662 videtur.
457 2635 578 2663 Primum
603 2636 674 2664 enim
698 2637 766 2668 suis,
783 2643 838 2663 non

57 2680 219 2707 Arianorum
229 2680 332 2714 verbis,
346 2688 408 2708 cum
419 2681 492 2717 loqui
512 2681 763 2710 manifestissimum
784 2686 836 2710 est.

58 2722 156 2752 Deinde
186 2727 330 2759 utcunque
349 2726 471 2761 exempla
495 2727 558 2762 quis
576 2726 696 2762 proferat
719 2727 836 2762 φύσεως,

58 2769 110 2798 sive
129 2773 235 2795 uatum
252 2778 347 2799 vocem
362 2779 411 2807 pro
426 2772 572 2800 ὑποστάσει
596 2773 741 2809 aliquando
760 2781 837 2801 acce-

105 2847 185 2877 Uac.
209 2856 228 2882 ι,
250 2848 293 2881 Π.

888 2216 959 2252 jicit,
974 2214 1100 2243 videlicet
1115 2212 1213 2241 Filium
1228 2217 1326 2239 natura
1342 2211 1416 2238 Patri
1433 2219 1481 2246 per
1493 2210 1584 2238 omnia
1597 2209 1673 2237 simi-

890 2263 953 2294 lem,
970 2265 997 2288 et
1010 2259 1171 2287 invariatam
1184 2258 1273 2285 Patris
1298 2258 1441 2292 imaginem
1457 2264 1518 2284 esse
1532 2265 1539 2284 τ
1556 2264 1611 2291 quo
1627 2255 1674 2283 ille

889 2312 916 2336 et
942 2315 1023 2337 unam
1053 2305 1228 2340 eamdemque
1255 2303 1344 2331 Patris
1357 2307 1384 2331 et
1399 2302 1459 2329 Filii
1483 2307 1619 2333 naturam,
1646 2306 1673 2329 et

890 2355 1036 2383 distinctas
1049 2352 1184 2389 prototypi
1195 2355 1222 2379 et
1236 2350 1362 2386 imaginis
1375 2349 1537 2385 hypostases
1559 2348 1672 2376 conﬁte-

891 2407 945 2430 tur.
959 2400 1011 2429 Sed
1027 2401 1071 2428 hic
1085 2399 1151 2427 mihi
1165 2406 1258 2426 aurem
1272 2397 1334 2433 quis
1353 2396 1472 2428 vellicet,
1486 2400 1514 2423 et
1537 2395 1602 2432 quid
1625 2394 1676 2426 δύο

891 2450 924 2484 τῇ
942 2447 1090 2475 ὑποστάσει
1118 2445 1213 2480 φύσεις
1239 2444 1290 2472 sibi
1321 2442 1415 2474 velint,
1431 2441 1513 2473 .baud
1539 2441 1675 2469 immerito

891 2498 1078 2531 qumrat,cum
1093 2492 1164 2528 apud
1190 2496 1303 2519 caeteros
1324 2488 1453 2516 Ecclesiae
1478 2487 1573 2515 Patres
1601 2487 1674 2515 haud

892 2542 971 2569 facile
983 2538 1141 2575 hujusmodi
1154 2536 1281 2572 loquendi
1297 2535 1406 2563 modum
1423 2534 1459 2562 sit
1477 2534 1607 2569 reperire.
1621 2533 1674 2561 Sed

892 2595 947 2616 non
959 2594 1013 2614 uno
1025 2586 1108 2620 hujus
1120 2583 1240 2619 epistolae
1254 2582 1314 2609 loco
1327 2580 1432 2608 ostendi
1442 2583 1531 2615 potest
1557 2579 1675 2605 ὑποστάς

893 2641 960 2664 σεως
973 2630 1132 2658 vocabulum
1144 2635 1198 2656 non
1208 2630 1263 2654 tam
1277 2626 1445 2653 individuum
1460 2632 1506 2653 seu
1517 2624 1675 2654 distinctum

891 2677 1079 2715 personalibus
1089 2672 1298 2710 proprietatibus
1315 2672 1478 2706 subjectum,
1491 2670 1534 2698 vel
1545 2677 1675 2705 persona-

890 2725 943 2752 lem
967 2720 1169 2750 subsistentiam
1190 2719 1295 2746 auctori
1313 2722 1407 2745 nostro
1417 2716 1581 2753 signiﬁcare,
1593 2723 1675 2750 quam

890 2770 1000 2799 modum
1013 2765 1190 2800 subsistendi,
1204 2773 1282 2802 quem
1299 2764 1423 2792 Justinus
1437 2763 1549 2799 Martyr,
1577 2762 1678 2800 aliique
