1909 3069
255 107 307 134 543

780 106 808 132 S.
831 105 1038 133 ALEXANDER
1056 105 1330 134 ALEXANDRI‘NUS.

1812 109 1864 136 5H

253 161 339 191 Graeci
352 161 466 197 theologi
477 161 520 188 τὸν
537 162 634 198 τρόπον
644 162 692 197 τῆς
707 162 858 197 ὑπάρξεως,
883 163 925 190 vel
951 163 1031 190 etiam

1083 167 1186 198 terpres
1203 163 1304 190 recedit
1321 172 1326 190 :
1350 161 1485 197 Tanquam
1507 170 1552 196 per
1574 163 1668 197 ipsum,
1684 162 1753 190 velut
1769 163 1863 190 inmm-

254 207 424 242 simpliciter,
443 207 492 242 τὴν
521 207 634 243 ὓπαρξιν
661 208 807 242 appellant.
835 208 872 235 lta
902 209 1031 236 Joannem

252 252 447 287 evangelistam
471 253 604 280 dicentem
621 262 628 280 :
643 253 675 280 In
692 254 820 288 principio
836 259 891 280 erat
908 254 1030 286 Verbum,

253 303 280 325 et
311 298 399 324 omnia
430 306 475 332 per
502 299 586 332 ipsum
611 299 683 333 facta
707 304 778 332 sunt,
801 300 848 335 τὴν
885 301 1033 336 ἰδιότροπον

254 346 335 372 αὐτοῦ
352 345 510 378 ὑπόστασιν,
521 347 660 380 proprium
682 345 742 380 ejus
768 348 949 375 subsistentiae
977 356 1034 376 mo-

253 391 328 422 dum,
342 392 408 424 sive,
422 396 450 418 ut
463 391 628 426 Epiphanius
639 393 729 424 vertit,
744 394 880 427 propriam
895 393 954 427 ejus
968 394 1034 421 sub-

254 437 381 464 stantiam
403 437 559 471 designasse
570 437 607 463 ait
629 446 634 463 :
658 437 746 471 ipsum
770 437 874 464 scilicet
902 437 1032 469 Verbum,

252 490 302 518 per
315 482 386 517 quod
399 482 467 509 facta
483 486 545 508 sunt
560 482 662 514 omnia,
677 482 759 509 fuisse
769 484 926 510 anteomnia
938 487 964 510 et
974 492 1033 511 esse

253 528 312 556 sive
326 528 475 555 subsistere
494 527 630 554 diversum
646 528 710 563 quid
736 535 751 555 a
767 528 873 556 caneris
886 529 1031 557 omnibus:

253 581 335 608 quain
353 573 396 600 iile
419 573 567 606 signanter,
594 572 741 609 ἰδιότροπον
768 573 914 599 ὑπόστασιν
944 577 1032 600 vocat.

253 619 358 652 Quibus
383 619 463 653 paulo
493 623 552 652 post
580 618 729 653 subjungit,
753 619 882 645 mundum
902 626 934 646 ex
949 619 1033 646 nihilo

254 662 431 699 productum,
458 662 591 698 νεωτέραν
611 662 682 696 ἔχειν
712 662 762 697 τῆς
784 662 957 694 ὑποστάσεως
988 663 1034 689 καὶ

253 709 407 745 πρόσφατον
422 708 537 742 γένεσιν,
556 709 724 735 recentiorem
745 709 867 736 habuisse
885 710 1033 744 generatio-

254 763 323 786 nem,
337 756 404 787 sive,
419 759 448 781 ut
460 754 626 789 Epiphanius
640 755 673 781 ad
695 754 806 782 verbum
821 754 919 786 reddit,
948 755 1034 782 nouel-

253 800 307 827 lam
316 800 408 827 habere
421 800 574 827 subslanlire
589 806 763 836 recentemque
790 801 962 827 nativitatem.
983 800 1033 828 Ubi

253 847 320 874 nihil
336 846 407 873 aliud
423 845 598 878 ὑποστάσεως
612 855 677 874 voce
702 847 813 881 intelligi
837 851 937 882 potest,
951 854 1032 881 quam

253 893 312 928 ipsa
332 892 447 928 ὖπαρξις
458 897 484 920 et
499 894 668 920 exsistcntia.
683 892 759 920 Unde
786 901 866 927 quam
889 893 970 919 modo
984 892 1033 928 τῆς

254 938 426 969 ὑποστάσεως
441 938 557 972 γένεσιν,
569 938 765 972 productionem
792 938 825 964 ad
854 937 1033 965 exsistendnm

252 984 331 1016 dixit,
344 992 406 1011 mox
422 984 603 1019 mquipollenti
620 984 751 1011 vocabulo
765 984 891 1010 οὺσίωσιν
905 983 1030 1018 appellat.

253 1028 286 1056 Et
302 1029 395 1064 paucis
414 1029 564 1064 interjectis
595 1028 654 1056 Filii
683 1029 814 1064 unigeniti
841 1029 1032 1065 ἀνεκδιήγητον

253 1075 399 1102 ὑπόστασιν
415 1079 511 1108 vocat;
529 1075 563 1102 de
575 1083 627 1109 qua
644 1075 762 1110 Spiritus
790 1079 901 1103 sanctus
917 1076 1032 1111 prophe-

252 1121 308 1148 tico
321 1121 430 1148 oraculo
455 1121 558 1148 dixerat
576 1130 582 1147 τ
598 1121 652 1156 Τὴν
680 1121 776 1155 γενεὰν
799 1121 878 1147 αὑτοῦ
907 1121 947 1152 τίς
974 1121 1032 1156 διη-

251 1165 381 1202 γῆσεται;
411 1165 608 1193 Generationcm
633 1166 689 1200 ejus
716 1167 773 1201 quis
800 1165 953 1194 enarrabit?
983 1166 1032 1193 libi

253 1212 399 1238 ὑπόστασιν
415 1215 442 1238 et
453 1211 548 1245 γενεάν
566 1212 719 1245 promiscue
732 1218 780 1245 pro
805 1218 859 1238 uno
885 1211 1034 1246 eodemque

253 1256 317 1292 poni
334 1257 396 1292 quis
410 1264 465 1283 non
478 1256 567 1283 videt?
578 1256 642 1289 Qua»
658 1256 720 1283 licet
731 1257 758 1283 in
771 1256 870 1283 divinis
891 1257 945 1283 sint
960 1257 1029 1284 inse-

253 1303 396 1339 parabilia,
414 1302 441 1329 in
456 1303 561 1329 emteris
578 1307 667 1329 tamen
683 1303 805 1337 γενητοῖς
826 1302 916 1336 γενεά,
932 1303 973 1329 via
999 1302 1032 1336 rd

253 1347 402 1374 ὑπόστασιν
416 1354 476 1373 esse
493 1346 608 1374 vitietur.
621 1345 721 1374 Verum
734 1352 760 1374 et
778 1347 843 1374 illud
857 1355 890 1374 ex
907 1348 974 1375 locis
990 1348 1034 1374 ba-

253 1397 351 1420 ctenus
369 1400 383 1419 a
406 1401 449 1420 me
464 1393 604 1428 productis
633 1401 680 1421 vos
706 1394 877 1428 perspexisse
904 1393 1031 1424 arbitror,

255 1437 435 1473 Epiphanium
447 1442 563 1465 veterem
582 1439 765 1473 interpretem,
789 1439 888 1473 ubique
917 1439 1034 1465 ὑποστά-

256 1492 327 1515 σεως
340 1491 443 1515 vocem,
460 1492 512 1511 non
527 1484 730 1511 subsistentiam
746 1493 778 1512 es
792 1489 899 1518 recepta
923 1489 1033 1511 saneto-
1048 1501 1068 1529 ο

255 1536 315 1556 rum
331 1529 438 1555 Patrum
454 1533 481 1555 et
500 1529 604 1556 Scitula:
625 1529 831 1562 consuetudine,
849 1529 896 1556 sed
907 1529 1035 1556 substan-

253 1574 319 1600 tiam
335 1581 396 1600 cum
411 1573 518 1608 vulgato
541 1573 688 1602 Bibliorum
711 1575 855 1608 interprete
876 1574 1033 1602 reddidisse.

255 1617 332 1646 Unde
342 1622 368 1645 et
382 1619 431 1645 hoc
443 1619 511 1651 loco,
524 1619 572 1651 τὰς
583 1621 616 1655 τῇ
631 1620 776 1646 ὑποστάσει
787 1620 832 1646 δύο
844 1620 947 1654 φύσεις,
959 1620 1035 1646 subs-

255 1665 402 1691 tantiah‘tcr
412 1664 478 1691 duas
489 1670 597 1692 naturas
607 1665 703 1698 vertit;
716 1665 767 1692 hoc
778 1670 820 1692 est
833 1673 946 1700 quarum
961 1669 1035 1693 utra-

255 1717 308 1743 que
323 1708 456 1735 diversam
471 1709 651 1737 substantiam
667 1710 723 1737 sive
738 1709 904 1738 subsistcndi
925 1710 1034 1737 modum

256 1754 363 1782 habeat.

292 1799 381 1835 Atque
395 1801 452 1829 haec
468 1801 575 1836 quidem
594 1801 626 1828 ad
636 1800 780 1832 difficilem,
793 1803 820 1827 et
832 1808 893 1828 vere
905 1799 1033 1828 Gordium

255 1845 338 1881 hujus
348 1848 467 1882 epistola:
484 1847 595 1879 nodum,
610 1847 650 1874 vel
667 1847 836 1878 solvendum,
851 1847 893 1873 vel
911 1847 1035 1874 scinden-

256 1891 320 1918 dum
337 1893 424 1920 attuli.
435 1893 499 1926 Qum
511 1900 560 1927 ego
573 1893 724 1919 doctiorum
745 1891 847 1926 judicio
858 1891 956 1918 lubens
974 1892 1036 1919 sub-

257 1937 342 1964 initto.
358 1937 393 1965 De
406 1947 460 1974 quo
472 1939 531 1965 lm-o
548 1939 570 1966 si
581 1939 642 1973 quis
657 1937 773 1965 certiora
790 1945 832 1966 me
845 1937 978 1969 docuerit,
994 1945 1035 1964 nae

257 1982 302 2010 ille
316 1991 439 2019 magnam
452 1984 503 2012 sibi
518 1984 612 2019 gratim
626 1982 777 2010 mercedem
790 1982 859 2017 apud
870 1990 912 2010 me
928 1991 1036 2018 prome~

257 2030 353 2055 ruerit.

294 2073 331 2101 Ex
352 2075 479 2110 prietlicto
500 2075 560 2108 divi,
572 2074 684 2102 Joannis
706 2075 765 2102 loco
789 2075 954 2110 probaturus
974 2074 1035 2101 Ale-

256 2119 359 2147 xander
372 2120 469 2147 Filium
484 2120 530 2147 Dei
549 2128 595 2155 per
614 2119 703 2147 omnia
723 2120 874 2155 exprimere
890 2124 916 2146 et
934 2119 1034 2146 referre

1083 209 1200 235 culamm
1212 213 1236 235 et
1249 207 1362 235 animale
1377 208 1508 242 speculum
1523 207 1618 234 divina:
1642 207 1767 242 imaginis
1783 207 1864 235 Pater

1083 255 1280 289 conspiceretur.
1307 254 1368 281 Ilaec
1393 254 1563 289 interpretes.
1580 253 1701 287 Quorum
1727 255 1864 281 neminem

1084 300 1203 327 auctoris
1226 303 1343 327 mentem
1358 304 1515 334 penetrasse
1527 299 1707 333 praetidenter,
1735 299 1786 327 sed
1803 307 1866 327 vere

1083 345 1270 372 atlirmaverim
1285 355 1291 372 :
1306 353 1366 372 cum
1382 345 1546 380 transposila
1558 345 1697 373 distinctio
1720 346 1865 381 glaucoma

1083 390 1151 425 ipsis
1169 390 1304 417 oll‘uderit.
1323 390 1376 417 Sed
1392 398 1453 417 cum
1468 398 1500 417 ex
1517 390 1570 417 levi
1591 391 1693 418 erroris
1718 391 1867 418 occasione

1083 436 1191 470 elegans
1206 435 1357 463 disserendi
1371 436 1498 462 materies
1516 442 1544 462 se
1558 434 1664 466 oﬂ'erat,
1678 435 1745 462 illud
1762 435 1867 470 princi-

1085 483 1128 515 pio
1141 481 1303 512 monuerim,
1318 480 1543 515 quemadmodum
1558 480 1756 507 nobilissimam
1771 479 1867 507 Corin-

1084 525 1132 552 thii
1148 525 1209 552 aeris
1225 526 1377 556 misturam,
1393 533 1425 552 ex
1437 525 1495 552 auri
1511 525 1678 560 aliorumque
1692 525 1866 552 metallorum

1084 571 1274 606 colliquatione
1287 575 1393 598 enatam
1409 574 1513 598 veteres
1529 571 1671 605 prodidere
1688 580 1694 598 :
1712 571 1749 597 ita
1763 578 1798 598 ex
1816 578 1865 597 va-

1083 617 1133 644 riis
1148 616 1301 643 divinorum
1316 616 1358 643 elo
1369 616 1485 649 ,uiorum
1501 615 1625 644 conflatis
1637 616 1708 643 inter
1718 623 1747 643 se
1756 619 1784 642 et
1800 623 1866 642 con-

1084 663 1229 690 tessellatis
1246 663 1325 694 locis.
1351 667 1476 697 tanquam
1492 670 1524 689 ex
1539 670 1606 689 auro
1621 662 1735 697 probato
1751 662 1864 696 septies.

1084 709 1295 744 pulcherrimum
1310 709 1384 735 illum
1396 712 1423 735 et
1438 716 1500 736 vere
1511 716 1622 735 aureum
1637 712 1795 735 sanctorum
1814 707 1864 734 Pa-

1084 758 1156 781 trum
1167 754 1295 788 loquendi
1311 754 1496 780 characterem
1512 753 1653 780 exsistere.
1671 753 1758 786 Quem
1774 754 1820 788 qui
1838 754 1866 780 in

1084 807 1174 826 rerum
1186 806 1324 826 sacrarum
1338 799 1497 825 tractatione
1514 798 1660 833 negligunt,
1678 798 1716 824 illi
1743 799 1864 833 plerum-

1083 853 1135 880 que
1145 845 1368 880 persuasibilibus
1376 845 1500 871 humanae
1507 844 1646 878 sapientiae
1654 845 1742 871 verbis
1752 844 1864 879 turgidi,

1083 890 1241 918 ostensione
1252 894 1341 917 autem
1368 889 1482 925 spiritus
1500 893 1526 916 et
1540 888 1649 916 virtutis
1672 889 1809 919 destituti.
1828 897 1865 917 tes

1082 944 1192 966 sonans.
1202 941 1231 963 ut
1238 936 1357 970 Apostoli
1368 935 1456 963 verbis
1464 937 1532 965 utar,
1539 940 1565 962 et
1572 935 1724 969 cymbalum
1731 935 1863 962 tinnicns‘

1081 983 1208 1011 evadunt.
1227 982 1291 1010 Mihi
1320 986 1409 1009 autem
1429 981 1503 1008 inter
1522 985 1618 1008 caetera
1633 988 1690 1008 sam
1701 985 1792 1007 torum
1814 980 1865 1007 Pa-

1082 1032 1152 1056 trum
1171 1033 1354 1060 monumenta,
1370 1035 1429 1062 qua:
1440 1035 1512 1054 nunc
1528 1026 1561 1053 ad
1576 1034 1684 1053 manum
1713 1031 1779 1054 sunt
1802 1027 1864 1053 Aie-

1081 1074 1178 1101 xandri
1193 1074 1314 1109 epistola:
1325 1073 1535 1108 pulcherrimam
1549 1073 1720 1100 vermiculati
1745 1073 1788 1099 vel
1805 1081 1864 1099 mu-

1082 1121 1133 1148 sivi
1148 1121 1238 1155 operis
1254 1120 1370 1154 speciem
1387 1119 1488 1147 referre
1503 1118 1639 1145 videntur.
1663 1118 1701 1145 lta
1725 1119 1863 1153 perpetuis

1082 1172 1167 1193 sacrae
1187 1165 1334 1200 Scripturte
1355 1165 1524 1192 emblematis
1542 1164 1719 1191 intersunt-tae
1732 1165 1862 1191 relucent.

1081 1210 1159 1242 Quod
1173 1218 1227 1246 pra:
1243 1210 1359 1242 caneris,
1383 1209 1425 1237 vel
1455 1216 1526 1236 unus
1544 1209 1587 1236 hic
1611 1209 1687 1236 locus
1712 1209 1866 1236 luculenter

1082 1257 1211 1285 ostendit.
1227 1257 1293 1284 Cum
1316 1257 1387 1283 enim
1405 1255 1549 1291 Sapientia:
1575 1263 1635 1289 cap.
1657 1263 1706 1286 vn,
1724 1255 1797 1282 inter
1811 1255 1865 1281 alia

1082 1304 1222 1330 innumera
1236 1303 1333 1338 elogia.
1351 1301 1488 1337 Sapientia
1505 1300 1595 1327 divina
1610 1305 1721 1327 vocetur
1740 1300 1865 1334 ἀπαύγα-

1083 1357 1138 1381 σμα
1164 1348 1250 1382 φωτὸς
1278 1348 1373 1380 ἀϊδίου,
1403 1347 1450 1373 καὶ
1468 1346 1596 1381 ἔσοπτρον
1622 1346 1788 1381 ὰκηλίδωτον
1814 1346 1865 1381 τῆς

1081 1394 1127 1420 τοῦ
1155 1393 1220 1420 Θεοῦ
1250 1394 1397 1429 ἐνεργείας.
1429 1393 1476 1419 καὶ
1503 1391 1584 1418 εὶκὼν
1614 1392 1663 1427 τῆς
1696 1392 1866 1428 ἀγαθότητος

1081 1439 1162 1466 αὐτοῦ
1179 1448 1184 1454 ε
1198 1440 1249 1466 hoc
1267 1443 1318 1472 est,
1343 1438 1442 1465 candor
1465 1438 1531 1464 lucis
1553 1442 1671 1469 reterna',
1686 1442 1712 1464 et
1728 1438 1864 1471 speculum

1084 1485 1139 1512 sine
1150 1486 1253 1512 macula
1271 1485 1317 1511 Dei
1332 1485 1490 1518 majestatis,
1501 1488 1525 1510 et
1537 1484 1621 1519 imago
1634 1483 1759 1510 bonitatis
1776 1483 1865 1516 illius,

1085 1531 1146 1565 quis
1157 1539 1209 1558 non
1224 1531 1295 1558 videt
1305 1530 1359 1558 divi
1379 1529 1456 1556 Pauli
1469 1531 1590 1564 exemplo
1603 1530 1690 1557 locum
1709 1529 1783 1556 hunc
1801 1530 1865 1557 inde

1084 1575 1153 1603 vivis
1182 1575 1317 1602 coloribus
1346 1575 1554 1602 adumbratum?
1576 1574 1660 1609 Cujus
1696 1582 1747 1610 ego
1779 1575 1865 1602 ductu

1085 1626 1111 1649 et
1124 1622 1263 1656 auspiciis,
1273 1621 1326 1648 duo
1337 1621 1380 1648 illa
1389 1621 1503 1655 epitheta
1521 1621 1622 1655 speculi
1637 1620 1804 1655 ἀκηλιόώτου
1817 1622 1865 1648 καὶ

1085 1667 1217 1702 ἐμψύχου,
1232 1667 1301 1694 male
1313 1666 1345 1693 ab
1370 1665 1563 1700 interpretibus
1592 1666 1740 1700 conjuncta
1765 1666 1864 1693 distin-

1084 1713 1174 1739 ctione
1187 1712 1343 1746 iuterposita
1358 1712 1497 1739 diviserint
1511 1720 1517 1738 :
1533 1715 1560 1738 et
1585 1711 1720 1746 posterius
1738 1712 1772 1738 ad
1794 1711 1865 1738 divi-

1085 1766 1146 1785 nam
1162 1758 1304 1793 imaginem
1316 1757 1452 1785 retulerim
1464 1765 1470 1782 :
1488 1756 1592 1792 Ὧσπερ
1604 1757 1636 1783 δι’
1650 1758 1782 1792 ἐσόπτρου
1796 1759 1864 1791 ἀκη-

1084 1803 1204 1835 λιδώτου,
1223 1803 1269 1830 καὶ
1285 1803 1405 1838 ἐμψύχου
1429 1802 1502 1833 θείας
1526 1802 1626 1833 εἰκόνος
1643 1801 1724 1828 αὑτοῦ
1746 1802 1865 1837 θεωρου-

1087 1851 1167 1885 μένου
1177 1849 1223 1876 τοῦ
1235 1849 1349 1884 Πατρός·
1367 1849 1498 1881 Quoniam
1515 1856 1560 1883 per
1580 1849 1665 1882 ipsum
1678 1853 1803 1882 tanquam
1820 1857 1865 1882 per

1085 1895 1216 1930 speculum
1232 1895 1287 1921 sine
1297 1893 1410 1926 macula,
1422 1894 1548 1923 et-iieram
1562 1894 1614 1920 sive
1626 1893 1774 1919 animatam
1796 1893 1864 1919 diri.

1085 1950 1146 1968 nam
1160 1941 1299 1975 imaginem
1311 1940 1365 1974 ipse
1380 1940 1459 1979 etiam
1476 1939 1557 1966 Pater
1570 1939 1740 1973 conspicitur.
1757 1938 1864 1966 Etenim

1085 1995 1146 2015 cum
1162 1987 1306 2021 Apostolus
1319 1985 1351 2012 ad
1363 1985 1470 2013 Coloss.
1482 1993 1501 2015 t,
1515 1992 1586 2012 vers.
1599 1984 1641 2015 l5,
1663 1983 1761 2010 Filium
1773 1984 1865 2010 εἰκόνα

1084 2032 1131 2060 τοῦ
1147 2031 1410 2068 diopdcouﬁmaginem
1429 2030 1476 2057 Dei
1494 2029 1630 2056 invisibilis
1649 2029 1822 2063 appellasset.
1839 2034 1865 2055 et

1084 2080 1166 2106 Arius
1179 2078 1299 2113 improbe
1310 2076 1342 2103 ad
1358 2075 1549 2104 stabiliendum
1579 2082 1699 2102 errarent
1719 2082 1800 2102 suum
1831 2082 1864 2102 eo

1086 2125 1146 2152 loco
1163 2124 1327 2155 abuteretur,
1342 2121 1457 2157 eleganti
1469 2128 1535 2148 sane
1546 2119 1675 2154 adjuncto
1692 2126 1789 2147 noster
1814 2127 1865 2146 au-

255 2164 343 2192 Patris
359 2169 494 2196 naturam,
510 2165 623 2201 ejusque
639 2165 855 2200 ἀπαράλλακτον,
875 2166 934 2192 sine
959 2166 1032 2192 inva-

1085 2175 1144 2198 ctor
1169 2169 1299 2205 ἔμψυχον,
1321 2168 1379 2195 sive
1399 2167 1543 2193 animatam
1567 2165 1710 2200 imaginem
1738 2165 1863 2192 eumdem

255 2213 352 2240 riatam
368 2213 510 2249 imaginem
535 2213 671 2247 exhibere,
695 2213 781 2248 ipsius
805 2214 904 2241 Christi
926 2213 1033 2240 Domini

256 2258 346 2286 verbis
361 2266 393 2285 ex
410 2260 501 2287 eodem
517 2260 679 2295 evangelista
695 2260 719 2286 id
731 2258 882 2290 conﬁrmat,
900 2258 951 2292 Qui
966 2259 1033 2285 videt

255 2312 307 2336 me,
322 2305 388 2332 videt
401 2310 425 2332 et
445 2305 561 2338 Patrem,
584 2309 610 2333 et
630 2305 788 2340 subjungit:
807 2305 911 2341 Ὥσπερ
929 2304 963 2331 δι’
975 2304 1032 2338 ,ἑσ-

253 2349 355 2386 όπτρου
371 2351 534 2386 ἀκηλιδώτου
551 2352 598 2378 καὶ
609 2351 738 2387 ἐμψύχου,
752 2351 825 2383 θείας
837 2351 938 2382 εἰκόνος
949 2350 1029 2377 αὑτοῦ

253 2395 439 2432 θεωρουμένου
464 2397 509 2424 τοῦ
528 2398 642 2433 Πατρός.
662 2397 877 2433 Quandoquidem
890 2396 971 2423 Pater
985 2405 1031 2431 per

253 2442 340 2477 ipsum
359 2443 479 2478 velutpe?
493 2444 625 2478 speculum
644 2445 813 2478 purissimum
838 2443 956 2478 idemque
970 2443 1025 2469 ani-

254 2492 365 2518 matum,
396 2489 422 2514 in
445 2497 494 2523 quo
522 2490 567 2516 Dei
592 2491 744 2523 exprimitur
773 2495 798 2516 et
829 2490 910 2516 elucet
931 2490 1030 2524 imago,

254 2534 392 2568 manifeste
408 2535 522 2560 cernitur
537 2544 545 2561 :
564 2536 599 2561 ita
623 2543 718 2570 magno
743 2535 886 2562 verborum
902 2540 1031 2570 apparatu

255 2579 390 2614 interpres
402 2584 463 2606 host
474 2589 494 2606 ir
508 2581 617 2615 Anglus.
631 2580 678 2607 Vel
694 2585 721 2607 ut
739 2581 903 2616 Epiphanius
919 2582 951 2608 ad
975 2589 1032 2608 vcr-

255 2623 319 2652 bum
335 2633 342 2650 :
360 2624 494 2659 Tanquam
505 2633 549 2658 per
559 2626 689 2659 specu’um
706 2626 760 2652 sine
776 2626 889 2658 macula,
919 2631 944 2652 ct
974 2627 1032 2652 ani-

255 2675 364 2702 matum,
380 2678 425 2704 per
447 2670 561 2697 divinam
577 2672 631 2702 eius
654 2672 790 2706 imaginem
815 2672 1033 2707 contemplaretur

257 2713 374 2741 Patrem.
386 2715 407 2740 A
423 2715 521 2749 quibus
548 2724 598 2743 nec
619 2717 789 2745 Camerarius
815 2717 975 2745 Theodoreti
992 2717 1032 2744 in-

293 2793 333 2820 ll
352 2789 411 2817 Cor.
432 2792 528 2823 1131.1.

1086 2217 1212 2253 appellat,
1222 2219 1250 2242 ut
1260 2213 1462 2242 similitudinem
1481 2212 1705 2249 perfectissimam
1719 2211 1792 2238 inter
1809 2211 1863 2238 Pa-

1085 2270 1153 2293 trem
1170 2263 1322 2297 Filiumque
1338 2259 1588 2297 signiﬁcantissima
1610 2266 1677 2285 voce
1698 2263 1796 2285 contra
1810 2258 1863 2284 lur—

1084 2312 1230 2340 reticorum
1245 2290 1504 2338 oll'lucias'tueatu‘r,
1536 2309 1563 2332 et
1589 2303 1676 2336 ζῶντα
1701 2303 1789 2337 Λόγον
1810 2303 1863 2329 ἀπὸ

1080 2356 1177 2390 ζῶντος
1200 2352 1306 2388 Πατρδς
1317 2350 1449 2386 prodiisse
1468 2350 1573 2377 doceat.
1589 2349 1656 2376 Cum
1672 2349 1746 2376 enim
1764 2349 1862 2383 duplex

1081 2403 1116 2431 sit
1141 2402 1230 2435 imago
1247 2402 1275 2426 ut
1291 2397 1514 2425 scholasticorum
1534 2394 1730 2430 antesignanus
1752 2399 1829 2430 parte
1843 2402 1861 2426 ι,

1081 2457 1107 2484 q.
1123 2447 1167 2479 35,
1181 2449 1208 2473 et
1221 2445 1275 2479 jam
1290 2444 1353 2476 olim
1368 2442 1533 2478 Epiphanius
1551 2441 1578 2468 in
1595 2441 1793 2467 Anommorum
1808 2440 1862 2468 ba:—

1081 2494 1146 2524 resi,
1161 2500 1220 2526 cap.
1239 2491 1265 2522 5,
1282 2490 1373 2517 docuit
1387 2499 1392 2515 :
1406 2489 1489 2515 altera
1506 2488 1534 2514 in
1557 2495 1587 2514 re
1608 2486 1732 2521 ejusdem
1745 2491 1860 2517 natura,

1083 2543 1112 2565 ut
1129 2539 1217 2572 imago
1230 2535 1311 2570 Regis
1336 2535 1363 2561 in
1382 2533 1466 2566 Filio;
1481 2534 1565 2560 altera
1588 2533 1615 2559 in
1634 2540 1664 2559 re
1681 2532 1799 2560 diversa:
1811 2540 1861 2558 na-

1081 2587 1148 2609 tura:
1162 2588 1301 2616 expressa,
1318 2579 1406 2614 qualis
1420 2581 1461 2605 est
1482 2579 1569 2612 imago
1588 2577 1721 2612 principis
1736 2577 1763 2604 in
1780 2585 1859 2604 nunt-

1082 2635 1136 2658 mo,
1167 2627 1208 2653 vel
1235 2625 1336 2656 tabula,
1360 2627 1406 2650 aut
1434 2627 1532 2650 statua.
1562 2622 1634 2654 Sive,
1656 2627 1686 2649 ut
1714 2621 1859 2657 Epiphanii

1082 2671 1170 2698 verbis
1184 2674 1254 2701 utar,
1276 2670 1370 2701 altera,
1386 2668 1429 2695 διὰ
1445 2669 1494 2702 τῆς
1509 2668 1668 2702 γεννητικῆς
1683 2669 1861 2702 ὁμοουσιότη-

1082 2725 1136 2748 τος,
1153 2717 1236 2743 altera
1251 2714 1295 2742 διὰ
1309 2715 1460 2749 χρωμάτων
1471 2714 1641 2748 εἰκαζομένη,
1660 2714 1699 2740 vel
1716 2721 1766 2748 per
1781 2714 1861 2740 aliam
