1909 3069
31 134 75 158 ξιιιὸ

755 119 903 147 NUTI'I'M.

1599 108 1652 136 εισ

32 193 221 224 quamcunque
257 186 402 212 materiam
441 183 598 213 diversam,
633 185 660 208 et
690 179 820 215 ἁνομοού-

886 174 1025 202 ilexander
1042 173 1140 200 Filium
1155 172 1202 198 Dei
1222 171 1343 206 ἔμψυχον
1365 170 1439 197 θείαν
1459 169 1549 195 εἰκόνα
1562 169 1655 203 appel-

1219 217 1234 224 .ι
1248 217 1264 224 .ι
1282 217 1289 224 ι
1348 216 1377 224 -ιν
1402 219 1420 224 γλ
1442 215 1578 224 5,.J1,.._.__.
1601 213 1653 224 11--

34 243 85 261 διον
109 239 261 267 expressa,
294 231 376 258 Arius
405 230 518 265 ejusque
545 230 692 256 sectatores
717 225 816 251 Filiqu

32 280 119 307 Patris
146 278 296 313 imaginem
322 277 467 313 posteriori
496 274 575 302 modo
598 273 765 302 intellexere,
789 275 819 297 ut

35 327 147 353 diversae
164 333 178 351 a
195 324 279 351 Patre
295 329 399 351 natura:
414 330 474 350 eum
490 329 550 349 esse
571 320 735 348 evincerent.
748 318 818 350 Quin

37 382 89 400 uno
111 372 162 400 hoc
186 371 247 406 ipso
275 370 374 397 Filium
403 370 533 396 minorem
565 367 646 393 Patre
675 364 820 392 ostendere

36 421 125 448 conati
141 424 216 451 sunt,
231 419 296 454 quia
312 419 399 446 Patris
415 418 503 452 imago
515 420 636 443 vocatur.
654 413 691 440 Ita
710 413 822 440 Marcel-

39 469 79 495 lus
97 466 168 502 apud
193 465 340 493 Eusebium
357 464 424 490 libro
441 471 460 494 ι,
477 471 508 490 ex
530 461 629 489 Asterii
645 464 735 487 tuente
748 458 819 485 alIir—

38 519 102 546 mat,
118 512 245 539 τοσοῦτον
260 511 306 537 τὸν
316 510 380 536 Θεὸν
393 509 438 536 τοῦ
448 509 532 542 Λόγου
543 507 689 542 διαφέρειν,
703 505 764 531 ὅσον
776 504 821 530 καὶ

39 560 178 594 ἄνθρωπος
192 559 241 594 τῆς
264 556 360 584 ἑαυτοῦ
382 555 483 586 εἰκόνος
506 553 642 588 διαφέρειν
661 552 750 578 δοκεῖ·
769 551 821 577 hoc

40 611 79 633 est
99 613 105 630 :
126 605 197 631 Deus
213 604 239 630 in
258 607 358 629 tantum
381 610 397 628 a
424 600 505 626 Verbo
523 607 570 626 suo
590 598 695 632 differre
710 595 820 625 videtur,

42 653 65 678 in
81 655 209 686 quantum
223 650 298 676 homo
319 647 351 674 ab
375 647 489 680 imagine
508 654 566 672 sua.
583 645 655 671 Idem
679 642 822 670 Marcellus

42 697 202 724 catholicam
236 694 336 723 Asterii
373 692 552 720 assertionem
586 690 737 724 exagitans,
769 694 822 722 qua

42 743 159 771 Verbum
186 741 347 769 invariatam
380 738 468 765 Patris
497 736 641 771 imaginem
670 733 824 760 afﬁrmave-

43 794 92 819 rat.
110 788 206 815 multis
232 785 425 816 debacchatur,
453 790 514 818 qua:
534 786 561 810 et
582 781 652 817 apud
678 779 822 807 Eusebium

43 840 68 862 et
92 834 273 869 Epiphaniam
307 830 403 858 haeresi
433 836 508 856 Lxxn
533 835 566 854 ex
598 827 697 854 Acacio
722 825 825 852 haben-

43 886 94 908 tur.
117 880 171 907 Sed
194 879 303 906 fanatici
332 875 448 904 hominis
475 875 570 902 deliria
599 872 736 906 castigans
757 870 826 896 Aca-
843 871 863 900 Β

44 929 101 955 cius
121 937 128 953 :
153 935 162 952 ι
186 925 245 958 Tn,
266 924 370 959 inquit,
390 922 435 950 Dei
466 921 610 955 imaginem
638 918 724 952 ὰζωῒᾳ
751 925 825 952 περι-

44 973 160 1010 γράψας,
181 972 250 1004 sive,
277 971 329 997 vita
348 970 404 1001 ipsa
425 967 541 1002 privans,
561 971 648 999 neque
671 962 823 993 Dominum,

46 1027 132 1053 neque
161 1017 248 1045 Deum
269 1024 330 1043 esse
351 1014 494 1046 concedis;
511 1012 558 1040 sed
580 1009 744 1038 immobilem
760 1007 826 1034 dun-

47 1069 118 1093 tuat
133 1064 291 1099 imaginem,
312 1061 391 1088 οἱονεὶ
405 1061 506 1095 ἄψυχον
521 1057 568 1084 καὶ
581 1055 678 1087 ἄζωον,
693 1057 722 1080 nt
736 1052 826 1079 anima

46 1113 152 1146 vitaque
169 1110 327 1138 destitutam
349 1118 355 1136 ς
371 1107 487 1135 viventis
511 1108 600 1131 autem
617 1102 751 1128 viventem
779 1097 826 1124 Dei

47 1158 189 1192 imaginem
218 1163 279 1182 esse
307 1161 398 1189 negas.
423 1152 495 1179 Idem
525 1156 633 1185 quoque
659 1145 827 1182 Epiphanius

49 1204 108 1230 hacr.
128 1210 222 1234 L-xxvi,
252 1205 346 1228 contra
371 1198 478 1226 Aetium
509 1195 703 1222 Anommorum
727 1190 829 1226 princi-

48 1259 115 1285 pem,
127 1248 229 1275 Filium
257 1254 289 1274 ex
313 1245 392 1272 Patre
414 1247 507 1271 natum
526 1239 674 1270 contendit,
692 1241 722 1265 ut
744 1235 828 1263 Deum

48 1298 80 1324 de
94 1295 158 1325 Deo.
176 1295 269 1321 lumen
293 1292 326 1319 de
345 1290 456 1322 lumine,
478 1288 608 1323 aequalem
632 1293 679 1320 per
698 1283 788 1310 omnia
803 1285 829 1307 et

49 1339 306 1370 consubstantialem
314 1336 402 1369 Patri;
415 1334 504 1369 Cujus,
517 1332 615 1368 inquit,
628 1331 716 1363 imago
730 1332 771 1355 est
780 1328 829 1353 οὐκ

49 1386 157 1423 ﬂuxos,
186 1385 254 1412 ἀλλὰ
276 1382 379 1418 Ila-too;
403 1377 643 1416 χαρακτηρίζουσα
669 1374 761 1408 γένος·
779 1380 829 1398 non

45 1432 134 1468 Lpers
146 1433 256 1463 animas,
274 1429 318 1456 sed
342 1432 480 1463 paternum
497 1432 576 1461 genus
599 1422 754 1456 exprimens.
767 1417 830 1444 Huic

49 1466 227 1516 Epiphanius.
254 1476 347 1511 Neque
373 1473 499 1518 dissentit
523 1469 668 1500 Eusebius,
698 1466 744 1501 qui
768 1472 829 1492 cum

50 1511 114 1557 libro
137 1536 157 1554 ιι
186 1524 334 1559 Theologiaz
364 1511 455 1549 θεειεὲ
480 1518 556 1546 varia
581 1514 739 1551 protulisset
759 1511 829 1542 loca,

49 1584 106 1612 quae
119 1573 214 1601 Patris
229 1557 396 1598 divinitatem
419 1567 587 1602 gloriamque
608 1560 766 1597 prazdicant,
783 1557 832 1584 ad-

50 1623 87 1650 dit
102 1619 215 1651 deinde,
230 1618 325 1645 horum
339 1613 462 1642 omnium
482 1609 650 1662 up‘igenitnm
672 1606 718 1632 Dei
734 1604 833 1631 Filium

280 1661 283 1662 ν
344 1659 351 1662 .
498 1659 500 1662 .
539 1655 557 1662 ..
613 1653 619 1662 .
773 1649 821 1662 πη,

52 1649 212 1700 ὶωιιειιιεῑο
228 1659 400 1694 cogitandum
425 1663 485 1685 esse
498 1649 582 1689 τ’.)ὺχ
605 1653 642 1684 ὡς
654 1651 749 1686 ἀψύχῳ
773 1649 834 1684 ὕλῃ,

51 1696 158 1740 ἀλλ’νὼς
175 1709 204 1734 ἐν
221 1706 277 1741 Υἱῷ
293 1704 372 1737 ζῶντι
392 1699 620 1738 μεμορφωμένην.
636 1696 696 1723 Non
711 1700 836 1728 tanquam

52 1759 78 1785 in
94 1755 209 1783 materia
224 1752 346 1782 inanimi,
363 1749 406 1777 sed
423 1753 451 1775 ut
472 1748 498 1774 in
520 1745 592 1772 Filio
607 1744 703 1771 virente
729 1747 836 1775 expres-

52 1812 119 1831 sam.
142 1801 249 1834 Quibus
268 1797 358 1825 verbis
373 1794 479 1830 egregie
490 1792 588 1827 duplex
598 1786 778 1822 illaimaginis
793 1791 837 1811 ra-

55 1851 91 1876 tio
103 1857 136 1875 ex
150 1833 305 1882 Epiphanio
320 1847 347 1870 et
360 1840 504 1868 D.Thoma
520 1846 534 1865 a
549 1837 628 1865 nobis
638 1833 777 1870 proposita
792 1839 838 1858 ex-

54 1878 194 1931 plicalur-z
204 1878 321 1927 quarum
335 1889 418 1915 altera
433 1886 545 1920 ἄψυχος,
561 1891 594 1910 ex
616 1881 708 1908 Acacii
720 1882 747 1906 et
759 1878 840 1904 Euse-

55 1927 91 1969 bii
103 1939 207 1971 verbis,
222 1937 305 1964 altera
322 1934 397 1966 ζῶσα
412 1932 458 1958 καὶ
473 1930 603 1966 ἔμψυχος,
628 1935 663 1954 ex
689 1927 812 1952 correcto
824 1930 840 1949 a

55 1988 136 2016 nobis
162 1982 310 2013 Alexandri
337 1982 396 2008 loco
421 1978 512 2006 vocari
537 1974 645 2010 poterit.
664 1972 735 2005 Quin
758 1971 839 1998 etiam

55 2043 87 2062 ex
114 2035 175 2068 ipso
190 2029 308 2058 Eusebio
322 2028 393 2055 libro
409 2034 416 2053 l
435 2029 529 2068 contra
555 2020 709 2048 Marcellum
722 2017 839 2051 Ancyra-

56 2088 130 2111 nunt,
147 2077 195 2105 ubi
209 2072 427 2103 commemoratis
438 2063 495 2104 Qus
505 2067 619 2098 deliriis,
634 2071 749 2100 quorum
762 2060 842 2089 modo

58 2124 244 2153 meminimus,
259 2119 395 2147 hominem
413 2115 489 2144 valde
504 2113 630 2141 caacutire
646 2111 694 2142 ait,
710 2116 760 2136 nec
775 2115 842 2134 con-

57 2173 180 2201 stderare
196 2179 202 2196 :
217 2168 255 2199 ὼς
265 2167 312 2193 καὶ
322 2166 335 2192 ὁ
351 2164 414 2195 Υἱὸς
427 2161 537 2188 δύναται
547 2157 666 2194 ἔμψυχός
683 2163 748 2181 ποτε
764 2153 844 2180 εἰκὼν

60 2219 127 2245 ἰδίου
141 2215 248 2251 Harpe;
260 2212 385 2247 λεχῦἦναι
404 2219 410 2236 :
429 2208 509 2235 Posse
533 2206 613 2232 etiam
634 2202 734 2229 Filium
761 2201 843 2227 tivam

58 2263 151 2290 Patris
160 2245 301 2294 imaginem
316 2245 445 2288 dici,cum
456 2252 490 2278 sit
506 2250 582 2277 Patri
593 2256 670 2283 quam
680 2245 842 2274 simillimus.

58 2310 149 2342 Quam
168 2291 390 2334 ille-sententiam
413 2299 498 2326 multo
513 2296 652 2331 copiosius
667 2292 785 2327 explicat
798 2291 843 2317 lib.

58 2357 189 2388 vaang.
213 2352 371 2379 demonstr.,
388 2345 475 2379 capite
494 2343 522 2374 4,
534 2341 580 2368 ubi
600 2339 689 2371 docet,
704 2336 784 2365 sicuti
803 2342 846 2362 re-

59 2402 101 2436 gis
119 2399 266 2432 imaginem
284 2397 394 2429 propter
414 2392 502 2425 ipsum
514 2394 605 2423 regem
623 2389 794 2413 veneramur,
810 2381 846 2407 ita

60 2447 146 2474 etiam
163 2443 263 2471 Eilium
283 2438 452 2475 unigenitum
473 2435 580 2463 unicam
600 2432 647 2460 Dei
669 2429 759 2457 Patris
778 2427 847 2455 invi-

62 2493 152 2522 sibilis
178 2489 333 2524 imaginem,
354 2482 466 2511 Deitatis
489 2481 592 2508 honore
617 2473 845 2513 prosequendum,

62 2544 167 2575 utpote,
181 2518 354 2571 quivnatura
372 2530 444 2557 Deus
460 2531 502 2555 est
523 2527 556 2554 de
574 2525 640 2556 Deo,
657 2522 703 2550 καὶ
728 2521 762 2548 δι’
786 2518 846 2545 ὅλου

65 2563 167 2575 “””Υ⁷“*ν
190 2563 199 2571 1

65 2585 145 2618 σώζει
157 2583 207 2610 τοῦ
223 2581 304 2617 μόνου
324 2577 390 2605 Θεοῦ
405 2575 452 2611 τὴν
461 2574 577 2609 ἔμψυχον
593 2570 639 2598 καὶ
652 2568 740 2601 ζῶσαν
754 2563 848 2600 νοερὰν

727 2613 731 2618 .
820 2609 847 2618 η.

66 2609 145 2618 ν-Ἣή“
165 2609 170 2610 ⁷
223 2609 231 2617 1
433 2609 437 2611 .

65 2632 167 2663 εἰκόνα,
190 2628 262 2655 κατὰ
283 2626 371 2652 πάντα
385 2622 425 2657 τῷ
444 2619 531 2655 Πατρὶ
548 2613 792 2653 παρωμοιωμὲνην·
815 2609 848 2636 Et

66 2687 110 2713 per
125 2676 216 2704 omnia
233 2673 281 2701 Dei
293 2670 384 2699 Patris
407 2669 550 2696 animatam
565 2668 589 2692 et
608 2663 701 2692 uiuam,
717 2663 740 2687 et
752 2656 850 2685 intelli-

616 2707 631 2713 ..
703 2705 708 2711 .
740 2703 848 2713 .,,_.,_____

67 2703 102 2713 τη
128 2703 147 2704 η

67 2729 166 2759 gentem
184 2720 337 2755 imaginem,
357 2715 483 2749 Patrique
507 2713 534 2739 in
551 2707 669 2737 omnibus
686 2703 850 2733 simillimam

559 2756 574 2759 λ’
723 2758 727 2759 ν
743 2758 757 2759 νγ
783 2749 850 2759 I.,...‘

68 2773 216 2799 conservat.
230 2765 347 2798 Videtis,
366 2764 393 2792 ni
410 2762 498 2793 fallor,
514 2756 661 2799 auditores.
681 2758 762 2786 quam
782 2749 851 2776 bene

872 221 918 251 let.
945 224 972 247 et
987 226 1067 253 quam
1083 226 1114 245 ea
1131 224 1182 244 vox
1199 217 1265 244 nihil
1282 216 1382 243 Innnilc
1397 219 1424 242 et
1441 215 1580 248 indignum
1600 213 1656 240 Deo

872 267 975 294 tribuat
987 275 994 299 ;
1011 265 1059 293 sed
1072 271 1215 295 summam,
1231 268 1258 289 et
1270 262 1398 289 advivum
1411 263 1656 295 cxprcssamnatu-

872 322 909 340 I‘LU
924 313 1197 348 glorizequepaternai
1207 307 1413 336 similitudinem
1428 306 1507 333 nobis
1520 306 1656 340 designet.

909 358 972 385 Eant
987 364 1069 393 porro
1082 363 1176 383 vocem
1192 362 1225 382 ex
1241 353 1330 380 medio
1345 351 1456 378 Gracia:
1471 359 1520 379 usu
1544 351 1656 378 desum—

873 409 957 440 ptani,
980 403 1073 431 nescio
1089 402 1167 437 cujus
1184 399 1284 428 veteris
1299 397 1418 425 auctoris
1434 397 1569 424 sententia
1584 395 1656 431 apud

875 450 1012 477 Stobaeum
1033 452 1160 480 testatur,
1191 446 1235 473 cui
1259 453 1306 472 rex
1336 443 1455 479 ἔμψυχος
1480 441 1560 469 εἰκὼν
1589 441 1656 467 Θεοῦ

875 497 986 524 dicitur.
1009 496 1047 523 Ita
1068 494 1206 528 Longinus
1227 491 1370 519 notissimo
1392 489 1440 516 illo
1461 488 1549 521 elogio
1566 486 1657 513 Euna-

874 543 910 578 pii
936 551 942 568 :
967 539 1127 575 Βιϐλιοθήκη
1152 538 1270 573 ἔμψυχος
1293 536 1339 562 καὶ
1362 532 1529 568 περιπατοῦν
1553 532 1659 566 μουσεῖ-

874 596 914 614 ον.
939 586 972 612 Et
1003 584 1146 612 Marcellus
1181 581 1290 609 Arcadii
1322 578 1496 614 imperatoris
1518 576 1657 610 magister,

877 630 968 657 Suida:
997 629 1197 663 lexicographo,
1229 626 1319 653 minus
1331 624 1400 651 forte
1426 627 1503 654 noto,
1528 622 1576 649 sed
1602 628 1659 647 non

876 677 966 703 minus
980 674 1094 710 eleganti
1107 673 1232 701 encomio
1245 681 1251 698 :
1265 671 1370 705 Κόσμος
1382 670 1482 704 ἀρετῆς
1497 667 1616 701 ἁπάσης,
1630 667 1661 701 ἢ,

876 722 906 748 τό
915 730 945 755 γε
957 718 1173 756 ἁρμονικὼτερον
1188 717 1283 748 εἰπεῖν,
1296 715 1378 750 ἀρετή
1394 722 1435 745 τις
1453 712 1581 747 ἔμψυχος
1596 710 1660 738 0m»

876 768 917 794 nis
932 766 1035 793 virtutis
1054 768 1246 793 ornamentum,
1264 762 1302 788 vel
1322 761 1408 794 potius
1428 753 1486 786 ma
1502 764 1526 784 et
1541 757 1660 784 animum

877 812 996 848 quwdam
1017 811 1109 838 uirtus.
1136 810 1245 837 Graecas
1270 809 1351 834 hasce
1373 805 1507 833 sermonis
1535 803 1661 830 lauticias

878 860 994 887 feliciter
1014 859 1207 892 expresserunt
1232 853 1333 881 Latini.
1356 851 1425 885 Quid
1443 851 1514 877 enim
1531 850 1660 884 spirantia

875 907 960 940 signa,
976 908 1002 932 et
1019 905 1148 939 spirantia
1164 901 1268 928 mollius
1284 908 1349 931 wra,
1372 902 1398 925 et
1416 898 1464 924 vivi
1478 897 1509 923 de
1531 904 1662 922 marmore

875 952 962 979 uultus
990 949 1132 977 Maronis?
1160 947 1231 981 Quid
1259 945 1404 981 Propertii,
1435 942 1520 970 vivida
1552 947 1575 969 et
1603 944 1661 969 ani-

876 1006 949 1025 mosa
974 997 1073 1032 signa?
1104 994 1174 1027 Quid
1203 991 1339 1020 Ammiani
1365 989 1496 1024 spirantia
1527 989 1662 1024 signorum

877 1045 1011 1079 figmenta,
1033 1042 1084 1069 nisi
1113 1038 1238 1076 ἐμψυχαὶδ
1264 1037 1317 1064 Sed
1344 1039 1452 1071 portqu
1473 1035 1506 1062 de
1538 1034 1663 1069 proximo

877 1090 1024 1126 prospicio,
1036 1094 1116 1123 quem
1136 1085 1243 1117 subibo,
1262 1084 1285 1111 si
1301 1090 1332 1110 ex
1348 1082 1431 1109 variis
1446 1089 1506 1116 quae
1519 1080 1570 1107 sub
1582 1079 1663 1107 tinem

879 1125 958 1170 hujus
972 1135 1094 1170 epistolaa
1114 1134 1249 1166 interpres
1265 1132 1368 1164 peccat,
1384 1135 1466 1155 unum
1485 1127 1573 1154 adhuc
1586 1125 1664 1152 addi-

878 1183 952 1210 dero.
963 1179 1124 1211 Alexander,
1135 1181 1164 1205 ut
1180 1176 1369 1204 haereticorum
1385 1173 1570 1200 curiositatem
1587 1171 1664 1198 freno

878 1228 977 1262 injecto
997 1226 1162 1260 compescat,
1181 1222 1330 1248 ὑπόστασιν
1343 1219 1413 1250 Filii,
1438 1218 1495 1245 sive
1515 1215 1665 1245 exsistendi

879 1275 998 1306 modum,
1015 1276 1045 1299 ut
1060 1270 1126 1302 dixi,
1139 1269 1214 1304 πάσῃ
1230 1269 1264 1302 τῇ
1281 1267 1381 1301 γενητῇ
1400 1264 1480 1299 φύσει
1494 1263 1666 1298 impervesti-

880 1319 994 1355 gabilein
1009 1316 1121 1348 asserit;
1140 1321 1227 1349 neque
1237 1313 1286 1348 τὴν
1297 1311 1350 1338 τῶν
1363 1309 1479 1344 λογικῶν
1498 1309 1578 1343 φύσιν
1590 1315 1667 1335 coni-

881 1353 1048 1401 prehendere
1068 1369 1149 1397 posse
1177 1358 1314 1395 quomodo
1331 1357 1412 1383 Pater
1432 1355 1525 1390 genuit
1536 1353 1666 1381 Verbum.

881 1413 911 1440 In
941 1416 1056 1445 utroque
1084 1407 1267 1436 halluciuatur
1293 1411 1379 1431 novus
1403 1407 1496 1430 noster
1520 1401 1667 1435 interpres.

881 1459 1001 1486 Primum
1026 1455 1133 1491 quidein
1148 1452 1221 1488 quod
1251 1451 1300 1486 τὴν
1316 1448 1432 1485 γενητὴν
1452 1447 1542 1482 φύσιν,
1565 1445 1598 1473 de
1612 1453 1668 1480 qua

883 1504 1009 1540 superius
1017 1502 1070 1537 egi,
1080 1505 1202 1528 naturam
1211 1496 1347 1524 mortalem
1359 1493 1485 1522 reddidit.
1493 1493 1587 1527 Neque
1597 1493 1667 1519 enini

846 1551 867 1580 (1
884 1556 938 1578 tam
956 1548 1080 1584 angustis
1105 1545 1236 1574 limitibus
1257 1546 1348 1570 creata
1374 1545 1472 1568 natura
1494 1538 1669 1566 circumscri—

886 1597 983 1630 benda,
996 1603 1056 1623 cum
1072 1597 1098 1621 et
1111 1592 1199 1627 angeli
1219 1591 1275 1618 sint
1294 1587 1402 1624 γενητοὶ
1417 1587 1473 1614 sive
1489 1585 1583 1617 creati,
1600 1591 1671 1619 quos

885 1647 976 1669 tamen
1007 1639 1135 1667 mortales
1161 1643 1224 1664 cum
1254 1632 1358 1662 saniori
1381 1631 1569 1665 theologorum
1593 1633 1671 1663 parte

886 1687 1097 1721 haudquaquam
1116 1679 1320 1717 appellaverim.
1346 1676 1439 1711 Neque
1461 1675 1558 1702 melius
1581 1673 1609 1700 in
1627 1680 1671 1700 se-

887 1733 976 1762 cundo
1003 1730 1123 1758 membro
1138 1729 1155 1762 ὴ
1170 1726 1222 1753 τῶν
1244 1723 1360 1758 λογικῶν
1383 1722 1475 1757 φύσις.
1497 1723 1595 1747 natura
1619 1719 1672 1746 hu-

888 1786 967 1807 mana
981 1776 1150 1809 rationisque
1166 1772 1300 1807 particeps
1312 1769 1474 1804 explicatur.
1491 1765 1548 1792 Nisi
1565 1765 1626 1800 quis
1642 1764 1671 1791 ἓν

888 1825 931 1852 διὰ
946 1824 1017 1850 δυοῖν
1042 1822 1214 1855 interpretem
1239 1815 1376 1843 addidisse
1390 1813 1536 1840 existimet.
1552 1809 1624 1837 Sane
1638 1809 1672 1836 ad

889 1875 1013 1898 naturam
1038 1867 1092 1894 τῶν
1116 1863 1232 1899 λογικῶν
1267 1862 1348 1890 etiam
1372 1859 1493 1895 angelos,
1517 1855 1672 1891 etquidem

890 1916 1027 1953 pracipuo
1041 1914 1103 1948 jure
1118 1911 1253 1946 pertinere
1283 1907 1344 1943 quis
1368 1905 1492 1933 dubitet?
1510 1903 1615 1935 Quibus
1631 1907 1672 1928 ta-

891 1971 951 1990 nien
971 1967 1046 1995 aeque
1073 1966 1105 1985 ac
1124 1955 1288 1986 hominibus,
1310 1952 1408 1993 divina:
1426 1947 1609 1986 generationis
1629 1955 1674 1973 ar-

892 2014 989 2036 canam
1016 2005 1137 2040 ignotum
1151 2006 1178 2029 ct
1204 1998 1340 2027 ineffabile
1362 1992 1432 2027 esse,
1457 1999 1573 2022 testatur
1591 1992 1674 2020 ctiam

892 2056 950 2088 ipse
982 2037 1133 2078 Alexander
1165 2047 1300 2082 superius.
1331 2041 1463 2078 Unigem'n‘
1494 2037 1675 2068 subsistentia,

894 2099 991 2134 inquit,
1007 2105 1058 2123 non
1073 2095 1158 2122 solum
1170 2091 1388 2126 evangelistarum
1401 2086 1549 2117 solertiam,
1561 2082 1605 2110 sed
1621 2083 1676 2117 {or-

895 2145 974 2172 tassis
1002 2143 1082 2170 etiam
1110 2139 1262 2174 angelorum
1289 2135 1447 2162 intellectum
1473 2135 1590 2165 superat.
1622 2127 1676 2155 Sed

895 2190 966 2225 quod
983 2193 1074 2216 noster
1090 2187 1117 2213 in
1130 2185 1212 2213 dubio
1231 2183 1384 2216 relinquere
1400 2178 1520 2209 videtur,
1542 2176 1569 2202 id
1583 2173 1675 2202 caeteri

896 2237 991 2264 Patres
1014 2233 1135 2262 disertim
1155 2236 1182 2258 et
1200 2232 1359 2257 constanter
1381 2225 1527 2252 afﬁrmant.
1546 2221 1578 2247 Et
1604 2227 1678 2247 nunc

896 2283 1006 2319 quidem
1024 2289 1056 2308 ex
1074 2278 1176 2306 Graacis
1196 2282 1266 2302 unus
1281 2273 1346 2300 mihi
1369 2270 1501 2298 Eusebius
1521 2266 1678 2295 testimonio

897 2311 1015 2357 dicundo
1038 2325 1119 2353 adsit.
1138 2324 1164 2351 Is
1181 2322 1250 2349 lib.i
1272 2318 1361 2347 Theol.
1379 2317 1454 2348 εδει..
1474 2323 1533 2349 cap.
1551 2313 1595 2346 1‘2,
1611 2311 1678 2338 Uni-

898 2375 981 2411 geniti
1001 2371 1203 2409 generationem
1217 2374 1272 2394 non
1289 2365 1370 2392 nobis
1395 2363 1482 2390 Suillm
1509 2357 1679 2394 impervesti-

897 2405 1016 2458 gabileni
1035 2419 1163 2449 afﬁrmat,
1179 2415 1246 2442 ἀλλὰ
1261 2413 1308 2440 καὶ
1329 2411 1428 2441 πάσαις
1448 2409 1507 2439 ταῖς
1529 2405 1679 2441 κρείττοσιν

900 2469 916 2504 ἢ
930 2468 989 2495 καθ’
1001 2467 1073 2502 ἡμᾶς
1082 2464 1221 2499 δυνάμεσι,
1235 2460 1279 2488 sed
1290 2459 1369 2486 etiam
1388 2455 1488 2483 cunctis
1502 2450 1680 2487 superioribus

900 2514 1049 2541 uirtutibus.
1066 2509 1184 2537 Accedat
1197 2515 1228 2534 ex
1246 2504 1349 2532 Latinis
1364 2500 1536 2531 Ambrosius,
1549 2498 1595 2525 lib.
1614 2504 1621 2523 l
1641 2495 1680 2521 De

902 2560 962 2595 ﬁde,
979 2566 1039 2593 cap.
1053 2557 1069 2584 5
1083 2566 1089 2583 :
1106 2555 1172 2582 Mihi
1197 2550 1355 2587 impossibile
1372 2552 1410 2574 est
1432 2543 1602 2581 generationis
1614 2540 1682 2567 scire

901 2609 1038 2634 secretum.
1059 2602 1132 2629 Mens
1149 2600 1247 2634 deﬁcit,
1269 2603 1318 2623 ros:
1335 2594 1404 2621 silet.
1418 2599 1469 2618 non
1492 2597 1550 2615 mea
1567 2591 1680 2619 tantum,

903 2651 947 2680 sed
961 2655 984 2678 et
995 2648 1156 2684 angelorum.

938 2696 989 2730 Qui
1009 2678 1085 2722 locus
1104 2696 1131 2720 et
1153 2698 1195 2718 me
1217 2691 1368 2724 opportune
1383 2681 1483 2711 silentii
1498 2679 1635 2707 admonet,
1653 2678 1683 2701 ut

905 2721 1020 2771 dedurso
1034 2721 1334 2768 dissertationis—stadio
1351 2727 1474 2764 lampada
1490 2725 1551 2753 aliis
1565 2721 1681 2750 tradam.

864 2824 900 2834 ..-
