1911 3073
31 113 79 144 565

742 110 930 141 EPISTOLIE.

1603 104 1652 138 ὅδε]

35 173 129 201 ἑαυτοῦ
146 174 296 211 μοχθηρᾶς
311 173 496 211 προαιρέσεως
513 172 576 210 εὗρε
589 173 723 210 πρόφασιν
733 180 741 187 ”
757 172 782 199 oi
798 172 827 199 δὲ

882 174 936 204 est;
955 170 1000 198 isti
1015 177 1089 201 vero.
1110 169 1219 204 impiam
1237 169 1309 197 illius
1331 177 1364 196 ex
1379 164 1491 196 Christo
1515 163 1669 203 nundina-‘l‘

37 219 81 254 τὴν
113 221 225 248 ἐκείνου
250 222 488 258 Χριστεμπορείαν
510 221 548 256 (5)
569 219 742 256 θεωροῦντες,
759 221 824 246 οὑκ-

40 268 79 294 ιτι
98 266 144 301 τῆς
162 267 332 303 Ἐκκλησίας
350 268 499 304 ὑποχείριοι
524 267 613 302 μένειν
629 266 823 302 ἐκαρτέρησαν·

43 311 93 339 ἀλλ’
107 313 215 345 ἑαυτοῖς
229 313 350 348 σπήλαια
364 313 469 350 λῃστῶν
488 313 722 349 οἰκοδομήσαντες,
750 311 825 338 άδια-

45 358 155 390 λείπτως
174 359 205 385 ὲν
226 360 320 390 αὐτοῖς
347 359 483 386 ποιοῦνται
504 359 643 391 συνόδους,
668 358 774 394 νύκτωρ
795 366 825 384 τε

48 404 89 430 καὶ
113 404 171 439 μεθ’
188 405 297 441 ἡμέραν
319 406 349 432 ὲν
373 407 432 437 ταῖς
448 405 519 432 κατὰ
540 405 655 441 Χριστοῦ
678 405 725 431 καὶ
748 404 825 440 ήμῶν

49 449 176 482 διαϐολαῖς
199 451 373 486 ἀσκούμενοι.
403 452 434 478 Οἳ
460 452 550 487 πάσης
573 451 622 486 τῆς
647 450 825 486 άποστολικῆς

50 495 172 527 εὐσεϐοῦς
193 496 273 531 δόξης
296 496 525 532 κατηγοροῦντες,
546 496 680 531 Ἰουδαῖκῷ
705 496 825 531 προσχή-

51 550 110 576 ματι
133 542 324 577 Χριστομάχον
344 542 540 578 συνεκρότησαν
566 543 754 577 ἐργαστήριον,
776 542 825 577 τὴν

49 587 159 622 θεότητα
189 587 237 614 τοῦ
260 588 384 623 Σωτῆρος
406 588 483 623 ἡμῶν
506 587 676 623 ἀρνούμενοι,
701 588 748 614 καὶ
770 588 826 619 τοῖς

48 633 126 659 ’.ἄσιν
152 633 210 659 ἴσον
229 630 298 659 εἶναι
319 632 510 669 κηρύσσοντες.
526 633 619 660 Πᾶσάν
635 642 665 660 τε
680 632 762 659 αὑτοῦ
777 633 826 668 τῆς

49 678 180 714 σωτηρίου
214 679 368 715 οἰκονομίας
396 681 442 707 καὶ
474 680 508 707 δι’
540 681 611 716 ἡμᾶς
640 679 826 711 ταπεινώσεως

49 724 135 760 (μονὴν
156 725 341 760 ἐκλεξάμενοι,
356 725 386 757 ἐξ
397 725 485 752 αὐτῶν
501 727 667 762 συναγείρειν
680 725 826 761 πειρῶνται

46 771 94 806 τῆς
108 770 236 802 ἀσεϐείας
255 771 358 798 ἑαυτῶν
372 771 402 798 τὸ
415 774 555 807 κήρυγμα,
571 772 620 807 τῆς
632 771 750 807 ἀρχῆθεν
769 771 827 798 0εό-

44 824 126 850 τητος
151 816 235 842 αὑτοῦ
253 816 300 842 καὶ
320 816 394 852 παρὰ
410 816 449 852 τῷ
462 817 548 852 Πατρὶ
564 816 641 852 δόξης
661 816 773 843 ἀλέκτου
786 815 825 852 (6)

874 216 975 244 tionem
996 219 1147 246 cernentes.
1163 221 1217 241 non
1233 215 1348 249 amplius
1363 214 1491 242 Ecclesiae
1513 214 1666 250 subjacere_

874 262 1037 294 voluerunt;
1056 260 1103 288 sed
1129 260 1266 295 speluncis
1293 260 1428 287 latronum
1455 261 1505 287 sibi
1526 264 1652 287 constru-

874 306 926 334 ctis
937 326 944 337 .
960 305 1020 334 sine
1044 304 1245 332 intermissione
1259 308 1408 332 conventus
1425 305 1452 331 in
1471 305 1525 332 illis
1547 311 1630 340 agunt
1643 325 1651 336 ,

875 357 956 380 noctu
973 355 1053 386 atque
1066 350 1184 377 interdiu
1199 351 1349 378 calumnias
1369 351 1498 378 adversus
1513 350 1651 378 Christum

874 401 900 423 et
914 396 1056 424 adversum
1079 402 1129 423 nos
1141 395 1387 422 comminiscentes.
1402 394 1452 427 Qui
1470 403 1530 421 cum
1546 403 1652 422 onmem

874 441 945 475 piant
972 444 999 468 et
1024 440 1200 476 apostolicam
1215 440 1365 467 doctrinam
1382 440 1522 471 incusem,
1538 439 1653 466 Judaico

874 493 950 513 more
971 485 1004 512 ad
1029 484 1240 520 impngnandnm
1262 485 1399 512 Christum
1421 484 1557 511 ofﬁcinam
1574 485 1654 512 insti-

875 535 995 562 tuerunt.
1010 531 1163 560 Servatoris
1174 531 1259 559 nostri
1271 531 1398 559 deitatem
1413 536 1554 566 negantes,
1568 537 1594 559 et
1611 540 1655 559 re-

874 577 956 611 liquis
981 577 1108 605 omnibus
1133 577 1262 612 aequalem
1291 585 1351 604 cum
1379 585 1439 605 esse
1465 578 1652 612 praedicantes.

875 621 1056 656 Collectisque
1072 623 1198 649 omnibus
1215 622 1282 650 locis
1295 623 1322 650 in
1342 623 1442 658 quibus
1460 631 1551 651 sermo
1566 628 1608 651 est
1621 626 1655 651 de

876 667 987 695 salutari
1005 668 1064 702 ejus
1082 668 1284 703 dispensatione
1306 673 1333 696 et
1350 668 1383 696 de
1399 669 1551 704 abjectione
1566 670 1655 696 nostri

875 720 958 741 causa
971 714 1005 741 ab
1017 721 1049 741 eo
1064 719 1199 749 suscepta,
1218 714 1364 749 impietatis
1379 723 1435 742 suae
1448 715 1598 742 doctrinam
1612 723 1658 742 eo-

877 766 935 785 rum
948 759 1109 786 auctoritate
1132 760 1292 787 conlirmare
1311 760 1452 792 nituntur,
1476 761 1533 787 loca
1554 761 1654 795 quibus

876 809 976 832 aeterna
987 805 1108 839 ejusdem
1122 804 1251 832 divinitas
1265 809 1292 832 et
1303 806 1502 840 inexplicabilis
1517 807 1588 842 apud
1603 805 1654 834 Pa-

45 862 106 892 τοὺς
120 861 218 896 λόγους
235 861 475 898 ἀποστρεφόμενοι.
490 851 545 897 Τήν
558 851 625 896 γοῦν
643 861 773 897 Ἐλλήνων
793 851 824 887 τε

882 858 942 877 rem
958 851 1043 885 gloria
1059 851 1202 883 astl'nitur,
1216 855 1382 880 aversantes.
1400 852 1466 879 Cum
1489 852 1572 887 igitur
1588 860 1654 888 gen-

46 907 92 934 καὶ
112 907 249 934 Ἰουδαίων
268 907 353 942 άσεϐἧ
370 907 434 943 περὶ
454 907 571 943 Χριστοῦ
587 907 665 940 δόξαν
682 907 827 943 κρατύνον-

46 961 99 984 τες,
112 952 160 979 τὸν
173 953 239 989 παρ’
256 952 344 979 αὐτῶν
359 952 524 985 ἐπαινοννὼς
540 953 578 980 ἔνι
595 953 710 989 μάλιστα
724 953 827 989 θηρῶν-

45 1007 90 1024 ται
102 1007 109 1014 ·
131 999 220 1026 πάντα
234 998 284 1034 μὲν
299 999 348 1025 ὅσα
364 999 425 1026 καθ’
436 999 514 1034 ἡμῶν
532 999 597 1035 παρ’
608 999 698 1031 αὐτοῖς
716 999 827 1033 γελᾶται

47 1044 319 1079 πραγματευόμενοι·
340 1044 445 1075 στάσεις
462 1044 490 1070 δὲ
503 1045 568 1079 ἡμῖν
580 1043 640 1070 καθ’
660 1043 765 1079 ἡμέραν
781 1045 827 1070 καὶ

46 1089 182 1124 διωγμοὺς
204 1089 400 1125 ὲπεγείροντες.
421 1089 475 1116 Καὶ
492 1089 570 1116 τοῦτο
590 1089 649 1125 μὲν,
668 1089 827 1124 δικαστήρια

47 1135 269 1171 συγκροτοῦντες,
288 1135 321 1161 δι’
343 1135 466 1170 ἐντυχίας
490 1135 673 1170 γυναικαρίων
701 1135 740 1169 (7)
763 1135 828 1162 ἀτά-

46 1187 115 1206 κτων
133 1179 151 1205 a
165 1179 326 1214 ἡπάτησανυ
345 1179 423 1206 τοῦτο
439 1179 478 1211 δὲ,
494 1179 538 1205 τὸν
549 1179 756 1215 Χριστιανισμδν
769 1179 827 1206 δια-

49 1225 197 1261 σύροντες,
233 1226 265 1252 ὲκ
292 1225 338 1251 τοῦ
366 1226 572 1261 περιτροχάζειν
611 1227 701 1253 πᾶσαν
730 1226 827 1260 ἀγυιὰν

51 1271 175 1306 ἁσέμνως
195 1271 244 1303 τὰς
265 1271 330 1307 παρ’
347 1271 437 1302 αὐτοῖς
458 1271 600 1306 νεωτέρας.
624 1271 702 1298 Ἀλλὰ
717 1272 763 1298 καὶ
783 1271 828 1298 τὸν

51 1317 186 1353 “pqr-rev
209 1316 256 1342 τοῦ
267 1316 383 1352 Χριστοῦ
406 1315 519 1351 χιτῶνα,
534 1316 563 1342 δν
579 1317 603 1342 οἱ
622 1317 712 1352 δήμιοι
733 1316 827 1344 διελεῖν

48 1363 96 1389 οὐκ
115 1362 320 1394 ἐϐουλεύσαντο,
340 1362 415 1389 αὐτοὶ
435 1361 524 1396 σχίσαι
545 1362 704 1398 ἐτόλμησαν.

81 1495 114 1522 ll.
141 1494 240 1530 Ἡμεῖς
266 1495 314 1530 μὲν
331 1493 387 1527 οὖν,
403 1495 420 1522 ἃ
432 1495 478 1522 καὶ
488 1495 526 1530 τῷ
548 1495 597 1530 βίῳ
622 1495 710 1522 αὐτῶν
729 1497 775 1523 καὶ
794 1498 827 1532 τῇ

47 1519 477 1576 ἀνὲέιιρέἒὲὶάέιᾶέεὶζέρὶςέέῖ,”
491 1519 534 1567 ἐςῙά
546 1519 827 1576 ἓιίλαᾮόὰῖέιῖῥρέιῗ
842 1519 864 1549 C

47 1585 111 1616 δέως
142 1585 353 1620 ἐπιστήσαντες,
380 1585 525 1620 παμψηφεὶ
548 1585 596 1620 τῆς
626 1585 829 1620 προσκυνούσης

46 1630 165 1664 Χριστοῦ
192 1630 243 1665 τὴν
262 1630 373 1665 θεότητα
410 1630 570 1666 Ἐκκλησίας
594 1630 761 1666 ἐξηλάσαμεν
780 1631 827 1666 (8).

53 1676 251 1711 Ἐπεχείρησαν
266 1676 294 1702 δὲ
311 1677 487 1712 περιδρομαῖς
510 1677 644 1713 χρώμενοι
665 1677 725 1704 καθ’
742 1677 828 1713 ἡμῶν,

47 1721 243 1757 παρεκϐαίνειν
263 1722 330 1757 πρὸς
345 1722 407 1754 τοὺς
427 1722 579 1757 ὁμόφρονας
601 1723 828 1759 συλλειτουργοὺς,

48 1768 171 1802 σχήματι
193 1767 242 1802 μὲν
262 1767 373 1804 είρήνης
391 1768 437 1794 καὶ
453 1767 574 1800 ἐνώσεως
589 1768 700 1801 ἀξίωσιν
718 1769 831 1804 ὑποκρι-

48 1813 174 1848 νόμενοι⁸
191 1813 222 1840 τὸ
237 1813 266 1839 δὲ
280 1813 392 1848 ἀληθὲς,
410 1815 580 1850 συναρπάσαι
596 1815 672 1847 τινὰς
687 1815 775 1842 αὐτῶν
792 1817 831 1847 είς

47 1859 96 1893 τὴν
113 1859 182 1885 ἰδίαν
196 1859 272 1886 νόσον
285 1859 329 1886 διὰ
346 1860 540 1895 χρηστολογίας
560 1859 752 1892 σπουδάζοντες
762 1869 768 1875 ·
785 1861 832 1887 καὶ

51 1902 252 1939 στωμυλιίντερα
268 1903 418 1939 γράμματα
440 1904 505 1939 παρ’
521 1903 608 1930 αὐτῶν
626 1903 772 1936 αἰτοῦντες,
789 1903 832 1930 ἵνα

51 1948 338 1984 ’παραναγινώσκοντες
358 1949 427 1976 αὐτὰ
445 1951 500 1981 τοῖς
519 1950 564 1976 ὑπ’
580 1949 669 1976 αὐτῶν
688 1950 832 1986 ἠπατημέ-

51 2003 116 2026 νοις,
131 1995 331 2030 άμετανοήτους
345 1995 387 2030 ἐφ’
401 1992 441 2027 οἷς
457 1994 610 2030 ἐσφάλησαν
625 1995 834 2027 κατασκευάζω-

51 2047 103 2072 σιν,
119 2039 343 2076 ὲπιτριϐομένους
358 2041 397 2072 εῑς
416 2040 550 2073 ἀσέϐειαν,
566 2040 603 2072 ὡς
623 2040 656 2067 ἂν
673 2040 833 2076 συμψήφους

51 2086 141 2117 αὺτοῖς
152 2086 200 2112 καὶ
216 2086 368 2122 ὁμόφρονας
382 2086 487 2121 ἔχοντες
503 2086 676 2118 ἐπισκόπους.
695 2087 750 2121 οὑχ
763 2086 833 2122 άπερ

51 2130 116 2164 γοῦν
136 2131 203 2166 παρ’
221 2132 288 2167 ήμῖν
311 2131 435 2166 πονηρῶς
460 2131 580 2163 ὲδίδαξάν
604 2140 633 2158 τε
656 2131 703 2158 καὶ
725 2131 835 2166 διεπρά-

878 895 964 923 tilium
980 903 1012 923 ac
1024 895 1178 923 Judreorum
1194 896 1303 931 impiam
1321 896 1354 924 de
1368 897 1477 925 Christo
1492 898 1654 925 sententiam

876 942 1047 974 conﬁrment,
1062 942 1168 970 laudem
1186 942 1221 969 ab
1244 942 1300 971 illis
1321 943 1394 970 omni
1423 947 1480 970 arte
1494 951 1526 970 ac
1550 944 1656 972 ratione

876 992 1066 1022 auenpantur:
1083 995 1115 1016 ea
1129 987 1239 1022 quidem
1252 995 1313 1024 quae
1327 989 1366 1015 illi
1390 989 1418 1016 in
1435 989 1516 1016 nobis
1531 989 1655 1017 deridere

877 1033 979 1064 solent.
1003 1034 1093 1060 omnia
1124 1032 1325 1069 contingentes;
1356 1033 1502 1061 seditiones
1519 1037 1607 1060 autem
1623 1041 1656 1060 ac

877 1078 1078 1113 persecutiones
1097 1078 1227 1106 adversus
1246 1085 1296 1106 nos
1309 1078 1429 1112 quotidie
1439 1078 1600 1105 excitantes.
1619 1077 1653 1104 Et

877 1131 949 1150 nunc
975 1123 1084 1158 quidem
1108 1123 1140 1150 ad
1158 1124 1280 1158 judicnm
1303 1124 1447 1151 tribunalia
1472 1132 1521 1152 nos
1545 1124 1657 1151 trahunt

877 1176 926 1204 per
937 1168 1166 1204 interpellationcs
1186 1169 1327 1196 mulierum
1342 1168 1513 1204 disciplinam
1529 1177 1583 1196 non
1597 1177 1656 1197 ser-

877 1214 1009 1245 vantinm.
1027 1221 1095 1249 quas
1120 1213 1170 1248 ipsi
1198 1213 1225 1241 in
1253 1221 1371 1242 errorem
1386 1214 1568 1247 induxerunt;
1583 1222 1657 1242 nunc

877 1259 1038 1288 Christiana!
1046 1260 1168 1295 religioni
1182 1260 1309 1295 probrum
1323 1264 1403 1295 atque
1412 1259 1550 1287 infamiam
1565 1268 1657 1295 asper-

877 1310 944 1342 gunt
954 1327 962 1339 ,
984 1306 1046 1333 dum
1059 1306 1212 1341 jnvenculae
1227 1306 1347 1341 ipsorum
1362 1313 1409 1341 per
1432 1313 1527 1333 onmes
1540 1306 1615 1333 vicos
1629 1311 1656 1333 et

877 1352 994 1386 compita
1014 1352 1128 1387 turpiter
1154 1352 1379 1379 circnmcnrsant.
1397 1350 1449 1379 Sed
1467 1355 1493 1378 et
1510 1351 1657 1378 indissolu-

877 1397 957 1425 bilem
974 1397 1076 1425 ChriSli
1097 1397 1213 1424 tunicam
1227 1417 1235 1430 ,
1258 1405 1339 1432 quam
1353 1398 1495 1425 carnilices
1509 1397 1573 1424 olim
1589 1397 1658 1424 divi-

878 1442 942 1471 dere
958 1443 1113 1475 noluerunt.
1131 1443 1175 1470 isti
1187 1443 1245 1470 ausi
1259 1447 1322 1470 sunt
1336 1443 1500 1470 discindere.

914 1489 945 1516 ll.
966 1488 1005 1515 Ac
1021 1496 1071 1516 nos
1088 1488 1195 1523 quidem
1215 1496 1275 1515 cum
1291 1496 1322 1516 ea
1343 1496 1403 1523 quae
1418 1488 1478 1515 vitae
1494 1488 1613 1523 ipsorum
1627 1495 1658 1515 ac

879 1534 990 1562 nefariis
1003 1534 1145 1561 conatibus
1165 1537 1338 1568 competunt.
1361 1533 1450 1561 serius
1466 1537 1574 1567 propter
1585 1533 1658 1567 ipso-

878 1589 938 1608 rum
953 1580 1070 1607 latebras
1081 1579 1351 1614 deprehendissemns
1362 1599 1369 1611 .
1388 1580 1524 1605 communi
1537 1579 1658 1605 omnium

879 1625 1008 1660 snﬁ‘ragio
1023 1632 1056 1652 ex
1067 1628 1139 1652 cmtu
1151 1624 1278 1652 Ecclesia:
1293 1632 1352 1660 quae
1372 1624 1471 1652 Christi
1489 1624 1657 1651 divinitatem

880 1673 984 1704 adorat.
999 1680 1045 1700 eos
1064 1672 1204 1706 ejecimns.
1231 1670 1284 1706 Ipsi
1305 1678 1369 1698 vero
1383 1674 1477 1698 contra
1495 1678 1546 1699 nos
1565 1673 1617 1698 huc
1632 1676 1659 1698 et

880 1719 943 1746 illuc
954 1719 1149 1749 discurrentes.
1166 1717 1199 1744 ad
1218 1717 1335 1752 collegas
1356 1721 1467 1744 nostros
1480 1717 1550 1744 idem
1565 1717 1659 1744 nobis-

880 1772 941 1792 cum
955 1764 1101 1792 sentientes
1115 1762 1249 1798 proﬁcisci
1276 1762 1452 1790 instituerunt
1464 1771 1471 1789 ε
1494 1763 1584 1797 specie
1597 1763 1659 1797 qni-

881 1810 941 1837 dcm
957 1816 1049 1844 pacem
1064 1811 1091 1835 et
1107 1807 1280 1835 concordiam
1299 1811 1424 1842 expetere
1437 1815 1466 1834 se
1481 1807 1657 1840 simulantes;

881 1862 911 1881 re
925 1855 983 1888 ipsa
998 1860 1062 1880 vero
1076 1852 1207 1887 quosdam
1222 1859 1315 1879 eorum
1328 1851 1434 1879 blandis
1447 1852 1618 1879 sermonibus
1631 1852 1658 1878 in

881 1907 1002 1927 errorem
1017 1906 1096 1926 suum
1110 1897 1253 1930 traducere
1266 1902 1406 1925 conantes.
1424 1899 1445 1924 A
1460 1898 1559 1932 quibus
1575 1898 1658 1925 etiam

882 1945 1058 1973 verbosiores.
1067 1945 1195 1979 epistolas
1220 1943 1354 1979 ﬂagitant,
1373 1947 1402 1970 ut
1417 1951 1462 1971 eas
1478 1944 1597 1978 legentes
1611 1943 1660 1970 bo-

882 1991 1002 2019 minibus
1018 1998 1087 2025 quos
1101 1990 1153 2025 ipsi
1164 1990 1328 2024 deceperunt
1338 2009 1346 2021 .
1372 1997 1419 2016 eos
1443 1989 1616 2024 pertinaciter
1629 1988 1660 2015 in

883 2046 976 2066 errore
994 2045 1165 2073 perseverare
1181 2037 1281 2064 faciant
1304 2037 1406 2071 absque
1426 2036 1481 2063 ullo
1496 2035 1661 2070 pmnitenliae

884 2095 965 2114 sensu
983 2087 1009 2114 in
1036 2086 1173 2121 impietate
1191 2086 1348 2117 obduratos,
1364 2085 1443 2120 quasi
1459 2083 1506 2119 qui
1520 2083 1662 2119 episcopos

885 2133 954 2160 idem
969 2139 1060 2160 secum
1076 2132 1223 2159 sentientes
1232 2139 1264 2158 ac
1278 2131 1329 2158 sibi
1343 2130 1523 2164 snﬂ‘ragantes
1533 2129 1661 2156 habeant.
1714 2155 1715 2158 η

51 2177 143 2210 ξαντο,
169 2176 346 2212 ὁμολογοῦσιν
376 2177 477 2209 αὐτοῖς,
501 2177 533 2204 δι’
553 2177 571 2205 ἃ
594 2178 640 2205 καὶ
660 2177 830 2214 ἐξώσθησαν·

886 2177 922 2205 Ea
938 2185 1019 2213 porro
1041 2185 1101 2213 qua:
1130 2177 1200 2212 apud
1225 2185 1275 2204 nos
1300 2183 1438 2211 perperam
1462 2175 1613 2202 docuerunt
1635 2177 1663 2200 et

88 2276 126 2311 (5)
137 2276 198 2310 Τὴν
208 2276 593 2313 ῥκείνουνκριστεμπορειαν.
609 2277 833 2309 Collnthns,'cnm

53 2315 127 2338 esset
142 2312 286 2347 presbyter
299 2312 484 2344 Alexandriae,
501 2313 658 2348 arrogantia
680 2320 711 2340 ac
726 2314 835 2340 temeri-

53 2350 109 2373 tate
120 2348 212 2384 elatus
224 2368 232 2379 ,
254 2355 314 2384 pro__
327 2349 455 2384 episcopo
471 2356 500 2384 se
522 2352 659 2384 gesserat.
681 2349 835 2384 multosque

55 2381 232 2418 presbyteros
247 2381 614 2418 acrdiaconos'ordina’verat.
630 2382 730 2409 Verum
748 2383 774 2410 in
791 2381 836 2418 sy-

55 2416 127 2453 nodo
141 2416 314 2444 Alexandria:
337 2421 499 2453 congregata
516 2422 622 2445 cunctae
645 2418 705 2451 ejus
724 2416 836 2445 ordina-

56 2451 145 2488 tiones
162 2455 256 2488 postea
277 2451 402 2488 rescissaé
423 2451 502 2486 sunt;
523 2457 550 2480 et
568 2453 724 2488 quicunque
745 2453 780 2480 ab
804 2460 836 2480 eo

55 2486 172 2512 ordinati
185 2486 302 2520 fuerant,
319 2487 346 2514 in
360 2488 490 2515 laicornm
502 2486 624 2515 ordinem
640 2486 703 2515 sunt
715 2487 835 2520 redacti,

57 2524 86 2546 ut
106 2525 223 2557 testatur
238 2522 404 2557 Athanasius
427 2524 453 2549 in
467 2523 632 2557 Apologelico
654 2522 767 2549 secundo
788 2522 838 2549 ad-

57 2556 287 2592 versusggtrianos.
302 2556 371 2584 Hinc
391 2561 502 2592 apparet
521 2556 570 2584 cur
580 2557 731 2585 Alexander
745 2557 839 2584 Collu-

58 2591 134 2628 lhnm
147 2590 357 2628 Χριστέμτιορον
373 2590 460 2622 vocet,
472 2599 504 2619 eo
520 2592 591 2628 quod
608 2592 711 2619 scilicet
728 2593 838 2619 ordina-

59 2626 147 2661 tiones
159 2626 349 2659 venderet,'et
361 2635 392 2654 ex
409 2626 537 2654 manuum
554 2628 726 2661 impositione
746 2635 778 2654 ac
794 2635 839 2655 re-

58 2659 140 2696 liquis
155 2661 338 2696 sacramentis
353 2666 487 2696 quaestum
502 2659 634 2696 captaret.

90 2695 235 2732 (ﬁjdéﬁnq
242 2695 381 2732 animo.
397 2697 426 2723 In
432 2695 722 2732 manuscriptocodice
731 2695 839 2732 Henrici

59 2729 167 2766 Savilii.
184 2731 212 2758 in
229 2731 305 2766 regio
321 2731 415 2759 codice
426 2730 453 2766 ί.
468 2731 527 2758 Pini
540 2751 548 2764 .
563 2729 590 2759 et
608 2732 636 2758 in
651 2731 770 2758 editione
787 2730 839 2758 Ba-

59 2765 162 2793 siliensi
178 2766 278 2800 legitur
285 2766 412 2802 ᾁλήκτου.
426 2765 567 2802 Vulgatam
576 2770 666 2802 tamen
674 2767 839 2802 scripturam

60 2804 170 2836 tuentur
194 2800 298 2836 reliqui
320 2800 445 2834 codices,
466 2800 492 2829 ei.
509 2801 652 2836 Epiphanii
677 2800 840 2828 Scholastici

53 2835 261 2880 interpretatio.
287 2835 340 2865 Sed
353 2840 379 2866 et
394 2837 422 2866 in
435 2835 553 2866 editione
568 2836 711 2866 Basiliensi
726 2844 776 2872 pro
798 2836 840 2866 his

883 2278 974 2307 verbis
989 2277 1063 2312 παρὰ
1073 2276 1111 2312 τῷ
1126 2276 1223 2312 Πατρί,
1243 2275 1429 2312 Ιεείιυτνπαρᾲ
1439 2274 1614 2312 τοῦᾘατρδς.

919 2313 956 2348 ('l)
981 2312 1018 2339 Δι’
1031 2310 1171 2348 Mx!“
1188 2310 1400 2348 ’Υνναὶκαρίωνέ
1416 2310 1569 2348 ᾼιιιριοοιοι·
1581 2310 1665 2348 inter-

904 2345 1061 2375 retationem
1076 2345 1235 2377 camerarii,
1251 2347 1297 2381 qui
1313 2347 1357 2381 sic,
1367 2345 1465 2381 vertit_.
1479 2352 1524 2381 per
1537 2345 1664 2381 interpel-

904 2355 1061 2375 relationem
1076 2355 1235 2377 cameram,
1251 2355 1297 2381 qut
1313 2355 1352 2373 SIC
1367 2355 1446 2372 vertit
1457 2364 1465 2373 .
1479 2355 1524 2378 per
1537 2355 1664 2378 Interpel-

884 2355 996 2410 Potione;
1016 2381 1242 2411 muliercularum.
1266 2385 1318 2408 etc.
1336 2380 1390 2406 Nec
1407 2379 1477 2407 male
1495 2379 1664 2413 Epiphanius

886 2418 1074 2445 Scholasticus
1088 2415 1233 2453 additional
1246 2416 1447 2453 interpretatnr.
1458 2413 1584 2453 lntelligit
1592 2414 1663 2453 enim

887 2453 993 2480 libellos
1020 2451 1223 2479 accusationum
1237 2470 1244 2481 .
1261 2448 1330 2485 quos
1347 2450 1474 2485 mulieres
1501 2449 1535 2475 ab
1556 2448 1666 2485 Ariani:

888 2487 1044 2515 subornata:
1060 2486 1233 2522 porrigebant
1242 2482 1392 2522 judicibus_
1405 2483 1534 2522 adversus
1549 2482 1665 2522 Alexan-

887 2523 965 2549 drum
988 2517 1150 2557 episcopum
1172 2517 1350 2557 Alexandriae:
1376 2518 1448 2557 Sane
1477 2517 1586 2557 ὲντυχία
1616 2524 1666 2557 pro

887 2557 979 2584 libello
991 2552 1107 2591 supplici
1119 2555 1238 2591 sumitur
1252 2555 1290 2591 ab
1299 2552 1464 2591 rAlbanasio,
1478 2557 1508 2580 nt
1521 2552 1665 2579 observavi

887 2592 917 2620 in
925 2589 1146 2618 adnotationibus
1160 2589 1332 2617 Ensabianis.

923 2626 960 2662 (8)
967 2621 1134 2662 Haud-nasi:
1140 2645 1145 2650 -
1151 2624 1214 2662 :rﬁc
1221 2623 1411 2662 Ἐξικλησιαςν
1419 2621 1618 2662 ἐξηλάεζᾳμεν-
1628 2619 1668 2662 Eis

888 2654 932 2689 his
953 2654 1047 2688 [verbis
1068 2654 1225 2695 colligitur,
1255 2654 1493 2695 hanciepistol'ani
1521 2654 1667 2695 Alesandri

889 2696 1018 2731 scriptam
1028 2702 1089 2723 esse
1103 2692 1164 2729 poIst
1178 2695 1310 2729 synodum
1326 2692 1536 2720 Alexandrinam
1551 2710 1558 2722 .
1574 2692 1601 2717 in
1613 2697 1667 2724 qua

889 2731 1033 2758 damnatus
1047 2733 1106 2757 erat
1116 2729 1196 2756 Arius
1210 2736 1272 2756 eum
1288 2729 1379 2756 sociis.
1391 2726 1462 2754 Duas
1476 2729 1565 2753 autem
1587 2732 1668 2760 syno-

890 2766 941 2793 dos
967 2766 1156 2801 episcoporum
1172 2763 1281 2801 Egypti
1302 2763 1433 2801 adversus
1447 2761 1540 2801 Arium
1554 2760 1669 2801 ejusque

891 2796 1104 2835 socios-collegit
1118 2796 1270 2835 Alexander
1281 2799 1426 2834 episcopus
1442 2796 1628 2828 Alexandriae.
1641 2797 1671 2822 ut

892 2836 963 2864 infra
979 2834 1103 2872 pluribus
1116 2834 1303 2863 ostendemus.
