1911 3073
251 115 299 143 551

792 111 822 137 S.
843 107 1038 136 ALEXAND!“
1056 107 1284 135 ALEXANDRINI

1814 99 1868 127 55'!

251 175 374 207 egerunt.
389 175 414 197 et
434 177 548 205 quorum
563 176 645 196 causa
657 176 672 195 a
683 169 761 196 nobis
775 172 838 196 sunt
850 167 966 202 expulsi,
983 175 1031 194 ne-

1084 167 1136 194 ὶλλ¹
1158 167 1173 202 ἦ
1192 167 1281 201 σιωπῇ
1295 165 1378 191 ταῦτα
1400 164 1600 199 παραδιδόασιν,
1624 161 1640 196 ἣ
1661 160 1867 194 πεπλασμένοκ

249 224 383 253 quaquam
404 216 457 243 illis
472 215 634 242 conﬁtentur
647 223 653 247 ;
669 214 715 241 sed
730 215 771 242 vel
787 214 894 241 silentio
909 215 961 241 ista
974 218 1031 240 tra-

250 265 326 295 dunt,
343 263 382 289 vel
399 262 468 289 ﬁctis
492 262 663 289 sermonibus
690 265 717 288 et
732 260 844 289 glibellis
867 260 1030 294 conscriptis

249 310 380 339 velantes,
399 308 488 334 fucum
504 307 616 334 faciunt.
633 306 824 333 Probabilibus
843 307 933 340 itaque
947 309 973 332 et
997 305 1030 332 ad

250 355 459 381 assentationem
468 353 626 388 compositis
634 351 778 386 colloquiis
786 352 941 386 pestiferam
954 358 1030 378 suam

250 399 400 426 doctrinam
432 399 610 433 obtegentes,
637 398 827 432 simpliciorem
854 405 988 432 quemque
1005 401 1031 424 et

250 444 338 471 fraudi
363 445 516 479 expositum
544 444 775 474 circumveniunt,
814 451 902 478 neque
924 443 1031 470 interim

251 494 366 524 parcunt
382 490 507 524 pietatem
524 495 642 516 nostram
659 488 729 523 apud
748 496 842 516 omnes
860 487 1030 515 calumniari.

253 533 330 561 Unde
353 534 381 560 fit
398 538 427 561 ut
442 534 564 561 nonnulli
588 534 685 561 litteris
703 541 796 560 eorum
811 534 1011 561 subscribentes
1022 551 1030 564 ,

252 579 280 607 in
290 580 438 607 Ecclesiam
449 588 495 607 eos
506 580 646 614 recipiant,
657 587 718 606 cum
732 583 823 606 tamen
839 578 1032 606 comministris

251 624 298 659 qui
312 624 363 651 hoc
377 625 436 652 ausi
450 628 522 657 sunt,
540 624 709 659 gravissima,
727 629 756 650 ut
773 624 878 658 opinor,
889 623 1033 657 reprehen-

253 671 339 698 sionis
356 671 494 698 immineat
514 671 640 703 infamia;
664 679 696 698 eo
719 670 791 705 quod
814 677 864 696 nec
880 669 1033 704 apostolica

253 717 346 751 regula
373 717 398 743 id
418 717 559 751 permittit,
576 721 603 743 et
625 716 757 743 diabolica
777 716 805 742 in
831 716 898 751 ipsis
913 715 1034 750 operatio

254 763 384 790 adversus
401 762 537 789 Christum
564 762 614 789 hoc
635 762 705 789 facto
727 761 841 789 validius
867 761 1032 788 accendizur.

254 807 434 840 Quamobrem
451 808 518 834 nihil
535 811 677 834 cunctatus
688 827 695 839 ,
726 807 823 834 fratres
845 806 1033 837 dilectissimi,

1081 211 1168 245 λόγοις
1202 211 1248 237 καὶ
1277 209 1431 247 ,ἐγγράφοις
1471 207 1676 238 ὲπισκιᾱιζοντες
1710 203 1866 231 ἀπατῶσιν.

1081 256 1293 291 Πειθανωτέραις
1316 255 1380 289 γοῦν
1409 255 1455 281 καὶ
1482 252 1643 287 βωμολόχοις
1671 250 1791 286 ὁμιλίαις
1817 249 1867 284 τὴν

1081 301 1240 337 φθοροποιὸν
1259 300 1347 327 αὐτῶν
1368 298 1535 325 διδασκαλίαν
1561 296 1789 332 ἐπικρύπτοντες,
1803 301 1867 320 συν-

1080 347 1246 383 αρπάζουσιν
1281 346 1325 372 τὸν
1345 347 1385 377 εἰς
1407 345 1514 379 ἀπάτην
1535 343 1707 377 ἐκκείμενον,
1739 341 1789 366 οὐκ
1812 340 1868 365 ἀπ-

1081 393 1203 428 εχόμενοι
1224 391 1270 418 καὶ
1289 390 1336 417 τοῦ
1354 390 1427 426 παρὰ
1447 391 1512 415 πᾶσι
1528 388 1701 421 συκοφαντεῖν
1718 385 1767 421 τὴν
1791 386 1809 419 ἡ
1816 393 1866 419 με-

1081 438 1160 472 τέραν
1192 435 1341 462 εὐσέϐειαν.
1368 434 1446 460 Ὅθεν
1472 433 1519 459 καὶ
1547 431 1687 467 συμϐαίνει
1710 430 1785 460 τινὰς
1808 430 1867 459 τοῖς

1082 483 1240 519 γράμμασιν
1268 480 1357 508 αὐτῶν
1382 479 1602 514 ὑπογράφοντας,
1632 477 1671 507 εἰς
1700 474 1867 509 Ἐκκλησίαν

1081 518 1255 563 εῖσδέχεσθαι·
1278 524 1464 562 μεγίστης,ώς
1483 521 1702 558 οἷμαι,δια6ολῆς
1722 518 1867 553 ἐπικειμέα

1081 583 1130 609 νης
1150 575 1206 605 τοῖς
1229 572 1307 598 τοῦτο
1330 570 1448 605 τολμῶσι
1472 568 1700 603 συλλειτουργοῖς,
1731 565 1770 600 τῷ
1797 566 1866 600 μήτε

1081 621 1126 646 τὸν
1146 618 1321 646 ἁποστολικὺν
1342 617 1442 643 κανόνα
1463 614 1540 641 τοῦτο
1559 613 1720 648 συγχωρεῖν,
1734 611 1802 637 ἀλλὰ
1819 610 1866 635 καὶ

1083 665 1238 692 ὑπεκκαίειν
1253 664 1300 699 τὴν
1320 663 1363 689 ἐπ’
1380 662 1470 692 αὐτοῖς
1491 659 1642 693 διαϐολικὴν
1663 657 1734 684 κατὰ
1747 654 1864 690 Χριστοῦ

1083 711 1230 747 ἐνέργειαν.
1254 709 1300 735 Διὸ
1322 708 1353 743 δὴ
1378 707 1423 733 καὶ
1448 707 1522 732 οὐδὲν
1546 704 1693 740 μελλήσας,
1717 701 1864 747 ἀγαπητοὶ,

1083 746 1199 793 δηλιῦσαι
1222 757 1285 791 ὑμῖν
1306 756 1355 790 τὴν
1375 754 1429 780 τῶν
1454 752 1579 778 τοιούτων
1597 749 1724 776 ἀπιστίαν
1747 746 1865 781 ἐμαυτὸν

1084 791 1252 836 διανέστησα,
1273 801 1404 834 λεγόντων
1419 799 1459 824 ὅτι
1473 795 1507 832 ἦν
1521 804 1585 822 ποτε
1601 795 1644 821 ὅτε
1659 794 1708 820 οὐκ
1726 791 1760 827 ἦν
1776 793 1790 818 ὁ
1804 791 1866 822 Υἱὸς

254 854 373 880 animum
391 861 422 880 ac
444 853 569 880 ﬁduciam
594 854 707 888 sumpsi,
726 856 754 879 ut
770 852 907 887 perﬁdiam
920 852 1032 879 istorum

1084 848 1129 876 τοῦ
1143 848 1220 879 Θεοῦ,
1236 848 1282 874 καὶ
1295 846 1404 880 γέγονεν
1419 844 1530 878 ὕστερον
1547 843 1561 868 ὁ
1575 841 1705 876 πρότερον
1723 839 1762 874 μὴ
1780 838 1867 888 ῦπαρ-

254 898 331 925 vobis
344 897 490 925 indicarem
511 899 557 933 qui
576 898 669 925 dicunt
687 907 693 924 :
712 898 762 924 fuit
776 902 882 932 tempus
897 905 958 924 cum
976 905 1030 923 non

253 947 326 970 esset
341 942 424 970 Filius
441 941 504 976 Dei;
524 946 551 969 et
568 943 613 977 qui
628 943 703 978 prius
718 949 772 969 non
795 945 863 972 erat,
885 944 977 976 postea
990 948 1033 967 ex-

254 989 342 1021 stitit;
367 988 428 1016 talis
449 989 556 1019 factus.
581 989 796 1023 quandocunque
812 987 920 1015 demum
945 987 1032 1013 factus

252 1038 313 1066 est,
329 1034 417 1069 qualis
444 1034 557 1068 quilibet
576 1034 715 1061 hominum
739 1033 814 1061 nasci
834 1034 912 1060 solet.
937 1032 1032 1060 Omnia

250 1080 335 1112 enim,
351 1083 379 1106 ut
392 1080 478 1111 aiunt,
496 1079 566 1107 Deus
589 1079 654 1107 fecit
673 1087 705 1106 ex
725 1079 826 1112 nihilo;
854 1080 881 1105 in
897 1078 1034 1105 creatione

253 1125 373 1152 omnium
391 1133 492 1156 rerum,
509 1129 563 1152 tam
580 1125 752 1152 rationalium
772 1132 852 1158 quam
868 1125 972 1150 ratione
986 1130 1032 1150 ca-

253 1172 381 1203 rentium,
395 1171 476 1198 etiam
488 1170 584 1198 Filium
596 1170 640 1197 Dei
649 1169 915 1205 comprehendentes.
929 1168 1032 1201 Quibus

252 1218 336 1244 etiam
347 1221 544 1252 consequenter
561 1216 672 1247 addunt,
684 1223 746 1242 eum
760 1215 897 1242 mutabilis
911 1222 971 1241 esse
983 1221 1032 1240 na-

254 1267 332 1295 tum,
346 1263 508 1297 virtutisque
522 1269 554 1288 ac
565 1261 622 1287 vitii
640 1268 776 1294 capacem.
793 1259 936 1294 Positaque
950 1260 1034 1287 semel

255 1309 306 1335 hac
318 1309 450 1336 sententia
463 1329 471 1341 ,
492 1307 588 1334 Filium
609 1307 653 1333 Dei
669 1315 700 1334 ea:
719 1307 802 1333 nihilo
822 1314 881 1333 esse
894 1327 900 1338 ,
930 1306 1036 1333 divinas

1083 903 1147 929 χων,
1167 893 1284 924 τοιοῦτος
1304 891 1447 926 γενόμενος
1467 890 1510 916 ὅτε
1526 888 1572 915 καί
1593 895 1655 913 ποτε
1672 886 1794 920 γέγονεν,
1812 881 1866 914 οἷος

1084 941 1129 967 καὶ
1143 940 1194 971 πᾶς
1208 937 1276 965 εἶναι
1290 938 1407 971 πέφυκεν
1420 935 1569 970 ἄνθρωπος.
1583 933 1674 959 Πάντα
1686 932 1752 966 γὰρ,
1774 930 1864 964 gae-iv,

1082 986 1096 1012 ὁ
1107 985 1171 1016 Θεὸς
1186 984 1215 1018 ἐξ
1227 985 1276 1011 οὐκ
1292 983 1374 1009 ὄντων
1387 981 1495 1016 ἐποίησε
1504 1001 1511 1012 ,
1536 978 1821 1014 συναναλαμϐἁνοντες
1834 978 1865 1011 τῇ

1084 1031 1137 1057 τῶν
1153 1030 1279 1056 ἁπάντων
1297 1028 1412 1063 λογικῶν
1427 1036 1455 1054 τε
1471 1027 1518 1053 καὶ
1531 1026 1633 1059 ἀλόγων
1653 1024 1740 1051 κτίσει
1759 1024 1806 1049 καὶ
1822 1022 1866 1047 τὸν

1085 1076 1148 1103 Υὶὺν
1176 1075 1222 1102 τοῦ
1247 1075 1324 1101 Θεοῦ.
1363 1072 1409 1106 Οἷς
1431 1072 1582 1103 ἀκολούθως
1607 1070 1652 1097 καὶ
1679 1070 1762 1104 φασὶν
1786 1068 1865 1094 αὐτὸν

1080 1122 1199 1157 τρεπτῆς
1219 1119 1287 1147 εἶναι
1308 1120 1429 1154 φύσεως,
1455 1119 1552 1154 ἀρετῆς
1573 1127 1603 1144 τε
1625 1116 1672 1142 καὶ
1690 1115 1790 1145 κακίας
1808 1115 1866 1140 ἐπιδ

1081 1167 1218 1193 δεκτικόν·
1244 1167 1290 1192 καὶ
1307 1167 1340 1201 τῇ
1359 1166 1392 1197 ἐξ
1413 1167 1468 1192 οὐκ
1488 1164 1580 1191 ὄντων
1593 1162 1732 1192 ὑποθέσει,
1751 1160 1799 1186 καὶ
1819 1159 1866 1190 τὰς

1084 1214 1158 1245 θείας
1177 1212 1223 1239 τοῦ
1247 1210 1316 1239 εἶναι
1337 1212 1416 1238 αὑτὸν
1438 1211 1481 1237 ἀεὶ
1504 1208 1727 1244 συναναιροῦντες
1743 1205 1865 1242 Γραιρὰς,

1084 1260 1112 1286 αἳ
1135 1260 1165 1285 τὸ
1185 1259 1317 1295 ἄτρεπτον
1341 1257 1387 1284 τοῦ
1410 1257 1513 1291 Λόγου,
1545 1255 1592 1282 καὶ
1613 1254 1660 1289 τὴν
1683 1253 1796 1286 θεότητα
1818 1251 1866 1285 τῆς

1086 1306 1184 1340 Σοφίας
1196 1305 1242 1331 τοῦ
1257 1300 1343 1338 Λόγου
1360 1303 1545 1339 σημαίνουσιν,
1562 1302 1580 1329 ἆ
1593 1302 1665 1327 ἐστιν
1679 1300 1691 1326 ὁ
1703 1298 1831 1334 Χριστός.

254 1354 371 1382 Litteras
385 1355 418 1382 de
433 1355 582 1381 icternitate
595 1355 653 1388 ejus
664 1358 797 1386 evertunt,
809 1353 907 1388 quibus
922 1354 1125 1381 immutabilitas
1141 1357 1168 1381 et
1183 1353 1310 1380 divinitas
1328 1351 1472 1386 Sapientia:
1488 1358 1519 1377 ac
1529 1349 1621 1381 Verbi,
1636 1355 1696 1383 qua:
1711 1352 1775 1374 sunt
1785 1345 1866 1372 Chri-

254 1407 325 1433 stus,
338 1403 497 1429 ostenditur.

292 1449 334 1476 HI.
356 1449 506 1476 Possumus
523 1456 597 1483 ergo,
615 1452 644 1475 ut
658 1448 734 1475 aiunt
759 1448 804 1475 isti
826 1448 962 1480 scelerati,
981 1455 1032 1474 nos

255 1502 362 1530 quoque
374 1502 435 1522 esse
451 1495 498 1521 ﬁlii
516 1493 573 1526 Dei,
591 1494 704 1528 perinde
720 1501 752 1521 ac
769 1494 822 1521 ille.
841 1493 977 1528 Scriptum
991 1496 1033 1520 est

1116 1444 1162 1470 Ill.
1178 1441 1318 1478 Δυνάμθα
1332 1441 1395 1475 γοῦν
1409 1441 1454 1467 καὶ
1467 1441 1555 1476 ἡμεῖς,
1571 1439 1652 1474 φασὶν
1663 1440 1687 1465 οἱ
1702 1438 1865 1472 ἀλάστορες.

1083 1489 1134 1516 υἱοὶ
1148 1488 1272 1522 γενέσθαι
1292 1486 1369 1518 Θεοῦ,
1384 1486 1452 1519 ὅπερ
1470 1486 1604 1516 κάκεῖνος.
1625 1485 1782 1520 Γέγραπται
1798 1484 1864 1518 γὰρ·

256 1529 327 1568 enim
338 1541 346 1556 ¹
360 1549 366 1567 :
386 1539 471 1567 Filios
483 1541 559 1575 genui
573 1544 597 1566 et
611 1539 734 1566 exaltari.
759 1539 824 1566 Cum
841 1547 904 1566 vero
917 1539 970 1565 illis
983 1538 1032 1565 ob-

1087 1534 1172 1567 Υὶοὺς
1187 1533 1334 1568 ἐγέννησα
1348 1532 1395 1559 καὶ
1411 1533 1527 1566 ὒψωσα.
1549 1531 1760 1566 Ἐπιφερομένου
1774 1529 1802 1556 δὲ
1819 1529 1866 1556 αὒ-

253 1587 354 1621 jectum
372 1586 452 1613 fuerit
472 1586 497 1613 id
515 1586 587 1621 quod
604 1586 746 1622 sequitur:
762 1585 816 1618 Ιρδί
830 1590 914 1612 autem
932 1592 1033 1619 spreve-

255 1638 315 1659 runt
331 1639 388 1660 me:
404 1631 474 1667 quod
492 1631 599 1666 quidem
617 1639 670 1658 non
683 1631 809 1659 convenit
821 1634 923 1657 naturae
937 1629 1034 1657 Serva-

255 1678 324 1705 toris
339 1678 385 1713 qui
401 1681 497 1712 suapte
514 1681 612 1704 natura
628 1681 670 1704 est
684 1676 862 1704 immutabilis
879 1685 885 1703 :
902 1676 942 1702 illi
960 1676 1034 1702 omni

257 1723 406 1751 reverentia
428 1730 459 1749 ac
482 1723 611 1757 religione
630 1723 746 1757 abjecta,
773 1722 856 1749 Deum
874 1722 959 1754 aiunt,
972 1729 1033 1748 cum

257 1767 399 1802 przesciret
423 1775 454 1794 ac
467 1768 637 1802 praevidisset
661 1767 733 1801 quod
749 1766 834 1794 Filius
851 1767 938 1802 ipsum
959 1774 1034 1801 spre—

258 1817 337 1840 turus
354 1821 407 1840 non
431 1817 513 1846 esset,
533 1813 608 1840 illum
633 1821 667 1841 ex
683 1814 809 1841 omnibus
831 1813 955 1848 elegisse.
975 1812 1034 1839 Non

258 1859 330 1886 enim
347 1862 376 1885 ut
393 1863 490 1885 natura
505 1863 532 1885 et
548 1859 725 1893 praerogativa
739 1858 855 1893 quadam
870 1859 1033 1893 pracipuum

258 1903 405 1938 quidquam
419 1911 473 1937 pra:
487 1905 593 1931 caeteris
607 1904 669 1931 ﬁliis
688 1904 842 1935 habentem,
859 1911 919 1930 eum
936 1904 1032 1939 elegit:

257 1949 356 1984 quippe
375 1949 421 1983 qui
444 1953 541 1976 natura
558 1949 629 1976 lilius
644 1957 698 1976 non
719 1950 764 1980 sit,
782 1954 811 1976 ut
824 1949 966 1984 inquiunt;
988 1957 1036 1977 nc-

257 2002 310 2029 que
323 1996 409 2030 utqui
424 1995 542 2030 aliquam
563 1995 674 2022 haberet
693 1996 884 2030 proprictptem
901 1999 928 2022 et
944 1995 1033 2023 dotem

257 2039 292 2066 ad
311 2040 398 2074 ipsum
414 2041 536 2074 proxime
550 2041 739 2073 aceedentem;
761 2041 807 2067 sed
826 2041 912 2075 ipsum
928 2049 1035 2076 quoque

257 2086 398 2113 mutabilis
423 2087 595 2113 exsistentem
617 2091 729 2116 naturae.
753 2088 788 2114 ob
802 2087 921 2114 studium
946 2092 1035 2115 tamen

258 2136 285 2158 ct
300 2137 455 2159 accuratam
475 2140 580 2159 morum
599 2133 765 2168 diligentiam
784 2133 816 2160 ad
830 2133 926 2160 vitium
947 2135 1035 2161 neuti-

252 2186 268 2212 q
278 2185 340 2204 uam
355 2177 554 2210 deﬁectentem,
574 2179 653 2214 elegit
667 2178 737 2207 Deus
751 2189 756 2207 :
772 2180 840 2207 adeo
854 2184 884 2207 ut
898 2180 920 2207 si
935 2180 1035 2207 Paulus

251 2231 284 2250 ac
298 2223 397 2249 Petrus
413 2227 541 2250 contento
564 2225 654 2251 studio
669 2225 695 2251 in
713 2225 739 2252 id
755 2225 950 2259 incubuissent,
968 2225 1035 2253 nihil
1050 2232 1073 2260 Ῑ)

251 2269 285 2295 ab
303 2268 416 2296 istorum
432 2269 563 2297 ﬁliatione
575 2271 761 2305 discrepatura
777 2271 856 2298 fuerit
875 2271 956 2306 hujus
970 2271 1037 2299 ﬁlia-

251 2314 298 2340 tio.
321 2315 409 2350 Atque
428 2319 456 2341 ut
468 2315 590 2343 insanam
606 2317 685 2344 istam
698 2317 849 2344 doctrinam
864 2317 1036 2349 confirment,

251 2359 286 2386 Sc
295 2360 406 2394 ripturis
421 2361 508 2388 sacris
526 2363 723 2391 contumeliose
747 2363 900 2395 illudentes,
923 2364 1037 2390 afferunt

257 2405 321 2431 illud
343 2405 415 2440 quod
446 2405 471 2432 in
499 2406 615 2434 Psalmis
641 2407 675 2434 de
694 2407 805 2435 Christo
827 2409 929 2436 dictum
949 2410 1012 2435 est'
1030 2419 1035 2435 :

257 2450 383 2477 [Μελ-ἱειί
396 2451 542 2485 justiliam,
557 2458 580 2478 ει
597 2453 676 2479 odisti
699 2453 884 2488 iniquitatem:
899 2460 1034 2488 propterea

255 2497 331 2523 unxit
347 2502 372 2524 te
390 2497 458 2524 Deus
476 2502 534 2524 tuus
545 2498 601 2524 oleo
617 2499 716 2525 la’liliw
727 2507 780 2534 pro:
794 2499 954 2526 consortibus
971 2501 1032 2526 luis.

316 2577 323 2591 ¹
342 2575 398 2602 Ιδα.
415 2575 478 2608 ι,2.
516 2578 526 2592 ¹
543 2577 618 2603 Psal.
637 2585 708 2610 χειν,
729 2578 755 2604 8.

291 2633 330 2703 39)
348 2635 388 2660 Οὐ
403 2636 543 2667 φυσικόν.
563 2635 705 2669 Ἂφὺσικον
718 2635 801 2662 codex
812 2636 913 2671 Regius
926 2635 950 2663 εἰ.
962 2635 1033 2663 Pini.

308 2668 347 2703 l0)
371 2669 589 2702 'Epmuboartsc
602 2670 689 2697 τοῦτό
705 2678 787 2703 φασι.
805 2671 870 2698 Post
884 2672 940 2699 hare
955 2671 1033 2698 verba

308 2668 347 2703 l0)
371 2669 589 2704 Ἐρημὼσαντες
601 2668 689 2697 τοίντό
705 2678 787 2704 φασι.
805 2668 870 2698 Ροδῖ
884 2672 940 2699 hare
955 2671 1035 2698 verba

259 2702 287 2731 in
304 2704 397 2730 codice
422 2703 519 2731 Leonis
543 2705 628 2732 Allaui
652 2702 712 2732 haec
731 2707 876 2735 adduntur.
898 2706 957 2732 οὔτε
978 2706 1036 2732 τινὰ

259 2739 353 2776 ἔχοντα
365 2738 481 2776 ἰδιότητα
495 2739 668 2776 πρὸς-αὺτὸν,
684 2740 752 2767 ἀλλὰ
762 2741 810 2776 καλ
823 2741 903 2768 αὐτὸν
918 2741 1036 2776 τρεπτῆς
1049 2763 1051 2765 .

260 2772 424 2809 Ιιυγχᾴνοντα
439 2772 554 2809 (posse);
567 2774 633 2801 Male
651 2776 769 2809 quidem.
787 2775 848 2803 Haec
865 2772 942 2803 enini
953 2772 1035 2802 verba

260 2807 374 2835 inferius
394 2807 482 2834 locum
508 2808 617 2841 habent,
634 2807 668 2836 ιιί
684 2810 845 2838 videbimus.
866 2810 1034 2846 Epiphanius

1083 1581 1138 1612 τοῖς
1152 1579 1198 1606 τοῦ
1211 1579 1333 1612 λέγοντος
1347 1577 1408 1612 ἑξῆς
1423 1577 1468 1603 τοῦ
1490 1577 1581 1612 ῥητοῦ,
1596 1576 1685 1603 Αὐτοὶ
1699 1575 1735 1602 ,δέ
1746 1584 1784 1608 με
1798 1575 1867 1608 ἠθέ-

1083 1635 1191 1661 τησαν,
1206 1626 1274 1660 ὅπερ
1295 1625 1325 1650 οὺ
1349 1624 1460 1658 φυσικόν
1477 1624 1513 1657 (9)
1531 1624 1602 1648 ἐστιν
1624 1622 1662 1657 τῷ
1679 1622 1794 1656 Σωτῆρι,
1811 1621 1867 1647 ὁντι

1083 1673 1132 1708 τῆς
1158 1671 1264 1706 φύσεως
1293 1671 1443 1706 ἀτρέπτου,
1471 1670 1560 1704 πάσης
1587 1668 1727 1699 εὐλαϐείας
1754 1668 1867 1698 ἑαυτοὺς

1084 1717 1284 1754 ἐρημώσαντες,
1297 1715 1374 1742 τοῦτό
1397 1723 1461 1750 φασι
1481 1715 1547 1749 (lOl,
1563 1714 1714 1749 προγνώσει
1737 1714 1784 1740 καὶ
1799 1721 1866 1748 προ-

1085 1763 1184 1799 θεωρίᾳ
1206 1763 1267 1797 περὶ
1283 1762 1364 1789 αὐτοῦ
1380 1762 1468 1788 εἰδότα
1488 1761 1533 1787 τὸν
1548 1760 1628 1791 Θεὸν,
1643 1760 1683 1786 ὅτι
1703 1760 1752 1786 οὐκ
1768 1759 1867 1793 ἀθετή-

1086 1816 1136 1839 σει,
1151 1806 1297 1843 ἐξειλέχθᾳι
1311 1806 1391 1832 αὐτὸν
1408 1806 1460 1832 ἀπὸ
1475 1806 1592 1832 πάντων.
1609 1805 1646 1830 Οὐ
1663 1804 1717 1839 γὰρ
1729 1804 1808 1838 φύσει
1822 1803 1867 1830 καὶ

1084 1855 1143 1881 κατ’
1159 1854 1295 1889 ἐξαίρετον
1313 1853 1365 1879 τῶν
1382 1853 1468 1879 ἄλλων
1487 1852 1552 1878 υἱῶν
1574 1851 1669 1886 ἔχοντά
1682 1859 1718 1876 τι·
1736 1850 1798 1876 οὒτε
1814 1849 1867 1884 γὰρ

1085 1900 1162 1934 φύσει
1189 1899 1245 1930 υἱός
1269 1907 1310 1929 τις
1335 1899 1407 1924 ἐστὶν
1431 1897 1476 1924 τοῦ
1502 1897 1579 1928 Θεοῦ,
1595 1898 1692 1932 φασίν·
1719 1897 1781 1923 οὔτε
1807 1896 1868 1922 τινὰ

1085 1945 1178 1979 ἔχοντα
1193 1943 1309 1978 ἰδιότητα
1324 1942 1390 1978 πρὸς
1405 1942 1494 1973 αὑτὸν,
1510 1941 1577 1967 ἀλλὰ
1591 1941 1637 1966 καὶ
1649 1940 1728 1966 αὑτὸν
1745 1939 1867 1973 τρεπτῆς

1085 1990 1248 2025 τυγχάνοντα
1278 1988 1401 2023 φύσεως,
1433 1987 1476 2013 διὰ
1500 1987 1607 2022 τρόπων
1633 1985 1791 2019 ἐπιμέλειαν
1821 1983 1867 2010 καὶ

1085 2036 1198 2070 ἄσκησιν
1216 2035 1251 2071 μὴ
1267 2034 1430 2070 τρεπόμενον
1446 2034 1492 2059 ἐπὶ
1503 2032 1533 2058 τὸ
1548 2034 1647 2068 χεῖρον,
1663 2031 1812 2063 ἐξελέξατο·
1831 2030 1867 2060 ὡς

1084 2084 1108 2108 εἰ
1124 2083 1170 2108 καί
1181 2081 1283 2112 Παῦλος
1297 2080 1374 2107 τοῦτο
1389 2080 1510 2115 βιάσαιτο
1523 2079 1571 2105 καὶ
1586 2078 1697 2113 Πέτρος,
1713 2076 1797 2112 μηδὲν
1811 2076 1867 2102 δια-

1085 2129 1176 2164 φέρειν
1191 2128 1291 2154 τούτων
1310 2127 1358 2163 τὴν
1372 2127 1474 2152 ἐκείνου
1497 2125 1614 2160 υἱότητα·
1636 2124 1676 2154 εἰς
1695 2123 1866 2158 παράστασιν

1085 2175 1112 2201 δὲ
1134 2174 1183 2209 τῆς
1207 2173 1403 2208 φρενοϐλαὸοῦς
1424 2172 1524 2206 ταύτης
1544 2169 1731 2202 διδασκαλίας,
1746 2169 1795 2195 καὶ
1809 2168 1866 2198 ταῖς

1086 2221 1205 2256 Γραφαῖς
1227 2218 1460 2253 ἐμπαροινοῦντες,
1487 2217 1533 2243 καὶ
1556 2215 1766 2250 παρατιθέμενοι
1790 2213 1821 2239 τὸ
1840 2213 1866 2239 ὲν

1087 2265 1209 2300 Ψαλμοῖς
1227 2264 1290 2299 περ).
1304 2263 1420 2298 Χριστοῦ
1441 2262 1530 2298 ῥητὸν,
1550 2261 1634 2292 οὕτως
1648 2260 1718 2295 ἔχονο
1741 2257 1864 2293 Eri-111-

1084 2318 1142 2343 σας
1161 2310 1372 2342 δικαιοσύνην,
1399 2308 1448 2334 καὶ
1477 2308 1625 2342 ἐμίσησας
1651 2305 1790 2332 ἀδικίαν·
1821 2303 1866 2329 6m

1084 2356 1170 2383 τοῦτο
1185 2355 1286 2390 ἐχρισέ
1301 2362 1337 2380 σε
1350 2355 1365 2380 ὀ
1381 2353 1451 2385 Bede
1469 2361 1526 2379 σου
1545 2353 1646 2378 ἔλαιον
1660 2349 1866 2385 ἀγαλλιάσεως

1085 2402 1163 2436 παρὰ
1177 2401 1246 2434 τοὺς
1255 2400 1401 2435 μετόχους
1416 2407 1482 2426 σου.

1087 2641 1177 2664 tamen
1197 2635 1382 2664 Scholasticus
1398 2637 1490 2663 eadem
1508 2636 1588 2663 verba
1604 2636 1631 2662 in
1650 2643 1700 2663 suo
1718 2635 1815 2662 codice
1830 2635 1862 2661 Ie-

1086 2673 1125 2705 κη
1140 2673 1191 2699 hoc
1210 2672 1279 2699 loco.
1298 2672 1343 2698 Sic
1359 2672 1430 2698 enim
1447 2672 1523 2698 vertit
1538 2681 1543 2698 :
1560 2671 1638 2698 Omni
1650 2672 1798 2698 reverentia
1808 2677 1862 2703 spa-

1087 2707 1180 2734 limues
1205 2707 1367 2740 sentelipsos,
1387 2708 1480 2733 aiitut:
1495 2706 1549 2733 Nec
1569 2707 1685 2741 aliquant
1707 2706 1786 2732 habet
1806 2713 1861 2738 pro-

1085 2743 1220 2775 prietatem
1240 2742 1273 2768 ad
1288 2750 1345 2768 eum
1359 2749 1367 2767 :
1380 2741 1424 2768 sed
1435 2750 1493 2768 cum
1508 2742 1540 2768 sit
1559 2742 1614 2775 ipse
1632 2747 1733 2767 natura
1753 2740 1861 2766 mutabi-

1087 2777 1131 2817 lis.
1150 2777 1223 2817 sciuit
1243 2777 1274 2804 de
1285 2777 1332 2803 illo
1349 2777 1418 2804 Deus
1432 2774 1595 2811 prwscicnlia
1610 2782 1633 2804 et
1648 2774 1862 2812 pra-contempla-

1087 2816 1229 2846 ti.me,_ctc.
