1911 3073
139 99 197 128 ιν.
212 99 282 136 Περὶ
298 99 347 135 μὲν
359 97 405 127 οὖν
419 100 459 127 ὅτι
472 100 487 126 ὁ
502 100 565 133 Υἱὸς
581 101 627 128 τοῦ
642 101 719 136 Θεοῦ,
734 101 795 129 οὔτε
815 103 843 136 ἐξ
858 103 906 130 οὐκ

97 146 200 174 ὅντων
212 146 370 181 γεγένηται1
385 146 446 173 οὔτε
460 144 494 182 ἦν
509 156 574 173 ποτε
588 147 632 174 ὅτε
643 147 693 174 οὐκ
706 145 750 182 ἦν,
766 149 905 183 αὐτάρκης

99 192 260 220 παιδεῦσαι
280 193 407 229 Ἰωάννης
424 195 438 220 ό
459 194 667 230 εὐαγγελιστὴς,
683 193 795 230 γράφων
818 195 905 227 οὕτως

99 239 176 275 περὶ
194 238 289 266 αὑτοῦ·
310 239 337 265 Ὀ
351 239 518 275 μονογενὴς
532 240 606 273 Υὶὸς,
620 242 637 267 ὁ
654 240 695 267 ὢν
710 242 753 274 εὶς
768 241 822 268 τὸν
834 243 903 268 κόλ-

98 292 170 311 ποι·
186 284 241 311 τοῦ
257 285 382 319 Πατρός.
401 285 600 321 Προνοούμενος
617 285 671 321 γὰρ
685 287 700 312 ὁ
715 287 785 318 θεῖος
797 287 905 314 δεικνύ-

100 339 151 356 ναι
180 329 353 362 διδάσκαλος,
369 330 490 365 ἀλλήλων
514 330 652 367 ὰχώριστα
675 332 824 367 πράγματα
845 332 902 364 δύο,

99 377 153 404 τὸν
169 377 285 413 Πατέρα
301 377 405 404 καὶτὸν
419 377 493 411 Υἰὺν,
510 377 574 405 ὄντα
590 378 669 405 αὺτδν
685 379 714 406 ἐν
726 381 781 411 τοῖς
795 379 904 412 κόλποις

98 424 154 450 τοῦ
183 424 293 459 Πατρὺς
313 424 461 459 ὠνόμασεν.
486 424 566 451 Ἀλλὰ
589 425 644 461 γὰρ
665 426 712 452 καὶ
737 427 777 453 ὃτι
802 428 858 458 τοῖς
873 427 903 460 ἐξ

99 470 159 496 οὐκ
181 470 268 497 ὄντων
290 471 445 506 γενομένοις
462 471 477 497 ό
497 471 582 506 Λόγος
596 471 643 498 τοῦ
662 471 729 499 Θεοῦ
749 473 778 499 οὐ
796 482 903 509 συναρι-

100 516 233 550 θμεῖται,
249 516 348 543 πάντα
363 517 399 543 δι’
417 516 510 543 αὐτοῦ
531 518 683 552 γενονέναι
702 519 716 545 ὁ
730 518 809 551 αὐτός
821 528 902 555 φησιν

106 561 256 597 Ἰωάννης.
276 562 331 597 Τὴν
346 562 399 598 γὰρ
415 563 563 598 ἰδιότροπον
579 564 661 591 αὐτοῦ
682 564 829 592 ὑπόστασιν
842 566 902 601 ἐδή-

99 607 195 634 λωσεν
220 608 315 636 εἰπών·
336 609 384 635 Ἐν
398 609 476 644 ἀρχῇ
497 608 536 644 ἦν
550 611 565 637 ό
580 611 690 645 Λόγος,
710 611 760 638 καὶ
775 613 791 638 ό
807 612 903 646 Λόγος

99 651 143 688 ἦν
157 653 238 687 πρὸς
259 655 313 681 τὸν
334 654 417 687 Θεὸν,
440 655 489 682 καὶ
513 655 584 689 Θεὸς
598 654 637 691 ἦν
653 658 670 683 ὁ
682 658 786 692 Λόγος·
803 657 901 684 πάντα

100 699 143 725 δι’
159 699 258 726 αὑτοῦ
277 699 405 734 ἐγένετο,
426 700 474 727 καὶ
487 701 575 735 χωρὶς
589 701 680 728 αὐτοῦ
696 702 813 737 ἐγένετο
831 701 902 729 οὐδὲ

102 745 139 772 ἓν
151 744 168 771 ὅ
184 744 312 780 γέγονεν
328 744 393 780 (11).
408 747 439 781 Et
454 746 508 782 γὰρ
525 748 612 774 πάντα
628 747 661 774 δι’
684 748 764 774 αὑτοῦ
782 748 900 782 ἐγένετο,

103 790 166 822 πῶς
186 792 203 818 ὁ
219 792 275 823 τοῖς
290 792 445 827 γενομένοις
467 793 498 819 τὸ
513 790 583 820 εἶναι
606 793 796 829 χαρισάμενος,
818 794 899 826 αὐτὸς

103 837 170 863 ποτὲ
196 838 249 864 οὐκ
263 835 312 873 ἦν;
327 840 363 866 Οὐ
384 840 438 876 γάρ
452 849 510 872 πως
529 842 543 868 ὁ
563 841 648 874 Λόγος
669 842 700 868 τὸ
719 842 822 874 ποιοῦν,
842 844 898 875 τοῖς

103 882 267 917 γενομένοις
282 883 332 918 τῆς
354 885 439 920 αὐτῆς
460 883 528 912 εἶναι
543 885 650 920 φύσεως
667 887 822 922 διορίζεται⁵
840 888 897 923 εἴγε

103 927 189 959 αὐτὸς
209 928 258 963 μὲν
272 927 306 964 ἦν
324 930 353 956 ὲν
372 930 454 966 ἀρχῇ,
476 932 564 958 πάντα
581 932 608 958 δὲ
628 932 662 958 δι’
676 933 758 960 αὑτοῦ
779 933 896 968 ἐγένετο,

103 970 153 997 καὶ
167 970 198 1004 ἐξ
213 971 264 998 οὐκ
279 972 362 1000 ὄντων
384 974 520 1010 ἐποίησεν.
538 975 672 1003 Ἐναντίων
683 977 737 1013 γὰρ
756 977 828 1005 δοκεῖ
842 981 898 1011 τοῖς

104 1016 133 1049 ἐξ
149 1017 203 1043 οὐκ
221 1017 306 1044 ὄντων
327 1020 482 1055 γενομένοις
500 1021 530 1048 τὸ
551 1021 591 1053 ὃν,
606 1024 652 1049 καὶ
667 1023 819 1059 ἀφεστηκὸς
835 1025 898 1059 σφό-

103 1061 167 1097 δρα.
184 1063 223 1089 Τὸ
250 1063 299 1098 μὲν
322 1064 393 1100 γὰρ,
418 1066 519 1101 μεταξὺ
540 1067 647 1102 Πατρός
668 1069 714 1095 καὶ
737 1069 801 1096 Υἱοῦ
820 1071 897 1098 οὐδὲν

103 1107 243 1136 δείκνυσιν
266 1107 336 1136 εἶναι
359 1111 509 1147 διάστημα,
535 1113 588 1139 οὐδ’
609 1113 672 1150 ἄχρι
698 1115 768 1147 τινὸς
793 1116 897 1149 ἐννοίας

104 1152 184 1178 τοῦτο
209 1155 394 1187 φαντασιῶσαι
414 1156 464 1192 τῆς
485 1156 574 1193 ψυχῆς
590 1158 748 1196 δυναμένης.
767 1161 803 1187 Τὸ
822 1161 851 1188 δὲ
867 1162 896 1196 ἐξ

104 1199 155 1225 οὐκ
167 1199 254 1227 ὄντων
267 1200 489 1238 δημιουργεῖσθαι
506 1204 550 1231 τὸν
563 1204 675 1241 κόσμον,
690 1207 824 1243 νεωτέραν
841 1208 896 1244 ἔχει

104 1245 154 1281 τῆς
168 1247 345 1281 ὑποστάσεως
361 1250 407 1277 καὶ
419 1251 573 1286 πρόσφατον
584 1252 632 1288 τὴν
648 1253 764 1287 γένεσιν,
782 1253 834 1280 ὑπὸ
847 1253 895 1280 τοῦ

105 1291 214 1328 Πατρὸς
224 1293 269 1320 διὰ
282 1294 329 1321 τοῦ
343 1295 406 1322 Υἱοῦ
423 1297 531 1324 πάντων
544 1297 691 1334 εἰληφότων
706 1299 756 1335 τὴν
768 1299 895 1336 τοιαύτην

106 1337 245 1382 οὐσίωσιν.
260 1340 372 1376 Μακρὸν
387 1341 452 1376 γοῦν
468 1342 608 1379 Θεωρήσας
620 1344 666 1371 τοῦ
682 1345 749 1371 Θεοῦ
763 1345 854 1382 Λόγου.
865 1346 895 1372 τδ

106 1381 151 1418 ἢν,
165 1385 215 1411 καὶ
230 1385 377 1423 ὑπεραῖρον
392 1389 442 1424 τῆς
459 1390 514 1417 τῶν
529 1391 665 1428 γεννητῶν
680 1392 797 1424 διανοίας
813 1381 868 1428 (12)
881 1393 895 1419 ὁ

831 42 1019 70 ΕΡΙΞΤΟΜΕ.

1690 47 1742 74 531.

922 105 943 133 Α
993 101 1037 130 IV.
1061 101 1158 130 Verum
1175 104 1246 138 quod
1262 104 1346 131 Filius
1363 103 1408 130 Dei
1420 103 1509 131 factus
1524 111 1577 131 non
1594 104 1629 131 sit
1652 112 1684 132 ex
1698 105 1739 132 ni-

955 147 1021 180 hilo,
1040 153 1067 175 et
1090 148 1161 184 quod
1188 153 1296 184 tempus
1313 156 1367 175 non
1390 148 1471 176 fuerit
1493 156 1554 176 cum
1582 157 1636 176 non
1654 155 1737 182 esset,

955 193 1062 221 abunde
1080 193 1159 221 docet
1180 193 1300 222 Joannes
1317 195 1482 230 evangelista
1498 194 1531 222 de
1551 195 1598 222 illo
1612 195 1648 222 ita
1672 196 1740 223 scri-

955 240 1061 268 bens’:
1077 239 1232 275 Unigenitus
1257 240 1354 273 Filius,
1372 242 1472 276 quiest
1496 242 1523 269 in
1548 242 1608 269 sinu
1635 242 1736 272 Patris.

954 285 1021 313 Nam
1044 293 1106 313 cum
1130 286 1239 314 divinus
1264 287 1393 322 magister
1409 287 1552 315 0>tcndere
1577 287 1667 320 vellet,
1690 287 1740 315 Pa~

954 336 1023 359 trem
1037 339 1068 359 ac
1086 331 1184 359 Filiqu
1199 332 1267 360 duas
1278 340 1322 359 res
1338 339 1399 360 esse
1414 340 1429 359 a
1445 340 1474 360 se
1489 337 1582 360 mutuo
1593 334 1738 369 insepara-

954 379 1032 411 biles,
1054 378 1126 406 hunc
1153 379 1181 406 in
1206 379 1267 406 sinu
1293 378 1383 406 Patris
1408 386 1469 406 esse
1494 379 1572 408 dixit.
1593 379 1652 407 Jam
1673 388 1738 408 vero

953 423 1026 459 quod
1043 423 1161 452 Verbum
1180 423 1226 452 Dei
1252 425 1323 452 inter
1341 432 1386 452 res
1404 432 1436 452 ex
1453 425 1540 452 nihilo
1559 430 1666 454 creatas
1682 433 1736 453 non

954 470 1136 503 contineatur,
1153 471 1224 498 idem
1238 470 1357 498 Joannes
1378 475 1504 504 testatur,
1521 479 1583 499 cum
1600 473 1656 499 ait:
1673 472 1736 500 0m-

953 517 998 543 m'a
1014 524 1060 551 per
1072 517 1157 551 ipsum
1175 517 1247 550 facta
1260 525 1325 544 esse.
1340 516 1565 552 Proprianrenim
1581 517 1641 552 ejus
1654 518 1738 554 hypo-

953 562 1039 589 stasin
1065 562 1215 590 declaravit
1240 563 1334 591 dicens
1346 564 1376 590 δε
1394 562 1427 590 In
1452 564 1580 598 principio
1599 570 1656 591 erat
1674 564 1737 592 Ver-

953 606 1023 641 bum,
1041 611 1066 634 et
1086 607 1198 634 Verbum
1209 612 1265 635 erat
1282 608 1351 643 apud
1364 608 1459 641 Deum,
1473 614 1497 635 et
1515 609 1586 636 Deus
1600 614 1657 636 erat
1675 610 1738 637 Ver—

953 652 1032 680 bum:
1046 654 1134 680 omnia
1152 662 1197 688 per
1212 654 1298 689 ipsum
1315 654 1388 689 facta
1404 661 1476 686 sunt.
1502 659 1529 682 et
1552 655 1608 682 sine
1624 655 1681 690 ipso
1695 657 1739 691 fa-

952 704 1022 726 ctum
1039 705 1078 727 est
1097 700 1163 727 nihil
1179 699 1248 735 quod
1263 700 1364 734 factum
1379 705 1427 727 est.
1445 700 1511 728 Nam
1538 701 1560 729 si
1584 702 1674 729 omnia
1690 710 1738 737 per

952 744 1041 779 ipsum
1054 745 1124 772 facta
1139 749 1214 777 sunt,
1231 745 1368 780 quomodo
1379 745 1402 772 is
1413 746 1460 780 qui
1477 746 1558 774 rebus
1580 746 1657 775 tactis
1669 755 1738 782 pra:-

916 778 937 806 B
952 778 1022 817 stitit
1038 793 1068 817 ut
1082 795 1183 821 essent,
1208 778 1266 826 ipse
1288 778 1436 826 aliquando
1455 799 1510 819 non
1535 793 1658 820 exstitit?
1669 778 1737 821 Ver-

951 835 1015 863 bum
1027 836 1098 863 enim
1109 837 1182 872 quod
1200 837 1274 868 facit,
1291 845 1461 872 nequaquam
1475 838 1597 873 ejusdem
1609 847 1671 868 esse
1687 848 1737 868 na-

951 885 1019 909 tura:
1040 890 1102 909 cum
1127 883 1209 910 rebus
1238 883 1318 910 factis
1343 883 1506 918 intelligitur
1527 885 1650 920 :quippe
1673 893 1736 912 cum

950 926 1039 962 ipsum
1053 927 1162 962 quidem
1181 933 1254 956 esset
1281 929 1308 955 in
1325 929 1460 964 principio
1473 938 1480 963 ;
1492 934 1590 956 cuncta
1604 937 1669 957 vero
1688 939 1736 966 per

951 973 1018 1001 illud
1036 974 1108 1001 facta
1123 975 1178 1002 sint
1194 979 1222 1001 et
1236 982 1267 1001 ex
1283 974 1369 1002 nihilo
1383 976 1504 1002 condita.
1521 975 1608 1003 Porro
1623 977 1648 1004 id
1662 977 1735 1011 quod

949 1024 1002 1052 est,
1014 1022 1182 1048 contrarium
1195 1029 1256 1049 esse
1269 1021 1386 1053 videtur,
1402 1025 1429 1049 et
1448 1022 1527 1057 longe
1547 1022 1685 1050 diversum
1700 1024 1735 1051 ab

949 1066 1003 1094 illis
1019 1075 1080 1102 qua:
1099 1066 1169 1094 facta
1192 1071 1256 1094 sunt
1275 1075 1308 1094 ex
1322 1067 1416 1094 nihilo.
1443 1066 1510 1094 Nam
1538 1067 1604 1094 illud
1624 1068 1733 1103 quidem

948 1112 1079 1145 declarat,
1096 1113 1200 1140 nullum
1223 1121 1285 1141 esse
1308 1113 1480 1141 intervallum
1497 1114 1567 1141 inter
1581 1113 1690 1142 Patrem
1707 1120 1733 1142 et

948 1158 1058 1189 Filium,
1078 1165 1140 1185 cum
1164 1158 1272 1186 animus
1298 1166 1330 1186 ne
1356 1158 1473 1192 simplici
1498 1158 1607 1193 quidem
1629 1159 1732 1194 cogita.

948 1204 1023 1231 tione
1040 1204 1141 1239 tingere
1163 1205 1251 1239 possit
1266 1205 1350 1231 ullam
1370 1205 1441 1231 inter
1461 1208 1608 1239 utrumque
1628 1204 1732 1233 distan-

947 1249 1024 1276 tiam.
1040 1249 1080 1276 Ex
1096 1249 1182 1276 nihilo
1203 1256 1268 1277 vero
1290 1249 1376 1276 creari
1397 1249 1539 1281 mundum,
1555 1249 1731 1277 recentiorem

947 1295 1050 1323 indicat
1065 1303 1097 1323 ac
1111 1304 1243 1331 nuperam
1257 1295 1418 1323 substantia:
1432 1295 1577 1331 originem,
1593 1303 1655 1323 cum
1671 1296 1731 1323 uni‘

947 1349 1024 1369 versa
1045 1341 1201 1377 huiusmodi
1223 1342 1371 1369 essentiam
1392 1349 1406 1368 a
1420 1340 1500 1368 Patre
1514 1341 1668 1376 acceperint
1684 1348 1731 1377 per

946 1386 1056 1414 Filium.
1076 1387 1144 1414 Cum
1160 1387 1244 1422 igitur
1265 1387 1351 1414 divini
1372 1386 1451 1414 Verbi
1465 1387 1612 1414 essentiam
1627 1386 1731 1422 longis-

106 1430 302 1465 ιύλαὸέστατος
325 1434 460 1472 Ἰωάννης,
487 1436 593 1471 γένεσιν
615 1438 697 1466 αὐτοῦ
717 1439 763 1466 καὶ
786 1439 894 1475 ποίησιν
908 1449 929 1477 c
946 1433 1025 1466 εῖῖηε,
1041 1437 1069 1460 ει
1082 1433 1152 1459 υίιΐίι
1167 1440 1275 1460 omnem
1291 1432 1484 1467 εοῧίιίηίοηθηι
1500 1439 1594 1459 eorum
1610 1440 1670 1467 quae
1683 1440 1729 1467 ἕθ·

106 1476 263 1511 ἀπηξίωσεν
285 1480 388 1512 εἰπεῖν,
409 1482 469 1509 οὐδὲ
483 1484 543 1515 ταῖς
560 1484 726 1520 ὁμοστοίχοις
748 1485 891 1517 συλλαϐαῖς

107 1522 163 1558 (15)
178 1523 209 1549 τὸ
224 1524 317 1551 ποιοῦν
335 1527 390 1558 τοῖς
409 1528 579 1564 γιγνομένοις
602 1530 732 1566 ὀνομάσαι
746 1530 892 1567 τολμήσας.

105 1569 162 1604 οὐχ
186 1569 226 1596 ὅτι
248 1571 393 1606 ἀγέννητος
413 1571 457 1609 ἦν’
475 1574 504 1601 ἓν
521 1575 575 1611 γὰρ
591 1575 738 1612 ἀγέννητον
752 1578 766 1604 ὁ
785 1577 891 1612 Πατήρ·

105 1614 163 1640 ἀλλ’
183 1615 224 1642 ὅτι
244 1616 293 1652 τῆς
314 1617 461 1655 ἔξεο-μένης
481 1619 536 1648 τῶν
558 1622 766 1657 εὐαγγελιστῶν,
784 1623 853 1658 τάχα
864 1623 893 1649 δὲ

106 1660 153 1686 καὶ
174 1661 297 1696 ἀγγέλων
319 1665 496 1701 καταλήψεως
521 1667 685 1704 ὑπερέκεινά
705 1669 760 1705 (14)
782 1670 856 1696 ἐστιν
874 1669 891 1704 ἡ

105 1706 152 1733 τοῦ
171 1709 330 1743 μονογενοῦς
344 1710 410 1737 Θεοῦ
426 1711 618 1749 ἀνεκδιήγητος
631 1714 787 1747 ὑπόστασις.

140 1841 172 1870 ν,
191 1841 238 1872 Εἰς
260 1842 380 1874 εὐσεϐεῖς
400 1843 449 1870 οὐκ
473 1841 547 1879 οἶμαι
570 1843 742 1880 λογιζομένου
764 1845 819 1882 (15)
841 1846 889 1873 τοῦ

140 1919 151 1934 ³
163 1917 242 1947 Jaan.
257 1928 284 1953 ι,
305 1920 346 1948 18.
376 1922 387 1937 ⁸
401 1921 466 1951 ibid.
481 1923 538 1951 1-5.

136 1999 191 2034 (il)
212 1999 345 2034 Ἐγένετο
357 1999 428 2027 οὐδὲ
437 2000 472 2027 ἐν
482 2000 497 2026 ὃ
513 2000 644 2035 γέγονεν.
663 2000 727 2028 Duze
743 2007 887 2035 postrema:

105 2042 183 2070 voces
207 2035 309 2063 desunt
327 2036 354 2063 in
377 2036 496 2063 editione
518 2036 630 2063 ttoberti
651 2035 793 2070 Stephani,
814 2041 842 2063 et
858 2038 885 2064 in

106 2069 256 2102 Basiliensi,
275 2075 302 2098 et
324 2072 351 2099 in
376 2071 471 2099 codice
495 2070 580 2105 Regio
600 2070 625 2098 J.
648 2069 718 2098 Pini.
745 2070 886 2098 Habentur

108 2109 192 2145 tamen
246 2106 343 2145 codice
357 2106 456 2145 Leonis
472 2106 575 2145 allatii,
587 2111 613 2134 et
626 2106 653 2145 in
678 2106 803 2134 versione
821 2106 885 2145 Epi-

107 2141 195 2177 phanii
209 2141 382 2170 Scholastici.
399 2141 452 2169 Sed
466 2141 492 2169 et
512 2142 778 2177 Christophorsonus
795 2148 842 2169 eas
858 2142 884 2168 in

108 2176 181 2203 libris
194 2177 253 2204 suis
272 2181 420 2212 repererat,
437 2181 467 2204 ut
481 2185 515 2204 ex
530 2176 755 2211 interpretatione
768 2178 827 2211 ejus
841 2185 886 2213 ap-

125 2216 188 2239 aret.

108 2219 192 2282 pii:
208 2249 263 2275 Καὶ
274 2247 435 2282 ὑπεραῖρον
445 2248 500 2281 τῆς
513 2248 572 2276 τῶν
579 2247 730 2282 γεννητῶν
739 2247 883 2281 διανοίας.

109 2282 282 2310 Seribendum
298 2287 364 2318 puto
379 2284 499 2318 γενητῶν
514 2291 562 2318 per
579 2284 694 2318 simplex
708 2292 738 2316 v;
754 2287 835 2318 atque
846 2284 884 2310 ila

108 2318 199 2353 legisse
215 2317 321 2346 videtur
339 2317 523 2353 Epiphanius;
537 2319 584 2353 qui
601 2317 641 2346 sie
653 2319 751 2345 vertit:
764 2318 797 2344 Et
807 2327 882 2345 crea-

109 2358 189 2380 turam
222 2356 372 2380 universam
401 2354 604 2388 inlelligenliam
646 2353 881 2381 transcendentem.

107 2388 291 2424 Coniecturam
310 2396 397 2416 meam
421 2389 592 2416 conﬁrmavit
606 2389 672 2415 mihi
690 2393 783 2424 postea
797 2389 881 2416 codex

108 2424 192 2459 regius
210 2423 235 2450 J.
252 2423 322 2455 Pini,
341 2424 368 2459 in
391 2432 445 2458 quo
465 2425 502 2451 ita
527 2425 605 2458 plane
627 2425 758 2458 scriptum
778 2424 879 2456 inveni,

108 2458 329 2495 ut'conjeceram.
355 2458 409 2495 Pro
432 2459 589 2495 ὑπεραῖρον,
605 2459 642 2495 fin
663 2460 782 2495 editione
806 2459 881 2486 Basi-

108 2494 178 2521 liensi
195 2494 293 2530 legitur
307 2494 463 2530 ὑπερόριον,
477 2494 504 2522 et
517 2495 546 2521 in
563 2494 657 2522 codice
673 2494 820 2527 Allatiano,
838 2502 881 2521 re-

108 2529 171 2557 ctius
185 2533 214 2556 ut
228 2529 335 2563 opinor.

136 2567 187 2602 U3)
200 2566 280 2602 ρὺδὲ
301 2564 574 2602 τιξῖςρμοστρίκοις
584 2563 763 2602 συλλέιϐαῖς·
777 2563 807 2602 Ir
827 2571 880 2602 ms-

105 2599 188 2630 codiee
200 2600 307 2629 Henriei
321 2599 436 2631 Savillii,
449 2604 476 2627 et
487 2600 514 2626 in
527 2599 644 2626 editione
662 2599 803 2627 Basiliensi
815 2599 882 2626 scri-

106 2639 170 2666 bitur
193 2637 357 2672 όμοστιχοίς,
374 2635 566 2672 minus__r_ecte,
591 2639 620 2672 ut
639 2635 763 2672 equidem
783 2635 879 2672 sentio.

106 2673 175 2700 Certe
187 2668 372 2702 camerarius,
383 2671 428 2704 qui
441 2670 586 2697 editionem
598 2669 773 2697 Basiliensem
787 2668 883 2696 Latine

107 2709 289 2741 interpretatus
300 2711 351 2736 est,
364 2705 541 2741 ὁμοστοίχοις.
555 2705 626 2741 legit.
640 2710 668 2731 ut
677 2712 708 2741 ex
724 2706 882 2741 interpreta-

108 2739 176 2770 tione
184 2745 242 2776 ejus
263 2745 384 2775 apparet.
404 2740 449 2767 Sic
468 2741 540 2766 enim
553 2740 636 2776 vertit
652 2748 657 2765 :
676 2739 717 2765 Ne
733 2739 882 2776 eorumdth

106 2775 203 2810 quidem
220 2777 407 2803 elementorum
430 2775 606 2808 cauiplexiane
625 2776 652 2802 in
673 2782 733 2801 vace
749 2775 881 2809 facientis,

216 2816 353 2846 PATRUL.
376 2817 433 2846 Gn.
457 2815 560 2846 XVIII.

947 1479 1004 1505 nita
1019 1482 1084 1506 sunt
1101 1479 1219 1513 positam
1242 1478 1473 1513 contemplaretur
1489 1478 1630 1513 piissimus
1649 1477 1730 1506 Joan-

944 1532 1005 1556 nes,
1032 1524 1234 1560 generationem
1249 1524 1309 1559 ejus
1325 1527 1351 1551 et
1370 1524 1503 1551 facturam
1519 1524 1610 1551 dicere
1632 1523 1729 1557 uoluit,

944 1570 1075 1597 faetorem
1092 1570 1189 1598 iisdem
1204 1570 1296 1598 verbis
1312 1570 1412 1605 quibus
1429 1577 1461 1597 ea
1487 1577 1548 1604 quae
1563 1570 1634 1597 facta
1654 1576 1729 1602 sunt,

942 1617 1087 1652 designare
1102 1617 1214 1644 minime
1230 1624 1324 1644 ausus.
1340 1615 1400 1643 Non
1414 1616 1488 1650 quod
1503 1615 1621 1643 Verbum
1638 1616 1674 1643 sit
1686 1616 1728 1643 in—

943 1663 1064 1699 genitum
1081 1673 1087 1690 :
1105 1663 1180 1691 solus
1191 1663 1264 1690 enim
1277 1662 1360 1689 Pater
1376 1662 1513 1697 ingenitus
1530 1666 1590 1690 est:
1605 1662 1652 1690 sed
1663 1662 1727 1697 quia

944 1709 1150 1737 solertissimam
1179 1708 1423 1744 evangelistarum,
1456 1708 1634 1744 ipsorumque
1660 1709 1728 1736 adeo

942 1755 1100 1790 angelorum
1115 1755 1389 1790 comprehensionem
1407 1755 1575 1783 transcendit
1594 1756 1726 1791 unigeniti

940 1800 1002 1828 Filii
1021 1801 1221 1836 inexplicabilis
1236 1801 1424 1828 subsistentia.

975 1846 1009 1874 V.
1029 1846 1119 1880 Quare
1136 1847 1207 1875 inter
1218 1846 1278 1882 pios
1294 1854 1354 1874 meo
1370 1846 1478 1882 quidem
1492 1847 1596 1882 judicio
1610 1854 1725 1875 censen-

940 2001 1132 2038 autfactorum
1145 2002 1185 2028 uti
1198 2011 1290 2030 ausus.
1302 2003 1332 2030 ln
1353 2004 1427 2038 regio
1443 2003 1507 2031 item
1520 2004 1615 2031 codice
1623 2003 1648 2032 Ι.
1661 2003 1724 2032 Pini

940 2037 1070 2073 scriptum
1089 2038 1180 2064 inveni
1197 2038 1376 2073 ὁμοστοίχοις.
1388 2037 1480 2073 ilujus
1503 2043 1593 2066 autem
1612 2039 1663 2066 loci
1679 2048 1724 2067 sa-

938 2072 974 2099 tis
996 2072 1106 2110 obscuri
1129 2073 1256 2110 Ιιίο-νοξι-
1269 2081 1378 2110 sensus.
1399 2072 1519 2102 Joannes
1542 2075 1722 2110 evangelista,

903 2127 923 2154 υ
938 2114 1000 2154 (ΞΗῗέ
1018 2107 1236 2154 sarriri!
1247 2108 1391 2154 Parere
1408 2117 1556 2154 more.
1641 2117 1661 2154 κει
1679 2118 1724 2154 rs-

939 2149 1000 2168 rum
1016 2147 1176 2179 __crcatarum
1190 2143 1370 2178 productione
1385 2143 1464 2179 longe
1483 2145 1607 2172 distinxit
1618 2154 1625 2177 ;
1636 2146 1723 2172 carit-

939 2185 992 2211 que
1007 2177 1224 2211 diligentissime,
1240 2186 1274 2205 ne
1294 2179 1320 2205 in
1339 2177 1503 2206 declaranda
1524 2179 1584 2206 Filii
1602 2180 1721 2207 essentia

939 2212 1035 2248 iisdem
1059 2213 1150 2240 verbis
1175 2217 1307 2245 uteretur,
1329 2214 1429 2248 quibus
1451 2223 1542 2242 rerum
1567 2219 1719 2241 crcatarum

938 2247 1071 2285 originem
1082 2249 1216 2282 exposuit.
1229 2249 1295 2285 Nam
1313 2247 1344 2275 in?
1356 2250 1518 2277 declaranda
1535 2250 1642 2285 quidem
1659 2248 1720 2276 Filii

937 2282 1067 2320 essentia,
1088 2290 1155 2310 usus
1171 2287 1213 2310 est
1227 2283 1310 2310 verbo
1326 2289 1392 2320 erat,
1410 2285 1436 2311 in
1454 2282 1614 2320 exponenda
1629 2289 1719 2312 autem

937 2317 1047 2354 origine
1057 2325 1147 2354 rerum
1163 2322 1315 2354 creatarum
1326 2318 1395 2345 dixit
1407 2317 1525 2353 ἐγένετο,
1542 2320 1568 2347 id
1589 2324 1631 2347 est
1646 2320 1718 2354 facta

936 2351 1011 2390 sunt:
1031 2351 1147 2390 Supbjicit
1158 2353 1263 2390 deinde
1279 2351 1444 2390 Alexander,
1455 2356 1503 2390 οὐχ
1518 2355 1558 2381 ὅτι
1571 2351 1718 2390 ἀγέννητος

935 2385 969 2424 ἦν
978 2397 984 2403 ·
1000 2388 1029 2424 ἒν
1043 2385 1098 2423 γὰρ
1115 2388 1260 2424 ἀγέννητον
1272 2389 1399 2424 ὁΠᾳτήρ,
1413 2389 1439 2416 id
1455 2385 1508 2421 est,
1521 2398 1573 2416 non
1587 2385 1655 2424 quod
1665 2385 1718 2416 Ἓιὲ

935 2423 987 2450 [ius
1004 2423 1053 2450 Dei
1068 2431 1120 2450 non
1135 2424 1169 2450 sit
1190 2424 1302 2458 genitus.
1320 2423 1406 2450 Unam
1419 2425 1488 2451 enim
1509 2429 1548 2452 est
1560 2423 1715 2458 ingenitum,

935 2458 1017 2485 Pater
1030 2458 1140 2485 scilicet.
1162 2458 1227 2490 Quae
1244 2459 1352 2493 quidem
1372 2458 1519 2487 Alexandri
1538 2460 1620 2486 verba
1638 2460 1714 2486 beni-

934 2502 986 2525 gne
1007 2493 1180 2528 intelligenda
1194 2499 1259 2521 sunt
1281 2494 1332 2520 hoc
1352 2494 1431 2520 modo
1446 2503 1452 2520 :
1467 2494 1526 2521 Non
1543 2494 1615 2528 quod
1631 2493 1716 2521 Filius

934 2528 980 2555 Dei
1008 2529 1172 2563 principium
1201 2529 1317 2563 originis
1334 2537 1391 2556 sua:
1413 2537 1467 2556 non
1494 2529 1612 2562 habeat;
1634 2529 1715 2556 habet

933 2564 1004 2590 enim
1024 2571 1052 2590 re
1066 2571 1129 2590 vera
1153 2564 1316 2598 principium
1336 2564 1460 2598 originis,
1480 2563 1599 2594 Patrem,
1615 2571 1648 2590 ex
1660 2571 1712 2598 quo

933 2599 1040 2632 genitus
1051 2602 1093 2625 est
1106 2607 1112 2625 :
1129 2598 1177 2625 sed
1190 2599 1253 2633 quia
1269 2599 1371 2625 nullum
1385 2599 1465 2626 habet
1477 2599 1640 2634 principium
1650 2603 1710 2625 tem-

952 2633 1018 2664 oris,
1034 2634 1134 2667 quippe
1149 2634 1195 2667 qui
1210 2635 1244 2660 ab
1261 2634 1332 2660 omni
1347 2633 1497 2661 :uternitate
1515 2635 1621 2668 genitus
1635 2633 1670 2661 sit
1681 2642 1707 2660 ex

952 2642 1018 2664 ONS,
1034 2642 1134 2667 quippe
1149 2642 1195 2667 qui
1210 2642 1244 2660 an
1261 2642 1332 2660 omni
1347 2642 1497 2661 :uternuate
1515 2642 1621 2668 genitus
1635 2642 1670 2661 Slt
1681 2642 1702 2660 e1

932 2642 1022 2699 r’atre,
1045 2668 1166 2703 ἁχρόνως
1180 2669 1227 2695 καὶ
1243 2669 1440 2703 ἀμεσιτεύτως,
1458 2674 1487 2696 ut
1501 2669 1587 2696 Graeci
1609 2669 1702 2696 dicunt

932 2704 959 2730 id
975 2709 1017 2731 est
1027 2705 1086 2730 sine
1099 2704 1154 2730 ullo
1168 2707 1290 2738 tempore
1306 2711 1338 2730 ac
1359 2705 1456 2731 medio.

968 2739 1023 2775 (14)
1042 2737 1234 2775 Ὺπερέκξιναξ
1251 2739 1392 2775 Ἐπὲλςεινα
1402 2740 1484 2767 codex
1494 2739 1595 2773 Regius
1606 2737 1712 2775 J._|?ini.

968 2773 1023 2810 (15)
1048 2774 1191 2807 Είνσεϐεῖς
1218 2775 1272 2801 οὐκ
1302 2773 1380 2810 οἶμαι
1409 2775 1609 2810 λογιᾷιμέιυιο.
1637 2773 1714 2800 iiuna

1524 2823 1560 2852 18
