1911 3073
107 110 156 136 557

821 105 1010 134 EPISTOLE.

1677 103 1728 132 558

111 174 185 201 τεινς
207 165 376 201 Ἀδιανόητον
390 164 444 200 γὰρ
459 165 514 200 (20)
530 165 576 192 καὶ
592 165 681 200 πάσης
700 165 817 200 ἀμαθίας
833 166 898 192 ἀνά-

962 169 1124 201 empestates
1149 165 1279 197 condidit,
1307 165 1333 191 in
1360 164 1457 198 quibus
1481 162 1558 196 illud,
1586 170 1635 188 non
1662 165 1727 188 erat.

111 213 210 245 πλεων,
227 213 274 240 τὸν
295 213 380 240 αἴτιον
397 213 541 248 γενόμενόν
560 222 640 246 τινος,
662 214 742 240 αὐτὸν
757 214 899 249 μεταγενέ-

113 267 206 294 στερον
218 258 308 293 λέγειν
327 259 376 294 τῆς
397 260 501 286 ἐκείνου
515 259 655 294 γενέσεως.
672 261 834 296 Προηγεῖται
846 260 900 296 γὰρ

113 307 172 332 κατ’
185 305 284 336 αὐτοὺς
299 305 349 340 τῆς
363 305 396 332 τὰ
410 305 459 332 ὅλα
477 306 694 342 δημιουργούσης
714 306 760 333 τοῦ
774 306 841 333 Θεοῦ
857 316 900 333 σο-

112 351 176 385 φίας
192 351 280 377 ἐκεῖνο
300 350 330 377 τὸ
344 350 490 386 διάστημα,
510 352 539 378 ἐν
559 348 582 385 ᾧ
596 360 661 386 φασι
685 352 722 388 μὴ
737 351 899 387 γεγενῆσθαι

111 399 157 424 τὸν
170 398 234 424 Υίὺν
257 397 310 425 ὑπὸ
334 398 381 425 τοῦ
403 399 518 434 Πατρός·
540 399 707 435 ψευδομένης
727 401 786 426 κατ’
804 401 900 432 αὐτοὺς

111 443 218 479 καὶτῆς
228 444 419 478 Πρωτότοκον
426 444 506 471 αὑτὸν
517 442 585 472 εἶναι
594 445 694 480 πάσης
703 447 827 480 κτίσεως
837 447 900 474 ἁνα-

110 489 279 526 γορευοὺσης
298 490 418 525 Γραφῆς.
444 490 578 526 Σύμφωνα
592 491 657 525 γοῦν
671 492 775 524 τούτοις
793 491 842 527 βοᾷ
855 493 900 519 καὶ

109 537 124 564 ὁ
139 536 396 572 μεγαλοφωνότατος
406 537 521 569 Παῦλος,
538 537 649 572 φάσκων
664 539 728 574 περὶ
741 538 832 565 αὑτοῦ·
852 539 902 565 “Or

109 583 201 618 ἔθηκε
219 584 409 618 κληρονόμον
429 583 558 615 πάντων,
572 585 610 611 δι’
623 582 659 612 οὗ
681 586 729 612 καὶ
749 585 819 618 τοὺς
836 585 901 612 ιιὶῶ-

109 639 168 663 νας
194 630 348 664 ἐποίησεν.
382 629 461 656 Ἀλλὰ
482 630 528 656 καὶ
553 629 587 655 ἐν
612 630 691 662 αὐτῷ
716 631 838 665 ἐκτίσθη
867 631 901 658 τὰ

110 675 222 709 πάντα,
237 675 274 702 τὰ
293 676 328 702 ἐν
344 675 406 708 τοῖς
419 675 557 709 adparat";-
574 675 621 701 καὶ
643 675 678 702 τὰ
701 675 750 702 ἐπὶ
766 675 821 710 τῆς
835 676 900 711 γῆς,

109 721 148 748 τὰ
162 722 254 755 ὁρατὰ
274 721 375 748 καὶτὰ
394 722 515 755 ἀόρατα,
536 721 595 747 εἴτε
619 721 724 755 ἀρχαὶ,
743 721 804 748 εἴτε
818 722 902 754 ἐξου-

111 767 186 797 σίαι,
204 766 265 793 εἴτε
280 767 451 800 κυριότητες
461 786 467 798 ,
483 767 542 793 εἴτε
559 767 669 801 θρόνοι·
683 767 782 794 πάντα
798 768 834 794 δι’
850 770 902 795 αὐ-

111 812 165 838 τοῦ
187 811 237 839 καὶ
258 811 408 855 είς-αὺτὸν
429 811 572 840 ἔκτισται*
591 813 640 839 καὶ
657 814 747 846 αὑτός
766 814 831 841 ἐστι
845 815 901 849 πρὸ

110 866 245 885 παντων.

147 945 206 973 VII.
230 946 424 983 ’Δσεὸεστάτης
441 945 486 974 οὖν
500 948 630 984 φανείσης
648 948 696 984 τῆς
708 948 736 982 ἐξ
758 949 808 975 οὐκ
820 949 903 975 ὄντων

110 991 279 1024 ὑποθέσεως,
296 992 400 1029 ἀνάγκη
419 993 466 1020 τὸν
489 994 598 1029 Πατέρα
617 994 660 1020 ἀεὶ
681 992 750 1020 εἶναι
776 995 901 1030 Πατέρα·

110 1036 169 1063 ἔστι
185 1037 213 1063 δὲ
227 1037 321 1073 Πατὴρ
337 1038 381 1064 ἀεὶ
397 1038 528 1074 παρόντος
541 1037 589 1064 τοῦ
606 1037 683 1071 Υῐοῦ,
699 1039 732 1065 δι’
749 1039 777 1065 ὃν
797 1048 904 1076 χρημα-

109 1082 182 1115 τίζει
200 1084 296 1120 Πατήρ
310 1084 377 1120 (21),
400 1085 454 1111 Ἀεὶ
473 1085 502 1111 δὲ
527 1086 659 1121 παρόντος
678 1085 751 1120 αὐτῷ
768 1086 814 1112 τοῦ
827 1086 903 1118 Υἱοῦ,

109 1129 154 1155 ἀεί
175 1130 276 1155 ἐστινὸ
302 1129 397 1166 Πατὴρ
417 1130 528 1163 τέλειος,
548 1130 692 1166 ἀνελλιπὴς
711 1132 851 1167 τυγχάνων
876 1134 904 1159 ὲν

108 1174 149 1209 τῷ
168 1174 260 1209 καλῷ·
279 1175 310 1201 οὑ
325 1175 466 1210 χρονικῶς,
481 1175 540 1202 οὐδὲ
555 1177 586 1202 ὲκ
600 1176 790 1212 διαστήματος,
803 1178 862 1205 οὐδὲ
876 1177 905 1210 ἐξ

109 1221 161 1247 οὐκ
184 1220 269 1247 ὄντων
291 1221 423 1256 γεννήσας
448 1221 493 1247 τὸν
519 1222 649 1258 μονογενῆ
666 1222 739 1249 Υίόν.
756 1223 788 1249 Τί
810 1223 838 1250 δὲ
856 1224 906 1251 οὐκ

110 1266 222 1292 ἀνόσιον
243 1266 275 1292 τὸ
295 1266 400 1300 λέγειν,
425 1266 491 1292 ποτὲ
515 1266 552 1302 μὴ
574 1265 643 1294 εἶναι
667 1268 715 1304 τὴν
743 1269 842 1304 Σοφίαν
859 1269 905 1296 τοῦ

109 1312 192 1344 θεοῦ,
208 1312 258 1347 τὴν
280 1311 420 1346 λέγουσαν’
445 1313 519 1348 Ἐγὼ
538 1312 619 1347 ἤμην
636 1315 702 1348 παρ’
721 1315 800 1348 αὐτῷ
818 1316 906 1350 ἁρμό-

108 1356 216 1392 ζουσα,
239 1358 298 1393 ἑγὼ
320 1358 401 1393 ἤμην
414 1355 434 1394 ᾖ
450 1358 666 1393 προσέχαιρεν·
686 1359 702 1395 ἢ
727 1360 776 1396 τὴν
794 1361 905 1397 δύναμιν

109 1404 159 1431 τοῦ
186 1404 255 1434 Θεοῦ
283 1405 320 1440 μὴ
344 1405 475 1441 ὑπάρχειν
499 1406 577 1431 ποτέ·
599 1405 615 1440 ἢ
645 1405 689 1432 τὸν
714 1406 800 1440 Λόγον
825 1407 906 1434 αὑτοῦ

110 1451 338 1487 ὴκρωτηριᾶσθαι
352 1452 432 1478 ποτε·
453 1451 470 1487 ἢ
482 1451 515 1478 τὰ
533 1451 598 1479 ἄλλα
611 1451 641 1484 ἐξ
652 1448 688 1479 ὧν
700 1453 715 1478 ὁ
731 1453 794 1485 Υἰὺς
807 1454 907 1490 γνωρι-

110 1499 201 1531 ζετκι,
222 1499 271 1525 καὶ
288 1499 302 1525 ὁ
322 1498 416 1534 Πατὴρ
437 1498 733 1535 χαρακτηρίζεταιςΤὸ
746 1500 799 1536 γὰρ
816 1500 906 1528 ἀπαύ-

111 1552 210 1579 γασμα
223 1544 271 1579 τῆς
287 1544 366 1580 δόξης
387 1544 424 1580 μὴ
441 1542 509 1572 εἶναι
529 1545 627 1580 λέγειν,
643 1547 798 1582 συναναιρεῖ
810 1547 857 1573 καὶ
875 1547 905 1573 τὺ

111 1589 292 1626 πρωτότυπον
313 1590 380 1624 φῶς,
401 1588 431 1618 οὗ
451 1591 523 1618 ἐστιν
535 1591 716 1628 ἀπαύγασμα.
730 1593 762 1619 Et
781 1593 810 1619 δὲ
827 1594 873 1620 καὶ
888 1595 905 1629 ἡ

111 1635 198 1662 εἰκὼν
210 1635 258 1662 τοῦ
279 1635 346 1662 Θεοῦ
362 1635 411 1662 οὒκ
428 1633 462 1671 ἦν
483 1637 534 1670 ἀεὶ,
550 1637 629 1672 δῆλον
648 1638 689 1664 ὅτι
705 1638 758 1665 οὐδ’
778 1636 808 1666 οὗ
833 1640 905 1666 ἐστιν

111 1681 208 1714 εἰκὼν,
220 1681 293 1708 ἐστιν
305 1682 358 1709 ἀεί.
378 1682 458 1711 Ἀλλὰ
467 1683 514 1710 καὶ
526 1683 564 1719 τῷ
579 1684 617 1720 μὴ
629 1683 696 1712 εἶναι
719 1685 764 1712 τὸν
778 1687 827 1721 τῆς
842 1686 907 1712 ὑπο-

114 1728 238 1760 στάσεως
259 1728 305 1754 τοῦ
324 1727 392 1754 Θεοῦ
408 1729 578 1765 χαρακτῆρα,
596 1731 796 1768 συναναιρεῖται
811 1733 906 1758 κακεῖ-

113 1781 171 1805 νος,
184 1774 199 1799 ὁ
219 1773 327 1805 πάντως
339 1774 403 1809 παρῖ
423 1773 504 1801 αὑτοῦ
521 1775 796 1812 χαρακτηριζόμενος.
819 1777 863 1810 Ἐξ
873 1774 907 1813 ἦς

113 1819 191 1845 ἔστιν
206 1818 270 1845 ἰδεῖν
283 1819 331 1855 τὴν
348 1819 458 1855 υἱότητα
471 1821 517 1847 τοῦ
540 1821 664 1857 Σωτῆρος
680 1821 768 1857 ἡμῶν,
782 1823 907 1858 οὐδεμίαν

113 1863 233 1898 ἔχουσαν
247 1863 388 1890 κοινωνίαν
402 1864 470 1907 πρὸς
479 1865 527 1901 τὴν
545 1866 599 1893 τῶν
612 1866 712 1894 λοιπῶν
728 1867 847 1902 υἱότητα.
861 1869 908 1895 Ὃν

114 1909 219 1945 τρόπον
232 1909 286 1946 γὰρ
304 1911 320 1945 ή
340 1911 457 1946 ἄρρητος
479 1911 560 1938 αὐτοῦ
577 1912 732 1945 ὑπόστασις,
751 1914 907 1949 ἀσυγκρίτῳ

115 1955 240 1991 ὑπεροχῇ
263 1955 368 1992 ἐδείχθη
392 1957 575 1994 ὑπερκειμένη
593 1958 700 1986 πάντων
725 1957 765 1991 οἷς
782 1960 863 1990 αὐτὸς
878 1960 908 1986 τὸ

116 2000 190 2029 εἶναι
203 2002 356 2038 ἐχαρίσατο,
372 2002 457 2035 οὕτως
474 2005 546 2040 καὶὴ
563 2005 654 2040 υἰότης
670 2005 752 2032 αὑτοῦ
771 2006 842 2032 κατὰ
857 2006 897 2040 φύ

116 2055 162 2075 σιν
173 2047 343 2082 τυγχάνουσα
351 2047 401 2083 τῆς
417 2049 552 2086 πατρικῆς
568 2048 702 2084 θεότητος,
712 2049 816 2085 ἀλέκτῳ
826 2051 910 2087 ὑπερ-

116 2096 169 2130 οχῇ
198 2094 320 2129 διαφέρει
343 2094 396 2121 τῶν
422 2095 455 2121 δι’
480 2095 563 2122 αὐτοῦ
587 2095 660 2122 θέσει
690 2096 907 2131 υἱοθετηθέντων.

124 2141 156 2166 '0
173 2140 222 2176 μὲν
236 2139 447 2184 γὰρβτρέπτου
471 2141 578 2176 φύσεως
592 2143 735 2176 τυγχάνει,
752 2142 853 2174 τέλειος
872 2142 908 2169 ὢν

950 211 1094 239 confusum
1113 215 1164 243 est,
1185 213 1272 245 ipsum
1296 210 1442 245 aliquando
1460 217 1513 236 non
1535 208 1674 235 exstitisse
1688 207 1730 233 di-

951 259 1030 286 cere?
1054 258 1100 285 Est
1115 258 1187 285 enim
1211 257 1329 284 alienum
1347 265 1361 283 a
1373 264 1455 284 sensu
1477 256 1604 290 omnique
1620 255 1729 290 plenum

951 305 1068 336 inscitia,
1082 312 1142 331 eum
1162 303 1207 338 qui
1229 302 1345 337 alicujus
1361 302 1397 328 rei
1413 306 1507 328 auctor
1529 302 1574 333 sit,
1591 301 1684 328 eadem
1700 307 1731 327 re

951 352 1129 387 posteriorem
1146 349 1290 376 allirmare.
1309 347 1414 382 Quippe
1436 347 1512 381 juxta
1536 347 1643 373 illorum
1665 353 1729 373 sen-

952 397 1076 429 tentiam,
1096 397 1212 432 spatium
1230 395 1361 429 temporis
1376 401 1429 428 quo
1457 393 1549 419 dicunt
1570 391 1666 419 Filium
1682 391 1729 418 Dei

951 451 1005 470 non
1021 444 1158 470 exstitisse
1180 450 1211 469 ex
1237 440 1327 471 Patre,
1349 439 1488 474 praecessit
1505 438 1663 472 sapientiam
1683 436 1730 463 Dei

951 489 1072 517 omnium
1093 496 1184 515 rerum
1209 486 1387 514 conditricrm
1402 495 1407 511 :
1425 484 1606 518 mentiturque
1630 489 1730 510 secun-

951 535 1015 562 dum
1029 541 1076 561 eos
1093 532 1244 567 Scriptura.
1257 539 1316 566 qua:
1336 530 1541 564 Primogenilum
1556 528 1638 554 omnis
1655 535 1730 553 crea-

953 585 1019 607 turw
1034 580 1109 606 illum
1130 583 1207 606 vocat
1221 579 1252 605 ".
1276 577 1380 610 Quibus
1395 583 1515 603 consona
1537 579 1600 602 sunt
1613 582 1673 609 quae
1689 582 1731 601 vo-

953 625 1107 652 calissimus
1131 623 1231 651 Paulus
1245 622 1278 649 de
1302 622 1347 649 illo
1363 621 1504 657 praedicat,
1529 620 1566 647 ila
1582 620 1676 647 dicens
1690 620 1730 646 ¹³;

926 693 929 695 .
953 671 1034 704 Quem
1047 671 1181 698 constituit
1195 668 1321 696 lia'redcm
1337 669 1515 694 universarum
1529 675 1538 693 :
1548 674 1593 700 per
1607 674 1681 701 quem
1693 665 1732 700 fe-

953 717 987 742 cit
1003 721 1027 743 et
1044 715 1151 743 saecula.
1169 714 1221 741 Sed
1236 718 1262 742 et
1276 714 1297 729 η
1312 714 1338 740 in
1352 714 1407 747 ipso
1422 712 1527 739 condita
1542 717 1602 738 sunt
1614 713 1733 739 uniuersa

953 762 981 788 in
994 762 1065 789 caelis
1079 766 1102 788 et
1120 761 1147 787 in
1165 765 1246 792 terra,
1265 759 1379 786 visibilia
1390 763 1413 785 et
1434 757 1585 790 invisibilia,
1598 759 1650 784 sive
1661 758 1734 792 prin-

955 808 1075 842 cipatus,
1104 807 1156 833 sive
1185 810 1341 840 potestates,
1368 804 1420 831 sire
1445 803 1653 836 dominationes,
1683 804 1735 830 sive

918 845 938 872 Β
955 852 1062 879 throni:
1076 852 1165 879 omnia
1184 859 1229 885 per
1251 851 1334 884 ipsum
1359 854 1446 876 creata
1473 854 1552 876 sunt;
1578 854 1602 876 et
1624 849 1677 883 ipse
1697 853 1735 875 est

955 904 1014 926 ante
1027 899 1126 925 omnia.

990 945 1045 973 VII.
1057 944 1174 972 Proinde
1189 951 1250 971 cum
1267 943 1301 970 ab
1315 943 1389 970 omni
1413 941 1512 976 pietate
1541 941 1735 968 alienissimam

955 999 1016 1020 esse
1026 995 1156 1027 appareat
1173 990 1334 1018 sententiam
1349 989 1423 1015 illam
1434 988 1467 1014 de
1482 995 1535 1014 non
1553 986 1734 1015 exstantibus.

955 1037 1111 1065 necessario
1123 1036 1266 1064 dicendum
1283 1039 1334 1067 est,
1353 1034 1459 1061 Patrem
1480 1041 1587 1068 semper
1610 1040 1672 1059 esse
1686 1031 1737 1057 Pa-

955 1087 1034 1111 trem.
1059 1082 1140 1110 Pater
1164 1087 1254 1109 autem
1275 1085 1326 1112 est,
1343 1083 1475 1114 praesente
1489 1086 1595 1117 semper
1608 1077 1685 1109 Filio,
1702 1078 1737 1104 ob

956 1137 1036 1165 quem
1053 1129 1154 1156 dicitur
1167 1127 1256 1155 Pater.
1280 1127 1414 1160 Quocirca
1431 1134 1493 1152 cum
1510 1132 1616 1159 semper
1630 1125 1655 1151 ei
1670 1132 1736 1158 prae-

957 1184 1020 1204 sens
1035 1176 1071 1203 sit
1083 1175 1180 1207 Filius,
1195 1181 1301 1209 semper
1317 1178 1358 1201 est
1369 1172 1504 1208 perlectus
1519 1171 1610 1203 Pater,
1623 1171 1696 1198 nulla
1708 1179 1737 1197 re

957 1223 1103 1251 destitutus
1118 1223 1145 1249 in
1155 1222 1226 1249 bono
1236 1220 1295 1256 :qui
1305 1228 1359 1247 non
1369 1220 1395 1246 in
1407 1223 1537 1253 tempore,
1553 1226 1641 1252 neque
1652 1225 1683 1245 ex
1694 1217 1736 1244 in-

956 1270 1196 1304 tervallo,nequee
1209 1276 1262 1295 non
1275 1267 1456 1297 exstantibus,
1466 1266 1575 1292 unicum
1585 1263 1680 1291 Filium
1693 1271 1733 1299 ge-

957 1315 1026 1342 nuit.
1035 1314 1177 1347 Quomodo
1190 1318 1280 1340 autem
1290 1312 1401 1347 impium
1412 1319 1464 1338 non
1474 1310 1614 1342 sitdicere,
1624 1310 1737 1344 Sapien-

958 1361 1023 1388 tiam
1031 1360 1078 1388 Dei
1095 1359 1240 1394 aliquando
1253 1366 1306 1386 non
1318 1358 1529 1392 exstitisse,qu:e
1537 1357 1570 1384 de
1587 1364 1615 1383 se
1630 1357 1687 1391 ipsa
1701 1356 1739 1382 ita

958 1405 1108 1441 loquitur”
1119 1415 1126 1433 :
1137 1404 1191 1439 Ego
1201 1412 1273 1431 eram
1284 1404 1354 1438 apud
1363 1404 1448 1438 ipsum
1464 1407 1557 1429 cuncta
1568 1410 1720 1437 componens
1729 1409 1739 1428 :

958 1460 1003 1487 ego
1023 1459 1096 1478 erant
1118 1450 1161 1477 cui
1186 1449 1372 1485 adgaudcbat?
1406 1452 1452 1475 aut
1475 1449 1601 1476 virtutem
1620 1446 1667 1474 Dei
1693 1447 1741 1473 ali-

959 1497 1068 1533 quando
1081 1504 1135 1524 non
1147 1496 1286 1524 exstitisse
1303 1504 1309 1522 :
1327 1498 1373 1521 aut
1388 1493 1505 1521 Verbum
1520 1493 1579 1527 ejus
1596 1493 1741 1527 aliquando

959 1544 1045 1571 fuisse
1060 1543 1214 1570 mutilatum
1234 1545 1299 1569 :aut
1319 1541 1370 1567 alia
1390 1540 1551 1575 quandoque
1565 1538 1696 1571 defuisse,
1708 1546 1741 1565 ex

960 1590 1059 1626 quibus
1079 1589 1166 1616 Filius
1183 1588 1356 1623 cognoscitur
1372 1591 1398 1614 et
1425 1586 1504 1613 Pater
1526 1584 1702 1620 designatur?
1717 1583 1742 1610 Is

959 1637 1031 1665 enim
1047 1637 1094 1671 qui
1109 1638 1190 1670 negat
1211 1633 1384 1669 splendorem
1399 1632 1491 1667 gloria:
1503 1632 1644 1663 exsistere,
1661 1630 1744 1657 simul

960 1683 1031 1710 tollit
1049 1682 1217 1717 primitivum
1235 1681 1327 1707 lumen
1349 1679 1428 1713 cujus
1450 1682 1492 1705 est
1517 1677 1654 1712 splendor.
1672 1676 1704 1702 Et
1719 1676 1743 1703 si

960 1729 1049 1764 imago
1063 1728 1109 1755 Dei
1122 1735 1232 1762 semper
1247 1734 1302 1754 nou
1315 1725 1374 1756 fuit,
1385 1732 1434 1752 nec
1447 1725 1521 1751 illum
1537 1731 1644 1758 semper
1658 1722 1744 1750 fuisse

961 1775 1046 1810 liquet
1067 1774 1146 1809 cujus
1168 1774 1256 1808 imago
1273 1776 1325 1800 est.
1346 1771 1467 1806 Denique
1489 1770 1612 1805 negando
1630 1770 1743 1805 ﬁguram

962 1820 1121 1848 substantiae
1147 1819 1193 1847 Dei
1213 1826 1318 1853 semper
1343 1817 1444 1850 fuisse,
1462 1817 1558 1844 simul.
1571 1816 1675 1843 tollitur
1699 1815 1744 1842 ille

961 1866 1007 1901 qui
1027 1865 1146 1901 perfecte
1164 1866 1197 1892 ab
1221 1872 1251 1891 eo
1269 1864 1441 1899 exprimitur.
1457 1863 1494 1890 Ex
1515 1870 1569 1898 quo
1591 1863 1653 1889 licet
1668 1870 1743 1896 pers-

962 1913 1065 1949 picere,
1083 1911 1239 1939 Iiliationem
1255 1910 1408 1938 Servatoris
1424 1910 1511 1936 nostri
1540 1909 1608 1935 nihil
1633 1915 1744 1942 prorsus

962 1959 1063 1986 habere
1075 1965 1219 1985 commune
1234 1965 1295 1984 cum
1318 1957 1484 1991 reliquorum
1513 1954 1651 1982 Iiliatioue.
1677 1953 1744 1980 Nam

962 2005 1190 2041 quemadmodum
1227 2002 1442 2038 inexplicabilem
1470 2002 1530 2037 ejus
1564 2001 1744 2028 substantiam

963 2050 1169 2085 incomparabili
1195 2049 1355 2076 excellentia
1385 2052 1515 2083 praestare
1540 2051 1678 2074 ostensum
1704 2050 1746 2073 est

964 2096 1076 2132 reliquis
1091 2095 1219 2123 omnibus
1237 2095 1337 2129 quibus
1351 2095 1396 2121 ille
1411 2094 1557 2121 essentiam
1578 2093 1689 2124 tribuit;
1706 2091 1746 2119 sic

963 2149 990 2172 et
1008 2144 1069 2178 ejus
1088 2143 1192 2174 llliatio,
1209 2150 1270 2177 qua:
1282 2143 1359 2176 juxta
1376 2145 1501 2168 naturam
1517 2144 1559 2167 est
1574 2135 1692 2175 paterna:
1706 2139 1747 2165 di-

119 2187 169 2214 καὶ
184 2187 228 2214 διὰ
246 2187 354 2214 πάντων
367 2188 492 2223 ἀνενδεὴς
503 2197 510 2203 ι
528 2189 552 2214 οἱ
567 2189 605 2220 δὲ,
622 2190 654 2224 τῇ
667 2189 707 2220 εἰς
722 2189 839 2225 ἑκάτερα
849 2198 905 2225 τρο-

962 2189 1094 2221 vinitatis,
1108 2188 1237 2216 inellabili
1253 2188 1369 2222 quadam
1383 2188 1540 2222 praestantia
1556 2191 1667 2220 supcrat
1679 2186 1747 2212 ﬁlia-

119 2234 159 2268 πῇ
173 2232 358 2267 ὑποκείμεναι,
374 2232 423 2267 τῆς
450 2233 524 2268 παρὰ
542 2233 635 2260 τούτου
657 2234 780 2270 βοηθείας
796 2235 909 2262 δέονται.

120 2279 154 2305 Τί
172 2278 228 2315 γὰρ
238 2278 272 2305 ἂν
287 2279 334 2305 καὶ
348 2278 482 2314 προκὸᾲαι
498 2279 553 2315 ἔχοι
566 2280 582 2315 ἡ
597 2280 644 2306 τοῦ
659 2280 726 2307 Θεοῦ
743 2281 832 2315 σοφία,
849 2281 866 2316 ἢ
885 2282 911 2308 τί

120 2323 286 2360 προσλαϐεῖν
301 2325 317 2359 ἡ
338 2324 526 2360 αὑτοαλήθεια,
543 2325 559 2360 ἦ
579 2326 593 2351 ὀ
608 2326 673 2357 Θεὸς
685 2327 787 2361 Λόγος;
802 2327 864 2359 Πῶς
878 2327 911 2353 ἂν

121 2367 179 2403 ἔχοι
202 2366 378 2402 βελτιωθῆναι
403 2369 419 2403 ἡ
450 2368 516 2404 ζωὴ,
531 2369 562 2396 τὸ
589 2369 713 2405 ἀληθινὸν
741 2371 812 2406 φῶς;
830 2372 861 2399 El
884 2372 912 2398 δὲ

120 2414 211 2446 τοῦτο,
227 2413 304 2449 πόσῳ
320 2413 400 2440 πλέον
416 2414 547 2449 ἀφύσικον
567 2416 705 2451 τυγχάνει,
725 2418 830 2453 μωρίας
847 2418 911 2444 ποτὲ

120 2460 250 2496 δεκτικὴν
267 2460 392 2495 γενέσθαι
407 2460 456 2496 τὴν
471 2462 576 2496 σοφίαν,
593 2463 609 2498 ἢ
625 2464 673 2498 τὴν
685 2463 731 2490 τοῦ
747 2463 814 2490 Θεοῦ
832 2464 911 2490 δύνα-

125 2516 170 2542 μιν
183 2507 310 2543 ἀσθενείᾳ
320 2508 534 2545 προσπλακῆναι,
546 2510 562 2545 ἦ
574 2509 670 2546 ἀλογία
681 2510 726 2536 τὸν
737 2510 814 2545 λόγον
828 2511 913 2546 ἀμαυ-

125 2553 254 2588 ρωθῆναι,
273 2553 288 2589 ἢ
308 2553 347 2589 ’τῷ
366 2554 483 2590 ἀληθινῷ
506 2555 574 2589 φωτὶ
601 2556 777 2591 ὲπιμιχθῆναι
800 2557 911 2589 σκότος;

123 2599 170 2626 τοῦ
188 2599 238 2634 μὲν
257 2601 418 2628 Ἀποστόλου
434 2602 545 2629 αὐτόθεν
557 2602 694 2637 λέγοντος·
714 2603 762 2637 Τίς
774 2606 913 2632 κοινωνία

179 2681 201 2695 ⁸³
218 2679 302 2706 Eccli.
322 2688 401 2712 μιν,
417 2679 444 2707 5.

160 2746 218 2790 (ἓθ)
241 2747 433 2790 Ἀδιιινςόητον
454 2750 519 2784 γάρ.
532 2747 572 2790 ‘ln
590 2749 683 2790 codice
699 2749 799 2790 Leonis
818 2750 910 2790 Allatii

127 2784 263 2824 scriptum
275 2787 317 2824 elst
332 2784 455 2824 ιὶινὸητονζ
468 2784 547 2824 quod.
560 2785 755 2824 magisﬂprobo:
771 2785 858 2819 Atque
871 2786 910 2824 ita

127 2817 191 2857 legit
217 2817 396 2857 Epiphanius
413 2817 616 2847 Scholasticus:
643 2817 688 2847 Sic
713 2821 785 2851 enim
810 2817 909 2848 xcrtit:

129 2851 247 2880 Stultum
260 2851 299 2880 έδι
313 2854 394 2886 enim.
409 2860 432 2881 et
449 2857 520 2883 omni
535 2860 638 2889 peccato
650 2856 765 2891 plenum.
781 2860 833 2884 εις.

963 2237 1065 2263 tionem
1079 2241 1174 2261 eorum
1189 2234 1237 2269 qui
1261 2241 1309 2268 per
1333 2234 1421 2267 ipsum
1449 2232 1569 2267 adoptati
1602 2235 1665 2258 sunt
1688 2231 1745 2257 lilii.

962 2282 1030 2309 Nam
1043 2282 1102 2316 ipse
1121 2281 1231 2316 quidem
1257 2280 1436 2306 immutabilis
1458 2283 1500 2306 est
1527 2282 1642 2309 naturae,
1663 2278 1747 2304 unde-

963 2335 1071 2362 cunque
1098 2326 1254 2362 perlectus,
1282 2333 1333 2352 nec
1354 2324 1436 2351 ullius
1463 2324 1502 2351 rei
1533 2324 1656 2358 indigens
1681 2332 1688 2350 ς
1720 2322 1747 2348 hi

964 2379 1111 2402 verorcum
1137 2371 1279 2399 mutationi
1298 2372 1326 2398 in
1344 2375 1488 2405 utramque
1505 2378 1610 2404 partem
1630 2370 1686 2396 sint
1699 2369 1747 2396 oh-

966 2419 1050 2452 noxii,
1066 2426 1135 2454 opus
1152 2418 1252 2445 habent
1268 2418 1342 2444 illius
1357 2417 1468 2443 auxilio.
1487 2416 1574 2448 Quem
1597 2416 1669 2442 enim
1686 2422 1746 2450 pro-

966 2466 1067 2493 fectum
1083 2465 1172 2492 facere
1186 2468 1275 2499 potest
1290 2463 1336 2490 Dei
1351 2462 1503 2496 sapientia?
1515 2460 1592 2494 Quod
1618 2469 1747 2496 augmen—

966 2517 1023 2538 tum
1040 2511 1164 2545 accipere
1180 2513 1270 2544 potest
1288 2509 1347 2543 ipsa
1365 2508 1466 2535 veritas
1481 2511 1508 2533 et
1523 2507 1595 2533 Deus
1610 2505 1747 2533 Verbum?

967 2558 1024 2591 Qua
1044 2557 1150 2584 ratione
1165 2557 1260 2583 melior
1288 2555 1345 2582 Iieri
1369 2554 1456 2590 possit
1476 2554 1530 2580 \‘ita
1556 2557 1582 2580 et
1603 2553 1648 2579 lux
1665 2553 1749 2581 vera?

966 2603 1043 2636 Quod
1062 2603 1084 2629 si
1099 2603 1135 2629 ita
1153 2609 1182 2629 se
1201 2602 1292 2632 habet,
1314 2604 1414 2636 quanto
1440 2598 1586 2626 absurdius
1598 2601 1649 2630 est,
1666 2602 1695 2624 ut
1705 2605 1748 2625 sa—

485 2681 507 2696 “
523 2680 626 2709 Coloss.
648 2690 668 2714 I,
685 2683 729 2716 IS;
741 2681 821 2709 Hebr.
831 2683 884 2715 1,2.
906 2682 928 2698 ν*
945 2681 1048 2709 Caloss.
1064 2689 1083 2713 I,
1101 2680 1145 2712 I6,
1165 2680 1208 2706 I7.
1248 2680 1269 2694 ¹⁵
1288 2678 1366 2705 Prov.
1383 2685 1442 2710 vui,
1456 2678 1499 2704 50.

1000 2748 1055 2784 (21)
1072 2750 1103 2774 Δι
1159 2747 1326 2782 χρηματίζει
1340 2747 1457 2784 Πίιτῄρτ
1468 2746 1496 2772 In
1505 2745 1749 2784 manuscripto‘co-

964 2780 1024 2811 dice
1047 2780 1163 2811 llem‘ici‘
1177 2780 1270 2809 Saxilii
1290 2784 1387 2818 legitur
1403 2783 1490 2818 Et’ﬁv,
1507 2781 1643 2818 quomodo
1667 2780 1748 2818 etiam

965 2821 1029 2860 legit
1043 2819 1210 2860 l‘jpip‘hanius
1217 2816 1424 2860 _S_chpl;isticus.
1443 2817 1472 2844 ln
1487 2817 1559 2853 regio
1572 2816 1596 2844 J.
1614 2816 1672 2843 Pini
1687 2816 1748 2843 cod.

966 2853 1200 2888 sci-iptumiuveni
1214 2855 1246 2881 δι’
1264 2853 1303 2882 οὗ.
