1911 3073
204 113 256 140 ἲῖῖὶε)

763 109 790 135 S.
813 107 1010 136 ALEXANDRI
1029 107 1259 137 ALEXANDBINI

1772 110 1824 138 $60

205 170 307 204 p‘eutia
322 166 465 203 aliquando
480 166 602 194 stultitiae
621 173 704 201 capax
729 166 820 197 fuerit,
844 170 874 193 ut
897 166 968 193 virtu

1035 165 1106 199 φωτὶ
1130 165 1204 199 πρὸς
1227 167 1345 200 σκότος,
1372 166 1391 201 ἢ
1419 167 1464 200 τίς
1485 168 1683 203 συμφώνησις
1708 171 1824 205 Χριστῷ

205 215 249 242 Dei
265 213 412 242 inﬁrmitati
431 212 578 247 conjuncta
594 212 639 245 sit,
658 215 704 238 aut
722 217 752 238 ut
767 212 835 238 ratio
850 211 983 239 obscura-

202 265 228 288 ta
245 260 325 288 fuerit
340 259 476 290 vecordia,
491 262 537 285 aut
552 258 671 285 tenebrze
684 265 745 284 cum
764 265 827 284 vera
842 257 901 285 luce
921 264 984 292 per-

202 307 308 334 mixtaa?
317 313 377 333 cum
388 304 534 340 Apostolus
549 304 650 332 diserte
660 304 734 330 dicat
743 304 765 319 ‘°
779 313 785 330 :
797 303 862 336 Qum
872 304 982 330 societas

202 354 253 381 luci
263 362 322 381 cum
337 352 457 381 tenebris.
471 356 515 378 aut
529 359 586 386 qua:
597 350 729 377 conventio
740 349 844 378 Christo
860 358 918 376 cum
933 349 983 377 Be—

201 400 268 428 lial?
284 404 310 428 et
328 400 456 426 Salomon
467 400 487 416 ¹⁷
502 401 580 432 neget
595 397 652 424 ﬁeri
667 404 758 432 posse,
772 400 800 423 ut
817 396 983 432 cogitatione

200 445 445 482 comprehendatur
470 445 511 471 eia
541 443 641 470 colubri
671 450 748 476 super
771 447 894 476 petram,
922 449 982 477 qua:

198 491 325 519 Christus
348 494 390 517 est
416 489 495 524 juxta
524 488 688 515 sententiam
718 487 794 514 Pauli
805 487 836 514 ’⁸.
851 487 980 514 Homines

199 545 263 564 vero
279 540 307 563 et
319 536 417 571 angeli,
433 535 478 570 qui
494 540 557 562 sunt
573 535 634 568 ejus
649 537 791 566 creaturae,
809 533 979 560 benedictio-

199 591 260 610 nem
284 586 447 618 acceperunt
470 585 498 608 ut
522 581 694 616 proﬁcerent,
709 580 736 607 in
754 581 863 608 virtutis
889 581 980 607 studio

198 631 260 657 etin
277 629 412 656 mandatis
427 629 494 664 legis
509 636 569 655 sese
582 631 752 658 exercentes.
767 635 800 654 ne
814 627 841 654 in
860 626 924 654 vitia
938 626 979 653 di-

197 675 334 702 labantur.
346 675 526 708 Quamobrem
544 673 676 700 Dominus
690 676 793 703 noster.
807 679 869 699 cum
880 676 978 699 natura

197 723 232 749 sit
248 721 334 749 Filius
349 721 491 753 Patris,ab
505 720 632 748 omnibus
648 719 786 747 adoratur.
805 718 837 746 lii
852 726 917 746 vero
931 719 978 746 de-

1037 211 1111 245 πρὸς
1135 211 1259 246 Βελίαρ;
1278 212 1325 239 τοῦ
1338 212 1367 239 δὲ
1390 213 1570 249 Σολομῶντος,
1581 215 1622 242 ὅτι
1646 215 1778 243 ἀδύνατον
1792 217 1824 244 ἂν

1036 257 1078 292 εἴη
1101 257 1152 284 κᾶν
1181 257 1261 293 μέχρι
1283 259 1350 295 πρὸς
1375 260 1478 292 ἐννοίας
1495 261 1549 296 (22)
1569 262 1712 298 εὑρεθῆναι
1735 263 1824 298 ὀδοὺς

1037 302 1131 337 ὄφεως
1141 302 1190 330 ἐπὶ
1203 305 1324 338 πέτρας,
1339 306 1399 341 ἥτις
1414 306 1484 333 κατὰ
1501 307 1607 335 Παῦλόν
1624 309 1698 336 ἐστιν
1720 311 1736 336 ὁ
1755 310 1822 346 Χρι-

1038 349 1108 382 στός.
1123 351 1154 377 Ol
1166 350 1194 377 δὲ
1203 350 1340 386 κτίσματα
1349 352 1430 379 αὐτοῦ
1443 353 1632 388 τυγχάνοντες,
1643 354 1782 390 ἄνθρωποί
1795 365 1822 382 τε

1036 397 1082 423 καὶ
1091 396 1212 431 ἄγγελοι,
1227 398 1273 424 καὶ
1288 398 1412 432 εὐλογίας
1430 399 1554 435 εἰλήφασι
1571 401 1746 436 προκόπτειν,
1761 402 1823 437 ἀρε-

1034 443 1093 474 ταῖς
1115 442 1277 479 ἀσκούμενοι
1296 445 1343 472 καὶ
1363 445 1488 480 νομίμοις
1506 446 1625 478 ἐντολαῖς
1637 447 1694 483 (9.5)
1712 448 1780 484 πρὸς
1793 449 1822 475 τὸ

1035 488 1073 523 μὴ
1085 489 1260 525 ἁμαρτάνειν.
1276 490 1321 516 Διὸ
1333 490 1365 526 δὴ
1379 491 1393 517 ό
1406 491 1508 527 Κύριος
1522 491 1600 527 ἡμῶν
1614 492 1693 527 φύσει
1707 493 1755 519 τοῦ
1772 493 1821 521 Πα-

1033 534 1096 569 τρδς
1116 534 1179 566 Υἱὸς
1199 536 1352 570 τυγχάνων,
1366 536 1419 562 ὑπὸ
1435 537 1544 563 πάντων
1561 538 1764 572 προσκυνεῖται.
1791 539 1821 564 οι

1033 580 1071 611 δὲ,
1083 581 1244 616 ἀποθέμενοι
1261 581 1290 607 τὸ
1306 581 1414 617 πνεῦμα
1433 582 1481 617 τῆς
1493 582 1624 614 δουλείας,
1637 582 1666 615 ἐξ
1686 583 1820 619 ἀνδραγα-

1033 625 1161 662 θημάτων
1176 628 1222 654 καὶ
1248 628 1390 664 προκοπῆς
1410 628 1441 654 τὸ
1466 629 1515 663 τῆς
1538 628 1673 661 υἱοθεσίας
1694 629 1820 660 λαῦόνιες

1033 672 1150 708 πνεῦμα,
1165 674 1210 700 διὰ
1222 674 1270 700 τοῦ
1285 674 1363 708 φύσει
1383 675 1448 702 Υἱοῦ
1463 675 1694 711 εὐεργετούμενοι,
1716 676 1820 710 γίγνον-

1031 729 1076 747 ται
1091 721 1166 748 αὐτοὶ
1180 722 1252 749 θέσει
1269 723 1331 750 υἱοί.

199 768 287 803 posito
299 767 401 802 spiritu
428 767 579 798 servitutis,
599 765 645 793 ubi
665 773 696 793 ex
718 764 834 792 fortibus
851 763 940 797 factis,
955 768 983 792 et
997 773 1029 792 ex
1046 767 1177 796 continuo
1193 777 1340 804 progressu
1367 770 1493 805 spiritum
1524 769 1678 805 adoptionis
1705 777 1818 806 accepe-

195 815 262 847 rint.
280 814 411 842 beneﬁcio
423 814 481 849 ejus
500 813 545 848 qui
560 816 656 840 natura
673 816 715 839 est
729 811 824 843 Filius,
839 811 886 838 ﬁlii
900 810 967 838 ﬁunt
983 811 1110 846 adoptivi.

231 862 299 891 Vlll.
315 862 354 890 Ac
370 869 525 897 germanam
540 861 650 895 quidem
669 864 696 886 et
715 859 854 895 propriam
881 866 913 886 ac
928 866 971 886 na-

1063 861 1129 889 Vlll.
1143 863 1198 899 Τὴν
1220 863 1269 898 μὲν
1290 861 1336 891 οὖν
1352 864 1466 900 γνησίαν
1487 864 1570 890 αὑτοῦ
1591 865 1638 890 καὶ
1656 864 1817 899 ἰδιότροπον,

197 910 322 940 turalcm,
334 908 514 942 eximiamque
529 907 588 942 ejus
603 907 758 934 liliationem
770 905 872 934 Paulus
887 905 978 934 decla-

196 956 276 985 ravit.
293 955 329 982 ita
345 954 438 982 dicens
454 953 487 981 de
503 953 558 980 Deo
576 954 597 970 ¹⁹
615 963 622 981 :
641 953 694 987 Qui
717 953 823 988 proprio
841 951 912 979 Filio
927 961 978 979 non

193 1002 316 1036 pepercit,
345 999 390 1028 sed
417 1007 464 1034 pro
488 1000 573 1031 nobis,
595 1007 649 1027 non
674 999 847 1027 naturalibus
873 998 978 1026 scilicet

195 1048 268 1080 ﬁliis,
283 1047 360 1074 illum
373 1045 493 1074 tradidit.
510 1045 576 1072 Nam
594 1050 621 1072 ut
643 1045 717 1072 illum
742 1044 922 1080 distingueret
943 1045 978 1072 ab

194 1094 227 1122 iis
242 1094 288 1130 qui
302 1101 355 1121 non
373 1097 436 1121 sunt
452 1092 560 1128 proprie
578 1092 779 1126 lilii,proprium
797 1090 897 1118 Filium
914 1099 976 1119 csse

193 1148 254 1167 eum
275 1139 354 1167 dixit.
378 1139 407 1166 lu
431 1138 579 1174 Evangelio
601 1146 666 1165 vero
690 1137 789 1173 legitur
798 1138 821 1153 '°
841 1147 848 1165 :
873 1137 923 1164 llic
938 1143 977 1165 est

196 1185 281 1212 Filius
294 1193 366 1212 meus
382 1185 503 1216 dilectus,
526 1184 553 1210 in
574 1191 625 1218 quo
645 1183 709 1210 mihi
724 1183 882 1217 complacui.
905 1182 977 1210 Pras-

193 1236 265 1259 terea
280 1231 307 1258 in
320 1230 437 1259 Psalmis
454 1228 583 1257 Servator
599 1229 637 1255 ait
646 1229 668 1244 "
688 1238 695 1255 :
713 1228 841 1255 Dominus
863 1228 930 1255 dixit
942 1228 976 1255 ad

192 1283 250 1303 me:
265 1275 352 1302 Filius
367 1284 439 1302 meus
457 1283 483 1302 es
499 1279 537 1300 tu.
553 1273 604 1301 Ubi
617 1281 646 1301 se
657 1280 817 1309 germanum
835 1281 867 1301 ac
881 1275 976 1310 genui-

191 1329 257 1348 num
280 1328 341 1348 esse
365 1320 566 1351 demonstrans,
583 1318 652 1346 alios
673 1322 771 1353 praeter
791 1326 821 1346 se
843 1319 976 1354 genuinos

192 1375 248 1394 non
262 1374 323 1394 esse
339 1365 484 1401 signiﬁcat.
501 1364 560 1391 Jam
575 1372 640 1392 vero
655 1364 784 1400 quidnam
797 1364 863 1391 illud
880 1368 922 1392 est
932 1365 954 1380 "
967 1374 974 1391 :

193 1412 235 1439 Ex
253 1417 328 1439 utero
344 1416 404 1439 ante
418 1411 567 1446 Luciferum
590 1412 666 1446 genui
683 1412 727 1439 te?
747 1410 789 1438 An
811 1419 866 1439 non
883 1417 975 1448 aperte

192 1458 293 1486 indicat
307 1458 459 1485 naturalem
478 1457 583 1493 paterni
599 1463 693 1492 partus
711 1456 879 1490 ﬁliationem,
892 1466 973 1493 quam

192 1512 246 1531 non
260 1506 386 1531 accurata
403 1510 509 1530 morum
523 1503 713 1536 castigatione,
730 1510 784 1530 non
800 1503 974 1531 exercitatio-

192 1558 226 1578 ne
245 1549 376 1577 virtutum
404 1556 436 1576 ac
457 1548 590 1584 profectu,
607 1548 654 1576 sed
681 1553 784 1576 naturae
809 1550 974 1584 proprietate

191 1597 303 1624 sortitus
320 1595 380 1624 est?
395 1594 579 1628 Quamobrem
597 1594 754 1629 unigenitus
767 1594 876 1630 quidem
888 1595 974 1623 Filius

190 1642 278 1670 Patris
293 1642 398 1670 ﬁrmam
417 1649 448 1668 ac
464 1641 587 1668 stabilem
600 1641 720 1676 possidet
736 1640 892 1668 ﬁliationem
906 1650 913 1668 :
929 1649 973 1668 ra-

189 1689 331 1716 tionalium
341 1695 406 1715 vero
417 1687 533 1714 ﬁliorum
552 1687 724 1722 adoptionem
742 1694 796 1714 non
808 1691 905 1714 natura
919 1687 971 1715 illis

189 1737 354 1768 competere,
372 1733 419 1761 sed
442 1740 549 1760 morum
574 1732 710 1768 probitate
729 1736 757 1760 et
774 1732 823 1760 Dei
840 1732 971 1760 beneﬁcio

189 1779 297 1813 parari,
329 1777 543 1812 mutabilemque
569 1785 641 1809 esse,
670 1777 794 1812 agnoscit
818 1776 969 1812 Scriptura.

193 1823 313 1851 Videntes
332 1824 401 1851 enim
426 1823 477 1858 ﬁlii
495 1822 544 1849 Dei
562 1822 634 1856 ﬁlias
653 1821 801 1854 hominum,
816 1828 970 1856 acceperunt

187 1869 237 1896 sibi
251 1877 345 1896 uxores
359 1868 394 1899 ",
409 1872 437 1895 et
453 1875 514 1903 quae
523 1871 685 1901 sequuntur.
701 1866 734 1893 Et
752 1867 815 1894 alibi
830 1867 869 1894 “:
883 1867 968 1895 Filios

185 1916 262 1950 genui
279 1920 303 1942 et
322 1914 450 1947 exaltari,
465 1914 516 1948 ipsi
532 1917 619 1940 autem
645 1918 794 1947 spreverunt
808 1921 867 1946 me;
883 1912 966 1941 Deum

184 1969 233 1995 per
248 1960 345 1989 lsaiain
357 1961 517 1996 prophetam
533 1959 636 1987 dixisse
647 1959 813 1994 accepimus.

220 2006 265 2034 IX.
278 2007 358 2034 Plura
370 2014 432 2033 eum
447 2005 548 2041 possim
567 2005 668 2037 dicere,
688 2005 786 2033 fratres
797 2005 963 2039 cliarissimi,

220 2087 241 2102 ⁸⁸
260 2085 288 2112 II
301 2085 363 2112 Cor.
381 2095 417 2118 γι,
433 2086 473 2116 14,
492 2086 533 2112 ιε.

1029 908 1076 935 καὶ
1091 909 1219 945 φυσικὴν,
1234 909 1281 936 καὶ
1295 909 1485 945 κατεεαιρετον
1505 911 1616 946 υἱότητα
1627 911 1642 937 ό
1654 909 1760 942 Παῦλος
1774 910 1818 937 οὖ-

1027 963 1081 986 τως
1097 955 1265 991 ἀπεφήνατο,
1282 958 1346 993 περὶ
1359 957 1427 984 Θεοῦ
1443 956 1527 984 εἰπών
1536 965 1543 971 ⁸
1562 957 1616 989 ’ος
1628 965 1662 991 γε
1675 956 1730 983 τοῦ
1742 956 1818 983 ἰδίου

1033 1001 1100 1028 Υἱοῦ
1119 1003 1175 1028 οὐκ
1192 1001 1343 1036 ἐφείσατο,
1354 1003 1423 1030 ἀλλ’
1436 1002 1616 1037 ὐπὲρήμὼν,
1632 1002 1753 1038 δηλονότι
1763 1002 1817 1029 τῶν
1843 1015 1852 1026 ι

1029 1049 1066 1084 μὴ
1075 1048 1154 1083 φύσει
1170 1049 1246 1081 υἱῶν,
1256 1049 1426 1084 παρέδωκεν
1433 1050 1534 1077 αὐτόν.
1551 1050 1624 1086 Πρὸς
1635 1049 1688 1085 γὰρ
1698 1049 1816 1076 ἀντιδια-

1028 1091 1122 1127 στολὴν
1136 1091 1191 1118 τῶν
1201 1092 1251 1119 οὐκ
1263 1093 1345 1123 ἰδίων.
1359 1093 1438 1120 αὑτὸν
1450 1093 1527 1120 ῖδιον
1543 1095 1611 1120 Υἱὸν
1622 1094 1721 1129 ἔφησεν
1736 1092 1816 1121 εἶναι.

1034 1137 1076 1165 Ἐν
1089 1138 1117 1165 δὲ
1132 1137 1171 1174 τῷ
1194 1139 1366 1175 Εὑαγγελίῳ·
1382 1137 1476 1172 οὗτός
1494 1139 1581 1166 ἐστιν
1594 1141 1611 1166 ό
1638 1141 1705 1172 Υἱός
1718 1148 1780 1174 μου
1801 1141 1817 1166 ό

1026 1183 1190 1219 ἁπηπητὸς,
1213 1185 1248 1212 ὲν
1261 1182 1286 1218 ᾦ
1299 1186 1461 1220 εὐδόκησα.
1482 1186 1526 1212 Ἐν
1547 1185 1672 1220 Ψαλμοῖς
1687 1186 1701 1212 ὁ
1720 1187 1816 1221 Σωτὴρ

1027 1239 1122 1266 φησιν·
1137 1232 1245 1266 Κύριος
1255 1230 1321 1259 εἷπε
1333 1231 1407 1266 πρύς
1417 1231 1466 1271 μὲ,
1487 1233 1554 1265 Υἱός
1565 1241 1623 1266 μου
1637 1230 1666 1259 εἷ
1678 1233 1733 1259 σύ·
1747 1241 1814 1268 γνη-

1026 1277 1137 1313 σιότητα
1163 1278 1328 1313 ἐμφανίζων,
1348 1278 1473 1314 σημαίνει
1490 1278 1527 1314 μὴ
1551 1276 1620 1305 εἶναι
1644 1278 1727 1305 αὑτοῦ
1747 1287 1815 1314 γνη-

1026 1323 1099 1355 σίους
1111 1324 1186 1356 υἱοὺς
1200 1324 1295 1356 ἄλλους
1314 1324 1390 1356 τινὰς
1412 1325 1477 1360 παρ’
1496 1325 1586 1351 αὐτόν.
1602 1324 1634 1350 Τί
1657 1324 1685 1351 δὲ
1704 1325 1753 1351 καὶ
1773 1323 1814 1356 τδ,

1032 1369 1082 1395 Ἐκ
1096 1369 1226 1403 γαστρὸς
1240 1369 1297 1403 πρὸ
1316 1370 1488 1404 Ἑωσφόρου
1507 1369 1657 1405 ἑγέγγησά
1679 1377 1735 1401 σε;
1747 1370 1815 1405 Οὐχὶ

1025 1415 1153 1451 ἄντικρυς
1166 1416 1214 1452 τῆς
1229 1417 1366 1452 πατρικῆς
1386 1417 1536 1452 μαιεύσεως
1551 1417 1667 1453 φυσικὴν
1679 1418 1815 1444 ἐνδείκνυ-

1025 1471 1068 1488 ται
1095 1462 1221 1497 υἱότητα,
1252 1462 1282 1489 οὐ
1306 1463 1413 1498 τρόπων
1440 1463 1581 1499 ἐπιμελείᾳ
1604 1463 1650 1489 καὶ
1671 1462 1814 1499 προκοπῆς

1025 1509 1151 1544 ἀσκήσει,
1176 1508 1243 1535 ἀλλὰ
1267 1508 1374 1543 φύσεως
1397 1508 1523 1544 ἰδιώματι
1543 1509 1644 1544 ταύτην
1667 1509 1812 1544 λαχόντος;

1027 1551 1106 1579 ’Ὀοεν
1121 1552 1167 1579 καὶ
1180 1553 1374 1588 ἀμετάπτωτον
1384 1553 1439 1589 ἔχει
1451 1554 1500 1589 τὴν
1514 1555 1625 1590 υῐότητα
1638 1555 1652 1581 ὁ
1665 1554 1813 1590 μονογενὴς

1027 1597 1090 1628 Υἱὸς
1103 1597 1150 1623 τοῦ
1169 1597 1290 1633 Πατρός·
1308 1598 1357 1634 τὴν
1372 1599 1400 1626 δὲ
1419 1599 1473 1626 τῶν
1488 1599 1603 1633 λογικῶν
1619 1599 1766 1631 υἱοθεσίαν,
1781 1599 1812 1627 οὐ

1026 1643 1094 1670 κατὰ
1109 1643 1189 1678 φύσιν
1207 1645 1381 1680 ὑπάρχουσαν
1395 1645 1496 1677 αὐτοῖς,
1513 1645 1580 1672 ἀλλὰ
1593 1645 1702 1680 τρόπων
1715 1646 1811 1681 ἐπιτη-

1024 1688 1139 1725 δειότητι
1151 1690 1198 1716 καὶ
1211 1689 1299 1726 δωρεᾷ
1312 1689 1390 1723 Θεοῦ,
1407 1691 1453 1718 καὶ
1467 1690 1644 1726 μεταπτώτην
1659 1689 1730 1717 οἶδεν
1745 1690 1811 1717 ὁλό-

1024 1742 1081 1767 γος.
1105 1734 1232 1767 Ἰδόντες
1247 1735 1301 1769 γὰρ
1315 1736 1342 1761 ol
1356 1736 1414 1762 υἱοὶ
1429 1735 1482 1762 τοῦ
1496 1735 1570 1762 Θεοῦ
1581 1736 1634 1769 τὰς
1644 1736 1810 1770 θυγατέρας

1023 1780 1081 1806 τῶν
1095 1780 1266 1815 ἀνθρώπων,
1279 1781 1388 1808 ἔλαϐον
1406 1781 1523 1815 ἑαυτοῖς
1538 1782 1691 1817 γυναῖκας,
1712 1783 1761 1809 καὶ
1776 1783 1810 1810 τὰ

1022 1825 1093 1861 ἑξῆς·
1110 1826 1166 1859 καὶ,
1182 1826 1268 1860 Υιοὺς
1286 1826 1435 1862 ἐγέννησα
1456 1827 1504 1855 καὶ
1521 1828 1648 1863 ὕψωσεν
1668 1828 1755 1855 αὐτοὶ
1775 1828 1808 1855 δέ

1018 1880 1057 1906 με
1067 1871 1229 1906 ἠθέτησαν,
1246 1873 1290 1900 διὰ
1306 1873 1417 1900 Ἦσαῖου
1431 1874 1570 1910 εἰρηκέναι
1584 1874 1628 1901 τὸν
1643 1874 1710 1901 Θεὸν
1722 1874 1808 1902 ἐδιδά-

1021 1918 1134 1954 χοημεν.

1055 2004 1098 2032 IX.
1120 2005 1206 2032 Πολλὰ
1226 2005 1314 2040 λέγειν
1336 2006 1414 2041 ἔχων,
1442 2006 1587 2041 ἀγαπητοὶ,
1617 2006 1804 2042 παρέρχομαι.

573 2086 593 2100 ’⁷
610 2085 686 2120 Prov.
701 2093 764 2118 xxx,
780 2085 822 2113 l9.
853 2086 879 2120 νη
895 2085 910 2112 1
927 2086 989 2113 Cor.
1006 2087 1060 2119 ΧΑ.
1102 2088 1122 2103 ι’
1139 2087 1212 2116 Rom.
1232 2095 1295 2120 VIII,
1309 2087 1353 2114 32.
1392 2087 1414 2103 ¹⁰
1429 2086 1524 2114 Jlattli.
1543 2095 1588 2117 ni.
1608 2087 1650 2114 l7.
1690 2088 1711 2103 "
1725 2086 1801 2116 Psal.

184 2129 202 2148 ιι
214 2143 220 2154 ,
237 2122 261 2148 7.
296 2123 317 2137 "
335 2121 409 2148 Psal.
422 2129 482 2152 ωε,
499 2121 525 2147 5.
563 2121 586 2136 ’³
603 2119 666 2147 Gen.
681 2129 705 2148 VI
717 2141 725 2153 ,
740 2121 767 2148 2.
806 2121 828 2136 "
847 2119 903 2148 lsa.
920 2130 946 2153 ι,
970 2122 998 2149 2.

217 2182 272 2217 (22)
286 2182 378 2216 Μέχρι
391 2181 464 2217 πρός
483 2180 611 2217 ἐννοίας.
626 2179 654 2207 In
670 2180 766 2217 codice
786 2180 877 2217 Allatii
892 2180 966 2217 legi-

1025 2189 1107 2208 ;anien
1130 2181 1340 2217 minimecapax
1354 2180 1569 2217 videtur_eorum
1594 2179 1804 2217 natura._Totos

182 2222 227 2244 tur
256 2215 351 2253 μέχρις
375 2216 496 2248 ἐννοίας,
525 2216 627 2243 omissa
652 2216 738 2243 altera
762 2215 964 2278 prmpositione.

182 2251 330 2278 Utramque
342 2255 432 2278 tamen
449 2258 542 2278 vocem
557 2251 679 2278 aunoscit
693 2250 760 2278 Enio
783 2253 861 2278 anius
876 2251 964 2278 Scho-

182 2250 330 2287 Utrauique
342 2255 432 2278 tamen
449 2258 542 2278 vocem
557 2251 679 2287 agnoscit
693 2250 861 2287 Epiphanius
876 2251 964 2278 Scho-

180 2285 303 2319 lasticus,
319 2287 364 2321 qui
383 2287 423 2314 sic
434 2287 514 2314 vertit
530 2295 537 2312 :
555 2285 720 2320 lmpossibile
733 2285 772 2313 est
787 2286 825 2313 uel
838 2294 918 2322 usque
929 2286 963 2313 ad

180 2324 326 2357 opinionem
339 2322 452 2348 invenire
462 2322 517 2348 vias
533 2322 670 2357 serpentis.

288 2357 348 2398 Καὶ,
365 2357 499 2399 γομίμοις
521 2356 667 2399 ὲτςτολαζς.
692 2357 722 2384 ln
742 2355 842 2399 codice
864 2355 964 2399 Leonis

179 2391 269 2420 Allatii
294 2391 428 2427 scriptum
451 2397 493 2419 est
515 2392 562 2418 καὶ
585 2392 715 2427 νομίμους
741 2391 859 2427 ὲντολᾱιςΣ
877 2391 963 2424 Quam

178 2429 342 2463 scripturam
353 2425 387 2454 'in
414 2427 539 2463 editione
557 2435 606 2454 sua
618 2425 771 2463 amplexus
788 2425 963 2463 estAJacobus

179 2460 358 2490 Siriiiundus.
385 2466 412 2490 et
439 2463 510 2489 hunc
535 2462 623 2489 locum
651 2460 688 2488 ita
706 2462 808 2489 vertit:
826 2460 879 2493 Qui
911 2470 962 2488 au-

179 2502 229 2525 tem
249 2498 306 2532 ejus
330 2503 390 2525 sunt
408 2503 546 2529 creatura,
576 2498 692 2524 homines
715 2502 739 2525 et
757 2497 851 2530 angeli.
874 2501 899 2523 et
920 2497 962 2523 be-

178 2533 348 2560 nedictionem
362 2538 525 2566 acceperunt,
541 2537 568 2558 ut
585 2533 739 2566 proﬁcerent
755 2533 874 2559 uirtutem
886 2539 962 2559 exer-

177 2573 272 2600 centes,
301 2573 325 2595 et
348 2567 535 2595 mandatorum
561 2567 628 2602 leges
657 2576 688 2594 ne
711 2572 854 2602 peccarent.
873 2567 962 2601 Atque

178 2604 248 2630 banc
271 2604 424 2635 lectionem,
441 2611 471 2631 re
487 2603 618 2630 attentius
642 2603 807 2633 examinata,
827 2603 961 2629 veriorem

197 2642 252 2665 uto.
265 2638 309 2665 Ait
321 2639 394 2665 enim
406 2638 568 2669 Alexander,
583 2637 666 2664 Deum
679 2638 748 2664 duas
759 2645 803 2664 res
817 2638 962 2664 tradidisse

187 2673 333 2700 nominibus
349 2674 514 2708 etﬁangelis,
529 2677 560 2700 ut
577 2673 604 2699 in
627 2673 728 2699 virtute
745 2680 906 2708 progressus
920 2672 960 2698 l‘a-

176 2715 238 2734 cere
248 2713 368 2742 possent.
383 2707 416 2734 Et
437 2707 563 2735 mandata
582 2708 691 2742 quidem
708 2709 774 2743 legis
789 2707 821 2733 ad
835 2708 884 2734 hoc
899 2714 962 2742 pro-

177 2747 297 2778 sunt,rne
310 2743 424 2769 crimina
440 2743 583 2770 admittant
595 2750 654 2777 quae
666 2743 723 2778 lege
738 2742 873 2778 prohibita
884 2745 958 2770 sunt.

176 2777 332 2804 Benedictio
343 2785 407 2804 vero
420 2778 452 2804 ad
468 2778 518 2805 hoc
531 2778 650 2812 prodi-st,
670 2777 699 2805 ut
714 2777 745 2805 in,
757 2777 865 2804 virtutis
881 2785 960 2805 exer-

175 2811 305 2838 citatione
321 2812 440 2846 quotidie
454 2811 607 2846 proﬁciant.
627 2812 679 2839 Sed
700 2813 819 2840 occurrit
834 2813 884 2839 hoc
901 2813 957 2839 loco

175 2847 328 2874 diﬁicultas.
345 2846 453 2880 Angelis
469 2847 540 2874 enim
563 2848 713 2881 profectum
727 2849 860 2879 attribuit,
880 2847 957 2878 cuius

1016 2217 1088 2245 enim
1103 2224 1163 2244 sese
1179 2215 1315 2252 applicant
1334 2216 1421 2251 angeli
1437 2215 1471 2242 ad
1492 2215 1606 2252 id__qu0d
1632 2215 1717 2252 semel
1743 2223 1803 2252 am:

1015 2251 1086 2286 plexi
1098 2255 1176 2284 sunt;
1192 2249 1244 2278 nec
1260 2249 1389 2286 paulatim
1411 2249 1622 2285 progrediuntur
1637 2250 1669 2286 ad
1684 2250 1801 2286 idrquod

1014 2284 1133 2322 eligunt;
1157 2287 1212 2322 sed
1227 2284 1314 2321 primo
1330 2284 1430 2322 impetu
1440 2286 1478 2322 ad
1503 2293 1639 2322 summum
1659 2284 1800 2320 fastigium

1014 2320 1186 2357 perveniunt,
1207 2320 1244 2348 ita
1259 2325 1353 2357 utnec
1367 2321 1480 2357 ulterius
1503 2320 1640 2355 progredi,
1661 2328 1713 2348 nec
1727 2325 1802 2348 retro

1013 2355 1111 2385 reverti
1128 2357 1244 2385 valeant.
1271 2355 1388 2384 Materia:
1409 2356 1481 2383 enim
1503 2360 1628 2391 expertes
1648 2359 1724 2387 sunt,
1739 2363 1802 2391 quas

1014 2392 1199 2420 inﬁrmitatem
1212 2395 1240 2419 et
1256 2391 1465 2419 inconstantiam
1481 2389 1576 2425 gignit.
1594 2389 1801 2418 Dicenduin‘ta-

1013 2435 1075 2455 men
1089 2432 1142 2459 est.
1158 2427 1270 2462 angelos
1284 2427 1320 2453 ita
1332 2427 1450 2461 primum
1465 2430 1572 2452 creatos
1583 2425 1754 2462 essea‘Deo,
1770 2430 1801 2453 ut

1012 2467 1105 2490 essent
1117 2460 1272 2493 mutabiles.
1288 2466 1316 2489 et
1329 2460 1437 2488 virtutis
1453 2468 1565 2495 capaces
1584 2468 1615 2487 ac
1631 2460 1698 2492 vitii,
1714 2465 1800 2496 utque

1033 2499 1143 2526 reticere
1163 2501 1275 2532 possent
1296 2497 1324 2524 in
1346 2498 1454 2527 melius.
1473 2499 1520 2523 aut
1536 2496 1564 2523 in
1585 2496 1706 2523 deterius
1731 2496 1796 2523 labi.

1037 2541 1088 2560 anc
1104 2533 1189 2560 fuisse
1208 2532 1369 2560 sententiam
1383 2536 1503 2560 veterum
1522 2532 1722 2566 theologorum,
1740 2535 1797 2558 tum

1012 2576 1044 2596 ex
1062 2569 1216 2596 Alexandro
1232 2571 1316 2603 patet.
1333 2571 1393 2603 tum
1410 2574 1442 2603 ex
1458 2574 1490 2594 eo
1504 2566 1576 2603 quod
1598 2566 1679 2594 Arius
1695 2573 1728 2593 ac
1745 2574 1799 2594 ea»

1013 2605 1063 2630 teri
1076 2601 1243 2636 asserebant,
1262 2602 1361 2629 Filium
1380 2601 1427 2629 Dei
1444 2602 1599 2629 mutabilem
1611 2609 1683 2633 esse,
1698 2605 1726 2628 et
1741 2603 1798 2629 vir-

1011 2640 1078 2667 tutis
1097 2647 1128 2666 ac
1142 2638 1201 2665 vitii
1215 2645 1352 2673 capacem.
1374 2637 1429 2664 Nec
1450 2637 1523 2664 ullus
1538 2636 1740 2673 Catholiconim
1757 2637 1797 2665 eis

1011 2682 1129 2708 unquam
1144 2672 1255 2708 objecit,
1266 2673 1375 2708 angelos
1386 2680 1439 2699 non
1453 2679 1514 2699 esse
1525 2672 1664 2708 mutabilis
1676 2677 1794 2708 gnatum.

1012 2706 1140 2737 Sciebant
1155 2706 1227 2736 enim
1250 2707 1275 2735 id
1293 2706 1432 2743 proprium
1441 2715 1512 2743 esse
1529 2707 1613 2734 solius
1635 2706 1694 2739 Dei.
1705 2708 1752 2742 qui
1768 2708 1795 2734 in

1011 2745 1097 2771 sacris
1123 2744 1221 2771 litteris
1233 2741 1397 2770 diseite’ait
1414 2752 1419 2769 :
1437 2741 1492 2777 Ego
1504 2751 1572 2774 sum,
1586 2747 1610 2769 et
1625 2750 1677 2769 non
1697 2741 1793 2770 mutor.

1010 2780 1103 2814 Angeli
1116 2786 1179 2806 vero
1192 2779 1255 2807 licet
1265 2777 1372 2806 diﬁicile
1384 2781 1533 2810 mutentur,
1548 2777 1692 2805 mutationi
1705 2783 1793 2806 tamen

1010 2815 1120 2842 obnoxii
1134 2817 1207 2841 sunt.
