1911 3073
102 106 151 133 561

808 108 983 137 EPISTOLE
988 130 994 137 .

1677 118 1726 146 56:!

101 164 233 200 φορτικὸν
244 162 313 191 εἶναι
326 166 449 201 νομίσας,
461 167 504 194 διὰ
516 166 644 194 πλειόνων
651 166 823 200 διδασκάλους
833 168 884 203 ὸμό

947 173 1072 198 consulto
1099 176 1239 206 praetereo,
1266 174 1364 208 quippe
1387 175 1433 209 qui
1459 174 1643 211 importunum
1665 186 1725 206 esse

101 218 205 245 φρονας
218 210 448 247 ὑπομιμνήσκειν.
462 212 543 238 Αὐτοὶ¹
567 211 623 247 γὰρ
642 211 804 241 θεοδίδακτοί
822 213 893 245 ἐστε,

100 257 152 283 οὐκ
166 256 329 290 ἀγνοοῦντες
337 257 378 283 ὅτι
395 257 412 292 ή
431 257 543 293 ἔναγχος
558 258 733 284 ἐπαναστᾶσα
750 259 782 293 τῇ
798 258 895 293 ἐκκλη-

103 303 232 338 σιαπικῇ
257 302 382 338 εὐσεϐείᾳ
407 303 579 337 διδασκαλία,
614 303 738 335 Ἐῧίωνός
763 305 820 330 ἐστι
849 304 896 331 καὶ

108 347 239 382 Ἀρτεμᾶ,
252 348 298 374 καὶ
311 347 391 382 ζῆλος
405 348 451 375 τοῦ
463 349 532 375 κατὰ
552 349 715 384 Ἀντιόχειαν
727 349 833 375 Παύλου
847 349 894 376 τοῦ

101 393 295 427 Σαμοσατέως,
314 394 414 429 συνόδῳ
432 394 478 422 καὶ
494 395 583 431 κρίσει
598 395 651 421 τῶν
669 395 823 430 ἁπανταχοῦ
835 396 894 422 ἐπι-

101 440 213 466 σκόπων
232 440 472 476 ἀποκηρυχθέντος
489 442 539 477 τῆς
558 441 721 478 Ἐκκλησίας
732 450 738 456 ·
764 441 793 468 ὃν
808 441 894 468 διαδε-

101 485 219 520 ξάμενος
233 485 389 519 Λουκιανὸς,
404 487 616 522 ἀποσυνάγωγος
632 487 722 523 έμεινε
738 487 820 523 τριῶν
834 488 893 514 ἑπι-

101 532 211 558 σκόπων
227 530 284 567 (24)
306 532 443 565 πολυετεῖς
470 532 591 569 χρόνους.
628 531 678 560 Ὧν
699 533 749 569 τῆς
767 534 893 566 ἀσεϐείας

101 577 149 613 τὴν
174 578 266 614 τρύγα
280 579 474 614 ὲῤῥοφηκότες,
491 579 538 606 νῦν
561 580 625 615 ἡμῖν
640 581 664 606 οἱ
685 579 715 612 ἐξ
737 580 787 607 οὑκ
809 580 893 607 ὄντων

101 625 279 660 ἑπεφύησαν,
305 625 340 652 τὰ
359 626 470 652 ἐκείνων
497 626 676 662 κεκρυμμένα
705 626 891 662 μοσχεύματα,

103 671 213 706 Ἀρειός
229 679 259 697 τε
280 671 327 697 καὶ
346 671 478 706 Ἀχιλλᾶς,
494 671 540 698 καὶ
560 672 576 707 ὴ
595 672 649 698 τῶν
668 672 716 699 σὺν
738 673 829 705 αὐτοῖς
843 682 892 700 πο-

102 717 293 753 νηρευομένων
317 717 434 749 σύνοδος.
457 717 511 745 Καὶ
534 718 585 744 οὐκ
604 716 651 745 οἷδ’
673 719 746 751 ὅπως
767 720 797 746 ὲν
808 720 893 756 Συρίᾳ

103 763 336 799 χειροτονηθέντες
357 763 501 790 ἐπίσκοποι
516 765 589 799 τρεῖς
600 764 656 799 (25)
673 764 717 791 διὰ
737 764 783 792 τοῦ
802 774 892 792 συναι-

103 812 155 836 νεῖν
172 810 276 842 αὐτοῖς,
298 810 346 836 ἐπὶ
367 810 397 836 τὸ
420 811 509 846 χεῖρον
524 810 720 838 ὑπεκκαίουσι·
742 812 807 847 περὶ
823 808 889 847 ὦνὴ

103 856 190 892 (ρίσις
211 855 403 882 ὑπανακείσθω
417 856 472 892 (26)
484 857 517 892 τῇ
543 856 663 892 ὑμετέρᾳ
685 856 842 893 δοκιμασία.
858 858 890 884 Οί
907 851 928 878 Β

102 903 148 935 τὰς
165 903 215 938 μὲν
234 903 281 929 τοῦ
305 903 440 939 σωτηρίου
455 903 567 936 πάθους,
591 903 781 935 ταπεινώσεως
798 913 827 930 τε
842 905 889 931 καὶ

105 949 244 981 ξενώσεως
260 950 306 976 καὶ
321 950 370 985 τῆς
392 949 559 985 καλουμένης
572 949 654 977 αὐτοῦ
670 951 820 986 πτωχείας,
842 952 889 978 καὶ

103 993 137 1022 ὧν
151 996 316 1031 ἐπικτήτους
338 997 353 1022 ὁ
368 995 462 1031 Σωτὴρ
480 995 513 1022 δι’
526 996 599 1031 ἡμᾶς
622 995 764 1028 ἀνεδέξατο
786 997 887 1031 φωνὰς,

102 1042 143 1068 5ιά
160 1042 272 1077 μνήμης
294 1041 415 1077 ἔχοντες,
440 1041 633 1077 παρατίθενται
650 1042 696 1068 ἐπὶ
722 1044 887 1078 παραγραφῇ

102 1087 148 1122 τῆς
173 1087 302 1114 ἀνωτάτω
320 1087 367 1114 καὶ
392 1087 510 1123 ἀρχῆθεν
527 1087 610 1114 αὑτοῦ
633 1087 767 1123 Θεότητος.
786 1088 846 1114 Τῶν
860 1088 888 1115 δὲ

101 1134 147 1169 τῆς
164 1133 283 1169 φυσικῆς
303 1132 385 1160 αὑτοῦ
397 1133 476 1169 δόξης
486 1142 516 1160 τε
531 1134 578 1160 καί¹
600 1134 739 1168 εὐγενείας
752 1134 799 1161 καὶ
812 1134 887 1169 παρὰ

101 1178 136 1215 τῷ
146 1179 204 1205 Πατ
209 1179 235 1214 ρὶ
247 1178 330 1214 μονῆς
343 1178 516 1214 σημαντικῶν
525 1178 611 1213 λόγων
621 1178 800 1214 ἐπιλήσμονες
813 1178 888 1212 γεγό-

102 1233 192 1253 δασιν·
217 1222 272 1252 οἷόν
289 1224 399 1257 ὲστιτδ,
421 1225 494 1260 Ἐγὼ
515 1225 563 1252 καί
576 1227 592 1252 ό
606 1226 708 1260 Πατὴρ
732 1225 767 1252 ἓν
782 1226 884 1261 ἐσμεν.

98 1273 188 1308 Ὅπερ
197 1272 278 1307 φησὶν
290 1273 304 1299 ὁ
312 1271 422 1307 Κύριος,
434 1272 464 1298 οὐ
478 1272 586 1308 Πατέρα
595 1272 689 1299 ἑαυτὸν
702 1272 884 1308 ἀναγορεύων,

101 1318 159 1345 λύδὲ
173 1318 224 1349 τὰς
238 1319 271 1353 τῇ
298 1318 444 1345 ὑποστάσει
470 1318 515 1344 δύο
545 1318 639 1352 φύσεις
657 1318 713 1354 (27)
733 1318 796 1354 μίαν
816 1316 885 1346 εἶναι

99 1364 268 1399 σαφηνίζων·
284 1364 342 1391 ἀλλ’
356 1365 397 1391 ὅτι
420 1365 469 1399 τὴν
485 1364 619 1400 πατρικὴν
640 1364 788 1400 ἐμφέρειαν
808 1365 886 1400 ἀκρι-

98 1410 153 1442 ϐῶς
180 1412 283 1445 πέφυκε
312 1410 408 1443 σώζειν
427 1412 441 1437 ὁ
456 1411 518 1442 Υἱὸς
540 1410 586 1437 τοῦ
609 1410 726 1446 Πατρὸς,
744 1411 793 1447 τὴν
816 1412 886 1439 κατὰ

98 1455 187 1483 πάντα
210 1455 356 1491 ὁμοιότητα
378 1455 460 1482 αὑτοῦ
476 1457 508 1482 ὲκ
530 1456 637 1490 φύσεως
659 1456 883 1492 ἀπομαξάμενος,

98 1500 145 1527 καὶ
161 1500 368 1535 ἀπαράλλακτος
382 1500 463 1527 είκὼν
481 1500 527 1527 τοῦ
548 1500 654 1536 Πατρὸς
670 1501 821 1536 τυγχάνων,
839 1502 885 1528 καὶ

98 1545 144 1572 τοῦ
168 1533 346 1581 πρωτατύπου
373 1546 490 1578 ἔκτοπος
514 1533 666 1582 χαρακτήρ.
779 1547 826 1573 καὶ
847 1547 886 1582 τῷ
899 1533 920 1563 c

97 1593 247 1628 τηνικαῦτα
262 1592 386 1620 ποθοῦντι
399 1593 461 1620 ίδείν
475 1592 600 1628 Φιλίππῳ
619 1592 742 1627 ἀφθόνως
756 1594 770 1619 ό
785 1593 886 1629 Κύριος

97 1639 253 1675 ἐμφανίζει,
270 1639 339 1674 πρὸς
360 1639 389 1665 ὃν
406 1638 518 1673 λέγοντα
530 1647 536 1653 ·
555 1638 658 1670 Δεῖξον
678 1639 750 1673 ἡμῖν
764 1639 817 1665 τὸν
827 1641 885 1666 Πα-

98 1684 177 1719 τέρα,
194 1684 268 1719 λέγει
278 1693 284 1699 ·
305 1685 337 1711 '0
349 1684 483 1719 ἑωρακὼς
493 1684 556 1719 ἐμὲ,
566 1683 676 1718 ἑώρακε
685 1684 739 1711 τὸν
751 1685 865 1719 Πατέρα
875 1694 881 1700 ·

97 1729 192 1766 ὥσπερ
205 1730 239 1757 δι’
262 1730 393 1766 ἐσόπτρου
410 1729 576 1766 ἀκηλιδώτου
594 1730 641 1756 καὶ
664 1729 785 1765 ἐμψύχου
809 1730 883 1763 θείας

97 1776 211 1808 εἰκόνος,
228 1776 310 1803 αὐτοῦ
327 1776 513 1812 θεωρουμένου
532 1775 579 1803 τοῦ
597 1775 711 1811 Πατρός.
730 1774 779 1803 Ὧν
792 1777 883 1812 ὅμοιον

97 1823 126 1849 ὲν
141 1823 268 1857 Ψαλμοῖς
286 1824 311 1850 ot
329 1823 473 1858 ἀγιώτατοί
494 1831 591 1857 φασιν·
615 1823 667 1849 Ἐν
681 1820 720 1854 τῷ
731 1823 805 1856 φωτί
826 1831 884 1851 σου

152 1902 174 1917 ’³
189 1900 271 1928 Joan.
291 1909 318 1933 x,
337 1901 381 1928 50.
421 1900 443 1915 ¹⁶
455 1900 535 1928 Joan.
556 1909 613 1933 xiv,
627 1901 655 1933 8,
673 1901 699 1928 9.

132 1990 189 2025 (ει)
213 1990 455 2026 Ἁποσυνάγωγος
474 1991 570 2025 ἔμεινε
592 1990 679 2024 τριῶν
698 1990 881 2017 ἐπισκόπων.

96 2025 185 2061 Hujus
196 2026 272 2053 verbi
283 2027 336 2052 vim
349 2034 402 2053 non
418 2026 608 2053 intellexerunt
622 2026 793 2061 interpretes.
807 2025 881 2059 Quos

95 2060 209 2088 secutus
224 2061 357 2088 Baronius
373 2060 406 2088 ad
422 2069 522 2088 annum
539 2061 591 2088 518
610 2061 715 2092 scribit,
733 2060 882 2088 Lucianum

96 2105 110 2123 a
126 2096 216 2123 tribus
232 2096 369 2131 episcopis
385 2096 438 2123 sibi
455 2097 584 2123 continue
598 2096 817 2127 succedentibus,
830 2095 881 2122 Ec-

96 2131 182 2158 clesia
198 2132 315 2164 ejectum
333 2131 428 2158 fuisse.
447 2131 529 2165 Atqui
544 2139 599 2158 non
616 2131 667 2158 hoc
681 2131 747 2157 dicit
763 2131 881 2157 Alexan-

96 2166 156 2196 der,
173 2166 221 2193 sed
248 2171 352 2192 tantum
374 2166 412 2192 ait
426 2165 575 2193 Lucianum
600 2166 720 2193 schisma
740 2165 835 2193 iecisse
854 2166 882 2192 iu

97 2201 277 2228 Antiochensi
290 2200 422 2232 Ecclesia,
437 2206 463 2228 et
479 2201 531 2229 sub
545 2201 633 2228 tribus
646 2201 780 2235 episcopis
795 2201 884 2227 conti-

97 2243 150 2263 nue
159 2236 214 2264 sibi
230 2236 440 2263 succedentibus
451 2237 579 2264 collectas
588 2244 710 2263 seorsum
719 2236 881 2269 celebrasse.

98 2270 124 2297 ld
147 2271 221 2298 enim
236 2270 380 2306 signiﬁcat
404 2279 457 2299 vox
478 2271 699 2305 ἀποσυνάγωγος.
716 2271 808 2305 Itaque
819 2270 883 2305 Epi-

97 2306 215 2340 phanius
231 2305 420 2334 Scholasticus
442 2314 496 2334 non
517 2308 587 2333 male
604 2307 676 2333 hunc
690 2306 778 2332 locum
799 2306 883 2332 inter-

97 2345 219 2375 pretatus
246 2346 288 2368 est
313 2341 366 2368 hoc
392 2342 483 2374 modo,
512 2341 555 2368 cui
574 2341 712 2368 succedens
738 2340 881 2373 Lucianus,

97 2382 172 2403 extra
198 2384 349 2412 synianogas
366 2377 463 2412 mansit
481 2377 560 2403 trium
574 2377 752 2412 episcoporum
769 2376 882 2412 plurimo

97 2416 221 2446 tempore.
244 2411 361 2439 Basilius
373 2411 402 2438 in
414 2412 528 2446 epistola
544 2412 630 2447 prima
653 2412 687 2447 ad
706 2411 882 2447 Amphibolo-

96 2447 188 2487 cilium
217 2448 456 2487 παρασυναγωγήν
482 2446 598 2487 usurpat
614 2446 712 2487 eodem
725 2454 817 2478 sensu,
835 2446 880 2472 ubi

96 2481 241 2516 distinguit
257 2481 326 2509 inter
342 2482 477 2515 hmresim,
499 2487 525 2509 et
542 2482 671 2513 schisma,
689 2485 716 2509 et
729 2489 882 2517 παρασυνα-

98 2517 199 2552 γωγήν.
216 2517 458 2552 Παρασυναγωγάς
477 2520 568 2544 autem
587 2517 625 2543 ait
644 2524 706 2544 esse
726 2516 881 2551 illegitimos

96 2551 323 2587 conventus,'qui
338 2552 407 2579 tiunt
421 2553 455 2580 ab
471 2552 650 2587 immorigeris
663 2552 828 2587 presbyteris
839 2551 881 2578 vel

96 2587 235 2622 episcopis
255 2591 282 2616 et
308 2588 396 2615 laicis.
414 2587 495 2615 Verbi
512 2587 610 2622 gratia,
636 2587 659 2614 si
676 2587 737 2621 quis
757 2587 880 2614 criminis

96 2623 251 2655 convictus,
267 2626 294 2650 et
308 2631 324 2649 a
342 2622 493 2650 ministerio
505 2630 583 2650 sacro
598 2630 759 2657 suspensus,
776 2622 881 2657 judicio

97 2665 150 2685 con
173 2662 280 2691 pareat,
303 2657 351 2685 sed
375 2658 557 2686 ministerium
577 2665 656 2685 suum
673 2658 748 2684 obire
765 2657 840 2689 velit,
855 2661 882 2684 et

98 2693 227 2728 populum
253 2693 375 2728 colligat.
396 2693 469 2720 Inter
485 2692 721 2728 παρασυναγωγήν
746 2696 837 2728 autem
854 2696 882 2719 ct

97 2726 218 2756 schisma
236 2726 334 2763 parum
348 2728 440 2756 distat.
457 2726 543 2763 Porro
559 2735 642 2755 causa
658 2726 811 2755 schismatis
828 2726 881 2763 Lu-

97 2763 176 2791 ciano
194 2762 247 2790 fuit
269 2763 392 2790 doctrina
416 2763 494 2790 Pauli
518 2762 719 2790 Samosatcnsis
735 2770 815 2796 quam
830 2762 879 2789 de-

99 2798 237 2830 fendebat,
253 2802 282 2825 ut
301 2798 381 2825 docet
399 2798 562 2826 Alexander.
583 2797 668 2832 Cujus
679 2798 766 2832 gratia
777 2797 823 2824 diu
835 2805 879 2824 se-

99 2834 204 2868 paravit
229 2841 259 2861 sc
284 2841 299 2861 a
327 2833 413 2861 tribus
434 2833 579 2870 episcopis,
593 2831 708 2867 Domno,
726 2831 833 2868 Tymzco
849 2840 879 2861 ac

946 216 1055 251 ducam,
1073 218 1199 246 doctores
1215 219 1261 254 qui
1282 220 1425 247 nobiscum
1436 223 1621 257 consentiunt,
1639 224 1724 258 pluri-

945 263 997 291 bus
1013 264 1170 293 admonere.
1189 265 1243 300 lpsi
1270 266 1342 293 enim
1369 275 1384 294 a
1410 267 1464 295 Deo
1480 269 1553 296 docti
1575 270 1659 298 estis:
1676 279 1725 299 nec

945 309 1088 343 ignoratis,
1106 317 1166 336 cam
1181 311 1334 337 doctrinam
1359 319 1419 346 quae
1443 313 1573 341 adversus
1596 315 1724 342 ecclesia-

944 354 1042 382 sticam
1059 356 1187 390 pietatem
1209 364 1295 391 nuper
1315 362 1397 392 caput
1410 359 1515 391 extulit,
1531 359 1642 388 Ebionis
1664 368 1725 389 esse

944 403 971 427 et
984 400 1101 428 Artema:
1114 409 1121 427 :
1137 409 1187 428 nec
1198 402 1271 429 aliud
1287 409 1358 435 esse,
1369 410 1450 437 quam
1462 404 1637 432 imitationem
1647 404 1723 432 Pauli

946 443 1128 479 Samosateni,
1142 446 1295 474 Antiochiae
1310 448 1443 483 episcopi,
1465 450 1511 483 qui
1528 450 1648 477 omnium
1664 451 1724 478 ubi-

944 498 997 525 que
1014 490 1206 527 episcoporum
1231 493 1348 521 concilio
1369 501 1401 521 ac
1425 493 1529 528 judicio
1548 495 1581 522 ab
1604 494 1725 523 Ecclesia

944 540 1067 565 remotus
1082 542 1134 565 est.
1150 537 1201 565 Cui
1219 539 1368 567 succedens
1381 539 1529 574 Lucianus,
1541 540 1663 575 pluribus
1680 549 1724 568 an-

943 582 986 610 nis
998 590 1012 610 a
1028 584 1218 612 communione
1229 584 1312 612 trium
1323 585 1511 620 episcoporum
1521 594 1581 614 sese
1589 587 1721 622 abjunxit.

942 626 1048 655 Horum
1076 630 1223 664 impietatis
1247 629 1340 657 fmcem
1358 638 1419 658 cum
1448 631 1613 664 hausissent,
1637 640 1723 668 nuper

942 674 1023 702 nobis
1039 675 1092 702 orti
1104 679 1167 703 sunt
1182 676 1456 709 Exucontii,occulta
1471 678 1579 705 illorum
1589 679 1721 714 germina,

942 721 1024 749 Arius
1040 722 1145 749 scilicet
1159 725 1186 750 ct
1200 722 1333 757 Achillas,
1345 727 1371 749 et
1386 723 1489 758 reliqua
1506 724 1649 759 impiorum
1662 725 1728 753 istis

943 768 1138 796 adhaerentium
1162 769 1250 797 turba.
1275 770 1314 797 Ac
1339 771 1431 798 nescio
1443 779 1497 805 quo
1511 771 1592 799 modo
1606 772 1723 799 ordinati

944 812 970 839 in
987 812 1066 848 Syria
1077 818 1133 841 tres
1145 814 1276 849 episcopi,
1288 814 1342 842 illis
1352 816 1556 848 consentiendo,
1568 824 1615 844 eos
1629 817 1663 844 ad
1678 825 1723 852 pe—

941 858 1002 893 jora
1016 859 1140 886 incitant.
1157 859 1278 893 Quorum
1291 860 1424 896 judicium
1443 866 1534 890 vestro
1546 863 1663 890 examini
1677 871 1722 891 re—

942 909 1076 933 servetur.
1095 905 1147 939 Qui
1164 906 1294 934 salutaris
1313 907 1448 942 passionis
1465 912 1492 935 ct
1508 908 1666 943 abjectionis
1682 915 1722 936 at-

943 959 995 986 que
1003 951 1196 979 cxinanitiouis
1208 957 1234 980 et
1243 953 1409 988 paupertatis
1418 961 1497 988 quam
1509 959 1616 987 vocant,
1627 963 1722 982 eorum

942 996 1059 1032 denique
1075 997 1197 1025 omnium
1209 1005 1269 1033 qua:
1285 997 1412 1025 Servator
1425 1004 1516 1026 nostra
1531 1007 1614 1027 causa
1628 1007 1721 1028 susce-

941 1042 991 1077 pit,
1009 1041 1144 1070 ascititias
1159 1050 1240 1071 voces
1254 1044 1384 1071 memoria
1398 1045 1555 1078 retinentes,
1567 1053 1613 1072 eas
1623 1045 1656 1072 ad
1672 1054 1719 1073 su-

941 1095 1064 1122 premam
1076 1091 1261 1123 azternamque
1274 1089 1347 1117 illius
1360 1089 1529 1118 divinitatem
1547 1089 1718 1118 refellendam

941 1133 1068 1161 aﬂ‘erunt.
1092 1133 1191 1161 Eorum
1218 1139 1307 1162 autem
1322 1136 1464 1163 verborum
1485 1143 1545 1170 quae
1570 1137 1730 1164 naturalem

940 1179 999 1214 ejus
1010 1179 1124 1215 gloriam
1138 1187 1169 1207 ac
1186 1180 1354 1208 nobilitatem
1374 1186 1402 1209 et
1424 1181 1494 1216 apud
1515 1181 1622 1210 Patrem
1641 1190 1719 1210 man-

939 1225 1045 1253 sionem
1057 1225 1211 1261 desiguant,
1220 1234 1333 1261 prorsus
1347 1227 1519 1255 immemores
1534 1232 1606 1255 sunt.
1622 1227 1720 1263 Cujus-

940 1272 1013 1299 modi
1024 1275 1066 1299 est
1082 1272 1147 1299 illud
1158 1272 1180 1288 "
1198 1282 1205 1300 :
1222 1272 1278 1307 Ego
1290 1278 1314 1299 et
1333 1272 1423 1305 Pater,
1435 1281 1516 1300 unum
1530 1282 1630 1301 sumus.
1642 1274 1728 1307 Quod.

938 1319 1048 1354 quidem
1074 1318 1205 1347 Dominus
1228 1319 1303 1351 dicit,
1315 1327 1369 1346 non
1396 1327 1450 1354 quo
1465 1328 1493 1347 se
1509 1320 1597 1355 ipsum
1611 1320 1720 1348 Patrem

939 1364 1085 1397 renuntiet,
1103 1372 1153 1391 nec
1177 1372 1232 1399 quo
1258 1364 1327 1392 duas
1344 1372 1476 1399 personas
1491 1373 1572 1392 unam
1589 1373 1650 1393 esse
1672 1365 1719 1393 de—

939 1414 1090 1444 monstret;
1115 1411 1161 1437 scd
1188 1411 1315 1445 quoniam
1339 1410 1426 1437 Patris
1457 1410 1539 1439 Filius
1564 1418 1723 1445 expressam

938 1456 1030 1485 Patris
1045 1456 1252 1485 similitudinem
1266 1457 1439 1484 exactissime
1449 1461 1547 1489 servat,
1561 1457 1662 1492 quippe
1673 1458 1719 1491 qui

938 1502 1120 1530 omnimodam
1144 1503 1203 1537 ejus
1226 1502 1427 1530 similitudinem
1454 1510 1469 1529 a
1491 1506 1588 1530 natura
1604 1503 1719 1538 impres-

938 1555 995 1575 sam
1010 1548 1119 1581 habeat,
1139 1549 1227 1583 Sitque
1244 1549 1331 1584 imago
1339 1548 1427 1575 Patris
1445 1547 1516 1575 nulla
1531 1550 1558 1575 in
1574 1556 1604 1575 re
1616 1548 1719 1576 discre—

937 1601 1017 1629 pans,
1032 1598 1058 1621 et
1070 1594 1199 1628 primitivi
1214 1594 1378 1629 exemplaris
1393 1601 1520 1629 expressa
1532 1593 1627 1628 ﬁgura.
1642 1592 1719 1622 Unde

936 1641 1018 1668 etiam
1031 1639 1156 1675 Philippo
1172 1644 1237 1667 tunc
1247 1640 1338 1668 videre
1353 1640 1471 1675 cupienti
1488 1640 1617 1668 Dominus
1633 1639 1718 1666 abun-

936 1686 969 1714 de
983 1689 1190 1714 commonstrat.
1209 1685 1314 1713 Dicenti
1329 1686 1401 1713 enim
1414 1696 1422 1713 ;
1446 1685 1558 1713 Ostende
1571 1685 1644 1712 nobis
1660 1685 1716 1712 Pa-

937 1736 1013 1764 trem,
1032 1730 1179 1766 respondet
1193 1740 1200 1757 :
1224 1730 1276 1763 Qui
1294 1730 1355 1757 vidit
1371 1739 1420 1763 me,
1437 1731 1499 1757 uidit
1518 1735 1542 1758 et
1559 1730 1665 1757 Patrem
1674 1730 1696 1746 ’⁸
1710 1738 1718 1757 '.

936 1778 1036 1813 quippe
1051 1784 1112 1804 cum
1126 1784 1173 1811 per
1188 1775 1364 1811 purissimum
1374 1779 1400 1803 et
1415 1777 1562 1803 animatum
1578 1775 1717 1811 speculum

938 1823 1037 1850 divinae
1062 1823 1188 1858 imaginis
1214 1822 1271 1857 ipse
1286 1822 1480 1857 conspiciatur.
1501 1821 1605 1855 Quibus
1629 1822 1718 1850 simile

934 1989 1045 2026 Cyrillo.
1058 1990 1174 2026 Tantum
1187 1997 1250 2026 vero
1263 1989 1295 2016 ad
1309 1990 1438 2017 unitatem
1450 1990 1576 2026 Ecclesia:
1589 1999 1714 2021 reversus

934 2024 986 2057 est,
1009 2031 1039 2052 ut
1055 2033 1094 2061 rex
1116 2024 1271 2061 Alexandro
1289 2026 1435 2059 colligitur.
1454 2025 1544 2060 Neque
1558 2027 1630 2054 enim
1651 2035 1713 2056 eum
1730 2054 1738 2061 ,

935 2068 1020 2094 usque
1030 2060 1063 2086 ad
1073 2060 1174 2086 exitum
1185 2060 1245 2086 vitm
1254 2060 1282 2087 in
1294 2060 1441 2087 schismate
1455 2061 1588 2089 mansisse
1603 2063 1716 2090 Alexatr'

934 2095 983 2132 der
1007 2095 1112 2132 scribit,
1130 2094 1176 2121 sed
1193 2098 1297 2132 tantum
1316 2096 1396 2132 longo
1418 2099 1538 2132 tempore
1559 2102 1713 2132 separatum

934 2129 1028 2157 fuisse.
1048 2129 1180 2156 Caeterum
1195 2129 1264 2157 hanc
1276 2129 1371 2165 vocem
1386 2129 1598 2165 ἀποσυνάγωγος
1607 2137 1714 2159 mutua-

898 2158 920 2184 ι)
935 2169 979 2201 tus
993 2169 1035 2201 est
1051 2165 1201 2201 Alexander
1216 2172 1248 2201 ex
1267 2164 1380 2193 Joannis
1402 2158 1559 2200 Evangelia,
1580 2158 1712 2201 capaxvi.

935 2200 982 2227 ubi
1004 2199 1131 2227 Christus
1154 2199 1276 2233 praedicit
1299 2201 1430 2235 apostolis
1452 2199 1519 2232 suis,
1538 2199 1714 2235 quod‘Judmi

936 2236 1010 2269 ipsos
1021 2242 1036 2262 e
1051 2235 1196 2271 synagogis
1213 2235 1269 2271 suis
1283 2236 1396 2270 ejecturi
1417 2240 1518 2269 essent,
1539 2236 1714 2271 ἀποσυναγώ-

934 2279 998 2304 γους
1012 2271 1167 2305 ποιήσουσιν
1182 2270 1263 2304 ὑμᾶς.

971 2305 1031 2342 (‘33?)
1047 2305 1206 2342 ‘Erﬁt'plq
1226 2314 1299 2342 thp.
1314 2305 1471 2342 ert/0210:1701
1487 2307 1572 2340 τρεῖς.
1590 2306 1715 2342 lnlclligit

935 2339 1086 2376 Eusebium
1096 2340 1226 2376 (ἔκδοτος
1243 2339 1393 2376 Palaestina:
1408 2339 1574 2376 episcopum,
1591 2339 1713 2369 Theodo-

935 2380 991 2402 tum
1005 2374 1144 2402 Laodicea:
1158 2378 1184 2401 et
1199 2375 1343 2402 Paulinum
1355 2374 1433 2410 'I‘yri.’
1446 2374 1585 2403 Hoscnim
1601 2377 1713 2404 anathe—

933 2416 1005 2438 mate
1029 2410 1171 2437 damnatos
1195 2411 1278 2437 fuisse
1306 2410 1339 2436 ab
1364 2410 1518 2437 Alexandro
1545 2412 1713 2439 Alexandria)

934 2446 1071 2480 episcopo,
1087 2449 1203 2472 testatur
1225 2445 1306 2472 Arius
1331 2445 1358 2471 in
1380 2446 1493 2479 epistola
1513 2447 1546 2472 ad
1567 2446 1712 2474 Eusebium

934 2480 1166 2516 Ncomedienscm
1189 2481 1356 2516 episcopum,
1377 2488 1437 2516 qua:
1458 2481 1574 2508 refertur
1594 2490 1609 2508 a
1625 2481 1713 2509 Theo-

933 2516 1033 2548 dorito,
1051 2515 1122 2543 Hist.
1136 2517 1199 2542 εδει.
1213 2516 1259 2543 lib.
1277 2523 1298 2547 1,
1311 2522 1371 2549 cap.
1390 2515 1416 2542 5.

969 2551 1024 2585 (26)
1048 2551 1272 2577 Ὑπανακείσθω.
1294 2550 1322 2576 In
1345 2550 1437 2577 codice
1454 2550 1552 2578 Leonis
1570 2550 1672 2583 Allatii,
1688 2557 1714 2579 et

934 2586 961 2613 in
983 2586 1067 2620 Regio
1088 2585 1112 2612 .L
1130 2585 1201 2617 Pini,
1217 2589 1244 2612 ct
1260 2586 1288 2613 in
1310 2585 1429 2612 editione
1453 2585 1592 2612 Basiliensi
1616 2586 1714 2618 legitur

933 2620 1095 2648 ἀνακείσθω.
1118 2620 1258 2653 Quomodo
1282 2620 1363 2648 etiam
1388 2621 1517 2648 scribitur
1542 2620 1613 2655 apud
1634 2621 1713 2648 Nice-

952 2657 1058 2683 horum.

952 2664 967 2682 n
989 2664 1058 2682 rum.

933 2664 950 2691 Ρ
969 2664 1023 2727 ῗῒῖ)
1041 2690 1102 2727 ΤὰςΔ
1114 2689 1151 2727 τῇ
1165 2689 1332 2727 ὑποστάσει
1352 2689 1406 2727 δύο
1418 2691 1534 2725 φύσεις.
1549 2690 1621 2719 Duas
1633 2696 1713 2718 natu-

933 2725 979 2754 ras
999 2726 1066 2753 dicit
1091 2725 1252 2757 Alexander,
1279 2733 1332 2752 non
1356 2726 1513 2761 simpliciter
1536 2730 1563 2753 ct
1589 2727 1713 2754 absolute

933 2763 1010 2792 duas.
1035 2761 1082 2788 sed
1105 2761 1284 2796 personaliter
1301 2761 1380 2794 duas,
1407 2769 1439 2788 eo
1461 2762 1533 2796 quod
1557 2762 1584 2788 in
1606 2762 1713 2789 iluabus

933 2796 1057 2832 personis
1073 2794 1185 2823 exsistat
1200 2804 1253 2823 una
1276 2800 1380 2823 natura.
1398 2794 1486 2830 Quare
1506 2796 1584 2832 φύςις
1604 2799 1632 2825 ἐν
1648 2798 1712 2824 imo-

934 2831 1025 2860 στάσει
1038 2831 1109 2860 idem
1120 2836 1160 2860 cst
1173 2833 1243 2862 Quod
1259 2838 1385 2860 uersoua.
