1911 3073
186 132 238 159 553

730 128 758 155 S.
777 124 973 154 ALEXANDRI
991 122 1223 151 ALEXANDRI‘NI

1744 117 1797 145 εθι

186 193 227 218 est
246 188 271 215 id
294 187 364 222 quod
386 186 473 213 sancti
488 185 583 213 dicunt
611 185 637 212 in
658 184 773 212 Psalmis
789 194 796 210 2
812 184 846 211 In
866 184 962 210 lumine

1021 182 1144 215 ὂψόμεθιι
1160 179 1231 214 φῶς.
1252 179 1300 215 ἓΔιὸ
1315 178 1348 214 δὴ
1372 177 1418 204 καὶ
1431 177 1446 203 ό
1461 175 1547 211 τιμῶν
1561 175 1606 202 τὸν
1623 174 1702 207 Υἱὸν,

187 241 231 261 tuo
243 233 382 260 videbimus
401 232 487 259 lumen
501 232 534 259 ’⁷.
549 231 683 264 Quocirca
698 231 744 265 qui
767 231 868 258 honore
883 229 962 256 allicit

130 271 142 281 ’
186 280 294 310 Filium,
323 278 404 305 simul
429 278 532 304 honore
551 276 631 303 afﬁcit
655 276 780 309 Patrem;
807 281 833 302 et
848 275 893 310 qui
915 275 963 301 ho-

186 328 265 351 norat
287 323 404 354 Patrem,
420 323 535 349 honorat
546 322 625 349 etiam
642 321 739 348 Filium
753 322 776 337 ²⁸
792 330 799 348 :
819 320 963 355 etquidem

186 370 292 398 merito.
305 369 391 397 Omne
405 369 476 396 enim
492 368 605 403 impium
619 368 731 395 verbum
743 367 814 402 quod
828 366 966 401 profertur

187 413 212 440 in
231 412 338 445 Filium,
354 413 387 440 ad
404 419 546 447 personam
560 412 649 439 Patris
663 412 788 447 pertinet.

220 458 253 486 Χ.
275 459 338 486 Post
355 460 410 486 haec
425 466 498 491 vero,
514 459 611 486 fratres
627 458 791 490 charissimi,
809 458 852 485 cui
868 458 964 485 mirum

186 506 310 532 videatur
331 505 358 532 id
375 506 446 541 quod
462 507 612 540 scripturus
627 513 703 538 sum,
727 506 748 532 si
763 505 912 533 calumnias
931 505 965 532 ab

188 551 241 578 illis
254 551 383 579 conﬁctas
392 552 522 579 adversus
533 559 575 580 me
598 557 625 579 et
646 553 776 580 adversus
790 552 965 587 religiosissi-

188 603 260 622 mam
277 596 381 630 plebem
392 597 559 631 exposuero?
576 597 642 624 Nam
656 598 701 633 qui
720 598 888 625 divinitatem
903 597 964 625 Filii

188 638 236 666 Dei
246 647 401 674 oppugnare
415 641 534 675 aggressi
554 645 637 674 sunt,
656 650 705 669 nos
729 650 836 678 quoque
857 643 965 678 ingrato

189 686 279 712 animo
295 686 424 714 conviciis
437 691 562 721 appetere
576 695 628 714 non
641 693 778 715 verentur.
794 688 847 721 Qui
861 696 910 716 nec
924 689 965 716 ul-

188 731 230 758 los
242 738 274 758 ex
290 732 408 766 antiquis
424 732 474 759 sibi
487 733 637 767 comparari
654 734 762 761 volunt:
780 742 828 761 nec
841 742 888 762 eos
904 735 964 770 qui-

187 775 239 804 bus
258 784 307 803 nos
320 777 354 804 ab
370 777 477 804 ineunte
493 782 571 805 zelate
592 779 726 813 magistris
740 779 783 806 usi
797 787 902 811 sumus,
918 788 964 807 ex-

187 822 289 857 a‘quari
304 822 354 850 sibi
373 823 518 858 patiuntur.
536 823 588 851 Sed
611 832 662 852 nec
681 825 764 852 ullum
779 833 811 852 ex
838 826 964 853 omnibus

188 868 233 902 qui
246 867 325 895 hodie
341 872 404 896 sunt
419 869 526 904 collegae
540 870 636 902 nostri,
649 870 683 897 ad
697 871 860 898 mediocrem
876 872 964 899 scien-
979 865 1000 892 Β

188 913 252 940 tiam
267 915 420 948 pervenisse
432 920 562 944 censent:
589 917 661 944 solos
685 917 820 952 sapientes
842 925 874 945 ac
897 918 965 945 nihil

187 959 366 994 possidentes,
380 961 452 988 solos
467 961 621 997 dogmatum
638 962 792 990 inventores
806 971 834 991 se
850 971 910 991 esse
923 964 965 999 ja-

187 1008 302 1038 ctantes,
319 1006 423 1041 sibique
439 1007 505 1034 solis
523 1015 554 1034 ea
569 1008 686 1035 revelata
703 1016 773 1041 esse,
786 1016 846 1044 qua:
864 1010 965 1037 nemini

190 1058 306 1085 unquam
321 1059 412 1078 eorum
432 1052 478 1086 qui
494 1053 544 1079 sub
566 1053 634 1080 cmlo
656 1058 730 1086 sunt,
745 1054 774 1081 in
788 1059 906 1083 mentem
921 1063 966 1083 ve-

187 1098 286 1124 nerint.
299 1097 321 1126 0
335 1098 443 1133 impiam
461 1100 665 1134 arrogantiam!
676 1108 692 1127 ο
706 1101 843 1128 vesaniam
855 1102 966 1129 immen-

187 1145 259 1171 sam!
275 1151 291 1170 ο
315 1144 422 1172 inanem
443 1145 566 1180 gloriam,
585 1149 643 1173 atra
667 1147 720 1174 bile
740 1147 851 1182 percitis
866 1156 966 1176 conve-

187 1190 318 1217 nientem!
336 1198 352 1217 ο
368 1191 494 1225 superbia
510 1191 627 1224 Satanae,
644 1200 704 1227 qua:
719 1193 859 1220 sceleratis
871 1201 964 1221 eorum

187 1236 322 1264 mentibus
338 1237 452 1264 insedit!
469 1237 527 1264 Non
541 1238 593 1265 illis
613 1238 743 1272 pudorem
763 1239 879 1266 incussit
893 1244 966 1267 vete-

187 1290 246 1309 rum
264 1282 464 1318 Scripturarum
488 1284 668 1318 perspicuitas
685 1284 828 1319 religiosa:
844 1292 895 1312 nec
909 1285 966 1312 col—

186 1329 305 1364 legarum
322 1333 477 1357 nostrorum
493 1331 666 1358 consentiens
688 1331 721 1358 de
741 1330 849 1358 Christo
863 1331 966 1359 doctri-

186 1382 219 1401 na
241 1375 382 1402 audaciam
398 1383 491 1402 eorum
506 1375 636 1403 adversus
652 1376 727 1403 illum
744 1377 882 1411 repressit.
899 1377 967 1409 Quo-

186 1428 246 1447 rum
273 1420 436 1454 impietatem
467 1429 502 1448 ne
530 1422 581 1456 ipsi
609 1421 718 1456 quidem
736 1422 872 1450 daemones
884 1423 966 1450 laturi

187 1470 261 1499 sunt,
278 1467 377 1502 quippe
391 1468 437 1502 qui
454 1471 560 1500 cavent,
575 1476 608 1496 ne
623 1476 704 1503 quam
721 1469 851 1497 adversus
867 1468 965 1496 Filium

188 1513 233 1540 Dei
249 1513 356 1548 impiam
372 1521 465 1541 vocem
482 1514 616 1542 emittant.

221 1558 265 1585 XI.
281 1559 368 1594 Atque
386 1560 442 1587 haec
455 1568 505 1594 pro
518 1560 589 1587 virili
606 1565 683 1596 parte
698 1569 770 1588 nunc
789 1569 805 1588 a
816 1561 894 1589 nobis
909 1561 965 1588 dis—
979 1553 1000 1581 (ἶ

189 1609 279 1640 putata
298 1605 352 1632 sint
372 1605 503 1633 adversus
528 1613 575 1633 cos
594 1607 640 1642 qui
657 1607 685 1633 in
709 1607 832 1642 imperita
852 1608 966 1635 materia

188 1654 313 1683 tanquam
333 1649 360 1676 in
374 1650 483 1685 pulvere
495 1651 625 1683 volutati,
648 1651 786 1679 Christum
807 1653 966 1688 impugnare

187 1695 305 1730 aggressi
321 1702 390 1729 sunt,
404 1701 431 1724 et
450 1701 572 1725 nostram
593 1707 656 1734 erga
673 1700 748 1727 illum
770 1699 896 1734 pietatem
920 1708 966 1727 ca-

189 1741 315 1768 lumniari
337 1742 521 1771 instituerunt.
542 1744 624 1771 Aiunt
643 1746 715 1772 enim
741 1746 786 1773 isti
812 1746 964 1781 incptarum

188 1788 340 1816 fabularum
356 1790 508 1818 inventores
522 1799 582 1822 nos,
595 1791 641 1826 qui
653 1792 762 1826 impiam
771 1796 797 1820 et
805 1792 879 1819 nullo
891 1791 965 1819 Scri-

188 1836 328 1868 pturarum
347 1835 500 1862 testimonio
522 1835 616 1862 fultam
641 1836 837 1871 blasphemiam
862 1845 895 1864 ex
911 1845 965 1865 non

188 1879 359 1907 exstantibus
375 1887 542 1914 aversamur,
552 1881 605 1908 duo
618 1882 736 1916 ingenita
750 1889 881 1910 asserere.
893 1883 966 1911 Duo—

190 1932 248 1951 rum
267 1925 337 1952 enim
353 1925 466 1953 alterum
483 1927 638 1954 necessario
656 1935 715 1955 esse
736 1928 878 1956 dicendum
896 1929 966 1956 amr-

190 1974 263 1996 mant
274 1970 391 2006 imperiti
405 1981 411 1998 :
428 1975 474 1998 aut
489 1972 564 1999 illum
582 1981 615 1999 ex
640 1980 695 2000 non
710 1974 880 2001 exstantibus
895 1982 964 2007 esse,

190 2020 236 2042 aut
257 2022 328 2044 certe
344 2017 398 2044 duo
416 2025 475 2045 esse
490 2018 608 2052 ingenita
622 2028 627 2045 2
645 2027 694 2046 nec
718 2020 871 2053 intelligunt
886 2021 966 2047 rudes

189 2065 270 2095 atque
285 2062 389 2097 ignari,
408 2064 522 2091 multum
544 2065 674 2092 interesse
688 2065 759 2093 inter
770 2065 878 2094 Patrem
893 2067 966 2102 inge-

190 2107 287 2139 nitum,
302 2111 328 2134 ct
344 2115 388 2136 res
403 2109 436 2135 ab
459 2109 504 2136 illo
528 2113 633 2137 creatas
647 2118 679 2137 ex
694 2111 788 2144 nihilo,
807 2116 861 2138 tam
878 2112 965 2139 ratio-

227 2200 247 2214 "
265 2199 338 2226 Psal.
354 2207 434 2232 xxxv,
452 2201 493 2228 10.
532 2202 555 2217 ’⁸
570 2201 649 2230 Joan.
661 2211 687 2235 v,
702 2203 746 2230 25.

1013 227 1058 253 τὸν
1086 226 1195 261 Πατέρα
1212 225 1278 260 (ἳίζ),
1305 224 1352 250 καὶ
1379 223 1499 253 εἰκότως
1522 222 1596 248 πᾶσα
1619 220 1672 256 γὰρ
1694 219 1797 255 ἀσεϐὴς

1015 273 1089 309 φωνὴ
1100 274 1138 304 εἰς
1155 273 1200 299 τὸν
1217 271 1280 298 Υἰὺν
1294 269 1419 304 λέγεσθαι
1441 267 1611 305 τολμωμένη,
1625 268 1665 298 εἰς
1677 266 1724 293 τὸν
1740 266 1796 293 Πα-
1818 295 1823 299 γ

1015 319 1079 354 τέρα
1093 317 1141 354 τὴν
1154 316 1290 352 ἀναφορὰν
1302 315 1368 350 ἔχει.

1050 454 1082 482 Χ.
1103 455 1158 481 Καὶ
1172 454 1196 481 τί
1210 454 1301 481 λοιπὸν
1319 453 1358 480 ἔτι
1373 453 1526 489 θαυμαστὸν
1538 453 1552 479 ὃ
1567 452 1655 488 μέλλω
1668 450 1794 486 γράφειν,

1014 502 1159 537 ἀγαπητοὶ,
1174 501 1198 527 εί
1211 501 1258 532 τὰς
1271 501 1330 528 κατ’
1344 499 1410 536 ὲμοῦ
1429 499 1534 534 ψευδεῖς
1547 497 1672 528 διαϐολὰς
1687 497 1737 522 καὶ
1750 495 1796 522 τοῦ

1015 547 1207 574 εὐσεϐεστάτου
1225 547 1302 582 ἡμῶν
1322 546 1385 573 λαοῦ
1408 546 1572 581 ἐκθήσομαι;
1593 544 1624 570 υἱ
1647 542 1702 577 γὰρ
1726 540 1796 568 κατὰ

1015 594 1063 629 τῆς
1078 593 1202 629 θεότητος
1218 593 1264 620 τοῦ
1279 593 1343 619 Υἱοῦ
1354 592 1400 619 τοῦ
1413 591 1479 618 Θεοῦ
1496 587 1797 636 παραταξάμεωιὶοὺδὲ

1015 638 1064 670 τὰς
1083 638 1143 664 καθ’
1157 637 1233 673 ἡμῶν
1255 638 1416 673 ἀχαρίστους
1439 635 1579 671 παροινίας
1602 635 1797 669 παραιτοῦνται

1015 685 1112 718 λέγειν’
1127 684 1153 710 οῖ
1164 692 1195 718 γε
1208 683 1266 710 οὐδὲ
1277 684 1330 709 τῶν
1345 682 1463 719 ἀρχαίων
1478 680 1552 712 τινὰς
1566 679 1720 715 συγκρίνειν
1736 679 1799 704 ἑαυο

1015 731 1071 760 τοῖς
1086 728 1216 762 ἀξιοῦσιν,
1233 728 1293 755 οὐδὲ
1308 725 1348 760 οἷς
1361 729 1440 763 ἡμεῖς
1457 728 1489 754 ὲκ
1503 726 1604 753 παίδων
1620 724 1799 760 ὡμιλήσαμεν

1015 774 1192 806 διδασκάλοις,
1220 772 1372 806 ἐξισοῦσθαι
1395 772 1540 808 ἐνέχονται.
1569 771 1636 798 Ἀλλ’
1660 770 1720 797 οὐδὲ
1744 769 1799 795 τῶν

1017 818 1063 845 νῦν
1080 818 1217 854 πανταχοῦ
1235 817 1446 854 συλλειτουργῶν
1457 826 1517 844 τινα
1530 817 1570 849 εἰς
1591 815 1688 852 μέτρον
1702 815 1799 849 σοφίας

1015 864 1152 898 ἡγοῦνται·
1175 863 1248 899 μόνοι
1265 864 1341 898 σοφοὶ
1357 864 1403 890 καὶ
1416 863 1577 898 ἀκτήμονες,
1595 862 1641 888 καὶ
1656 861 1799 896 δογμάτων

1016 910 1124 946 εὑρεταὶ
1133 910 1256 944 λέγοντες
1267 907 1344 942 εἶναι,
1359 909 1406 936 καὶ
1417 909 1507 940 αὐτοῖς
1521 906 1744 942 ἀποκεκαλύφθαι
1756 906 1801 941 μό-

1016 964 1080 987 νοις,
1098 956 1168 990 ἆπερ
1182 955 1267 983 οὐδενὶ
1281 955 1335 982 τῶν
1352 955 1403 981 ὑπὸ
1419 954 1464 981 τὸν
1485 954 1558 990 ἥλιον
1579 954 1663 989 ἑτέρῳ
1677 953 1800 986 πέφυκεν

1016 1001 1102 1028 ἐλθεῖν
1112 1002 1151 1033 εἰς
1163 1002 1275 1030 ἔννοιαν.
1289 1002 1321 1027 Ὢ
1335 1001 1440 1028 ἀνοσίου
1457 1000 1541 1035 τύφου
1557 1000 1603 1026 καὶ
1616 999 1735 1035 ἀμέτρου
1747 1007 1799 1034 μα-

1016 1048 1083 1079 νίας,
1096 1049 1142 1073 καὶ
1155 1047 1349 1083 μελαγχολικῆς
1363 1047 1538 1082 ἡρμοσμένης
1549 1045 1627 1081 δόξης
1636 1045 1693 1080 (9.9)
1707 1045 1798 1080 κενῆς,

1016 1095 1062 1120 καὶ
1084 1093 1226 1121 σατανικοῦ
1247 1093 1429 1129 φρονήματος,
1448 1093 1488 1124 είς
1503 1092 1551 1124 τὰς
1570 1092 1693 1123 ἀνοσίους
1709 1091 1800 1121 αὐτῶν

1015 1140 1104 1175 ψυχὰς
1121 1139 1442 1175 ἀποσκιρώσαντος(50)ί
1460 1139 1496 1165 Οὺ
1513 1139 1658 1174 κανι-ῄδεσεν
1671 1139 1770 1169 αὐτοὺς
1783 1138 1800 1172 ἡ

1016 1186 1069 1213 τῶν
1085 1186 1204 1222 ἀρχαίων
1221 1185 1335 1221 Γραφῶν
1349 1184 1469 1219 φιλόθεος
1483 1186 1622 1221 σαφήνεια·
1636 1184 1696 1211 οὐδὲ
1713 1185 1730 1220 ἠ
1745 1183 1800 1210 τῶν

1017 1232 1227 1267 συλλειτουργῶν
1243 1232 1385 1267 σύμφωνος
1397 1232 1461 1268 περὶ
1480 1231 1596 1267 Χριστοῦ
1608 1230 1734 1258 εὐλάϐεια
1750 1230 1800 1264 τὴν

1017 1278 1075 1305 κατ’
1094 1277 1175 1304 αὐτοῦ
1201 1277 1354 1314 θρασύτητα
1374 1278 1462 1304 αὐτῶν
1483 1277 1646 1312 ἠμαύρωσεν
1661 1276 1729 1311 (51).
1750 1273 1800 1303 Ὧν

1016 1325 1076 1350 οὐδὲ
1095 1324 1128 1350 τὰ
1142 1324 1266 1359 δαιμόνια
1287 1324 1336 1359 τῆς
1358 1323 1545 1360 ἀνοσιουργίας
1560 1322 1693 1356 ἀνέξεται,
1709 1322 1801 1357 φωνὴν

1017 1370 1174 1406 βλάσφημον
1191 1369 1262 1398 κατὰ
1278 1369 1322 1396 τοῦ
1340 1369 1404 1396 Υἱοῦ
1419 1369 1465 1395 τοῦ
1480 1369 1546 1396 Θεοῦ
1563 1369 1648 1396 εἰπεῖν
1666 1368 1800 1403 φυλαττό-

1019 1424 1094 1450 μενοι.

1052 1554 1096 1581 XI.
1118 1555 1210 1582 Ταῦτα
1228 1555 1278 1591 μὲν
1288 1552 1333 1581 οὖν
1348 1555 1412 1590 ἡμῖν
1426 1553 1496 1581 κατὰ
1506 1553 1554 1589 τὴν
1566 1552 1707 1589 παροῦσαν
1719 1551 1802 1592 δύνα-

1021 1611 1066 1637 μιν
1090 1602 1290 1637 ὲπαπορείσθω,
1317 1601 1385 1636 πρὸς
1410 1602 1473 1632 τοὺς
1494 1599 1648 1634 ἀπαιδεύτῳ
1671 1599 1724 1635 ὕλῃ
1746 1598 1802 1634 (52)

1019 1648 1089 1675 κατὰ
1109 1648 1156 1674 τοῦ
1177 1647 1295 1684 Χριστοῦ
1316 1646 1517 1681 κονισαμένους,
1539 1646 1586 1672 καὶ
1600 1645 1649 1681 τὴν
1666 1645 1705 1676 είς
1720 1644 1803 1671 αὐτὸν

1019 1694 1157 1722 εὐσέϐειαν
1175 1694 1254 1730 ἡμῶν
1271 1694 1445 1728 συκοφαντεῖν
1462 1692 1654 1727 προθεμένους.
1668 1691 1736 1717 Φασὶ
1748 1690 1803 1726 γὰρ

1019 1743 1093 1778 ἡμᾶς
1107 1742 1132 1768 οἱ
1147 1741 1294 1776 φληνάφων
1310 1739 1453 1775 ὲφευρεταὶ
1475 1738 1576 1773 μύθων,
1595 1737 1803 1772 ἀποστρεφομέ-

1018 1796 1079 1818 νους
1093 1787 1141 1821 τὴν
1154 1785 1183 1818 ἐξ
1196 1786 1246 1812 οὐκ
1257 1785 1340 1811 όντων
1353 1784 1438 1818 ἀσεϐῆ
1454 1784 1501 1810 καὶ
1517 1783 1637 1819 ἄγραφον
1651 1783 1724 1809 κατὰ
1736 1783 1803 1818 Χρι-

1020 1831 1082 1859 στοῦ
1096 1831 1279 1867 βλασφημίαν,
1297 1830 1431 1866 ἀγέννητα
1446 1829 1579 1857 διδάσκειν
1595 1828 1650 1855 δύο.
1664 1829 1742 1855 Δυοῖν
1757 1828 1805 1854 θά-

1018 1886 1095 1913 τερον
1109 1877 1232 1911 λέγοντες
1246 1877 1300 1903 δεῖν
1318 1874 1388 1902 εἶναι
1404 1876 1428 1901 οἱ
1442 1874 1605 1906 ἀπαίδευτοι,
1620 1874 1636 1910 ἢ
1651 1874 1681 1906 ἐξ
1696 1875 1748 1901 οὐκ
1762 1875 1804 1901 όν-

1019 1933 1071 1951 των
1086 1923 1165 1950 αύτὸν
1179 1921 1247 1949 εἶναι
1266 1923 1384 1958 φρονεῖν,
1404 1922 1420 1957 ἢ
1440 1921 1549 1952 πάντως
1565 1920 1700 1955 ἀγέννητοι
1714 1920 1804 1954 λέγειν

1019 1969 1074 1995 δύο·
1093 1968 1252 2002 ἀγνοοῦντες
1272 1968 1295 1993 οἱ
1314 1967 1466 1997 ὰνὰσκετοι,
1484 1965 1521 1996 ὡς
1535 1965 1639 2000 μακρὸν
1651 1964 1684 1990 ἂν
1696 1965 1740 2000 εῐη
1755 1973 1803 1999 με-

1020 2015 1085 2047 ταξὺ
1100 2014 1206 2049 Πατρδς
1220 2013 1377 2048 ἀγεννήτου,
1390 2011 1501 2038 καὶτῶν
1517 2010 1680 2037 κτισθέντων
1695 2011 1742 2036 ὑπ’
1755 2010 1804 2036 αὑ-

1020 2061 1065 2087 τοῦ
1083 2061 1112 2093 ἐξ
1124 2061 1174 2087 οὐκ
1189 2060 1283 2091 ὄντων,
1300 2058 1415 2092 λογικῶν
1429 2066 1459 2083 τε
1470 2058 1517 2084 καὶ
1531 2056 1644 2090 ἀλόγων.
1659 2054 1710 2082 Ὧν
1728 2064 1804 2091 μεσι-

1019 2108 1132 2135 τεύουσα
1149 2107 1229 2143 φύσις
1252 2105 1395 2142 μονογενὴς
1406 2105 1472 2140 ('55),
1494 2104 1527 2130 δι’
1541 2101 1575 2139 ἦς
1594 2103 1629 2130 τὰ
1646 2103 1694 2129 ὅλα
1710 2103 1740 2136 ἐξ
1755 2103 1804 2129 οὐκ

226 2257 281 2297 (Et!)
300 2256 369 2297 Τιμᾷ
383 2257 572 2297 τρηῙΙατέρα.
593 2259 762 2297 Epiphanius
781 2259 965 2297 scholasticus

1021 2259 1134 2297 plianius
1152 2257 1338 2297 scholasticus
1350 2256 1446 2297 legisse
1465 2255 1571 2297 videtur
1582 2255 1804 2296 ἀποσκιρτήᾳαν-

188 2291 311 2330 quaedam
323 2293 371 2330 _bic
384 2293 457 2330 addit
472 2291 531 2330 quai
546 2302 599 2321 non
616 2291 740 2330 ieguntur
757 2296 784 2322 in
799 2294 902 2323 Graeco.
921 2294 967 2322 Sic

189 2328 260 2365 enim
285 2327 575 2365 habethhQuapropter
600 2335 624 2356 et
642 2327 688 2365 i/ui
713 2331 824 2357 honorat
847 2330 964 2362 Patrem,

190 2363 301 2399 honorat
315 2368 339 2389 et
353 2362 569 2399 Γὶίὶιιηιμοιηιιί
592 2362 702 2392 honorat
728 2365 837 2397 Filium,
857 2365 968 2391 honorat

187 2403 212 2424 et
226 2397 344 2429 Patrem,
356 2403 380 2425 et
396 2404 473 2427 recte.
491 2397 576 2432 Quam
592 2400 732 2427 lectionem
749 2402 909 2427 ronlirmant
926 2408 969 2426 se—

189 2433 308 2469 quentia.
327 2432 418 2468 Itaque
430 2442 506 2461 crror
518 2435 623 2468 videtur
636 2435 821 2466 librariorum,
839 2435 884 2469 qui
898 2434 968 2462 hanc

190 2468 333 2504 pericopen
351 2469 500 2496 omiserunt
516 2469 618 2503 decepti
636 2478 734 2497 vocum
751 2468 938 2497 similitudine.

224 2502 280 2539 μθ)
292 2503 345 2539 Καὶ
354 2505 575 2538 μελαγχολικῆς
583 2502 775 2539 γήρμοσμένης
785 2505 886 2537 δόξης.
899 2504 969 2539 Lego

191 2537 402 2573 μελαγχολικοῖς,
426 2537 651 2573 quemadmodum
675 2537 898 2567 edidit’Jacobus
913 2537 969 2566 Sir—

192 2572 309 2608 mundus
324 2582 330 2599 :
347 2574 425 2607 cujus
435 2572 529 2601 tamen
545 2574 643 2601 fartum
655 2575 768 2608 probare
780 2583 832 2601 non
847 2582 968 2608 possum,

191 2607 216 2644 in
233 2615 264 2633 eo
281 2608 352 2641 quod
375 2609 515 2636 lectionem
536 2609 636 2636 nullius
651 2607 744 2644 scripti
759 2607 861 2636 codicis
875 2614 969 2636 aucto—

193 2641 270 2668 ritate
282 2643 414 2669 ﬁrmatam
431 2645 457 2671 in
474 2649 575 2671 textum
592 2641 733 2671 admittere
747 2652 801 2671 non
816 2645 947 2671 dubitavit
961 2654 966 2670 :

191 2676 323 2713 quaurad
339 2678 407 2705 latus
422 2679 549 2706 editionis
565 2687 620 2706 suze
637 2680 758 2713 I‘cjicerc.
776 2683 822 2708 aut
840 2680 866 2705 in
884 2680 969 2705 adnor

191 2710 340 2748 tutionibus
361 2713 461 2740 referre
482 2715 572 2748 potius
588 2710 774 2740 conveniebat.
791 2714 868 2748 Apud
886 2714 965 2741 Nice-

192 2744 316 2784 pimrtl'm,
328 2747 354 2773 in
371 2748 417 2784 lib.
438 2744 496 2779 vni,
512 2757 570 2783 cap.
594 2749 618 2780 7,
637 2750 733 2782 legitur
747 2750 793 2776 καὶ
811 2744 968 2784 μελαγχολι-

191 2779 344 2818 κῆς-δόξῃς,
357 2783 456 2818 omissa
470 2791 535 2809 voce
545 2779 732 2818 ἦρμοτμένης.

228 2814 284 2853 (ω)
295 2814 593 2853 ]ξτοᾳκιρώσ(ιι·τοξῖ.’
609 2814 646 2844 Ιιι’
661 2814 847 2853 manuscripto
876 2819 968 2846 codice

194 2848 309 2880 chrirt'
322 2848 568 2890 Suilii-scriptum
592 2857 632 2880 est
656 2848 880 2889 ὲνσκηνώσάντος.
904 2854 967 2891 Epi-

1018 2290 1072 2325 τος.
1090 2293 1135 2320 Sic
1151 2293 1223 2319 enim
1245 2292 1344 2319 vertit:
1364 2291 1499 2325 Sapientia
1522 2290 1629 2317 Salunw
1649 2290 1676 2316 in
1698 2290 1804 2317 anilitas

1020 2337 1109 2356 eorum
1123 2327 1295 2363 nequissimus
1309 2326 1467 2363 vehementer
1476 2325 1611 2363 ῥηεὶίξεηεἶ

1055 2365 1109 2398 (51)
1131 2360 1326 2397 Ἠμαύρωσεν.
1356 2361 1446 2388 Codex
1459 2360 1581 2398 leonis
1600 2360 1691 2398 Allatii
1722 2360 1805 2398 habet

1021 2395 1174 2434 ἡμέρωσεν.
1187 2395 1322 2434 At'qucrita
1334 2403 1446 2434 prorsus
1459 2396 1523 2430 legit
1535 2395 1703 2434 Epiphanius
1720 2395 1806 2434 Sciit)-

1020 2430 1142 2463 la'sti'cus,
1165 2436 1194 2459 ut
1217 2430 1249 2459 ὡς
1275 2431 1497 2465 interprctationc
1524 2430 1584 2464 ejus
1609 2435 1731 2464 apparet.
1757 2430 1804 2457 Sic

1020 2469 1092 2496 enim
1109 2468 1208 2495 vertit:
1227 2466 1289 2493 Non
1307 2466 1546 2493 comministrorum
1563 2473 1670 2493 concors
1685 2473 1804 2493 reveren-

1022 2505 1059 2530 tia
1073 2503 1104 2530 de
1117 2503 1234 2539 Christo3
1250 2502 1412 2539 ferocitatem
1421 2508 1516 2539 eorum
1531 2500 1713 2539 mansuefecit.

1057 2539 1113 2572 (52)
1135 2534 1309 2570 Ἀπαιδεῦτῳ
1326 2537 1396 2569 ῧλῃ.
1419 2535 1464 2572 Sic
1485 2534 1742 2572 vocat‘dialecticas
1761 2543 1805 2561 ar-

1020 2569 1247 2608 gumentationes.
1277 2569 1377 2608 quibus
1406 2571 1532 2608 utebatur
1561 2569 1641 2608 Arius
1656 2570 1804 2608 __adver§u5

1020 2604 1122 2636 Christi
1134 2604 1311 2634 divinitatem.
1327 2605 1355 2632 ln
1370 2606 1463 2632 codice
1478 2611 1566 2641 tamen
1581 2604 1672 2630 Allatii
1690 2612 1740 2639 pro
1755 2605 1805 2641 ὕλῃ

1021 2643 1230 2680 Ιρείιυτ-υλακῇ,
1250 2642 1275 2668 id
1291 2646 1333 2680 est
1351 2641 1460 2680 latratu,
1475 2639 1548 2674 quod
1563 2647 1618 2666 non
1635 2640 1749 2680 probo“

1056 2674 1110 2714 (55)
1122 2676 1177 2714 Ὧν
1183 2674 1386 2714 μὲσιτεύουοτυι
1395 2675 1486 2714 φύσις
1493 2674 1669 2714 μοξπογςεξνιξς.
1684 2674 1805 2714 Benigne

1021 2709 1281 2749 int‘elligt‘ndumest
1295 2711 1431 2749 quod__hoc
1448 2710 1508 2736 loco
1519 2709 1560 2749 ait
1575 2710 1738 2749 Alexander,
1756 2709 1805 2736 na-

1022 2744 1291 2781 turam'unigenitam
1303 2744 1428 2773 'mediam
1443 2752 1503 2772 esse
1518 2745 1589 2771 inter
1602 2744 1711 2781 Patrem
1729 2745 1805 2779 inge—

1022 2785 1107 2810 nitum
1123 2787 1150 2809 et
1167 2780 1316 2808 creaturas.
1342 2781 1392 2808 Ubi
1417 2785 1542 2807 naturam
1568 2780 1652 2807 sumit
1675 2787 1725 2815 pro
1744 2787 1804 2814 pcr-

1023 2826 1100 2846 sona.
1116 2817 1244 2852 intelligit
1259 2816 1331 2844 enim
1355 2815 1433 2852 φύσιν
1455 2814 1658 2852 ὲν-ὑῇοστὰσει,
1676 2814 1705 2841 iit
1723 2815 1805 2848 paulo

1024 2858 1084 2882 ante
1101 2849 1262 2881 locutus'cst
1283 2851 1444 2879 Alexander.
1470 2849 1585 2877 Mediam
1612 2854 1701 2878 autem
1726 2854 1803 2876 vocat
