1911 3073
80 133 133 162 665

785 131 978 160 EPISTOLE.

1655 134 1706 162 566

79 189 164 217 ὄντων
179 187 309 223 ἐποίησεν
322 189 336 214 ὁ
352 188 446 224 Πατὴρ
457 188 504 215 τοῦ
519 188 586 215 Θεοῦ
598 189 695 223 Λόγου·
710 188 727 223 ἦ
745 188 775 220 ἐξ
787 189 869 216 αὑτοῦ

926 189 998 216 nales
1015 195 1095 225 quam
1110 188 1224 216 rationis
1239 194 1376 225 expertes.
1395 190 1466 217 inter
1484 198 1544 226 quae
1571 191 1625 219 duo
1653 200 1708 219 Ine-

77 234 127 261 τοῦ
144 234 221 265 liv-ro;
237 234 343 269 [ἰατρὸς
358 234 529 270 γεγέννηταιο
544 235 581 267 ὡς
596 235 642 261 καὶ
656 235 736 267 αὐτός
752 243 802 261 που
817 235 870 262 διε-

82 281 244 317 μαρτύρατο
256 280 344 314 λέγων
356 281 370 305 ὁ
385 280 495 316 Κύριος,
513 281 539 306 Ὀ
551 281 673 316 ἀγαπῶν
682 281 735 307 τὸν
746 281 868 316 Πατέρα,

79 327 183 363 ἀγαπᾷ
199 326 249 354 καὶ
263 326 317 353 τὸν
336 328 404 353 Υἱὸν
419 327 471 353 τὸν
487 326 702 361 γεπεννημένον
719 327 752 359 ἐξ
766 327 868 355 αὐτοῦ.

76 453 79 457 ’
116 461 177 487 ΧΠ.
199 460 267 496 Περὶ
279 458 316 488 ὧν
328 461 407 496 ἡμεῖς
419 460 505 491 οὕτως
518 460 689 495 πιστεύομεν,
705 459 743 491 ὡς
757 461 789 494 τῇ
806 460 871 486 ἀπο-

82 506 194 543 στολικῇ
219 507 366 543 Ἐκκλησία
387 506 468 533 δοκεῖ’
490 507 536 538 Εἰς
559 506 637 541 μόνον
653 506 798 541 ἀγέννητον
817 507 871 532 Πα-

79 552 160 588 τέρα,
171 553 268 579 οὐδένα
280 552 328 579 τοῦ
345 551 413 579 εἶναι
427 552 501 587 αὺτῷ
514 553 559 578 τὸν
571 553 655 579 αἴτιον
672 552 776 587 ἔχοντα,
792 552 871 587 ἄτρε-

80 599 149 625 πτόν
162 607 193 625 τε
202 600 250 625 καὶ
260 599 447 630 ἀναλλοίωτον,
462 599 504 625 ἀεὶ
514 598 585 625 κατὰ
597 598 631 625 τὰ
640 599 709 625 αὐτὰ
721 599 767 625 καὶ
781 598 870 625 ὡσαύ-

80 653 136 676 τως
151 644 259 679 ἔχοντα,
275 644 337 671 οὔτε
350 645 498 681 προκοπὴν,
511 644 573 670 οὔτε
588 644 700 679 μείωσιν
713 644 871 679 ἐπιδεχόμε-

81 699 136 717 νον·
151 691 245 727 Νόμου
267 691 313 718 καὶ
335 691 485 727 Προφητῶν
502 691 549 717 καὶ
567 691 740 725 Εὑαγγελίων
762 691 870 726 δοτῆρα,

82 736 262 772 πατριαρχῶν
275 737 322 763 καὶ
336 737 500 769 ἀποστόλων,
516 736 562 763 καὶ
575 737 701 764 ἁπάντων
718 737 801 771 ἁγίων
815 736 872 763 Κὺν

83 791 149 818 ριον;
171 784 228 810 Καὶ
249 784 288 815 εἰς
307 783 354 810 ἕνα
372 783 474 819 Κύριον
498 782 600 818 Ἰησοῦν
612 783 739 819 Χριστὸν,
753 783 797 809 τὸν
809 783 872 809 Υἱὸν

82 829 129 855 τοῦ
146 829 216 855 Θεοῦ
237 830 282 856 τὸν
303 829 445 864 μονογενῆ,
460 829 622 864 γεννηθέντα
644 829 693 855 οὐκ
709 830 740 855 ὲκ
761 828 808 855 τοῦ
833 829 871 864 μὴ

922 236 995 263 dium
1024 235 1150 262 obtinens
1177 235 1317 270 unigenita
1344 239 1440 263 natura
1473 237 1518 264 Dei
1550 236 1628 265 Verbi
1660 246 1707 272 per

921 287 1001 315 quam
1020 279 1100 307 Pater
1117 280 1244 307 universa
1268 280 1388 307 condidit
1412 289 1442 308 ex
1470 282 1554 310 nihilo
1567 304 1574 315 ,
1593 291 1625 310 ex
1648 283 1707 318 ipso

922 333 986 353 vero
1000 324 1079 353 Patre
1093 326 1235 360 progenita
1250 331 1300 353 est.
1317 326 1394 354 Sicut
1417 327 1475 362 ipse
1488 327 1618 356 Dominus
1638 337 1707 364 quo-

922 371 983 398 dam
997 371 1057 398 loco
1070 375 1185 399 testatus
1201 376 1243 399 est
1257 372 1299 400 his
1314 373 1404 401 verbis
1418 374 1440 389 "
1457 382 1464 400 '.
1482 374 1534 407 Qui
1550 375 1636 410 diligit
1652 375 1707 403 Pa-

923 421 999 447 trem,
1014 417 1102 452 diligit
1118 417 1198 443 ctiam
1215 416 1316 443 Filium
1334 418 1378 452 qui
1400 426 1432 445 ex
1446 428 1474 445 eo
1488 420 1588 453 genitus
1603 426 1652 448 est.

959 462 1015 490 Xll.
1038 463 1074 490 De
1089 463 1188 498 quibus
1199 471 1250 490 nos
1268 464 1306 490 ita
1318 464 1467 497 credimus,
1480 466 1707 501 quemadmodum

923 509 1068 542 apostolica
1088 509 1171 536 sentit
1189 508 1310 538 Ecclesia
1327 520 1331 537 :
1349 510 1378 537 In
1398 519 1481 538 unum
1496 513 1644 548 ingenitum
1656 513 1708 540 Pa-v

923 560 999 588 trem,
1017 556 1063 590 qui
1078 563 1092 582 a
1115 556 1190 583 nullo
1206 564 1317 584 causam
1331 557 1410 585 habet
1426 558 1551 586 essentne
1567 567 1622 586 suze
1637 568 1642 586 :
1659 568 1707 587 nec

922 601 1093 628 conversioni
1110 601 1260 628 obnoxium
1276 610 1325 629 nec
1346 603 1509 636 mutationi,
1532 604 1578 639 qui
1602 611 1708 639 semper

922 647 1017 675 eodem
1036 647 1116 674 modo
1132 655 1161 675 se
1179 648 1270 680 habet,
1284 656 1333 676 nec
1358 649 1508 684 profectum
1527 658 1576 677 nec
1590 651 1708 678 diminu-

922 693 1023 720 tionem
1041 693 1177 721 admittit:
1195 695 1240 729 qui
1256 694 1353 730 Legem
1369 700 1396 723 et
1410 695 1560 731 Prophetas
1579 701 1604 724 et
1622 697 1708 724 Evan-

922 738 991 772 gelia
1005 738 1084 765 nobis
1103 738 1192 765 dedit:
1211 739 1257 773 qui
1274 739 1406 768 Dominus
1431 745 1472 768 est
1492 742 1706 776 patriarcharum

923 787 949 811 et
966 785 1151 819 apostolorum
1168 790 1379 821 sanctorumque
1392 787 1524 814 omnium.
1539 787 1572 814 Et
1584 788 1612 814 in
1623 797 1706 815 unum

926 828 1069 857 Dominum
1087 829 1178 857 Jesum
1191 830 1341 864 Christum,
1352 831 1449 859 Filium
1462 831 1509 859 Dei
1524 833 1708 868 unigenitum:

81 874 167 906 ὄντος,
183 874 240 901 ἀλλ’
257 875 290 901 ὲκ
299 875 345 901 τοῦ
356 875 431 906 ὄντος
442 875 559 910 Πατρὺς,
574 875 603 901 οὐ
615 874 686 902 κατὰ
695 875 744 906 τὰς
757 875 810 902 τῶν
823 883 870 901 σω-

926 883 975 903 non
991 883 1025 903 ex
1043 876 1130 903 nihilo
1145 877 1265 912 genitum
1280 898 1287 909 ,
1313 878 1360 905 sed
1379 886 1412 905 ex
1426 886 1458 905 eo
1473 879 1521 913 qui
1546 878 1625 907 Pater
1645 883 1707 913 est;

84 920 178 955 μάτων
194 920 366 955 ὁμοιότητας,
378 922 438 952 ταῖς
450 922 546 956 τομαῖς
562 920 578 956 ἢ
593 922 653 952 ταῖς
668 921 700 947 ὲκ
714 920 870 956 διαιρέσεων

82 965 252 1001 ἀπορροίαις,
275 966 369 1000 ὥσπερ
388 966 524 1001 Σαϐελλίῳ
545 966 591 993 καὶ
614 967 763 1001 Βαλεντίνῳ
787 966 868 993 δοκεῖ·

82 1012 139 1039 ἀλλ’
152 1013 280 1048 ἀρρήτως
297 1014 343 1040 καὶ
363 1013 576 1049 ἀνεκδιηγήτως,
593 1013 663 1040 κατὰ
684 1013 729 1039 τὸν
748 1013 870 1046 εἰπόντα,

83 1059 118 1090 ὡς
137 1058 269 1095 ἀνωτέρω
287 1059 492 1095 παρεθήκαμεν,
518 1059 576 1093 Τὴν
596 1059 702 1094 γενεὰν
719 1060 810 1086 αὑτοῦ
827 1060 872 1092 τίς

83 1104 276 1140 σιηγήσεται;
297 1106 353 1141 Τῆς
375 1106 549 1138 ὑποστάσεως
570 1106 651 1133 αὑτοῦ
672 1106 746 1142 πάσῃ
762 1107 794 1141 τῇ
811 1115 872 1140 γεν-

84 1153 148 1187 νητῇ
166 1151 246 1186 φύσει
258 1151 314 1187 (54)
329 1151 545 1187 ἀπεριεργάστου
565 1151 760 1187 τυγχανούσης,
781 1151 872 1183 καθὼς

84 1198 129 1224 sui.
150 1198 234 1229 αὐτὸς
254 1199 268 1224 ὁ
292 1198 385 1234 Πατὴρ
407 1198 621 1234 ἀπεριέργαστός
641 1200 708 1232 ἐστι,
726 1199 769 1226 διὰ
787 1200 817 1226 τὸ
835 1200 871 1236 μὴ

85 1244 182 1279 χωρεῖν
196 1244 246 1279 τὴν
257 1244 311 1270 τῶν
328 1244 446 1279 λογικῶν
461 1245 551 1279 φύσιν,
568 1246 617 1281 τῆς
631 1246 769 1281 πατρικῆς
784 1246 873 1280 θεογο-

85 1289 140 1320 νίας
153 1289 203 1325 τὴν
219 1289 331 1324 εἴδησιν·
348 1289 420 1325 ἅπερ
440 1291 470 1317 οὐ
492 1291 556 1326 παρ’
570 1291 637 1326 ἐμοῦ
652 1291 690 1318 δεῖ
713 1291 808 1326 μαθεῖν
828 1291 872 1318 ἄν-

84 1335 149 1370 δρας
171 1335 211 1371 τῷ
230 1335 280 1370 τῆς
297 1336 426 1371 ἀληθείας
446 1337 580 1372 πνεύματι
602 1338 785 1372 κινουμένους,
801 1338 872 1373 ὑπη-

85 1379 184 1415 λούσης
200 1381 274 1415 ἡμᾶς
289 1381 397 1416 καὶτῆς
412 1381 553 1417 φθασάσης
567 1382 685 1417 Χριστοῦ
701 1382 763 1416 περὶ
778 1382 872 1408 τούτου

84 1426 177 1461 Ίπωνῆς
201 1427 249 1453 καὶ
276 1427 464 1463 διδασκούσης·
491 1428 595 1461 Οὐδεὶς
616 1426 677 1455 οἵδε
698 1429 743 1461 τίς
761 1428 873 1455 ἑστινό

85 1472 196 1505 Πατὴρ,
216 1473 242 1499 εἰ
256 1472 298 1507 μὴ
316 1474 333 1499 ὀ
353 1473 428 1506 Υἱός·
442 1473 491 1499 καὶ
506 1473 604 1506 οὐδεὶς
621 1471 682 1499 οἶδε
698 1474 742 1506 τίς
759 1473 843 1500 ἐστιν
857 1475 873 1499 ό

89 1517 165 1550 Υἱὸς,
183 1518 209 1544 εὶ
226 1517 269 1552 μὴ
284 1519 300 1544 d
317 1518 428 1552 Πατήρ.
451 1519 601 1554 Ἀτρεπτον
618 1518 711 1545 τοῦτον
731 1519 778 1545 καὶ
792 1519 873 1545 ἀναλ-

84 1563 195 1589 λοίωτον
210 1563 247 1595 ὡς
262 1563 307 1590 τὸν
322 1564 443 1599 Πατέρα,
461 1564 609 1599 ἀπροσδεῆ,
625 1565 671 1591 καὶ
684 1565 784 1591 τέλειον
800 1565 872 1597 Υἰὸν,

84 1610 191 1645 ἐμφερῆ
210 1610 249 1645 τῷ
262 1610 350 1646 Πατρὶ
368 1610 577 1646 μεμαθήκαμεν,
593 1611 664 1646 μόνῳ
681 1611 720 1646 τῷ
737 1612 875 1647 ἀγεννήτῳ

84 1655 246 1690 λειπόμενον
260 1655 374 1682 ἐκείνου.
391 1655 479 1682 Εικὼν
492 1656 546 1690 γάρ
560 1657 633 1682 ἐστιν
647 1656 873 1692 ἀπηκριϐωμένη,

87 1700 132 1727 καὶ
147 1701 356 1735 ἀπαράλλακτος
369 1701 415 1727 τοῦ
428 1701 544 1737 Πατρός.
559 1701 671 1728 Πάντων
683 1702 736 1738 γὰρ
748 1699 816 1729 εῖναι
827 1702 874 1737 τὴν

85 1747 178 1774 εἰκόνα
191 1748 248 1783 (55)
261 1748 362 1783 πλήρη,
383 1748 416 1774 δι’
436 1744 473 1775 ὧν
490 1750 510 1784 ἡ
526 1748 626 1783 μείζων
637 1749 771 1784 ἐμφέρεια
784 1749 873 1785 δῆλον,

86 1794 123 1826 ὡς
140 1794 223 1825 αὐτὸς
239 1794 396 1821 ἐπαίδευσεν
413 1796 427 1821 ὁ
443 1795 553 1830 Κρριος·
580 1796 606 1821 Ὀ
626 1795 727 1830 Πατήρ
740 1805 809 1830 μου,
833 1796 875 1822 λέ-

85 1849 153 1873 γων,
168 1840 276 1874 μείζων
292 1849 352 1875 μου
371 1841 446 1868 ἐστι.
462 1841 517 1868 Καὶ
530 1841 601 1867 κατὰ
621 1841 699 1867 τοῦτο
719 1842 764 1868 καὶ
783 1842 813 1868 τὸ
832 1842 876 1868 ἀεὶ

86 1884 156 1913 εἶναι
170 1886 215 1913 τὸν
231 1887 295 1914 Υἰὸν
311 1888 343 1913 ὲκ
355 1887 402 1913 τοῦ
414 1888 521 1925 Πατρὸς
537 1887 711 1923 πιστεύομεν.
734 1888 875 1922 Ὰπαύγ-α-

86 1939 148 1966 σμα
169 1932 224 1968 γάρ
243 1932 309 1959 ἐστι
328 1932 383 1967 τῆς
402 1933 505 1966 δόξης,
526 1934 573 1960 καὶ
588 1933 741 1968 χαρακτὴρ
755 1933 810 1968 τῆς
824 1942 876 1959 πα-

90 1978 184 2013 τρικῆς
195 1978 400 2011 ὑποστάσεως.
421 1979 500 2006 Ἀλλὰ
513 1980 549 2014 μή
562 1988 604 2012 τις
621 1979 651 2006 τὸ
667 1979 712 2007 ἀεὶ
727 1979 795 2015 πρὸς
810 1980 876 2005 ὑπό-

88 2033 162 2052 ηιοιαν
184 2025 344 2059 Ἀγεννήτου
359 2024 529 2060 λαμϐανέτω,
547 2025 585 2057 ὡς
595 2025 694 2051 οἴονται
705 2026 728 2051 οἱ
740 2025 774 2052 τὰ
785 2024 875 2059 ψυχῆς

86 2070 254 2105 αἰσθητήρια
274 2070 479 2106 πεπηρωμένοι.
503 2070 571 2097 Οὔτε
587 2071 640 2106 γὰρ
656 2071 686 2097 τὸ
698 2070 747 2106 ἦν,
769 2070 830 2096 οὒτε
845 2071 874 2096 τὸ

87 2116 144 2148 ἀεὶ,
157 2116 224 2144 οὔτε·
233 2116 263 2142 τὸ
278 2116 333 2150 πρὸ
345 2116 468 2149 αἰώνων,
483 2117 581 2143 ταύτόν
591 2118 648 2143 ἐστι
659 2108 698 2152 τῷ
715 2117 874 2153 Ἀγεννήτῳ.

93 2161 162 2187 Ἀλλ’
179 2161 234 2188 οὐδ’
255 2161 342 2188 ότιοῦν
365 2161 514 2197 ἀνθρώπων
540 2162 626 2189 ἔννοια
649 2163 875 2199 ὀνοματοποιῆσαι

88 2208 245 2240 σπουδάσει,
261 2208 336 2243 δηλοῖ
351 2208 381 2234 τὸ
401 2209 556 2244 ἀγέννητον.
578 2208 622 2240 Ὦς
641 2209 688 2235 καὶ
705 2210 775 2244 ὑμᾶς
791 2209 876 2241 οὕτως

89 2253 248 2289 ἐκδέχεσθαι
262 2254 394 2287 πιστεύω,
412 2255 459 2281 καὶ
477 2254 633 2290 τεθάρῤηκα
647 2256 679 2290 τῇ
692 2256 756 2291 περὶ
767 2255 875 2282 πάντων

88 2298 163 2333 ὑμῶν
181 2298 249 2335 ὀρθῇ
268 2299 404 2335 προθέσει,
429 2299 499 2326 κατὰ
524 2299 623 2335 μηδένα
650 2300 749 2335 τρόπον
774 2301 876 2327 τούτων

91 2343 140 2370 τῶν
163 2343 305 2379 ὀνομάτων
327 2344 357 2370 τὺ
375 2344 521 2379 ἀγέννητον
535 2343 693 2379 δηλούντων.
715 2345 806 2371 Ἔοικε
823 2345 876 2380 γὰρ

129 2422 151 2438 ’³
161 2419 333 2452 IJotm.v,l.
377 2421 399 2436 ³⁰
413 2421 469 2449 Isa.
483 2430 541 2454 un,
551 2422 578 2450 8.
617 2423 636 2438 ³¹
654 2421 752 2450 Manli.
769 2431 806 2454 xl,
821 2423 864 2450 27.

89 2506 217 2538 natpram
233 2502 413 2538 unigenitam,
433 2511 488 2530 non
503 2503 574 2538 quod
591 2503 752 2538 Unigenitus
767 2503 879 2530 inferior

88 2537 222 2572 sitPatre,
234 2538 282 2564 sed
291 2538 364 2572 quod
374 2545 422 2572 per
431 2537 610 2572 illum’omnia
622 2537 686 2565 facit
696 2538 785 2569 Pater,
803 2543 832 2565 ut
841 2540 878 2565 ait

88 2571 208 2609 Jﬂoannes
225 2570 403 2609 evangelista.
427 2572 505 2601 Unde
519 2573 550 2599 δι’
560 2570 598 2609 κοῦ
619 2574 729 2609 proprie
747 2574 879 2601 tribuitur

89 2605 169 2636 Filio,
195 2605 428 2641 quemadmodum
456 2612 534 2635 notat
558 2605 677 2636 Basilius
701 2609 728 2636 in
750 2609 820 2636 libro
841 2609 879 2636 De

89 2641 192 2674 Spiritu
208 2648 312 2670 sancto.

123 2676 181 2710 (54)
197 2677 288 2711 Πάσῃ
312 2677 349 2712 τῇ
371 2677 500 2712 γεννητῇ
522 2679 622 2712 φύσει.
647 2678 738 2705 Malim
759 2679 879 2706 scribere

89 2713 200 2748 γενητῇ,
217 2713 448 2747 quemadmodum
465 2714 563 2748 legisse
574 2714 681 2740 videtur
696 2714 873 2748 Epiphanius.

90 2746 176 2773 Vertit
185 2746 273 2778 enim,
285 2748 355 2774 omni
363 2754 457 2782 creatis
468 2746 570 2775 initura:
580 2746 811 2782 imperscrutlibili.
822 2752 873 2775 etc.

125 2782 180 2816 (35)
200 2782 327 2809 Πάντων
348 2783 402 2818 γὰρ
423 2781 497 2810 εἶναι
516 2783 574 2816 τὴν
595 2781 706 2810 simitu.
729 2783 758 2811 1n
783 2783 876 2811 codice

91 2815 232 2845 Saviliano
247 2822 276 2844 et
294 2818 321 2844 in
341 2815 459 2845 edi-tione
476 2815 620 2846 Basiliensi
637 2820 749 2846 verbum
761 2819 875 2845 interse-

91 2852 160 2880 ritur
179 2853 233 2881 hoc
248 2853 341 2886 modo,
367 2854 472 2880 πάντων
489 2854 542 2890 γὰρ
564 2851 632 2881 εἶναι
657 2854 696 2881 δεῖ
717 2854 766 2889 τὴν
786 2854 876 2880 εἰκόνα

922 929 976 949 non
990 929 1134 957 corporum
1152 931 1245 955 more,
1271 931 1318 958 per
1342 924 1489 959 incisiones
1516 928 1562 951 aut
1585 924 1708 952 deﬂuxus

922 968 1099 1000 divisionum,
1116 969 1344 1003 quemadmodum
1364 968 1482 997 Sabellio
1496 970 1603 997 videtur
1618 975 1646 998 et
1657 970 1708 997 Va-

922 1014 1039 1047 lentino,
1067 1015 1113 1042 sed
1143 1014 1325 1050 inexplicabili
1346 1018 1372 1042 et
1395 1016 1571 1043 inenarrabili
1590 1017 1707 1051 quodam

922 1061 1014 1094 modo,
1036 1060 1113 1095 juxta
1131 1061 1268 1096 propheta:
1284 1061 1365 1088 verba
1387 1061 1409 1077 ³⁰
1427 1070 1487 1096 qua:
1512 1070 1594 1097 supra
1613 1064 1709 1090 retuli-

923 1114 983 1134 mus
1001 1117 1006 1133 :
1024 1106 1221 1133 Generationem
1251 1107 1306 1141 ejus
1339 1108 1396 1142 quis
1423 1107 1579 1134 anan-abit?
1605 1107 1709 1143 Quippe

923 1160 984 1179 cum
1001 1152 1061 1186 ejus
1074 1152 1277 1179 subsistentiam
1298 1152 1371 1178 nulla
1389 1152 1511 1180 mortalis
1527 1156 1623 1179 natura
1646 1161 1708 1187 per—

923 1198 1057 1233 vestigare
1070 1197 1166 1232 possit,
1180 1197 1250 1225 sicut
1268 1205 1317 1224 nec
1332 1197 1411 1225 Pater
1427 1198 1461 1224 ab
1478 1197 1532 1224 ullo
1552 1198 1708 1233 investigari

923 1245 1032 1276 potest;
1053 1245 1196 1276 propterea
1224 1242 1296 1277 quod
1319 1242 1460 1269 rationalis
1478 1247 1574 1269 natura
1599 1243 1708 1270 modum

923 1288 1021 1314 divinm
1036 1288 1110 1315 illius
1122 1296 1154 1315 ex
1166 1288 1245 1315 Patre
1262 1289 1445 1323 generationis
1460 1289 1600 1324 percipere
1620 1289 1709 1317 haud-

923 1342 1060 1369 quaquam
1077 1334 1158 1361 valct.
1175 1333 1275 1361 Verum
1293 1334 1417 1362 homines
1432 1335 1478 1369 qui
1495 1334 1597 1370 Spiritu
1610 1336 1709 1362 verita-

924 1381 959 1407 tis
976 1386 1133 1413 moventur,
1155 1388 1209 1408 non
1235 1388 1303 1414 opus
1319 1381 1420 1407 habent
1436 1381 1486 1408 ista
1501 1389 1515 1407 a
1532 1390 1574 1408 me
1588 1376 1691 1410 discere
1702 1403 1708 1414 ,

924 1434 985 1453 cum
1003 1427 1115 1453 auribus
1139 1427 1240 1454 nostris
1272 1428 1398 1454 insoncnt
1417 1428 1496 1455 verba
1521 1428 1575 1462 jam
1605 1429 1667 1455 olim
1695 1438 1709 1455 ιι

924 1471 1033 1499 Christo
1048 1472 1098 1499 hac
1114 1472 1145 1499 de
1159 1480 1186 1500 re
1205 1473 1321 1507 prolata,
1334 1481 1438 1508 nosque
1454 1473 1489 1499 ita
1503 1474 1616 1501 doceant
1630 1484 1636 1501 :
1656 1473 1710 1500 Ne-

926 1526 967 1544 mo
984 1518 1054 1544 novit
1069 1518 1176 1545 Patrem
1192 1519 1245 1545 nisi
1262 1518 1359 1550 Filius,
1375 1525 1398 1546 et
1412 1528 1485 1546 nemo
1502 1521 1571 1546 novit
1593 1521 1650 1555 quis
1676 1521 1710 1546 sit

926 1562 1013 1590 Filius
1029 1564 1080 1590 nisi
1098 1564 1177 1590 Pater
1198 1564 1228 1591 3‘.
1248 1564 1324 1591 llunc
1340 1565 1527 1592 conversionis
1542 1572 1573 1591 ac
1587 1566 1711 1592 mutatio-

926 1611 969 1637 nis
982 1614 1119 1645 expertem
1139 1610 1250 1644 perinde
1265 1618 1294 1637 ac
1317 1611 1433 1642 l’atrem,
1451 1611 1552 1638 nullius
1575 1615 1709 1645 egentem,

925 1661 951 1682 et
968 1655 1115 1690 perfectum
1129 1656 1236 1688 Filium,
1250 1656 1391 1690 Patrisque
1407 1656 1520 1684 similem
1534 1664 1595 1684 esse
1609 1657 1705 1683 didieiv

926 1709 997 1733 mus,
1014 1702 1065 1729 hoc
1081 1703 1140 1730 solo
1152 1702 1308 1729 inferiorem
1319 1701 1408 1735 Patre,
1421 1702 1494 1737 quod
1513 1702 1709 1737 ingenitusinon

925 1752 974 1775 est.
995 1748 1041 1776 Est
1052 1748 1124 1775 enim
1144 1748 1232 1783 imago
1248 1748 1336 1775 Patris
1353 1749 1529 1776 exactissima
1543 1753 1570 1776 et
1591 1749 1617 1775 in
1634 1749 1709 1784 nullo

926 1794 1093 1830 discrepans.
1108 1794 1213 1829 Quippe
1228 1795 1321 1830 liquet,
1338 1803 1400 1822 eum
1418 1795 1564 1830 imaginem
1575 1803 1636 1823 esse
1652 1796 1706 1830 ple-

926 1847 960 1866 ne
975 1841 1065 1866 omnia
1081 1840 1275 1872 continentem,
1290 1840 1389 1875 quibus
1418 1840 1535 1867 maxima
1562 1840 1711 1868 similitudo

926 1884 1096 1917 declaratur,
1113 1885 1183 1913 sicut
1204 1886 1262 1920 ipse
1275 1886 1405 1913 Dominus
1430 1886 1539 1918 docuit,
1566 1893 1627 1913 cum
1650 1886 1685 1913 ait
1702 1896 1709 1914 :

927 1931 1008 1957 Pater
1022 1931 1108 1966 major
1125 1940 1163 1958 me
1177 1936 1216 1958 est
1229 1932 1260 1957 δ’.
1288 1931 1319 1958 Et
1345 1933 1493 1959 secundum
1517 1932 1568 1958 hoc
1583 1931 1680 1958 Filium
1696 1939 1712 1960 e

927 1976 1006 2004 Patre
1020 1985 1127 2012 semper
1142 1978 1275 2005 exsistere
1292 1978 1440 2005 credimus.
1457 1977 1505 2005 Est
1531 1978 1603 2005 enim
1625 1978 1711 2012 spien-

926 2023 974 2051 dor
986 2028 1104 2058 paternae
1118 2024 1219 2059 gloriw,
1234 2030 1258 2051 et
1269 2025 1356 2059 figura
1369 2025 1525 2052 substantiis
1539 2025 1594 2059 ejus
1607 2025 1639 2051 ³³.
1658 2023 1712 2052 Sed

927 2078 1007 2097 nemo
1032 2078 1092 2097 eam
1119 2077 1212 2097 vocem
1240 2079 1340 2105 semper
1361 2071 1395 2098 ad
1412 2071 1594 2106 suspicionem
1622 2070 1712 2098 trahat

927 2115 1053 2150 Ingeniti,
1072 2115 1142 2142 sicut
1158 2115 1314 2143 existimant
1335 2117 1353 2143 ii
1381 2117 1427 2151 qui
1449 2124 1548 2144 sensus
1563 2116 1646 2142 animi
1663 2116 1713 2143 ob-

928 2165 1041 2188 crecatos
1057 2161 1166 2189 habent.
1186 2161 1253 2188 Nam
1276 2170 1326 2189 nec
1345 2162 1457 2189 verbum
1474 2166 1544 2193 erat,
1576 2169 1626 2188 nec
1642 2169 1712 2188 sem»

892 2227 915 2255 Β
927 2214 981 2240 per,
995 2214 1045 2234 nec
1057 2212 1118 2233 ante
1130 2208 1228 2234 swcula
1246 2207 1316 2234 idem
1333 2210 1374 2234 est
1389 2207 1461 2242 quod
1477 2206 1639 2241 ingenitum.
1656 2205 1709 2233 Sed

929 2260 1016 2287 neque
1033 2252 1106 2279 aliud
1128 2252 1214 2279 ullum
1231 2252 1393 2279 vocabulum
1413 2251 1529 2278 humana
1546 2258 1621 2278 mens
1637 2257 1713 2277 com-

930 2298 1036 2325 minisci
1055 2302 1143 2332 potest
1156 2298 1229 2333 quod
1243 2298 1377 2333 signiticet
1391 2298 1550 2333 ingenitum.
1574 2298 1661 2331 Atque
1674 2297 1712 2323 ita

929 2353 978 2372 vos
994 2345 1144 2380 intelligere
1160 2345 1260 2378 credo,
1287 2351 1430 2380 vestroque
1466 2345 1492 2372 in
1516 2344 1644 2371 omnibus
1670 2351 1714 2370 re-

906 2424 927 2439 ³³
944 2423 1024 2450 Joan.
1039 2430 1093 2455 xw,
1106 2423 1150 2450 ‘28.
1190 2424 1211 2439 ³³
1230 2423 1308 2451 Hebr.
1329 2432 1347 2455 ι,
1366 2424 1392 2450 3.

932 2506 1033 2541 πλήρη.
1050 2506 1136 2540 Atque
1151 2506 1187 2532 ita
1202 2507 1299 2541 legisse
1317 2506 1423 2533 videtur
1443 2504 1608 2540 Epiphanius
1626 2503 1711 2530 Sebo-

932 2542 1054 2568 lasticus.
1071 2541 1116 2568 Sic
1128 2541 1199 2568 enim
1216 2542 1307 2573 vertit,
1331 2546 1355 2568 et
1372 2542 1477 2568 omnino
1494 2541 1633 2575 imaginem
1648 2547 1710 2565 con-

930 2577 998 2603 venit
1013 2584 1067 2602 esse
1087 2577 1190 2610 plenam
1208 2585 1309 2609 eorum,
1329 2585 1374 2611 per
1390 2584 1448 2611 qua:
1464 2585 1515 2602 non
1531 2574 1712 2611 desiteliquid

932 2611 963 2638 ab
984 2611 1134 2646 arqualitate
1148 2611 1203 2645 ejus
1220 2612 1293 2645 cujus
1310 2609 1400 2645 imago
1413 2616 1461 2638 est.
1481 2611 1531 2638 Sed
1548 2615 1573 2637 et
1587 2609 1711 2646 Christo-

932 2645 1085 2681 plmrs'onus
1105 2646 1226 2673 eamdem
1243 2646 1406 2680 scripturam
1429 2646 1456 2672 in
1474 2646 1550 2673 libris
1565 2645 1622 2672 suis
1636 2652 1712 2679 repe—

931 2680 1014 2712 rerat.
1031 2682 1082 2708 nisi
1098 2681 1170 2715 quod
1180 2680 1234 2706 δεῖν
1246 2681 1273 2707 in
1285 2681 1339 2707 illis
1349 2681 1550 2715 exemplaribus
1563 2680 1710 2713 legebatur,

930 2717 1026 2744 melius
1039 2717 1162 2743 fortasse.
1181 2715 1308 2742 Refertur
1320 2717 1391 2743 eniln
1405 2716 1438 2742 ad
1453 2723 1546 2743 vocem
1561 2716 1638 2749 δῆλον
1653 2724 1713 2750 qua:

930 2753 1062 2786 sequitur.
1081 2751 1156 2784 Quod
1176 2752 1197 2778 si
1214 2750 1253 2776 δεῖ
1269 2751 1356 2786 legere
1371 2751 1508 2782 malimus,
1524 2755 1580 2786 lium
1592 2752 1698 2778 scrihen

930 2785 993 2814 dum
1013 2787 1064 2813 erit
1077 2786 1213 2821 δηλοῦται,
1232 2791 1259 2813 ut
1272 2785 1369 2821 legitur
1384 2786 1410 2812 in
1422 2785 1514 2813 codice
1530 2785 1629 2813 Leonis
1644 2786 1714 2812 Alis.-

931 2823 971 2854 tii,
990 2830 1038 2856 pro
1053 2822 1139 2858 δῆλον.
