1911 3073
212 148 264 178 567

769 136 798 163 S.
818 133 1017 162 ALEXANDRI
1038 128 1270 159 ALEXANDRINI

1789 115 1840 146 563

214 209 258 231 cto
281 200 407 230 consilio~
420 207 452 228 ac
475 197 616 234 proposito
642 194 760 226 conﬁdo,
780 191 998 229 quanquuidem

1055 188 1130 216 iiovsi.
1150 187 1253 222 χρόνων
1272 181 1342 211 εἷναι
1366 182 1534 218 παρέκτασις
1549 179 1635 207 ταῦτα
1655 177 1690 205 τὰ
1709 177 1840 212 ὀνόματα,

1277 232 1283 234 .
1306 230 1343 234 ._.
1425 228 1437 233 μ
1462 228 1488 234 -,
1600 225 1613 231 ..
1649 225 1765 234 ,Μή--
1795 222 1838 234 __‘

215 253 272 280 haec
283 249 365 277 verba
379 246 536 274 nullatenus
549 243 699 278 ingenitum
714 240 877 277 signiﬁcant.
894 238 999 266 Etenim

213 298 272 325 inec
284 295 366 323 verba
378 292 447 320 nihil
460 290 534 318 aliud
549 289 676 316 videnlur
697 295 759 315 esse
772 293 853 322 quam
869 284 1001 319 temporis

216 341 358 378 productio
375 350 382 368 :
400 339 449 367 sed
465 336 635 365 divinitatem
648 355 656 367 ,
671 337 698 362 et
713 333 791 369 quasi
814 331 1001 367 antiquitatem

216 387 352 423 Unigeniti
367 393 417 421 pro
433 384 564 420 dignitate
585 381 738 417 exprimere
760 386 814 406 non
829 382 945 413 poSSunt
960 386 967 404 :
985 383 1001 403 a

216 422 317 462 sanctis
335 435 425 460 autem
440 429 509 458 viris
524 428 629 464 prolata
642 429 721 458 sunt,
739 424 803 452 dum
826 423 924 458 singuli
949 422 1001 450 hoc

216 479 373 515 mysterium
389 485 438 513 pro
451 480 533 512 captu
557 482 606 502 suo
622 474 746 501 nituntur
767 470 934 506 exprlmerc,
955 476 1002 496 ve-

216 514 288 553 niam
301 527 424 560 petentes
442 522 476 550 ab
489 519 672 550 auditoribus,
688 525 748 546 cum
764 517 839 552 justa
856 523 888 543 ac
903 514 1003 550 proba-

216 571 262 599 bili
277 569 454 598 excusatione
476 567 611 595 dicendo:
630 564 690 592 Huc
717 570 804 599 usque
829 561 1000 597 pertigimus.

200 616 292 651 ‘Quod
308 615 391 650 siqui
417 618 496 644 sunt,
517 613 563 648 qui
587 611 621 639 ab
647 618 695 639 ore
722 608 829 637 mortali
843 615 937 636 vocem
953 607 1003 634 ali-

217 669 297 698 quam
310 664 469 696 exspectent
484 658 701 695 przestautiorem
719 656 839 683 humano
853 662 935 682 sensu
956 661 1002 681 ca-

217 712 329 743 ptuque,
343 707 443 734 abolita
456 713 528 738 esse,
538 705 670 737 dicentes,
680 709 711 730 ea
726 709 786 737 quae
800 700 867 736 ipsis
881 708 914 728 ex
926 703 1003 735 parte

217 757 281 781 sunt
296 753 421 789 cognita;
444 753 526 788 longe
556 750 678 786 profecto
695 748 810 776 inferius
829 750 872 774 est
893 746 1002 774 illorum

217 807 265 835 spe
279 803 361 835 atque
374 798 578 834 exspectatione
598 796 710 823 verbum
725 800 794 825 erat,
811 796 838 821 et
853 800 964 828 semper,
976 796 1003 819 et

217 850 277 872 ante
295 844 402 872 sazcula.
423 843 455 870 Et
470 842 602 879 quidquid
616 841 724 869 tandem
748 841 885 875 prolatum
898 837 1001 871 fuerit,

218 900 272 920 non
287 892 359 919 idem
382 895 424 919 est
445 876 507 918 cuin
534 876 667 925 ingenito.
685 887 779 922 Itaque
802 885 876 913 Patri
892 885 1002 920 quidem
1018 876 1039 904 Β

217 938 337 974 ingenito
350 937 488 973 propriam
506 935 666 971 dignitatem
682 940 791 962 servare
807 935 925 967 oportet,
941 929 1004 957 nul-

217 984 271 1011 lam
283 992 345 1011 eum
362 983 461 1010 habere
477 981 644 1010 exsistentiae
660 987 716 1008 suae
741 985 852 1007 causam
875 976 1004 1012 proﬁten-

216 1030 272 1057 do:
288 1029 357 1057 Filio
382 1037 446 1058 vero
467 1032 624 1064 competens
648 1027 736 1054 honor
761 1025 920 1054 tribuendus
944 1027 1002 1056 est,

216 1076 350 1115 principio
363 1080 501 1103 carentem
517 1082 550 1102 ex
566 1073 647 1101 Patre
668 1071 871 1108 generationem
894 1071 919 1098 ei
935 1070 1004 1098 assi-

216 1122 335 1157 gnando,
351 1121 509 1155 cultumque
538 1120 573 1151 ei,
588 1120 659 1147 sicut
687 1118 815 1150 diximus,
830 1116 1003 1150 exhibendo;

216 1168 252 1195 ita
272 1171 302 1195 ut
315 1166 504 1194 tantummodo
514 1170 583 1197 erat,
599 1171 626 1193 et
639 1172 750 1199 semper,
771 1167 798 1191 et
813 1167 874 1190 ante
890 1162 1003 1196 swcula,

216 1213 260 1248 pie
286 1220 319 1240 ac
340 1212 467 1247 religiose
492 1211 526 1239 de
545 1211 591 1238 illo
617 1209 815 1245 praedicemus:
832 1207 1004 1235 divinitatem

215 1259 326 1295 quidem
352 1259 413 1294 ejus
432 1264 604 1293 nequaquam
632 1255 806 1291 rejicientes,
830 1254 877 1282 sed
892 1254 1004 1289 imagini

216 1309 297 1341 atque
318 1304 467 1340 exemplari
482 1303 573 1331 Patris
594 1301 803 1338 respondentem
828 1301 855 1327 in
877 1300 1004 1328 omnibus

216 1351 422 1379 similitudinem
437 1351 461 1378 ei
487 1350 667 1378 ascribentes.
698 1347 791 1385 Solum
819 1355 884 1375 vero
899 1346 1006 1382 ingeni-

216 1403 274 1424 tum
289 1396 379 1424 Patris
393 1396 532 1432 proprium
561 1402 622 1423 esse
644 1395 785 1426 dicamus,
814 1401 877 1421 cum
894 1396 922 1421 et
947 1394 1006 1428 ipse

219 1442 347 1470 Servator
367 1441 468 1470 dixerit
491 1441 534 1469 "2
552 1440 634 1468 Pater
663 1440 749 1475 major
774 1447 814 1467 me
829 1443 878 1467 est.
903 1438 1004 1466 Praeter

218 1489 289 1515 hanc
305 1491 395 1515 autem
420 1487 492 1523 piam
519 1487 552 1515 de
572 1486 652 1514 Patre
683 1490 710 1514 et
735 1485 804 1514 Filio
819 1485 1001 1517 sententiam,

219 1542 303 1562 unum
319 1534 430 1569 insuper
445 1533 574 1568 Spiritum
593 1537 735 1565 sanctum,
758 1535 788 1559 ut
812 1531 910 1559 divinae
928 1530 1002 1558 Scri-

219 1584 304 1616 pturae
320 1588 370 1608 nos
390 1580 497 1613 docent,
510 1580 690 1612 conﬁtemur;
706 1579 753 1614 qui
778 1582 804 1606 et
828 1581 938 1606 sanctos
953 1577 1002 1605 bo-

218 1628 306 1655 mines
319 1626 425 1655 Veteris
442 1625 619 1657 Testamenti,
637 1628 664 1652 et
676 1625 783 1652 divinos
793 1623 918 1651 doctores
942 1623 1002 1658 ejus

218 1672 291 1707 quod
306 1671 410 1699 Novum
426 1671 588 1706 appellatur,
603 1669 752 1698 innovavit.
769 1668 856 1696 Unam
872 1672 1002 1704 praeterea

219 1724 251 1744 ac
263 1718 349 1745 solam
361 1717 532 1747 catholicam,
557 1716 731 1752 apostolicam
757 1714 924 1742 Ecclesium:
942 1721 1003 1748 quae

219 1770 327 1798 semper
340 1762 447 1798 quidem
467 1761 685 1797 inexpugnabilis
699 1764 741 1788 est
753 1780 760 1793 ,
776 1760 839 1787 licet
857 1759 1001 1786 universus

217 1808 293 1837 orbis
311 1815 370 1836 eam
385 1812 540 1844 oppugnet:
555 1807 654 1835 victrix
675 1811 765 1834 autem
782 1809 824 1834 est
840 1805 928 1833 omnis
951 1805 1004 1831 im-

218 1855 270 1890 pizc
294 1854 421 1882 factionis
449 1853 658 1884 hareticorum,
688 1853 734 1888 qui
760 1852 890 1880 adversus
917 1851 1003 1886 ipsam

218 1904 397 1935 consurgunt.
413 1900 518 1935 Quippe
537 1899 660 1934 Sponsus
674 1899 747 1926 illius
764 1898 869 1926 animos
895 1901 1003 1925 nostros

219 1946 392 1973 conﬁrmavit
401 1946 443 1973 his
449 1946 539 1973 verbis
551 1954 557 1972 :
571 1944 710 1979 Conﬁdite,
718 1953 764 1980 ego
777 1945 826 1972 vici
836 1944 961 1971 mundum
969 1944 1001 1970 ".

219 1992 261 2020 Ad
290 1993 348 2020 haec
388 1993 515 2020 novimus
554 1992 781 2020 resurrectionem
817 1994 1006 2024 mortuorum;

221 2037 300 2071 cujus
316 2037 442 2072 primitia:
453 2036 503 2064 fuit
518 2037 648 2065 Dominus
664 2041 756 2065 noster
771 2036 852 2064 Jesus
866 2036 1005 2068 Christus,

220 2083 267 2118 qui
283 2090 392 2110 carnem
412 2091 506 2111 revera
521 2082 646 2118 gestavit,
664 2090 719 2110 non
734 2082 792 2110 sola
811 2083 912 2118 specie,
931 2090 1006 2110 sum-

221 2131 296 2164 ptam
313 2136 344 2156 ex
360 2127 444 2156 Maria
459 2128 573 2163 Deipara
587 2139 593 2156 ε
611 2128 657 2163 qui
673 2129 701 2156 in
717 2128 769 2156 ﬁne
782 2129 955 2161 saeculorum,
975 2133 1006 2156 ut

1051 235 1101 270 τὴν
1117 233 1208 269 μέντοι
1225 232 1284 258 κατ’
1300 230 1378 264 ἀξίαν
1392 228 1439 255 τοῦ
1462 225 1631 261 Μονογενοῦς
1649 225 1777 258 θεότητα,
1795 222 1841 248 καὶ

1051 269 1107 308 οἷον
1117 279 1283 316 ἀρχαιότητα
1295 276 1436 312 σημαίνειν
1448 274 1485 310 μὴ
1496 273 1640 308 δυνάμενα·
1652 270 1707 297 τῶν
1716 270 1745 296 δὲ
1756 269 1841 302 ἁγίων

1051 315 1156 362 ἀνδρῶν
1177 325 1215 357 ὡς
1229 324 1344 358 δύναμις
1360 322 1467 356 ἑκάστῳ
1485 319 1633 355 ἐμφανίσαι
1646 317 1676 344 τὸ
1692 315 1841 362 μυστήριον

1053 359 1230 408 βιαζομένων,
1258 369 1304 397 καὶ
1328 367 1492 402 συγγνώμην
1514 363 1661 392 αἰτούντων
1685 360 1762 396 παρά
1787 359 1841 386 τῶν

1051 417 1194 454 ἀκροατῶν
1208 418 1242 445 δι’
1257 416 1368 451 εὐλόγου
1381 413 1539 448 ἀπολογίας,
1552 410 1665 448 (56).διά
1676 409 1723 436 τοῦ
1738 408 1837 442 λέγειν·

1052 452 1099 498 Εἰς
1116 465 1134 492 ἃ
1150 464 1318 499 ἐφθάσαμεν.
1336 462 1368 488 Et
1382 461 1411 487 δέ
1425 469 1452 487 τι
1466 458 1542 495 παρὰ
1557 458 1588 484 τὸ
1601 455 1782 491 ἀνθρώπινον,
1796 452 1839 480 διὰ

1052 511 1163 548 χειλέων
1181 510 1292 545 φθέγμα
1305 507 1395 544 μεῖζόν
1409 515 1435 533 τι
1451 503 1636 543 προσδοκῶσιν
1647 503 1672 529 οἱ
1686 501 1793 536 ἄνδρες,
1806 499 1840 525 τά

1053 545 1085 585 ἔκ
1099 558 1198 594 μέρους
1212 556 1304 587 αὐτοῖς
1318 553 1501 590 γνωρισθέντα
1515 550 1570 586 (57)
1588 546 1784 583 καταργεῖσθαι
1798 545 1839 571 λέ-

1052 591 1156 640 γοντες,
1173 603 1251 638 δῆλον
1275 603 1315 628 ὅτι
1336 600 1403 627 πολὺ
1420 598 1466 626 τοῦ
1481 595 1656 632 ἐλπιζομένου
1672 593 1797 621 λείπεται
1810 591 1839 640 τὸ

1053 636 1102 685 ἦν,
1119 649 1167 676 καὶ
1187 636 1219 675 τὸ
1234 647 1290 679 ἀεὶ,
1307 646 1355 674 καὶ
1375 645 1406 672 τὸ
1421 643 1478 678 πρὸ
1498 643 1620 671 ultimm”
1636 641 1705 676 ὅπερ
1722 639 1744 666 δ’
1762 638 1794 665 ἂν
1810 636 1837 675 ᾖ,

1052 697 1103 724 οὐκ
1116 696 1173 722 ἐστι
1186 694 1283 722 ταύτὸν
1296 692 1336 728 τῷ
1357 691 1517 726 Ἀγεννήτῳ.
1531 687 1636 716 Οὐκοῦν
1648 686 1687 721 τῷ
1701 686 1750 721 μὲν
1760 684 1840 718 ἀγεν-

1053 744 1125 779 νήτῳ
1141 741 1238 778 Πατρὶ,
1261 741 1359 767 οἰκεῖον
1376 737 1483 772 ἀξίωμα
1502 734 1660 770 φυλακτέον,
1677 731 1780 768 μηδένα
1793 729 1839 756 τοῦ

1053 776 1120 817 εἶναι
1137 776 1211 824 αὒτῷ
1223 788 1270 814 τὸν
1283 786 1368 813 αἴτιον
1378 784 1515 818 λέγοντας·
1529 781 1569 817 τῷ
1580 781 1608 807 δὲ
1623 779 1678 815 Υίῷ
1688 778 1738 814 τὴν
1753 776 1840 812 ἁρμό-

1054 835 1152 868 ζουσαν
1169 822 1251 869 τιμὴν
1266 829 1460 866 ἀπονεμητέον,
1480 827 1528 864 τὴν
1544 828 1659 863 ἄναρχον
1675 823 1750 860 αὐτῷ
1765 822 1841 859 παρὰ

1053 880 1099 908 τοῦ
1122 879 1228 916 Πατρὺς
1251 878 1377 913 γέννησιν
1394 874 1578 905 ἀνατιθέντας,
1594 872 1642 898 καὶ
1659 871 1698 903 ὡς
1719 869 1840 904 ἐφθάσα-

1056 935 1115 963 μεν,
1136 925 1210 961 αὺτῷ
1233 923 1313 956 σέϐας
1336 921 1534 957 ἀπονέμοντες,
1560 919 1638 955 μόνον
1654 916 1774 948 εὐσεϐῶς
1793 915 1840 942 καὶ

1053 960 1183 1008 εὐφήμως
1196 960 1228 996 τὸ
1243 967 1293 1005 ἦν,
1309 967 1356 995 καὶ
1372 967 1403 994 τὸ
1416 965 1472 998 ἀεὶ,
1485 964 1532 992 καὶ
1547 964 1578 990 τὸ
1593 963 1649 997 πρὸ
1666 961 1783 989 αἰών-οη·
1798 960 1840 986 λέ-

1053 1027 1147 1053 γοντες
1159 1017 1202 1044 ἐπ’
1218 1015 1310 1044 αὐτοῦ·
1322 1015 1371 1051 τὴν
1388 1014 1478 1050 μέντοι
1492 1012 1608 1046 θεότητα
1622 1010 1703 1037 αὑτοῦ
1717 1009 1755 1045 μὴ
1772 1017 1840 1044 παρ-

1053 1067 1218 1102 αιτούμενοι,
1239 1064 1307 1092 ἀλλά
1326 1064 1359 1099 τῇ
1382 1062 1465 1089 εικόνι
1487 1060 1534 1088 καὶ
1558 1059 1597 1094 τῷ
1616 1057 1770 1094 χαρακτῆρι
1795 1055 1840 1082 τοῦ

1053 1113 1159 1149 Πατρδς
1173 1109 1405 1146 ἀπηκριϐωμένην
1417 1106 1564 1143 ἐμφέρειαν
1582 1104 1652 1131 κατὰ
1668 1103 1758 1130 πάντα
1774 1103 1839 1130 ἀνα-

1041 1148 1182 1190 τιθέντες.
1194 1157 1231 1184 Τὸ
1241 1156 1269 1183 δὲ
1280 1156 1425 1191 ἀγέννητον
1438 1153 1477 1188 τῷ
1487 1153 1575 1188 Πατρὶ
1588 1151 1666 1186 μόνον
1679 1148 1839 1185 ίδίωμαβδ)

1054 1207 1179 1242 παρεῖναι
1193 1203 1359 1236 δοξάζοντες,
1376 1201 1424 1228 ἀτε
1436 1199 1464 1226 δὲ
1476 1200 1523 1226 καὶ
1532 1197 1614 1225 αὑτοῦ
1628 1198 1779 1232 φάσκοντος
1795 1194 1839 1222 τοῦ

1053 1239 1189 1286 Σωτῆρος·
1210 1250 1242 1276 '0
1256 1247 1357 1281 Πατήρ
1370 1255 1430 1282 μου
1443 1244 1549 1280 μείζων
1561 1252 1621 1278 μου
1636 1242 1712 1269 ἐστι.
1727 1240 1800 1286 Πρὸς

1053 1298 1085 1332 τῇ
1102 1284 1208 1322 εὗσεϐεῖ
1219 1295 1304 1330 ταύτῃ
1320 1293 1383 1326 περὶ
1397 1291 1504 1327 Πατρὸς
1521 1290 1568 1316 καὶ
1583 1287 1647 1315 Υἰοῦ
1662 1286 1737 1323 δόξῃ,
1750 1284 1841 1317 καθὼς

1054 1343 1127 1378 ἡμᾶς
1148 1341 1176 1368 αἱ
1191 1341 1259 1368 θεῖαι
1274 1338 1381 1375 Γραφαὶ
1393 1337 1571 1367 διδάσκουσιν,
1592 1334 1621 1361 ἓν
1635 1332 1749 1368 Πνεῦμα
1766 1332 1842 1365 ἅγιον

1053 1388 1248 1425 ὁμολογοῦμεν,
1264 1387 1294 1414 τὺ
1308 1385 1433 1413 καινίσαν
1448 1383 1504 1419 (59)
1524 1381 1587 1413 τούς
1603 1390 1633 1408 τε
1651 1381 1700 1416 τῆς
1720 1379 1840 1410 Παλαιᾶς

1053 1436 1190 1472 Διαθήκης
1206 1434 1299 1469 ἁγίους
1320 1432 1487 1468 ἀνθρώπους,
1505 1430 1552 1456 καὶ
1567 1428 1630 1460 τοὺς
1644 1427 1693 1462 τῆς
1707 1434 1841 1462 χρηματι-

1055 1482 1154 1517 ζούσης
1177 1481 1281 1516 Καινῆς
1308 1478 1454 1510 παιδευτὰς
1479 1476 1577 1508 θείους.
1594 1475 1666 1502 Μίαν
1692 1473 1740 1500 καὶ
1758 1473 1842 1508 μόνην

1054 1528 1212 1564 καθολικὴν,
1233 1527 1282 1563 τὴν
1304 1524 1483 1558 ἀποστολικὴν
1505 1520 1676 1557 Ἐκκλησίαν·
1694 1518 1843 1554 ἀκαθαίρε-

1054 1584 1099 1602 τον
1118 1574 1167 1610 μὲν
1182 1574 1234 1606 ἀεὶ,
1256 1571 1309 1599 κᾶν
1328 1572 1382 1603 πᾶς
1400 1571 1415 1597 ὁ
1431 1570 1531 1605 κόσμος
1545 1568 1613 1603 αὐτῇ
1631 1566 1760 1601 πολεμεῖν
1780 1564 1840 1599 βου-

1054 1609 1236 1655 λεύηται(40)·
1252 1616 1397 1653 νικηφόρον
1409 1615 1438 1642 δὲ
1448 1615 1537 1649 πάσης
1551 1613 1600 1648 τῆς
1611 1611 1665 1638 τῶν
1680 1609 1842 1646 ἑτεροδόξων

1056 1665 1241 1700 ἀσεϐεστάτης
1265 1662 1483 1693 ἐπαναστάσεως,
1503 1659 1646 1695 εὐθαρσεῖς
1664 1658 1739 1693 ἡμᾶς
1759 1664 1842 1683 κατα-

1056 1711 1237 1742 σκευάσαντος
1250 1709 1305 1746 (41)
1322 1708 1369 1735 τοῦ
1393 1706 1586 1734 Οἰκοδεσπότου
1608 1703 1704 1738 αὐτῆς,
1727 1703 1773 1729 διὰ
1796 1701 1841 1728 τοῦ

1058 1759 1131 1794 βοᾷν-
1149 1757 1299 1791 Θαρσεῖτε,
1320 1755 1377 1790 ἐγὼ
1390 1754 1533 1786 νενίκηκα
1546 1751 1600 1779 τὸν
1615 1751 1741 1786 κόσμον.
1765 1748 1842 1775 Μετὰ

1057 1806 1134 1834 τοῦτο
1150 1805 1200 1840 τὴν
1214 1806 1247 1831 ὲκ
1268 1803 1372 1839 νεκρῶν
1387 1802 1532 1829 ἀνάστασιν
1547 1799 1666 1835 οἴδαμεν·
1682 1795 1717 1832 ἧς
1730 1796 1842 1832 ἀπαρχὴ

1056 1852 1166 1888 γέγονεν
1180 1853 1194 1878 ὁ
1211 1851 1314 1886 Κύριος
1329 1848 1407 1885 ἡμῶν
1429 1846 1531 1883 Ἰησοῦς
1545 1844 1672 1881 Χριστὸς,
1691 1843 1774 1878 σῶμα
1794 1851 1840 1877 φο-

1057 1897 1138 1934 ρέσας
1155 1895 1262 1932 ἀληθῶς
1276 1895 1323 1921 καὶ
1337 1894 1366 1921 οὺ
1380 1893 1497 1928 δοκήσει,
1518 1892 1550 1918 ὲκ
1562 1890 1612 1926 τῆς
1628 1888 1761 1915 Θεοτόκου
1784 1888 1843 1914 Ma-

1058 1942 1127 1978 ρίας,
1146 1942 1192 1968 ἐπὶ
1209 1940 1346 1976 συντελείᾳ
1363 1940 1416 1966 τῶν
1436 1938 1540 1966 αἰώνων
1556 1938 1595 1968 είς
1609 1936 1738 1971 ἀθέτησιν
1754 1935 1843 1970 ἀμαρ-

1055 1987 1115 2020 τίας
1127 1987 1298 2023 ἐπιδημήσας
1316 1985 1355 2022 τῷ
1373 1985 1445 2020 γένει
1465 1983 1518 2010 τῶν
1535 1981 1696 2018 ἀνθρώπων,
1717 1987 1841 2014 σταυρω-

1055 2035 1112 2066 θεὶς
1133 2034 1180 2061 καὶ
1196 2033 1348 2065 ἀποθανὼν,
1372 2031 1428 2059 ἀλλ’
1445 2031 1476 2058 οὺ
1498 2030 1542 2058 διὰ
1560 2029 1647 2056 ταῦτα
1668 2027 1719 2062 τῆς
1744 2023 1841 2053 ἑαυτοῦ

1055 2081 1181 2116 θεότητος
1199 2080 1288 2115 ἥττων
1310 2077 1499 2114 γεγενημένος·
1523 2074 1641 2106 ἀναστὰς
1668 2074 1701 2099 ὲκ
1724 2071 1839 2107 νεκρῶν,

1054 2125 1220 2162 ἀναληφθεὶς
1234 2125 1263 2152 ὲν
1278 2125 1412 2160 οὐρανοῖς,
1425 2122 1578 2158 καθήμενος
1597 2120 1626 2147 ὲν
1639 2118 1714 2154 δεξιᾷ
1724 2117 1775 2153 τῆς
1793 2124 1841 2151 με-

219 2178 362 2210 peccatum
382 2174 537 2207 tolleretur,
560 2175 594 2202 ad
612 2174 760 2202 humanum
776 2183 862 2210 genus
877 2174 1002 2206 advenit,
1020 2171 1043 2198 D
1055 2172 1223 2208 γαλωσύνης-

221 2223 350 2258 crucique
368 2222 437 2250 tixus
469 2226 496 2250 et
527 2226 650 2250 mortuus
664 2226 721 2250 est:
741 2231 791 2250 nec
812 2226 903 2250 tamen
930 2222 1032 2250 idcirco
1048 2221 1198 2252 divinitatis
1215 2227 1271 2248 suae
1293 2218 1484 2246 detrimentum
1507 2215 1615 2244 sensit:
1634 2212 1786 2241 suscitatus
1808 2217 1839 2238 ex

220 2272 347 2304 mortuis,
363 2275 519 2306 assumptus
543 2270 571 2298 in
588 2270 698 2302 cmlum,
715 2271 866 2306 sedensque
889 2270 923 2297 ad
948 2271 1086 2298 dexteram
1104 2267 1264 2304 maiestatis.

257 2350 280 2365 ³⁸
294 2350 375 2379 Joan.
390 2359 446 2384 xlv,
461 2351 506 2379 28.
547 2351 569 2367 "
584 2350 665 2378 Joan.
680 2359 737 2383 va,
753 2351 797 2378 55.

222 2442 239 2449 ,Δ
256 2406 313 2443 (56)
326 2408 377 2449 Aid.
388 2408 441 2449 τρῦ
456 2408 565 2449 λέγειν·
574 2407 656 2449 Eiet!
668 2407 850 2449 ἐφθάσαμεν.
863 2406 913 2449 llic
927 2407 1004 2449 locus

222 2442 259 2468 ita
271 2450 333 2478 cum
348 2442 597 2478 Christophorsono
612 2442 759 2471 dilucidius
774 2442 921 2470 vertendus
935 2442 1005 2469 vide-

221 2481 266 2503 tur
282 2477 419 2519 :JEatenus
445 2477 477 2519 de
506 2479 546 2505 In's
572 2478 648 2519 tetras
677 2479 850 2519 iustituimus,
878 2482 1005 2512 quatenus

220 2514 314 2539 mentis
330 2518 426 2540 nostra:
439 2515 477 2540 vis
490 2514 610 2548 consequi
623 2514 716 2548 patuit.

256 2548 317 2588 (ῇτλ
329 2549 367 2575 Τὰ
427 2549 534 2588 μέρους
549 2546 874 2588 ᾳῦτοῖςιτῖωριᾳθένταῖ
891 2547 921 2588 in
939 2555 1006 2588 mss.

221 2583 472 2622 codicibus-ligio,
486 2584 621 2622 Allaliano
637 2586 663 2610 et
679 2583 827 2622 Saviliapo,
851 2586 878 2610 et
890 2583 938 2622 _in_
949 2583 1007 2609 edi-

220 2617 295 2645 tione
315 2616 458 2654 Basiliensi
484 2619 616 2654 scriptum
641 2617 871 2654 οειγνωσθένταἶ
890 2616 1003 2644 Videtur

163 2664 167 2668 -
221 2658 311 2688 autem
334 2653 454 2681 alludere
475 2652 629 2681 Alexander
644 2654 677 2680 ad
693 2653 781 2680 locum
796 2652 872 2679 Pauli
888 2652 1003 2688 apostoli

222 2687 248 2712 in
267 2687 393 2722 Epistola.
403 2689 491 2723 prima
514 2689 548 2715 ad
569 2689 704 2718 Corinth,
726 2695 757 2714 ea:
776 2693 850 2722 parte
869 2687 1004 2722 cognosci-

222 2729 279 2748 mus
302 2728 381 2763 etei
391 2729 466 2763 parte
479 2724 725 2763 prop/ictungus._lta
740 2727 812 2750 certe
825 2723 896 2751 hunc
916 2724 1003 2750 locum

222 2758 356 2798 ειρρξμὶι-
362 2758 528 2798 Epﬂihanius
537 2759 741 2798 _Scho_la_sticus.

335 2793 482 2833 Τῷματρὶ
502 2795 597 2833 μόνον
613 2794 723 2833 ἰδίωμα.
741 2792 774 2833 _l_n
795 2793 890 2833 codice
905 2792 1004 2833 Leonis

223 2826 315 2853 Allatii
337 2828 467 2861 scriptum
488 2826 529 2855 est
548 2829 628 2863 μόνῳ.
644 2826 696 2856 sed
710 2828 806 2863 reliqui
822 2829 930 2857 codices
947 2828 1004 2856 vul-

223 2868 253 2896 go
259 2866 265 2887 t
271 2869 312 2887 am
330 2862 492 2896 scripturam
509 2862 628 2890 tuentur.

1093 2405 1209 2441 (59),”,
1226 2404 1376 2441 καινίσαν.
1398 2401 1428 2429 In
1441 2401 1534 2441 codice
1548 2400 1648 2427 Leonis
1664 2397 1757 2426 Allatii
1768 2402 1804 2441 .ct‘
1814 2398 1840 2425 in

1056 2433 1178 2476 Belgio}.
1196 2439 1254 2476 Pini
1271 2439 1402 2476 scriptum
1420 2440 1460 2465 est
1468 2436 1598 2476 κινῆσαν,
1617 2442 1698 2476 quam
1720 2433 1839 2468 scriptu-

1056 2470 1114 2503 ram
1130 2476 1192 2503 licet
1204 2474 1300 2509 reliqui
1312 2470 1421 2501 codices
1436 2472 1563 2505 refutent,
1576 2470 1648 2497 haud
1662 2474 1754 2496 tamen
1769 2476 1841 2504 sper-

1054 2511 1171 2539 nendam
1184 2514 1260 2545 puto.

1090 2546 1146 2581 (40)
1162 2538 1244 2581 ᾼῖῢτῇ
1254 2541 1599 2581 πολεμεῖτεβουλερηζαι.
1612 2540 1641 2581 lu
1652 2538 1839 2581 manuscript?

1056 2575 1149 2608 codice
1166 2575 1271 2613 Savi'lii,
1287 2575 1352 2607 etin
1365 2576 1637 2613 editionc_Ba_siliensi
1646 2575 1786 2613 scriptum
1799 2577 1839 2613 est

1058 2616 1194 2652 βούληται.
1213 2608 1270 2652 Sed,
1281 2614 1356 2652 ct__in
1377 2612 1471 2640 codice
1484 2611 1510 2639 J.
1524 2611 1584 2638 Pini
1599 2608 1732 2644 scriptum
1748 2608 1838 2636 inveni

1057 2649 1183 2686 πολεμεῖν
1195 2651 1263 2686 αὐτῇ
1279 2649 1415 2686 βούληται.

1087 2678 1143 2722 (Η)
1157 2678 1322 2719 Εὺθαρόὲῖς
1343 2678 1421 2722 ἡμᾶς
1442 2678 1837 2722 κατᾳσκεμάσαγτοςῖμξξὶε

1054 2713 1141 2756 placet
1151 2713 1299 2754 scriptura,
1309 2713 1393 2756 quain
1409 2713 1437 2744 in
1447 2717 1540 2744 codice
1552 2716 1740 2756 stlatianol‘et
1748 2715 1777 2756 in
1789 2713 1838 2740 Ba-

1051 2749 1156 2784 siliensi
1170 2749 1399 2788 editioneiéperi,
1416 2751 1673 2788 κατασκευάζοντος.
1687 2749 1838 2788 Conﬁrmat

1052 2792 1122 2819 hanc
1147 2790 1290 2818 lectionem
1315 2784 1484 2824 Epiphanius
1509 2784 1778 2824 Schplas_ti_cus,_qui
1799 2784 1836 2811 sic

1052 2827 1142 2858 vertit,
1164 2834 1268 2853 securos
1284 2820 1347 2851 ποθ’
1360 2820 1471 2858 faciente
1485 2820 1680 2858 putrefarnt'lias
1695 2820 1766 2854 ejus,
1784 2823 1834 2847 etv.

1052 2863 1082 2889 ln
1097 2856 1192 2889 codice
1207 2861 1271 2889 item
1284 2856 1393 2891 regio].
1413 2858 1472 2886 Pini
1489 2858 1526 2885 ita
1542 2856 1680 2885 scribitur.
