1911 3073
62 93 116 121 569

795 97 987 126 EPISTOLAE.

1679 99 1713 126 το

96 150 170 178 XIII.
193 152 302 180 Ταῦτα
316 154 357 181 ἐκ
369 155 466 191 μέρους
480 155 630 191 ὲνεχάραξα
640 157 673 192 τῇ
688 156 827 192 ἐπιστολῇ,
844 165 853 183 1

912 183 914 187 ,
961 155 1028 183 Xlll.
1047 155 1110 185 Haec
1127 165 1160 184 ex
1180 161 1257 193 parte
1280 157 1425 193 perscripsi
1442 156 1470 184 in
1498 157 1550 185 hac
1577 157 1710 193 epistola,

63 197 122 225 καθ’
146 197 278 225 ἕκαστον
303 201 356 227 ἐπ’
377 201 516 237 ἀκριϐείας
539 202 663 238 γράφειν,
683 203 819 238 φορτικὸν,
839 203 877 235 ὡς

62 245 141 279 ἔφην,
165 243 245 271 εῖναι
272 247 410 282 νομίσας,
432 247 476 274 διὰ
498 248 529 274 τὸ
552 248 618 284 μηδὲ
640 248 688 284 τὴν
708 248 783 283 ἱερὰν
799 248 876 284 ὑμῶν

61 288 149 316 ταῦτα
164 288 330 325 λεληθέναι
349 291 476 327 σπουδήν.
492 291 583 319 Ταῦτα
601 291 771 327 διδάσκομεν,
791 292 876 319 ταῦτα

62 336 256 371 κηρύττομεν.
281 337 385 364 Ταῦτα
405 337 455 373 τῆς
478 337 640 374 Ἐκκλησίας
658 337 693 364 τὰ
711 338 876 365 ἀποστολικὰ

61 382 198 417 δᾶγματα,
214 382 299 418 ὑπὲρ
312 379 356 410 ὧν
366 383 412 410 καὶ
421 383 639 419 ἀποθνήσκομεν,
649 383 703 410 τῶν
713 383 875 419 ἐξόμνυσθαι

61 427 128 454 αὐτὰ
149 427 347 464 βιαζομένων
370 427 450 465 ἧττον
474 429 692 464 πεφροντικότες,
715 431 740 456 εί
761 430 808 456 καὶ
830 429 875 457 διὰ

62 473 190 508 βασάνων
205 474 422 508 ἀναγκάζουσι,
437 475 484 510 τὴν
501 475 529 501 ἐν
544 475 635 506 αὐτοῖς
648 474 742 502 ἐλπίδα
759 474 796 511 μὴ
808 475 875 502 ἁπο-

62 520 261 555 στρεφόμενοι.
300 518 357 548 7Ων
384 521 498 548 ἐναντίοι
524 522 663 557 γενόμενοι
685 523 708 549 οἱ
736 522 807 557 ἀμφὶ
828 522 874 550 τὸν

62 567 172 602 Ἀρειον
186 567 241 593 καὶ
267 567 402 603 Ἀχιλλᾶν
418 568 465 595 καὶ
477 568 501 594 οἱ
518 567 567 603 τῆς
581 568 709 604 ἀληθείας
724 570 771 595 σὺν
782 568 873 601 αὐτοῖς

60 613 198 648 πολέμιοι,
228 613 429 649 ἀπεώσθησαν
456 614 505 650 τῆς
538 614 710 650 Ἐκκλησίας,
738 614 872 651 ἀλλότριοι

60 659 204 694 γενόμενοι
226 659 288 694 τῆς
306 659 438 692 εὐσεϐοῦς
451 660 529 696 ἡμῶν
544 660 726 693 διδασκαλίας,
744 660 814 687 κατὰ
827 661 871 687 τὸν

61 705 200 741 μακάρων
215 704 341 732 Παῦλον
355 705 477 740 λέγοντα·
492 706 529 733 Εἰ
540 715 585 740 τις
597 705 675 741 ὑμᾶς
689 705 872 741 εὐαγγελίζε-

59 760 104 778 ται
123 752 197 786 παρ’
212 751 230 778 ὃ
249 752 453 787 παρελάϐετε,
467 752 599 787 ἀνάθεμα
613 752 701 786 ἔστω,
715 752 772 780 κᾶν
785 752 871 788 ἅγγε-

60 800 111 831 λος
126 798 162 830 ἐξ
180 798 332 832 οὐρανοῦ
350 799 426 825 εἷναι
447 799 638 835 προσποιῆται.
663 798 743 826 Ἀλλὰ
758 799 814 831 καὶ,
833 798 871 826 Εἴ

60 852 103 876 τις
130 844 425 878 ἑτεροδιδασκαλεῖ,
450 845 499 872 καὶ
519 844 562 879 μὴ
587 845 782 879 προσέρχεται
807 844 869 877 τοῖς

61 891 237 925 ὑγιαίνουσι
260 891 371 925 λόγοις
391 890 453 924 τοῖς
466 890 520 917 τοῦ
538 891 648 924 Κυρίου
667 890 750 925 ἡμῶν
770 890 867 924 Ἰησοῦ

60 936 204 971 Χριστοῦ,
224 936 283 964 καὶ
299 936 341 972 τῇ
354 937 417 964 κατ’
433 937 590 964 εὐσέϐειαν
604 936 795 970 διδασκαλίῃ,
819 945 866 963 τε·-

885 830 906 858 Β

929 202 1036 238 singula
1053 206 1179 230 accurate
1194 203 1319 238 persequi
1337 203 1521 238 importunum
1543 203 1710 238 arbitratus,

927 252 958 275 ut
973 251 1052 275 antea
1066 248 1140 281 di‘xi,
1158 256 1192 276 eo
1209 248 1281 284 quod
1295 249 1447 284 religiosam
1462 253 1579 277 vestram
1593 250 1710 285 diligen-

926 293 990 320 tiam
1006 301 1061 320 non
1078 293 1188 321 lateant.
1216 293 1278 321 Haec
1292 294 1433 326 docemus,
1449 294 1506 321 haec
1518 295 1708 330 praedicamus.

926 337 989 366 Ηίεο
1011 343 1075 366 sunt
1104 339 1253 373 apostolica
1271 338 1400 366 Ecclesiae
1423 339 1566 375 dogmata,
1583 349 1632 376 pro
1646 341 1708 377 qui-

925 383 976 410 bus
989 386 1102 410 mortem
1116 391 1225 419 quoque
1240 383 1356 411 libenter
1379 384 1531 419 oppetimus
1541 405 1548 417 ,
1564 386 1640 420 parvi
1668 386 1709 413 fa-

924 428 1026 456 cientes
1039 437 1086 456 cos
1099 429 1145 464 qui
1162 437 1211 456 nos
1233 429 1284 456 ista
1300 437 1400 464 negare
1421 429 1600 464 compellunt,
1617 439 1707 465 spem-

924 482 976 509 que
989 473 1016 501 in
1030 473 1064 501 iis
1081 474 1196 509 positam
1213 482 1267 501 non
1291 474 1451 510 abjicieutes
1463 494 1470 506 ,
1488 474 1550 502 licet
1580 475 1625 502 isti
1650 479 1708 502 tor-

924 519 1022 547 mentis
1036 519 1165 547 adhibitis
1190 519 1244 546 vim
1265 519 1388 547 allerant.
1412 519 1517 553 Quibus
1533 520 1706 549 adversantes

921 566 1003 594 Arius
1019 570 1046 594 et
1056 566 1185 597 Achillas.
1201 572 1228 594 el
1247 567 1294 601 qui
1311 574 1373 594 cum
1395 567 1448 594 illis
1466 570 1529 594 sunt
1553 566 1645 594 hostes
1660 575 1706 595 ve-

921 612 1020 644 ritatis,
1034 612 1156 640 Ecclesia
1169 613 1275 648 expulsi
1289 617 1362 645 sunt,
1375 617 1469 649 utpote
1480 613 1560 640 alieni
1577 620 1593 639 a
1613 617 1706 640 nostra

922 657 965 692 pia
982 657 1117 690 doctrina,
1131 658 1209 693 juxta
1231 659 1340 687 beatum
1361 659 1474 687 Paulum
1484 679 1492 691 ,
1509 660 1554 694 qui
1569 660 1607 687 ait
1618 659 1640 675 "
1654 670 1660 689 :
1676 659 1706 688 Si

921 704 978 738 quis
992 703 1062 731 vobis
1077 705 1292 740 euangelizaverit
1315 711 1412 740 prwter
1432 706 1458 733 id
1472 706 1540 742 quod
1553 707 1704 741 accepistis,
1730 733 1733 734 ,

920 749 1060 776 anathema
1083 750 1136 782 sit;
1161 750 1222 779 licet
1243 751 1361 786 angelum
1373 751 1404 778 de
1411 751 1474 778 uelo
1483 760 1510 779 se
1519 760 1573 779 esse
1585 751 1703 779 simulet.

921 793 974 822 Sed
990 800 1026 826 et.
1045 794 1076 822 Si
1095 796 1153 830 quis
1173 795 1246 822 aliud
1260 797 1368 829 doceat,
1384 802 1408 824 et
1424 806 1475 824 non
1498 798 1645 833 acquiescat
1660 807 1706 825 sa-

919 842 971 869 cris
986 842 1148 870 sermonibus
1167 842 1274 870 Domini
1296 844 1380 870 nostri
1404 843 1468 870 Iesu
1493 843 1609 877 Christi,
1633 848 1658 870 et
1679 845 1705 871 εὶ

918 895 976 922 quae
987 887 1129 914 secundum
1149 888 1271 922 pietatem
1288 893 1326 915 est
1342 888 1489 920 doctrinm;
1505 889 1526 916 is
1539 889 1650 923 inﬂatur
1662 889 1704 916 ni-

918 931 956 959 hil
971 933 1054 960 sciens
1069 933 1090 949 ³τ
1107 942 1113 960 :
1130 937 1157 960 et
1172 941 1232 968 qua
1252 937 1412 968 sequuntur.
1429 933 1484 961 llos
1504 934 1587 968 igitur
1598 934 1632 961 ab
1645 934 1705 961 uni-

62 983 203 1017 τύρωται,
215 983 329 1017 μηδὲν
340 984 547 1018 ἐπιστάμενος,
558 983 604 1010 καὶ
619 983 652 1010 τὰ
665 983 737 1017 ἑξῆς.
750 983 851 1010 Τούτου

918 979 1004 1006 versis
1039 978 1170 1007 fratribus
1200 979 1443 1007 anathematizatos
1474 987 1554 1007 nemo
1581 983 1701 1008 vestrum

61 1026 105 1054 οὖν
117 1028 403 1063 ἀναθεματισθὲντας
420 1029 475 1055 ἅπῦ
490 1029 541 1064 τῆς
560 1028 748 1064 ἁδελφότητος,
772 1028 851 1063 μηδεὶ

918 1024 1060 1059 suscipiat,
1073 1032 1123 1052 nec
1136 1032 1167 1052 ea
1178 1032 1238 1060 quae
1253 1025 1286 1052 ab
1303 1025 1356 1052 illis
1368 1029 1415 1052 aut
1430 1025 1559 1052 dicuntur
1573 1029 1619 1052 aut
1633 1026 1703 1053 scri-

64 1072 137 1107 ὺμῶν
160 1072 306 1107 δεχέσθω,
338 1073 404 1108 μηδὲ
431 1073 568 1108 ὰνεχέσθω
590 1072 644 1099 τῶν
667 1072 819 1108 λεγομένων
845 1074 853 1099 i

916 1069 1017 1097 buntur
1044 1069 1177 1097 admittat.
1206 1070 1302 1098 Omnia
1336 1071 1408 1098 enim
1439 1070 1606 1098 mentiuntur
1633 1079 1701 1107 prae-

63 1119 248 1154 γραφομένων
273 1120 325 1146 ὑπ’
349 1120 448 1147 αὐτῶν.
471 1120 563 1147 Πάντα
576 1119 630 1155 γὰρ
646 1120 669 1146 οἱ
686 1119 782 1154 γόητες
799 1119 853 1154 (peni

915 1115 1080 1150 stigiatores,
1096 1123 1146 1143 nec
1162 1117 1302 1144 veritatem
1318 1124 1438 1152 unquam
1458 1117 1612 1152 loquentur.
1641 1116 1700 1144 Cir-

65 1164 160 1196 δονται,
176 1165 321 1201 ἀλήθειαν
336 1166 366 1192 οὒ
382 1165 418 1201 μὴ
430 1166 584 1200 λαλήσουσι,
603 1164 793 1201 Περιέρχονται
808 1165 853 1201 γὰε

915 1166 1043 1188 cumeunt
1059 1161 1193 1196 siquidem
1207 1162 1342 1195 civitates,
1365 1163 1431 1190 nihil
1450 1162 1523 1190 aliud
1539 1163 1679 1191 molientes
1690 1182 1699 1196 ,

64 1210 110 1242 τὰς
134 1211 247 1243 πόλεις,
280 1211 360 1238 οὐδὲν
384 1211 475 1247 ἕτερον
502 1212 704 1244 σπουδάζοντες,
720 1211 736 1247 ἦ
755 1210 794 1246 τῷ
813 1212 853 1246 τῆς

914 1214 995 1241 quam
1011 1212 1040 1234 ut
1059 1207 1185 1234 amicitia:
1200 1209 1290 1242 specie
1303 1211 1331 1235 et
1346 1208 1397 1235 sub
1418 1207 1528 1235 nomine
1541 1207 1618 1243 pacis
1629 1227 1637 1240 ,
1652 1215 1701 1243 per

67 1255 150 1289 φιλίας
175 1257 367 1293 προσχήματι
392 1257 439 1283 καὶ
468 1256 507 1292 τῷ
535 1256 586 1292 τῆς
601 1257 712 1292 εἰρήνης
738 1256 849 1291 ὀνόματι

914 1252 1113 1280 simulationem
1130 1256 1157 1281 et
1171 1253 1319 1281 blanditias
1330 1253 1396 1281 deut
1411 1253 1516 1281 litteras
1529 1257 1610 1288 atque
1625 1255 1698 1282 acci-

66 1300 96 1326 δι’
112 1301 295 1336 ὑποκρίσεως
315 1302 362 1328 καὶ
377 1301 521 1334 κολακείας
535 1302 687 1337 γράμματα
700 1301 800 1328 διδόναι
813 1301 853 1328 κατ

913 1299 1007 1335 piant;
1024 1300 1124 1334 quibus
1144 1300 1314 1327 mulierculas
1329 1309 1430 1335 paucas
1444 1301 1477 1327 ab
1496 1300 1560 1335 ipsis
1579 1300 1699 1335 deceptas

66 1345 222 1381 λαμϐάνειν,
240 1348 316 1383 πρὸς
327 1347 358 1374 τὺ
372 1347 475 1374 πλανᾶν
494 1347 538 1374 διὰ
549 1348 650 1374 τούτων
661 1348 695 1374 τὰ
711 1347 756 1374 ὑπ’
771 1347 853 1374 αὺτῶι

913 1350 937 1372 et
952 1345 1065 1380 peccatis
1080 1350 1189 1373 onustas
1206 1346 1234 1373 in
1243 1354 1358 1374 errorem
1370 1346 1496 1373 inducant
1514 1346 1535 1362 ³⁸
1547 1349 1573 1374 et
1588 1350 1697 1375 caatera.

66 1394 243 1429 ἠπαττυιένα
254 1395 348 1430 ὀλίγα
359 1393 546 1430 γυναικάρια,
559 1395 762 1430 σεσορευμένα
773 1394 936 1429 ἁμαρτίαις,
953 1393 999 1420 καὶ
1014 1393 1048 1420 τὰ
1061 1393 1133 1429 ἑξῆς.

97 1452 167 1480 XW.
188 1453 317 1485 Τούτους
331 1451 377 1480 οὖν
391 1454 453 1485 τοὺς
469 1453 503 1480 τὰ
518 1453 636 1480 τοσαῦτα
651 1453 722 1480 κατὰ
739 1453 858 1490 Χριστοῦ

947 1451 1017 1479 XIV.
1042 1451 1097 1480 Hos
1112 1460 1177 1487 ergo
1193 1452 1239 1488 qui
1254 1456 1293 1480 tot
1306 1460 1338 1480 ac
1360 1456 1434 1479 tanta
1451 1452 1511 1479 ausi
1525 1455 1590 1480 sunt
1603 1456 1698 1479 contra

67 1497 264 1534 τολμήσαντας,
281 1499 346 1531 τοὺς
363 1499 408 1525 τὸν
425 1499 636 1534 Χριστιανισμὸν
650 1499 728 1526 τοῦτο
749 1499 798 1534 μὲν
811 1499 853 1528 δη-

912 1498 1067 1532 Christum;
1083 1499 1130 1534 qui
1145 1499 1328 1527 Christianam
1349 1499 1507 1535 religionem
1523 1499 1621 1534 partim
1637 1499 1698 1526 irri—

71 1544 145 1579 μοσίᾳ.
164 1544 364 1580 διασύραντας,
387 1543 466 1570 τοῦτο
489 1544 516 1570 δὲ
535 1544 580 1570 ἐπὶ
598 1544 779 1580 δικαστηρίων
795 1544 856 1570 ὲπι-

69 1587 182 1624 δεικτιᾷν
200 1588 459 1624 φιλοτιμουμένους,
479 1588 542 1620 τοὺς
557 1588 675 1623 διωγμὸν
691 1589 757 1624 ἡμῖν
774 1589 803 1614 ὲν
819 1588 857 1615 εί-

72 1633 136 1670 ρὴνῃ
147 1634 177 1660 τὺ
191 1634 256 1661 ὅσον
276 1634 320 1660 ἐπ’
334 1634 425 1665 αὐτοῖς
437 1634 643 1670 ἐπεγείραντας,
656 1634 719 1665 τοὺς
729 1634 759 1660 τὺ
772 1634 857 1669 άῤῥη-

70 1687 112 1705 τον
126 1681 278 1716 μυστήριον
296 1681 346 1716 τῆς
360 1680 477 1715 Χριστοῦ
491 1680 624 1715 γενέσεως
635 1680 854 1716 ὲκνευρίσαντας,

71 1724 174 1757 τούτους
187 1726 425 1761 ἀποστραφέντες,
439 1726 576 1761 ἀγαπητοὶ
585 1727 630 1753 καὶ
638 1726 767 1761 ὀμόψυχοι
780 1726 856 1752 ἀδελ-

72 1771 122 1804 φοὶ,
143 1771 288 1808 σύμψηφοι
305 1771 411 1805 γίνεσθε
435 1772 505 1798 κατὰ
524 1772 573 1807 τῆς
599 1771 747 1807 μανιώδους
766 1772 854 1799 αὐτῶν

71 1814 175 1851 τόλμης,
188 1817 251 1843 καθ’
266 1815 414 1852 ὁμοιότητα
425 1816 479 1843 τῶν
493 1817 739 1852 ἀγανακτησάντων
756 1818 855 1844 συλλει-

72 1861 299 1898 τουργῶνλιμῶν,
325 1863 371 1890 καὶ
388 1863 596 1890 ἐπιστειλάντων
616 1872 660 1898 μοι
678 1863 738 1890 κατ’
754 1864 852 1895 αὐτῶν,

72 1906 114 1931 καὶ
126 1906 163 1942 τῷ
173 1908 250 1944 τόμῳ
263 1909 537 1944 συνυπογραῲάντων.
557 1909 590 1935 *Α
602 1908 650 1935 καὶ
660 1909 853 1945 διεπεμψάμην

74 1950 131 1985 ὑμῖν
150 1952 193 1979 διὰ
214 1953 264 1980 τοῦ
290 1953 347 1980 υἱοῦ
367 1962 417 1989 μου
441 1953 570 1986 ’Λπίωνος
589 1953 636 1980 τοῦ
651 1954 774 1981 διακόνου
785 1954 851 1990 (42),

73 1996 142 2027 τοῖΨο
157 1998 205 2032 μὲν
219 1999 314 2035 πάσης
332 1999 468 2034 Αἰγύπτου
493 2000 541 2026 καὶ
565 2000 707 2035 Θηϐαΐδος,
732 1999 811 2026 τοῦτο
824 2000 852 2026 δὲ

75 2042 167 2079 Λιϐύης
189 2054 219 2071 τε
245 2046 294 2072 καὶ
319 2046 520 2078 Πενταπύλεως,
547 2046 594 2072 καὶ
617 2046 726 2080 Συρίας,
748 2046 795 2072 καὶ
812 2046 852 2072 ἔτι

75 2086 165 2121 Λυκίας
190 2091 237 2118 καὶ
261 2091 435 2126 Παμφυλίας,
466 2092 566 2123 Ἀσίας,
580 2088 786 2124 Καππαδοκίας,
804 2091 851 2117 καὶ

76 2133 121 2159 τῶν
134 2135 216 2163 ἄλλων
231 2137 393 2173 περιχόρων.
413 2135 463 2163 Ὧν
480 2137 541 2163 καθ’
557 2137 712 2172 ὁμοιότητα,
725 2137 771 2163 καὶ
785 2137 851 2172 παρ’

907 1548 1003 1572 serunt
1015 1545 1123 1580 publice
1133 1565 1140 1576 ,
1158 1546 1256 1579 partim
1273 1545 1300 1572 in
1316 1545 1429 1580 judiciis
1445 1545 1589 1572 traducere
1604 1552 1636 1571 ac
1649 1545 1697 1572 de-

906 1595 1000 1618 notare
1015 1591 1144 1618 student:
1170 1591 1215 1626 qui
1231 1591 1308 1626 pacis
1331 1594 1452 1626 tempore
1479 1590 1694 1625 persecutionem

906 1637 1037 1664 adversus
1052 1644 1102 1664 nos
1114 1657 1121 1668 ,
1148 1641 1281 1672 quantum
1297 1637 1323 1664 in
1340 1637 1407 1672 ipsis
1433 1640 1492 1668 est,
1521 1637 1695 1669 excitarunt;

905 1683 950 1717 qui
968 1682 1104 1710 ineffabile
1118 1683 1276 1718 mysterium
1289 1683 1472 1718 generationis
1487 1680 1590 1711 Christi
1615 1691 1695 1711 ener-

904 1733 1023 1757 varunt:
1039 1729 1100 1763 hos,
1114 1730 1237 1765 inquam,
1256 1733 1414 1758 aversantes
1427 1750 1434 1763 ,
1449 1730 1603 1757 charissimi
1613 1735 1696 1765 atque

905 1775 1047 1803 unanimes
1066 1775 1178 1807 fratres,
1200 1775 1386 1812 suffragamini
1410 1776 1489 1803 nobis
1503 1776 1634 1804 adversus
1649 1776 1692 1803 fu-

904 1821 1004 1848 riosam
1024 1821 1131 1848 illorum
1148 1821 1289 1848 audaciam
1303 1841 1311 1853 ,
1335 1821 1449 1856 perinde
1471 1829 1504 1848 ac
1518 1821 1628 1856 collega:
1641 1828 1692 1848 no-

904 1867 965 1899 stri,
981 1866 1027 1901 qui
1040 1866 1172 1902 indignati
1193 1870 1268 1897 sunt.
1283 1872 1310 1894 et
1330 1867 1410 1894 nobis
1427 1867 1558 1902 epistolas
1573 1867 1692 1902 scripse-

903 1917 966 1939 runt
981 1913 1111 1940 adversus
1128 1913 1199 1945 illos,
1216 1917 1242 1940 et
1254 1917 1328 1940 temo
1344 1917 1439 1941 nostro
1455 1912 1690 1947 subscripserunt.

902 1957 966 1991 Quae
982 1959 1063 1986 etiam
1082 1959 1114 1985 ad
1131 1966 1179 1986 vos
1194 1959 1255 1986 misi
1276 1966 1323 1993 per
1343 1959 1426 1986 ﬁliuni
1445 1966 1534 1986 meum
1559 1957 1691 1993 Apionem

901 2004 1054 2036 diaconum,
1071 2004 1168 2039 partim
1183 2012 1216 2031 ex
1229 2004 1356 2032 universa
1368 2003 1486 2039 Egypto
1498 2011 1530 2030 ac
1541 2002 1690 2036 Thebaide,

901 2050 997 2085 partim
1013 2058 1047 2077 ex
1063 2049 1147 2085 Libya
1160 2057 1192 2077 ac
1206 2050 1347 2085 Pentapoli
1362 2059 1368 2077 :
1387 2050 1450 2077 item
1469 2057 1503 2076 ex
1519 2048 1597 2086 Syria
1607 2070 1614 2083 ,
1635 2048 1688 2085 Ly-

900 2095 953 2128 cia,
972 2094 1140 2131 Pamphylia,
1153 2096 1228 2128 Asia,
1248 2095 1420 2131 Cappadocia
1437 2095 1553 2130 aliisque
1567 2094 1690 2122 ﬁnitimis

900 2140 1058 2176 provinciis.
1078 2140 1200 2173 Quorum
1216 2142 1342 2176 exemplo
1357 2148 1372 2168 a
1389 2140 1467 2168 vobis
1490 2148 1598 2176 quoque
1619 2141 1690 2168 litte-

75 2178 142 2213 ὑμῶν
163 2182 290 2216 δέξασθαι
311 2183 436 2210 πέποιθα.
455 2182 561 2209 Πολλῶν
580 2183 634 2218 γάρ
651 2192 694 2218 μοι
712 2182 851 2218 βοηθημά-

912 2195 947 2214 'as
963 2194 1006 2214 me
1021 2191 1196 2221 accepturum
1211 2194 1272 2214 esse
1295 2186 1412 2214 conﬁdo.
1434 2185 1501 2213 Nam
1520 2193 1581 2213 cum
1604 2186 1690 2213 multa

76 2232 122 2251 των
137 2227 201 2263 πρὸς
220 2228 285 2261 τοὺς
302 2228 447 2263 βλαϐέντας
469 2229 686 2265 πεπορισμένων,
705 2229 753 2256 καὶ
770 2229 848 2256 τοῦτο

76 2270 172 2306 εὓρεται
188 2275 397 2311 λυσιφάρμακον
417 2275 464 2302 τοῦ
487 2275 532 2301 ὑπ’
553 2275 641 2302 αὐτῶν
663 2275 848 2311 ἀπατηθέντος

76 2314 140 2349 λαοῦ,
157 2321 322 2356 πειθομένων
341 2321 387 2348 καὶ
409 2322 470 2353 ταῖς
489 2321 544 2357 (45)
562 2321 616 2348 τῶν
636 2321 847 2357 συλλειτουργῷν

77 2361 144 2396 ἡμῶν
157 2367 394 2402 συγκαταθέσεσιν,
412 2368 452 2399 εἰς
473 2367 616 2403 μετάνοιαν
629 2367 673 2394 διὰ
688 2368 782 2395 τούτου
799 2368 845 2404 ἔρ-

903 2240 917 2258 a
935 2240 978 2260 me
989 2231 1115 2267 praesidia
1130 2237 1287 2266 comparata
1305 2232 1361 2259 sint.
1376 2231 1409 2258 ad
1429 2230 1567 2259 sanandos
1583 2236 1630 2257 eos
1641 2229 1687 2264 qui

902 2277 958 2305 laesi
973 2281 1047 2308 sunt,
1064 2281 1121 2303 tum
1137 2276 1203 2303 illud
1229 2277 1364 2312 praecipue
1379 2276 1527 2304 remedium
1551 2275 1688 2310 excogita-

900 2328 958 2352 tum
975 2327 1017 2352 est
1039 2323 1072 2350 ad
1096 2322 1244 2350 curandam
1270 2323 1471 2350 multitudinem
1492 2330 1552 2358 quae
1572 2321 1606 2349 ab
1633 2321 1688 2348 illis

899 2369 1011 2404 decepta
1024 2373 1076 2400 est,
1090 2372 1119 2395 ut
1130 2369 1295 2403 collegarum
1308 2371 1465 2395 nostrorum
1482 2367 1626 2395 consensui
1638 2366 1687 2393 ub-

78 2408 158 2441 κεσθαι
173 2414 385 2446 σπουδαζόντων.
409 2414 579 2441 Ἀσπάσασθε
596 2414 726 2449 ἀλλήλους
746 2415 794 2441 σὺν
812 2416 845 2450 τῇ

912 2419 1061 2450 emperent,
1076 2417 1102 2441 et
1116 2421 1164 2448 per
1186 2413 1238 2440 hoc
1260 2413 1292 2440 ad
1308 2413 1494 2447 pamitentiam
1507 2413 1597 2441 redire
1609 2411 1686 2439 festi-

79 2455 133 2488 παρ’
149 2456 221 2492 ὑμῶν
233 2459 394 2495 ἀδελφότητι
409 2459 475 2494 (Μ).
495 2459 647 2496 Ἐῥρὦσθαι
660 2459 732 2495 ὑμᾶς
745 2461 773 2487 ὲν
788 2461 845 2486 Κυ-

107 2546 125 2562 ¹⁸
139 2546 222 2578 Galat.
235 2559 254 2582 ι,
269 2550 296 2584 8,
308 2551 335 2578 9.
369 2551 390 2567 ³⁷
411 2550 425 2578 1
441 2550 508 2578 Tim.
528 2559 565 2584 vr,
578 2552 605 2584 5,
618 2552 645 2580 4.
683 2552 706 2568 ³⁸
723 2552 755 2579 II
771 2553 839 2580 Tim.
856 2560 898 2585 tu,

109 2648 158 2685 με)
177 2651 313 2686 Ἀπίωνος
328 2653 381 2680 τοῦ
397 2653 549 2680 διακόνου.
566 2653 596 2680 In
611 2654 671 2681 cod.
686 2654 784 2681 Leonis
805 2653 848 2681 Al-

80 2679 136 2724 ‘flii.
149 2679 173 2724 et
187 2688 256 2724 apud
272 2679 453 2723 Nicephorum
475 2679 573 2724 legitur
579 2679 634 2715 τοῦ

899 2464 974 2488 nent.
990 2459 1116 2486 Salutare
1131 2466 1179 2486 vos
1199 2459 1316 2486 invicem
1332 2465 1387 2485 una
1409 2465 1471 2485 cum
1486 2457 1626 2490 fratribus,
1638 2457 1684 2493 qui

914 2553 940 2580 4.

900 2655 960 2682 loco
979 2655 1065 2689 posita
1083 2659 1133 2688 cst,
1152 2660 1178 2683 et
1194 2655 1220 2682 in
1240 2663 1318 2682 suum
1337 2655 1424 2681 locum
1444 2654 1483 2681 sic
1502 2654 1678 2689 restituenda,

899 2688 1065 2724 πειθομένων
1081 2692 1140 2722 ταῖς
1165 2690 1218 2718 τῶν
1243 2689 1453 2725 συλλειτουργῶν
1477 2688 1554 2725 ἡμῶν
1579 2697 1678 2724 συγκα-

80 2714 154 2759 fitque
163 2721 195 2749 ita
204 2714 289 2759 Euam
297 2714 372 2759 ie‘g'ii
379 2714 549 2759 supinatus
559 2714 844 2755 'scimi'meug'fii'e‘g

912 2714 1157 2757 ἇὸέἐςὲἇίῆὲαῖὲιέ.
1171 2714 1225 2753 ἷιὲ.

81 2753 256 2795 tersionef'jus
272 2753 505 2795 appareticodex
530 2758 631 2794 Regius
651 2759 677 2787 J.
698 2753 758 2787 Piui
780 2760 845 2795 legit

83 2792 148 2826 W49}:
157 2792 198 2818 τοῦ
210 2792 333 2820 διακόνου
353 2793 492 2826 Ἀπίωνος.

932 2761 987 2795 (44)
1008 2761 1069 2787 Σὺν
1080 2760 1117 2794 τῇ
1129 2761 1196 2795 παρ’
1212 2761 1295 2796 ὑμῶν
1308 2760 1495 2795 ἀδελφότητι.
1510 2758 1678 2796 ApudNice-

897 2796 1011 2833 phorum
1034 2796 1130 2833 legitur
1154 2797 1316 2833 παρ’ήμῶν,
1332 2796 1402 2833 quod
1428 2795 1527 2824 rectius
1551 2795 1615 2823 mihi
1636 2795 1677 2822 vi.

111 2822 158 2862 (45)
174 2829 355 2864 Πειθομένωι·
371 2830 419 2857 καὶ
440 2822 512 2863 ταῖς.
531 2829 672 2866 Ριιιιὶςιιίιι
695 2830 740 2856 καί
756 2831 842 2858 alieno

914 2835 983 2859 clur.
