1911 3073
253 116 302 144 551

254 175 377 207 egerunt.
392 176 417 198 et
437 177 550 205 quorum
566 177 647 196 causa
659 177 674 196 a
686 169 764 196 nobis
778 173 841 196 sunt
853 168 968 203 expulsi,
987 176 1034 196 ne-

252 225 386 253 quaquam
407 217 460 244 illis
474 215 656 248 confitentur;
671 215 718 242 sed
733 215 774 243 vel
790 215 898 242 silentio
912 216 963 242 ista
977 219 1034 241 tra-

252 265 328 296 dunt,
345 263 385 290 vel
402 263 471 289 ﬁctis
494 262 666 289 sermonibus
692 266 719 288 et
734 261 847 290 (libellis
869 260 1033 294 conscriptis

252 310 383 340 velantes,
401 308 491 335 fucum
507 307 618 334 faciunt.
636 307 827 334 Probabilibus
846 307 936 341 itaque
949 310 975 333 et
999 306 1033 332 ad

252 355 462 381 aSsentationem
470 353 629 389 compositis
637 353 780 387 colloquiis
788 353 944 387 pestiferam
957 359 1033 379 suam

252 400 404 426 doctrinam
434 399 612 433 obtegentes,
639 398 830 433 simpliciorem
856 405 990 432 quemque
1007 402 1034 425 et

253 445 341 472 fraudi
366 446 518 479 expositum
546 444 778 475 circumveniunt.
817 452 904 478 neque
926 444 1034 470 interim

253 494 368 525 parcunt
384 491 509 524 pietatem
526 495 644 517 nostram
661 489 731 524 apud
750 497 844 517 omnes
861 489 1032 516 calumniari.

255 533 332 561 Unde
355 534 384 561 fit
400 538 429 561 ut
444 535 566 562 nonnulli
589 534 687 561 litteris
705 542 798 561 eorum
813 534 1013 562 subscribentes
1024 553 1032 565 ,

254 580 283 607 in
293 581 440 608 Eeelcsiam
451 588 498 608 eos
508 581 648 615 recipiant,
659 587 720 606 cum
734 583 825 607 tamen
841 579 1034 606 comministris

253 624 301 660 qui
314 625 365 652 hoc
379 625 438 652 ausi
452 629 524 658 sunt,
542 624 711 660 gravissima,
729 629 758 651 ut
775 624 880 658 opinor,
891 623 1036 658 reprehen-

255 671 341 698 sionis
358 671 496 698 immineat
516 671 641 704 infamia;
666 679 697 699 eo
721 671 793 706 quod
816 678 867 697 nec
882 670 1035 704 apostolica

255 717 347 751 regula
375 717 400 744 id
420 717 560 752 permittit,
578 721 605 744 et
627 717 759 744 diabolica
780 717 807 743 in
833 716 900 752 ipsis
915 715 1036 751 operatio

256 763 386 790 adversus
403 763 539 790 Christum
565 763 615 789 hoc
637 763 708 790 facto
729 762 844 790 validius
869 762 1034 789 accendizur.

255 808 437 840 Quamobrem
452 809 519 835 nihil
537 812 678 835 cunctatus
690 828 696 839 ,
728 808 825 835 fratres
847 807 1035 838 dilectissimi,

256 854 375 881 animum
393 861 424 880 ac
446 854 571 881 fiduciam
596 854 710 888 sumpsi,
728 857 756 880 ut
772 853 910 888 perlidiam
922 853 1034 880 istorum

256 898 333 926 vobis
346 897 492 925 indicarem
513 899 559 933 qui
578 898 671 926 dicunt
689 908 695 926 :
714 899 764 925 fuit
779 903 884 933 tempus
899 906 960 924 cum
978 905 1033 924 non

255 947 328 970 esset
342 942 427 970 Filius
443 942 506 976 Dei;
526 946 553 970 et
570 943 616 977 qui
630 943 705 978 prius
720 950 774 970 non
796 946 865 974 erat,
887 945 979 977 postea
992 949 1035 968 ex-

256 989 344 1021 stitit;
370 989 430 1016 talis
451 989 559 1021 factus,
583 989 798 1024 quandocunque
814 988 921 1016 demum
947 988 1034 1014 factus

255 1039 315 1067 est,
330 1035 419 1069 qualis
446 1035 559 1069 quilibet
578 1035 717 1062 hominum
741 1034 816 1061 nasci
836 1035 913 1061 solet.
938 1033 1034 1061 Omnia

253 1080 337 1112 enim,
353 1084 381 1106 ut
394 1080 480 1111 aiunt,
498 1079 568 1108 Deus
591 1079 656 1107 fecit
675 1088 707 1107 ex
727 1080 828 1113 nihilo;
856 1081 884 1106 in
898 1079 1035 1106 creatione

255 1127 375 1152 omnium
393 1133 494 1157 rerum,
511 1130 565 1152 tam
582 1125 754 1153 rationalium
774 1133 854 1160 quam
869 1125 973 1151 ratione
988 1131 1034 1150 ca-

254 1172 383 1203 rentium,
397 1171 478 1199 etiam
490 1171 585 1198 Filium
598 1171 641 1198 Dei
651 1170 917 1206 comprehendentcs.
931 1169 1034 1202 Quibus

254 1218 338 1245 etiam
349 1221 546 1253 consequenter
563 1217 674 1248 addunt,
686 1224 747 1243 eum
761 1216 898 1242 mutabilis
912 1223 972 1242 esse
985 1222 1034 1241 na-

256 1267 334 1295 tum,
347 1264 510 1297 virtutisque
523 1269 555 1289 ac
566 1262 624 1288 vitii
642 1269 778 1296 capacem.
795 1261 938 1295 Positaquc
951 1261 1036 1288 semel

255 1309 307 1336 hac
320 1309 452 1337 sententia
465 1330 473 1342 ,
493 1308 590 1335 Filium
610 1308 655 1334 Dei
670 1315 702 1334 ex
721 1308 804 1334 nihilo
823 1315 883 1334 esse
895 1328 901 1339 ,
932 1307 1038 1334 divinas

794 111 824 138 S.
845 108 1041 137 ALEXAND!“
1058 108 1286 136 ALEXANDIHNI

1812 102 1863 130 55%

1047 173 1070 200 Α
1084 168 1139 195 ἀλλ’
1161 169 1176 203 ἦ
1195 168 1284 202 σιωπῇ
1298 166 1380 192 ταῦτα
1403 165 1602 200 παραδιδόασιν,
1627 163 1643 198 ἦ
1663 162 1863 196 πεπλασμένοις

1083 212 1171 246 λόγοις
1204 213 1251 238 καὶ
1279 210 1433 248 ,ἐγγράφοις
1474 208 1678 240 ὲπισκιόιζοντες
1711 206 1862 233 ἀπατῶσιν.

1083 257 1296 292 Πειθανωτέραις
1319 256 1383 290 γοῦν
1412 256 1458 282 καὶ
1485 253 1646 289 βωμολόχοις
1673 252 1792 287 ὁμιλίαις
1816 252 1863 286 τὴν

1083 303 1242 339 φθοροποιὸν
1262 302 1349 328 αὐτῶν
1370 300 1538 327 διδασκαλίαν
1563 298 1791 333 ἐπικρύπτοντες,
1804 304 1864 322 συν-

1083 349 1249 384 αρπάζουσιν
1283 347 1328 373 τὸν
1348 348 1387 378 εὶς
1410 346 1516 380 ἀπάτην
1537 344 1709 378 ἐκκείμενον,
1741 343 1791 368 οὑκ
1812 342 1864 368 ἁπ-

1083 395 1205 429 εχὸμενοι
1227 393 1273 419 καὶ
1292 392 1338 418 τοῦ
1356 391 1430 428 παρὰ
1449 392 1514 417 πᾶσι
1530 389 1703 423 συκοφαντεῖν
1720 387 1769 422 τὴν
1794 387 1863 421 ἡμε-

1083 439 1162 474 τέραν
1194 437 1343 463 εὐσέϐειαν.
1370 436 1448 461 Ὅθεν
1475 434 1522 461 καὶ
1549 432 1689 468 συμϐαίνει
1713 431 1787 462 τινὰς
1809 432 1864 461 τοῖς

1084 485 1242 520 γράμμασιν
1271 482 1360 509 αὐτῶν
1384 481 1604 516 ὑπογράφοντας,
1634 479 1673 508 εἰς
1703 476 1864 511 Ἐκκλησίαν

1084 528 1258 564 εἰσδέχεσθαι·
1281 527 1420 563 μεγίστης,
1431 526 1467 556 ὡς
1486 522 1704 559 οἷμαι,δια6ολἦς
1723 521 1864 554 ἐπικειμέ-

1084 584 1132 610 νης
1152 576 1208 606 τοῖς
1232 574 1309 600 τοῦτο
1332 571 1451 607 τολμῶσι
1475 569 1703 604 συλλειτουργοῖς,
1732 567 1772 601 τῷ
1799 567 1864 601 μήτε

1083 621 1128 648 τὸν
1148 619 1323 647 ἀποστολικὸν
1345 618 1445 644 κανόνα
1465 616 1542 642 τοῦτο
1562 615 1721 649 συγχωρεῖν,
1736 612 1803 639 ἀλλὰ
1819 612 1864 638 καὶ

1085 666 1241 693 ὑπεκκαίειν
1255 665 1303 700 τὴν
1323 664 1365 690 ἐπ’
1383 663 1472 694 αὐτοῖς
1493 660 1644 694 διαϐολικὴν
1665 658 1735 685 κατὰ
1749 655 1862 692 Χριστοῦ

1085 712 1232 748 ἐνέργειαν.
1257 710 1302 737 Διὸ
1325 709 1356 744 δὴ
1380 709 1426 735 καὶ
1450 707 1524 733 οὐδὲν
1548 705 1696 741 μελλήσας,
1719 702 1862 737 ἀγαπητοὶ,

1085 757 1202 794 δηλῶσαι
1224 758 1287 792 ὑμῖν
1308 757 1357 792 τὴν
1378 755 1431 781 τῶν
1456 753 1581 779 τοιούτων
1599 750 1726 777 ἀπιστίαν
1750 748 1863 783 ἐμαυτὸν

1086 803 1254 837 διανέστησα,
1275 802 1406 835 λεγόντων
1422 800 1461 826 ὅτι
1475 796 1508 833 ἦν
1523 805 1587 823 ποτε
1603 797 1646 822 ὅτε
1661 795 1711 821 οὐκ
1727 792 1761 829 ἦν
1778 795 1792 820 ὁ
1806 792 1864 823 Yth;

1051 855 1072 882 Β
1086 849 1131 876 τοῦ
1145 849 1222 880 Θεοῦ,
1238 849 1284 874 καὶ
1297 847 1406 881 γέγονεν
1421 845 1532 879 ὕστερον
1549 845 1563 870 ὁ
1577 843 1707 878 πρότερον
1725 840 1764 876 μὴ
1782 840 1865 874 ὑπὰρο

1084 904 1149 930 χων,
1169 894 1286 925 τοιοῦτος
1307 893 1450 928 γενόμενος
1469 891 1512 917 ὅτε
1528 889 1574 916 καί
1595 897 1657 915 ποτε
1673 887 1795 922 γέγονεν,
1813 883 1864 916 οἷος

1086 942 1131 968 καὶ
1145 941 1197 972 πᾶς
1209 938 1277 966 εἶναι
1291 939 1409 972 πέφυκεν
1422 936 1571 972 ἄνθρωπος.
1585 935 1675 960 Πάντα
1688 934 1754 968 γὰρ,
1775 932 1863 966 φασὶν,

1084 987 1099 1012 ό
1109 986 1173 1017 Θεὸς
1188 985 1217 1018 ἐξ
1229 986 1278 1012 οὐκ
1294 985 1376 1010 ὄντων
1389 983 1498 1018 ἐποίησε
1507 1003 1513 1014 ,
1538 980 1822 1015 συναναλαμϐἁνοντες
1833 980 1864 1012 τῇ

1086 1031 1139 1058 τῶν
1155 1031 1280 1057 ἁπάντων
1299 1030 1414 1064 λογικῶν
1428 1037 1458 1055 τε
1473 1028 1520 1054 καὶ
1534 1027 1636 1060 ἀλόγων
1655 1026 1741 1052 κτίσει
1761 1026 1807 1051 καὶ
1822 1024 1864 1049 τὸν

1086 1077 1150 1104 Υἰδν
1178 1076 1224 1103 τοῦ
1249 1076 1326 1102 Θεοῦ.
1364 1073 1411 1107 Οἷς
1433 1073 1583 1104 ἀκολούθως
1609 1072 1655 1099 καὶ
1681 1071 1764 1106 φασὶν
1788 1070 1864 1096 nam

1082 1123 1201 1158 τρεπτῆς
1221 1120 1289 1148 εἶναι
1310 1122 1431 1156 φύσεως,
1456 1121 1554 1156 ἀρετῆς
1575 1128 1604 1145 τε
1627 1118 1674 1144 καὶ
1692 1117 1791 1147 κακίας
1809 1117 1865 1142 ἑπι-

1083 1168 1219 1195 δεκτικόν·
1245 1168 1292 1194 καὶ
1309 1169 1342 1202 τῇ
1361 1167 1394 1199 ἐξ
1415 1167 1470 1193 οὐκ
1490 1166 1582 1192 ὄντων
1595 1163 1734 1194 ὑποθέσει,
1754 1162 1801 1188 καὶ
1819 1161 1864 1192 τὰς

1086 1215 1159 1246 θείας
1179 1213 1225 1240 τοῦ
1248 1211 1318 1240 εἶναι
1338 1213 1418 1239 αὑτὸν
1440 1213 1483 1238 ἀεὶ
1506 1210 1729 1246 συναναιροῦντες
1746 1207 1864 1244 Γραφὰς,

1086 1262 1113 1287 αἳ
1137 1261 1167 1286 τὸ
1186 1260 1318 1296 ἄτρεπτον
1343 1259 1389 1285 τοῦ
1412 1258 1515 1292 Λόγου,
1547 1257 1594 1283 καὶ
1615 1256 1662 1291 τὴν
1685 1255 1798 1288 θεότητα
1819 1253 1865 1287 τῆς

1088 1307 1186 1341 Σοφίας
1198 1306 1244 1332 τοῦ
1259 1300 1345 1339 Λόγου
1362 1304 1547 1340 σημαίνουσιν,
1564 1304 1582 1330 ἆ
1594 1304 1667 1328 ἐστιν
1680 1302 1693 1327 ό
1705 1299 1831 1336 Χριστός.

255 1355 373 1382 Litteras
387 1356 420 1382 de
435 1355 584 1382 teternitate
596 1355 654 1389 ejus
666 1359 798 1387 evertunt,
811 1355 909 1389 quibus
924 1355 1127 1382 immutabilitas
1143 1358 1170 1382 et
1185 1353 1312 1381 divinitas
1330 1351 1473 1387 Sapientim
1489 1359 1521 1378 ac
1531 1351 1623 1382 Verbi,
1638 1357 1698 1384 qua:
1713 1353 1778 1375 sunt
1787 1347 1864 1374 Chri-

256 1408 327 1434 stus,
340 1403 499 1430 ostenditur.

293 1449 335 1476 HI.
358 1449 507 1477 Possumus
525 1457 600 1483 ergo,
617 1453 646 1476 ut
660 1449 736 1475 aiunt
760 1449 805 1476 isti
827 1449 963 1482 scelerati,
983 1455 1033 1475 nos

257 1503 364 1530 quoque
375 1503 436 1522 esse
453 1495 499 1521 filii
517 1495 575 1526 Dei,
593 1495 706 1529 perinde
722 1502 754 1521 ac
770 1495 824 1521 ille.
843 1494 979 1529 Scriptum
993 1497 1034 1521 est

257 1542 328 1568 enim
339 1542 347 1556 ¹
362 1550 368 1567 :
388 1540 472 1567 Filios
484 1541 560 1576 genui
575 1545 598 1567 et
613 1539 736 1566 exaltari.
760 1539 826 1566 Cum
843 1547 905 1567 vero
919 1540 972 1566 illis
984 1539 1034 1566 ob-

255 1588 356 1622 jectum
373 1587 453 1614 fuerit
473 1587 499 1614 id
516 1587 588 1621 quod
606 1587 748 1622 sequitur:
764 1585 818 1618 Ipsi
831 1591 916 1613 autem
934 1593 1035 1619 spreve-

257 1639 317 1660 runt
333 1640 389 1660 me:
406 1632 476 1667 quod
493 1632 601 1667 quidem
619 1640 672 1659 non
685 1632 811 1659 convenit
823 1635 925 1658 naturre
939 1631 1036 1658 Serva-

257 1679 326 1706 toris
340 1679 386 1713 qui
403 1682 499 1713 suapte
516 1682 614 1705 natura
629 1681 672 1705 est
686 1677 863 1704 immutabilis
880 1686 887 1704 :
904 1676 943 1703 illi
962 1676 1034 1704 omni

259 1723 407 1751 reverentia
430 1731 461 1750 ae
483 1723 613 1758 religione
632 1723 748 1758 abjecta,
775 1722 857 1750 Deum
875 1723 960 1754 aiunt,
974 1730 1035 1749 cum

259 1768 400 1803 praesciret
424 1775 455 1794 ac
469 1768 639 1802 praevidisset
662 1768 734 1802 quod
750 1767 835 1795 Filius
852 1768 940 1802 ipsum
961 1775 1036 1802 spres

259 1818 338 1841 turus
355 1821 409 1840 non
433 1817 514 1846 esset,
535 1814 610 1841 illum
635 1822 668 1841 ex
684 1814 810 1841 omnibus
833 1813 957 1849 elegisse.
976 1813 1035 1840 Non

259 1859 331 1886 enim
348 1863 377 1886 ut
395 1863 492 1885 natura
507 1863 533 1886 et
549 1860 726 1894 praerogativa
741 1859 857 1894 quadam
870 1859 1034 1894 praecipuum

259 1904 406 1938 quidquam
421 1911 474 1938 prae
489 1905 594 1932 caeteris
609 1905 671 1932 [iliis
690 1905 843 1936 habentem,
860 1912 920 1931 eum
937 1905 1034 1940 elegit:

259 1950 358 1984 quippe
376 1950 422 1984 qui
445 1954 543 1976 natura
559 1950 630 1977 tilius
646 1958 699 1976 non
720 1951 765 1981 sit,
783 1955 812 1977 ut
826 1950 967 1985 inquiunt;
989 1958 1037 1978 ne-

258 2002 311 2030 que
325 1999 354 2022 ut
365 1996 410 2030 qui
426 1996 543 2030 aliquam
564 1996 675 2024 haberet
694 1997 884 2031 proprietptem
902 2000 928 2024 et
946 1997 1035 2024 dotem

258 2040 292 2067 ad
312 2041 400 2074 ipsum
415 2041 537 2075 proxime
551 2042 740 2074 accedentem;
763 2042 808 2068 sed
827 2043 913 2076 ipsum
929 2050 1036 2077 queque

259 2086 399 2114 mutabilis
424 2087 596 2114 exsistentem
618 2091 730 2118 natura).
755 2089 789 2115 ob
803 2089 922 2115 studium
947 2093 1035 2116 tamen

259 2137 286 2159 ct
301 2137 456 2159 accuratam
476 2141 581 2160 morum
600 2134 766 2168 diligentiam
785 2135 817 2161 ad
831 2135 927 2161 vitium
949 2135 1037 2162 neuti-

253 2185 341 2213 quam
356 2177 555 2211 deﬂectentem,
575 2179 654 2214 elegit
668 2179 739 2207 Deus
752 2190 758 2207 :
774 2181 841 2208 adeo
856 2185 886 2208 ut
899 2182 921 2208 si
936 2180 1036 2208 Paulus

253 2231 285 2250 ac
299 2224 398 2250 Petrus
414 2227 542 2251 contento
565 2225 656 2252 studio
670 2226 697 2252 in
714 2226 739 2253 id
756 2227 951 2260 incubuissent,
969 2227 1036 2254 nihil

253 2269 286 2296 ab
304 2269 417 2296 istorum
434 2270 565 2298 filiatione
577 2271 762 2306 discrepatura
779 2272 858 2299 fuerit
876 2272 958 2307 hujus
970 2273 1038 2300 lilia-

253 2315 299 2341 lio.
322 2315 410 2350 Atque
429 2320 457 2342 ut
469 2316 591 2343 insanam
608 2317 687 2344 istam
700 2317 851 2345 doctrinam
865 2319 1037 2351 confirment,

253 2359 407 2395 Scripturis
423 2362 509 2389 sacris
528 2363 726 2391 contumeliose
749 2364 902 2396 illudentes,
924 2364 1038 2391 aﬂ‘erunt

258 2405 323 2432 illud
345 2406 417 2440 quod
447 2406 473 2433 in
500 2406 617 2434 Psalmis
644 2407 677 2434 de
696 2407 807 2435 Christo
830 2409 930 2436 dictum
950 2410 1036 2436 est”:

259 2451 384 2478 DiteIisti
398 2452 544 2486 justitiam,
559 2458 582 2479 ει
599 2453 678 2480 odisti
701 2454 864 2488 iniquitatem
877 2462 886 2480 :
900 2461 1035 2488 propterea

257 2498 333 2524 unxit
349 2503 373 2524 te
391 2497 459 2524 Deus
477 2503 535 2524 tuus
547 2498 602 2525 olea
619 2499 717 2525 [(Blilitl.’
729 2507 782 2534 pra:
796 2500 956 2526 consortibus
973 2501 1033 2527 tuis.

317 2578 324 2592 ¹
343 2576 399 2604 lim.
416 2585 441 2609 I,
453 2576 480 2604 2.
517 2579 527 2593 ¹
544 2577 620 2604 Ρδαι.
638 2586 709 2611 XLIV,
731 2579 757 2606 8.

293 2634 331 2705 E9)
349 2636 389 2661 Οὺ
404 2637 544 2668 φυσικόν.
565 2637 706 2670 Ἀφύσικον
719 2636 802 2664 codex
813 2637 914 2672 Regius
927 2637 951 2665 J.
963 2637 1034 2664 Pini.

309 2670 348 2704 l0)
372 2670 590 2704 Ἐρημώσαντες
604 2672 690 2698 τοῦτό
706 2679 789 2705 φασι.
806 2672 871 2699 Post
885 2674 942 2700 haec
955 2673 1034 2700 verba

309 2670 590 2706 10)]Ερηλαὺσαντες
604 2672 690 2698 τοῦτό
706 2679 789 2706 φασι.
806 2670 871 2699 Post
885 2674 942 2700 haec
955 2673 1036 2700 verba

259 2704 287 2733 in
305 2705 398 2731 codice
423 2704 520 2733 Leonis
543 2707 629 2733 Allatli
654 2704 713 2734 haec
731 2708 877 2736 adduntur.
899 2708 958 2734 οὔτε
978 2708 1037 2734 τινὰ

259 2740 354 2777 ἔχοντα
366 2739 482 2777 ἰδιότητα
497 2741 669 2777 πρδςᾲαῦτὸν,
686 2742 752 2768 ἀλλὰ
763 2743 810 2769 καὶ
824 2743 904 2770 αὑτὸν
919 2743 1036 2777 τρεπτῆς
1050 2764 1052 2766 τ

260 2774 425 2813 τυγχᾴνοντα
440 2774 554 2813 (panacis.
567 2775 634 2802 Male
652 2777 770 2811 quidem.
788 2778 848 2805 "EBG
866 2774 942 2813 enini
954 2774 1035 2813 verba

261 2808 375 2836 inferius
395 2808 484 2835 locum
509 2809 617 2843 habent,
634 2808 669 2837 ut
684 2812 846 2841 videbimus.
868 2811 1035 2848 Epiphanius

1118 1445 1163 1471 ΙΠ.
1179 1442 1320 1478 Δυνάμεθα
1334 1442 1396 1477 γοῦν
1411 1442 1455 1468 καὶ
1469 1443 1557 1477 ἡμεῖς,
1574 1441 1654 1475 φασὶν
1666 1441 1689 1467 οἱ
1704 1440 1864 1475 ἀλάστορες,

1084 1490 1136 1516 υἱοί
1149 1488 1273 1523 γενέσθαι
1293 1487 1370 1519 Θεοῦ,
1386 1488 1453 1521 ὅπερ
1471 1488 1606 1517 κάκεῖνος.
1627 1486 1784 1521 Γέγραπται
1800 1486 1863 1520 γάρ·

1048 1551 1069 1580 c
1089 1535 1173 1567 Υἱοὺς
1188 1534 1335 1569 ἐγέννησα
1349 1533 1397 1560 καὶ
1413 1534 1529 1567 ῦψωσιι.
1551 1532 1762 1567 Ἐπιφερομένου
1776 1531 1805 1557 δὲ
1820 1530 1865 1557 αὑ-

1084 1582 1140 1613 τοῖς
1153 1580 1200 1607 τοῦ
1213 1580 1335 1614 λέγοντος
1348 1579 1410 1614 ἑξῆς
1425 1579 1470 1604 τοῦ
1491 1578 1582 1614 ῥητοῦ,
1597 1578 1685 1604 Αὺτοὶ
1703 1577 1737 1603 δέ
1748 1586 1786 1609 με
1801 1576 1865 1610 ἠθέ-

1085 1636 1193 1662 τησαν,
1208 1627 1275 1662 ὅπερ
1297 1626 1326 1652 οὺ
1350 1625 1461 1660 φυσικόν
1479 1624 1515 1659 (9)
1532 1625 1604 1650 ἐστιν
1626 1624 1663 1658 τῷ
1680 1624 1797 1658 Σωτῆρι,
1814 1623 1865 1648 δντι

1084 1674 1133 1709 τῆς
1159 1673 1266 1707 φύσεως
1294 1672 1444 1707 ἀτρέπτου,
1473 1671 1562 1706 πάσης
1588 1669 1729 1700 εὐλαϐείας
1756 1669 1865 1699 ἑαυτοὺς

1085 1719 1286 1755 ἐρημώσαντες,
1298 1717 1376 1743 τοῦτό
1398 1725 1462 1751 φασι
1483 1716 1548 1751 (lOi,
1565 1715 1716 1751 προγνώσει
1739 1716 1786 1741 καὶ
1802 1723 1864 1749 προ-

1086 1764 1185 1800 Θεωρίᾳ
1207 1765 1268 1799 περὶ
1284 1763 1365 1790 αὑτοῦ
1381 1763 1469 1789 εἰδότα
1490 1763 1534 1789 τὸν
1549 1762 1629 1792 Θεὸν,
1644 1762 1684 1787 ὅτι
1704 1761 1754 1787 οὐκ
1770 1761 1866 1795 ἀθετή-

1087 1817 1137 1840 σει,
1152 1807 1298 1844 ἐξειλέχθαι
1313 1808 1393 1834 αὑτὸν
1409 1807 1462 1833 ὰπὸ
1477 1807 1593 1833 πάντων.
1610 1806 1647 1832 Οὐ
1664 1805 1718 1840 γὰρ
1730 1806 1810 1839 φύσει
1824 1805 1866 1831 καὶ

1085 1855 1144 1882 κατ’
1160 1855 1296 1890 ἐξαίρετον
1314 1854 1366 1880 τῶν
1383 1854 1468 1880 ἄλλων
1489 1853 1552 1880 υἱῶν
1575 1852 1670 1888 ἔχοντά
1683 1860 1719 1878 τι·
1738 1851 1800 1877 οὔτε
1815 1851 1866 1886 γὰρ

1086 1901 1164 1935 φύσει
1190 1901 1246 1931 υἱός
1271 1909 1312 1931 τις
1337 1901 1408 1925 ἐστὶν
1432 1899 1477 1925 τοῦ
1503 1899 1580 1929 Θεοῦ,
1596 1899 1693 1933 φασίν·
1719 1898 1782 1925 οὔτε
1808 1898 1866 1924 τινὰ

1086 1945 1180 1980 ἔχοντα
1194 1944 1310 1980 ἰδιότητα
1324 1944 1391 1979 πρὸς
1406 1943 1496 1975 αὑτὸν,
1511 1943 1578 1968 ἀλλὰ
1592 1943 1638 1968 καὶ
1649 1942 1729 1968 αὑτὸν
1747 1940 1866 1975 τρεπτῆς

1085 1991 1249 2026 τυγχάνοντα
1279 1990 1402 2024 φύσεως,
1434 1989 1477 2015 διὰ
1501 1988 1608 2023 τρόπων
1634 1986 1792 2021 ἐπιμέλειαν
1822 1985 1866 2011 καὶ

1086 2037 1200 2072 ἄσκησιν
1217 2037 1252 2072 μὴ
1268 2035 1431 2072 τρεπόμενον
1447 2035 1493 2060 ἐπὶ
1505 2034 1534 2060 τὺ
1549 2036 1647 2069 χεῖρον.
1664 2032 1813 2065 ἐξελέξατοο
1832 2031 1866 2062 ὡς

1085 2084 1109 2110 εἰ
1125 2084 1171 2110 καὶ
1182 2083 1284 2114 Παῦλος
1298 2082 1375 2109 τοῦτο
1391 2081 1510 2116 βιάσαιτο
1525 2081 1571 2106 καὶ
1587 2080 1697 2114 Πέτρος,
1714 2078 1797 2113 μηδὲν
1812 2077 1866 2103 δια-

1086 2129 1177 2166 φέρειν
1193 2129 1292 2155 τούτων
1312 2128 1359 2164 τὴν
1373 2128 1475 2154 ἐκείνου
1497 2127 1615 2161 υἰότητα·
1637 2126 1676 2156 εἰς
1696 2124 1866 2160 παράστασιν

1086 2177 1113 2202 δὲ
1135 2176 1184 2210 τῆς
1209 2174 1404 2210 (ppu/0615.606;
1425 2174 1526 2207 ταύτης
1545 2171 1731 2203 διδασκαλίας,
1746 2170 1794 2196 καὶ
1808 2170 1866 2200 ταῖς

1087 2222 1206 2256 Γραῳαίς
1228 2219 1461 2255 ὲμπαροινοῦντες,
1488 2219 1534 2244 καὶ
1557 2216 1765 2251 παρατιθέμενοι
1789 2215 1820 2240 τὸ
1839 2215 1866 2240 ἐν

1088 2267 1210 2301 Ψαλμοῖς
1227 2266 1291 2301 περὶ
1305 2264 1421 2300 Χριστοῦ
1442 2264 1531 2299 ῥητὸν,
1551 2263 1635 2293 οὕτως
1649 2262 1718 2296 ἕχον
1741 2259 1865 2294 Hydru—

1085 2319 1144 2344 σας
1163 2311 1372 2344 δικαιοσύνην,
1400 2310 1449 2336 καὶ
1479 2310 1626 2343 ἐμίσησας
1652 2307 1788 2334 ἀδικίαν·
1819 2304 1866 2331 διὰ

1085 2357 1171 2384 τοῦτο
1186 2356 1287 2391 ἓχρισέ
1302 2363 1338 2381 σε
1351 2357 1366 2382 ὀ
1381 2355 1452 2387 Θεός
1470 2362 1527 2381 σου
1546 2355 1648 2380 ἔλαιον
1661 2351 1867 2387 ἀςγιὶλιάσεως

1086 2403 1163 2437 παρὰ
1178 2402 1247 2435 τοὺς
1257 2402 1402 2436 μετόχους
1417 2408 1483 2427 σου.

1051 2233 1074 2260 D

1088 2641 1179 2664 tamen
1197 2636 1383 2665 Scholasticus
1399 2639 1490 2665 eadem
1509 2638 1589 2665 verba
1605 2638 1632 2664 in
1650 2645 1699 2664 suo
1717 2636 1812 2663 codice
1829 2637 1863 2663 le-

1088 2674 1126 2706 git
1141 2673 1192 2700 hoc
1211 2673 1279 2700 loco.
1299 2673 1345 2700 Sic
1361 2674 1431 2700 enim
1447 2673 1523 2700 vertit
1538 2683 1544 2699 :
1560 2672 1638 2700 Omni
1651 2672 1796 2699 reverentia
1805 2678 1863 2704 spa-

1088 2708 1181 2735 Iiantes
1206 2708 1367 2742 semetipsos,
1388 2709 1480 2735 aiunt:
1496 2707 1549 2734 Nec
1570 2709 1685 2742 aliquam
1707 2707 1782 2733 habet
1803 2714 1863 2740 pro-

1085 2744 1221 2777 prietatem
1241 2743 1274 2769 ad
1289 2751 1346 2770 eum
1359 2751 1368 2768 :
1381 2743 1424 2770 sed
1435 2751 1493 2769 cum
1508 2743 1541 2769 sit
1560 2744 1615 2777 ipse
1633 2748 1731 2769 natura
1750 2742 1863 2777 mutabi-

1088 2778 1132 2807 lis.
1151 2779 1224 2805 scivit
1244 2778 1275 2806 de
1287 2779 1333 2805 illo
1351 2779 1419 2805 Deus
1433 2779 1596 2812 prtescicntia
1611 2783 1634 2806 et
1648 2776 1863 2813 pnt'contempla-

1088 2814 1229 2849 ti.me,_elc.
