1911 3073
120 39 174 68 555

832 39 1008 68 EPISTOLE
1013 61 1020 67 .

1691 44 1743 72 554

154 98 202 126 ιν.
217 99 286 135 Περὶ
301 98 349 134 μὲν
361 96 407 125 οὖν
420 98 460 125 ὅτι
473 98 488 124 ὁ
504 98 566 130 Υἱὸς
582 99 628 126 τοῦ
644 99 720 134 Θεοῦ,
736 100 796 127 οὔτε
816 101 844 134 ἐξ
859 101 895 128 οὺς

994 99 1038 128 lV.
1063 99 1160 128 Verum
1176 102 1247 136 quod
1263 102 1348 129 Filius
1364 100 1409 128 Dei
1423 100 1511 129 fartus
1525 108 1578 128 non
1595 102 1630 129 sit
1653 110 1685 129 ex
1699 103 1740 129 ni-

115 145 204 172 ὃντων
217 144 373 180 γεγένηται,
387 144 448 171 οὔτε
462 142 495 180 ἦν
510 153 575 172 ποτε
590 145 633 172 ὅτε
645 146 694 172 οὐκ
707 143 751 180 ἦν,
767 146 906 182 αὐτάρκης

118 191 263 218 παιδεῦσαι
283 191 408 226 Ἰωάννης
426 193 440 218 6
461 192 669 228 εὑαγγελιστὴς,
684 191 796 228 γράφων
819 193 906 224 οὕτως

117 238 184 273 περὶ
199 236 291 264 αὑτοῦ·
313 237 339 264 Ὁ
353 237 520 273 μονογενὴς
534 238 608 272 Υἱὸς,
622 240 639 265 ό
655 238 697 265 ὢν
711 240 754 272 εἰς
770 239 823 266 τὸν
835 241 905 266 κόλ-

115 290 178 309 πον
191 283 244 310 τοῦ
259 284 383 317 Πατρός.
402 284 602 319 Πῳνοοὺμενος
619 284 673 319 γὰρ
687 285 701 310 6
717 285 786 316 θεῖος
798 285 906 312 δεικνύ-

116 337 162 355 ναι
186 328 355 360 διδάσκαλος,
371 328 492 364 ἀλλήλων
516 329 654 365 ἀχώριστοι
677 330 826 366 πράγματα
847 330 903 361 δύο,

115 375 163 402 τὸν
177 375 287 412 Πατέρα
303 375 350 402 καὶ
362 375 407 402 τὸν
420 375 495 409 Υἰὸν,
512 375 575 403 ὄντα
591 376 670 403 αὑτὸν
687 377 715 404 ὲν
728 379 782 409 τοῖς
796 377 905 410 κόλποις

113 422 163 448 τοῦ
188 422 294 458 Πατρὸς
315 422 463 458 ὠνόμασεν.
489 422 567 450 Ἀλλὰ
591 424 646 459 γὰρ
667 423 714 450 καὶ
739 425 779 451 ὅτι
803 426 859 456 τοίς
875 425 904 458 ἐξ

115 469 168 495 οὐκ
186 469 271 495 ὄντων
292 469 446 504 γενομένοις
465 470 478 495 6
498 469 584 504 Λόγος
599 469 645 497 τοῦ
664 470 731 497 Θεοῦ
751 471 780 497 οὐ
798 479 905 507 συναρι-

114 514 235 549 θμεῖται,
252 514 350 541 πάντα
365 515 401 541 δι’
419 515 512 542 αὑτοῦ
533 516 685 551 γεγονέναι
704 517 718 543 6
731 517 810 549 αὑτός
823 526 904 553 φησιν

120 560 259 595 Ἰωάννης.
278 561 333 595 Τὴν
348 560 401 596 γὰρ
417 561 565 596 ἰδιότροπον
581 562 662 589 αὑτοῦ
683 563 831 590 ὑπόστασιν
844 564 904 599 ἐδή-

112 605 201 633 λωσεν
225 607 317 634 εἰπών·
338 607 386 633 Ἐν
399 607 479 642 ἀρχῇ
499 606 538 642 ἦν
552 609 567 635 ὀ
582 609 692 643 Λόγος,
712 609 762 636 καὶ
777 611 793 636 ὁ
808 610 904 644 Λόγος

112 650 152 687 ἦν
166 652 242 686 πρὸς
262 653 315 679 τὸν
336 652 420 685 Θεὸν,
442 653 491 679 καὶ
515 653 586 687 Θεὸς
600 652 640 688 ἦν
655 656 672 681 d
684 655 788 690 Λόγος·
804 655 903 682 πάντα

111 697 152 724 δι’
168 697 261 725 αὐτοῦ
279 698 407 732 ἐγένετο,
428 698 476 725 καὶ
489 699 577 733 χωρὶς
591 699 682 726 αὑτοῦ
698 699 815 734 ἐγένετο
833 699 904 727 οὐδὲ

112 743 148 770 ἓν
160 743 176 769 ὃ
191 743 314 778 γέγονεν
330 743 395 779 (Η).
410 745 441 779 Εἰ
456 744 510 780 γὰρ
528 746 615 772 πάντα
630 745 663 772 δι’
686 745 766 772 αὑτοῦ
784 746 902 780 ἐγένετο,

112 789 173 821 πῶς
193 791 208 816 6
223 790 277 821 τοῖς
293 790 448 825 γενομένοις
470 790 500 817 τὸ
516 788 585 818 εἶναι
609 791 799 827 χαρισάμενος,
820 792 901 823 αὐτὸς

112 835 178 862 ποτε
202 836 252 862 οὐκ
266 834 314 871 ἦν;
329 838 366 863 Ub
387 838 441 874 γάρ
455 847 513 870 πως
532 839 545 865 6
566 839 650 872 Λόγος
672 839 702 866 τὸ
721 840 824 872 ποιοῦν,
844 841 900 872 τοῖς

111 880 269 915 γενομένοις
284 881 334 916 τῆς
357 882 442 918 αὐτῆς
462 881 531 910 εἶναι
546 883 653 918 φύσεως
670 884 824 920 διορίζεται·
842 886 900 920 εἴγε

111 925 195 957 αὐτὸς
213 926 261 962 μὲν
274 925 308 962 ἦν
327 928 356 954 ἐν
374 929 457 964 ἀρχῇ,
478 930 567 956 πάντα
583 929 611 956 δὲ
631 929 665 956 δι’
679 931 761 957 αὐτοῦ
782 931 899 965 ἐγένετο,

111 969 161 995 καὶ
174 969 203 1002 ἐξ
217 970 267 997 οὑκ
281 970 365 998 ὄντων
386 972 522 1008 ἐποίησεν.
540 973 674 1001 Ἐναντίον
685 975 740 1010 γὰρ
758 975 831 1002 δοκεῖ
845 978 900 1008 τοῖς

111 1014 141 1047 ἐξ
157 1015 208 1042 οὐκ
224 1016 308 1043 ὄντων
329 1018 484 1053 γενομένοις
502 1019 533 1046 τὸ
554 1019 594 1051 ὃν,
609 1021 655 1047 καὶ
670 1021 822 1056 ἀφεστηκὸς
837 1023 900 1056 σφό-

110 1060 173 1095 δρα.
189 1061 225 1087 Τὸ
252 1062 302 1097 μὲν
325 1062 395 1098 γὰρ,
420 1064 521 1099 μεταξὺ
543 1065 650 1101 Πατρὸς
671 1066 717 1094 καὶ
739 1067 804 1093 Υἱοῦ
823 1068 899 1095 οὐδὲν

110 1106 246 1134 δείκνυσιν
268 1105 338 1134 εἶναι
362 1109 512 1146 διάστημα,
537 1111 591 1138 οὐδ’
612 1111 675 1148 ἄχρι
700 1113 771 1145 τινος
795 1114 900 1147 ἐννοίας

110 1150 189 1177 τοῦτο
213 1153 397 1185 φαπασιῶσαι
417 1155 467 1190 τῆς
487 1155 576 1190 ψυχῆς
593 1156 751 1193 δυναμένης.
769 1158 806 1185 Τὸ
825 1159 853 1186 δὲ
870 1159 899 1193 ἐξ

109 1197 161 1224 οὐκ
173 1197 257 1225 ὅντων
270 1199 301 1235 δη
307 1201 492 1236 μιουργείσθαι
508 1203 553 1229 τὸν
566 1202 678 1239 κόσμον,
693 1205 827 1241 νεωτέραν
843 1205 899 1241 ἔχει

109 1244 160 1279 τῆς
174 1246 347 1279 ὑποστάσεως
364 1248 410 1275 καὶ
422 1249 576 1285 πρόσφατον
587 1250 635 1286 τὴν
651 1250 767 1284 γένεσιν,
785 1251 836 1277 ὑπὸ
850 1251 898 1277 τοῦ

109 1289 217 1326 Πατρὸς
227 1291 271 1318 διὰ
284 1293 332 1320 τοῦ
345 1293 409 1320 Υἱοῦ
426 1295 534 1322 πάντων
547 1296 695 1332 εἰληφότων
709 1297 759 1333 τὴν
771 1297 898 1333 τοιαύτην

109 1336 247 1363 οὐσίωσιν.
263 1338 374 1375 Μακρὸν
390 1340 454 1374 γοῦν
470 1340 611 1378 θεωρήσας
623 1342 669 1369 τοῦ
685 1343 752 1369 Θεοῦ
766 1343 857 1379 Λόγου,
868 1343 898 1370 τδ

109 1379 156 1416 ἦν,
169 1383 217 1410 καὶ
232 1383 379 1421 ὑπεραῖρον
395 1387 445 1422 τῆς
463 1388 516 1415 τῶν
532 1389 668 1425 γεννητῶν
682 1389 801 1422 διανοίας
816 1390 870 1426 (12)
884 1391 898 1416 6

108 1428 305 1463 ιὺλαὸέστατος
328 1433 463 1470 Ἰωάννης,
489 1435 596 1469 γένεσιν
618 1437 700 1463 αὑτοῦ
720 1437 766 1464 καὶ
789 1437 897 1473 ποίησιν

108 1474 266 1509 ἀπηξίωσεν
288 1478 391 1511 εἰπεῖν,
412 1480 472 1507 οὐδὲ
486 1483 546 1513 ταῖς
562 1483 729 1518 ὁμοστοίχοις
751 1483 894 1515 συλλαὸαῖς

108 1520 166 1556 (15)
180 1521 211 1548 τὸ
226 1523 320 1549 ποιοῦν
337 1526 393 1556 τοῖς
412 1526 582 1562 γιγνομένοις
605 1528 735 1564 ὀνομάσαι
749 1528 896 1564 τολμήσας.

107 1568 165 1602 οὐχ
189 1568 228 1595 ᾶτι
250 1569 396 1605 ἀγέννητος
416 1569 460 1608 ἦν’
478 1572 508 1599 ἓν
524 1573 578 1609 γὰρ
594 1573 741 1610 ἀγέννητον
755 1576 770 1602 6
788 1575 895 1610 Πατήρ’

106 1612 165 1638 ἀλλ’
185 1614 227 1640 ὅτι
247 1615 297 1650 τῆς
317 1615 464 1654 ἑξεσμένης
485 1618 539 1645 τῶν
561 1620 769 1655 εὐαγγελιστῶν,
787 1621 856 1656 τάχα
867 1621 896 1648 δὲ

106 1659 155 1685 καὶ
176 1659 301 1694 ἀγγέλων
322 1663 499 1699 καταλήψεως
524 1665 688 1702 ὑπερέκεινά
708 1667 764 1702 (Η)
786 1668 859 1693 ἐστιν
877 1667 894 1702 ἡ

105 1704 153 1732 τοῦ
172 1707 333 1741 μονογενοῦς
347 1708 413 1735 Θεοῦ
430 1709 622 1747 ἀνεκδιήγητος
635 1712 791 1744 ὑπόστασις,

141 1839 173 1867 V.
193 1839 242 1871 Εἰς
265 1840 383 1872 εὐσεϐεῖς
403 1841 453 1868 οὐκ
477 1840 551 1877 οἶμαι
573 1841 746 1878 λογιζομένου
768 1843 823 1879 (15)
844 1843 892 1870 τοῦ

140 1918 151 1933 ³
164 1916 246 1945 Joan.
261 1926 288 1951 ι,
308 1919 349 1946 18.
380 1920 391 1935 λ
405 1920 470 1949 ibid.
484 1921 541 1948 1-5.

135 1997 193 2032 (ll)
216 1997 349 2032 Ἐγένετο
361 1998 431 2025 οὐδὲ
441 1998 501 2025 ἐνὸ
516 1998 648 2033 γέγονεν.
667 1998 731 2025 Duae
747 2004 891 2033 postremae

101 2040 185 2068 voces
210 2033 312 2061 desunt
331 2034 357 2061 in
381 2034 499 2061 editione
522 2034 634 2061 ltoberti
655 2033 797 2068 Stephani,
818 2038 846 2061 et
862 2035 889 2061 in

103 2067 260 2100 Basiliensi,
279 2073 306 2096 et
328 2069 355 2097 in
381 2069 475 2098 codice
498 2069 583 2103 Regio
604 2069 629 2096 J.
651 2068 722 2095 Pini.
749 2068 890 2096 Habentur

103 2107 195 2142 tamen
209 2103 236 2142 in
251 2104 347 2142 codice
361 2104 460 2142 Leonis
476 2105 578 2142 ᾼιιίξιὶὶἱ
591 2109 617 2132 et
630 2105 657 2142 in
682 2104 807 2132 versione
825 2104 889 2142 Epi-

102 2139 198 2173 phanii
213 2139 387 2168 Scholastici.
403 2139 455 2167 Sed
470 2139 496 2167 et
516 2140 782 2175 Christophorsonus
799 2147 846 2167 eas
862 2140 888 2166 in

104 2174 183 2202 libris
198 2175 258 2202 suis
276 2180 425 2210 repererat,
441 2179 471 2202 ut
485 2183 519 2202 ex
533 2174 759 2209 interpretatione
772 2176 831 2210 ejus
846 2183 890 2210 ap-

122 2215 191 2237 ποι.

103 2217 197 2281 mile
213 2247 267 2274 Καὶ
279 2245 439 2280 ὑπεραῖρον
449 2246 504 2279 τῆς
517 2246 576 2274 τῶν
583 2245 735 2280 γεννητῶν
744 2245 887 2278 διανοίας.

104 2280 286 2308 Scribendum
302 2286 368 2316 puto
383 2281 503 2316 γενητῶν
519 2289 567 2316 per
583 2282 698 2316 simplex
712 2290 743 2315 v;
759 2285 840 2315 atque
851 2282 888 2308 ita

102 2317 204 2351 legisse
219 2315 325 2344 videtur
343 2315 527 2351 Epiphanius,
541 2316 588 2351 qui
605 2315 645 2344 sic
657 2317 736 2343 vertit
749 2325 755 2343 :
768 2316 802 2342 Et
812 2324 887 2342 crea-

105 2357 193 2378 turam
226 2354 376 2379 uniuersam
406 2352 608 2386 intelligendam
650 2351 885 2378 transcendentem.

102 2386 296 2422 Conjecturam
315 2394 401 2414 meam
425 2387 596 2414 conﬁrmavit
610 2387 676 2413 mihi
694 2390 787 2421 postea
801 2387 885 2413 codex

103 2422 196 2457 regius
214 2421 239 2448 «Ι.
256 2422 326 2454 Pini.
345 2422 372 2448 in
395 2430 449 2456 quo
470 2423 506 2449 ita
531 2423 610 2456 plane
632 2423 762 2457 scripturn
782 2422 884 2454 inveni,

102 2461 133 2493 ut
149 2458 333 2492 conieceram.
359 2457 413 2483 Pro
436 2458 593 2493 ὑπεραῖρον,
611 2458 646 2493 in
668 2458 786 2484 editione
811 2457 886 2484 Basi—

103 2492 182 2520 liensi
199 2492 297 2527 legitur
312 2492 468 2528 ὑπερόριον,
481 2492 508 2520 et
522 2492 550 2520 in
568 2492 662 2520 codice
677 2492 824 2525 Allatiano,
843 2500 885 2520 re-

102 2528 173 2555 ctius
189 2531 219 2554 ut
233 2527 340 2562 opinor.

133 2565 191 2601 (13)
305 2563 370 2601 ταῖς
381 2563 578 2601 duca-collato
589 2561 767 2601 _Uv.1.l_q6q_7_c.
782 2561 811 2601 In
831 2569 884 2601 ms.

98 2597 192 2628 codice
204 2599 312 2627 Henrici
325 2598 440 2630 Savillii,
453 2603 481 2626 et
492 2598 518 2624 in
531 2598 649 2625 editione
667 2597 807 2625 Basiliensi
819 2597 887 2624 scri-

98 2637 172 2664 bitur
198 2635 361 2670 ὁμοστιχοίς,
377 2634 571 2670 minuswrecte,
596 2637 624 2670 u_t
644 2633 768 2670 equidem
787 2632 884 2670 sentio.

99 2671 178 2698 Certe
191 2667 376 2701 (iamet-anus,
387 2669 433 2703 qui
446 2668 590 2696 editionem
603 2667 778 2695 Basiliensein
791 2667 887 2694 Latine

100 2707 294 2740 interpretatus
305 2709 355 2736 est,
368 2704 546 2740 ouootoixotg,
560 2704 631 2740 legit,
644 2709 672 2730 ut
682 2711 713 2740 ex
728 2704 887 2740 interpreta—

101 2737 248 2775 tiorie'cjus
269 2744 388 2774 apparet.
408 2739 453 2766 Sic
473 2737 544 2775 enim
562 2738 640 2765 vertit
656 2747 662 2763 :
681 2737 722 2764 Ne
737 2737 886 2775 eoi-uiridem

99 2773 210 2808 quidem
227 2773 411 2802 elementorum
435 2773 611 2807 complexione
630 2775 656 2800 in
678 2781 737 2800 voce
753 2773 886 2807 facientis,

223 2814 358 2844 PATuoL.
380 2816 438 2845 Gn.
461 2814 565 2844 XVllI.

918 776 939 803 B

911 1446 932 1475 C

956 145 1022 178 hilo,
1041 150 1068 173 et
1091 146 1163 182 quod
1190 151 1297 181 tempus
1314 154 1369 173 non
1391 145 1472 174 fuerit
1494 154 1556 174 cum
1584 154 1638 174 non
1655 153 1739 179 esset,

957 191 1063 218 abunde
1081 191 1160 219 docet
1181 191 1302 220 Joannes
1318 193 1483 228 evangelista
1499 192 1532 220 de
1553 192 1599 220 illo
1613 193 1650 219 ita
1673 193 1741 220 scri-

956 238 1062 266 bens‘:
1079 237 1233 273 Unigem'tus
1259 237 1356 271 Filius,
1373 239 1417 274 qui
1434 244 1473 266 est
1497 239 1524 266 in
1550 239 1609 266 sinu
1638 239 1737 269 Patris.

955 283 1022 311 Nam
1046 291 1108 311 cum
1132 283 1241 311 divinus
1266 285 1395 319 magister
1411 285 1553 312 Ostendere
1577 285 1669 317 vellet,
1692 284 1741 312 Pa-

956 333 1024 357 trem
1038 337 1070 356 ac
1088 329 1186 357 Filium
1200 329 1269 357 duas
1280 338 1324 357 res
1339 337 1400 357 esse
1415 338 1430 357 a
1446 338 1476 357 se
1490 335 1584 358 mutuo
1594 331 1739 366 insepara-

955 377 1034 408 biles,
1056 377 1128 404 hunc
1155 377 1182 404 in
1208 377 1268 404 sinu
1295 376 1384 404 Patris
1409 383 1471 404 esse
1496 377 1574 405 dixit.
1595 377 1654 404 Jam
1674 385 1740 405 vero

955 421 1028 457 quod
1045 420 1163 450 Verbum
1182 421 1228 449 Dei
1254 422 1325 449 inter
1343 430 1388 450 res
1405 430 1438 449 ex
1454 423 1540 450 nihilo
1560 428 1667 451 creatas
1684 431 1738 451 non

955 467 1138 501 contineatur,
1155 468 1225 496 idem
1240 467 1358 496 Joannes
1379 472 1506 500 testatur,
1523 477 1585 496 cum
1601 470 1657 497 ait:
1675 470 1739 497 0m-

955 515 1000 541 m'a
1015 522 1062 549 per
1074 515 1159 549 ipsum
1177 515 1249 548 facta
1262 523 1327 542 esse.
1342 514 1567 550 Proprianrenim
1582 515 1643 550 ejus
1656 516 1740 552 hypo-

955 560 1041 588 stasin
1067 560 1217 587 declaravit
1242 560 1336 588 dicens
1348 561 1378 587 δε
1396 560 1428 587 In
1453 561 1581 595 principio
1601 567 1658 589 erat
1675 562 1739 589 Ver-

955 604 1025 639 bum,
1043 609 1069 632 et
1087 605 1200 632 Verbum
1212 610 1268 632 erat
1284 605 1353 640 apud
1365 605 1460 638 Deum,
1475 611 1499 633 et
1516 606 1587 634 Deus
1601 612 1659 634 erat
1677 607 1740 634 Ver-

954 650 1034 677 bum:
1048 652 1136 678 omnia
1153 660 1199 686 per
1214 652 1300 686 ipsimi
1318 652 1390 686 facta
1406 658 1478 684 sunt,
1504 657 1530 679 et
1554 653 1610 680 sine
1626 653 1683 688 ipso
1697 654 1740 688 fa-

954 702 1024 724 ctum
1041 703 1080 724 est
1100 698 1165 724 nihil
1181 697 1250 733 quod
1266 697 1366 732 factum
1381 703 1429 725 est.
1447 698 1512 725 Nam
1539 699 1562 726 si
1586 700 1676 726 omnia
1692 707 1740 734 per

954 742 1042 777 ipsum
1056 743 1126 770 facta
1141 747 1216 774 sunt,
1234 742 1370 777 quomodo
1381 743 1404 769 is
1415 744 1462 778 qui
1479 744 1560 772 rebus
1581 744 1659 772 factis
1672 753 1740 780 pra:-

954 787 1024 814 stitit
1040 791 1070 814 ut
1085 792 1185 819 essent,
1211 789 1268 823 ipse
1290 788 1438 823 aliquando
1457 797 1511 816 non
1536 790 1660 818 exstitit?
1673 790 1739 818 Ver-

954 833 1017 860 bum
1029 834 1100 861 enim
1112 834 1185 870 quod
1202 834 1276 865 facit,
1292 842 1463 870 nequaquam
1477 836 1599 871 ejusdem
1611 845 1673 865 esse
1689 845 1738 865 na-

954 883 1022 906 tum
1043 887 1104 906 cum
1129 881 1211 908 rebus
1241 880 1320 908 factis
1345 880 1508 915 intelligitur
1529 882 1652 917 :quippe
1675 890 1737 910 cum

953 924 1042 960 ipsum
1056 925 1165 960 quidem
1183 930 1256 953 esset
1283 926 1310 952 in
1327 926 1462 962 principio
1475 936 1482 960 ;
1494 931 1592 954 cuncta
1607 935 1671 954 vero
1690 936 1738 963 per

954 971 1020 998 illud
1039 971 1110 998 facta
1126 972 1181 1000 sint
1197 977 1224 998 et
1238 980 1270 999 ex
1285 971 1371 999 nihilo
1385 973 1506 1000 condita.
1523 972 1610 1000 Porro
1624 974 1650 1001 id
1664 975 1736 1008 quod

952 1022 1005 1049 est,
1017 1019 1184 1045 contrarium
1198 1026 1258 1046 esse
1271 1018 1388 1050 videtur,
1404 1023 1431 1046 et
1450 1019 1529 1054 longe
1549 1019 1687 1047 diversum
1702 1022 1737 1048 ab

951 1063 1006 1092 illis
1023 1072 1083 1099 qua:
1101 1064 1172 1091 facta
1194 1068 1259 1092 sunt
1277 1072 1310 1091 ex
1324 1065 1419 1092 nihilo.
1445 1064 1512 1091 Nam
1540 1065 1606 1092 illud
1626 1065 1735 1100 quidem

951 1110 1082 1143 declarat,
1099 1111 1203 1138 nullum
1225 1118 1287 1138 esse
1310 1111 1483 1138 intervallum
1499 1111 1569 1138 inter
1583 1110 1692 1139 Patrem
1709 1117 1736 1140 et

950 1155 1060 1186 Filium,
1081 1163 1143 1182 cum
1167 1155 1275 1183 animus
1300 1163 1333 1183 ne
1359 1155 1475 1190 simplici
1500 1155 1610 1190 quidem
1631 1156 1735 1191 cogita-

951 1202 1025 1229 tione
1043 1201 1144 1236 ﬁngere
1166 1202 1253 1236 possit
1269 1202 1353 1228 ullam
1373 1202 1443 1229 inter
1463 1205 1610 1237 utrumque
1631 1201 1734 1230 distan-

950 1247 1027 1274 tiam.
1043 1246 1082 1274 Ex
1100 1247 1185 1274 nihilo
1206 1254 1271 1274 vero
1293 1247 1379 1274 creari
1400 1247 1542 1278 mundum,
1557 1246 1734 1274 recentiorem

949 1293 1052 1320 indicat
1068 1301 1100 1320 ac
1114 1301 1246 1328 nuperam
1260 1293 1421 1321 substantia:
1435 1293 1579 1328 originem,
1595 1300 1657 1320 cum
1673 1293 1734 1320 uni‘

950 1347 1028 1366 versa
1048 1339 1204 1374 hujusmodi
1226 1339 1373 1367 essentiam
1395 1346 1409 1365 a
1423 1338 1503 1366 Patre
1517 1339 1670 1374 acceperint
1686 1345 1734 1374 per

949 1383 1059 1412 Filium.
1079 1384 1148 1412 Cum
1164 1385 1247 1419 igitur
1268 1385 1354 1412 divini
1375 1383 1454 1412 Verbi
1468 1385 1615 1412 essentiam
1630 1384 1733 1420 longis-

949 1431 1028 1464 sime,
1044 1434 1072 1458 et
1085 1431 1155 1457 ultra
1170 1437 1278 1458 onmem
1295 1430 1487 1465 cogitationem
1503 1437 1597 1457 eorum
1613 1437 1672 1465 qua:
1685 1437 1732 1465 εο-

949 1476 1007 1503 nita
1023 1480 1087 1504 sunt
1104 1476 1221 1511 positam
1245 1476 1475 1510 contemplaretur
1492 1475 1632 1510 piissimus
1651 1474 1733 1503 Joan-

947 1530 1008 1554 nes,
1035 1522 1237 1557 generationem
1252 1521 1312 1556 ejus
1328 1525 1355 1549 et
1373 1522 1505 1548 facturam
1522 1521 1612 1549 dicere
1634 1521 1732 1554 noluit,

947 1568 1078 1595 faetorem
1095 1567 1192 1595 iisdem
1207 1568 1298 1595 verbis
1316 1568 1415 1602 quibus
1432 1575 1464 1594 ea
1490 1575 1550 1602 qua:
1566 1567 1636 1594 facta
1657 1573 1731 1600 sunt,

945 1614 1090 1650 designare
1105 1614 1217 1641 minime
1233 1622 1327 1642 ausus.
1343 1613 1403 1640 Non
1418 1613 1491 1648 quod
1506 1613 1624 1641 Verbum
1641 1613 1677 1641 sit
1689 1613 1731 1640 in-

946 1661 1068 1696 genitum
1084 1670 1091 1688 :
1109 1661 1183 1688 solus
1195 1661 1267 1688 enim
1281 1659 1362 1687 Pater
1379 1660 1516 1694 ingenitus
1533 1663 1592 1687 est:
1608 1660 1655 1687 sed
1667 1660 1730 1695 quia

947 1706 1153 1734 solertissimam
1183 1706 1426 1741 erangelistarum,
1459 1705 1637 1741 ipsorumque
1663 1706 1730 1733 adeo

946 1753 1104 1788 angelorum
1119 1752 1393 1787 comprehensionem
1410 1753 1579 1780 transcendit
1597 1753 1729 1788 unigeniti

943 1797 1006 1825 Filii
1024 1798 1225 1834 inexplicabilis
1240 1798 1428 1826 subsistentia.

979 1843 1013 1871 V.
1033 1844 1123 1877 Quare
1140 1845 1211 1872 inter
1222 1844 1281 1880 pios
1298 1852 1357 1872 meo
1374 1843 1482 1880 quidem
1495 1844 1599 1879 judicio
1614 1851 1728 1873 censen-

944 1999 1135 2035 autfactorum
1148 1999 1189 2026 uti
1202 2008 1294 2027 ausus.
1307 2000 1336 2027 ln
1357 2001 1431 2035 regio
1447 2001 1510 2028 item
1524 2001 1618 2028 codice
1627 2001 1652 2029 J.
1665 2000 1727 2028 Pini

943 2034 1074 2070 scriptum
1093 2034 1184 2070 inveni
1201 2035 1379 2070 ὁμοστοίχοις.
1391 2034 1484 2070 ’llujus
1507 2040 1596 2063 autem
1615 2037 1666 2063 loci
1682 2045 1727 2064 sa-

942 2069 978 2096 tis
1000 2069 1110 2107 obscu‘ri
1133 2069 1261 2107 liic‘est»
1272 2069 1382 2107 sensus.
1403 2069 1522 2098 Joannes
1546 2072 1725 2107 evangelista,

942 2111 1003 2131 cum
1021 2104 1153 2139 originem
1173 2104 1233 2131 Filii
1251 2105 1296 2132 Dei
1316 2106 1395 2133 vellet
1411 2115 1556 2141 exponere,
1573 2104 1633 2133 eam
1650 2114 1664 2133 a
1683 2115 1727 2134 re-

943 2147 1004 2166 rum
1020 2144 1180 2176 rer-auarum
1194 2141 1373 2175 productione
1389 2142 1467 2176 longe
1486 2142 1610 2169 distinxit
1622 2151 1628 2174 ;
1640 2143 1726 2169 cavit-

942 2183 995 2209 que
1010 2175 1227 2209 diligentissime,
1245 2183 1278 2202 ne
1297 2176 1324 2202 in
1343 2175 1506 2204 declaranda
1527 2177 1587 2203 Filii
1606 2177 1725 2204 essentia

943 2210 1038 2237 iisdem
1064 2210 1154 2237 verbis
1179 2214 1310 2242 uteretur,
1333 2211 1432 2245 quibus
1454 2220 1545 2239 rerum
1571 2216 1723 2239 creatarum

942 2245 1075 2282 originem
1087 2246 1220 2280 exposuit.
1232 2245 1299 2282 Nam
1316 2246 1343 2272 in
1360 2246 1522 2274 declaranda
1539 2247 1646 2282 quidem
1663 2246 1724 2274 Filii

941 2280 1071 2317 essentia,
1092 2288 1159 2308 usus
1175 2285 1216 2307 est
1231 2281 1313 2308 verbo
1329 2286 1396 2317 erat,
1413 2281 1440 2307 in
1458 2280 1617 2317 exponenda
1632 2287 1722 2309 autem

941 2315 1050 2351 origine
1061 2323 1151 2351 rerum
1167 2319 1318 2351 creatarum
1330 2315 1399 2342 dixit
1411 2315 1528 2350 ἐγένετο,
1545 2317 1571 2344 id
1592 2321 1635 2344 est
1649 2317 1722 2351 facta

940 2349 1015 2387 funt:
1035 2349 1151 2387 Subjicit
1163 2350 1266 2387 deinde
1282 2351 1447 2387 Alexander,
1459 2352 1507 2386 οὑχ
1522 2352 1562 2378 ὃτι
1574 2349 1722 2387 ἀγέννητος

939 2383 988 2422 ἦν·
1005 2385 1033 2422 ἓν
1047 2385 1102 2421 γὰρ
1119 2386 1264 2422 ἀγέννητον
1276 2386 1403 2422 ὁΠατήρ,
1417 2386 1443 2413 id
1458 2383 1512 2419 est,
1525 2395 1576 2413 non
1590 2383 1659 2421 quod
1669 2383 1722 2413 'Fi-

940 2420 991 2447 [ius
1009 2420 1057 2447 Dei
1072 2429 1124 2447 non
1139 2421 1173 2447 sit
1194 2420 1306 2455 genitus.
1324 2420 1410 2448 Unum
1423 2422 1492 2448 enim
1513 2426 1551 2448 est
1564 2422 1719 2455 ingenitum.

939 2455 1021 2483 Pater
1035 2455 1144 2483 scilicet.
1166 2455 1232 2488 Qua:
1248 2457 1356 2491 quidem
1376 2456 1522 2483 Alexandri
1541 2457 1624 2483 verba
1637 2457 1718 2491 beni-

938 2499 990 2523 gne
1011 2491 1184 2526 intelligenda
1199 2490 1264 2518 sunt
1285 2492 1337 2519 hoc
1356 2492 1435 2519 modo
1450 2501 1456 2518 :
1471 2491 1530 2518 Non
1547 2491 1619 2526 quod
1635 2490 1719 2518 Filius

939 2526 985 2553 Dei
1012 2526 1176 2560 principium
1206 2527 1321 2561 originis
1339 2535 1395 2554 sua:
1417 2535 1471 2554 non
1498 2527 1616 2559 habeat;
1639 2526 1719 2553 habet

938 2562 1009 2587 enim
1028 2569 1056 2587 re
1070 2568 1133 2587 vera
1157 2561 1320 2597 principium
1341 2562 1465 2597 originis,
1485 2562 1603 2592 Patrem,
1619 2569 1653 2588 cx
1663 2569 1716 2595 quo

937 2597 1044 2633 genitus
1055 2599 1097 2633 est
1110 2605 1117 2622 :
1134 2596 1182 2622 sed
1194 2597 1258 2633 quia
1273 2597 1376 2633 nullum
1389 2596 1470 2624 habet
1482 2597 1644 2633 principium
1654 2600 1714 2633 tem.

956 2632 1023 2662 oris,
1038 2631 1138 2665 quippe
1154 2632 1200 2665 qui
1215 2632 1249 2657 ab
1265 2632 1337 2657 omni
1351 2631 1502 2660 :eternitaie
1520 2634 1625 2667 genitus
1639 2631 1675 2658 sit
1685 2639 1711 2657 ex

956 2640 1023 2662 01⁸15,
1038 2640 1138 2665 qlllppe
1154 2640 1200 2665 (μη
1215 2640 1249 2657 Ill)
1265 2640 1337 2657 Olllltl
1351 2640 1502 2660 :t'ternitate
1520 2640 1625 2667 gellllUS
1639 2640 1675 2658 Sll
1685 2640 1706 2657 c1

937 2640 1027 2698 lintre,
1050 2666 1170 2701 ἁχρὸνως
1185 2667 1231 2693 καὶ
1248 2667 1444 2701 ἀμεσιτεύτως,
1463 2672 1492 2694 ut
1506 2668 1592 2695 Graeci
1614 2667 1706 2694 dicunt

937 2702 963 2728 id
979 2703 1090 2728 estsine
1104 2701 1158 2728 ullo
1173 2705 1294 2736 tempore
1311 2708 1342 2727 ac
1363 2703 1461 2729 medio.

973 2736 1028 2772 (M)
1046 2735 1238 2772 'Y‘Jrepéxewa.
1255 2735 1396 2772 ’Ezégatva
1406 2738 1489 2763 codex
1499 2737 1599 2771 llr-gius
1611 2735 1717 2772 Lipiui.

973 2769 1028 2808 (15)
1053 2771 1195 2804 Εἰ’σεϐε7ς
1222 2772 1277 2798 οὐκ
1306 2769 1385 2806 οἶμαι
1413 2769 1614 2807 λογιζῖψέιτιν.
1641 2771 1719 2798 llunc

1528 2820 1564 2849 18
