1911 3073
106 111 154 139 1557

820 108 998 138 EPISTOL/E
1003 131 1009 137 .

1676 107 1727 135 558

110 176 183 204 γειν;
205 167 375 204 ’Δδιανόητον
389 167 442 203 γὰρ
458 168 513 202 (20)
529 169 575 195 καὶ
591 168 680 203 πάσης
698 168 817 203 ἀμαθίας
831 169 897 195 ἀνά-

957 172 1123 204 empestates
1147 168 1278 199 condidit,
1306 168 1332 194 in
1359 167 1456 202 quibus
1480 166 1557 199 illud,
1584 173 1634 192 non
1661 169 1726 192 erat,

110 216 207 248 πλεων,
225 215 272 242 τὸν
293 216 379 242 αἴτιον
395 216 540 251 γενόμενόν
558 225 640 248 τινος,
660 217 740 244 αὑτὸν
756 217 899 252 μεταγενέ-

111 269 204 297 στερον
216 261 306 296 λέγειν
325 262 375 296 τῆς
396 262 500 288 ἐκείνου
514 262 654 297 γενέσεως.
671 263 833 299 Προηγεῐται
846 263 899 299 γὰρ

111 309 171 335 κατ’
183 307 282 339 αὐτοὺς
297 308 347 343 τῆς
361 307 395 334 τὰ
409 308 458 334 ὅλα
476 309 693 345 δημιουργούσης
713 309 759 336 τοῦ
772 309 840 336 Θεοῦ
856 319 899 336 σο-

110 353 175 388 φίας
189 353 278 380 ἐκεῖνο
298 353 328 380 τὸ
342 353 488 388 διάστημα,
509 355 538 381 ὲν
558 351 580 388 ᾧ
595 363 660 389 φασι
684 355 720 391 μὴ
735 355 898 390 γεγενῆσθαι

109 401 155 427 τὸν
168 400 232 427 Υίὺν
255 400 308 427 ὑπὸ
333 400 380 427 τοῦ
402 402 517 437 Πατρός·
539 401 706 438 ψευδομένης
726 405 785 429 κατ’
803 403 899 435 αὑτοὺς

110 446 216 482 καὶτῆς
227 447 418 481 Πρωτότοκον
425 447 504 474 αὐτὸν
516 445 584 474 εἶναι
593 448 693 483 πάσης
702 450 826 483 κτίσεως
836 451 899 477 ἀνα-

108 492 278 529 γορευοὺσης
297 492 417 528 Γραφῆς.
442 493 577 528 Σύμφωνα
591 494 656 528 γοῦν
670 495 774 527 τούτοις
792 495 840 531 βοᾷ
854 496 899 522 καὶ

107 539 123 566 ὁ
137 539 394 575 μεγαλοφωνότατος
406 539 520 572 Παῦλος,
536 540 648 575 φάσκων
663 541 726 577 περὶ
739 541 831 568 αὐτοῦ’
850 543 900 568 Ὃν

107 586 199 620 ἔθηκε
217 587 408 621 κληρονόμον
428 585 557 618 πάντων,
571 587 608 614 δι’
622 585 657 615 οὗ
680 588 728 614 καὶ
748 588 818 621 τοὺς
834 588 900 615 αἰῶ-

108 641 166 666 νας
192 633 348 667 ἐποίησεν.
380 632 459 659 Ἀλλὰ
480 633 527 659 καὶ
551 632 585 658 ἐν
610 633 690 666 αὐτῷ
714 633 837 668 ἐκτίσθη
865 634 900 661 τὰ

109 678 220 711 πάντα,
236 678 273 705 τὰ
292 678 327 705 ἐν
343 678 404 711 τοῖς
418 677 556 712 οἰιοανοῖς
572 679 620 704 καὶ
642 677 677 705 τὰ
699 678 749 705 ἐπὶ
764 679 819 713 τῆς
834 679 899 714 γῆς,

108 724 147 750 τὰ
160 725 253 757 ὁρατὰ
273 724 322 750 καὶ
338 725 374 751 τὰ
393 724 514 758 ἀόρατα,
535 723 594 750 εἴτε
618 724 722 758 ἀρχαὶ,
742 724 802 751 εἴτε
817 725 901 757 ἐξου-

109 770 185 799 σίαι,
203 769 263 795 alte
279 770 466 803 κυριότητες,
481 770 541 796 εἴτε
558 771 667 804 θρόνου
682 770 780 797 πάντα
796 771 832 798 δι’
849 773 901 798 αὐ-

110 814 164 841 τοῦ
185 814 236 842 καὶ
257 815 407 858 είς-αὺτὸν
428 814 571 842 ἔκτισται·
589 816 638 842 καὶ
655 817 745 849 αὐτός
765 817 828 844 ἐστι
844 818 899 852 πρὸ

109 868 244 888 παντων.

147 948 205 976 νιι.
228 948 423 985 Ἀσεὸεστάτης
439 947 485 977 οὖν
499 951 628 986 φανείσης
646 951 695 986 τῆς
706 951 734 984 ἐξ
756 951 806 978 οὑκ
818 951 901 978 ὄντων

109 994 277 1027 ὑποθέσεως,
294 994 399 1031 ἀνάγκη
418 995 464 1022 τὸν
487 996 596 1032 Πατέρα
615 996 658 1022 ἀεὶ
679 995 749 1024 εἶναι
774 997 900 1034 Πατέρα·

110 1039 169 1066 ἔστι
184 1040 212 1066 δὲ
225 1039 320 1076 Πατὴρ
336 1041 379 1067 ἀεὶ
396 1041 526 1077 παρόντος
540 1040 587 1068 τοῦ
604 1041 682 1073 Υἱοῦ,
698 1042 730 1068 δι’
747 1042 776 1068 ὃν
796 1051 902 1078 χρημα-

109 1085 181 1117 τίζει
199 1086 294 1122 Πατήρ
309 1086 376 1122 (2i).
398 1088 452 1114 Ἀεὶ
471 1088 500 1114 δὲ
525 1088 657 1124 παρόντος
676 1088 749 1123 αὐτῷ
766 1089 812 1115 τοῦ
826 1089 902 1122 Υἱοῦ,

109 1132 154 1158 ἀεί
174 1132 274 1158 ἐστινὸ
300 1132 395 1168 Πατὴρ
415 1133 527 1165 τέλειος,
546 1133 689 1169 ἀνελλιπὴς
709 1136 849 1170 τυγχάνων
874 1137 903 1162 ὲν

109 1176 149 1212 τῷ
167 1176 244 1212 καλῷ
253 1186 259 1192 ·
278 1177 308 1204 οὑ
324 1177 465 1212 χρονικῶς,
479 1178 539 1205 οὐδὲ
553 1180 585 1205 ἐκ
598 1179 789 1215 διαστήματος,
801 1181 860 1208 οὐδὲ
874 1181 903 1213 ἐξ

109 1223 160 1249 οὐκ
182 1223 268 1250 ὄντων
289 1223 421 1258 γεννήσας
446 1224 491 1250 τὸν
517 1225 647 1261 μονογενῆ
665 1225 737 1252 Υίόν.
754 1226 786 1252 Τί
809 1226 836 1253 δὲ
854 1227 904 1253 οὐκ

110 1268 220 1294 ἀνόσιον
241 1268 273 1294 τὸ
293 1269 399 1303 λέγειν,
424 1269 490 1295 ποτὲ
513 1269 550 1305 μὴ
572 1268 641 1297 εἶναι
665 1270 714 1306 τὴν
742 1272 840 1306 Σοφίαν
857 1272 903 1299 τοῦ

109 1314 190 1346 Θεοῦ,
206 1314 256 1350 τὴν
278 1314 419 1349 λέγουσαν·
443 1315 517 1351 Ἐγὼ
537 1315 617 1350 ἥμην
633 1318 700 1351 παρ’
719 1318 799 1351 αὑτῷ
816 1319 904 1353 ἁρμό-

108 1359 214 1394 ζουσα,
237 1360 295 1396 ἐγὼ
318 1361 399 1396 ἤμην
412 1358 432 1397 ᾖ
448 1360 648 1396 προσέχαιρεν
659 1371 665 1377 ι
684 1362 700 1398 ἢ
725 1363 774 1399 τὴν
792 1363 904 1399 δύναμιν

109 1407 157 1434 τοῦ
184 1406 253 1436 Θεοῦ
281 1407 318 1442 μὴ
343 1407 474 1443 ὑπάρχειν
497 1409 575 1434 ποτέο
596 1408 613 1443 ἢ
642 1407 687 1435 τὸν
713 1409 798 1443 Λόγον
823 1410 904 1437 αὐτοῦ

110 1454 336 1490 ὴκρωτηριᾶσοαι
350 1454 416 1481 ποτέ
425 1463 431 1469 ·
451 1454 468 1490 ἢ
480 1454 514 1480 τὰ
531 1454 596 1481 ἄλλα
609 1453 638 1486 ἐξ
650 1451 686 1481 ὧν
699 1455 712 1481 ὁ
729 1455 792 1488 Υἱὸς
805 1457 905 1493 γνωρί-

111 1501 198 1533 ζεται,
220 1501 269 1527 καὶ
286 1501 300 1527 ὁ
320 1500 415 1536 Πατὴρ
435 1500 682 1537 χαρακτηρίζεταις
695 1501 731 1528 Τὸ
744 1503 797 1539 γὰρ
814 1503 904 1531 ἀπαύ·

111 1555 207 1582 γασμα
221 1547 270 1582 τῆς
285 1546 364 1583 δόξης
385 1547 422 1582 μὴ
439 1545 507 1574 εἶναι
527 1548 625 1582 λέγειν,
641 1550 796 1585 συναναιρεῖ
808 1550 855 1576 καὶ
873 1549 903 1576 τὸ

111 1592 291 1628 πρωτότυπον
311 1593 378 1627 φῶς,
399 1590 429 1620 οὗ
449 1594 522 1620 ἐστιν
533 1594 713 1630 ἀπαύγασμα.
727 1595 759 1622 Et
779 1595 807 1622 δὲ
825 1597 871 1623 καὶ
887 1598 902 1632 ἡ

111 1637 194 1665 εἰκὼν
208 1638 256 1665 τοῦ
277 1638 344 1664 Θεοῦ
360 1638 410 1664 οὐκ
426 1636 460 1674 ἦν
480 1640 533 1673 ἀεὶ,
548 1640 627 1675 δῆλον
646 1641 687 1667 ὅτι
702 1641 756 1668 οὐδ’
776 1639 806 1669 οὗ
831 1643 903 1669 ἐστιν

111 1684 206 1718 εἰκὼν,
217 1685 291 1711 ἔστιν
303 1685 356 1712 ἀεί.
375 1684 455 1714 Ἀλλὰ
465 1685 512 1712 καὶ
523 1686 562 1722 τῷ
578 1687 614 1722 μὴ
626 1686 694 1714 εἶναι
717 1688 762 1715 τὸν
776 1690 824 1724 τῆς
839 1689 904 1715 ὑπο-

113 1731 236 1763 στάσεως
256 1730 303 1757 τοῦ
323 1730 389 1757 Θεοῦ
406 1732 576 1767 χαρακτῆρα,
593 1736 793 1770 συναναιρεῖται
808 1736 903 1761 κακεῖ-

112 1783 168 1807 νος,
180 1776 196 1802 ὁ
216 1776 324 1807 πάντως
338 1777 401 1812 παρῖ
421 1775 502 1803 αὑτοῦ
519 1778 794 1815 χαρακτηριζόμενος.
817 1780 860 1814 Ἐξ
871 1777 904 1816 ἧς

112 1821 188 1848 ἔστιν
203 1821 267 1848 ἰδεῖν
281 1821 329 1857 τὴν
346 1822 455 1858 υίότητα
468 1823 515 1849 τοῦ
537 1825 662 1860 Σωτῆρος
677 1825 766 1860 ἡμῶν,
780 1825 905 1861 οὐδεμίαν

112 1865 230 1901 ἔχουσαν
245 1866 386 1894 κοινωνίαν
400 1867 468 1909 πρὸς
477 1867 526 1903 τὴν
543 1869 596 1896 τῶν
610 1869 710 1896 λοιπῶν
726 1870 845 1905 υῐότητα.
858 1872 905 1898 Ὃν

113 1912 216 1947 τρόπον
229 1911 284 1948 γὰρ
302 1913 318 1948 ἡ
338 1913 455 1949 ipsum;
476 1914 558 1941 αὑτοῦ
575 1914 730 1948 ὑπόστασις,
749 1916 905 1952 ἀσυγκρίτῳ

114 1958 237 1994 ὑπεροχῇ
260 1958 366 1994 ἐδείχθη
390 1959 572 1996 ὑπερκειμένη
590 1961 698 1988 πάντων
723 1959 762 1994 οἷς
779 1962 861 1993 αὑτὸς
876 1963 906 1989 τὸ

115 2003 186 2032 εῖναι
199 2005 354 2041 ἐχαρίσατο,
369 2005 454 2038 οὕτως
471 2007 544 2042 καὶὴ
561 2007 652 2043 υἰότης
667 2008 749 2034 αὑτοῦ
768 2008 839 2035 κατὰ
854 2009 895 2043 φύ-

114 2057 159 2077 σιν
170 2050 340 2085 τυγχάνουσα
349 2050 398 2085 τῆς
414 2051 549 2089 πατρικῆς
565 2051 700 2087 θεότητος,
709 2052 814 2088 ἁλέκτῳ
824 2053 907 2090 ὑπερ-

115 2098 167 2133 οχῇ
195 2096 318 2132 διαφέρει
340 2096 394 2124 τῶν
420 2097 453 2124 δι’
477 2098 560 2124 αὑτοῦ
585 2097 657 2125 θέσει
687 2098 904 2134 υἱοθετηθέντων.

122 2143 152 2169 '0
169 2143 219 2178 μὲν
233 2142 444 2186 γὰράτρέπτου
469 2143 575 2178 φύσεως
589 2146 733 2179 τυγχάνει,
750 2144 850 2176 τέλειος
870 2145 906 2172 ὣν

949 214 1092 242 confusum
1112 218 1163 246 est,
1184 216 1271 248 ipsum
1295 214 1441 248 aliquando
1459 220 1512 240 non
1534 211 1672 239 exstitisse
1687 211 1729 237 di-

950 262 1029 289 cere?
1053 261 1099 289 l:Lst
1115 261 1186 288 enim
1210 260 1328 287 alienum
1347 268 1360 286 a
1372 268 1453 288 sensu
1476 259 1603 294 omnique
1619 259 1728 293 plenum

950 308 1068 340 inscitia,
1080 315 1141 334 eutn
1161 306 1207 341 qui
1227 305 1344 340 alicujus
1359 305 1396 332 rei
1413 309 1506 332 auctor
1528 305 1572 338 sit,
1590 305 1682 332 eadem
1699 311 1729 330 re

950 355 1129 390 posteriorem
1145 352 1289 379 allirmarc.
1308 351 1412 384 Quippe
1435 350 1510 384 juxta
1534 350 1642 376 illorum
1664 357 1728 376 sen-

950 400 1074 432 tentiam,
1095 400 1211 435 spatium
1230 398 1360 432 temporis
1375 405 1428 432 quo
1455 397 1547 423 dicunt
1568 395 1665 422 Filium
1681 394 1728 421 Dei

950 455 1004 474 non
1019 448 1156 474 exstitisse
1179 453 1211 472 ex
1236 443 1327 475 Patre,
1348 443 1487 478 prmcessit
1503 442 1662 476 sapientiam
1682 440 1729 467 Dei

950 492 1071 520 omnium
1092 499 1183 519 rerum
1208 489 1406 518 conditrieem:
1424 488 1605 521 mentiturque
1629 493 1729 513 secun-

950 538 1014 565 dum
1028 545 1075 565 eos
1091 536 1242 571 Scriptura,
1256 542 1315 569 qua:
1335 533 1539 568 Primogenitum
1554 532 1637 558 otnnis
1654 539 1729 557 crea-

951 589 1018 610 tura!
1032 583 1108 609 illum
1129 587 1206 609 vocat
1220 582 1250 608 ".
1274 580 1379 613 Quibus
1393 587 1513 606 consona
1536 582 1599 605 sunt
1612 586 1672 612 quae
1687 586 1730 604 vo-

951 628 1106 655 calissimus
1130 626 1229 654 Paulus
1244 625 1277 653 de
1301 626 1346 652 illo
1362 624 1503 660 praadicat.
1528 624 1564 651 ita
1581 623 1675 651 dicens
1688 624 1728 650 ¹¹;

925 696 927 698 .
952 674 1033 707 Quem
1045 674 1179 701 constituit
1193 671 1320 699 lim-edem
1335 672 1514 698 universarum
1528 677 1591 704 ερον
1606 678 1680 705 quem
1692 669 1730 704 fe-

952 720 985 746 cit
1002 723 1026 746 et
1042 719 1150 746 swcula.
1167 717 1220 745 Sed
1235 722 1261 745 et
1274 717 1295 732 "‘
1311 717 1337 743 in
1351 717 1406 751 ipso
1421 715 1526 743 condita
1541 721 1601 742 sunt
1612 717 1732 743 universa

951 765 980 791 in
993 765 1064 792 cwlis
1077 770 1101 791 ct
1118 765 1145 790 in
1164 769 1245 795 terra,
1264 762 1377 789 risibilia
1388 767 1412 788 et
1432 761 1584 793 invisibilia,
1596 762 1648 788 sive
1660 762 1733 796 prin-

953 811 1074 845 cipatus,
1102 811 1155 837 sive
1184 813 1339 843 potestates,
1366 808 1418 834 sive
1444 807 1652 839 dominationes,
1682 808 1733 834 sive

917 848 937 875 Β
954 855 1039 882 throni
1052 863 1060 881 :
1075 855 1163 882 omnia
1183 862 1228 889 per
1250 854 1332 887 ipsum
1357 857 1445 879 creata
1471 857 1551 879 sunt:
1577 858 1600 879 et
1623 853 1676 887 ipse
1695 857 1733 878 est

953 907 1013 929 ante
1026 902 1124 929 omnia.

988 948 1044 976 Vl’l.
1055 947 1173 975 Proinde
1187 955 1249 974 eum
1265 947 1299 973 ab
1313 946 1387 973 omni
1411 945 1511 980 pietate
1540 944 1733 972 alienissimam

953 1003 1014 1023 esse
1025 1000 1155 1030 appareat
1171 993 1333 1021 sententiam
1348 992 1420 1018 illam
1433 991 1465 1018 de
1480 998 1534 1018 non
1551 990 1732 1018 exstantibus.

954 1040 1109 1068 necessario
1121 1039 1265 1067 dicendum
1281 1042 1333 1070 est,
1351 1037 1458 1064 Patrem
1478 1044 1585 1071 semper
1609 1043 1670 1063 esse
1685 1035 1734 1061 Pa-

954 1091 1033 1114 trem.
1059 1085 1138 1113 Pater
1162 1091 1252 1112 autem
1273 1088 1325 1115 est,
1341 1086 1473 1118 praesente
1487 1090 1593 1121 semper
1607 1080 1683 1113 Filio,
1700 1081 1735 1108 ob

954 1140 1035 1168 quem
1051 1132 1153 1159 dicitur
1166 1131 1254 1158 Pater.
1277 1130 1412 1163 Quocirca
1430 1137 1491 1156 cum
1509 1136 1614 1163 semper
1629 1129 1654 1155 ei
1668 1135 1734 1162 prae-

955 1187 1018 1207 sens
1033 1179 1069 1206 sit
1082 1177 1178 1210 Filius,
1193 1185 1299 1212 semper
1315 1181 1356 1204 est
1367 1176 1502 1211 perlectus
1517 1174 1608 1207 Pater,
1622 1175 1694 1201 nulla
1706 1182 1735 1201 re

955 1226 1101 1254 destitutus
1116 1226 1144 1252 in
1154 1225 1224 1252 bono
1234 1224 1293 1259 :qni
1304 1232 1357 1251 non
1367 1224 1393 1250 in
1405 1227 1535 1257 tempore,
1551 1229 1640 1256 neque
1650 1229 1681 1249 ex
1693 1221 1734 1248 in-

955 1273 1194 1308 tervallo,nequee
1208 1279 1260 1298 non
1273 1270 1454 1301 exstantibus,
1464 1270 1572 1296 unicum
1583 1267 1678 1294 Filium
1691 1275 1730 1302 ge-

955 1318 1024 1345 nuit.
1033 1317 1175 1350 Quomodo
1188 1321 1278 1343 antem
1288 1316 1399 1350 impium
1410 1323 1462 1341 non
1472 1315 1507 1341 sit
1513 1314 1613 1346 dicere,
1622 1314 1734 1348 Sapien-

956 1365 1021 1391 tiam
1028 1363 1075 1391 Dei
1093 1362 1239 1397 ali-quando
1251 1369 1304 1389 non
1316 1361 1527 1396 exstitisse,qnze
1535 1360 1568 1388 de
1585 1367 1614 1387 se
1628 1360 1685 1394 ipsa
1699 1360 1737 1386 ita

956 1408 1106 1444 loquitur“
1117 1417 1124 1436 :
1135 1407 1190 1442 Ego
1199 1415 1271 1434 eram
1283 1407 1352 1442 apud
1361 1407 1447 1441 ipsum
1462 1411 1555 1433 cuncta
1565 1413 1736 1440 componens:

956 1463 1001 1490 ego
1021 1462 1094 1481 eram
1116 1453 1158 1480 cui
1184 1452 1370 1487 adgaudebat.°
1405 1456 1450 1479 aut
1473 1452 1599 1479 virtutem
1618 1450 1664 1478 Dei
1690 1451 1739 1477 ali-

956 1500 1065 1536 quando
1079 1507 1133 1527 non
1145 1499 1285 1527 exstitisse
1301 1507 1307 1525 :
1325 1502 1371 1525 aut
1386 1496 1502 1524 Verbum
1519 1497 1577 1531 ejus
1594 1497 1739 1531 aliquando

957 1547 1043 1574 fuisse
1058 1546 1212 1573 mutilatum
1232 1549 1297 1572 :aut
1317 1545 1368 1571 alia
1387 1543 1549 1578 quandoque
1563 1542 1694 1574 defuisse,
1706 1550 1739 1569 ex

958 1593 1057 1628 quibus
1077 1592 1164 1620 Filius
1181 1591 1355 1626 cognoscitur
1370 1595 1397 1617 et
1423 1589 1502 1616 Pater
1524 1588 1700 1623 designatur?
1715 1587 1740 1614 ls

957 1640 1029 1668 enim
1045 1640 1091 1674 qni
1107 1641 1188 1673 negat
1210 1636 1382 1672 splendorem
1397 1635 1489 1671 gloria:
1501 1635 1642 1666 exsistere,
1659 1634 1741 1661 simul

957 1685 1029 1713 tollit
1047 1685 1215 1720 primitivum
1233 1684 1324 1710 lumen
1347 1682 1426 1717 cujus
1448 1685 1490 1709 est
1515 1681 1652 1716 splendor.
1669 1679 1702 1706 Et
1717 1680 1741 1707 si

958 1733 1047 1766 imago
1060 1731 1106 1758 Dei
1119 1738 1230 1765 semper
1245 1737 1300 1757 non
1313 1729 1372 1760 fuit.
1383 1736 1432 1755 nec
1444 1728 1519 1754 illum
1535 1735 1642 1762 semper
1656 1726 1742 1754 fuisse

959 1778 1044 1812 liquet
1064 1777 1143 1812 cujus
1166 1777 1254 1812 imago
1271 1780 1323 1803 est.
1344 1775 1465 1809 Denique
1487 1774 1610 1809 negando
1627 1773 1741 1808 figuram

959 1823 1118 1851 substantia:
1145 1822 1191 1850 Dei
1211 1829 1316 1856 semper
1341 1821 1442 1853 fuisse,
1460 1820 1673 1848 simul.tollitur
1696 1819 1741 1846 ille

959 1869 1005 1904 qui
1024 1868 1144 1904 perfecte
1161 1869 1195 1895 ab
1219 1875 1249 1895 eo
1266 1867 1438 1902 exprimitur.
1455 1866 1492 1893 Ex
1513 1873 1567 1901 quo
1589 1866 1650 1892 licet
1666 1873 1741 1900 pers-

959 1916 1063 1952 picere,
1081 1915 1236 1942 liliationem
1253 1913 1405 1941 Servatoris
1423 1913 1509 1940 nostri
1538 1912 1606 1938 nihil
1630 1919 1741 1946 prorsus

959 1962 1060 1989 habere
1073 1968 1217 1988 commune
1232 1968 1292 1987 cum
1315 1960 1482 1994 reliquorum
1510 1958 1648 1985 ﬁliatione.
1675 1957 1741 1984 Nam

960 2008 1188 2044 quemadmodum
1225 2006 1440 2041 inexplicabilem
1468 2005 1527 2040 ejus
1561 2005 1742 2032 substantiam

960 2053 1166 2088 incomparabili
1192 2052 1352 2079 excellentia
1382 2055 1513 2086 praestare
1537 2054 1675 2078 ostensum
1701 2053 1743 2076 est

961 2099 1073 2135 reliquis
1089 2099 1216 2126 omnibus
1234 2098 1334 2132 quibus
1349 2098 1394 2125 ille
1408 2097 1554 2125 essentiam
1576 2096 1686 2127 tribuit;
1703 2095 1743 2122 sic

960 2152 987 2175 et
1005 2147 1066 2181 ejus
1085 2146 1189 2178 liliatio,
1206 2153 1266 2180 qum
1279 2145 1357 2180 juxta
1374 2148 1499 2171 naturam
1515 2147 1556 2171 est
1571 2147 1689 2178 paternm
1703 2142 1744 2169 di-

117 2189 166 2217 καὶ
181 2190 226 2217 διὰ
243 2190 352 2216 πάντων
364 2190 489 2226 ἀνενδεὴς
501 2200 507 2206 ·
525 2192 549 2217 οἱ
563 2191 602 2223 δὲ,
619 2193 651 2227 τῇ
664 2192 704 2222 είς
719 2191 836 2228 ἑκάτερα
846 2201 903 2228 τρο-

959 2192 1091 2223 vinitatis,
1105 2191 1234 2218 inellabili
1250 2191 1367 2226 quadam
1381 2191 1538 2225 praestantia
1553 2194 1664 2223 superat
1675 2189 1744 2215 tilia-

117 2236 156 2270 πῇ
171 2235 356 2270 ὑποκείμενοι,
371 2235 421 2270 τῆς
447 2236 522 2271 παρὰ
539 2236 632 2263 τούτου
654 2237 777 2273 βοηθείας
793 2238 906 2265 δέονται.

117 2281 151 2308 Τί
170 2281 225 2317 γὰρ
235 2280 269 2308 ἂν
284 2281 332 2308 καὶ
345 2281 479 2316 προκόψαι
495 2281 550 2318 ἔχοι
563 2283 579 2318 ἡ
594 2283 641 2309 τοῦ
657 2283 724 2310 Θεοῦ
740 2284 829 2318 σοφία,
847 2284 863 2320 ἢ
883 2285 908 2311 τί

117 2326 284 2362 προσλαϐεῖν
298 2328 314 2362 ὴ
335 2326 523 2363 αὐτοαλήθεια,
540 2328 556 2363 ἢ
576 2329 590 2354 ὁ
605 2329 670 2360 Θεὸς
683 2330 784 2364 Λόγος;
799 2329 861 2362 Πῶς
875 2329 908 2356 ἂν

118 2369 176 2405 ἔχοι
200 2369 376 2405 βελτιωθῆναι
400 2372 416 2406 ἠ
447 2371 513 2407 ζωὴ,
527 2372 558 2398 τὸ
586 2372 710 2408 ἀληθινὸν
738 2375 810 2409 (pile;
827 2375 858 2402 Εἰ
881 2375 910 2401 δὲ

117 2417 209 2448 τοῦτο,
224 2415 301 2452 πόσῳ
318 2416 397 2442 πλέον
413 2417 544 2452 ἁφύσικον
564 2419 702 2454 τυγχάνει,
722 2420 827 2456 μωρίας
844 2421 908 2447 ποτὲ

117 2462 248 2499 δεκτικὴν
264 2462 389 2498 γενέσθαι
404 2463 453 2499 τὴν
468 2464 573 2499 σοφίαν,
589 2465 606 2501 ἧ
622 2467 670 2501 τὴν
682 2466 729 2493 τοῦ
744 2467 811 2493 Θεοῦ
829 2467 908 2494 δύνα-

121 2519 168 2545 μιν
180 2509 307 2546 ἀσθενείᾳ
317 2511 531 2547 προσπλακῆναι,
543 2513 559 2548 ἢ
571 2512 668 2548 ἀλογίᾳ.
678 2513 723 2539 τὸν
734 2513 812 2547 λόγον
825 2514 910 2549 ἀμαυ-

122 2555 252 2591 ρωθῆναι,
270 2555 286 2592 ἢ
306 2556 345 2592 τῷ
364 2556 481 2593 ἀληθινῷ
503 2558 571 2592 φωτὶ
598 2559 774 2594 ὲπιμιχθῆναι
797 2559 907 2592 σκότοςς

119 2601 167 2628 τοῦ
186 2602 236 2637 μὲν
254 2603 415 2630 Ἀποστὸλου
431 2605 542 2632 αὐτόθεν
553 2605 675 2640 λέγοντος
685 2615 691 2622 ·
711 2606 759 2640 Τίς
771 2608 909 2634 κοινωνία

176 2683 198 2698 ¹¹
215 2681 299 2709 Eccli.
319 2691 398 2715 xxtv,
415 2682 441 2710 5.

156 2748 215 2792 (20)
239 2749 430 2792 Ἀδιιιιςόητον
451 2752 516 2786 γάρ.
529 2749 568 2792 ‘ln
586 2752 680 2792 codice
697 2752 796 2792 Leonis
815 2753 907 2792 Allatii

122 2786 261 2825 scriptum
273 2789 315 2825 est
329 2786 452 2825 ἀνόητον,
465 2787 543 2825 quod
556 2788 751 2825 ιῐιοεςὶεκιητοὺοἶ
768 2788 855 2822 Atque
868 2789 907 2825 ita

122 2819 188 2860 legit
213 2819 393 2860 Epiphanius
410 2819 613 2849 Scholasticusf
640 2819 685 2849 Sic
710 2824 782 2854 enim
807 2819 905 2851 rcrtit:

124 2854 243 2883 Stultum
258 2859 297 2882 est
311 2857 391 2888 ettini.
406 2862 429 2884 et
446 2860 516 2886 omni
531 2862 634 2892 peccato
647 2859 762 2893 plenum.
777 2862 829 2886 etc.

960 2240 1062 2266 tionem
1076 2245 1170 2265 eorum
1186 2237 1234 2272 qui
1258 2245 1306 2271 per
1331 2237 1418 2271 ipsum
1447 2235 1566 2270 adoptati
1599 2239 1662 2261 sunt
1686 2234 1742 2261 lilii.

959 2285 1026 2312 Nam
1040 2285 1099 2319 ipse
1119 2284 1228 2318 quidem
1254 2283 1433 2310 immutabilis
1455 2286 1497 2309 est
1524 2285 1639 2312 natura},
1660 2281 1744 2307 unde-

960 2338 1067 2365 cunque
1094 2329 1251 2365 perfectus,
1280 2336 1330 2355 nec
1351 2327 1434 2354 ullius
1460 2327 1499 2354 rei
1530 2327 1653 2361 indigens
1679 2336 1685 2353 :
1718 2326 1745 2352 hi

961 2382 1108 2405 verocum
1134 2375 1276 2402 mutationi
1295 2375 1323 2401 in
1341 2378 1485 2408 nti-aliique
1503 2381 1607 2408 partem
1627 2373 1683 2400 sint
1697 2372 1744 2399 oh-

963 2422 1047 2455 noxii,
1063 2429 1132 2456 opus
1150 2421 1249 2448 habent
1265 2421 1339 2448 illius
1354 2419 1465 2446 auxilio.
1484 2419 1570 2452 Quem
1595 2419 1666 2446 enim
1683 2425 1744 2453 pro-

963 2469 1063 2496 fectum
1079 2467 1169 2495 facere
1183 2471 1272 2502 potest
1286 2466 1333 2493 Dei
1348 2465 1500 2500 sapientia?
1513 2456 1589 2498 Quod
1615 2472 1743 2499 augmen-

963 2519 1020 2541 tum
1036 2514 1161 2548 accipcre
1177 2516 1267 2548 potest
1285 2513 1345 2546 ipsa
1362 2511 1463 2539 veritas
1478 2515 1505 2537 et
1520 2510 1592 2536 Deus
1608 2509 1744 2537 Verbum?

963 2561 1021 2593 Qua
1040 2560 1147 2587 ratione
1162 2560 1258 2587 melior
1285 2559 1342 2586 lieri
1366 2558 1453 2593 possit
1473 2557 1526 2584 vita
1553 2561 1579 2583 et
1600 2556 1644 2582 lux
1663 2556 1746 2584 vera?

963 2605 1040 2639 Quod
1059 2606 1082 2632 si
1096 2606 1132 2632 ita
1149 2613 1179 2632 se
1198 2605 1290 2636 habet,
1311 2607 1411 2639 quanto
1436 2601 1583 2630 absurdius
1595 2605 1646 2633 est,
1663 2605 1692 2627 ut
1701 2609 1745 2628 sa-

482 2683 504 2699 ¹³
520 2683 624 2711 Coloss.
645 2692 665 2717 ι,
682 2685 726 2718 l5;
737 2683 817 2712 Hebr.
827 2687 881 2718 1,2.

957 2684 1045 2712 ioloss.
1061 2692 1080 2716 I,
1097 2683 1142 2716 16,
1161 2684 1204 2710 l7.
1245 2683 1265 2698 ¹⁵
1285 2681 1362 2708 Prov.
1380 2689 1439 2713 vni,
1452 2681 1496 2708 50.

997 2751 1052 2786 (2|)
1069 2752 1100 2778 Δι
1126 2751 1141 2777 ὃ
1157 2750 1323 2785 χρηματίζει
1337 2750 1446 2783 Πατήρ.
1464 2748 1746 2786 ιηηιιιηιιεοτίρις)λε‹)-

960 2784 1020 2814 dice
1043 2784 1151 2813 llcnrici
1174 2787 1268 2812 δανίΗί
1287 2787 1384 2821 legitur
1399 2786 1487 2821 Ct‘ﬁv,
1504 2784 1640 2821 quomodo
1662 2784 1745 2821 etiam

962 2823 1026 2857 legit
1040 2822 1207 2857 Epiphanius
1224 2819 1420 2850 Sclieilasticns.
1440 2820 1468 2848 ln
1484 2821 1557 2856 regio
1569 2819 1592 2847 J.
1611 2819 1668 2847 Pini
1683 2820 1745 2847 00d.

962 2856 1197 2891 scriptuui’inveni
1211 2858 1243 2884 δι’
1261 2856 1300 2886 οὒ.
