1911 3073
205 109 219 133 PI
224 108 256 135 59

764 104 791 131 S.
814 103 1010 132 ALEXAND!“
1030 102 1261 133 ALEXANDBINI

1771 106 1823 133 560

207 165 307 200 p‘eutia
322 161 465 198 aliquando
480 161 602 190 stultitia:
622 168 705 197 capax
730 161 821 193 fuerit,
845 166 875 189 ut
898 162 979 189 virtus

1036 160 1107 195 φωτί
1131 160 1204 195 πρὸς
1228 162 1346 195 σκότος,
1372 162 1392 197 ἢ
1419 163 1464 196 τίς
1486 164 1682 199 συμφώνησις
1707 166 1825 200 Χριστῷ

205 210 250 238 Dei
265 209 414 237 inﬁrmitati
432 207 579 242 conjuncta
594 207 640 240 sit,
659 211 705 234 aut
723 213 752 234 ut
768 208 836 234 ratio
852 207 984 235 obscura-

203 261 229 283 ta
246 255 326 284 fuerit
340 254 477 286 vecordia,
492 258 538 281 aut
553 253 672 281 tenebrae
685 261 747 280 cum
766 261 827 280 vera
843 253 902 281 luce
921 260 984 288 per-

203 302 308 330 mixtze?
318 309 378 328 cum
389 300 535 335 Apostolus
549 299 651 327 diserte
661 299 735 326 dicat
745 300 766 315 ¹⁶
780 309 786 326 :
798 299 863 332 Qua:
874 299 983 326 societas

203 350 254 376 luci
264 358 322 376 cum
338 348 458 377 tenebris,
472 351 516 373 aut
530 355 587 382 qum
598 345 730 373 conventio
742 344 845 373 Christo
861 354 920 372 cum
934 345 983 372 Be-

201 395 268 424 lial?
285 399 311 424 et
329 396 457 422 Salomon
468 395 488 412 “'
503 396 581 428 neget
595 393 653 420 ﬁeri
669 400 759 427 posse,
773 396 801 418 ut
818 392 984 427 cogitatione

201 441 445 477 comprehendatur
471 440 512 466 via
542 438 642 466 colubri
673 446 750 472 super
773 443 895 472 petram,
923 445 983 472 qua:

199 486 325 514 Christus
348 489 390 513 est
417 485 495 520 juxta
525 484 689 511 sententiam
720 483 795 509 Pauli
806 483 838 510 ’⁸,
853 482 982 510 Homines

200 540 264 560 vero
280 536 307 559 et
319 532 418 567 angeli,
434 531 478 566 qui
495 536 558 558 sunt
575 530 635 564 ejus
650 533 792 561 creaturae,
811 528 980 556 benedictio-

200 587 261 605 nem
285 582 448 613 acceperunt
471 581 499 604 ut
523 576 695 612 proﬁcerent,
710 576 737 602 in
755 576 864 603 virtutis
890 576 981 603 studio

199 626 261 653 etin
278 625 413 652 mandalis
428 624 495 660 legis
510 631 570 651 sese
583 627 754 653 exercentes.
768 630 802 649 ne
815 623 842 649 in
862 622 925 649 vitia
939 622 980 648 di-

198 671 334 698 labantur.
347 670 528 703 Quamobrem
546 669 677 696 Dominus
691 671 795 699 noster,
808 675 870 694 cum
881 671 979 694 natura

198 718 233 745 sit
249 717 334 744 Filius
351 716 492 748 Patris,ab
506 716 633 743 omnibus
649 715 788 742 adoratur.
806 713 838 741 Hi
853 721 918 741 vero
932 714 979 741 de-

1037 207 1112 240 πρὸς
1135 207 1260 242 Βελίαρ;
1279 208 1326 234 τοῦ
1339 208 1368 235 δὲ
1391 209 1570 244 Σολομῶντος,
1582 211 1622 237 ὅτι
1646 211 1778 239 ἀδύνατον
1792 212 1825 239 ἂν

1036 252 1079 288 εἴη
1102 253 1153 280 κᾶν
1181 254 1262 289 μέχρι
1284 255 1351 290 πρὸς
1376 255 1479 287 ἐννοίας
1496 256 1549 292 (22)
1570 257 1711 294 εὑρεθῆναι
1735 259 1824 293 ὁδοὺς

1038 298 1132 333 ὄφεως
1141 298 1191 326 ἐπὶ
1204 300 1324 334 πέτρας,
1339 302 1400 336 ἥτις
1414 302 1484 328 κατὰ
1501 302 1607 330 Παῦλόν
1624 304 1698 331 ἐστιν
1719 306 1735 331 ὁ
1755 305 1823 341 Χρι-

1039 345 1109 377 στός.
1124 347 1155 372 Οἰ
1167 346 1195 373 δὲ
1204 346 1341 382 κτίσματα
1350 348 1430 374 αὑτοῦ
1443 349 1631 384 τυγχάνοντες,
1643 349 1781 386 ἄνθρωποί
1795 360 1822 377 τε

1037 392 1083 418 καὶ
1093 392 1213 426 ἄγγελοι,
1227 394 1274 420 καὶ
1289 394 1412 428 εὐλογίας
1431 395 1555 431 εἰλήφασι
1571 396 1745 431 προκόπτειν,
1761 397 1823 433 ἀρε-

1035 439 1094 470 ταῖς
1116 438 1278 474 ἀσκούμενοι
1297 441 1344 467 καὶ
1363 441 1488 476 νομίμοις
1507 441 1625 473 ἐντολαῖς
1638 442 1694 478 (25)
1711 443 1780 479 πρὸς
1793 444 1822 470 τὸ

1037 483 1073 519 μὴ
1086 484 1261 520 ἁμαρτάνειν.
1277 486 1321 512 Διὸ
1334 486 1366 522 δὴ
1380 487 1394 513 ὁ
1407 486 1509 522 Κύριος
1522 487 1600 523 ἡμῶν
1614 487 1693 522 φύσει
1706 488 1754 514 τοῦ
1771 489 1821 516 Πα-

1034 529 1097 564 τρὸς
1116 530 1180 562 Υἱὸς
1201 531 1353 565 τυγχάνων,
1367 531 1419 558 ὑπὸ
1436 532 1544 559 πάντων
1561 533 1763 568 προσκυνεῖται.
1791 534 1821 560 υἱ

1034 575 1072 607 δὲ,
1084 576 1245 611 ἀποθέμενοι
1262 577 1291 603 τὸ
1307 577 1414 612 πνεῦμα
1433 578 1482 613 τῆς
1494 577 1624 609 δουλείας,
1637 577 1666 611 ἐξ
1686 578 1819 614 ἀνδραγα-

1034 621 1161 657 θημάτων
1177 623 1223 649 καὶ
1249 624 1391 659 προκοπῆς
1411 623 1441 650 τὸ
1466 624 1516 659 τῆς
1538 624 1672 656 υἱοθεσίας
1694 624 1820 656 λαϐόντες

1035 667 1151 703 πνεῦμα,
1166 669 1211 696 διὰ
1223 669 1270 696 τοῦ
1286 670 1364 703 φύσει
1384 670 1448 697 Υἰοῦ
1464 671 1694 707 εὐεργετούμενοι,
1716 671 1820 705 γίγνον-

1032 724 1077 742 ται
1091 717 1167 744 αὐτοὶ
1181 718 1254 745 θέσει
1271 719 1332 745 υἱοί.

199 764 288 798 posito
300 763 401 798 spiritu
429 762 580 794 servitutis,
599 761 646 789 ubi
666 769 697 788 ex
719 760 835 787 fortibus
852 759 941 793 factis,
957 764 984 787 et
998 768 1030 787 ex
1047 763 1178 791 continuo
1194 772 1342 799 progressu
1368 765 1493 800 spiritum
1525 764 1677 800 adoptionis
1705 772 1818 801 accepe»

196 811 263 843 rint,
281 810 412 838 beneﬁcio
424 809 482 844 ejus
501 808 547 844 qui
561 812 657 835 natura
674 812 716 835 est
730 806 825 839 Fi‘lius,
840 806 887 833 ﬁlii
901 806 968 833 ﬁunt
984 806 1111 842 adoptivi.

232 858 300 886 Vlll.
316 858 355 885 Ac
371 865 526 893 germanam
542 856 652 891 quidem
670 859 697 882 et
716 855 855 890 propriam
882 862 914 882 ac
929 862 978 881 na-

1064 857 1130 884 Vlll.
1144 858 1199 894 Τὴν
1221 859 1270 894 μὲν
1291 856 1337 886 οὖν
1353 859 1466 895 γνησίαν
1487 859 1570 885 αὑτοῦ
1591 860 1638 885 καὶ
1656 859 1816 894 ἰδιότροπον,

197 906 323 936 turalem,
335 904 515 938 eximiamque
530 903 589 938 ejus
604 903 759 930 liliationem
771 901 873 929 Paulus
888 901 979 929 deela-

196 952 277 981 ravit.
294 951 330 978 ita
346 950 438 978 dicens
455 949 488 977 de
504 949 559 976 Deo
577 949 598 966 ¹⁹
616 958 623 976 :
643 949 695 982 Qui
718 948 824 983 proprio
842 946 913 974 Filia
929 957 980 975 non

194 998 317 1033 pepercit,
346 995 391 1024 sed
418 1003 465 1031 pro
489 996 574 1027 nobis,
597 1003 651 1022 non
675 994 848 1022 naturalibus
874 994 979 1021 scilicet

196 1044 269 1076 ﬁliis,
285 1043 361 1070 illum
375 1041 495 1069 tradidit.
511 1041 577 1068 Nam
595 1046 623 1068 ut
644 1041 718 1068 illum
744 1040 923 1075 distingueret
944 1040 979 1067 ab

195 1090 228 1118 iis
243 1090 289 1125 qui
304 1097 357 1117 non
374 1092 437 1117 sunt
453 1088 562 1123 proprie
579 1087 780 1122 iilii,proprium
798 1086 898 1114 Filium
915 1094 977 1114 esse

194 1144 254 1163 cum
276 1135 355 1163 dixit.
379 1135 409 1163 lu
433 1134 580 1169 Evangelia
602 1141 667 1161 vero
691 1134 822 1168 legitur”
842 1143 849 1160 :
874 1133 924 1160 llic
939 1139 978 1161 est

197 1181 282 1208 Filius
296 1189 367 1208 meus
383 1180 504 1211 dilectus,
527 1180 554 1206 in
575 1188 626 1214 quo
646 1179 711 1205 mihi
725 1179 884 1213 complacui.
906 1178 978 1206 Prat-

194 1232 267 1255 terea
281 1227 308 1254 iu
321 1227 438 1254 Psalmis
456 1224 585 1253 Servator
600 1224 669 1250 ait“
689 1234 696 1250 :
715 1224 842 1251 Dominus
864 1224 931 1251 dixit
943 1224 977 1250 ad

193 1280 250 1298 me:
267 1271 354 1298 Filius
368 1279 441 1298 meus
458 1278 484 1297 es
501 1275 538 1296 tu.
554 1269 605 1297 Ubi
618 1277 647 1296 se
658 1276 818 1305 germanum
836 1276 868 1297 ac
882 1270 977 1305 genui-

192 1324 258 1344 num
281 1324 343 1344 esse
367 1316 568 1346 demonstrans,
585 1314 653 1341 alios
674 1318 772 1349 prater
792 1322 822 1342 se
845 1315 977 1350 genuinos

194 1371 249 1390 non
263 1370 324 1390 esse
340 1361 485 1396 significat.
503 1360 561 1387 Jam
577 1368 641 1387 vero
656 1359 785 1395 quidnam
798 1360 864 1387 illud
881 1363 923 1387 est
933 1360 974 1387 “2

194 1408 236 1435 Ea:
254 1413 329 1435 utero
346 1412 405 1434 ante
419 1407 567 1441 Luciferum
591 1408 667 1442 genui
685 1408 728 1434 lc?
749 1406 790 1434 An
812 1415 867 1434 non
885 1413 976 1443 aperte

193 1454 294 1482 indicat
308 1453 459 1481 naturalem
479 1453 585 1488 paterni
601 1459 694 1488 partus
713 1452 880 1485 ﬁliationem,
893 1461 974 1488 quam

193 1508 247 1527 non
261 1502 387 1527 accurata
404 1506 510 1526 morum
524 1499 714 1531 castigatione,
731 1505 786 1525 non
801 1499 975 1526 exercitatio-

193 1554 227 1573 ue
246 1546 377 1573 virtutum
405 1552 437 1572 ac
458 1544 590 1580 profectu,
608 1544 655 1571 sed
682 1549 785 1572 natura:
810 1545 975 1580 proprietate

192 1593 305 1620 sortitus
321 1592 381 1620 est?
397 1590 580 1624 Quamobrem
598 1590 755 1625 unigenitus
768 1589 877 1625 quidem
889 1590 974 1618 Filius

191 1638 278 1666 Patris
295 1637 399 1665 ﬁrmam
418 1644 450 1664 ac
466 1637 589 1664 stabilem
601 1636 721 1671 possidet
737 1636 894 1664 ﬁliationem
908 1646 914 1663 :
930 1645 974 1664 ra-

191 1684 332 1712 tionalium
342 1690 407 1710 vero
418 1682 535 1710 ﬁliorum
553 1682 725 1718 adoptionem
743 1690 797 1709 non
810 1686 906 1710 natura
919 1683 973 1710 illis

190 1733 355 1764 competere,
374 1728 421 1757 sed
444 1736 551 1756 morum
576 1728 710 1763 probitate
730 1732 758 1755 et
776 1727 824 1755 Dei
841 1727 972 1755 beneﬁcio

191 1776 298 1809 parari,
331 1773 544 1808 mutabilemque
571 1780 642 1804 esse,
671 1772 795 1807 agnoscit
820 1771 970 1807 Scriptura.

194 1820 315 1847 Videntes
334 1820 402 1847 enim
428 1819 479 1853 ﬁlii
496 1817 545 1844 Dei
564 1817 634 1852 ﬁlias
654 1817 802 1849 hominum,
818 1822 971 1852 acceperunt

188 1865 239 1892 sibi
253 1873 346 1891 uxores
361 1864 395 1895 ’³,
411 1867 438 1891 et
455 1870 515 1898 quae
524 1866 686 1897 sequuntur.
702 1861 735 1888 Et
753 1862 817 1889 alibi
832 1862 871 1889 ’δε
884 1862 969 1890 Filios

187 1912 264 1946 genui
281 1916 305 1938 et
324 1910 451 1943 exaltari,
467 1909 517 1944 ipsi
533 1912 620 1935 autem
646 1913 795 1942 spreverunt
809 1916 868 1941 me;
884 1907 967 1936 Deum

186 1965 235 1991 per
250 1957 347 1984 Isaiam
359 1956 518 1991 prophetam
534 1955 637 1983 dixisse
649 1955 814 1990 accepimus.

222 2002 267 2030 IX.
280 2003 360 2029 Plura
372 2009 434 2028 eum
448 2001 549 2037 possim
568 2001 669 2032 dicere,
689 2001 787 2028 fratres
799 2001 964 2034 charissimi,

222 2082 243 2097 “
261 2081 290 2108 II
303 2081 364 2108 Cor.
382 2091 419 2113 VI,
435 2082 475 2111 id,
494 2081 535 2108 15.

186 2124 204 2144 II
216 2139 222 2149 ,
239 2117 262 2143 7.
298 2118 320 2133 "
336 2117 410 2144 Psal.
424 2125 484 2148 CIX,
501 2117 526 2143 5.

575 2081 594 2096 ’⁷
612 2080 687 2107 Prov.
703 2089 765 2113 xxx,
781 2081 824 2108 l9.
859 2081 880 2096 ¹³
897 2080 912 2108 Ῐ
928 2081 990 2109 Cor.
1008 2083 1062 2114 ΧΑ.
1103 2083 1123 2098 ¹³
1140 2082 1214 2110 Rom.
1233 2090 1297 2115 vm,
1311 2081 1355 2108 '52.

565 2117 587 2132 ’³
605 2115 668 2142 Gen.
682 2124 707 2143 Vl
719 2136 726 2148 ,
741 2116 768 2143 2.
807 2116 830 2131 ¹⁸
849 2114 905 2143 Isa.
922 2125 948 2148 ι,
972 2117 999 2144 2.

1030 904 1077 931 καὶ
1093 905 1220 940 φυσικὴν,
1235 905 1282 931 καὶ
1296 905 1485 941 κατεξαίρετον
1505 906 1617 941 υἰότητα
1627 906 1641 932 ὁ
1655 905 1760 937 Παῦλος
1774 905 1817 932 οὕ-

1029 959 1082 982 τως
1099 951 1266 987 ἀπεφήνατο,
1283 953 1347 988 περὶ
1360 952 1428 979 Θεοῦ
1444 951 1528 979 εἰπών
1537 961 1543 966 ·
1563 952 1616 984 ’Ὃς
1628 960 1662 986 γε
1675 951 1730 978 τοῦ
1742 951 1817 978 ἰδίου

1034 996 1101 1023 Υἰοῦ
1120 998 1175 1023 οὐκ
1194 997 1344 1032 ἐφείσατο,
1354 998 1423 1025 ἀλλ’
1437 997 1513 1032 ὑπὲρ
1523 997 1617 1032 ἡμῶν,
1632 997 1753 1032 δηλονότι
1763 997 1816 1023 τῶν
1841 1010 1851 1021 ι

1030 1044 1067 1080 μὴ
1077 1043 1155 1078 φύσει
1171 1044 1247 1076 οἰῶν,
1257 1044 1427 1079 παρέδωκεν
1433 1045 1534 1072 αὐτόν.
1552 1045 1624 1082 Πρὸς
1635 1044 1688 1081 γὰρ
1699 1044 1816 1071 ἀντιδια-

1029 1086 1123 1122 στολὴν
1137 1087 1192 1113 τῶν
1203 1088 1251 1114 οὐκ
1264 1088 1345 1119 ἰδίων,
1360 1088 1438 1115 αὑτὸν
1451 1088 1527 1115 ῖδιον
1544 1090 1611 1115 Υἰὸν
1623 1089 1721 1124 ἔφησεν
1736 1087 1815 1116 εἶναι.

1035 1133 1077 1160 Ἐν
1090 1134 1118 1160 δὲ
1133 1133 1172 1169 τῷ
1194 1134 1367 1170 Εὐαγγελίῳι
1383 1132 1477 1167 οὗτός
1495 1135 1581 1161 ἐστιν
1595 1136 1612 1161 ό
1638 1136 1705 1167 Υἱός
1719 1143 1780 1169 μου
1801 1136 1816 1161 ὁ

1027 1179 1191 1215 ἀγαπητὸς,
1214 1180 1249 1207 ἐν
1262 1177 1286 1213 ᾧ
1300 1181 1462 1215 εὐδόκησα.
1483 1181 1526 1207 ‘Ev
1547 1180 1672 1216 Ψαλμοῖς
1688 1181 1702 1206 ὁ
1720 1181 1815 1217 Σωτήρ

1028 1234 1122 1261 φησιν·
1138 1227 1245 1261 Κύριος
1256 1226 1320 1254 εἶπε
1333 1227 1408 1261 πρὸς
1418 1227 1467 1266 μὲ,
1487 1228 1554 1260 Υἱός
1566 1236 1624 1262 μου
1638 1225 1667 1254 εἶ
1679 1228 1719 1254 σύ
1728 1236 1734 1242 ·
1748 1236 1814 1263 γνη-

1027 1273 1138 1308 σιότητα
1164 1273 1329 1307 ἐμφανίζων,
1349 1273 1474 1309 σημαίνει
1491 1273 1528 1309 μὴ
1552 1271 1621 1300 εἶναι
1645 1273 1728 1300 αὐτοῦ
1748 1282 1814 1309 γνη-

1027 1318 1100 1351 σίους
1113 1319 1186 1350 υἱοὺς
1201 1319 1295 1351 ἄλλους
1315 1320 1390 1351 τινὰς
1412 1321 1478 1355 παρ’
1497 1320 1587 1346 αὐτόν.
1603 1319 1635 1346 Τί
1658 1319 1686 1346 δὲ
1705 1320 1754 1346 καὶ
1773 1319 1813 1352 τὺ,

1033 1364 1082 1390 Ἐκ
1097 1364 1226 1399 γαστρὸς
1241 1364 1298 1398 πρὸ
1317 1365 1489 1399 Ἑωσφόρου
1508 1365 1658 1400 ἑγέννησά
1680 1372 1736 1396 σε;
1748 1365 1814 1400 Οὐχὶ

1026 1410 1153 1446 ἄντικρυς
1168 1411 1215 1446 τῆς
1230 1411 1367 1447 πατρικῆς
1387 1412 1537 1447 μαιεὺσεως
1552 1412 1668 1448 φυσικὴν
1680 1413 1814 1439 ἐνδείκνυ-

1026 1466 1069 1483 ται
1096 1457 1222 1492 υἱότητα,
1253 1457 1282 1484 οὑ
1307 1459 1414 1494 τρόπων
1440 1458 1582 1494 ἐπιμελείᾳ
1605 1458 1651 1485 καὶ
1672 1457 1814 1494 προκοπῆς

1026 1504 1151 1539 ἀσκήσει,
1177 1503 1244 1530 ἀλλὰ
1268 1503 1375 1538 φύσεως
1398 1503 1524 1540 ἰδιώματι
1544 1504 1645 1539 ταύτην
1668 1504 1812 1539 λαχόντος;

1028 1547 1107 1574 Ὅθεν
1122 1547 1168 1574 καὶ
1182 1548 1374 1583 ἀμετάπτωτον
1385 1549 1439 1584 ἔχει
1452 1550 1501 1584 τὴν
1515 1550 1626 1585 υἰότητα
1639 1550 1653 1576 ὁ
1667 1549 1812 1584 μονογενὴς

1028 1592 1091 1623 Υἰὸς
1104 1592 1151 1618 τοῦ
1171 1593 1292 1628 Πατρός·
1308 1593 1358 1629 τὴν
1373 1594 1401 1621 δὲ
1420 1594 1474 1621 τῶν
1490 1594 1604 1628 λογικῶν
1621 1594 1767 1627 υἱοθεσίαν,
1782 1595 1811 1621 οὐ

1027 1638 1096 1665 κατὰ
1111 1638 1190 1673 φύσιν
1208 1640 1382 1675 ὑπάρχουσαν
1396 1641 1497 1672 αὐτοῖς,
1515 1640 1581 1667 ἀλλὰ
1594 1640 1703 1675 τρόπων
1716 1641 1811 1676 ἐπιτη-

1025 1683 1141 1720 δειότητι
1153 1685 1199 1711 καὶ
1213 1685 1299 1721 δωρεᾷ
1313 1685 1391 1718 Θεοῦ,
1409 1687 1454 1713 καὶ
1469 1685 1645 1721 μεταπτώτην
1660 1683 1731 1712 οἶδεν
1745 1686 1760 1711 ὁ
1769 1685 1811 1711 λά.

1025 1737 1082 1763 γος.
1106 1729 1232 1762 Ἰδόντες
1248 1730 1301 1764 γὰρ
1315 1731 1343 1756 οἰ
1357 1730 1415 1757 υἱοί
1431 1730 1483 1757 τοῦ
1498 1731 1571 1758 Θεοῦ
1582 1731 1634 1764 τὰς
1646 1731 1809 1765 θυγατέρας-

1024 1775 1083 1802 τῶν
1097 1776 1267 1810 ἀνθρώπων,
1280 1776 1389 1803 ἔλαϐον
1407 1777 1524 1810 ἑαυτοῖς
1539 1777 1692 1811 γυναῖκας,
1713 1778 1761 1803 καὶ
1776 1778 1809 1804 τὰ

1023 1820 1095 1856 ἑξῆς·
1111 1821 1166 1854 καὶ,
1183 1821 1269 1854 Υίοὺς
1287 1821 1436 1857 ἐγέννησα
1457 1822 1506 1849 καί
1523 1823 1650 1857 ὕψωσα·
1669 1823 1756 1850 αὐτοὶ
1775 1823 1808 1849 δέ

1020 1875 1059 1901 με
1068 1866 1230 1901 ἠθέτησαν,
1247 1867 1290 1895 διὰ
1308 1868 1418 1895 Ἦσαῖου
1433 1868 1571 1904 εἰρηκέναι
1585 1868 1629 1896 τὸν
1644 1869 1711 1896 Θεὸν
1722 1869 1808 1896 ἐδιδά-

1022 1912 1135 1949 χθημεν.

1056 1999 1099 2027 ΙΧ.
1121 2000 1207 2027 Πολλὰ
1228 2000 1316 2035 λέγειν
1337 2000 1416 2036 ἔχων,
1443 2001 1588 2036 ἀγαπητοὶ,
1619 2001 1803 2036 παρέρχομαι.

1394 2082 1415 2097 ¹⁰
1431 2081 1526 2109 .llatth.
1545 2089 1590 2112 Ill,
1610 2082 1652 2108 l7.
1692 2082 1712 2097 "
1725 2081 1801 2110 Psal.

220 2177 275 2213 (2‘2)
285 2177 380 2213 Μέχρι
393 2176 466 2213 προς
485 2176 613 2213 ἐννοίας.
628 2175 657 2202 In
671 2175 767 2213 codice
787 2175 879 2213 Allatii
894 2176 967 2213 _legi-

1025 2181 1109 2213 Lamen
1131 2176 1341 2213 minimecapax
1355 2175 1571 2213 videtur_e_orum
1596 2174 1803 2213 natura._Totos

184 2217 229 2248 tur
258 2211 353 2248 μέχρις
377 2211 497 2244 ἐννοίας,
526 2211 629 2238 omissa
654 2211 741 2248 altera
763 2211 965 2248 praepositione.

184 2219 229 2239 tur
258 2219 353 2248 μεχρις
377 2219 497 2244 εννοιας,
526 2219 629 2238 omissa
654 2219 739 2238 altera
782 2219 965 2246 razposuione.

184 2247 332 2282 Utramque
344 2250 435 2274 tamen
450 2254 544 2274 vocem
559 2246 682 2282 agnoscit
695 2219 862 2282 Epipﬁanius
877 2246 966 2273 Scho-

182 2280 305 2314 lasticus,
321 2282 367 2316 qui
385 2282 425 2309 sic
436 2282 516 2309 vertit
532 2290 539 2307 :
557 2280 723 2316 Impossibile
735 2280 773 2309 est
788 2282 827 2309 vel
839 2290 919 2317 usque
931 2282 965 2308 ad

182 2319 329 2352 opinionem
341 2317 454 2344 invenire
464 2317 519 2344 vias
535 2317 672 2352 serpentis.

219 2353 273 2388 (25)
291 2352 349 2388 Καὶν
368 2352 501 2387 νομίμοις
523 2351 670 2388 ἐντολαῖς.
694 2352 723 2378 In
749 2351 843 2388 codice
866 2351 964 2388 Leonis

181 2387 272 2415 Allatii
297 2387 430 2422 scripturn
453 2392 495 2414 est
518 2387 564 2413 mo.
587 2387 717 2422 νομίμους
742 2387 860 2422 ἐντολάς,
878 2387 964 2419 Quam

181 2424 344 2458 scripturam
356 2420 390 2450 'in
416 2422 541 2458 editione
559 2430 608 2449 sua
620 2420 769 2458 amplexus
789 2420 964 2458 estalacobus

182 2456 361 2485 Sirmundus.
388 2461 415 2485 et
441 2458 513 2484 hunc
537 2457 626 2484 locum
653 2456 690 2483 ita
707 2458 810 2484 vertit:
828 2456 880 2488 Qui
913 2465 964 2483 au-

181 2498 231 2520 tem
252 2494 308 2528 ejus
333 2498 392 2520 sunt
410 2498 548 2523 creatum,
578 2493 695 2519 homines
717 2497 741 2519 et
759 2492 852 2526 angeli.
876 2496 900 2518 et
922 2492 964 2519 be-

166 2534 167 2537 ‘
180 2529 351 2556 nedictionem
365 2534 527 2561 acceperunt,
542 2532 570 2553 ut
588 2528 741 2561 proﬁcerent
756 2528 876 2554 virtutem
888 2534 964 2554 exer-

179 2568 274 2595 centes,
303 2568 327 2590 et
351 2563 537 2590 mandatorum
564 2563 630 2598 leges
659 2571 690 2589 ne
713 2567 856 2597 peccarent.
875 2562 963 2596 Atque

180 2599 251 2626 hanc
274 2600 426 2630 lectionem,
444 2607 473 2626 re
489 2597 620 2625 attentius
645 2598 808 2629 examinata,
829 2597 962 2624 veriorem

180 2638 255 2668 puto.
267 2634 311 2660 Ait
324 2634 396 2660 enim
409 2634 570 2664 Alexander,
586 2633 668 2660 Deum
682 2633 750 2660 duas
761 2640 805 2659 res
819 2632 963 2668 tradidisse

180 2667 335 2695 hominibus
352 2672 378 2696 et
402 2669 516 2703 angelis,
531 2673 562 2694 ut
580 2668 607 2694 in
630 2668 730 2694 virtute
747 2675 908 2703 progressus
922 2667 961 2693 fa-

178 2711 240 2730 cere
250 2708 371 2738 possent.
385 2703 418 2729 Et
439 2702 565 2730 mandata
585 2703 693 2737 quidem
710 2704 776 2738 legis
791 2702 824 2729 ad
837 2703 886 2729 hoc
900 2709 964 2737 pro-

179 2737 299 2770 sunt,’ne
312 2738 427 2765 crimina
442 2738 585 2765 admittant
597 2745 656 2772 quae
668 2738 725 2773 lege
740 2737 875 2772 prohibita
887 2740 960 2764 sunt.

178 2773 334 2800 Benedictio
345 2780 409 2798 vero
422 2773 455 2799 ad
470 2773 521 2800 hoc
533 2773 653 2807 prodest,
672 2772 703 2799 ut
716 2774 744 2800 in
759 2772 867 2799 virtutis
883 2779 962 2799 exer-

177 2808 307 2834 citatione
323 2807 442 2841 quotidie
457 2808 609 2841 proliciaut.
629 2807 681 2834 Sed
703 2808 822 2835 occurrit
837 2808 886 2833 hoc
903 2808 959 2833 loco

177 2843 330 2870 difﬁcultas.
346 2842 455 2876 Angelis
472 2843 542 2869 enim
565 2842 715 2876 profectum
730 2843 863 2874 attribuit,
882 2841 959 2873 cuius

1018 2212 1089 2240 enim
1104 2220 1164 2240 sese
1180 2210 1317 2247 applicant
1336 2210 1422 2246 angeli
1439 2210 1472 2237 ad
1494 2210 1607 2247 id__quod
1634 2210 1718 2247 semel
1745 2217 1802 2247 am:

1016 2247 1087 2282 plexi
1100 2251 1178 2280 sunt;
1193 2245 1245 2273 nec
1262 2245 1390 2280 paulatim
1413 2245 1623 2282 progrediuntur
1639 2245 1671 2282 ad
1687 2245 1801 2282 id_quod

1015 2279 1134 2318 eligunt;
1159 2282 1214 2318 sed?
1228 2279 1315 2316 primo
1332 2279 1431 2318 impetu
1441 2280 1480 2318 ad
1505 2287 1640 2318 summum
1660 2279 1800 2315 fastigium

1015 2315 1187 2352 perveniunt,
1207 2315 1245 2343 ita
1261 2321 1354 2352 utnec
1368 2315 1482 2352 ulterius
1504 2315 1642 2350 progredi,
1662 2323 1714 2342 nec
1729 2320 1802 2343 retro

1014 2351 1112 2380 reverti
1130 2353 1245 2380 valeant.
1272 2351 1390 2379 Materiae
1410 2351 1483 2378 enim
1505 2354 1629 2385 expertes
1649 2354 1725 2382 sunt,
1741 2358 1801 2385 quae

1015 2388 1200 2415 inﬁrmitatem
1214 2390 1242 2414 et
1257 2386 1467 2414 inconstantiam
1483 2384 1578 2420 gignit.
1595 2384 1801 2413 Dicendum’ta-

1014 2430 1076 2450 men
1091 2427 1144 2455 est,
1160 2422 1271 2456 angelos
1286 2422 1322 2448 ita
1334 2422 1451 2456 primum
1467 2424 1573 2448 creatos
1585 2428 1646 2448 esse
1660 2428 1674 2446 a
1688 2420 1755 2452 Deo,
1771 2425 1801 2448 ut

1014 2462 1106 2485 essent
1118 2457 1273 2488 mutabiles,
1290 2461 1317 2484 et
1330 2456 1438 2483 virtutis
1455 2463 1567 2490 capaces
1585 2463 1617 2482 ac
1632 2456 1700 2487 vitii,
1716 2460 1800 2490 utque

1034 2494 1145 2521 rolicere
1165 2495 1277 2527 possent
1297 2492 1326 2518 in
1347 2492 1455 2522 melius,
1474 2494 1521 2517 aut
1538 2490 1566 2517 in
1587 2491 1708 2518 deterius
1732 2491 1796 2518 labi.

1034 2501 1145 2521 roncel‘e
1165 2501 1277 2527 possent
1297 2501 1326 2518 In
1347 2501 1455 2522 melius,
1474 2501 1521 2517 aut
1539 2501 1566 2517 Ill
1587 2501 1708 2518 ueterlus
1732 2501 1796 2518 laDl.

1014 2501 1090 2555 Plane
1106 2528 1190 2555 fuisse
1210 2527 1371 2555 sententiam
1385 2531 1505 2554 veterum
1524 2526 1723 2561 theologorum,
1742 2531 1798 2553 tum

1013 2571 1045 2590 ex
1064 2563 1217 2590 Alexandro
1234 2566 1318 2597 patet,
1335 2566 1390 2589 tum
1412 2569 1444 2589 ex
1460 2568 1492 2589 eo
1506 2561 1578 2597 quod
1599 2561 1681 2588 Arius
1697 2568 1730 2587 ac
1747 2569 1800 2588 ea.»

1014 2599 1064 2625 teri
1078 2596 1245 2631 asserebant,
1264 2596 1363 2624 Filium
1382 2596 1428 2624 Dei
1445 2596 1601 2623 mutabilem
1613 2604 1684 2629 esse,
1700 2600 1728 2623 et
1744 2597 1799 2624 vir-

1013 2634 1080 2661 tutis
1098 2641 1130 2660 ac
1144 2633 1203 2659 vitii
1217 2639 1354 2667 capacem.
1375 2631 1431 2659 Nec
1452 2631 1525 2658 ullus
1539 2631 1742 2658 Catholicomm
1759 2632 1798 2659 eis

1013 2676 1131 2703 unquam
1146 2668 1256 2702 objecit,
1267 2667 1441 2703 angelosnon
1455 2674 1516 2694 esse
1527 2667 1665 2703 mutabilis
1677 2671 1796 2703 naturae.

1014 2701 1141 2731 Sciebant
1157 2701 1229 2730 enim
1251 2702 1277 2729 id
1293 2701 1433 2737 proprium
1443 2709 1513 2737 esse
1530 2702 1615 2729 solius
1636 2701 1696 2733 Dei.
1707 2703 1754 2737 qui
1770 2703 1797 2729 in

1013 2740 1099 2766 sacris
1125 2738 1222 2765 litteris
1235 2736 1398 2765 diseiteiait
1415 2746 1421 2763 :
1438 2736 1494 2771 Ego
1506 2745 1574 2768 sum,
1587 2741 1611 2763 et
1627 2745 1679 2763 non
1699 2736 1795 2764 mutor.

1012 2774 1105 2809 Angeli
1117 2780 1181 2803 vero
1194 2773 1256 2801 licet
1267 2772 1374 2800 diﬁicile
1385 2775 1534 2805 mutentur,
1549 2772 1694 2799 mutationi
1706 2777 1795 2800 tamen

1012 2809 1121 2837 obnoxii
1136 2812 1208 2836 sunt.
