1911 3073
106 117 151 144 561
805 118 980 147 ΕΡΙΒΤΟΙΑΕ
985 140 991 147 .

1674 127 1722 155 56⁸2

103 174 231 210 φορτικὸν
241 172 311 202 εἷναι
324 176 447 211 νομίσας,
458 177 502 204 διὰ
514 176 641 203 πλειόνων
649 176 821 209 διδασκάλους
831 178 883 213 ὸμό

944 183 1070 208 consulte
1096 185 1237 215 praetereo,
1263 183 1361 218 quippe
1384 184 1430 218 qui
1456 184 1640 220 importunum
1662 195 1722 215 esse

104 229 203 255 φρονας
216 220 445 257 ὑπομιμνήσκειν.
460 222 541 248 Αὐτοὶ
564 221 620 257 γὰρ
639 221 801 250 θεοδίδακτοί
819 222 890 255 ἐστε,

102 267 151 293 οὐκ
166 266 327 300 ἀγνοοῦντες
335 267 376 293 ὃτι
392 267 409 302 ἡ
428 267 540 303 ἔναγχος
555 268 730 294 ἐπαναστᾶσα
747 269 780 303 τῇ
795 268 892 303 ἐκκλη-

104 313 228 347 σιαστικῇ
255 312 380 348 εὐσεϐείᾳ⁵
405 313 576 346 διδασκαλία,
611 313 736 345 Ἐῧίωνός
760 315 817 340 ἐστι
846 314 893 341 καὶ

108 357 236 392 Ἀρτεμᾶ,
249 358 295 384 καί
309 358 389 392 ζῆλος
402 358 448 385 τοῦ
460 358 529 385 κατὰ
549 359 712 394 Ἀντιόχειαν
724 358 830 385 Παύλου
844 359 891 386 τοῦ

101 403 292 437 Σαμοσατέως,
312 405 412 439 συνόδῳ
429 404 475 431 καὶ
492 404 580 441 κρίσει
595 405 649 431 τῶν
666 404 821 439 ἁπανταχοῦ
832 405 892 431 ἑπι-

101 450 211 476 σκόπων
229 450 469 486 ἀποκηρυχθέντος
486 451 537 487 τῆς
555 451 736 487 Ἐκκλησίας·
761 451 790 478 ὃν
805 451 891 478 διαδε-

100 495 216 531 ξάμενος
230 496 387 529 Λουκιανὸς,
401 497 614 532 ἀποσυνάγωγος
629 497 719 532 ἔμεινε
736 496 817 533 τριῶν
832 497 891 524 επι-

99 542 209 568 σκόπων
224 540 281 577 (24)
303 542 441 575 πολυετεῖς
467 542 589 579 χρόνους.
625 541 675 569 Ὧν
696 543 746 578 τῆς
765 543 890 576 ἀσεϐείας

98 588 147 623 τὴν
171 587 263 623 τρύγα
276 589 472 624 ὲρῤοφηκότες,
488 588 535 616 νῦν
558 590 623 625 ἡμῖν
638 591 661 616 οί
682 589 712 621 ἐξ
734 590 784 616 οὐκ
807 590 890 617 ὅντων

98 635 276 670 ὲπεφύησαν,
303 635 338 661 τὰ
356 636 468 662 ἐκείνων
495 636 674 672 κεκρυμμένα
702 636 888 672 μοσχεύματα,

99 680 210 716 Ἄρειος
226 689 256 707 τε
277 681 325 707 καὶ
343 681 476 716 Ἀχιλλᾶς,
491 681 537 708 καὶ
557 682 573 717 ἡ
592 681 646 708 τῶν
666 682 714 709 σὺν
735 683 827 715 αὐτοῖς
841 692 889 709 πο-

98 727 290 763 νηρευομένων
315 727 431 759 σύνοδος.
454 727 509 754 Καὶ
532 727 582 754 οὐκ
601 726 648 755 οἶδ’
671 729 744 761 ὅπως
765 730 794 755 ὲν
806 730 890 766 Συρίᾳ

99 773 333 809 χειροτονηθέντες
355 772 498 800 ἐπίσκοποι
513 775 586 809 τρεῖς
598 774 653 809 (25)
670 774 714 801 διὰ
734 774 781 801 τοῦ
799 783 890 802 συναι-

99 822 152 846 νείν
169 820 273 852 αὐτοῖς,
296 820 343 846 ἐπὶ
364 820 394 846 τὸ
417 821 506 855 χεῖρον
522 820 700 847 ὑπεκκαίουσι
711 829 718 836 ο
740 821 804 857 περὶ
821 818 858 848 ὦν
871 823 887 856 ὴ

99 866 187 901 (ρὲσις
209 865 400 892 ὑπανακείσθω
415 865 470 901 (26)
482 867 514 901 τῇ
540 865 661 901 ὑμετέρᾳ
683 866 839 902 δοκιμασίᾳ.
856 868 887 893 Οἱ
905 860 925 887 Β

99 914 145 945 τὰς
162 913 212 948 μὲν
231 913 279 939 τοῦ
303 913 437 948 σωτηρίου
453 913 564 946 πάθους,
588 913 778 945 ταπεινώσεως
796 922 825 940 τε
840 914 887 941 καὶ

101 959 242 991 ιενὼσεως
258 960 304 986 καὶ
319 960 367 995 τῆς
389 959 557 994 καλουμένης
569 959 652 987 αὑτοῦ
667 960 817 995 πτωχείας,
840 961 887 987 καὶ

99 1003 135 1032 Iw
148 1006 313 1041 ἐπικτήτους
335 1006 350 1032 6
366 1005 460 1041 Σωτὴρ
478 1005 510 1032 δι’
524 1006 597 1041 ἡμᾶς
620 1005 761 1038 ἀνεδέξατο
783 1006 884 1040 φωνὰς,

99 1052 140 1079 διὰ
157 1052 269 1087 μνήμης
291 1051 413 1087 ἔχοντες,
437 1051 631 1087 παρατίθενται
647 1052 693 1078 ἐπὶ
719 1054 884 1088 παραγραφῇ

98 1098 145 1133 τῆς
170 1097 300 1124 ἀνωτάτω
318 1097 365 1124 καὶ
389 1097 507 1133 ἀρχῆθεν
525 1097 608 1124 αὐτοῦ
630 1097 765 1133 θεότητος.
784 1097 843 1124 Τῶν
858 1098 885 1124 δὲ

98 1144 144 1179 τῆς
161 1144 281 1179 φυσικῆς
301 1143 383 1170 αὑτοῦ
395 1143 473 1179 δόξης
483 1152 513 1170 τε
529 1144 576 1170 καὶ
598 1143 736 1177 εὐγενείας
750 1144 797 1171 καὶ
810 1143 885 1179 παρὰ

97 1188 133 1225 τῷ
144 1189 232 1224 Πατρὶ
245 1188 328 1224 μονῆς
341 1188 514 1224 σημαντικῶν
523 1188 609 1223 λόγων
619 1187 798 1223 ἐπιλήσμονες
811 1188 886 1222 γεγό-

98 1243 190 1262 δασιν·
215 1232 270 1262 οἷόν
287 1234 397 1267 ὲστιτὸ,
418 1235 491 1270 Ἐγὼ
513 1235 590 1262 καὶό
603 1235 706 1269 Πατὴρ
730 1235 764 1262 ἓν
779 1235 882 1270 ἐσμεν.

94 1283 186 1317 Ὅπερ
194 1282 276 1317 φησὶν
288 1283 301 1308 6
309 1282 420 1317 Κύριος,
431 1282 461 1308 οὺ
476 1282 584 1318 Πατέρα
592 1282 686 1308 ἑαυτὸν
700 1282 881 1318 ἀναγορεύων,

97 1328 156 1354 οὐδὲ
172 1328 222 1359 τὰς
235 1329 269 1363 τῇ
295 1328 442 1355 ὑποστάσει
468 1327 513 1354 δύο
542 1328 637 1362 φύσεις
655 1328 710 1364 (27)
730 1327 794 1363 μίαν
814 1326 883 1355 εἶναι

95 1374 266 1409 σαφηνίζωψ
282 1374 339 1401 ἀλλ’
354 1375 394 1401 ὅτι
417 1374 466 1409 τὴν
483 1373 616 1410 πατρικὴν
637 1373 785 1410 ἐμφέρειαν
806 1374 884 1410 ἀκρι-

95 1421 151 1452 ϐῶς
177 1421 281 1455 πέφυκε
310 1420 405 1452 σώζειν
424 1422 438 1447 6
453 1421 515 1452 Υἱὸς
537 1420 584 1447 τοῦ
607 1420 724 1456 Πατρὸς,
742 1421 791 1456 τὴν
813 1421 884 1448 κατὰ

95 1465 185 1493 πάντα
208 1465 354 1501 ὁμοιότητα
375 1465 458 1492 αὑτοῦ
474 1466 506 1492 ὲκ
528 1465 634 1500 φύσεως
657 1465 881 1502 ἀπομαξάμενος,

94 1510 142 1537 καὶ
159 1510 366 1545 ἀπαράλλακτος
379 1510 461 1537 εἰκὼν
478 1510 525 1537 τοῦ
545 1510 651 1546 Πατρδς
668 1511 818 1546 τυγχάνων,
836 1512 882 1538 καὶ

95 1555 141 1582 τοῦ
166 1542 344 1591 πρωτστύπου
371 1556 487 1587 ἔκτυπος
511 1542 663 1592 χαρακτήρ.
777 1542 824 1583 κα).
844 1556 883 1592 τῷ
897 1542 918 1573 C

94 1602 245 1638 τηνικαῦτα
260 1602 384 1629 ποθοῦντι
396 1603 458 1629 ἰδεῖν
473 1602 597 1637 Φιλίππῳ
617 1602 739 1637 ἀφθόνως
753 1603 768 1629 6
782 1603 883 1639 Κύριος

93 1648 251 1684 ἐμφανίζει,
268 1648 337 1684 πρὸς
359 1649 388 1675 ὃν
404 1648 515 1682 λέγοντα
527 1656 533 1662 ·
553 1648 655 1680 Δεῖξον
676 1649 748 1682 ἡμῖν
761 1649 814 1675 τὸν
825 1650 883 1676 Πα-

95 1694 175 1729 τέρα,
192 1694 266 1729 λέγει
276 1703 282 1709 ·
303 1695 335 1720 '0
347 1693 481 1728 ἑωρακὼς
491 1693 553 1728 ἐμὲ,
564 1692 673 1727 ἑώρακε
682 1693 737 1720 τὸν
748 1694 863 1728 Πατέρα
873 1704 879 1710 ·

94 1739 190 1776 ὥσπερ
204 1740 237 1766 δι’
260 1740 391 1776 ἐσόπτρου
408 1739 574 1775 ἀκηλιδώτου
592 1739 639 1765 καὶ
661 1739 782 1774 ἐμψύχου
807 1739 881 1773 θείας

94 1786 209 1818 εἰκόνος,
225 1786 308 1813 αὐτοῦ
325 1786 510 1822 θεωρουμένου
530 1784 577 1812 τοῦ
595 1785 709 1821 Πατρός.
727 1783 777 1812 Ὧν
790 1786 881 1822 ὅμοιον

94 1833 123 1858 ὲν
139 1832 266 1868 Ψαλμοῖς
284 1834 309 1859 οἱ
327 1832 470 1867 ἁγιώτατοι
493 1840 589 1867 φασιν·
614 1832 665 1858 Ἐν
679 1830 718 1863 τῷ
729 1833 803 1866 φωτί
824 1840 882 1860 σου

149 1912 172 1927 ’⁵
187 1910 269 1938 Joan.
289 1919 316 1943 x,
335 1911 379 1938 50.
418 1910 533 1937 “Joan.
554 1918 610 1943 xlv,
626 1910 653 1942 8,
671 1910 697 1937 9.

130 2000 187 2035 (τι)
210 1999 453 2035 Ἀποσυνάγωτος
472 2001 568 2035 ἔμεινε
590 1999 677 2034 τριῶν
696 2000 880 2026 ἐπισκόπων.

95 2035 183 2071 Hujus
194 2036 270 2062 verbi
281 2036 334 2061 vim
347 2043 401 2071 non
415 2036 606 2063 intellexerunt
620 2035 791 2071 interpretes.
805 2035 879 2068 Quos

94 2074 207 2098 secutus
222 2070 356 2098 Baronius
371 2070 404 2097 ad
420 2078 519 2098 annum
537 2071 589 2098 518
609 2071 713 2101 scribit,
731 2070 880 2097 Lucianum

94 2114 108 2133 a
124 2106 214 2132 tribus
230 2106 368 2140 episcopis
384 2106 436 2133 sibi
454 2106 582 2133 continue
596 2105 815 2137 succedentibus,
828 2104 879 2131 Ec-

94 2141 180 2167 clesia
195 2141 313 2173 ejectum
332 2141 425 2168 fuisse.
445 2140 527 2175 Atqui
542 2148 597 2168 non
614 2140 665 2167 hoc
679 2140 745 2167 dicit
761 2140 878 2166 Alexan-

94 2176 154 2206 der,
171 2175 219 2203 sed
246 2180 351 2202 tantum
373 2176 410 2202 ait
424 2175 573 2203 Lucianum
599 2176 718 2203 schisma
738 2175 833 2202 fecisse
852 2175 880 2201 in

95 2210 275 2238 Antiochensi
288 2210 420 2242 Ecclesia,
435 2215 461 2238 et
477 2211 529 2238 sub
544 2211 631 2238 tribus
644 2210 779 2245 episcopis
794 2210 882 2237 conti-

95 2253 148 2273 nue
158 2245 212 2274 sibi
228 2245 438 2273 succedentibus
449 2246 577 2273 collectas
586 2253 708 2273 seorsum
717 2245 879 2279 celebrasse.

96 2280 122 2307 Id
145 2281 219 2308 enim
243 2280 378 2315 signiﬁcat
402 2289 455 2309 vox
476 2280 697 2314 ἀποσυνάγωγος.
713 2280 806 2314 itaque
818 2279 881 2314 Epi-

95 2315 213 2350 phanius
229 2315 418 2344 Scholasticus
439 2323 495 2343 non
515 2318 585 2343 male
602 2316 674 2342 hunc
688 2316 776 2350 locum
798 2315 881 2342 inter—

94 2349 218 2385 pretatus
244 2356 286 2378 est
311 2351 364 2378 hoc
391 2351 481 2383 modo,
511 2351 553 2377 cui
572 2350 710 2377 succedens
737 2349 879 2383 Lucianus,

94 2391 170 2412 extra
196 2394 347 2421 synanogas
365 2387 461 2413 mansit
479 2387 558 2412 trium
572 2386 750 2421 episcoporum
767 2385 880 2419 plurimo

94 2426 219 2455 tempore.
242 2421 359 2448 Basilius
372 2420 400 2447 in
413 2421 526 2456 epistola
542 2421 628 2456 prima
651 2421 685 2456 ad
704 2420 880 2456 Amphibolo-

94 2454 186 2492 cbium
215 2454 454 2492 παρασυναγωγῆν
480 2454 596 2492 usurpat
612 2455 707 2483 eodem
723 2454 815 2487 sensu,
834 2455 878 2482 ubi

94 2491 239 2526 distinguit
254 2493 325 2518 inter
340 2492 476 2524 haeresim,
497 2496 524 2519 et
540 2491 669 2523 schisma,
687 2494 714 2518 ct
727 2499 880 2526 παρασυνα-

95 2527 197 2562 γωγήν.
214 2527 456 2562 Παρασυναγωγάς
475 2530 566 2554 autem
585 2526 623 2553 ait
642 2533 704 2553 csse
724 2526 880 2562 illegitimos

94 2560 321 2596 conventus,'qui
337 2560 453 2589 liunt'ab
469 2561 648 2596 immorigeris
661 2561 827 2596 presbyteris
837 2560 879 2587 vel

94 2597 233 2631 episcopis
253 2601 281 2625 et
307 2597 394 2624 laicis.
414 2596 493 2624 Verbi
511 2597 608 2631 gratia,
634 2596 657 2624 si
673 2596 736 2630 quis
755 2596 878 2624 criminis

94 2632 249 2664 convictus,
266 2636 293 2659 et
307 2640 323 2658 a
340 2632 491 2659 ministerio
503 2639 581 2659 sacro
596 2639 757 2666 suspensus,
775 2631 880 2666 judicio

94 2675 148 2694 con
170 2671 278 2701 pareat,
302 2667 350 2695 sed
373 2667 555 2695 ministerium
576 2674 655 2694 suum
671 2667 746 2694 obire
762 2666 838 2698 velit,
853 2670 880 2693 et

95 2703 225 2737 populum
252 2702 373 2738 colligat.
395 2703 468 2729 Inter
483 2701 720 2738 παρασυναγωγῄν
744 2705 835 2738 autem
852 2705 880 2728 et

94 2735 216 2766 schisma
235 2735 332 2773 parum
346 2737 438 2773 distat.
456 2735 541 2773 PorrLo
558 2735 640 2764 causa
656 2735 810 2773 scliismatis
826 2735 879 2773 [ρυ-

93 2773 172 2801 ciano
190 2771 245 2800 fuit
267 2772 391 2799 doctrina
415 2772 492 2799 Pauli
517 2771 717 2799 Samosatcnsis
733 2779 814 2805 quam
829 2771 877 2799 de-

94 2808 234 2840 fendebat,
250 2812 281 2834 ut
300 2808 379 2834 docet
397 2807 561 2835 Alexander.
581 2807 666 2841 Cujus
677 2807 764 2841 gratia
776 2806 821 2833 diu
833 2814 877 2833 se-

94 2844 201 2879 paravit
226 2851 257 2871 se
282 2851 298 2871 a
325 2843 412 2871 tribus
432 2842 578 2879 episcopis,
592 2842 706 2876 Domno,
724 2841 832 2877 Tymwo
847 2849 878 2870 ac

943 226 1052 260 ducam,
1070 227 1197 255 doctores
1212 229 1258 263 qui
1279 230 1422 257 nobiscum
1433 232 1618 266 consentiunt,
1635 233 1721 267 pluri-

942 273 994 300 bus
1010 273 1167 302 admonere.
1185 275 1240 309 Ipsi
1267 276 1339 303 enim
1366 284 1381 303 a
1407 276 1461 305 Deo
1477 278 1549 305 docti
1572 279 1656 307 estis:
1673 288 1722 308 nec

942 319 1085 353 ignoratis,
1103 326 1163 346 eam
1179 320 1332 347 doctrinam
1356 329 1416 356 quae
1441 322 1570 350 adversus
1593 324 1721 352 ecclesia-

942 365 1039 391 sticam
1056 365 1184 399 pietatem
1206 374 1293 400 nuper
1312 371 1394 401 caput
1407 368 1511 399 extulit,
1528 368 1638 397 Ebionis
1661 377 1722 397 esse

941 412 968 436 et
981 409 1099 437 Artcmaa
1111 419 1118 437 :
1135 418 1184 438 nec
1195 411 1268 438 aliud
1284 418 1356 444 esse,
1366 419 1447 447 quam
1459 413 1634 440 imitationem
1644 413 1720 441 Pauli

943 453 1125 489 Samosateni,
1140 455 1292 483 Antiochia-2
1308 457 1440 492 episcopi,
1462 459 1507 492 qui
1525 459 1644 486 omnium
1661 460 1721 487 ubi-

941 507 995 535 que
1012 500 1203 536 episcoporum
1228 502 1345 530 concilio
1366 510 1398 530 ac
1422 502 1526 537 judicio
1545 504 1578 531 ab
1600 504 1723 532 Ecclesia

941 550 1064 575 remotus
1079 551 1131 575 est.
1148 547 1198 575 Cui
1216 548 1365 577 succedens
1378 548 1526 582 Lucianus,
1538 549 1660 584 pluribus
1677 558 1721 577 an-

941 591 983 620 nis
995 600 1010 619 a
1025 594 1216 621 communione
1226 594 1309 621 trium
1321 594 1508 629 episcoporum
1518 603 1578 623 sese
1586 596 1719 631 abjunxit.

940 636 1045 665 Horum
1073 639 1220 673 impietatis
1244 639 1337 667 faecem
1355 648 1416 667 cum
1444 641 1610 673 hausissent,
1634 650 1720 677 nuper

939 684 1020 712 nobis
1037 685 1090 712 orti
1101 689 1165 712 sunt
1179 685 1337 719 Exucontii,
1347 687 1453 714 occulta
1468 687 1576 714 illorum
1587 689 1718 723 germina,

940 730 1022 758 Arius
1037 731 1142 759 scilicet
1157 735 1183 759 ct
1198 731 1330 766 Achillas,
1342 736 1369 759 et
1383 733 1487 767 reliqua
1502 733 1646 768 impiorum
1660 734 1726 762 istis

940 778 1135 805 adhmrentium
1159 779 1247 806 turba.
1272 779 1311 806 Ac
1336 780 1428 807 nescio
1440 788 1494 815 quo
1508 780 1589 808 modo
1604 781 1721 809 ordinati

941 822 968 849 in
985 821 1063 857 Syria
1075 827 1130 851 tres
1142 823 1273 858 episcopi,
1285 824 1339 851 illis
1349 825 1553 857 consentiendo,
1565 833 1613 853 eos
1627 826 1661 853 ad
1675 834 1721 861 pe-

939 868 999 902 jora
1014 868 1137 896 incitant.
1154 869 1275 902 Quorum
1288 869 1421 905 judicium
1440 875 1531 899 vestro
1543 872 1660 899 examini
1675 881 1719 900 re-

940 919 1074 943 servetur.
1092 914 1144 948 Qui
1161 916 1291 944 salutaris
1311 917 1445 951 passionis
1462 921 1489 944 et
1505 917 1664 952 abjectionis
1679 924 1719 945 at,-

940 968 993 995 que
1001 961 1193 989 cxinanitionis
1205 966 1232 989 et
1240 962 1406 997 paupertatis
1416 970 1495 997 quam
1506 968 1613 996 vocant,
1624 972 1719 992 eorum

940 1006 1056 1042 denique
1072 1007 1194 1034 omnium
1206 1015 1266 1042 qua:
1282 1006 1410 1035 Servator
1422 1013 1513 1035 nostra
1528 1016 1611 1036 causa
1626 1016 1718 1037 susce-

939 1052 989 1086 pit,
1006 1051 1141 1079 ascititias
1157 1059 1237 1080 voces
1251 1053 1381 1080 memoria
1395 1054 1553 1087 retinentes,
1564 1062 1610 1082 eas
1620 1054 1653 1081 ad
1669 1063 1716 1083 su—

939 1104 1061 1131 premam
1073 1101 1258 1133 aeternamque
1271 1098 1345 1126 illius
1357 1098 1526 1127 divinitatem
1544 1099 1716 1137 refellendam

939 1142 1066 1170 afferunt.
1089 1142 1189 1171 Eorum
1215 1148 1305 1171 autem
1319 1145 1462 1172 verborum
1482 1152 1543 1180 quae
1567 1146 1729 1173 naturalem.

937 1188 997 1224 ejus
1008 1188 1121 1224 gloriam
1135 1197 1167 1217 ac
1183 1189 1351 1217 nobilitatem
1371 1195 1399 1218 et
1421 1191 1491 1225 apud
1512 1190 1619 1219 Patrem
1638 1199 1717 1219 man-

938 1235 1042 1263 sionem
1055 1234 1208 1270 designant,
1217 1243 1330 1270 prorsus
1345 1236 1516 1265 immemores
1531 1241 1603 1265 sunt.
1619 1236 1717 1272 Cujus-

937 1281 1010 1309 modi
1022 1285 1064 1309 est
1080 1281 1145 1308 illud
1156 1281 1178 1297 "
1195 1291 1202 1309 :
1220 1282 1275 1317 Ego
1288 1287 1311 1309 et
1330 1282 1420 1314 Pater,
1432 1290 1513 1309 unum
1528 1291 1627 1310 sumus.
1640 1283 1725 1316 Quod-

936 1328 1046 1363 quidem
1071 1327 1202 1356 Dominus
1225 1328 1301 1360 dicit,
1312 1337 1367 1355 non
1393 1336 1447 1363 quo
1462 1337 1491 1356 se
1506 1329 1594 1364 ipsum
1609 1329 1724 1358 Patrem.

936 1374 1083 1406 renuntiet,
1101 1381 1151 1401 nec
1174 1381 1229 1408 quo
1255 1374 1325 1401 duas
1341 1381 1473 1408 personas
1488 1382 1569 1401 unam
1586 1382 1647 1402 esse
1669 1375 1716 1402 de—

936 1424 1088 1453 monstret;
1112 1420 1159 1447 sed
1185 1420 1312 1454 quoniam
1337 1419 1424 1447 Patris
1453 1419 1537 1448 Filius
1562 1428 1720 1455 expressam

935 1466 1028 1494 Patris
1043 1466 1250 1494 similitudinem
1263 1466 1436 1493 exactissime
1446 1471 1545 1499 servat,
1559 1466 1659 1501 quippe
1670 1467 1717 1500 qui

936 1512 1118 1539 omnimodam
1141 1513 1201 1547 cjus
1224 1512 1424 1540 similitudinem
1451 1519 1466 1538 a
1488 1515 1585 1539 natura
1601 1512 1716 1547 impres-

935 1565 993 1585 sam
1008 1558 1117 1590 habeat,
1137 1559 1225 1593 sitquc
1241 1559 1329 1593 imago
1337 1557 1424 1584 Patris
1442 1557 1516 1584 nulla
1528 1559 1555 1584 in
1571 1565 1601 1585 re
1613 1557 1716 1585 discre-

935 1611 1015 1638 pans,
1030 1607 1056 1630 et
1067 1604 1197 1638 primitivi
1212 1604 1375 1638 exemplaris
1391 1610 1518 1638 expressa
1530 1603 1625 1637 figura.
1639 1601 1716 1630 Unde

933 1650 1015 1677 etiam
1028 1649 1154 1684 Philippo
1170 1654 1235 1676 tunc
1245 1649 1336 1677 videre
1350 1650 1468 1684 cupienti
1485 1649 1615 1677 Dominus
1630 1649 1715 1676 abun-

933 1696 967 1723 de
981 1699 1188 1724 commonstrat.
1206 1695 1311 1722 Diccnti
1327 1695 1399 1722 enim
1412 1705 1419 1723 ι
1443 1695 1555 1723 Ostende
1569 1694 1641 1722 nobis
1657 1694 1713 1721 Pa-

935 1746 1011 1774 trem,
1031 1740 1177 1776 respondet
1191 1749 1198 1766 :
1222 1739 1274 1772 Qui
1291 1739 1354 1767 vidit
1369 1748 1418 1772 me,
1434 1740 1496 1767 vidit
1515 1744 1539 1767 et
1556 1739 1662 1767 Patrem
1671 1740 1715 1766 ’δι

934 1787 1034 1822 quippe
1049 1794 1110 1813 cum
1123 1793 1171 1821 per
1185 1784 1361 1820 purissimum
1372 1789 1398 1812 et
1413 1786 1560 1812 animatum
1575 1784 1714 1820 speculum

936 1833 1035 1860 divinae
1060 1832 1186 1867 imaginis
1212 1831 1269 1866 ipsc
1284 1830 1478 1866 conspiciatur.
1499 1830 1603 1864 Quibus
1626 1831 1715 1859 simile

932 1998 1043 2035 Cyrillo.
1056 1999 1171 2035 Tantum
1184 2006 1248 2035 vero
1261 1998 1293 2025 ad
1306 1999 1435 2026 unitatem
1448 1999 1574 2035 Ecclesia:
1586 2008 1712 2030 reversus

933 2033 984 2067 est,
1008 2040 1037 2061 ut
1053 2042 1092 2070 rex
1114 2033 1268 2070 Alexandro
1286 2035 1433 2069 colligitur.
1451 2034 1541 2069 Neque
1556 2036 1628 2062 enim
1650 2044 1711 2065 eum
1728 2063 1736 2070 ,

933 2077 1018 2103 usque
1028 2069 1060 2095 ad
1071 2069 1172 2095 exitum
1183 2069 1243 2095 vitae
1251 2069 1280 2096 in
1291 2069 1439 2096 schismate
1453 2070 1586 2098 mansisse
1600 2072 1713 2099 Alexaip

933 2104 981 2141 der
1005 2104 1110 2141 scribit,
1128 2103 1173 2131 sed
1190 2107 1294 2141 tantum
1313 2105 1393 2141 longo
1416 2108 1536 2141 tempore
1557 2110 1711 2141 separatum

932 2138 1025 2166 fuisse.
1046 2138 1178 2165 Caeterum
1192 2138 1262 2165 hanc
1274 2138 1369 2167 vocem
1383 2138 1596 2173 ἀποσυνάγωγος
1605 2146 1712 2168 mutua-

896 2167 918 2194 D
933 2178 976 2201 tus
991 2179 1033 2201 est
1049 2174 1199 2200 Alexander
1214 2181 1246 2209 ex
1265 2174 1378 2201 Joannis
1400 2167 1559 2209 Evangelia;
1578 2167 1643 2209 cap.
1654 2167 1710 2206 xvi.

933 2209 980 2236 ubi
1002 2208 1128 2236 Christus
1152 2208 1274 2242 praedicit
1297 2209 1428 2243 apostolis
1449 2208 1517 2241 suis,
1536 2208 1712 2244 quod’Judmi

934 2244 1008 2278 ipsos
1019 2251 1034 2270 e
1049 2244 1194 2280 synagogis
1211 2244 1267 2280 suis
1281 2245 1394 2279 ejecturi
1414 2249 1516 2278 essent,
1537 2245 1712 2280 ἀποσυναγώ-

932 2287 996 2313 γους
1010 2280 1165 2314 ποιήσουσιν
1180 2279 1261 2313 ὑμᾶς.

969 2314 1029 2351 (εἰῇ)
1045 2314 1092 2340 Ἐν
1099 2314 1204 2351 ,Σιιοίςι
1224 2323 1296 2351 χξιρ.
1312 2314 1469 2351 ἐπίσκοποι
1485 2316 1571 2349 τρεῖς.
1589 2315 1713 2351 lnlclligit

933 2348 1224 2385 Eusebiumasarca:
1241 2348 1390 2385 Palaestina:
1406 2348 1573 2385 episeopmn,
1590 2348 1711 2378 Theodb-

933 2389 989 2410 tum
1003 2383 1142 2411 Laodicea:
1156 2387 1182 2410 et
1197 2384 1341 2410 Paulinum
1352 2383 1430 2419 'l‘yri.’
1445 2383 1584 2412 Hos-cnim
1600 2386 1711 2413 anathe-

931 2425 1003 2447 mate
1028 2419 1170 2446 damnatos
1193 2419 1276 2446 fuisse
1303 2419 1337 2445 ab
1362 2419 1516 2446 Alexandro
1543 2421 1711 2448 Alexandria:

932 2455 1069 2489 episcopo,
1084 2457 1201 2481 testatur
1223 2454 1304 2481 Arius
1329 2454 1356 2480 in
1378 2455 1492 2488 cpistola
1512 2456 1544 2482 ad
1566 2455 1710 2483 Eusebium

932 2489 1165 2517 Ncomedicnsem
1187 2490 1354 2524 episcopum,
1375 2497 1434 2523 quae
1456 2490 1573 2517 refertur
1593 2499 1607 2517 a
1623 2490 1711 2519 Theo-

931 2525 1032 2557 dorito,
1049 2524 1120 2552 Hist.
1134 2525 1197 2551 eccf.
1211 2525 1257 2551 lib.
1275 2532 1295 2556 ι,
1309 2531 1369 2558 cap.
1388 2524 1413 2551 5.

967 2560 1022 2595 (26)
1045 2560 1271 2595 Ὑπαιίακείσθω.
1292 2559 1320 2585 ln
1333 2559 1435 2595 codice
1451 2559 1550 2595 Leonis
1569 2559 1670 2592 Allatii,
1686 2565 1713 2588 ct

933 2595 959 2622 in
972 2593 1065 2629 Regio
1086 2593 1110 2621 ιι.
1129 2594 1199 2626 Pini,
1215 2598 1242 2621 et
1258 2595 1286 2622 in
1308 2594 1427 2621 editione
1450 2594 1591 2621 Basiliensi
1614 2595 1712 2627 legitur

931 2629 1093 2657 ἀνακείσθω.
1116 2629 1256 2662 Quomodo
1280 2629 1361 2657 etiam
1386 2630 1515 2657 scribitur
1541 2629 1612 2664 apud
1632 2630 1711 2657 Nice-

950 2666 1056 2692 horum.

931 2673 1101 2736 ΡῃῗὲἱῖᾘὰςΔ
1113 2698 1149 2736 τῇ
1163 2698 1330 2736 ὑποστάσει
1350 2699 1404 2736 δύο
1417 2700 1533 2734 φύσεις.
1547 2699 1619 2728 Duas
1631 2704 1711 2727 natu-

931 2734 977 2763 ras
997 2735 1064 2763 dicit
1089 2734 1250 2766 Alexander,
1277 2742 1330 2761 non
1354 2735 1512 2770 simpliciter
1535 2740 1561 2762 ct
1587 2736 1711 2763 absolute

931 2772 1008 2802 duas,
1033 2770 1081 2797 sed
1104 2770 1282 2806 personaliter
1299 2770 1378 2803 duas,
1405 2778 1437 2797 eo
1460 2771 1531 2806 quod
1556 2771 1582 2797 in
1604 2771 1711 2798 duabus

931 2805 1061 2842 personis
1071 2803 1183 2833 exsistat
1198 2813 1251 2832 una
1274 2809 1378 2832 natura.
1396 2803 1484 2839 Quare
1504 2806 1582 2841 φύσις
1603 2808 1630 2833 ἐν
1646 2806 1710 2833 ὑπο-

932 2841 1023 2869 στάσει
1036 2841 1107 2870 idem
1118 2845 1158 2869 est
1172 2842 1242 2871 quod
1258 2848 1383 2869 persona.
