1911 3073
203 129 255 156 565

747 128 775 155 S.
795 126 990 155 ALEXANDRI
1009 125 1240 153 ALEXANDRINI

1761 123 1816 151 564

203 191 245 214 est
264 185 288 212 id
311 184 381 220 quod
403 185 490 212 sancti
505 184 600 212 dicunt
628 184 654 211 in
675 184 790 212 Psalmis
807 194 813 211 :
829 184 863 212 In
883 185 974 211 Iumim

1030 184 1161 217 ὀψόμεθα
1177 182 1248 217 φῶς.
1269 182 1317 219 ,Διὸ
1332 181 1365 217 δὴ
1389 181 1436 208 καὶ
1449 181 1463 207 ὸ
1479 180 1564 215 τιμῶν
1578 180 1623 206 τὸν
1640 179 1719 213 Υίὺν,
1745 181 1816 214 τιμᾷ

203 237 248 258 tuo
259 231 400 258 videbimus
418 231 504 257 lumen
518 231 551 258 ⁸⁷.
567 229 699 263 Quocirca
715 231 761 265 qui
783 231 886 258 honore
900 230 979 257 allicit

146 267 158 279 ’
203 277 310 308 Filium,
340 276 421 303 simul
446 276 549 303 honore
568 275 647 302 allicit
671 276 797 309 Patrem;
823 281 850 303 et
865 277 910 311 qui
931 276 980 303 ho—

203 326 281 348 norat
304 321 420 352 Patrem.
436 321 552 348 honorat
562 321 642 348 etiam
658 320 755 348 Filium
769 322 792 337 ’⁸
808 330 816 348 :
835 321 980 356 etquidem

202 368 308 394 merito.
321 367 407 394 Omne
421 368 492 394 enim
509 367 621 402 impium
635 367 747 394 verbum
759 367 830 402 quod
845 367 982 402 profertur

203 411 228 437 in
247 410 354 443 Filium,
370 411 403 437 ad
420 419 562 445 personam
576 411 665 438 Patris
679 412 804 446 pertinet.

235 455 269 483 Χ.
291 456 354 484 Post
371 457 426 484 hate
441 465 513 489 vero,
530 457 627 485 fratres
643 458 807 490 charissimi,
824 459 867 486 cui
883 459 979 486 mirum

201 503 325 530 videatur
346 503 373 530 id
391 504 461 539 quod
477 505 627 540 scripturus
643 513 718 538 sum,
742 506 764 532 si
778 505 928 534 calumnias
946 506 980 533 ab

202 548 256 576 illis
269 549 397 577 confictas
407 550 536 578 adversus
548 559 590 579 me
613 556 639 578 et
661 552 790 580 adversus
805 553 980 588 religiosissi-

203 601 274 620 mam
292 594 395 628 plebem
407 597 574 629 exposuero?
591 596 656 623 Nam
670 598 716 632 qui
735 598 902 626 divinitatem
917 599 979 626 Filii

202 635 250 663 Dei
260 644 415 672 oppugnare
430 640 549 674 aggressi
569 645 652 674 sunt,
670 649 720 669 nos
743 650 850 678 quoque
872 643 979 679 ingrato

203 683 293 710 animo
309 685 438 712 conviciis
451 689 576 720 appetere
590 694 642 714 non
654 693 792 716 verentur.
808 689 861 722 Qui
875 697 924 717 nec
937 690 979 717 ul-

202 728 243 755 los
255 735 288 755 ex
304 729 422 764 antiquis
437 731 488 758 sibi
501 733 651 767 comparari
667 734 776 761 volunt:
793 742 842 762 nec
855 743 902 764 eos
918 736 978 771 qui-

201 772 253 801 bus
271 782 321 801 uos
334 775 367 802 ab
383 775 490 803 ineunte
507 781 584 804 aetate
605 779 740 813 magistris
754 780 796 807 usi
810 788 916 812 sumus,
932 789 978 809 ex-

200 820 301 854 u-quari
317 820 367 848 sibi
386 822 532 856 patiuntur.
549 823 601 851 Sed
624 832 675 852 nec
693 825 777 852 ullum
792 833 825 853 ex
851 827 977 854 omnibus

1030 229 1074 255 τὸν
1102 229 1211 264 Πατέρα
1229 228 1295 263 (28),
1322 228 1368 254 καὶ
1396 227 1516 258 εἰκότως·
1539 227 1613 252 πᾶσα
1635 225 1689 261 γὰρ
1711 225 1816 261 ἀσεϐὴς

1031 275 1105 311 φωνὴ
1116 276 1155 306 εἰς
1172 275 1217 301 τὸν
1233 275 1296 302 Υἱὸν
1310 273 1436 308 λέγεσθαι
1457 272 1628 309 τολμωμένη,
1642 273 1681 304 εἰς
1693 272 1740 298 τὸν
1757 272 1815 299 Πα-
1836 302 1842 305 4

1031 320 1096 355 τέρα
1109 320 1157 356 τὴν
1171 319 1306 355 ἀναφορὰν
1318 319 1383 354 ἔχει.

1065 456 1098 484 Χ.
1119 457 1173 484 Καὶ
1187 457 1212 484 τί
1226 457 1316 485 λοιπὸν
1334 457 1374 484 ἔτι
1389 457 1542 493 θαυμαστὸν
1553 457 1568 484 ὅ
1583 457 1670 492 μέλλω
1683 455 1812 491 γράφειν,

1029 504 1174 539 ἀγαπητοὶ,
1189 504 1213 530 εἰ
1226 503 1274 536 τὰς
1287 504 1346 531 κατ’
1359 504 1425 539 ἐμοῦ
1444 504 1548 538 ψευδεῖς
1562 502 1687 534 διαϐολὰς
1703 502 1752 529 καὶ
1765 501 1812 527 τοῦ

1030 550 1222 576 εὐσεϐεστάτου
1239 550 1316 585 ἡμῶν
1337 550 1401 577 λαοῦ
1423 549 1587 585 ὲκθήσομαις
1608 550 1638 576 Ul
1662 547 1717 583 γὰρ
1741 547 1813 574 κατὰ

1030 596 1078 631 τῆς
1093 595 1217 631 θεότητος
1233 596 1278 622 τοῦ
1294 597 1358 623 Υιοῦ
1369 596 1415 623 τοῦ
1427 595 1493 622 Θεοῦ
1511 594 1741 631 παραταξάμενοι,
1753 593 1814 620 οὐδὲ

1029 640 1078 672 τὰς
1097 640 1158 667 καθ’
1171 640 1248 675 ἡμῶν
1269 641 1430 676 ἀχαρίστους
1453 640 1593 676 παροινίας
1616 637 1813 674 παραιτοῦνται

1029 686 1126 721 λέγειν·
1141 686 1166 713 οἵ
1178 695 1209 721 γε
1222 686 1280 713 οὐδὲ
1291 687 1344 713 τῶν
1359 686 1477 723 ἀρχαίων
1492 685 1566 717 τινὰς
1580 685 1734 720 συγκρίνειν
1750 685 1814 710 ἐαυ-

1028 732 1084 762 τοῖς
1100 731 1230 764 ἀξιοῦσιν,
1247 732 1307 758 οὐδὲ
1322 729 1362 764 οἷς
1375 733 1454 767 ἡμεῖς
1471 733 1503 758 ὲκ
1517 731 1618 758 παίδων
1634 730 1814 766 ὼμιλήσαμεν

1028 776 1206 809 διδασκάλοις,
1233 776 1386 809 ἐξισοῦσθαι
1409 777 1554 812 ἐνέχονται.
1582 776 1650 803 Ἀλλ’
1673 775 1734 802 οὐδὲ
1758 775 1814 802 τῶν

1029 820 1076 848 νῦν
1093 821 1230 856 πανταχοῦ
1249 821 1459 858 συλλειτουργῶν
1470 830 1530 849 τινα
1543 822 1583 854 είς
1604 820 1701 857 μέτρον
1715 821 1813 855 σοφίας

201 865 247 899 qui
260 865 338 893 hodie
354 871 417 894 sunt
431 868 539 903 collegze
553 870 649 902 nostri,
662 870 695 897 ad
710 871 873 899 mediocrem
889 873 974 900 scien-

1030 866 1165 900 ἡγοῦνται·
1188 867 1262 902 μόνοι
1279 867 1354 902 σοφοὶ
1370 868 1417 894 καὶ
1429 867 1590 903 ἀκτήμονες,
1607 867 1654 894 καὶ
1669 867 1812 902 δογμάτων

201 911 265 937 tiam
280 913 432 946 pervenisse
444 919 575 943 censent:
601 916 674 943 solos
698 917 833 952 sapientes
854 926 886 946 ac
910 919 978 947 nihil

200 956 378 991 possidentes,
392 959 464 987 solos
479 960 634 996 dogmatum
650 962 804 991 inventores
818 972 847 992 se
863 973 923 992 esse
935 965 978 1000 ja-

199 1006 314 1035 ctantcs,
331 1004 435 1039 sibique
452 1006 517 1033 solis
535 1014 566 1034 ea
582 1008 698 1035 revelata
715 1016 785 1041 esse,
798 1017 859 1044 qua:
877 1011 977 1039 nemini

202 1055 318 1083 unquam
332 1057 424 1077 eorum
444 1051 490 1085 qui
505 1052 556 1078 sub
578 1053 647 1080 ctelo
668 1058 742 1086 sunt,
757 1055 786 1082 in
800 1060 917 1084 mentem
933 1065 978 1084 ve-

199 1095 297 1122 nerint.
310 1095 332 1123 0
346 1096 455 1132 impiam
472 1099 654 1133 arrogantiam
664 1100 677 1126 l-
687 1108 704 1127 ο
718 1102 855 1129 vesaniam
866 1103 977 1131 immen-

198 1143 271 1168 sam!
286 1149 302 1168 ο
327 1142 433 1170 inanem
455 1144 577 1178 gloriam,
596 1150 654 1173 atra
678 1147 731 1174 bile
751 1148 862 1182 percitis
877 1157 977 1178 convc-

198 1187 330 1215 nientem!
347 1196 364 1215 ο
379 1190 505 1224 superbia
521 1190 638 1223 Satanae,
654 1200 714 1227 qua:
729 1193 870 1221 sceleratis
881 1202 975 1222 eorum

198 1234 333 1262 tuentibus
349 1235 462 1262 insedit!
479 1235 537 1264 Non
551 1237 604 1264 illis
624 1238 753 1272 pudorem
774 1239 889 1267 incussit
903 1245 977 1268 vete-

197 1287 256 1307 rum
274 1279 474 1316 Scripturarum
498 1284 678 1318 perspicuitas
695 1285 839 1319 religiosa:
854 1293 905 1313 nec
920 1287 977 1314 col—

196 1326 315 1362 legarum
333 1332 487 1355 nostrorum
503 1330 676 1358 consentiens
698 1331 731 1358 dc
751 1331 859 1359 Christo
873 1332 977 1360 doctri-

196 1379 229 1398 na
251 1372 391 1400 audaciam
407 1381 501 1401 eorum
516 1375 646 1402 adversus
662 1375 736 1403 illum
754 1377 892 1412 repressit.
908 1378 977 1410 Quo-

196 1425 256 1444 rtnn
282 1418 445 1452 impietatem
478 1428 511 1447 ne
539 1421 590 1455 ipsi
619 1421 728 1456 quidem
745 1421 881 1451 dtemones
894 1423 976 1451 laturi

196 1468 270 1496 sunt,
287 1465 386 1500 quippe
401 1466 446 1500 qui
464 1471 569 1499 cavent,
584 1475 618 1495 ne
632 1475 713 1502 quam
730 1469 861 1497 adversus
876 1469 975 1497 Filium

196 1510 242 1537 lJei
258 1511 366 1546 impiam
382 1519 474 1539 vocem
491 1513 624 1541 emittant.

1028 913 1136 948 εὑρεταὶ
1146 912 1269 947 λέγοντες
1279 911 1357 946 εἶναι,
1372 913 1419 940 καὶ
1430 914 1520 945 αὐτοῖς
1534 912 1756 947 ἀποκεκαλύφθαι
1768 912 1814 947 μό-

1028 967 1093 990 νοις,
1110 958 1180 994 ἆπερ
1194 959 1280 986 οὐδενὶ
1293 959 1347 986 τῶν
1364 959 1415 985 ὑπὸ
1431 959 1477 985 τὸν
1497 959 1570 994 ἥλιον
1591 959 1674 994 ἑτέρῳ
1689 959 1813 992 πέφυκεν

1028 1003 1114 1030 ἐλθεῖν
1124 1005 1163 1036 εἰς
1176 1004 1288 1033 ἔννοιαν.
1302 1005 1333 1031 Ὢ
1347 1005 1452 1032 ἀνοσίου
1469 1005 1553 1040 τύφου
1569 1004 1615 1032 καὶ
1629 1005 1747 1040 ἀμέτρου
1760 1013 1812 1040 μα-

1028 1050 1095 1081 νίας,
1109 1051 1155 1076 καὶ
1166 1051 1361 1086 μελαγχολικῆς
1375 1051 1550 1086 ἡρμοσμένης
1561 1050 1639 1086 δόξης
1648 1050 1706 1086 (29)
1719 1051 1810 1086 κενῆς,

1028 1097 1074 1122 καὶ
1095 1096 1238 1123 σατανικοῦ
1258 1098 1441 1132 φρονήματος,
1459 1098 1499 1129 είς
1515 1097 1563 1129 τὰς
1582 1097 1705 1129 ἀνοσίους
1720 1096 1812 1127 aiat:th

1027 1142 1115 1178 ψυχὰς
1133 1142 1371 1178 ἀποσκιρώσαντος
1382 1143 1453 1179 (50)ί
1472 1145 1508 1170 Ού
1524 1144 1670 1180 κατῄδεσεν
1682 1144 1810 1178 αὐτοὺςὴ

1027 1188 1080 1215 τῶν
1096 1189 1216 1224 ἀρχαίων
1232 1189 1346 1224 Γραφῶν
1359 1188 1479 1223 φιλόθεος
1494 1190 1634 1225 σαφήνειω
1647 1190 1707 1216 οὐδὲ
1723 1191 1740 1225 ὴ
1756 1189 1811 1216 τῶν

1028 1233 1238 1270 συλλειτουργῶν
1254 1235 1395 1270 σύμφωνος
1408 1236 1472 1272 περὶ
1490 1235 1607 1272 Χριστοῦ
1619 1236 1744 1263 εὐλάϐεια
1760 1235 1810 1271 τὴν

1028 1280 1085 1306 κατ’
1105 1280 1186 1307 αὑτοῦ
1211 1280 1365 1317 θρασύτητα
1385 1282 1473 1308 αὐτῶν
1493 1282 1656 1317 ἠμαύρωσεν
1671 1282 1739 1316 (31).
1760 1279 1809 1309 Ὧν

1027 1327 1086 1352 οὐδὲ
1105 1326 1138 1353 τὰ
1153 1326 1277 1362 δαιμόνια
1297 1327 1346 1362 τῆς
1368 1327 1555 1364 ἀνοσιουργίας
1570 1327 1703 1362 ἀνέξεται,
1718 1328 1809 1363 φωνὴν

1027 1372 1184 1408 βλάσφημον
1202 1372 1271 1400 κατὰ
1288 1373 1332 1400 τοῦ
1350 1373 1414 1400 Υίοῦ
1429 1373 1475 1400 τοῦ
1490 1373 1556 1400 Θεοῦ
1573 1374 1658 1402 εἰπεῖν
1676 1374 1808 1409 φυλαττό-

1028 1426 1103 1452 μενα.

229 1555 273 1583 XI.
289 1556 378 1591 Atque
395 1558 450 1585 haec
465 1566 514 1593 pro
527 1559 598 1586 virili
615 1564 692 1595 parte
707 1569 779 1588 nunc
799 1569 814 1588 a
825 1562 904 1590 nobis
917 1562 974 1590 dis—

1061 1556 1105 1584 Xl.
1127 1558 1219 1585 Ταῦτα
1237 1558 1286 1594 μὲν
1296 1556 1342 1585 οῦν
1356 1559 1421 1594 ἡμῖν
1435 1558 1505 1585 κατὰ
1515 1557 1564 1593 τὴν
1575 1557 1716 1594 παροῦσαν
1728 1557 1808 1598 δύνα-

197 1606 288 1636 putata
307 1603 361 1630 sint
381 1604 512 1632 adversus
537 1612 584 1632 eos
603 1606 649 1641 qui
666 1607 694 1633 in
718 1607 841 1642 imperita
860 1609 975 1636 materia

195 1651 321 1680 tanquam
341 1647 368 1674 in
382 1649 491 1683 pulvere
503 1650 634 1683 volutati,
657 1651 795 1679 Christum
816 1653 975 1688 impugnare

195 1693 313 1727 aggressi
330 1700 399 1727 sunt,
412 1699 439 1722 et
458 1700 581 1724 nostram
601 1706 664 1733 erga
682 1699 756 1726 illum
778 1700 904 1734 pietatem
929 1708 975 1728 ca-

196 1739 322 1766 lumniari
345 1740 529 1769 instituerunt.
550 1743 632 1771 Aiunt
651 1745 723 1772 enim
750 1746 795 1772 isti
820 1746 972 1781 incptarum

195 1786 347 1813 fabularum
363 1788 516 1816 inventores
530 1797 590 1821 nos,
603 1791 648 1826 qui
662 1791 770 1826 impiam
779 1796 805 1819 et
813 1793 886 1820 nullo
899 1792 973 1820 Scri—

195 1833 336 1865 pturarum
355 1833 508 1860 testimonio
529 1834 624 1862 fultam
649 1835 844 1870 blasphemiam
870 1845 902 1865 ex
918 1846 972 1865 non

195 1877 366 1905 exstantibus
383 1885 549 1913 aversamur,
559 1880 613 1907 duo
625 1881 743 1916 ingenita
757 1889 888 1911 asserere.
901 1883 973 1911 Duo-

196 1929 255 1948 rum
273 1922 344 1949 enim
360 1923 473 1951 alterum
490 1926 645 1953 necessario
662 1934 722 1954 esse
743 1928 886 1956 dicendum
903 1930 973 1957 amr-

196 1971 270 1994 mant
281 1968 417 2003 imperiti:
435 1974 481 1996 aut
495 1970 571 1997 illum
589 1979 621 1998 ex
647 1980 702 1999 non
717 1974 887 2002 exstantibus
901 1983 972 2008 esse,

195 2017 242 2040 aut
263 2020 335 2042 certe
351 2015 405 2042 duo
423 2023 481 2043 esse
497 2017 614 2050 ingenita
629 2027 634 2044 :
652 2026 700 2045 nec
725 2019 878 2055 intelligunt
892 2022 973 2048 rudes

195 2063 277 2092 atque
291 2059 378 2094 ignari
388 2080 395 2092 ,
414 2062 528 2089 multum
550 2063 680 2092 interesse
694 2064 765 2093 inter
777 2064 884 2094 Patrem
899 2067 973 2102 inge-

195 2104 293 2136 nitum,
308 2108 334 2131 et
351 2113 394 2133 res
409 2107 443 2133 ab
465 2107 510 2134 illo
534 2112 639 2136 creatas
653 2117 685 2137 ex
701 2110 794 2144 nihilo,
813 2117 867 2138 tam
884 2113 971 2140 ratio-

233 2197 253 2211 "
270 2196 344 2223 Ρδοί.
359 2205 439 2230 xxxv,
457 2199 499 2226 10.
538 2200 560 2215 ’⁸
575 2200 654 2229 Joan.
666 2211 692 2234 ν,
708 2202 752 2230 25.

1030 1613 1075 1639 μιν
1099 1605 1299 1640 ἐπαπορείσῡω,
1326 1605 1394 1640 πρὸς
1419 1606 1482 1636 τοὺς
1502 1604 1656 1640 ἀπαιδεύτῳ
1680 1604 1732 1641 ὕλῃ
1753 1604 1808 1639 (52)

1028 1650 1098 1677 κατὰ
1118 1651 1164 1677 τοῦ
1185 1651 1303 1686 Χριστοῦ
1324 1651 1526 1686 κονισαμένους,
1547 1651 1593 1677 καὶ
1608 1651 1657 1686 τὴν
1673 1651 1713 1682 είς
1727 1650 1808 1676 αὐτὸν

1027 1696 1165 1724 εὐσέϐειαν
1183 1697 1261 1732 ἡμῶν
1279 1699 1453 1731 συκοφαντεῖν
1470 1696 1662 1732 προθεμένους.
1676 1697 1744 1723 Φασὶ
1755 1696 1808 1732 γὰρ

1028 1745 1101 1780 ἡμᾶς
1115 1745 1140 1770 οἱ
1155 1743 1302 1779 φληνάφων
1317 1743 1460 1779 ἐφευρεταὶ
1482 1742 1583 1778 μύθων,
1603 1743 1807 1778 ἀποστρεφομέ-

1026 1797 1086 1820 νους
1100 1789 1149 1824 τὴν
1161 1788 1190 1820 ἐξ
1203 1788 1253 1815 οὐκ
1264 1788 1347 1815 ὄντων
1361 1787 1445 1822 ἀσεΰῆ
1461 1788 1508 1814 καὶ
1523 1787 1644 1824 ἆγραφον
1659 1788 1730 1815 κατὰ
1743 1789 1808 1824 Χρι-

1027 1833 1090 1860 στοῦ
1103 1834 1286 1869 βλασφημίαν,
1304 1834 1438 1869 ἁγέννητα
1453 1833 1586 1861 διδάσκειν
1601 1833 1657 1860 δύο.
1671 1835 1749 1860 Δυοῖν
1762 1833 1808 1860 θά-

1026 1888 1102 1914 τερον
1116 1880 1239 1914 λέγοντες
1253 1880 1306 1906 δεῖν
1325 1877 1394 1905 εἶναι
1410 1880 1435 1905 οἱ
1449 1879 1611 1912 ἀπαίδευτοι,
1626 1880 1642 1915 ἧ
1658 1879 1688 1912 ἐξ
1703 1881 1754 1906 οὐκ
1767 1881 1807 1907 δν-

1026 1934 1078 1952 των
1093 1926 1172 1952 αὑτὸν
1185 1923 1253 1952 εἴναι
1272 1927 1391 1961 φρονεῖν,
1411 1925 1427 1960 ἢ
1447 1926 1555 1956 πάντως
1572 1925 1706 1960 ἀγέννητα
1720 1925 1806 1960 λέγειν

1026 1971 1081 1997 δόθ’
1099 1970 1258 2004 ἀγνοοῦντες
1278 1971 1301 1996 οἱ
1320 1970 1473 2001 ἀνάσκετοι,
1490 1970 1527 2001 ὡς
1542 1970 1645 2005 μακρὸν
1657 1970 1689 1996 ἂν
1702 1970 1744 2006 εῐη
1760 1979 1805 2005 με·-

1027 2017 1091 2048 ταξὺ
1106 2017 1212 2052 Πατρὸς
1226 2017 1383 2051 ἀγεννὴτου,
1397 2016 1442 2042 καὶ
1453 2016 1507 2042 τῶν
1523 2015 1685 2042 κτισθέντων
1701 2016 1747 2042 ὑπ’
1759 2016 1805 2042 αὑ-

1026 2063 1072 2089 τοῦ
1089 2062 1118 2095 ἐξ
1130 2063 1179 2089 οὐκ
1195 2062 1289 2094 ὄντων,
1306 2062 1422 2096 λογικῶν
1435 2070 1464 2088 τε
1475 2062 1522 2088 καὶ
1536 2061 1650 2096 ἀλόγων.
1665 2059 1715 2088 Ὧν
1732 2070 1805 2097 μεσιυ

1025 2110 1138 2137 τεύουσα
1155 2110 1234 2145 φύσις
1257 2109 1401 2145 μονογενὴς
1411 2109 1478 2144 (53),
1499 2109 1532 2135 δι’
1547 2106 1580 2144 ἦς
1600 2108 1634 2135 τὰ
1651 2109 1700 2135 ὅλα
1715 2108 1744 2142 ἐξ
1758 2108 1804 2135 οὐκ

231 2254 286 2297 (ἓξ)
305 2253 373 2297 Tigri
389 2255 578 2297 tdtzllatépa.
599 2258 767 2297 Epiphanius
785 2259 970 2297 scholasticus

1030 2261 1140 2297 pltanius
1157 2260 1343 2297 scholasticus
1355 2259 1451 2297 legisse
1470 2259 1576 2297 videtur
1587 2260 1803 2297 ἀποσκιρτήσαν-

193 2289 317 2329 quaedam
327 2290 376 2329 _ltic
389 2291 462 2329 addit
477 2289 536 2327 quat
551 2301 605 2320 non
622 2289 745 2329 leguntur
762 2296 789 2322 in
804 2294 907 2323 Graeco.
926 2296 971 2323 Sic

193 2325 265 2364 enim
290 2324 580 2364 Ιιιιὶιθι--εηριιαρνοριεν
605 2334 629 2355 ct
646 2324 693 2364 ἧκί
718 2330 829 2357 honorat
852 2330 969 2362 Patrem,

194 2360 306 2397 Ιιωιοναι
320 2366 344 2386 et
358 2359 574 2397 Filium,'ct'qui
597 2359 707 2391 honorat
733 2365 842 2397 Filium,
861 2359 972 2392 honorat

193 2399 217 2420 et
230 2394 349 2427 Patrem,
361 2401 385 2423 et
402 2402 478 2424 νει-[ε.
495 2394 581 2430 Quam
597 2399 737 2426 lectionem
753 2394 913 2427 ronlirmant
929 2410 973 2428 se-

194 2430 313 2469 quentia.
331 2430 422 2470 Itaque
434 2440 511 2459 error
523 2433 627 2470 videtur
641 2434 825 2467 librariorum,
843 2436 888 2470 qui
902 2435 972 2463 hanc

194 2465 504 2502 pet'ic‘openomiserunt
521 2465 623 2502 decepti
641 2477 738 2496 vocum
755 2465 941 2498 similitudine.

229 2499 284 2541 {‘29)
296 2501 349 2541 [1:111
358 2503 580 2541 μελαγχολικῆς
587 2499 779 2541 ψψοσμέιξης
789 2505 890 2541 δόξης.
903 2505 973 2541 Lego

195 2534 406 2572 μελαγχολικοῖς,
430 2534 655 2572 quetuadtiioduin
678 2534 901 2568 edidit‘Jacobus
916 2534 972 2568 Sir—

196 2569 312 2606 mundus
327 2580 334 2597 z
350 2569 533 2610 cujus'tamcn
549 2573 646 2610 factum
658 2575 772 2608 probare
783 2584 835 2602 non
850 2584 970 2610 pOSsum,

195 2611 220 2641 ιιι
236 2612 268 2630 eo
285 2606 355 2644 quod
378 2607 518 2635 lectionem
539 2609 639 2635 nullius
655 2606 747 2644 scripti
762 2606 864 2638 codicis
877 2606 971 2638 aucto;

195 2639 274 2665 ritate
285 2641 417 2668 [innatam
434 2643 460 2669 in
477 2649 578 2670 textum
595 2639 736 2672 admittere
750 2653 803 2672 non
819 2646 949 2673 dubitavit
963 2655 969 2672 :

194 2674 326 2714 quamad
342 2676 411 2714 latus
425 2679 552 2705 editionis
567 2687 623 2706 suze
639 2680 760 2714 rejicere.
779 2684 824 2709 aut
842 2681 868 2707 in
887 2681 970 2707 adno-

195 2709 342 2749 tationibus
364 2711 463 2749 referre
485 2714 574 2747 potius
590 2709 776 2742 conveniebat.
793 2715 870 2749 Apud
889 2716 968 2742 Nice-

195 2741 319 2785 phorum,
331 2745 357 2771 in
374 2746 420 2785 lib.
441 2741 498 2778 vut',
514 2757 572 2782 cap.
596 2750 620 2780 7,
639 2750 734 2783 legitur
749 2741 795 2778 καὶ
813 2741 970 2785 μελαγχολι-

194 2776 347 2820 κῆξοξᾴξης.
359 2781 458 2820 omissa
473 2776 537 2809 voce
547 2776 734 2820 ἦρμρσμὲνης.

230 2811 286 2850 (50)
297 2811 595 2854 ijqqpéeormz.‘
612 2811 647 2844 Ιιι¹
663 2811 849 2854 ιιιιὶιῖυδειιίριο
878 2820 970 2847 codice

196 2844 311 2877 licttt’it‘f
324 2844 633 2889 Sarilii'sctiptunirest
905 2855 969 2892 Epi-

1023 2294 1077 2328 τος.
1095 2295 1140 2322 Sic
1156 2296 1228 2322 enim
1250 2295 1349 2322 vertit:
1369 2294 1504 2329 Sapientia
1526 2295 1633 2322 Satunw
1653 2294 1803 2323 in‘atiimas

1024 2340 1114 2358 eorum
1128 2331 1300 2366 nequissimos
1314 2330 1471 2366 tueheyiteitter
1480 2329 1615 2366 insiliens.

1059 2367 1114 2401 (5i)
1135 2364 1330 2399 Ἠμαύρωσεν.
1360 2364 1584 2401 Codeereonjs
1603 2365 1695 2392 Allatii
1725 2366 1804 2394 habet

1025 2399 1178 2437 ἡμέρωσεν.
1191 2401 1325 2437 Atqueita
1338 2407 1449 2437 prorsus
1463 2400 1527 2434 legit
1539 2399 1707 2437 Epiphanius
1723 2401 1804 2437 Scho-

1024 2435 1146 2466 la'sti‘cus,
1169 2439 1198 2462 ut
1221 2444 1253 2462 ex
1279 2436 1501 2469 interpretatione
1528 2435 1587 2469 ejus
1612 2441 1734 2470 apparet.
1760 2436 1803 2463 Sic

1024 2472 1096 2498 enim
1112 2471 1211 2498 vertit:
1231 2470 1292 2496 Non
1310 2470 1549 2496 comministrorum
1566 2478 1673 2496 concors
1689 2479 1803 2498 reveren-

1025 2507 1062 2533 tia
1076 2505 1107 2532 de
1121 2506 1237 2535 Christo.
1254 2505 1416 2539 ferocitatem
1430 2513 1519 2531 eorum
1534 2505 1716 2539 mausttefecit.

1060 2541 1116 2575 (52)
1139 2540 1312 2574 Ἀπαιδεύτῳ
1329 2541 1399 2573 ὕλῃ.
1422 2539 1467 2566 Sic
1488 2544 1567 2566 vocat
1585 2539 1744 2568 dialecticas
1762 2549 1803 2567 ar-

1042 2576 1250 2605 umentationcs.
1280 2575 1380 2610 quibus
1410 2575 1535 2601 utebatur
1563 2574 1644 2602 Arius
1672 2575 1802 2603 adversus

1036 2611 1125 2638 )hristi
1137 2609 1314 2647 divinitatem.
1330 2609 1362 2647 ln-
1372 2609 1466 2636 codice
1480 2615 1568 2647 tamen
1584 2610 1675 2636 Allatii
1690 2618 1742 2647 pro
1756 2611 1803 2647 ὕλῃ

1024 2645 1233 2681 Ιρειιιιι-ὐλακῇ,
1254 2645 1278 2671 id
1294 2649 1336 2672 est
1353 2644 1463 2681 latratu,
1478 2643 1550 2678 quod
1566 2652 1621 2671 non
1637 2643 1734 2681 probo.

1058 2679 1113 2716 (55)
1125 2679 1179 2706 Ὧν
1186 2679 1388 2716 μὲσιτεύουσιι
1397 2679 1488 2716 φύσις
1495 2679 1672 2716 μονογενής.
1686 2679 1802 2716 Benigne

1023 2714 1283 2755 intelligendutn_est
1297 2715 1434 2755 quod-hoc
1450 2714 1510 2741 loco
1521 2715 1561 2755 ait
1577 2715 1740 2755 Alexander,
1756 2714 1803 2742 nat

1024 2749 1293 2784 turam’uuigcnitam
1314 2749 1430 2785 mediam
1445 2757 1505 2776 esse
1520 2749 1590 2776 inter
1604 2749 1714 2777 Patrem
1730 2751 1802 2785 inge-

1024 2787 1152 2820 nitumiet
1169 2789 1318 2812 creaturas.
1344 2784 1394 2811 Ubi
1419 2789 1544 2820 naturam
1570 2785 1653 2811 sumit
1676 2793 1727 2820 pro
1745 2784 1802 2819 per-

1025 2829 1102 2847 sona.
1119 2819 1246 2855 intelligit
1261 2820 1332 2847 enim
1356 2819 1435 2853 φύσιν
1457 2820 1491 2855 ἐν
1502 2819 1660 2855 ὑποστάσει,
1677 2819 1707 2847 iit
1725 2821 1801 2854 paulo

1026 2860 1086 2883 ante
1102 2853 1264 2884 locutus‘cst
1285 2855 1445 2883 Alexander.
1471 2853 1586 2882 Mediam
1613 2860 1703 2883 autem
1725 2853 1799 2882 vocat
