1911 3073
84 132 136 161 1565

787 130 980 159 EPISTOLE.

1657 133 1708 161 566

84 189 166 215 δντων
180 186 311 226 ἐποίησεν
323 188 338 214 ὁ
353 187 447 223 Πατὴρ
459 187 505 214 τοῦ
521 188 587 214 Θεοῦ
600 188 697 222 Λόγου·
712 187 728 222 ἢ
747 187 777 220 ἐξ
789 188 871 215 αὑτοῦ

927 188 1000 215 nales
1017 195 1097 224 quam
1111 187 1225 215 rationis
1241 193 1377 224 expertes.
1397 189 1468 216 Inter
1486 197 1546 224 qme
1573 190 1626 217 duo
1654 199 1710 218 me-

80 233 129 260 ’τοῦ
145 233 222 264 ὖντος
238 233 344 268 Πατρὺς
360 233 530 269 γεγέννηται·
546 234 583 265 ὡς
597 234 644 260 καὶ
658 234 737 266 αὑτός
754 242 804 260 που
819 234 872 261 διε-

88 279 245 315 μαρτύρατο
257 279 345 313 λέγων
358 280 372 304 ό
386 279 497 315 Κύριος,
515 280 541 305 '0
553 280 675 315 ἀγαπῶν
684 279 737 306 τὸν
747 280 870 315 Πατέρα,

84 326 184 362 ἀγαπᾷ
200 325 249 353 καὶ
264 325 319 352 τὸν
338 326 405 352 Υὶὸν
420 326 473 352 τὸν
488 325 704 360 γεγεννημένον
720 326 754 358 ἐξ
768 326 870 354 αὐτοῦ.

78 452 83 456 ’
117 460 178 486 XII.
201 459 269 495 Περὶ
280 457 318 487 ὧν
330 460 408 495 ἡμεῖς
421 459 506 490 οὕτως
520 459 691 494 πιστεύομεν,
707 459 744 490 ὡς
758 459 790 493 τῇ
807 459 873 485 ἀπο-

84 506 195 541 στολικῇ
221 506 368 542 Ἐκκλησία
388 505 469 532 δοκεῖ·
491 506 538 537 Εἰς
561 505 639 541 μόνον
655 505 800 540 ἀγέννητον
819 505 873 531 Πα-

81 552 161 588 τέρα,
172 552 269 578 οὐδένα
281 551 329 578 τοῦ
347 551 415 578 εἶναι
429 551 503 587 αὐτῷ
515 552 561 578 τὸν
573 552 657 578 αἴτιον
673 551 778 586 ἔχοντα,
793 551 873 586 ἄτρε-

82 588 151 625 τπόν
164 606 194 624 τε
203 599 251 624 καὶ
261 598 449 629 ἀναλλοίωτον,
463 598 506 624 ἀεὶ
516 597 586 624 κατὰ
599 598 633 624 τὰ
642 598 710 624 αὐτὰ
723 598 769 624 καὶ
782 597 872 623 ὡσαύ-

81 652 137 674 τως
152 643 260 678 ἔχοντα,
276 643 338 670 οὔτε
352 644 500 679 προκοπὴν,
513 643 575 669 οὕτε
590 643 702 678 μείωσιν
715 643 874 678 ἐπιδεχόμε-

81 698 137 716 νον·
152 690 247 725 Νόμου
269 690 315 716 καὶ
336 689 486 726 Προφητῶν
503 690 550 716 καὶ
569 690 741 724 Εὐαγγελίων
763 690 871 725 δοτῆρα,

82 735 263 771 πατριαρχῶν
277 736 323 762 καὶ
337 735 501 768 ἀποστόλων,
518 736 564 762 καὶ
577 736 702 763 ἁπάντων
720 735 803 770 ἁγίων
817 735 873 762 Κύτ

83 791 151 817 pinv;
172 782 230 808 Καὶ
250 783 289 813 εἰς
308 782 356 809 ἕνα
374 782 476 818 Κύριον
500 781 601 817 Ἰησοῦν
614 782 741 818 Χριστὸν,
754 782 799 808 τὸν
810 782 873 808 Υἱὸν

82 827 130 853 τοῦ
148 827 218 854 Θεοῦ
238 829 283 854 τὸν
305 828 447 863 μονογενῆ,
461 828 624 863 γεννηθέντα
645 828 695 854 οὐκ
710 828 742 854 ὲκ
763 827 810 854 τοῦ
835 828 872 863 μὴ

923 235 997 261 dium
1025 234 1152 261 obtinens
1179 234 1318 269 unigenita
1346 238 1442 262 natura
1474 235 1520 262 Dei
1551 235 1630 263 Verbi
1662 245 1709 271 per

923 286 1003 314 quam
1021 278 1101 306 Pater
1118 279 1246 306 universa
1269 279 1390 306 condidit
1413 288 1444 306 ex
1471 280 1575 314 nihilo,
1594 289 1626 309 ex
1650 282 1708 316 ipso

923 332 988 351 vero
1002 323 1081 352 Patre
1095 325 1236 359 progenita
1251 330 1301 352 est.
1319 325 1395 353 Sicut
1418 326 1476 360 ipse
1490 326 1620 354 Dominus
1639 336 1709 363 quo-

924 370 985 396 dam
999 370 1058 398 loco
1072 374 1187 398 testatus
1203 374 1245 398 est.
1259 371 1301 399 his
1316 372 1406 399 verbis
1419 373 1441 388 ²⁹
1458 380 1465 398 '.
1484 372 1535 405 Qui
1551 373 1637 409 diligit
1653 374 1709 401 Pa-

925 420 1000 446 trem,
1016 415 1103 450 diligit
1120 416 1200 442 etiam
1217 415 1317 442 Filium
1336 417 1380 451 qui
1402 425 1434 444 ea:
1447 426 1476 444 eo
1490 419 1590 452 genitus
1605 425 1654 446 est.

960 461 1017 488 ΧΠ.
1039 461 1076 489 De
1091 462 1190 497 quibus
1201 470 1252 489 nos
1270 462 1307 489 ita
1320 463 1468 496 credimus,
1481 465 1708 499 quemadmodum

925 507 1070 541 apostolica
1090 508 1173 535 sentit
1191 507 1312 537 Ecclesia
1328 519 1333 536 ε
1351 509 1380 536 In
1400 518 1483 537 unum
1498 511 1645 546 ingenitum
1657 511 1709 539 Pa~-

924 558 1001 587 trem,
1019 554 1064 589 qui
1079 562 1094 580 a
1116 554 1192 581 nullo
1208 562 1319 582 causam
1333 556 1412 583 habet
1427 557 1552 585 cssentiae
1569 565 1624 585 suae
1639 567 1644 584 :
1661 566 1709 585 nec

924 599 1095 627 conversioni
1111 600 1262 627 obnoxium
1278 608 1327 628 nec
1348 602 1511 634 mutationi,
1534 602 1580 637 qui
1604 610 1709 637 semper

924 646 1018 673 eodem
1037 646 1118 673 modo
1134 654 1163 674 se
1181 647 1272 679 habet,
1286 655 1335 675 nec
1360 648 1510 682 profectum
1529 657 1578 676 nec
1592 649 1710 676 diminu-

924 691 1025 719 tionem
1043 692 1178 719 admittit:
1197 694 1242 728 qui
1258 693 1355 728 Legem
1371 698 1397 721 et
1412 693 1562 729 Prophetas
1580 700 1606 722 et
1623 695 1710 722 Evan-

924 737 992 770 gelia
1007 736 1086 764 nobis
1105 737 1194 764 dedit:
1213 737 1259 772 qui
1276 738 1408 766 Dominus
1433 744 1474 766 est
1493 740 1708 774 patriarcharum

924 786 951 810 et
968 784 1153 817 apostolorum
1169 788 1381 819 sanctorumque
1394 786 1525 812 omnium.
1541 785 1573 813 Et
1586 787 1614 813 in
1625 795 1708 813 unum

927 826 1070 856 Dominum
1089 828 1180 856 Jesum
1193 829 1343 862 Christum,
1354 829 1451 857 Filium
1464 830 1511 857 Dei
1526 832 1710 866 unigenitum:

81 873 169 905 ὄντος,
184 873 242 900 ἀλλ’
258 874 291 899 ἐκ
301 874 347 900 τοῦ
358 874 433 905 ὄντος
444 874 561 909 Πατρὸς,
575 874 604 900 οὺ
617 874 687 900 κατὰ
697 874 746 905 τὰς
759 874 812 901 τῶν
825 882 871 900 σω-

927 882 977 901 non
993 883 1026 902 ex
1045 875 1132 902 nihilo
1146 876 1266 910 genitum
1281 896 1289 908 ,
1315 876 1362 904 sed
1381 884 1413 904 ex
1428 885 1460 904 eo
1475 877 1522 912 qui
1547 876 1627 905 Pater
1646 882 1709 911 est;

83 919 179 954 μάτων
195 919 368 954 ὁμοιότητας,
380 920 439 951 ταῖς
452 921 547 955 τομαῖς
564 919 579 955 ἢ
595 921 654 951 ταῖς
669 920 701 945 ὲκ
716 920 872 955 διαιρέσεων

81 964 254 1000 ὰποῤῥοίαις,
276 964 371 999 ὥσπερ
390 965 526 1000 summa,»
546 965 593 992 ml.
616 966 765 1000 Βαλεντίνῳ
789 966 870 992 δοκεῖ·

82 1011 141 1037 ἀλλ’
154 1012 281 1047 ἀρρήτως
298 1013 346 1038 καὶ
365 1012 578 1047 ἀνεκδιηγήτως,
595 1012 664 1039 κατὰ
686 1012 731 1038 τὸν
750 1012 872 1044 εἰπόντα,

82 1057 120 1088 ὡς
139 1057 270 1093 ἀνωτέρω
288 1057 494 1094 παρεθήκαμεν,
519 1058 578 1092 Τὴν
598 1058 704 1092 γενεὰν
720 1059 812 1085 αὐτοῦ
829 1059 874 1091 τίς

83 1103 277 1139 διηγήσεται;
298 1104 355 1139 Τῆς
377 1105 551 1136 ὑποστάσεως
572 1104 652 1131 αὑτοῦ
674 1105 747 1141 πάσῃ
764 1106 796 1140 τῇ
813 1113 874 1139 γεν-

83 1152 150 1186 νητῇ
168 1150 248 1184 φύσει
259 1149 316 1185 (5-1)
331 1150 547 1186 ἀπεριεργάστου
567 1149 762 1185 τυγχανούσης,
783 1149 874 1182 καθὼς

84 1197 130 1223 καὶ
153 1197 236 1228 αὐτὸς
255 1198 269 1223 ὁ
293 1197 387 1232 Πατὴρ
409 1197 623 1233 ἀπεριέργαστός
643 1199 710 1231 ἐστι,
728 1198 770 1224 διὰ
789 1198 819 1224 τὸ
837 1199 873 1234 μὴ

85 1244 184 1278 χωρεῖν
198 1243 248 1278 τὴν
258 1243 313 1269 τῶν
330 1243 447 1278 λογικῶν
462 1244 553 1278 φύσιν,
570 1244 619 1280 τῆς
633 1244 771 1280 πατρικῆς
786 1245 875 1278 θεογο-

85 1288 143 1320 via;
155 1288 205 1324 τὴν
221 1288 332 1323 εἴδησιν·
350 1288 421 1324 ἅπερ
442 1290 472 1316 οὐ
494 1290 557 1325 παρ’
572 1290 638 1325 ἐμοῦ
653 1290 692 1317 δεῖ
715 1290 810 1325 μαθεῖν
830 1289 875 1317 ἄν·

84 1334 151 1369 δρας
174 1334 213 1370 τῷ
231 1334 281 1369 τῆς
299 1335 428 1370 ἀληθείας
447 1336 582 1371 πνεύματι
604 1336 787 1371 κινουμένους,
803 1337 874 1372 ὑπη-

85 1378 186 1414 χούσης
203 1380 276 1414 ήμᾱς
291 1379 399 1415 καὶτῆς
413 1380 554 1416 φθασάσης
568 1381 686 1416 Χριστοῦ
702 1381 765 1416 περὶ
780 1381 873 1407 τούτου

86 1425 179 1460 ,ςωνῆς
203 1426 250 1452 καὶ
278 1426 466 1462 διδασκούσης·
492 1427 597 1460 Οὐδεὶς
618 1426 678 1454 οἶδε
700 1428 744 1460 τίς
763 1427 875 1454 ἐστινό

86 1470 198 1504 Πατὴρ,
218 1472 244 1498 εὶ
258 1471 301 1505 μὴ
318 1473 335 1498 ὀ
355 1472 430 1505 Υἱός·
444 1472 493 1498 καὶ
508 1472 606 1505 οὐδεὶς
622 1470 684 1499 οἶδε
698 1473 744 1505 τίς
760 1472 845 1499 ἐστιν
859 1474 875 1498 ὁ

90 1516 167 1549 Υἱὸς,
185 1518 211 1543 εὶ
228 1516 270 1551 μὴ
285 1518 302 1543 ό
319 1518 429 1551 Πατήρ.
453 1517 603 1553 Ἀτρεπτον
620 1517 713 1544 τοῦτον
733 1518 780 1544 καὶ
794 1518 875 1544 ἀναλ-

85 1562 197 1588 λοίωτον
212 1562 249 1594 ὼς
264 1562 309 1589 τὸν
324 1562 445 1598 Πατέρα,
463 1563 611 1598 ἀπροσδεῆ,
626 1564 673 1590 καὶ
686 1564 786 1590 τέλειον
802 1564 874 1596 Υξὸν,

86 1609 193 1644 ἐμφερῆ
212 1609 251 1644 τῷ
264 1609 351 1644 Πατρὶ
370 1609 579 1645 μεμαθήκαμεν,
595 1610 665 1645 μόνῳ
683 1609 721 1645 τῷ
738 1611 877 1646 ἀγεννήτῳ

86 1654 248 1689 λειπόμενον
261 1654 376 1681 ἐκείνου.
393 1654 481 1681 Elicth
494 1655 547 1689 γάρ
562 1656 634 1681 ἐστιν
649 1655 875 1690 ἀπηκριϐωμένη,

88 1699 134 1726 καὶ
148 1699 358 1734 ἀπαράλλακτος
371 1699 417 1726 τοῦ
430 1700 546 1736 Πατρός.
562 1700 673 1727 Πάντων
685 1701 738 1736 γὰρ
750 1698 818 1727 εἶναι
829 1701 876 1736 τὴν

87 1746 180 1773 εἰκόνα
193 1747 250 1782 (55)
263 1747 364 1782 πλήρη,
385 1747 418 1773 δι’
438 1743 474 1774 ὧν
492 1748 512 1783 ἡ
528 1747 628 1782 μείζων
639 1748 772 1783 ὲμφέρεια
786 1747 875 1783 δῆλον,

87 1793 125 1825 ὡς
142 1793 225 1824 αὐτὸς
241 1793 398 1820 ἐπαίδευσεν
415 1794 428 1819 ό
444 1793 555 1829 Κρριος·
582 1794 608 1820 Ὁ
628 1794 729 1828 Πατήρ
742 1804 811 1829 μου,
835 1794 877 1821 λέ-

87 1847 155 1872 γων,
170 1839 278 1873 μείζων
294 1848 353 1874 μου
374 1839 448 1866 ἐστι.
464 1840 519 1867 Καὶ
532 1839 609 1873 κατὰη
622 1839 700 1866 τοῦτο
721 1841 766 1867 καὶ
785 1840 814 1866 τὸ
834 1841 877 1867 ἀεὶ

88 1883 158 1911 εἶναι
171 1885 217 1911 τὸν
232 1885 297 1913 Υῑὸν
313 1887 345 1912 ὲκ
357 1886 404 1912 τοῦ
416 1886 523 1923 Πατρὸς
539 1885 713 1921 πιστεύομεν.
735 1887 877 1921 Ἀπαύγια-

88 1938 150 1964 σμα
171 1930 226 1966 γάρ
245 1931 311 1958 ἐστι
331 1931 386 1965 τῆς
404 1931 507 1965 δόξης,
528 1932 575 1959 καὶ
590 1932 743 1967 χαρακτὴρ
758 1931 812 1966 τῆς
826 1941 877 1958 πα-

92 1977 186 2012 τρικῆς
198 1977 402 2010 ὑποστάσεως.
422 1978 502 2005 Ἀλλὰ
515 1979 551 2013 μή
564 1987 606 2010 τις
622 1978 653 2004 τὸ
669 1978 714 2005 ἀεὶ
729 1978 797 2014 πρὸς
812 1978 877 2004 ὑπό-

90 2031 164 2050 νοιαν
185 2023 346 2058 Ἀγεννήτου
360 2023 531 2059 λαμϐανέτω,
550 2024 587 2055 ὡς
597 2024 696 2050 οἴονται
707 2026 730 2050 οι
742 2024 776 2050 τὰ
787 2023 877 2058 ψυχῆς

89 2069 255 2104 αἰσθητήρια
277 2069 481 2105 πεπηρωμένοι.
505 2069 573 2096 Οῠτε
589 2070 642 2105 γὰρ
658 2070 688 2096 τὸ
700 2068 749 2105 ἦν,
772 2069 832 2095 οὔτε
847 2069 876 2095 τὸ

90 2115 146 2147 ἀεὶ,
159 2115 226 2143 οὔτε·
235 2115 265 2141 τὺ
279 2115 335 2149 πρὸ
348 2115 470 2147 αἰώνων,
485 2115 583 2142 ταύτόν
593 2116 650 2142 ἐστι
661 2115 700 2151 τῷ
717 2116 876 2151 Ἀγεννήτῳ.

96 2160 165 2186 Ἀλλ’
181 2160 236 2186 οὐδ’
257 2160 344 2187 ὁτιοῦν
368 2161 516 2195 ἀνθρώπων
542 2161 628 2187 ἔννοια
652 2161 877 2197 ὀνοματοποιῆσαι

90 2207 247 2238 σπουδάσει,
263 2207 338 2241 δηλοί
353 2207 383 2233 τὸ
403 2207 558 2243 ἀγέννητον.
580 2207 624 2239 Ὣς
644 2208 690 2234 καὶ
706 2208 777 2243 ὑμᾶς
793 2208 878 2240 οὕτως
894 2226 916 2254 D

91 2252 249 2288 ἐκδέχεσθαι
265 2252 396 2285 πιστεύω,
414 2253 460 2280 καὶ
479 2253 635 2288 τεθὰῤῥηκα
649 2254 681 2289 τῇ
695 2254 758 2289 περὶ
770 2254 877 2280 πάντων

90 2297 166 2332 ὑμῶν
183 2297 251 2333 ὀρθῇ
271 2297 407 2333 προθέσει,
431 2298 501 2325 κατὰ
525 2298 625 2334 μηδένα
652 2299 751 2334 τρόπον
776 2299 878 2325 τούτων

93 2342 142 2369 τῶν
165 2342 307 2377 ὀνομάτων
329 2342 359 2369 τὸ
378 2343 523 2378 ἀγέννητον
537 2342 695 2377 δηλούντων.
717 2344 808 2370 Ἔοικε
825 2343 878 2378 γὰρ

130 2417 335 2451 “IJoan.v,l.

91 2505 220 2537 naturam
236 2501 415 2536 unigenitum,
434 2509 490 2537 non
505 2502 577 2536 quod
594 2501 754 2537 Unigenitus
769 2501 881 2529 inferior

89 2537 124 2571 sit
132 2535 225 2567 Patre,
237 2535 366 2571 sedquod
376 2544 424 2571 per
432 2536 508 2563 illum
514 2535 612 2571 ’omnia
625 2535 688 2564 facit
698 2537 787 2568 Pater,
805 2541 834 2563 ut
843 2538 880 2563 ait

89 2570 211 2607 Joannes
228 2569 405 2606 evangelista.
430 2571 507 2600 Unde
521 2569 600 2607 δι’νοῦ
622 2573 731 2607 proprie
750 2572 881 2599 tribuitur

91 2604 171 2636 Filio,
197 2604 430 2640 quemadmodum
458 2611 536 2634 notat
560 2604 680 2635 Basilius
703 2608 731 2634 in
753 2607 822 2634 libro
843 2607 881 2634 De

91 2640 195 2673 Spiritu
211 2647 314 2669 sancto.

125 2676 184 2709 (54)
200 2676 290 2710 Uda-4
314 2676 351 2711 τῇ
373 2676 503 2711 Terr-nni
524 2677 624 2711 φύσει.
649 2677 740 2703 Malim
762 2677 881 2704 scribere

91 2712 203 2747 γενητῇ,
220 2711 450 2745 quemadmodum
467 2712 565 2746 legisse
577 2712 683 2739 videtur
698 2712 875 2747 Epiphanius.

93 2745 178 2772 Vertit
189 2747 275 2781 enim,
287 2747 357 2773 omni
365 2752 459 2781 creata?
470 2745 573 2773 natura:
583 2745 813 2781 impersertitabili.
824 2750 875 2774 etc.

127 2781 183 2815 (55)
203 2780 329 2808 Πάντων
350 2782 404 2816 γὰρ
424 2779 500 2808 εἶναι
519 2782 576 2815 τὴν
598 2779 707 2809 εἰκόνα.
731 2782 760 2809 ln
785 2782 878 2809 codice

93 2814 234 2843 Saviliano
250 2821 278 2843 et
296 2817 323 2843 in
343 2814 461 2844 editione
479 2817 622 2845 Basilicnsi
639 2819 751 2845 verbum
763 2817 878 2844 interse-

93 2851 162 2878 ritur
182 2851 235 2879 hoc
251 2852 343 2884 modo,
369 2853 474 2879 πάντων
492 2853 544 2889 γὰρ
566 2850 634 2879 εἶναι
659 2853 698 2879 δεῖ
719 2852 768 2888 τὴν
788 2852 879 2878 εἰκόνα

924 928 978 948 non
992 928 1135 956 corporum
1153 929 1247 954 more,
1273 930 1320 956 per
1343 922 1491 958 incisiones
1518 927 1564 949 aut
1587 923 1710 950 deﬂuxus

924 967 1100 999 divisionum,
1118 968 1346 1002 quemadmodum
1366 967 1484 995 Sabellio
1497 969 1604 995 videtur
1620 973 1647 996 et
1658 969 1710 995 Va-

924 1013 1041 1045 lentino,
1069 1013 1115 1040 sed
1145 1013 1328 1048 inexplicabili
1348 1018 1373 1041 et
1397 1014 1573 1042 inenarrabili
1592 1015 1709 1050 quodam

924 1059 1015 1092 modo,
1037 1059 1115 1094 juxta
1132 1060 1270 1094 propheta:
1286 1060 1367 1087 verba
1388 1059 1411 1075 '°
1429 1068 1489 1095 qua:
1514 1069 1596 1095 supra
1614 1062 1711 1088 retuli-

925 1113 984 1133 mus
1003 1116 1008 1132 :
1026 1105 1223 1132 Generationem
1253 1105 1308 1140 ejus
1341 1106 1398 1140 quis
1425 1106 1581 1133 enarrabit?
1607 1106 1711 1141 Quippe

925 1158 986 1177 eum
1003 1151 1062 1185 ejus
1076 1151 1279 1178 subsistentiam
1300 1151 1372 1177 nulla
1390 1151 1513 1178 mortalis
1528 1155 1625 1177 natura
1648 1159 1709 1186 per-

925 1197 1059 1231 vestigare
1072 1196 1168 1231 possit,
1181 1196 1252 1223 sicut
1270 1203 1319 1223 nec
1334 1195 1413 1223 Pater
1429 1196 1463 1223 ab
1480 1196 1534 1223 ullo
1554 1196 1710 1231 investigari

925 1243 1034 1274 potest;
1054 1243 1197 1275 propterea
1226 1240 1298 1275 quod
1321 1241 1462 1267 rationalis
1480 1246 1575 1268 natura
1600 1242 1710 1268 modum

925 1286 1023 1313 divina:
1038 1287 1111 1314 illius
1124 1294 1156 1313 ex
1168 1286 1247 1314 Patre
1264 1287 1447 1322 generationis
1463 1288 1601 1322 percipere
1621 1287 1711 1315 haud-

925 1340 1062 1368 quaquam
1079 1333 1160 1359 valet.
1177 1332 1277 1360 Verum
1295 1333 1419 1360 homines
1434 1333 1479 1368 qui
1497 1332 1599 1368 Spiritu
1611 1335 1711 1361 verita-

926 1379 961 1406 tis
978 1384 1135 1411 moventur,
1157 1387 1211 1407 non
1237 1387 1305 1413 opus
1321 1379 1422 1406 habent
1437 1379 1488 1407 ista
1503 1388 1517 1406 a
1533 1388 1576 1407 me
1589 1375 1710 1413 discere,

926 1433 987 1452 eum
1006 1426 1117 1452 auribus
1141 1426 1242 1452 nostris
1274 1426 1400 1452 insouent
1419 1427 1497 1453 verba
1523 1427 1577 1461 jam
1607 1427 1669 1454 olim
1697 1437 1710 1453 a

926 1470 1035 1498 Christo
1050 1470 1099 1497 hac
1115 1471 1147 1498 de
1160 1480 1188 1498 re
1206 1472 1323 1506 prolata,
1336 1479 1440 1506 nosque
1456 1472 1491 1498 ita
1505 1473 1618 1499 doceant
1631 1482 1638 1500 :
1658 1472 1712 1499 Ne-

927 1525 968 1542 mo
986 1518 1055 1543 novit
1071 1517 1179 1543 Patrem
1194 1518 1246 1544 nisi
1264 1517 1360 1549 Filius,
1377 1525 1401 1545 et
1414 1526 1487 1545 nemo
1504 1519 1573 1545 novit
1595 1519 1652 1553 quis
1678 1520 1711 1545 sit

928 1562 1015 1589 Filius
1031 1563 1081 1589 nisi
1100 1563 1180 1589 Pater
1199 1562 1230 1590 ³¹.
1250 1562 1326 1590 llunc
1342 1563 1529 1590 conversionis
1544 1571 1575 1590 ac
1588 1564 1712 1591 mutatio-

928 1610 970 1636 nis
984 1613 1121 1643 expertem
1141 1609 1252 1643 perinde
1267 1616 1296 1636 ac
1319 1609 1435 1641 l’atrcm,
1453 1609 1554 1637 nullius
1577 1614 1711 1644 egentem,

927 1660 953 1681 ct
969 1654 1117 1689 perfectum
1130 1654 1238 1687 Filium,
1252 1654 1393 1689 Patrisque
1409 1655 1522 1683 similem
1536 1663 1597 1683 esse
1611 1655 1707 1682 didici-

928 1708 998 1732 mus,
1015 1701 1066 1727 hoc
1083 1701 1141 1728 solo
1154 1700 1310 1728 inferiorem
1321 1700 1410 1733 Patre,
1423 1700 1497 1735 quod
1515 1701 1711 1736 ingenitusnon

926 1750 976 1774 cst.
997 1746 1043 1774 Est
1053 1747 1126 1774 enim
1146 1746 1234 1782 imago
1250 1746 1339 1774 Patris
1355 1747 1531 1774 exactissima
1545 1751 1572 1775 et
1593 1748 1619 1774 in
1637 1748 1711 1783 nullo

927 1793 1095 1828 discrepans.
1110 1793 1215 1828 Quippe
1230 1794 1323 1828 liquet,
1340 1801 1402 1821 cum
1420 1794 1566 1828 imaginem
1578 1802 1638 1821 esse
1654 1794 1709 1829 ple-

927 1845 962 1864 ne
977 1839 1067 1865 omnia
1083 1839 1277 1871 contiuentem,
1292 1839 1391 1873 quibus
1420 1839 1537 1866 maxima
1564 1839 1713 1867 similitudo

928 1883 1098 1915 declaratur,
1114 1884 1185 1912 sicut
1206 1884 1264 1919 ipse
1277 1884 1407 1911 Dominus
1431 1884 1541 1916 docuit,
1568 1892 1630 1911 eum
1652 1885 1688 1911 ait
1705 1895 1711 1912 :

929 1929 1010 1956 Pater
1024 1930 1111 1964 major
1127 1938 1166 1957 me
1179 1935 1218 1957 est
1231 1930 1262 1956 δ’.
1289 1929 1321 1957 Et
1347 1931 1495 1958 secundum
1520 1930 1571 1957 hoc
1585 1929 1683 1957 Filium
1698 1938 1714 1958 e

928 1975 1008 2003 Patre
1022 1984 1129 2011 semper
1143 1976 1277 2004 exsistere
1294 1976 1442 2004 credimus.
1460 1976 1507 2003 Est
1533 1977 1605 2004 enim
1627 1976 1714 2011 spten-

928 2022 977 2049 dor
988 2027 1106 2057 paterna:
1120 2023 1221 2058 gloriae,
1236 2029 1260 2050 et
1272 2024 1358 2058 ﬁgura
1372 2024 1527 2050 substantia:
1540 2023 1596 2058 ejus
1609 2023 1642 2050 ³³.
1660 2022 1715 2050 Sed

929 2076 1009 2095 nemo
1034 2076 1094 2096 eam
1120 2076 1213 2096 vocem
1241 2077 1342 2103 semper
1363 2070 1396 2097 ad
1414 2069 1596 2104 suspicionem
1624 2069 1714 2096 trahat

929 2114 1055 2148 lngeniti,
1074 2114 1144 2141 sicut
1160 2114 1316 2142 existimant
1338 2115 1356 2142 ii
1383 2115 1429 2149 qui
1451 2122 1550 2142 sensus
1565 2114 1648 2141 animi
1665 2115 1715 2142 ob-

930 2164 1044 2186 cwcatos
1059 2160 1169 2187 habent.
1189 2160 1256 2187 Nam
1278 2169 1328 2187 nec
1347 2161 1459 2187 verbum
1476 2164 1546 2191 erat,
1578 2167 1628 2186 nec
1644 2167 1714 2186 sent--

929 2213 983 2238 per,
997 2213 1047 2232 nec
1060 2211 1120 2232 ante
1132 2206 1230 2233 swcula
1248 2206 1317 2233 idem
1334 2209 1376 2232 est
1391 2205 1463 2240 quod
1479 2205 1641 2239 lngenitum.
1658 2204 1712 2231 Sed

931 2258 1018 2285 neque
1035 2250 1108 2277 aliud
1131 2251 1216 2277 ullum
1233 2251 1395 2278 vocabulum
1415 2249 1531 2276 humana
1548 2256 1623 2276 mens
1639 2256 1715 2275 eom-

932 2297 1039 2323 minisci
1057 2300 1145 2331 potest
1158 2297 1231 2331 quod
1246 2297 1379 2332 signiticet
1394 2296 1552 2331 ingenitum.
1576 2296 1664 2330 Atque
1676 2296 1714 2322 ita

931 2351 980 2371 vos
996 2344 1146 2379 intelligere
1163 2344 1262 2377 credo,
1289 2350 1432 2378 vestroque
1467 2344 1493 2370 in
1519 2343 1646 2369 omnibus
1673 2350 1717 2369 re-

379 2420 401 2435 "
416 2420 471 2448 Isa.
485 2428 543 2452 Llll,
553 2421 580 2449 8.
619 2422 639 2436 ³¹
656 2421 754 2449 ΜαιιΙι.
771 2430 808 2453 χι,
823 2422 866 2449 27.

927 2425 929 2438 ί
946 2422 1026 2449 Juan.
1041 2428 1095 2454 xtv,
1108 2422 1152 2449 28.
1193 2422 1214 2437 ³³
1232 2422 1310 2450 Ilebr.
1331 2431 1349 2454 1,
1369 2423 1394 2448 5.

934 2505 1035 2539 πλήρη.
1052 2504 1138 2538 Atque
1154 2505 1189 2531 ita
1205 2505 1302 2539 legisse
1319 2505 1425 2531 videtur
1444 2502 1610 2538 Epiphanius
1629 2501 1714 2528 Scho-

934 2540 1055 2566 lasticus.
1072 2539 1118 2566 Sic
1130 2540 1201 2567 enim
1219 2541 1309 2570 vertit,
1333 2544 1357 2566 et
1375 2540 1479 2566 omnino
1496 2539 1635 2573 imaginem
1650 2545 1713 2563 con-

933 2575 999 2612 venit
1015 2575 1192 2612 esseqplenatn
1210 2583 1320 2612 eurttnt,_
1331 2583 1376 2609 per
1392 2582 1450 2609 qua;
1466 2583 1517 2612 non
1528 2572 1714 2612 absitaliquid

934 2609 965 2636 ab
986 2609 1136 2644 wqualitate
1150 2610 1206 2643 ejus
1222 2610 1296 2644 cujus
1312 2608 1401 2644 imago
1416 2614 1464 2636 est.
1483 2609 1533 2636 Sed
1550 2613 1575 2636 et
1589 2608 1714 2635 Christo-

933 2645 1087 2679 phorsonus
1107 2644 1229 2671 eamdem
1246 2645 1408 2678 scripturam
1431 2644 1463 2670 in’
1477 2645 1553 2672 libris
1568 2644 1625 2671 suis
1638 2651 1715 2678 repe-

933 2683 1016 2709 rerat,
1033 2680 1084 2707 nisi
1100 2680 1173 2714 quod
1183 2679 1237 2705 δεῖν
1249 2680 1275 2706 in
1287 2680 1341 2706 illis
1351 2680 1553 2712 exemplaribus
1565 2679 1713 2712 legebatur,

932 2715 1028 2742 melius
1041 2715 1165 2742 fortasse.
1183 2714 1310 2741 Refertur
1322 2716 1393 2741 enim
1407 2715 1440 2740 ad
1456 2722 1548 2741 vocem
1563 2714 1641 2748 δῆλον
1655 2722 1715 2748 qua:

932 2751 1065 2785 sequitur.
1083 2750 1159 2782 Quod
1178 2751 1200 2777 si
1216 2750 1255 2775 δεῖ
1271 2750 1358 2784 legere
1373 2750 1510 2785 malimus,
1526 2753 1582 2785 t_um
1594 2750 1700 2785 scriheu

932 2783 996 2812 dum
1016 2786 1068 2812 erit
1080 2785 1215 2820 δηλοῦται,
1234 2790 1261 2812 ut
1274 2783 1371 2820 legitur
1386 2785 1412 2811 in
1424 2784 1517 2811 codice
1531 2783 1631 2811 Leonis
1647 2784 1716 2810 Αιιλς

933 2822 972 2853 tii,
992 2829 1040 2856 pro
1056 2821 1142 2857 δῆλον.
