1911 3073
227 115 278 144 56'!

784 111 812 138 S.
832 111 1031 138 ALEXAND!“
1052 109 1285 138 ALEXANDRINI

1802 105 1854 136 $68

228 176 272 197 cto
294 169 420 198 consilio‘
434 176 466 198 ac
489 169 630 204 proposito
656 167 773 200 conﬁdo,
794 168 998 204 quandoquiden

1062 168 1144 195 οἱονεὶ
1164 167 1267 202 χρόνων
1286 164 1356 193 εἶναι
1380 166 1547 202 παρέκτασις
1562 165 1649 193 ταῦτα
1669 165 1703 192 τά
1721 165 1852 201 ὀνόματα,

228 219 284 246 haec
296 217 378 245 verba
392 216 549 243 nullatenus
562 215 712 250 ingenitum
727 215 890 251 signiﬁcant.
907 215 1012 243 Etenim

226 265 284 291 haec
296 263 379 290 verba
390 261 459 289 nihil
473 261 547 288 aliud
561 261 688 288 videnlur
710 269 772 289 esse
785 269 866 296 quam
883 261 1013 296 temporis

228 309 370 345 productio
387 319 393 336 :
412 309 460 336 sed
477 307 646 336 divinitatem
659 328 668 340 ,
683 311 709 335 et
725 308 803 343 quasi
826 308 1012 343 antiquitatem

227 355 363 390 Unigeniti
378 362 428 390 pro
444 354 575 390 dignitate
596 353 749 389 exprimere
771 361 825 380 non
840 359 956 389 possunt
971 363 978 381 :
997 362 1012 381 a

226 401 327 429 sanctis
344 404 435 428 autem
451 399 519 428 viris
534 399 640 435 prolata
652 403 732 432 sunt,
749 398 813 427 dum
837 400 935 434 singuli
960 400 1012 427 hoc

226 447 382 482 mysterium
398 454 448 482 pro
461 451 543 482 captu
566 454 616 474 suo
632 446 756 474 nituntur
777 446 943 482 exprimere,
965 454 1012 474 ve-

225 493 297 520 niam
310 496 433 528 petentes
451 492 485 520 ab
499 492 680 523 auditoribus,
697 499 757 520 cum
773 491 848 527 justa
866 499 897 519 ac
912 492 1012 527 proha-

225 538 270 565 bili
286 538 462 566 excusatione
484 537 619 566 dicendo:
638 537 698 565 Huc
726 545 813 573 usque
837 538 1009 572 pertigimus.

208 584 300 618 ~Quod
316 584 338 612 si
353 584 399 619 qui
425 588 504 615 sunt.
524 584 570 619 qui
595 583 629 611 ab
655 591 702 612 ore
730 583 837 611 mortali
851 591 944 611 vocem
961 584 1010 611 ali-

223 637 304 664 quam
318 634 476 665 exspectent
491 630 708 665 prazstantiorem
726 630 846 657 humano
860 638 942 658 sensu
964 638 1009 658 ca-

224 678 335 710 ptuque,
349 675 449 703 abolita
463 683 534 708 esse,
544 676 676 710 dicentes,
687 683 718 703 ea
732 683 793 711 quae
807 675 874 711 ipsis
887 684 920 704 ex
932 681 1009 712 parte

223 724 287 748 sunt
301 722 426 757 cognita;
451 722 532 758 longe
562 721 684 757 profecto
701 721 816 750 inferius
836 726 878 750 est
899 722 1008 750 illorum

222 774 270 802 spe
284 770 366 803 atque
379 769 583 803 exspectatione
602 768 715 796 verbum
730 774 799 800 erat,
816 771 843 795 et
858 777 969 804 semper,
981 773 1008 797 ct

222 816 281 839 ante
299 813 406 840 δικαία.
427 813 459 840 Εῑ
474 813 606 849 quidquid
619 813 728 842 tandem
753 815 889 849 prolatum
903 813 1005 848 fuerit,

221 867 276 887 non
291 859 363 887 idem
386 864 428 888 est
448 868 511 888 cum
537 861 670 896 Ingenito.
689 860 783 896 Itaque
805 860 880 888 Patri
897 861 1006 896 quidem
1022 854 1043 882 Β

220 904 340 940 ingenito
353 907 490 942 propriam
509 905 670 942 dignitatem
685 914 794 935 servare
811 911 928 942 oportet,
944 907 1007 934 nul-

219 951 273 978 lam
285 959 346 979 eum
365 952 463 980 habere
479 952 646 981 exsistentite
663 960 719 981 sum
744 960 854 981 causam
877 953 1006 988 proﬁten-

218 996 273 1024 do:
290 997 359 1026 Filio
384 1007 448 1027 vero
468 1003 626 1034 competens
650 1000 738 1028 honor
763 1000 922 1028 tribuendus
945 1004 1004 1033 est,

217 1043 352 1079 principio
364 1050 502 1072 carentem
518 1053 551 1073 ex
567 1045 648 1073 Patre
669 1046 872 1081 generationem
896 1047 920 1074 ei
935 1047 1006 1075 assi-

216 1089 335 1124 gnando,
351 1090 510 1125 cultumque
538 1091 573 1123 ei,
589 1091 660 1119 sicut
687 1091 816 1124 diximus,
831 1093 1003 1127 exhibendo;

215 1134 251 1162 ita
271 1138 301 1162 ut
315 1136 503 1163 tantummodo
514 1142 582 1169 erat,
598 1143 625 1165 et
639 1145 749 1172 semper,
771 1142 798 1165 et
813 1143 873 1165 ante
890 1139 1002 1173 multa,

215 1180 258 1215 pie
285 1187 317 1208 ac
339 1181 466 1216 religiose
491 1181 525 1209 de
544 1182 590 1209 illo
616 1182 814 1217 prmdicemus:
832 1183 1003 1212 divinitatem

214 1226 324 1261 quidem
351 1227 411 1263 ejus
430 1235 602 1264 nequaquam
631 1229 804 1264 rejicientes,
829 1229 876 1257 sed
891 1230 1002 1265 imagini

213 1275 295 1308 atque
316 1274 465 1309 exemplari
480 1273 570 1302 Patris
591 1274 800 1310 respondentem
826 1275 853 1302 in
875 1277 1002 1305 omnibus

213 1318 419 1347 similitudinem
433 1321 458 1348 ei
484 1321 663 1350 ascribentes.
695 1320 788 1359 Solum
816 1330 881 1351 vero
897 1323 1002 1359 ingeni-

211 1369 270 1391 tum
286 1364 375 1393 Patris
389 1366 528 1401 proprium
558 1374 618 1394 esse
640 1367 782 1400 dicamus,
811 1376 873 1396 cum
891 1373 918 1397 et
943 1370 1002 1404 ipse

214 1409 343 1438 Servator
363 1411 463 1439 dixerit
487 1411 530 1439 “z
547 1412 630 1439 Pater
658 1413 744 1448 major
770 1423 810 1442 me
825 1419 873 1442 est.
898 1414 1000 1444 Praeter

213 1455 284 1482 hanc
300 1460 390 1483 autem
415 1457 487 1492 piam
514 1458 547 1486 de
567 1458 648 1486 Patre
678 1463 705 1487 et
730 1459 798 1488 Filio
814 1462 996 1494 sententiam,

213 1509 297 1529 unum
313 1501 424 1538 insuper
440 1502 569 1538 Spiritum
587 1509 730 1538 sanctum,
752 1509 783 1533 ut
806 1506 905 1534 divinae
922 1507 996 1535 Scri-

212 1551 298 1582 pturae
314 1556 363 1577 nos
383 1549 491 1584 docent,
504 1551 684 1585 conﬁtemur;
700 1553 746 1587 qui
771 1557 798 1580 et
822 1557 932 1581 sanctos
947 1554 995 1582 ho-

211 1594 299 1622 mines
313 1594 418 1624 Veteris
435 1595 612 1629 Testamcnti,
630 1601 656 1624 et
669 1597 777 1626 divinos
787 1597 911 1627 doctores
936 1600 995 1635 ejus

211 1639 283 1674 quod
298 1639 403 1667 Novum
418 1641 579 1676 appellatur,
596 1641 744 1670 innovavit.
762 1642 848 1670 Unam
864 1648 994 1679 praetcrea

210 1691 243 1711 ac
255 1685 342 1712 solam
353 1686 523 1718 catholicam,
549 1688 723 1723 apostolicam
749 1688 916 1717 Ecclesium:
934 1697 994 1725 quae

210 1737 318 1766 semper
332 1731 438 1766 quidem
458 1732 676 1768 inexpugnabilis
691 1737 733 1762 est
744 1754 751 1767 ,
767 1734 830 1762 licet
849 1735 993 1763 universus

208 1775 283 1804 orbis
302 1783 361 1804 eam
375 1782 531 1813 oppugnet:
546 1779 645 1806 victrix
666 1784 755 1807 autem
773 1784 815 1807 est
830 1781 919 1808 omnis
941 1781 994 1808 im-

208 1821 259 1855 piae
283 1821 411 1850 factionis
439 1823 648 1857 haereticorum,
678 1826 724 1860 qui
750 1826 880 1854 adversus
907 1827 993 1862 ipsam

208 1872 386 1904 consurgunt.
402 1869 508 1905 Quippe
525 1870 649 1905 Sponsus
664 1871 737 1908 illius
753 1873 858 1901 animos
884 1877 992 1901 nostros

208 1913 380 1942 conﬁrmavit
389 1915 545 1943 hisverbis:
560 1915 699 1951 Canﬁdite,
707 1926 752 1953 ego
766 1919 815 1946 vici
825 1919 949 1946 mundum
958 1921 990 1946 ³⁸.

207 1958 249 1986 Ad
279 1960 335 1988 hac
377 1962 503 1990 novimus
542 1964 769 1992 resurrectionem
805 1969 993 2000 mortuorum;

207 2004 286 2037 cujus
303 2006 429 2040 primitiae
439 2006 489 2034 fuit
505 2007 635 2037 Dominus
652 2014 744 2038 noster
759 2010 839 2038 Jesus
854 2011 992 2045 Christus,

207 2049 254 2084 qui
269 2057 378 2078 carnem
399 2060 492 2081 revera
507 2054 633 2088 gestavit,
650 2063 704 2082 non
721 2056 779 2083 sola
798 2058 898 2093 specie,
917 2066 992 2086 sum-

206 2097 282 2129 ptam
299 2103 330 2123 ex
345 2095 430 2124 Maria
445 2097 559 2133 Deipara
573 2109 578 2127 :
597 2100 642 2134 qui
659 2101 687 2128 in
703 2101 755 2130 ﬁne
768 2104 941 2137 saeculorum,
962 2109 992 2132 ut

1064 214 1114 249 τὴν
1130 213 1221 248 μέντοι
1238 213 1297 240 κατ’
1313 213 1391 246 ἀξίαν
1405 212 1452 239 τοῦ
1475 212 1644 247 Μονογενοῦς
1662 212 1788 247 θεότητα,
1806 213 1851 238 καὶ

1063 257 1119 286 οἷον
1129 259 1296 296 ἀρχαιότητα
1308 259 1449 295 σημαίνειν
1461 259 1497 295 μὴ
1508 259 1653 294 δυνάμενα·
1665 257 1718 284 τῶν
1727 258 1756 284 δὲ
1767 258 1851 292 ἁγίων

1063 306 1168 341 ἀνδρῶν
1189 306 1227 338 ὼς
1241 306 1356 340 δύναμις
1372 305 1479 340 ἑκάστῳ
1497 305 1644 341 ἐμφανίσαι
1658 304 1688 331 τὺ
1703 305 1850 340 μυστήριον

1064 351 1241 387 βιαζομένων,
1269 351 1315 379 καὶ
1339 351 1503 387 συγγνώμην
1525 349 1671 377 αἰτούντων
1696 349 1773 385 παρά
1797 349 1850 376 τῶν

1062 398 1205 434 ἀκροατῶν
1219 399 1252 425 δι’
1267 398 1378 433 εὐλόγου
1391 398 1549 432 ἀπολογίας,
1563 397 1675 434 (sane
1687 397 1733 423 τοῦ
1749 397 1846 431 λέγειν·

1062 445 1108 477 El;
1126 444 1144 471 ἃ
1160 444 1327 480 ἐφθάσαμεν.
1346 444 1377 471 Ei
1391 444 1421 471 δέ
1434 453 1462 471 τι
1476 444 1551 480 παρὰ
1567 444 1597 470 τὸ
1611 442 1791 478 ἀνθρώπινον,
1805 442 1847 469 διὰ

1061 491 1172 526 χειλέων
1190 491 1302 527 φθέγμα
1314 489 1404 526 μεῖζόν
1418 499 1444 517 τι
1460 489 1645 527 προσδοκῶσιν
1656 490 1681 516 οἱ
1695 489 1801 525 ἄνδρες,
1814 489 1847 515 τά

1061 538 1094 564 ὲκ
1107 538 1206 573 μέρους
1220 537 1312 569 αὐτοῖς
1327 537 1509 573 γνωρισθέντα
1523 536 1578 572 (57)
1597 535 1793 571 καταργεῖσθαι
1805 534 1847 561 λέ-

1059 592 1164 618 γοντες,
1181 583 1259 619 δῆλον
1282 585 1323 610 ὅτι
1344 583 1410 610 πολὺ
1427 582 1474 610 τοῦ
1489 582 1664 617 ἐλπιζομένου
1679 581 1805 608 λείπεται
1817 581 1846 607 τὸ

1059 629 1109 663 ἦν,
1126 629 1174 656 καὶ
1195 629 1226 655 τὺ
1242 629 1297 661 ἀεὶ,
1315 629 1362 656 καὶ
1382 629 1413 655 τὸ
1428 628 1486 663 πρὸ
1505 629 1627 656 αἰῶνι-η’·
1643 628 1711 663 ὅπερ
1729 627 1750 654 δ’
1768 627 1801 654 ἂν
1817 625 1844 664 ᾗ,

1059 676 1109 702 οὐκ
1123 675 1180 702 ἐστι
1193 675 1290 702 ταύτὸν
1303 675 1342 710 τῷ
1363 675 1524 711 Ἀγεννήτῳ.
1537 673 1642 701 Οὐκοῦν
1655 674 1694 709 τῷ
1707 674 1756 709 μὲν
1765 673 1846 707 ἀγεν-

1059 722 1130 758 νήτῳ
1147 721 1243 758 Πατρὶ,
1267 723 1364 748 οἰκεῖον
1382 721 1489 757 ἀξίωμα
1508 721 1666 756 φυλακτέον,
1683 720 1785 755 μηδένα
1798 718 1844 746 τοῦ

1059 767 1126 795 εἶναι
1143 768 1216 804 αὑτῷ
1228 769 1275 796 τὸν
1289 768 1374 795 αἴτιον
1383 767 1521 802 λέγοντας·
1534 767 1573 802 τῷ
1585 767 1613 793 δὲ
1628 766 1683 802 Titii
1693 766 1742 802 τὴν
1757 766 1845 801 ἁρμό-

1059 813 1156 846 ζουσαν
1173 814 1255 850 τιμὴν
1270 813 1465 849 ἀπονεμητέον,
1485 813 1533 849 τὴν
1548 813 1663 849 ἄναρχον
1679 812 1754 848 αὑτῷ
1769 811 1845 848 παρὰ

1058 859 1103 886 τοῦ
1126 860 1232 896 Πατρὸς
1255 860 1381 896 γέννησιν
1398 859 1582 890 ἀνατιθέντας,
1597 859 1645 885 καὶ
1663 858 1701 890 ὡς
1722 857 1844 892 ἐφθάσα-

1058 914 1118 941 μεν,
1139 905 1213 941 αὐτῷ
1236 905 1317 938 σέὸας
1339 905 1537 941 ἀπονέμοντες,
1563 905 1641 940 μόνον
1657 904 1777 936 εὐσεϐῶς
1796 904 1843 931 καὶ

1056 951 1186 987 εὐφήμως
1199 950 1230 977 τὸ
1246 948 1296 986 ἦν,
1311 950 1358 977 καὶ
1375 950 1405 976 τὸ
1418 949 1474 982 ἀεὶ,
1487 949 1534 976 καὶ
1550 949 1580 976 τὸ
1596 949 1652 983 πρὸ
1667 948 1784 976 ultimm-
1800 949 1843 976 λέ-

1055 1005 1149 1032 γοντες
1161 998 1204 1024 ἐπ’
1221 997 1312 1024 αὐτοῦ·
1324 998 1373 1034 τὴν
1390 998 1480 1033 μέντοι
1494 997 1609 1033 θεότητα
1623 997 1705 1024 αὐτοῦ
1718 997 1755 1033 μὴ
1772 1006 1842 1033 παρ-

1054 1046 1219 1081 αιτούμενοι,
1241 1045 1309 1073 ἀλλά
1327 1047 1360 1082 τῇ
1383 1046 1466 1073 εἰκόνι
1488 1045 1535 1072 καὶ
1559 1045 1598 1080 τῷ
1617 1046 1769 1081 χαρακτῆρι
1795 1045 1841 1072 τοῦ

1053 1092 1159 1128 Πατρὺς
1173 1091 1405 1128 ἀπηκριϐωμένην
1417 1091 1565 1127 ἐμφέρειαν
1582 1091 1653 1118 κατά
1668 1091 1757 1118 πάντα
1773 1091 1840 1118 ἀνα-

1040 1138 1181 1170 ·τιθέντες.
1194 1138 1231 1164 Τὸ
1241 1138 1269 1164 δὲ
1279 1138 1425 1173 ἀγέννητον
1438 1137 1477 1172 τῷ
1487 1138 1574 1173 Πατρὶ
1587 1137 1666 1173 μόνον
1679 1136 1839 1173 ἰδίωμα(58)

1054 1186 1179 1221 παρεῖναι
1193 1184 1358 1217 δοξάζοντες,
1376 1183 1423 1211 ἅτε
1435 1183 1464 1210 δὲ
1475 1185 1522 1211 καὶ
1531 1183 1613 1211 αὑτοῦ
1628 1184 1777 1219 φάσκοντος
1793 1183 1839 1210 τοῦ

1052 1229 1188 1265 Σωτῆρος·
1209 1230 1240 1256 '0
1255 1229 1355 1264 Πατήρ
1368 1237 1428 1264 μου
1441 1228 1547 1264 μείζων
1559 1237 1620 1264 μου
1635 1229 1710 1257 ἐστι.
1725 1228 1798 1263 Πρὸς
1811 1228 1839 1255 δὲ

1051 1277 1083 1311 τῇ
1099 1275 1206 1301 εὐσεϐεῖ
1216 1276 1302 1312 ταύτῃ
1318 1275 1381 1309 περὶ
1395 1275 1502 1310 Πατρὸς
1519 1275 1566 1301 καὶ
1581 1274 1645 1301 Υίοῦ
1660 1273 1734 1310 δόξῃ,
1747 1273 1840 1306 καθὼς

1051 1321 1124 1356 ἡμᾶς
1145 1321 1173 1347 αἱ
1188 1321 1256 1348 θεῖαι
1271 1321 1378 1357 Γραφαὶ
1390 1320 1568 1353 διδάσκουσιν,
1588 1320 1617 1347 ἓν
1632 1319 1745 1356 Πνεῦμα
1761 1320 1839 1354 ἄγων

1049 1368 1244 1404 ὁμολογοῦμεν,
1261 1368 1290 1395 τὸ
1305 1368 1430 1395 καινίσαν
1444 1367 1500 1403 (59)
1521 1367 1583 1399 τούς
1599 1375 1629 1394 τε
1647 1368 1696 1403 τῆς
1716 1367 1838 1399 unus;

1049 1415 1185 1451 Διαθήκης
1203 1415 1296 1450 ἁγίους
1316 1414 1483 1451 ἀνθρώπους,
1501 1415 1548 1441 καὶ
1563 1414 1626 1446 τοὺς
1639 1414 1689 1449 τῆς
1702 1422 1838 1450 χρηματι-

1050 1460 1149 1496 ζούσης
1172 1461 1276 1497 Καινῆς
1303 1461 1449 1493 παιδευτὰς
1474 1461 1572 1493 θείους.
1589 1461 1661 1488 Μίαν
1687 1461 1735 1488 καὶ
1753 1461 1837 1496 μόνην

1048 1507 1206 1543 καθολικὴν,
1227 1508 1277 1544 τὴν
1298 1507 1478 1542 ἀποστολικὴν
1500 1507 1671 1542 Ἐκκλησίαν·
1689 1507 1837 1542 ἀκαθαίρε-

1047 1563 1093 1581 τον
1111 1553 1161 1589 μὲν
1175 1554 1228 1586 ἀεὶ,
1250 1553 1302 1580 κᾶν
1322 1554 1376 1586 πᾶς
1394 1554 1408 1580 ὁ
1424 1554 1525 1588 κόσμος
1539 1554 1607 1589 αὐτῇ
1624 1552 1753 1588 πολεμεῖν
1773 1553 1834 1588 βου-

1048 1598 1230 1635 λεύηται(40)·
1245 1598 1390 1636 νικηφόρον
1401 1598 1431 1625 δὲ
1441 1599 1531 1634 πάσης
1544 1598 1593 1633 τῆς
1605 1597 1658 1624 τῶν
1673 1598 1835 1633 ἑτεροδόξων

1049 1645 1234 1681 ἀσεϐεστάτης
1257 1645 1475 1677 ἐπαναστάσεως,
1496 1644 1638 1680 εὐθαρσεῖς
1657 1644 1732 1680 ἡμᾶς
1750 1653 1834 1671 κατα-

1047 1690 1229 1723 σκευάσαντος
1242 1690 1297 1727 (41)
1314 1690 1360 1718 τοῦ
1385 1690 1578 1717 Οἰκοδεσπότου
1600 1689 1695 1725 αὐτῆς,
1717 1691 1763 1717 διὰ
1787 1690 1833 1717 τοῦ

1049 1737 1122 1773 βοᾷν’
1140 1737 1290 1771 Θαρσεῖτε,
1311 1737 1368 1772 ἐγὼ
1381 1737 1525 1771 νενίκηκα
1538 1736 1591 1764 τὸν
1607 1737 1732 1772 κόσμον.
1755 1737 1832 1763 Μετά

1047 1785 1124 1812 τοῦτο
1141 1785 1190 1820 τὴν
1205 1786 1237 1811 ὲκ
1258 1785 1362 1820 νεκρῶν
1378 1785 1523 1812 ἀνάστασιν
1537 1784 1657 1820 οἵδαμεψ
1673 1781 1706 1819 ἧς
1720 1784 1831 1820 ἀπαρχὴ

1046 1830 1156 1866 γέγονεν
1170 1832 1184 1858 ὁ
1201 1831 1304 1867 Κύριος
1319 1831 1396 1867 ἡμῶν
1419 1830 1521 1867 Ἰησοῦς
1534 1830 1662 1866 Χριστὸς,
1681 1830 1762 1866 σῶμα
1782 1840 1830 1865 φο-

1046 1875 1127 1912 ρέσας
1143 1876 1251 1912 ἀληθῶς
1266 1876 1312 1902 καὶ
1325 1877 1355 1903 οὺ
1369 1876 1486 1912 δοκήσει,
1507 1877 1539 1903 ὲκ
1551 1876 1602 1911 τῆς
1617 1876 1749 1902 Θεοτόκου
1771 1876 1831 1902 Μα-

1046 1920 1115 1956 ρίας,
1134 1921 1180 1948 ἐπὶ
1197 1922 1334 1958 συντελείᾳ
1352 1922 1405 1949 τῶν
1424 1922 1529 1950 αἰώνων
1544 1923 1584 1954 εἰς
1597 1922 1727 1958 ἀθέτησιν
1741 1922 1830 1958 ἀμαρ-

1043 1965 1103 1999 τίας
1115 1967 1285 2004 ἐπιδημήσας
1303 1967 1342 2003 τῷ
1361 1968 1433 2002 γένει
1453 1968 1506 1994 τῶν
1523 1968 1684 2004 ἀνθρώπων,
1704 1975 1828 2003 σταυρω-

1042 2013 1099 2045 θεὶς
1120 2014 1167 2040 καὶ
1183 2014 1335 2047 ἀποθανὼν,
1360 2014 1415 2042 ἀλλ’
1433 2015 1463 2041 οὐ
1485 2015 1529 2042 διὰ
1548 2014 1634 2041 ταῦτα
1655 2014 1705 2049 τῆς
1731 2013 1827 2040 ἑαυτοῦ

1042 2059 1168 2095 θεότητος
1186 2060 1273 2096 ἥττων
1297 2061 1486 2096 γεγενημένος⁶
1509 2060 1628 2092 ἀναστὰς
1655 2061 1688 2086 ὲκ
1709 2059 1825 2095 νεκρῶν,

1040 2105 1206 2142 ἀναληφθεὶς
1220 2106 1248 2132 ὲν
1263 2106 1397 2142 οὐρανοῖς,
1411 2106 1564 2142 καθήμενος
1583 2106 1612 2133 ὲν
1625 2105 1700 2141 δεξιᾷ
1709 2105 1759 2140 τῆς
1778 2113 1825 2140 με-

205 2145 347 2176 peccatum
367 2142 522 2177 tolleretur,
545 2146 579 2173 ad
598 2146 745 2175 humanum
762 2157 846 2184 genus
862 2150 987 2183 advenit,
1005 2148 1028 2176 D
1040 2151 1208 2188 γαλωσύνης.

205 2190 334 2225 crucique
353 2191 421 2219 lixus
453 2195 480 2219 et
511 2197 635 2222 mortuus
648 2199 706 2223 est:
726 2204 775 2224 nec
797 2201 888 2226 tamen
914 2199 1016 2227 idcirco
1032 2199 1183 2230 divinitatis
1200 2208 1256 2227 sua:
1277 2200 1468 2228 detrimentum
1491 2200 1600 2229 sensit:
1619 2199 1768 2228 suscitatus
1792 2203 1822 2226 ex

205 2239 331 2271 'n0rtuis,
348 2245 503 2275 assumptus
527 2241 555 2268 in
572 2242 682 2275 cmlum,
699 2245 849 2280 sedensque
873 2246 907 2273 ad
931 2247 1069 2275 dexteram
1087 2247 1247 2283 majestatis.

240 2316 263 2332 ³⁸
277 2317 358 2347 Joan.
373 2327 429 2353 xiv,
445 2320 490 2348 28.
530 2321 552 2337 "
567 2321 648 2350 Joan.
663 2331 719 2356 va,
736 2324 780 2352 55.

204 2373 295 2418 ΜΔ(Ξξδ)
309 2376 360 2418 Διά
371 2377 424 2418 τοῦ
439 2377 547 2418 λέγειν·
557 2379 639 2418 Εἱςγᾷ
650 2380 832 2418 ἐφθάσαμεν.
845 2382 894 2409 Hic
908 2384 985 2412 locus

204 2411 241 2434 ita
253 2417 315 2446 cum
330 2411 579 2446 Cbristophorsono
594 2411 741 2444 dilucidius
756 2411 902 2446 vertendus
915 2419 986 2446 vidc-

204 2421 241 2434 ua
253 2421 315 2437 cum
330 2421 439 2439 ωλι-ιδιο
461 2421 579 2442 norsono
594 2421 741 2444 dilucmtus
756 2421 902 2446 vertendus
915 2421 986 2446 vidc-

203 2447 248 2488 tur
262 2445 400 2488 {paternus
426 2421 458 2488 tie)
487 2448 528 2475 his
553 2449 629 2488 repus
658 2451 830 2488 instituimus,
859 2459 986 2488 quatenus

202 2484 295 2525 melng
310 2486 407 2525 gostrw
420 2484 458 2525 vis
470 2485 590 2525 consequi
604 2486 696 2525 Potuit.

236 2515 297 2555 (§'i)_
310 2517 347 2543 Τὰ
407 2518 514 2555 μέρους
529 2515 630 2553 αὺτοῖς
642 2521 850 2555 γνωρισθέντα.
872 2522 900 2549 ln
919 2531 985 2552 mss.

201 2549 451 2589 codiciblts_licgio',
465 2549 601 2582 Allatiano
616 2549 807 2589 et'Saviliano,
830 2549 857 2585 et
879 2559 905 2584 in
920 2549 986 2586 ’éaiL

200 2585 274 2625 tione
293 2585 436 2625 Basiliensi
462 2589 594 2625 scriptum
619 2596 662 2618 est
682 2585 847 2625 γνωσθέντα.
869 2585 982 2621 Videtur

143 2629 147 2632 -
200 2624 292 2664 autem
312 2622 433 2664 alludere
454 2622 607 2664 Alexander
622 2627 654 2664 ad
672 2622 759 2653 locum
774 2627 850 2655 Pauli
865 2629 981 2664 apostoli

200 2654 371 2698 iaMEpistola,
381 2658 469 2692 prima
492 2660 530 2698 ad_
547 2660 682 2698 Corintln.
703 2669 735 2688 ex
754 2654 981 2698 parteﬂcog'riosei:

200 2695 257 2730 inus
280 2695 311 2730 et.
322 2699 359 2730 ea;
369 2698 443 2730 parte
456 2695 648 2728 prop/telamus.
664 2697 702 2723 Ita
717 2695 788 2725 certe
802 2695 981 2727 hunc-locum

200 2726 507 2766 expgtsuitlilpﬂﬂianius
522 2729 718 2759 Scholasticus.

312 2758 459 2800 T@:Hafpl
478 2765 574 2797 μόνον
590 2766 699 2800 ἰδίωμα.
713 2758 750 2793 rln
771 2767 867 2795 codice
881 2768 980 2797 Leonis

313 2791 443 2837 scriptum
464 2791 505 2824 est
524 2791 607 2834 μόνιρξ

199 2832 288 2860 gulam
305 2832 468 2864 scripturam
485 2832 603 2861 tuentur.

1075 2384 1131 2420 (59)
1143 2384 1188 2420 7Tb,
1208 2385 1358 2412 καινίσαν.
1380 2384 1409 2412 ln
1423 2385 1516 2413 codice
1530 2385 1631 2413 Leonis
1646 2385 1738 2413 Allatii
1753 2389 1779 2414 et
1794 2386 1820 2414 in

1037 2419 1160 2456 Regio).
1177 2419 1235 2456 Pini
1252 2421 1383 2456 scriptum
1401 2424 1442 2448 est
1452 2421 1580 2456 κινῆσαν,
1599 2428 1680 2455 quam
1701 2421 1819 2456 scriptu-

1036 2455 1173 2491 ramAlicet
1184 2455 1281 2490 reliqui
1293 2455 1402 2483 codices
1417 2455 1544 2490 refutent,
1557 2455 1628 2483 haud
1643 2460 1734 2483 tamen
1749 2455 1820 2491 sper-

1034 2489 1152 2517 nendam
1165 2495 1240 2524 puto.

1070 2525 1125 2561 (40)
1142 2525 1224 2561 ᾼὺτῇ
1236 2525 1376 2559 πολεμεῖν
1388 2526 1578 2560 βουλεύηται.
1592 2525 1621 2553 In
1632 2526 1817 2561 manuscripto

1035 2559 1129 2596 codice
1145 2559 1250 2596 Saviilii,
1266 2564 1293 2588 et
1304 2561 1331 2587 in
1345 2559 1616 2596 editionciﬂa'siliensi
1631 2562 1763 2596 scriptum
1775 2559 1816 2588 est

1037 2594 1173 2631 βούληται.
1193 2595 1245 2623 Sed
1261 2596 1334 2631 etin
1356 2595 1450 2623 codice
1463 2595 1489 2624 Ι.
1503 2596 1563 2623 Pini
1577 2594 1710 2631 scriptum
1727 2597 1816 2624 inveni

1035 2630 1161 2665 πολεμεῖν
1174 2631 1241 2666 αὐτῇ
1257 2630 1394 2666 βούληται.

1065 2665 1299 2700 (41)Εὺθαρσεῖς
1321 2665 1399 2700 ἡμᾶς
1420 2666 1713 2700 κατασκευάσαντος.
1731 2666 1813 2701 Magis

1031 2700 1118 2736 placet
1129 2701 1275 2736 scriptura,
1291 2709 1371 2736 quam
1387 2701 1414 2727 in
1424 2701 1517 2728 codice
1529 2701 1676 2732 Allatiano.
1689 2705 1716 2729 et
1725 2702 1753 2728 in
1765 2700 1814 2728 Bat-

1028 2735 1132 2762 siliensi
1148 2735 1266 2763 editione
1277 2735 1376 2770 reperi,
1394 2736 1649 2768 κατασκευάζοντος.
1665 2736 1813 2763 Conﬁrmat

1028 2769 1098 2797 hanc
1123 2770 1266 2798 lectionem
1291 2769 1460 2806 Epiphanius
1485 2771 1682 2804 Scholasticus,
1705 2772 1753 2805 qui
1774 2773 1811 2799 sic

1028 2806 1245 2842 vertit,__securos
1260 2813 1313 2842 nos
1336 2806 1446 2842 faciente
1460 2806 1655 2840 patrefamiliaa
1671 2807 1742 2842 ejus,
1759 2812 1808 2834 etc.

1028 2839 1057 2866 in
1073 2840 1167 2868 codice
1182 2841 1246 2868 item
1260 2841 1334 2873 regio
1345 2841 1368 2869 .l.
1387 2841 1448 2869 Pini
1464 2842 1501 2869 ita
1516 2841 1655 2870 scribitur.
