1911 3073
89 119 143 147 569

792 121 813 148 Ε
818 120 972 149 [³15Τοιῶ
977 141 984 148 .

1658 121 1710 149 570

125 175 192 204 XIII.
212 176 307 204 Ταῦτα
319 177 352 204 ἐκ
364 178 462 214 μέρους
477 178 626 214 ἐνεχάραξα
637 180 670 215 τῇ
685 179 823 215 ἐπιστολῇ,
841 188 856 206 τ

909 206 911 210 ,
958 178 1025 206 XIII.
1044 178 1107 208 Haec
1124 187 1157 207 ex
1177 183 1254 215 parte
1277 180 1422 216 perscripsi
1439 180 1466 207 in
1495 179 1547 207 hac
1574 180 1707 215 epistola,

89 223 149 250 καθ’
171 223 287 250 ἕκαστον
307 224 352 250 ἐπ’
372 225 513 260 ἀκριὸείας
536 225 660 261 γράφειν,
679 225 816 261 φορτικὸν,
836 226 874 258 ὡς

88 270 167 304 {gmw
189 267 259 296 εἶναι
282 270 407 305 νομίσας,
429 270 473 297 διὰ
495 271 526 297 τὸ
548 271 615 307 μηδὲ
637 271 685 307 τὴν
705 271 780 306 ἱερὰν
796 271 874 307 ὑμῶν

87 314 174 341 ταῦτα
188 313 330 349 λεληθέναι
345 314 473 350 σπουδήν.
488 315 580 342 Ταῦτα
597 315 767 350 διδάσκομεν,
787 315 873 342 ταῦτα

88 361 268 396 κηρύττομεν.
290 360 383 387 Ταῦτα
402 361 453 396 τῆς
475 361 637 397 Ἑκκλησίας
655 360 690 387 τὰ
708 361 873 388 ἀποστολικά

86 407 219 441 δῡγματα,
233 407 304 442 ὑπὲρ
315 403 353 433 ὧν
363 407 409 433 καὶ
418 406 636 442 ἀποθνήσκομεν,
646 406 701 434 τῶν
710 406 871 442 ἐξόμνυσθαι

86 452 153 478 αὐτὰ
173 451 343 487 βιαζομένων
366 449 447 488 ἦττον
471 452 689 487 πεφροντικότες,
713 453 737 479 εί
758 452 804 479 καὶ
827 452 872 480 διὰ

86 498 210 532 βασάνων
225 497 420 532 ἀναγκάζουσι,
434 497 481 533 τὴν
498 498 526 524 ὲν
541 497 631 529 αὐτοῖς
645 497 739 525 ἐλπίδα
756 497 793 534 μὴ
805 499 872 525 ἀπο-

85 544 273 580 στρεφόμενοι.
304 542 355 571 Ὧν
381 545 495 572 ἐναντίοι
520 545 659 580 γενόμενοι
682 546 705 572 oi
733 545 804 580 ἀμφὶ
825 545 870 572 τὸν

85 591 194 626 ’Ἀρειον
207 591 256 617 καὶ
277 590 399 626 Ἀχιλλᾶν
415 591 462 618 καὶ
474 591 498 617 οἱ
515 590 563 626 τῆς
578 591 705 627 ἀληθείας
721 593 768 618 σὺν
778 591 870 624 αὺτοῖς

82 637 218 672 πολέμιοι,
244 636 426 672 ἀπεώσθησαν
453 637 502 672 τῆς
535 637 707 673 Ἐκκλησίας,
736 637 869 674 ἀλλότριοι

81 683 222 718 γενόμενοι
241 683 293 718 τῆς
308 683 435 715 εὐσεϐοῦς
447 683 526 718 ἡμῶν
541 683 722 716 διδασκαλίας,
741 683 811 711 κατά
824 683 868 710 τὸν

82 729 218 765 μακάριον
232 728 338 755 Παῦλον
352 728 475 763 λέγοντα·
489 729 526 756 El
538 738 582 763 τις
594 728 672 764 ὑμᾶς
686 728 869 764 εὐαγγελίζε-

79 784 124 803 ται
143 776 215 810 παρ’
229 775 245 802 ὃ
260 774 450 810 παρελάϐετε,
463 775 596 810 ἀνάθεμα
610 775 697 809 ἔστω,
712 775 769 802 κᾶν
782 775 868 810 ἀγγε-

77 823 128 855 .Ῑος
145 822 181 854 ἐξ
199 821 330 856 οὐρανοῦ
347 821 423 848 εἶναι
445 822 634 858 προσποιῆται.
660 821 740 848 Ἀλλὰ
754 821 811 854 καὶ,
830 822 868 848 Et

76 877 120 900 τις
149 867 421 902 ἑτεροδιδασκαλεῖ,
447 867 496 894 καὶ
516 867 560 902 μὴ
584 867 778 902 προσέρχεται
804 867 866 900 τοῖς

74 915 249 950 ὑγιαίνουσι
267 914 368 948 λόγοις
388 913 450 946 τοῖς
463 914 516 940 τοῦ
535 914 645 947 Kt'plov
663 913 746 948 ἡμῶν
767 913 864 947 Ἰησοῦ

74 960 219 995 Χριστοῦ,
237 960 286 987 καὶ
300 959 338 994 τῇ
352 960 414 987 κατ’
430 960 587 987 εὐσέϐειαν
601 959 792 993 διδασκαλίῃ,
816 968 862 986 τε-

73 1007 217 1040 τύφωται,
228 1005 326 1041 μηδὲν
336 1007 544 1041 ἐπιστάμενος,
555 1006 601 1032 καὶ
616 1006 648 1032 τὰ
662 1006 734 1040 ἑξῆς.
747 1006 864 1038 Τούτους

73 1050 120 1079 οὖν
133 1051 401 1087 ἀναθεματισθέντας
417 1052 472 1078 ἁπδ
487 1051 538 1087 τῆς
557 1051 745 1086 ἀδελφότητος,
769 1051 863 1086 μηδεὶς

73 1096 151 1131 ὑμῶν
175 1095 304 1130 δεχέσθω,
335 1095 402 1131 μηδὲ
428 1096 565 1131 ἀνεχέσθω
588 1095 642 1122 τῶν
665 1095 815 1130 λεγομένων
842 1096 858 1131 ἢ

71 1143 255 1178 γραφομένων
276 1143 322 1169 ὑπ’
345 1143 445 1169 αὐτῶν.
468 1143 560 1169 Πάντα
573 1142 628 1177 γὰρ
643 1142 666 1168 οί
682 1142 778 1177 γόητες
796 1142 861 1177 ψεύ-

70 1188 172 1220 ὣνται,
189 1188 318 1224 ἀλήθειαν
332 1188 363 1214 οὐ
378 1189 415 1224 μὴ
427 1188 581 1223 λαλήσουσι.
600 1187 790 1223 Περιέρχονται
805 1187 859 1224 γὰρ

70 1235 120 1266 τὰς
145 1234 253 1266 πόλεις,
281 1234 356 1261 οὐδὲν
380 1233 472 1270 ἕτερον
500 1234 701 1266 σπουδάζοντες,
717 1234 733 1269 ἢ
752 1233 791 1268 τῷ
809 1234 859 1269 τῆς

71 1280 162 1314 φιλίας
187 1281 364 1316 προσχήματι
388 1279 436 1305 καὶ
465 1279 503 1314 τῷ
532 1279 583 1314 τῆς
598 1280 708 1315 εἰρήνης
735 1279 857 1314 ὀνόματι,

69 1325 102 1351 δι’
120 1325 294 1360 ὑποκρίσεως
312 1325 359 1351 καὶ
373 1324 518 1356 κολακείας
532 1325 684 1360 γράμματα
697 1324 797 1350 διδόναι
810 1323 857 1350 καὶ

69 1370 230 1405 λαμϐάνειν,
245 1371 313 1406 πρὸς
325 1370 355 1397 τὸ
369 1370 472 1397 πλανᾶν
491 1369 535 1396 διὰ
545 1370 647 1397 τούτων
658 1370 692 1396 τὰ
708 1370 753 1397 ὑπ’
768 1369 857 1396 αὐτῶν

926 225 1033 261 singula
1049 228 1177 253 accurate
1192 225 1317 261 persequi
1334 225 1518 261 importunum
1540 226 1707 260 arbitratus,

924 275 954 298 ut
970 274 1049 298 antea
1063 271 1137 304 di'xi,
1155 279 1189 299 eo
1206 271 1278 306 quod
1293 271 1444 306 religiosam
1459 276 1576 300 vestram
1590 272 1707 308 diligen-

923 316 987 343 tiam
1003 323 1058 343 non
1075 317 1185 344 lateant.
1214 316 1276 344 Haec
1289 317 1430 349 docemus.
1446 317 1502 344 haec
1515 317 1705 353 praedicamus.

923 360 986 388 Haec
1008 365 1072 388 sunt
1101 362 1250 396 apostolica
1269 360 1397 389 Ecclesiae
1421 362 1564 397 dogmata,
1579 371 1629 398 pro
1643 364 1706 400 qui-

922 405 973 433 bus
986 409 1099 434 mortem
1113 413 1222 442 quoque
1237 406 1353 434 libenter
1376 407 1528 442 oppetimus
1538 427 1545 439 ,
1561 409 1637 443 parvi
1665 409 1706 436 l‘a-

921 451 1023 480 cientes
1036 460 1083 479 cos
1097 452 1142 486 qui
1159 459 1209 479 nos
1230 451 1281 479 ista
1297 459 1397 487 negare
1418 452 1598 487 compellunt,
1613 461 1704 488 spem-

921 504 973 532 que
986 497 1013 524 in
1026 496 1061 524 iis
1078 497 1194 532 positam
1211 505 1264 524 non
1288 497 1448 532 abjicieutes
1460 516 1467 528 .
1485 497 1547 524 licet
1577 497 1622 525 isti
1647 502 1704 525 tor-

920 542 1019 570 mentis
1033 542 1163 570 adhibitis
1187 543 1241 569 vim
1262 542 1386 570 alierant.
1409 542 1514 575 Quibus
1529 542 1704 572 adversantes

918 589 1000 616 Arius
1016 593 1043 616 et
1053 589 1183 620 Achillas.
1199 595 1225 617 et
1244 590 1291 624 qui
1308 597 1370 617 cum
1392 589 1445 617 illis
1463 593 1526 616 sunt
1550 589 1642 618 hostes
1657 598 1703 618 ve-

918 635 1018 667 ritatis,
1032 635 1153 663 Ecclesia
1166 636 1272 671 expulsi
1286 639 1360 668 sunt,
1372 639 1466 672 utpote
1477 635 1557 663 alieni
1574 643 1590 662 a
1609 641 1702 663 nostra

918 680 961 716 pia
978 680 1113 714 doctrina,
1128 680 1206 716 juxta
1228 682 1337 710 beatum
1358 682 1471 710 Paulum
1481 702 1489 714 ,
1505 682 1551 717 qui
1566 683 1603 710 ait
1615 682 1656 712 "2
1672 682 1704 710 Si

917 727 975 762 quis
988 725 1059 754 vobis
1074 728 1289 763 euangelizaverit
1312 733 1408 762 praeter
1428 729 1456 755 id
1469 729 1537 764 quod
1550 730 1701 764 accepistis,

917 772 1057 799 anathema
1079 773 1133 805 sit;
1158 773 1220 802 licet
1240 774 1358 808 angelum
1370 773 1402 801 de
1408 774 1471 801 caelo
1480 782 1506 802 se
1516 782 1570 802 esse
1582 774 1700 802 simulet.

919 817 971 845 Sed
987 823 1023 849 et,
1042 817 1072 845 Si
1093 819 1150 853 quis
1169 818 1243 846 aliud
1257 819 1347 847 doceat
1358 840 1366 851 ,
1381 825 1406 847 et
1421 828 1472 847 non
1495 821 1643 855 acquiescat
1657 829 1702 848 sa-

915 865 968 892 cris
983 865 1145 893 sermonibus
1164 865 1271 893 Domini
1293 866 1377 893 nostri
1401 865 1466 893 Iesu
1489 866 1606 899 Christi,
1630 870 1655 893 et
1676 867 1701 894 ei

915 917 973 945 qua:
984 909 1125 937 secundum
1146 911 1267 944 pietatem
1285 916 1323 938 est
1339 910 1486 942 doctrinm;
1502 912 1523 938 is
1536 912 1647 946 inﬂatur
1658 911 1701 939 ni-

916 954 953 981 llil
968 956 1051 982 sciens
1066 955 1087 972 ³⁷
1104 965 1109 982 :
1127 960 1154 983 et
1170 963 1230 991 quae
1248 959 1409 991 sequuntur.
1426 956 1481 984 llos
1501 957 1584 991 igitur
1595 957 1629 984 ab
1642 956 1702 984 uni-

915 1001 1001 1028 versis
1036 1001 1167 1030 fratribus
1197 1002 1440 1030 anathematizatos
1470 1010 1550 1030 nemo
1578 1006 1698 1030 vestrum

915 1047 1057 1081 suscipiat,
1070 1055 1120 1075 nec
1133 1055 1164 1074 ea
1175 1055 1235 1082 qua:
1250 1048 1283 1075 ab
1300 1048 1353 1075 illis
1365 1052 1412 1075 aut
1426 1048 1555 1075 dicuntur
1569 1052 1616 1075 aut
1630 1048 1700 1075 scri-

913 1092 1014 1120 buntur
1041 1092 1175 1120 admittat.
1203 1093 1299 1121 Omnia
1333 1093 1405 1121 eiiim
1436 1093 1603 1121 mentiuntur
1629 1101 1698 1129 prae-

912 1137 1077 1173 stigiatores,
1093 1146 1143 1166 nec
1159 1139 1299 1166 veritatem
1315 1147 1434 1174 unquam
1454 1140 1608 1174 loquentur.
1638 1139 1697 1168 Cir-

912 1189 1040 1211 cumeunt
1056 1184 1190 1219 siquidem
1203 1185 1339 1218 civitates,
1362 1185 1428 1212 nihil
1447 1185 1520 1212 aliud
1535 1185 1676 1213 molientes
1687 1205 1695 1218 ,

911 1236 992 1264 quam
1009 1234 1037 1256 ut
1056 1230 1182 1257 amicitiae
1197 1231 1287 1265 specie
1300 1234 1328 1258 et
1343 1230 1393 1258 sub
1415 1230 1525 1257 nomine
1538 1230 1615 1266 pacis
1625 1250 1634 1263 ,
1648 1238 1698 1265 per

911 1275 1110 1303 simulationem
1126 1279 1154 1303 et
1168 1275 1315 1304 blanditias
1327 1276 1393 1304 dent
1409 1276 1513 1304 litteras
1526 1280 1607 1311 atque
1622 1277 1695 1304 acci-

909 1321 1004 1358 piant;
1021 1323 1120 1357 quibus
1141 1323 1311 1350 mulierculas
1327 1331 1427 1357 paucas
1441 1323 1474 1350 ab
1493 1323 1557 1358 ipsis
1576 1323 1696 1358 deceptae

910 1373 934 1395 et
949 1368 1062 1402 peccatis
1077 1373 1186 1396 onustas
1203 1369 1230 1396 in
1241 1377 1355 1396 errorem
1367 1369 1493 1396 inducant
1510 1369 1532 1385 ³⁸
1544 1372 1570 1397 et
1585 1373 1693 1397 caetera.

67 1417 247 1453 ἠπατημένα
257 1418 345 1453 ὀλίγα
355 1417 542 1452 γωάικάρια,
556 1417 759 1453 σεσορευμένα
770 1417 932 1452 ἁμαρτίαις,
950 1416 996 1442 καὶ
1011 1415 1045 1442 τά
1058 1416 1129 1452 ἑξῆς.

101 1476 174 1504 XIV.
196 1476 314 1508 Τούτους
328 1474 374 1503 οὖν
387 1477 450 1508 τοὺς
466 1476 500 1503 τὰ
515 1476 633 1503 τοσαῦτα
648 1475 719 1503 κατά
736 1475 855 1512 Χριστοῦ

945 1473 1014 1502 XIV.
1039 1473 1094 1503 llos
1109 1483 1174 1510 ergo
1190 1475 1236 1511 qui
1251 1479 1290 1503 tot
1303 1483 1335 1502 ac
1357 1479 1431 1502 tanta
1448 1475 1508 1502 ausi
1523 1478 1586 1502 sunt
1600 1478 1694 1502 contra

65 1522 265 1558 τολμήσαντας,
280 1522 343 1554 τοὺς
360 1522 405 1548 τὸν
422 1522 633 1558 Χριστιανισμὸν
647 1522 725 1550 τοῦτο
745 1522 795 1557 μὲν
808 1521 855 1550 δη-

909 1521 1064 1555 Christum;
1080 1522 1127 1556 qui
1142 1521 1325 1550 Christianam
1346 1522 1504 1558 religionem
1520 1521 1617 1557 partim
1634 1521 1695 1549 irri-

68 1569 151 1604 ptoatq.
171 1567 361 1602 διασύραντας.
384 1566 462 1593 τοῦτο
485 1566 513 1593 δὲ
532 1567 577 1593 ἐπὶ
595 1567 776 1602 δικαστηρίων
793 1567 853 1592 ἐπι-

65 1613 188 1648 δεικτιᾷν
206 1611 455 1647 φιλοτιμουμένους,
475 1611 538 1642 τοὺς
554 1611 672 1646 διωγμὸν
688 1611 754 1646 ἡμῖν
771 1611 800 1637 ὲν
816 1611 854 1637 εί-

67 1659 139 1694 ρήνῃ
153 1657 183 1683 τὺ
197 1657 257 1683 ὅσον
275 1657 318 1683 ἐπ’
331 1657 422 1688 αὐτοῖς
434 1657 640 1692 ἐπεγείραντας,
653 1657 716 1688 τοὺς
726 1657 756 1683 τὸ
768 1657 854 1692 ἄρρη-

64 1712 111 1730 τον
128 1704 276 1739 μυστήριον
293 1703 343 1738 τῆς
357 1703 474 1738 Χριστοῦ
487 1703 620 1737 γενέσεως
632 1703 852 1739 ὲκνευρίσαντας,

63 1749 178 1781 τούτους
191 1748 421 1784 ἀποστραφέντες,
435 1748 573 1784 ἀγαπητοὶ
581 1749 627 1775 καὶ
634 1749 764 1784 ὁμόῲυχοι
777 1748 853 1775 ἀδελ-

64 1796 120 1830 φοὶ,
145 1795 286 1830 σύμψηφοι
302 1794 408 1828 γίνεσθε
431 1794 502 1821 κατὰ
521 1795 570 1830 τῆς
595 1794 744 1830 μανιώδους
764 1795 851 1821 αὐτῶν

62 1840 177 1875 τόλμης,
191 1839 251 1866 καθ’
265 1838 411 1874 ὁμοιότητα
422 1839 476 1866 τῶν
490 1840 737 1875 ἀγανακτησάντων
752 1840 852 1867 συλλει-

61 1885 296 1921 τουργῶνῂμῶν,
322 1886 368 1912 καὶ
385 1886 593 1912 ἐπιστειλάντων
613 1895 657 1920 μοι
675 1886 735 1912 κατ’
750 1886 850 1918 αὐτῶν,

62 1931 110 1957 καὶ
124 1930 165 1967 τῷ
175 1931 250 1966 τόμῳ
261 1931 534 1967 συνυπογραψάντων.
553 1931 587 1957 ’Δ
599 1931 646 1958 καὶ
657 1931 850 1967 διεπεμψάμην

61 1976 128 2011 ὑμῖν
149 1975 194 2002 διὰ
215 1975 263 2002 τοῦ
287 1975 344 2002 υἱοῦ
364 1985 414 2011 μου
438 1976 567 2008 Ἀπίωνος
586 1976 633 2003 τοῦ
648 1977 771 2004 διακόνου
781 1977 847 2013 (42),

60 2022 141 2052 τοῦιο
157 2021 206 2056 μὲν
219 2022 310 2058 πάσης
329 2021 466 2056 Αἰγύπτου
490 2023 538 2048 καὶ
561 2022 704 2058 Θηϐαΐδος,
729 2022 808 2049 τοῦτο
821 2022 849 2049 δὲ

60 2068 166 2103 Λιϐύης
189 2077 219 2094 τε
244 2068 292 2094 καὶ
315 2068 517 2100 Πενταπόλεως,
544 2069 590 2094 καὶ
614 2068 722 2103 Συρίας,
745 2069 792 2094 καὶ
809 2068 849 2095 ἔτι

59 2114 164 2145 Λυκίας
190 2113 237 2140 καὶ
260 2114 432 2149 Παμφυλίας,
463 2113 563 2145 Ἀσίας,
577 2110 783 2146 Καππαδοκίας,
801 2114 848 2140 καὶ

58 2160 113 2186 τῶν
128 2159 216 2187 ἄλλων
231 2159 390 2196 περιχόρων.
410 2157 460 2186 Ὧν
476 2159 538 2186 καθ’
554 2159 709 2195 ὁμοιότητα,
722 2159 768 2185 καὶ
782 2160 847 2194 παρ’

904 1571 1000 1594 serunt
1013 1567 1120 1602 publice
1130 1587 1137 1598 ,
1155 1569 1253 1602 partim
1270 1568 1297 1595 in
1313 1567 1426 1603 judiciis
1442 1567 1586 1594 traducere
1600 1574 1633 1594 ac
1646 1567 1694 1595 de-

903 1618 997 1641 notare
1012 1613 1142 1641 student:
1167 1614 1212 1649 qui
1228 1614 1305 1649 pacis
1328 1617 1449 1648 tempore
1476 1613 1691 1648 persecutionem

903 1659 1034 1687 adversus
1049 1667 1100 1687 nos
1111 1679 1118 1691 ,
1145 1664 1277 1694 quantum
1294 1660 1320 1687 in
1336 1660 1403 1694 ipsis
1430 1663 1489 1691 est,
1518 1659 1692 1692 excitarunt;

902 1706 947 1740 qui
965 1705 1101 1733 ined‘abile
1115 1706 1274 1741 mysterium
1286 1705 1468 1741 generationis
1483 1703 1587 1734 Christi
1612 1713 1691 1733 ener-

901 1756 1020 1780 varunt:
1036 1752 1096 1785 hos,
1111 1753 1234 1788 inquam,
1252 1756 1411 1780 aversantes
1423 1773 1431 1786 ,
1446 1752 1600 1780 charissimi
1610 1758 1693 1787 atque

901 1798 1044 1825 unanimes
1063 1797 1175 1829 fratres,
1196 1798 1383 1834 sull‘ragamini
1407 1798 1486 1826 nobis
1500 1799 1631 1827 adversus
1646 1799 1689 1826 fu-

900 1843 1001 1871 riosam
1021 1843 1128 1871 illorum
1144 1844 1286 1871 audaciam
1300 1864 1308 1875 .
1333 1843 1446 1879 perinde
1469 1851 1500 1871 ac
1515 1844 1625 1879 collega:
1639 1851 1690 1871 no-

901 1889 962 1921 stri,
978 1889 1024 1924 qui
1038 1889 1169 1924 indignati
1190 1893 1264 1920 sunt.
1280 1894 1307 1917 et
1327 1889 1406 1916 nobis
1423 1889 1554 1924 epistolas
1570 1890 1688 1924 scripse-

900 1940 963 1962 runt
977 1935 1108 1963 adversus
1124 1936 1196 1967 illos,
1213 1940 1238 1963 et
1251 1939 1325 1962 tomo
1340 1939 1436 1963 nostro
1453 1935 1687 1970 subscripserunt.

899 1980 963 2013 Quae
979 1981 1060 2009 etiam
1079 1981 1111 2008 ad
1128 1989 1176 2009 vos
1190 1981 1252 2008 misi
1273 1989 1319 2016 per
1341 1981 1423 2008 tilium
1441 1988 1531 2008 meum
1556 1980 1687 2016 Apionem

898 2027 1050 2059 diaconum,
1068 2027 1165 2061 partim
1180 2035 1213 2054 ex
1226 2027 1352 2054 universa
1365 2025 1483 2062 [Egypto
1495 2033 1527 2053 ac
1537 2025 1686 2058 Thebaide,

898 2073 994 2108 partim
1011 2081 1043 2100 ex
1060 2072 1144 2107 Libya
1157 2080 1189 2099 ac
1203 2072 1344 2108 Pentapoli
1358 2082 1365 2099 :
1384 2072 1447 2099 item
1466 2080 1499 2099 ex
1515 2071 1611 2108 Syria,
1632 2071 1685 2108 Ly-

897 2118 950 2151 cia,
969 2117 1137 2154 Pamphylia,
1150 2118 1225 2150 Asia,
1245 2118 1417 2153 Cappadocia
1434 2118 1550 2152 aliisque
1564 2117 1687 2145 finitimis

897 2163 1055 2199 provinciis.
1074 2163 1197 2196 Quorum
1213 2164 1339 2198 exemplo
1354 2171 1370 2190 a
1386 2163 1464 2190 vobis
1487 2170 1595 2198 quoque
1615 2163 1686 2190 litte-

58 2205 137 2240 ὑμῶν
161 2205 287 2239 δέξασθαι
308 2205 433 2232 πέποιθα.
452 2205 558 2232 Πολλῶν
577 2206 631 2241 γάρ
648 2214 691 2240 μοι
709 2205 848 2241 βοηθημά-

909 2217 944 2237 'as
960 2217 1003 2236 me
1018 2213 1193 2244 accepturum
1207 2217 1269 2237 esse
1291 2209 1409 2236 conﬁdo.
1431 2208 1498 2236 Nam
1517 2215 1578 2236 cum
1601 2209 1686 2236 multa

56 2260 113 2278 ¹των
131 2251 200 2287 πρὸς
220 2251 282 2283 τοὺς
299 2251 444 2286 βλαϐέντας
466 2251 682 2288 πεπορισμένων,
702 2251 749 2278 καὶ
767 2251 845 2278 τοῦτο

57 2297 169 2334 εὖρεται
186 2298 393 2333 λυσιφάρμακον
414 2297 461 2324 τοῦ
484 2298 529 2324 ὑπ’
549 2297 638 2324 αὐτῶν
660 2298 844 2334 ἀπατηθέντος

55 2343 132 2374 λαοῦ,
152 2344 319 2378 πειθομένων
337 2344 384 2370 καὶ
406 2345 466 2376 ταῖς
486 2344 542 2379 (4⁵5)
559 2344 613 2371 τῶν
633 2344 843 2380 συλλειτουργῶν

55 2390 136 2425 ἡμῶν
152 2390 391 2424 συγκαταθέσεσιν,
409 2391 449 2422 είς
469 2390 613 2426 μετάνοιαν
626 2390 670 2417 διὰ
685 2391 778 2418 τούτου
796 2391 842 2426 ἐρ-

55 2435 152 2470 χεσθαι
167 2436 382 2469 σπουδαζόντων.
406 2437 575 2464 Ἀσπάσασθε
593 2437 723 2472 ἀλλήλους
743 2437 790 2464 σὺν
809 2439 842 2472 τῇ

56 2481 121 2516 παρ’
140 2481 219 2516 ὑμῶν
231 2481 391 2518 ἀδελφότητι
406 2481 471 2517 (44).
492 2481 644 2518 Ἐῥρὠθαι
656 2483 729 2518 ὑμᾶς
741 2484 770 2509 ἐν
784 2483 842 2509 Κυ-

900 2262 914 2281 a
932 2262 975 2282 mc
986 2254 1112 2289 praesidia
1127 2260 1284 2289 comparata
1302 2254 1358 2281 sint
1373 2254 1407 2281 ad
1427 2253 1564 2282 sanandos
1580 2259 1628 2280 eos
1637 2252 1684 2287 qui

898 2300 954 2327 ltesi
969 2303 1044 2330 sunt,
1062 2303 1118 2326 tum
1134 2299 1200 2326 illud
1226 2300 1362 2334 praecipue
1375 2299 1524 2326 remedium
1547 2297 1686 2333 excogita-

897 2351 955 2374 tum
972 2350 1014 2374 est
1036 2345 1069 2373 ad
1092 2345 1241 2373 curandam
1267 2345 1468 2373 multitudinem
1489 2353 1549 2381 quae
1570 2345 1603 2372 ab
1630 2344 1685 2371 illis

896 2392 1008 2427 decepta
1021 2395 1073 2423 est,
1087 2395 1116 2417 ut
1127 2391 1292 2426 collegarum
1304 2394 1462 2418 nostrorum
1478 2389 1623 2417 consensui
1635 2389 1684 2416 ub-

896 2441 1057 2472 temperent,
1073 2440 1099 2464 et
1113 2444 1161 2471 per
1184 2436 1235 2463 hoc
1256 2435 1289 2463 ad
1304 2435 1491 2470 pmuitentiam
1504 2435 1593 2464 redire
1607 2434 1683 2462 festi-

896 2486 972 2510 nent.
987 2482 1113 2509 Salutare
1127 2489 1176 2509 vos
1196 2481 1313 2509 invicem
1329 2487 1384 2508 una
1406 2488 1468 2508 cum
1483 2480 1623 2513 fratribus,
1634 2479 1682 2515 qui

87 2574 110 2589 ³⁸
127 2571 220 2600 Galat.
233 2581 252 2605 ι,
266 2572 293 2606 8,
305 2574 332 2601 9.
366 2573 387 2589 ³⁷
409 2573 422 2600 I
438 2573 506 2600 Tim.
525 2581 561 2607 vt,
575 2575 601 2607 5,
615 2574 642 2602 4.
680 2575 702 2591 ³³
720 2575 752 2602 II
767 2575 835 2603 Tim.
853 2583 895 2607 tu,
911 2575 937 2602 4.

88 2675 148 2709 (42)
171 2675 310 2709 Ἀπίωνος
325 2675 379 2703 τοῦ
395 2676 546 2703 διακόνου.
564 2675 592 2703 In
607 2677 668 2704 cod.
683 2676 781 2704 Leonis
801 2676 844 2704 Al-

52 2709 121 2747 l‘atii,
137 2715 166 2737 et
183 2710 254 2747 apud
268 2709 450 2747 Nicephorum
472 2711 571 2747 legitur
579 2712 626 2738 τοῦ
643 2712 841 2747 ἀρχιόιακόνου.

50 2745 142 2780 Atque
154 2746 192 2772 ita
205 2745 286 2773 etiam
303 2745 366 2781 lcgit
379 2745 545 2781 Epiphanius
560 2745 756 2778 Scholasticus.
768 2751 798 2775 ut
809 2755 839 2775 ex

51 2781 254 2818 versione_ejus
269 2786 390 2818 apparet.
406 2781 502 2818 _Codex
527 2781 628 2817 Regius
648 2782 673 2809 J.
695 2783 754 2810 Pini
777 2783 842 2818 legit

50 2816 129 2842 τοῦδε
146 2815 194 2843 τοῦ
207 2815 330 2844 διακόνου
350 2816 488 2849 Ἀπίωνος.

88 2851 146 2888 (65)
166 2851 352 2886 Πειθομέιων
369 2852 416 2879 καὶ
437 2852 509 2886 ταῖς.
527 2851 669 2889 Δ[νηιιὶςιιῐίι
691 2852 736 2879 καί
753 2853 839 2881 alieno

897 2678 957 2704 loco
975 2678 1062 2712 posita
1080 2682 1130 2711 est,
1149 2683 1175 2705 et
1191 2678 1217 2704 in
1237 2685 1315 2705 suum
1333 2677 1421 2704 locum
1441 2677 1480 2704 sic
1499 2676 1675 2712 restituenda.

895 2711 1062 2747 πειθομένων
1078 2714 1137 2744 ταῖς
1162 2713 1215 2740 τῶν
1239 2712 1450 2748 συλλειτουργῶν
1474 2711 1551 2747 ἡμῶν
1575 2720 1676 2747 συγκα-

894 2748 1028 2780 ταθέσεσι,
1043 2748 1090 2774 καὶ
1104 2749 1154 2780 εἰς,
1170 2753 1222 2776 etc.

929 2784 984 2819 (44)
1004 2783 1066 2810 Σὺν
1077 2783 1114 2817 τῇ
1126 2784 1192 2818 παρ’
1209 2784 1292 2818 ὑμῶν
1305 2783 1492 2819 ἀδελφότητι,
1507 2781 1674 2819 ΔυυιίνΝἰοο-

892 2818 1008 2881 Ηίιοιιιιιι
1031 2819 1127 2855 legitur
1151 2819 1314 2856 παρ’ήμῶν,
1329 2819 1400 2856 quod
1425 2818 1524 2847 rectius
1548 2818 1612 2846 mihi
1633 2818 1674 2845 vi.

911 2859 980 2881 clur.

911 2859 980 2881 Cllll'.
