1911 3073
22 123 78 152 573

743 124 921 153 EPISTOLIE
926 144 934 151 .

1603 125 1654 152 574

58 183 96 210 ll.
116 183 154 210 Ol
169 182 219 219 μὲν
236 180 285 212 οὖν
301 183 450 212 ἀποστάται
465 183 615 219 γενόμενοι,
628 183 696 210 εἰσὶν
707 184 824 220 Ἄρειος,

912 182 944 211 ll.
962 182 1090 211 Ecclesiae
1116 186 1207 211 autem
1234 181 1386 210 desertores
1408 181 1435 208 hi
1457 184 1521 209 sunt
1538 190 1544 208 :
1561 180 1654 212 Arius,

25 229 74 256 καὶ
98 229 326 266 ’Δχιλλεὺς(54),
344 230 391 257 καὶ
419 229 567 265 ’Δειθάλης,
596 229 643 257 καὶ
658 230 822 266 Καρπώνης,

24 274 73 300 καὶ
85 273 189 309 ἕτερος
204 274 324 310 Ἄρειος,
346 275 394 302 καὶ
406 275 561 311 Σαρμάτης,
578 275 606 302 οἷ
624 284 689 302 ποτε.
706 275 825 312 πρεσϐύ-

25 328 101 356 τεροι
129 320 208 356 (55)·
236 321 284 348 καὶ
306 321 435 355 Εὺξώῖος,
457 322 504 349 καὶ
515 321 637 356 Λούκιος,
651 322 698 349 καὶ
717 322 824 354 Ἰούλιος

27 365 103 400 (56),
127 367 179 393 καὶ
196 367 303 402 Μηνᾶς,
318 368 366 395 καὶ
387 367 530 399 Ἑλλάδιος,
547 368 593 395 καὶ
607 367 697 400 Γάϊος,
713 369 740 395 οἵ
759 376 825 394 ποτε

25 411 161 439 διάκονοι⁸
179 413 230 440 καὶ
243 414 291 440 σὺν
315 413 407 445 αὐτοῖς
426 413 570 445 Σεκοῦνδος
583 414 631 441 καὶ
656 414 774 446 Θεωνᾶς,
800 414 827 441 οῐ

27 465 92 483 ποτε
112 457 263 493 λεχθέντες
276 458 428 485 ἐπίσκοποι.
446 459 512 485 Ποῖα
527 458 556 485 δὲ
577 458 652 495 παρὰ
676 459 726 491 τὰς
753 459 825 495 Γρα-

27 503 79 537 ea;
95 503 158 538 (57)
178 505 342 540 ἐφευρόντες
357 504 492 537 λαλοῦσιν,
515 505 572 532 ἐστι
588 505 684 533 ταῦτα.

60 549 107 577 ΙΙΙ.
127 551 192 577 Οὐκ
208 551 253 578 ἀεὶ
263 552 278 578 6
294 551 359 584 Θεὸς
374 552 468 588 Πατὴρ
484 550 528 588 ἦν,
542 552 600 580 ἀλλ’
624 551 658 589 ἦν
670 553 713 580 ὅτε
729 554 743 581 6
759 553 825 586 Θεὸς

28 596 125 632 Πατὴρ
143 597 198 622 οὐκ
211 594 257 632 ἦν·
271 596 321 623 οὐκ
337 596 379 623 ἀεὶ
390 594 424 633 ἦν
437 598 451 623 6
465 597 510 623 τοῦ
528 597 595 623 Θεοῦ
617 597 712 632 Λόγος,
727 598 784 625 ἀλλ’
796 597 826 631 ἐξ

28 643 75 670 οὐκ
97 641 194 670 ὄντων
208 642 329 677 γέγονεν’
358 643 372 670 6
392 642 447 679 γὰρ
461 642 499 670 ὢν
512 643 578 676 Θεὸς
598 643 643 671 τὸν
662 644 699 680 μὴ
712 644 776 671 ὄντα
793 645 826 672 ὲκ

27 688 72 714 τοῦ
87 689 129 724 μὴ
144 688 227 720 ὄντος
237 687 379 724 πεποίηκε·
399 687 439 715 διὸ
456 689 503 716 καὶ⁴
515 685 550 724 ἦν
566 697 641 721 ποτε,
661 689 705 716 ὅτε
716 689 767 716 οὐκ
779 687 824 726 ἦν.

28 734 144 770 Κτὶσμα
159 734 219 770 γάρ
241 735 299 761 ἐστι
312 735 358 762 καὶ
372 734 477 770 ποίημα
490 736 504 761 6
520 734 594 767 Υἱὸς,
611 734 674 762 οὗτε
689 734 717 761 δὲ
733 736 825 771 ὅμοιος

28 781 87 807 κατ’
102 780 208 808 οὐσίαν
219 780 258 816 τῷ
267 781 353 818 Πατρί
368 782 450 808 ἐστιν·
464 780 525 808 οὔτε
540 780 673 817 ἀληθινὸς,
687 782 733 808 καὶ
747 782 826 816 φύσει

28 825 73 852 τοῦ
88 825 206 861 Πατρὸς
222 825 308 860 Λόγος
323 825 406 853 ἐστίν·
429 825 492 853 οὔτε
512 826 624 862 ἀληθινὴ
642 826 725 861 Σοφία
741 826 824 854 αὐτοῦ

874 228 1002 261 Achilles,
1012 228 1143 261 Aithales,
1155 228 1304 263 Carpones,
1321 227 1402 255 Arius
1414 227 1493 259 alter,
1504 226 1654 257 Sarmatcs,

874 275 939 302 olim
963 273 1114 310 presbyteri
1132 284 1139 302 :
1161 273 1289 306 Euzoius,
1303 272 1415 306 Lucius,
1434 271 1533 306 Julius,
1551 271 1653 303 Menas,

875 319 1013 347 Helladius
1028 323 1055 347 et
1069 319 1166 352 Gaius,
1178 319 1242 346 olim
1258 318 1366 346 diaconi
1382 325 1390 344 :
1408 325 1439 345 ac
1453 325 1515 345 cum
1525 318 1593 353 ipsis
1608 317 1655 344 Se-

874 366 980 395 cundus
998 370 1024 394 et
1036 365 1172 399 Theonas,
1184 365 1248 393 olim
1257 365 1377 400 episcopi
1390 364 1549 399 nuncupati.
1564 363 1654 391 Verba

874 416 964 440 autem
988 411 1021 438 ab
1037 410 1092 438 illis
1114 409 1258 437 adinventa
1284 417 1315 436 ac
1336 411 1434 444 praeter
1450 408 1654 443 Scripturarum

874 460 993 486 mentem
1010 456 1126 492 prolata,
1141 456 1200 484 haec
1213 460 1287 484 sunt.

909 543 954 571 ill.
972 543 1030 571 Non
1045 551 1152 579 semper
1164 542 1236 571 Deus
1247 540 1328 570 Pater
1339 541 1408 574 fuit;
1426 540 1474 568 sed
1486 539 1536 567 fuit
1547 539 1656 574 quando

874 589 946 618 Deus
962 588 1042 617 Pater
1065 597 1121 616 non
1137 592 1205 616 erat.
1227 587 1286 615 Non
1311 593 1417 622 semper
1438 588 1498 613 erat
1520 584 1568 612 Dei
1589 583 1656 611 Ver-

875 635 950 669 bum,
975 635 1023 663 sed
1045 643 1079 662 ex
1100 641 1155 662 non
1178 633 1350 662 exstantibus
1376 631 1478 659 [actum
1502 634 1568 658 est:
1585 629 1656 657 Deus

875 681 946 709 enim
965 680 1012 716 qui
1036 683 1089 713 est,
1111 687 1165 707 non
1185 679 1361 707 exsistentem
1378 685 1412 705 ex
1431 683 1486 704 non
1508 675 1657 703 exsistente

875 726 998 754 condidit
1027 736 1034 754 :
1057 733 1141 761 quare
1163 729 1222 753 erat
1241 724 1386 760 aliquando
1406 729 1469 750 cum
1494 729 1549 750 non
1572 725 1655 748 esset.

875 772 930 801 Res
945 772 1045 808 quippe
1060 775 1162 805 creata,
1178 778 1277 806 resque
1302 769 1374 797 facta
1391 773 1433 797 est
1446 768 1531 796 Filius
1547 777 1553 795 :
1569 775 1657 803 neque

876 819 973 848 similis
998 822 1041 846 est
1063 817 1139 845 Patri
1166 815 1318 845 secundum
1342 814 1524 843 substantiam
1545 820 1657 848 :neque

28 872 112 897 ἐστιν·
130 859 193 898 ἀλλ’
209 869 250 903 εἷς
266 859 314 907 μὲν
325 871 380 899 τῶν
394 859 747 909 ποιημάτων-καὶ-γενητῶν
757 874 824 900 ἐστι’

879 872 971 893 verum
985 869 1012 892 et
1029 863 1155 891 naturale
1176 862 1296 890 Verbum
1311 865 1353 889 est
1364 860 1472 887 Patris:
1487 866 1577 898 neque
1592 865 1657 886 vera

30 916 266 952 καταχρηστικῶς
275 917 303 943 δὲ
318 916 426 951 λέγεται
442 917 528 952 Λόγος
542 917 590 945 καὶ
602 918 696 953 Σοφία,
713 918 827 953 γενόμε-

28 971 71 994 νος
89 962 142 989 καὶ
154 962 240 994 αὐτὸς
257 962 312 998 (58)
327 963 367 999 τῷ
385 963 442 999 ἰδίῳ
453 963 502 991 τοῦ
524 963 592 991 Θεοῦ
612 965 700 1000 Λόγῳ,
727 965 774 992 καὶ
792 967 826 1001 τῇ

30 1009 57 1035 ὲν
73 1007 115 1043 τῷ
125 1007 191 1044 Θεῷ
215 1008 310 1044 Σοφίᾳ,
334 1009 363 1036 ὲν
408 1009 454 1036 καὶ
467 1009 502 1036 τὰ
515 1010 604 1037 πάντα
618 1012 665 1037 καὶ
681 1011 762 1038 αὑτὸν
776 1019 826 1038 πε-

31 1054 147 1089 ποίηκεν
162 1055 179 1082 6
194 1054 270 1087 Θεός’
288 1055 328 1082 διὸ
344 1056 391 1082 καὶ
411 1056 527 1091 τρεπτός
549 1057 607 1084 ἐστι
623 1057 670 1084 καὶ
683 1057 827 1089 ἀλλοιωτὺς

30 1100 80 1135 τὴν
106 1099 206 1135 φύσιν,
238 1100 275 1133 ὡς
297 1102 344 1128 καὶ
366 1101 454 1129 πάντα
469 1102 503 1129 τὰ
517 1102 622 1138 λογικά·
639 1103 712 1136 ξένος
728 1112 758 1130 τε
781 1103 827 1130 καὶ

31 1147 179 1184 ἀλλότριος
189 1148 237 1175 καὶ
249 1149 488 1185 ἀπεσχοινισμένος
503 1150 577 1177 ἐστὶν
588 1150 603 1176 6
616 1150 702 1185 Λόγος
715 1149 764 1185 τῆς
778 1149 826 1176 τοῦ

31 1193 98 1220 Θεοῦ
114 1193 225 1225 οὐσίας·
236 1194 283 1220 καὶ¹
294 1194 412 1230 ἄρῤητός
423 1194 479 1230 (59)
493 1195 566 1222 ἐστιν
579 1196 593 1222 6
604 1194 697 1230 Πατὴρ
709 1193 748 1229 τῷ
759 1193 824 1229 Υἱῷ·

32 1239 93 1266 οὔτε
107 1239 168 1275 γὰρ
183 1239 292 1272 τελείως
314 1241 361 1268 καὶ
375 1241 495 1276 ἀκριϐῶς
511 1240 639 1276 γινώσκει
656 1242 670 1268 ὁ
683 1240 768 1275 Λόγος
781 1240 827 1267 τὸν

35 1285 159 1321 Πατέρα,
175 1284 245 1320 iob-re
259 1285 367 1317 τελείως
384 1285 438 1321 (60)
452 1286 518 1322 ὁρᾷν
532 1285 613 1313 αὑτὸν
635 1285 756 1313 δύναται.
771 1286 827 1313 Καὶ

35 1330 87 1366 γὰρ
104 1330 156 1358 καὶ
171 1330 268 1358 ἑαυτοῦ
284 1330 332 1366 τὴν
348 1331 440 1358 οὐσίαν
452 1332 502 1358 οὐκ
519 1329 588 1358 οἶδεν
604 1332 618 1358 ὁ
633 1331 697 1362 Υἱὸς
709 1331 747 1362 ὠς
758 1330 824 1357 ἐστι’

34 1376 66 1402 δι’
86 1377 167 1412 ἡμᾶς
184 1376 240 1412 γὰρ
256 1378 411 1412 πεποίηται,
428 1377 471 1404 ἵνα
492 1378 567 1412 ἡμᾶς
581 1377 615 1403 δι’
641 1376 724 1403 αὐτοῦ
741 1377 779 1408 ὼς
792 1376 826 1403 δι’

35 1422 156 1457 ὀργάνου
177 1422 258 1458 κτίσῃ
277 1424 291 1449 6
305 1423 380 1454 Θεός.
408 1423 463 1449 Καὶ
477 1423 526 1450 οὐκ
549 1423 581 1450 ἂν
602 1423 717 1458 ὑπέστη,
742 1423 766 1449 εἰ
789 1422 826 1458 μὴ

35 1470 110 1505 ἡμᾶς
128 1471 143 1496 6
159 1470 226 1502 Θεὸς
248 1470 364 1506 ἠθέλησε
380 1471 500 1506 ποιῆσαι.
533 1470 670 1507 Ἦρώι-ησε
699 1470 764 1505 γοῦν
785 1479 827 1502 τις

35 1516 149 1548 αὐτοὺς,
163 1516 188 1542 εί
213 1515 324 1543 δύναται
339 1516 354 1542 6
367 1515 413 1542 τοῦ
426 1515 494 1542 Θεοῦ
514 1516 599 1550 Λόγος
613 1516 748 1552 τραπῆναι
763 1515 801 1548 ὡς
814 1517 828 1542 ὁ
841 1530 861 1558 C

34 1561 164 1593 διάϐολος
191 1560 309 1596 ὲτράπη⁸
335 1560 382 1587 καὶ
406 1560 456 1587 οὐκ
478 1560 648 1596 ἐφοϐήθησαν
672 1561 758 1587 εἰπεῖν
787 1559 828 1586 ὅτι

35 1607 150 1634 δύναται
174 1607 245 1642 (61)·
261 1606 379 1642 τρεπτῆς
390 1606 443 1642 γὰρ
463 1606 568 1642 φύσεώς
581 1608 638 1634 ἐστι
653 1605 765 1642 γενητὸς
781 1605 828 1633 καὶ

36 1654 148 1687 xtra-:6;
163 1653 304 1690 ὑπάρχων.

71 1774 121 1804 IV.
147 1775 241 1804 Ταῦτα
261 1776 388 1811 λέγοντας
412 1777 475 1809 τοὺς
490 1777 554 1814 περὶ
576 1777 694 1813 Ἀρειον,
715 1777 762 1804 καὶ
782 1777 828 1805 ἐπὶ

38 1823 146 1854 τούτοις
162 1823 422 1858 ἀναισχυντοῦντας,
446 1822 544 1854 αὐτούς
566 1831 596 1850 τε
618 1823 664 1849 καὶ
684 1823 746 1854 τοὺς
768 1831 829 1850 συν-

38 1869 277 1905 ακολουθήσαντας
300 1870 401 1902 αὐτοῖς,
427 1870 515 1906 ἡμεῖς]
530 1869 580 1906 μὲν
598 1869 665 1905 μετὰ
688 1869 743 1896 τῶν
769 1871 828 1897 κατ’

39 1916 180 1950 Αἴγυπτον
204 1915 251 1942 καὶ
270 1915 320 1948 τὰς
339 1915 440 1948 Λιϐύας
454 1915 609 1948 ἐπισκόπων
635 1916 716 1950 ἐγγὺς
733 1916 828 1944 ἑκατὸν

39 1963 137 1993 ὄντων,
152 1961 323 1994 συνελθόντες
337 1962 578 1998 ἀνεθεματίσαμεν.
593 1962 625 1989 Οἱ
636 1962 665 1989 δὲ
684 1963 748 1997 περὶ
775 1963 828 1989 Εὑ-

41 2008 133 2034 σέϐιον
147 2007 352 2043 προσεδέξαντο,
375 2007 568 2040 σπουδάζοντες
582 2007 761 2043 ὲγκαταμίξαι
773 2008 828 2044 (62)

41 2055 69 2082 τὸ
81 2054 181 2090 ψεῦδος
195 2055 228 2090 τῇ
245 2054 367 2090 ἀληθείᾳ,
383 2054 430 2081 καὶ
444 2055 477 2089 τῇ
495 2054 620 2089 εὐσεϐείᾳ
631 2054 679 2090 τὴν
692 2054 827 2081 ἀσέϐειαν·

40 2100 99 2126 ἀλλ’
113 2101 165 2128 οὐκ
177 2100 326 2135 ίσχύσουσι·
341 2100 403 2135 νικᾷ
416 2099 470 2135 γὰρ
484 2100 500 2134 ὴ
513 2099 635 2135 ἀλήθεια,
648 2100 695 2127 καὶ
708 2099 830 2135 οὐδεμία

40 2147 100 2173 ἐστὶ
115 2147 257 2174 κοινωνία
278 2146 350 2180 φωτὶ
364 2145 437 2180 πρὸς
454 2146 571 2178 σκότος,
589 2145 660 2173 οὐδὲ
675 2146 830 2181 συμφώνη-

875 911 936 946 ejus
956 909 1110 945 Sapientia;
1128 908 1176 937 sed
1199 915 1253 934 una
1269 915 1303 935 ex
1317 907 1398 934 rebus
1421 905 1500 933 factis
1524 903 1656 932 conditis-

875 952 928 992 (ιιπξ
944 965 951 982 :
966 956 1080 984 abusive
1095 959 1187 983 autem
1205 954 1323 982 Verbum
1343 953 1444 980 dicitur
1461 955 1487 979 et
1508 950 1655 986 Sapientia,

876 997 938 1031 cum
960 1002 1048 1030 factus
1068 1001 1127 1037 ipse
1140 1001 1178 1029 sit
1199 1009 1247 1037 per
1266 999 1404 1035 proprium
1423 997 1471 1025 Dei
1484 996 1614 1030 Verbum,
1630 1000 1658 1024 et

876 1057 924 1085 per
938 1057 997 1077 eam
1013 1056 1074 1084 quae
1095 1048 1123 1075 in
1135 1047 1190 1076 Deo
1206 1050 1259 1079 est,
1281 1045 1458 1081 Sapientiam,
1479 1044 1508 1071 in
1522 1051 1575 1079 qua
1594 1050 1657 1070 cum

876 1099 973 1123 caetera
987 1094 1089 1126 omnia,
1113 1097 1169 1121 tum
1185 1100 1246 1120 eum
1263 1092 1352 1127 ipsum
1365 1090 1429 1118 fecit
1439 1089 1522 1118 Deus.
1533 1089 1658 1124 Quapro-

876 1145 936 1177 pter
952 1143 1051 1168 natura
1063 1147 1113 1168 sua
1127 1139 1228 1166 mutari
1244 1142 1325 1173 atque
1341 1136 1411 1164 verti
1426 1139 1525 1172 potest,
1545 1134 1659 1170 perinde

876 1191 958 1223 atque
977 1187 1069 1214 omnia
1091 1185 1272 1214 rationabilia.
1291 1183 1456 1210 Extraneum
1474 1185 1575 1213 autem,
1595 1180 1658 1208 alie-

876 1241 940 1261 num
952 1237 1034 1268 atque
1047 1236 1181 1260 semotum
1198 1230 1317 1258 Verbum
1332 1232 1374 1256 est
1395 1236 1410 1256 a
1430 1228 1477 1255 Dei
1493 1226 1653 1255 substantia.

876 1278 1068 1307 lnenarrabilis
1079 1277 1160 1305 etiam
1171 1281 1212 1304 est
1225 1276 1304 1303 Pater
1318 1274 1386 1302 Filio
1398 1284 1405 1302 :
1421 1281 1484 1301 nam
1496 1281 1583 1308 neque
1593 1280 1657 1308 per-

876 1325 955 1357 fecte,
971 1331 1059 1359 neque
1083 1326 1211 1350 accurate
1229 1321 1338 1348 Patrem
1360 1320 1436 1347 novit
1458 1319 1589 1350 Verbum,
1608 1325 1658 1345 ne-

876 1378 929 1406 que
946 1369 1065 1405 perfecte
1080 1369 1157 1396 illum
1173 1368 1265 1397 videre
1284 1371 1382 1402 potest.
1399 1365 1504 1393 Etenim
1526 1373 1561 1392 ne
1581 1372 1657 1392 suam

876 1415 986 1451 quidem
1007 1413 1189 1442 substantiam
1214 1411 1291 1439 novit
1311 1410 1413 1442 Filius,
1436 1410 1518 1437 sicuti
1537 1409 1583 1436 illa
1605 1412 1657 1436 est.

876 1460 991 1495 Propter
1006 1466 1056 1487 nos
1068 1459 1167 1494 quippe
1180 1457 1269 1485 factus
1285 1460 1338 1489 est,
1356 1462 1386 1484 ut
1399 1463 1449 1483 nos
1465 1455 1511 1482 illo
1525 1454 1603 1490 quasi
1618 1454 1659 1481 in-

878 1508 1030 1534 strumento
1053 1507 1161 1532 crearet
1180 1503 1276 1531 Deus:
1302 1509 1389 1537 neque
1414 1500 1575 1532 exstitisset,
1603 1500 1659 1528 nisi

879 1559 929 1579 nos
950 1551 1022 1579 Deus
1044 1549 1163 1578 condere
1181 1548 1322 1576 voluisset.
1343 1547 1507 1575 Sciscitante
1528 1544 1659 1580 quodam,

878 1606 943 1625 num
962 1597 1073 1634 perinde
1083 1595 1184 1624 mutari
1201 1598 1294 1630 posset
1305 1594 1352 1622 Dei
1366 1593 1486 1621 Verbum
1502 1595 1583 1626 atque
1597 1590 1658 1618 dia-

879 1644 957 1672 bolus
976 1646 1097 1671 mutatus
1110 1646 1170 1676 est;
1186 1649 1243 1669 non
1256 1640 1336 1668 veriti
1351 1643 1416 1668 sunt
1429 1638 1468 1666 illi
1484 1637 1658 1673 respondere,

879 1689 949 1717 Sane
960 1692 1049 1724 potest
1062 1697 1069 1714 :
1085 1695 1160 1720 nam,
1177 1691 1270 1721 utpote
1285 1685 1373 1713 factus
1386 1688 1413 1712 et
1432 1687 1551 1716 creatus,
1569 1687 1659 1710 muta-

879 1735 941 1763 bilis
955 1738 996 1762 est
1011 1738 1124 1762 naturae.

914 1780 959 1808 lV.
972 1780 1036 1808 Haec
1051 1780 1167 1807 Arianos
1181 1779 1333 1814 loquentes,
1351 1777 1407 1803 inec
1423 1774 1660 1810 impudentissime

879 1829 1054 1859 aﬂirmautes,
1072 1834 1123 1853 nos
1145 1834 1208 1854 cum
1229 1823 1363 1860 episcopis
1387 1821 1495 1857 Atlgypti
1517 1826 1545 1848 ct
1561 1821 1660 1856 Libya-

879 1882 939 1902 rum
956 1880 1040 1909 prope
1059 1878 1177 1906 centum,
1196 1874 1223 1899 in
1239 1879 1323 1899 unum
1344 1869 1442 1901 coacti,
1459 1868 1521 1896 illos
1534 1875 1596 1895 cum
1613 1874 1659 1894 se-

879 1920 1031 1949 ctatoribus
1050 1920 1107 1948 suis
1123 1919 1296 1946 anathemate
1312 1916 1510 1952 percussimus.
1531 1914 1565 1940 At
1578 1913 1660 1940 Euse-

878 1968 941 1995 bius
949 1971 976 1994 et
991 1966 1058 1994 socii
1074 1965 1243 1993 admiserunt
1258 1964 1329 1996 illos,
1340 1968 1503 1997 operamque
1514 1964 1660 1992 navarunt,

880 2016 910 2040 ut
924 2012 1029 2040 veritati
1054 2011 1237 2042 mendacium,
1262 2009 1355 2044 pietati
1370 2008 1535 2043 impietatem
1557 2005 1659 2033 admis-

880 2061 968 2086 ceant.
985 2057 1038 2085 Sed
1051 2063 1221 2091 nequaquam
1241 2054 1269 2082 id
1286 2054 1393 2081 eilicere
1408 2053 1537 2080 valebunt
1551 2058 1558 2076 :
1576 2051 1661 2078 vincit

879 2104 979 2139 quippe
994 2103 1106 2135 veritas,
1128 2101 1256 2136 nullaque
1278 2100 1389 2127 societas
1406 2099 1459 2126 luci
1480 2098 1514 2125 ad
1528 2097 1658 2128 tenebras,

880 2149 952 2177 nulla
974 2147 1146 2176 consonantia
1171 2145 1271 2174 Christi
1293 2145 1327 2172 ad
1348 2144 1434 2172 Belial
1449 2144 1483 2172 “‘.
1502 2143 1570 2176 Quis
1588 2142 1660 2169 enim

40 2199 92 2225 σις
110 2192 242 2226 Χριστοῦ
257 2192 332 2226 πρὸς
348 2192 465 2225 Βελίαρ.
484 2192 532 2224 Τίς
543 2192 597 2228 γὰρ
611 2192 709 2227 ἤκουσε
721 2191 825 2220 πώποτε

881 2198 1000 2227 unquam
1022 2191 1086 2218 talia
1109 2190 1212 2217 audivit
1226 2190 1238 2216 ?
1259 2190 1321 2224 quis
1336 2190 1392 2224 jam
1408 2188 1523 2216 audiens
1537 2195 1592 2214 non
1611 2187 1661 2214 ob-

40 2237 171 2271 τοιαῦτα;
198 2238 215 2274 ἦ
239 2238 280 2270 τίς
296 2238 343 2265 νῦν
359 2238 464 2265 ἀκούων
482 2238 512 2264 οὐ
540 2238 682 2271 ξενίζεται,
703 2239 751 2267 καὶ
778 2238 827 2271 τὰς

86 2317 110 2332 ⁵⁸
128 2315 160 2343 11
173 2315 237 2344 Cor.
252 2324 290 2349 vi,
308 2316 353 2342 M.

77 2364 134 2399 (54)
156 2363 203 2391 Sic
227 2363 294 2398 Reg.
311 2363 556 2399 Socrat.,'Apatog,
574 2362 705 2399 ’Λχιλλᾶς.
720 2361 822 2393 Gelas.,

43 2399 224 2436 Ἄρειος,καὶ
243 2399 390 2434 Ἀχιλλεὺς,
404 2400 451 2426 καὶ
468 2399 566 2436 Θαλῆς.

77 2432 134 2471 (55)
145 2435 180 2471 QZ
191 2442 264 2461 ποτε
275 2432 476 2471 πρεσβύτεροι.
491 2432 658 2471 Hat'cnotatu
666 2432 826 2471 dignissima

41 2467 130 2498 verba'
143 2469 245 2504 desunt
259 2467 331 2504 apud
345 2467 451 2497 Socrat.
470 2473 496 2497 et
512 2469 616 2502 Gelas.,
631 2472 659 2497 et
673 2468 746 2504 apud
764 2467 828 2502 Epi-

43 2505 173 2540 phaniuni
187 2503 397 2536 Scholasticum,
407 2505 454 2539 qui
464 2505 555 2540 omnia
568 2504 687 2540 miscuit.

78 2540 134 2576 (56)
150 2539 272 2576 Socrat.,
304 2537 455 2576 Ἰουλιανός.
473 2539 535 2576 Mog
550 2539 628 2576 illud,
642 2539 668 2566 οῖ
688 2546 753 2565 ποτε
769 2537 827 2565 διά-

43 2574 124 2608 κονοι,
141 2575 243 2610 desunt
260 2574 453 2610 apudSocrat.
470 2579 498 2601 et
510 2574 600 2602 Gelas.

75 2611 132 2645 (57)
145 2609 193 2637 Sic
207 2608 287 2645 Socr:
295 2614 322 2637 et
329 2609 419 2638 Gelas.
427 2610 462 2636 At
474 2609 551 2645 Reg.,
561 2610 652 2637 minus
661 2612 747 2645 recte,
753 2608 828 2645 παρὰ

42 2649 100 2678 ταῖς
117 2646 253 2681 Γραφαίς.
268 2644 334 2672 Post
349 2645 406 2671 ἔστι
423 2644 620 2681 ταῦταζϐεὶιιε.
639 2645 719 2681 habet
740 2644 827 2681 δόγμα

48 2679 152 2718 Ἀρεὶοὐ
171 2689 177 2706 :
197 2688 259 2715 qua:
273 2681 359 2718 verba
374 2687 436 2718 cum
451 2680 485 2707 ad
502 2679 614 2718 _modum
626 2679 712 2718 tituli,
728 2679 769 2706 vel
792 2679 826 2706 ad

43 2714 194 2752 marginem
206 2714 214 2715 ί
226 2716 329 2750 scripta
345 2716 469 2747 fuissent,
494 2714 602 2742 demum
625 2715 653 2741 in
669 2718 825 2742 contextum

43 2752 174 2780 translata
192 2755 278 2778 sunt:
294 2758 410 2785 quorum
435 2750 494 2777 loco
510 2749 681 2785 Florentinus
705 2749 791 2785 codex
809 2757 824 2776 a

42 2787 148 2814 Valesio
163 2785 293 2813 laudatus
304 2783 619 2821 habet,ardi;<ppovoﬁcty
644 2783 785 2821 Ἀρειανοί.

67 2821 129 2857 (58)
142 2821 268 2857 δοες-ειν
286 2821 333 2847 καὶ
348 2820 428 2857 agro;
446 2818 489 2846 6e.
500 2818 703 2857 QodegLeonis
720 2818 822 2857 Allatii,

41 2853 84 2887 κιιῖ
96 2853 181 2889 αὗτὺς
201 2856 230 2883 δὲ
245 2855 283 2884 ὣν
299 2857 326 2885 ὲν
347 2855 383 2891 τῷ
396 2855 452 2890 ἰδίῳ
469 2855 514 2882 τοῦ
533 2855 600 2882 Θεοῦ
624 2855 712 2891 Λόγῳ,
731 2854 777 2882 καὶ
794 2853 822 2881 ὲν

880 2241 1031 2272 stupescat,
1052 2243 1187 2271 auresque
1209 2242 1264 2263 non
1276 2235 1411 2267 obstruat,
1426 2238 1455 2260 ut
1468 2240 1502 2260 ne
1521 2230 1658 2268 ejusmodi

877 2361 910 2401 τῇ
924 2360 970 2401 τοςξ
990 2360 1058 2401 Θεοῦ
1074 2359 1265 2401 Σοῳίφιυιιιι
1278 2367 1358 2400 quem
1375 2358 1510 2401 ΕιρίιςήεεειηΖ
1524 2359 1660 2401 δοίιριοὲῑτ

879 2393 929 2437 snio,
941 2395 1048 2437 'Et‘t'pse
1061 2400 1086 2423 et
1098 2393 1226 2423 absistens
1235 2395 1262 2422 in
1269 2393 1374 2430 proprio
1388 2393 1437 2422 Dei
1451 2393 1533 2421 Verbo
1544 2399 1569 2421 et
1577 2394 1604 2421 in
1615 2394 1662 2421 Dei

881 2430 1218 2528 ::§§3"'que.7,,¥eoms
1241 2464 1340 2497 Allat.,
1368 2463 1493 2500 ἀόρατος·
1525 2463 1660 2499 EP‘P"““'

968 2521 987 2528 ..
1000 2509 1077 2528 υιυιδι
1097 2509 1103 2527 ι
1118 2509 1150 2527 ιδ·

903 2509 987 2528 CDOL.
1000 2509 1150 2528 mvzswms.

1236 2534 1307 2570 apud
1324 2533 1414 2562 Gelas.
1438 2533 1499 2561 Mox
1519 2533 1591 2561 idem
1614 2534 1662 2560 καὶ

879 2573 938 2607 γὰρ
947 2570 1029 2607 αὐτοῦ
1045 2571 1105 2606 τήν.

915 2602 972 2642 (61)
989 2602 1106 2642 Sperat,
1120 2604 1165 2642 ναὶ
1177 2604 1296 2642 Suria-rat.
1311 2604 1414 2642 (ictas,
1429 2605 1469 2642 ὅτι
1482 2603 1526 2642 ναὶ
1537 2602 1659 2642 δύναται.

879 2637 947 2669 Ibid.
963 2637 1049 2668 codex
1069 2639 1169 2667 Leonis
1189 2639 1282 2671 Αιιίιιη
1307 2637 1350 2666 οἷα
1365 2640 1485 2674 τρεπτῆς
1500 2638 1660 2674 ᾣννφύσεως

878 2676 926 2704 καὶ
951 2675 1088 2711 γεννητὸς.
1109 2674 1160 2701 Cui
1184 2678 1317 2711 consonat
1340 2673 1486 2711 Epiphania
1505 2673 1660 2711 Scholast.,

879 2716 1006 2746 tanquam
1019 2709 1116 2737 itatura
1130 2709 1305 2746 conpertigilis
1316 2709 1455 2746 exsistam,
1473 2709 1558 2746 factas
1574 2709 1661 2746 aiunt

875 2752 900 2774 et
916 2743 1090 2772 convertibilis
1108 2749 1157 2771 est.
1177 2744 1228 2771 Ubi
1244 2743 1361 2777 Socrat.,
1377 2745 1423 2771 καὶ
1446 2744 1560 2779 τρεπτὺς
1570 2743 1660 2779 ὑπάρ-

878 2789 942 2818 χων.
958 2779 1011 2808 Scd
1028 2781 1107 2818 longe
1125 2783 1234 2815 praestat
1252 2779 1328 2815 Regii
1341 2780 1401 2808 cod.
1414 2784 1440 2808 et
1455 2779 1554 2808 Gelasii
1568 2779 1659 2813 lectio,

877 2816 956 2852 quam
972 2816 1121 2851 sequimur.

914 2852 967 2887 (62)
985 2849 1080 2879 δόσι-ιιι
1095 2870 1102 2884 ,
1115 2849 1325 2883 συγκαταμίξαι.
