1911 3073
254 107 308 135 575

823 103 852 131 S.
871 101 1070 131 ALEXANDRI
1090 101 1321 130 ΑιΕΧΑΝοιιιΝι
1821 102 1861 131 571

253 161 399 190 verborum
423 157 520 187 sordes
543 165 625 187 aures
639 157 716 186 'suas
739 158 944 185 contaminent?
969 157 1038 191 Quis

1092 157 1173 191 ἀκοὰς
1189 158 1256 194 βύει,
1272 158 1343 194 ὑπὲρ
1357 158 1404 185 τοῦ
1417 158 1455 194 μὴ
1468 158 1513 185 τὸν
1531 159 1616 194 ῥύπον
1635 158 1739 186 τούτων
1759 159 1812 186 τῶν
1824 161 1860 196 ρη-

253 209 310 235 ῒιωο
327 205 442 233 Joannis
456 204 571 233 audiens
590 213 597 232 :
614 203 647 232 In
661 204 791 240 principio
805 209 863 231 erat
884 204 1038 237 Verbum“,

252 252 375 279 homines
385 258 441 278 non
455 251 629 282 condemnet,
644 249 692 285 qui
702 249 779 277 aiunt
792 259 799 277 :
817 248 880 277 Fuit
893 250 1040 285 aliquando

251 306 314 326 cum
328 305 385 326 non
397 297 492 326 esset?
509 296 577 330 Quis
594 296 617 324 si
643 296 701 324 haec
723 296 864 332 Evangelii
887 296 969 324 verba
991 304 1039 324 au-

251 345 310 373 diat
325 352 332 371 :
354 344 510 381 Unigenitus
528 344 632 377 Filius;
647 348 675 372 et
689 344 760 372 :Per
783 345 869 379 ipsum
887 344 960 379 facta
978 349 1039 371 sunt

251 393 342 420 omnia
350 391 385 425 δ’,
397 391 460 419 illos
476 399 532 419 non
553 394 696 419 aversetur
718 391 776 419 haec
799 391 962 426 loquentes:
980 390 1039 418 Una

252 439 297 467 ille
309 442 352 466 est
365 446 398 466 ex
413 438 496 465 rebus
512 437 609 465 iactis?
623 437 690 464 Nam
703 437 751 473 qui
773 441 863 472 potest
876 445 930 465 una
947 445 979 466 ex
995 445 1039 466 re-

250 485 303 512 bus
317 491 333 511 a
358 491 388 512 se
404 483 482 511 factis
502 490 574 516 esse,
597 487 645 511 aut
665 484 712 519 qui
727 483 885 519 unigenitus
901 483 964 516 crit,
979 483 1038 518 qui,

251 535 282 560 ut
298 531 376 559 aiunt
390 532 440 563 illi,
456 532 583 560 omnibus
606 535 814 564 annumeratur,
839 532 862 560 si
880 532 989 567 quidem
1012 537 1039 561 et

252 577 297 605 ille
317 585 362 604 res
386 581 428 604 est
449 577 521 604 facta
538 580 621 612 atque
638 577 747 604 creata?
765 577 909 610 Quomodo
931 586 965 605 ex
983 585 1038 606 non

251 623 422 652 exstantibus
453 623 543 652 factus
567 624 613 651 ille
640 623 733 657 fuerit,
763 632 826 652 cum
849 624 931 652 Pater
955 625 1037 657 dicat,

253 669 390 697 Eructavit
403 678 449 697 cor
462 679 548 698 meum
569 671 682 698 Verbum
697 671 791 698 bonum
805 672 843 704 Μ;
858 676 894 705 et,
910 671 952 698 Ex
965 676 1038 699 utero

252 719 312 743 ante
328 715 480 750 Luciferum
495 717 572 752 genui
583 721 606 744 te
616 717 659 746 “.7
677 717 731 745 Aut
747 718 884 752 quomodo
905 717 1038 745 absimilis

252 761 413 789 substantiae
436 761 527 790 Patris
550 761 647 795 fuerit,
670 763 717 798 qui
743 767 786 792 est
808 764 898 799 imago
919 764 1037 799 perfecta

252 805 436 842 splendorque
453 806 553 840 Patris,
567 809 668 843 quique
688 808 745 835 ait:
768 807 820 841 Qui
834 809 901 836 vidit
911 817 961 842 me,
973 809 1039 836 vidit

1091 205 1182 241 μάτων
1205 204 1307 240 ψαῦσαι
1326 205 1375 240 τῆς
1390 205 1484 241 ἀκοῆςς
1504 205 1552 238 Τίς
1567 205 1672 233 ἀκούων
1694 205 1816 233 Ἰωάννου
1828 207 1862 234 λέ-

1089 259 1194 285 γοντος,
1226 252 1277 279 Ἐν
1297 251 1376 286 ἀρχῇ
1397 249 1437 287 ἦν
1460 253 1476 279 ό
1495 252 1599 287 Λόγος,
1622 252 1653 278 οὐ
1675 252 1862 286 καταγινώσκῃ

1089 297 1190 325 τούτων
1200 297 1342 332 λεγόντων,
1355 295 1409 325 Ἦν
1424 306 1487 324 ποτε
1498 298 1542 324 ὅτε
1556 298 1606 325 οὐκ
1615 296 1660 334 ἦν;
1674 299 1763 331 Ἦ.τίς
1770 300 1864 327 ἀκούων

1089 344 1118 370 ὲν
1130 343 1168 379 τῷ
1181 344 1349 380 Εὑαγγελίῳ,
1363 343 1536 380 Μονογενὴς
1559 345 1634 379 nec,
1652 346 1709 378 καὶ,
1727 346 1768 372 Δι’
1783 347 1863 374 αὑτοῦ

1088 389 1206 424 ἐγένετο
1231 390 1339 423 πάντα,
1363 391 1394 417 οὺ
1414 391 1524 427 μισήσει
1543 391 1654 423 τούτους
1673 392 1863 428 φθεγγομένους

1089 436 1141 469 ὅτι,
1157 433 1205 469 Εἷς
1216 437 1289 464 ἐστιν
1300 437 1353 464 τῶν
1364 438 1523 474 ποιημάτων
1533 438 1605 473 (65);
1621 438 1683 470 Πῶς
1697 438 1752 476 γὰρ
1766 439 1863 466 δύναται

1089 479 1129 514 εἷς
1144 479 1214 509 εἶναι
1227 483 1281 510 τῶν
1296 483 1329 510 δι’
1342 484 1424 511 αὑτοῦ
1442 485 1605 520 γενομένων,
1618 484 1635 520 ἢ
1654 485 1711 516 πῶς
1728 486 1863 521 μονογενὴς

1088 529 1103 555 6
1127 529 1184 560 τοῖς
1204 529 1270 556 πᾶσι
1285 529 1487 564 κατ’,ὲκείνους
1512 529 1772 565 συναριθμούμενος,
1797 530 1864 566 εἴπερ

1089 573 1136 601 καὶ
1151 574 1232 606 αὐτὸς
1249 574 1352 610 κτίσμα
1377 575 1435 601 ἐστὶ
1458 575 1505 601 καὶ
1526 575 1629 610 ποίημα
1639 575 1693 611 (64)
1706 584 1718 608 ;
1730 575 1792 607 Πῶς
1805 576 1830 602 δὲ
1843 576 1865 608 ἐξ

1088 620 1138 647 οὐκ
1147 619 1230 647 ὄντων
1245 620 1278 647 ἂν
1287 620 1340 656 εἴη,
1352 620 1399 647 τοῦ
1411 621 1517 656 Πατρδς
1526 621 1659 655 λέγοντος·
1678 621 1865 655 Ἒξηρεύξατο

1089 666 1109 700 ὴ
1121 665 1227 700 καρδία
1237 675 1297 700 μου
1307 667 1403 701 Λόγον
1416 666 1536 701 ἀγαθόν·
1551 666 1607 693 καί·
1616 667 1666 693 Ἐκ
1681 666 1810 701 γαστρὸς
1819 666 1866 700 πρὸ

1094 710 1265 745 Ἑωσφόρου
1296 711 1446 745 ἐγέννησά
1474 719 1529 742 σε;
1545 711 1580 737 ’Ἡ
1607 711 1665 743 πῶς
1689 712 1816 747 ἀνόμοιος
1840 714 1866 747 τῇ

1087 757 1166 793 οὐσίᾳ
1178 756 1225 784 τοῦ
1240 757 1356 793 Πατρὺς,
1369 758 1383 784 6
1393 757 1431 784 ὢν
1446 757 1527 784 εἰκὼν
1538 757 1628 785 τελεία
1647 759 1694 786 καὶ
1707 758 1867 793 ἀπαύγασμα

1088 803 1134 830 τοῦ
1156 803 1273 838 Πατρὸς,
1291 804 1339 831 καὶ
1356 803 1453 838 λέγων’
1485 805 1516 831 '0
1529 804 1664 839 ἑωρακὼς
1687 803 1751 839 ἐμὲ,
1767 803 1866 838 ἑώρακε

250 855 277 878 et
292 851 401 881 Patrem
410 851 433 868 ⁸³
445 853 458 880 7
480 852 539 886 Quo
557 856 637 888 pacto
654 853 678 881 si
699 853 819 881 Verbum
842 861 890 882 seu
910 853 992 884 Ratio
1013 860 1039 883 et

1092 850 1142 877 τὸν
1164 848 1290 883 Πατέρα;
1315 849 1378 881 Πῶς
1402 849 1430 876 δὲ
1453 850 1478 876 εἰ
1497 850 1582 884 Λόγος
1596 849 1643 876 καὶ
1658 849 1742 884 Σοφία
1757 850 1816 876 ἐστι
1829 850 1867 876 τοῦ

253 898 392 934 Sapientia
401 898 448 927 Dei
462 899 548 928 Filius
557 903 609 933 est,
621 900 672 928 fuit
686 905 794 937 tempus
808 909 871 930 cum
883 909 939 930 non
952 903 1038 930 esset?

251 944 368 972 Perinde
386 949 429 973 est
451 945 524 973 enim
540 953 571 974 ac
589 947 612 974 si
626 947 748 975 dicerent
765 947 870 976 :Dcum
892 948 1038 983 aliquando

252 990 367 1019 [latione
376 994 404 1019 et
417 990 555 1026 Sapientia
570 992 702 1020 caruisse.
718 992 770 1026 Qui
787 993 851 1021 item
863 993 932 1020 verti
948 996 1038 1020 muta-

249 1037 307 1065 five
320 1041 419 1073 potest,
435 1038 482 1072 qui
493 1038 531 1064 ait
543 1045 592 1072 per
604 1046 633 1066 se
648 1038 757 1073 quidem
771 1039 829 1074 ipse
843 1047 851 1066 :
869 1038 924 1075 Ego
939 1039 967 1066 in
981 1039 1032 1066 Pa-

251 1086 301 1115 tre,
317 1087 342 1109 et
361 1082 443 1110 Pater
455 1083 482 1109 in
497 1091 537 1110 me
555 1083 596 1116 “;
615 1088 652 1116 et,
674 1083 730 1119 Ego
747 1089 771 1111 et
789 1084 873 1112 Pater
891 1093 972 1112 unum
993 1094 1038 1112 su—

251 1137 310 1156 mus
320 1129 343 1144 "
355 1136 365 1156 :
381 1136 430 1164 per
451 1129 611 1164 prophetam
630 1137 695 1157 vero
710 1139 717 1157 :
739 1130 829 1158 Videte
843 1140 894 1164 me,
914 1132 976 1166 quia
992 1140 1037 1167 ego

250 1183 318 1207 sum,
330 1179 355 1202 et
379 1183 431 1202 non
446 1180 534 1202 mutor
542 1176 587 1203 “.9
599 1175 665 1203 Nam
684 1176 791 1205 etiamsi
814 1178 849 1205 ad
871 1177 978 1206 Patrem
998 1178 1039 1205 di—

252 1225 326 1249 ctum
352 1220 418 1248 illud
446 1221 542 1249 referri
570 1226 661 1257 queat,
680 1223 770 1257 aptius
796 1227 887 1251 tamen
911 1223 945 1251 de
969 1222 1038 1250 Filio

249 1266 304 1301 jam
317 1266 429 1299 dicitur,
443 1267 507 1302 quia
523 1275 584 1294 cum
602 1267 691 1295 factus
708 1268 788 1296 homo
806 1269 852 1299 sit,
868 1276 1038 1304 nequaquam

253 1315 375 1339 mutatus
391 1316 449 1346 est;
471 1313 530 1344 sed,
551 1316 580 1340 ut
600 1314 638 1340 ait
653 1313 800 1349 Apostolus
808 1316 830 1330 “
844 1324 850 1342 :
869 1314 946 1342 Jews
962 1315 1039 1342 Chri-

253 1363 310 1385 stus
330 1358 385 1386 heri
406 1363 430 1386 et
446 1359 532 1392 hodie,
549 1360 604 1393 ipse
624 1364 649 1387 et
668 1361 695 1387 in
710 1361 820 1388 rwcuta.
845 1360 912 1394 Quis
933 1361 1040 1389 induxit

254 1402 316 1430 illos
326 1403 496 1436 utdicerent,
509 1409 621 1439 propter
633 1412 683 1432 nos
697 1405 772 1432 illum
784 1405 885 1433 factum
895 1414 965 1438 esse,
977 1407 1040 1434 licet

254 1447 356 1477 Paulus
371 1449 446 1477 dicat
455 1450 478 1466 '°
497 1460 504 1478 :
520 1450 634 1486 Propter
653 1459 729 1486 quem
751 1452 850 1486 omnia,
865 1457 890 1480 et
905 1461 951 1488 per
964 1461 1040 1488 quem

253 1495 343 1522 omnia
351 1496 364 1523 2

1087 894 1154 922 Θεοῦ
1177 896 1192 922 6
1220 891 1338 929 Υιδς,ἧν
1349 903 1414 922 ποτε
1438 895 1483 922 ὅτε
1499 895 1548 922 οὐκ
1573 893 1621 931 ἦνς
1644 893 1718 922 Ἴσον
1734 896 1789 931 γάρ
1804 896 1867 921 ἐστιν

1087 943 1185 973 αὐτοὺς
1199 941 1288 976 λέγειν
1301 942 1396 977 ἄλογον
1407 942 1453 969 καὶ
1464 942 1563 976 ἄσοφόν
1577 950 1641 969 ποτε
1655 942 1701 968 τὸν
1718 942 1785 969 Θεόν
1795 950 1802 957 ’
1819 942 1868 974 m3;

1087 988 1116 1015 δὲ
1134 987 1248 1024 τρεπτὸς
1277 987 1323 1014 καὶ
1347 988 1490 1019 ἀλλοιωτὺς
1508 988 1522 1014 6
1538 987 1634 1022 λέγων,
1655 987 1688 1014 δι’
1705 987 1803 1015 ἑαυτοῦ
1816 988 1867 1023 μὲν.

1094 1033 1167 1068 Ἐγὼ
1179 1033 1214 1060 ἐν
1227 1032 1267 1066 τῷ
1277 1033 1378 1067 Harp),
1391 1033 1440 1060 mi
1453 1035 1470 1060 ὀ
1480 1033 1581 1067 Πατὴρ
1593 1033 1628 1060 ὲν
1638 1033 1712 1069 ἐμοί’
1737 1033 1793 1060 καί·
1804 1032 1869 1067 Ἐγὼ

1088 1080 1136 1108 καὶ
1154 1082 1171 1108 ὁ
1182 1080 1284 1115 Πατὴρ
1294 1080 1329 1108 ἓν
1339 1081 1442 1115 ἐσμεν⁸
1453 1080 1498 1107 διὰ
1511 1080 1539 1107 δὲ
1555 1080 1602 1106 τοῦ
1622 1080 1774 1116 προφήτου·
1789 1080 1868 1107 Ἴδετῖέ

1086 1134 1134 1160 με,
1153 1125 1199 1152 ὅτι
1222 1125 1279 1161 ἐγώ
1299 1127 1367 1161 εἰμι,
1383 1125 1433 1152 καὶ
1446 1126 1502 1153 οὐκ
1517 1125 1693 1160 ἠλλοίωμας
1708 1125 1741 1151 Εἰ
1759 1125 1816 1160 γὰρ
1830 1125 1868 1151 καὶ

1089 1174 1132 1200 ἐπ’
1153 1173 1233 1200 αὐτόν
1246 1181 1288 1204 τις
1311 1172 1356 1199 τὸν
1370 1172 1478 1208 Πατέρα
1491 1171 1600 1199 δύναται
1611 1171 1641 1198 τὸ
1666 1171 1748 1206 ῥητὸν
1775 1171 1869 1206 ἁναφέ-

1090 1226 1157 1255 ρειψ
1179 1217 1247 1245 ἀλλὰ
1262 1216 1461 1253 ἁρμοδιώτερον
1483 1216 1516 1243 ἂν
1531 1216 1572 1251 εἴη
1586 1217 1650 1252 περὶ
1663 1215 1710 1243 τοῦ
1726 1216 1815 1250 Λόγου
1829 1215 1870 1242 νῦν

1089 1265 1243 1300 λεγόμενον,
1258 1264 1299 1290 ὃτι
1317 1264 1364 1290 καὶ
1380 1263 1526 1298 γενόμενος
1546 1263 1688 1299 ἄνθρωπος
1700 1264 1753 1289 οὐκ
1765 1262 1870 1297 ἠλλοίω-

1089 1320 1145 1340 ται·
1162 1311 1218 1339 ἀλλ’
1237 1311 1274 1342 ὡς
1291 1308 1366 1337 εἶπεν
1381 1311 1395 1336 6
1415 1309 1582 1340 Ἀπόστολος·
1612 1310 1731 1342 Ἰησοῦς
1750 1308 1870 1342 Χριστὸς

1090 1358 1162 1393 χθὲς
1176 1357 1225 1384 καὶ
1241 1357 1383 1391 σήμερον,
1399 1357 1415 1383 ό
1431 1356 1523 1389 αὐτὸς
1542 1355 1591 1382 καί
1612 1356 1655 1388 εὶς
1671 1355 1743 1388 τοὺς
1756 1354 1868 1386 αἰῶνας

1090 1404 1132 1436 τίς
1145 1403 1243 1439 δὲ
1259 1403 1312 1438 ἄρα
1337 1403 1423 1429 εἰπεῖν
1438 1402 1535 1433 αὐτοὺς
1552 1401 1669 1433 ἔπεισεν,
1683 1401 1724 1427 ὃτι
1747 1400 1781 1426 δι’
1801 1400 1870 1435 ἡμᾶς

1090 1450 1197 1484 γέγονε,
1222 1449 1310 1476 καίτοι
1330 1440 1377 1476 τοῦ
1399 1447 1504 1474 Παύλου
1527 1447 1687 1483 γράφοντος·
1716 1446 1756 1473 Δι’
1778 1445 1814 1473 ὃν
1840 1445 1870 1472 τὰ

1091 1496 1199 1529 πάντα,
1216 1496 1265 1524 καὶ
1280 1496 1317 1523 δι’
1328 1494 1364 1524 οὖ
1383 1496 1419 1523 τὰ
1438 1495 1552 1527 πάντα;

288 1541 322 1569 V.
339 1540 419 1575 Quod
444 1546 551 1578 spectat
571 1546 662 1570 autem
689 1543 764 1571 illam
789 1552 886 1572 eorum
909 1545 1036 1581 blasphe«

1126 1543 1155 1570 ν.
1180 1543 1249 1579 Περὶ
1275 1541 1329 1578 γὰρ
1349 1542 1395 1568 τοῦ
1412 1541 1591 1577 βλασφημεῖν,
1615 1541 1656 1568 ὅτι
1668 1540 1718 1567 οὐκ
1738 1539 1810 1567 οῐδεν
1830 1549 1868 1566 τε·

253 1587 336 1614 miam
356 1595 410 1623 qua
429 1587 518 1620 aiunt,
545 1587 643 1615 Filium
660 1595 714 1615 non
742 1596 826 1618 nosse
853 1590 974 1625 perfecte
987 1590 1039 1617 Pa.

253 1634 336 1666 trem;
364 1639 535 1667 nequaquam
559 1632 713 1660 mirandum
730 1641 814 1662 :cum
835 1634 907 1661 enim
935 1634 963 1661 in
979 1635 1039 1662 ani-

255 1685 329 1704 mum
344 1677 500 1705 induxerint
514 1677 624 1706 Christo
639 1679 739 1706 bellum
754 1679 865 1712 inferre,
882 1685 1040 1715 oppugnant

256 1723 321 1750 item
330 1723 388 1751 haec
402 1724 474 1752 illius
488 1725 569 1752 verba
587 1732 593 1750 ε
609 1724 686 1752 Sicut
703 1726 772 1752 novit
792 1733 832 1752 me
847 1725 939 1758 Pater,
951 1731 977 1753 et
993 1734 1038 1761 ego

256 1777 368 1802 agnosco
383 1769 492 1796 Patrem
506 1771 540 1797 “.
554 1769 671 1798 Proinde
686 1771 708 1798 si
728 1779 760 1798 ex
778 1774 855 1806 parte
877 1775 981 1798 tantum
996 1771 1040 1798 Fi-

256 1815 323 1842 lium
341 1816 416 1843 novit
430 1816 520 1849 Pater,
544 1820 654 1844 constat
671 1815 770 1844 Filium
786 1825 841 1844 non
858 1817 977 1852 perfecte
992 1824 1040 1844 co-

257 1869 388 1897 gnoscere
401 1861 520 1889 Patrem.
535 1861 612 1895 Quod
635 1863 658 1890 si
674 1863 751 1891 nefas
765 1863 799 1890 sit
815 1864 851 1890 ita
874 1863 959 1899 loqui,
975 1868 1003 1891 et
1016 1864 1039 1891 si

256 1907 336 1936 Pater
349 1907 469 1942 perfecte
493 1907 569 1935 novit
583 1907 696 1942 Filium;
713 1909 824 1944 planum
840 1913 882 1938 est
902 1910 974 1938 sicut
988 1909 1040 1937 Pa-

256 1957 299 1980 ter
321 1953 440 1982 Verbum
463 1954 538 1981 novit
566 1961 657 1987 sutttn,
684 1955 796 1990 perinde
810 1955 940 1989 Verbum,
959 1964 1039 1984 suum

257 2005 339 2025 nosse
348 1997 467 2030 Patrem,
480 1998 559 2034 cujus
573 1999 662 2033 ipsum
676 1999 794 2027 Verbum
809 2005 860 2028 est.

294 2042 337 2069 Vl.
356 2043 419 2071 Ilaec
437 2043 564 2076 dicendo,
584 2048 665 2080 atque
688 2045 795 2074 divinas
812 2045 972 2081 Scripturas
992 2056 1041 2075 ex-

258 2089 411 2123 plananda,
441 2096 626 2124 saepenumero
653 2090 713 2119 illos
737 2091 914 2120 convicimus.
939 2092 1040 2121 Verum

259 2135 397 2171 illi,quasi
412 2135 631 2170 chamaeleontes,
647 2141 751 2164 mutata
764 2138 879 2167 subinde
893 2140 1039 2173 sententia,

258 2181 362 2209 dictum
379 2182 444 2210 illud
460 2182 511 2210 sibi
535 2182 675 2211 vindicare
701 2184 826 2212 nituntur
840 2195 847 2213 :
864 2185 967 2221 Impius
981 2195 1040 2214 cum

259 2229 286 2254 in
313 2229 473 2263 profundum
501 2229 614 2263 venerit,
638 2231 778 2258 contemnit
793 2232 826 2259 ".

259 2278 321 2302 ante
336 2275 397 2303 illos
412 2275 542 2303 exstitere
566 2276 694 2310 haereses,
711 2285 780 2312 quae,
798 2279 860 2313 plus
885 2287 967 2314 quam
991 2287 1041 2315 par

258 2324 328 2353 erat,
347 2327 430 2355 ausae,
446 2321 474 2348 in
491 2321 653 2350 dementiam
668 2322 795 2358 collapsa:
814 2329 887 2351 sunt.
901 2324 936 2351 At
951 2325 978 2352 hi
993 2325 1040 2360 qui

258 2366 364 2394 voculis
379 2367 438 2395 suis
453 2369 581 2397 omnibus
607 2369 634 2396 id
649 2370 809 2401 moliuntur,
828 2374 858 2398 ut
875 2370 955 2398 Verbi
971 2371 1041 2398 divi-

260 2413 371 2441 nitatem
393 2414 500 2448 tollant,
516 2415 543 2443 id
559 2415 683 2449 eﬂ‘ecere,
699 2419 730 2443 ut
743 2416 945 2451 quodammodo
960 2417 1041 2452 justa:

260 2459 417 2488 viderentur
433 2460 495 2494 illm,
512 2469 573 2489 cum
589 2462 702 2497 propius
719 2462 771 2497 ipsi
791 2462 826 2490 ad
839 2461 1040 2491 Antichristum

319 2538 340 2555 “
354 2539 434 2566 Joan.
452 2547 473 2572 ι,
492 2541 517 2568 Ι.

262 2573 284 2610 ξ’
301 2574 366 2610 ibid.
383 2575 425 2602 10.
478 2575 500 2590 ⁸⁷
515 2575 597 2603 Joan.
611 2583 645 2608 ι,
661 2573 720 2604 5οᾋ
759 2580 781 2591 δ”
797 2577 915 2605 Malach.
934 2586 976 2610 ιιι,
993 2578 1018 2606 6.

261 2608 285 2624 ⁸⁸
296 2608 376 2637 Prov.
391 2617 469 2643 xvut,
482 2610 508 2637 5.

299 2679 354 2716 (65)
373 2679 479 2716 Sperat.
494 2684 562 2716 post
576 2680 736 2716 ποιημάτων
751 2679 832 2716 habet
847 2680 861 2706 6
879 2679 953 2710 Υἱός.
968 2678 1042 2706 idem

264 2714 342 2745 ibid.,
354 2714 412 2746 πῶς
429 2715 457 2740 δὲ
471 2714 579 2742 δύναται
595 2714 652 2747 [cog
669 2714 748 2746 εἶναι,
764 2715 855 2742 minus
871 2719 954 2742 recte.

299 2750 354 2783 (64)
371 2749 443 2785 Haec:
453 2751 529 2784 εἴπερ
541 2751 587 2776 καὶ
598 2751 678 2781 αὐτὸς
690 2750 791 2785 κτίσμα
801 2750 914 2785 scr-rigat
925 2749 1038 2785 ποίημα,

265 2785 362 2820 desunt
385 2784 412 2820 in
427 2783 545 2815 ευριπ,
565 2785 653 2813 Gelas.
674 2789 699 2812 ct
722 2783 852 2820 Epiphan.
869 2783 1038 2819 St'ltol.,"scd

266 2819 294 2845 in
308 2817 372 2853 Reg.
390 2817 524 2851 leguntur.

565 2540 588 2556 δ’
602 2539 682 2568 Joan.
697 2547 724 2575 Ι,
744 2540 788 2572 18,
802 2540 832 2569 5.
873 2542 896 2559 ⁸³
910 2542 986 2570 Psal.
1005 2551 1079 2574 XLIV,
1094 2543 1119 2570 1.
1173 2542 1196 2558 “
1212 2541 1288 2569 Psal.

565 2584 597 2603 1n.
611 2583 645 2605 ιι.
661 2576 706 2604 50.
759 2580 781 2591 δ”
797 2577 915 2605 Malach.
934 2586 976 2605 ιιι.
993 2578 1018 2605 6.
1073 2579 1094 2595 ⁸³
1113 2578 1193 2605 Ilebr.
1211 2585 1270 2605 xttt.
1287 2577 1304 2605 8

1171 2587 1193 2604 r.
1211 2587 1270 2610 xttt,
1287 2587 1314 2605 δ.

1090 1587 1169 1619 λείως
1184 1588 1199 1614 6
1220 1587 1283 1619 Υἱὸς
1305 1587 1352 1614 τὸν
1373 1587 1493 1622 Πατέρα,
1517 1587 1598 1613 οὔδεϊ
1617 1586 1779 1622 Θαυμάζεινσ
1803 1586 1870 1617 ἅπαξ

1091 1634 1145 1669 γὰρ
1157 1633 1318 1669 προθέμενοι
1325 1634 1528 1669 χριστομαχεῖν,
1540 1632 1759 1668 παρακρούονται
1772 1632 1818 1659 καὶ
1827 1632 1869 1662 τὰς

1092 1679 1182 1714 φωνὰς
1192 1679 1273 1706 αὐτοῦ
1282 1679 1414 1713 λέγοντος·
1427 1679 1528 1712 Καθὼς
1540 1678 1675 1713 γινώσκει
1681 1687 1719 1712 με
1732 1680 1749 1706 ό
1764 1678 1869 1712 Πατὴρ.

1091 1725 1172 1761 κάγὼ
1187 1725 1321 1761 γινώσκω
1333 1725 1387 1752 τὸν
1400 1725 1522 1759 Πατέρα.
1539 1725 1570 1752 Et
1588 1725 1636 1760 μὲν
1647 1723 1692 1752 οὖν
1703 1726 1735 1751 ὲκ
1753 1725 1848 1760 μέρους
1857 1726 1870 1751 6

1092 1772 1186 1808 Πατὴρ
1208 1772 1336 1807 γινώσκει
1357 1771 1403 1798 τὸν
1425 1770 1499 1803 Υίὺν,
1518 1771 1596 1806 δῆλον
1610 1772 1651 1797 ὅτι
1668 1772 1714 1798 καὶ
1726 1772 1740 1798 6
1759 1771 1822 1803 Υἱὸς
1839 1770 1870 1805 μὴ

1091 1817 1200 1850 τελείως
1209 1817 1365 1852 γινωσκέτω
1375 1816 1429 1853 (66)
1437 1816 1482 1843 τὸν
1491 1817 1561 1843 Πατέ
1566 1826 1608 1853 ρα.
1621 1817 1686 1844 Εἰδὲ
1698 1816 1780 1844 τοῦτο
1790 1817 1870 1850 λέγειν

1091 1865 1121 1891 ού
1139 1864 1228 1900 θέμις,
1250 1862 1303 1891 οἶδε
1326 1864 1355 1890 δὲ
1373 1863 1482 1895 τελείως
1495 1864 1509 1890 ὁ
1529 1863 1623 1899 Πατὴρ
1639 1864 1684 1890 τὸν
1700 1863 1777 1895 Υἱὺν,
1799 1863 1871 1898 δῆλον

1091 1910 1132 1936 ὅτι
1144 1909 1234 1942 καθὼς
1246 1910 1373 1945 γινώσκει
1385 1911 1398 1937 6
1413 1911 1507 1946 Πατὴρ
1516 1909 1562 1937 τὸν
1574 1909 1668 1937 ἑαυτοῦ
1680 1910 1779 1944 Λόγον,
1794 1910 1871 1941 οὕτως

1093 1957 1140 1983 καὶ
1154 1956 1168 1983 6
1181 1957 1266 1991 Λόγος
1278 1955 1405 1990 γινώσκει
1418 1957 1462 1983 τὸν
1474 1956 1571 1983 ἑαυτοῦ
1585 1956 1705 1992 Πατέρα,
1721 1952 1752 1982 οὗ
1765 1957 1812 1982 καί
1821 1957 1875 1982 ἐστι

1092 2002 1187 2037 Λόγος.

1128 2048 1172 2075 Vl.
1191 2048 1282 2074 Ταῦτα
1293 2047 1418 2081 λέγοντες
1431 2047 1478 2074 καὶ
1492 2046 1710 2078 ἀναπτύσσοντες
1731 2047 1784 2079 τὰς
1805 2046 1872 2078 θείας

1093 2093 1204 2130 Γραφὰς
1217 2093 1346 2124 πολλάκις
1358 2092 1538 2128 ὲνετρέψαμεν
1554 2091 1660 2123 αὐτούς.
1678 2092 1734 2118 Καὶ
1747 2092 1830 2118 πάλιν
1842 2091 1875 2120 ὡς

1093 2140 1285 2176 χαμαιλέοντες
1313 2139 1501 2175 μετεϐάλοντο,
1527 2137 1741 2174 φιλονεικοῦντες
1767 2138 1877 2166 ἑαυτοὺς

1093 2186 1240 2222 ὲφελκύσαι
1253 2186 1282 2213 τὸ
1297 2185 1497 2222 γεγραμμένων
1526 2185 1587 2211 ’¹Οτ’
1614 2183 1652 2210 ἂν
1668 2184 1743 2217 ἔλθῃ
1764 2183 1873 2216 ἀσεϐὴς

854 2233 946 2261 Multae
973 2241 1040 2262 sane
1056 2233 1077 2261 D
1090 2234 1134 2266 εὶς
1145 2231 1240 2264 ,βάθος
1254 2230 1363 2264 κακῶν,
1378 2229 1562 2265 καταφρονεῖ.
1579 2228 1676 2256 Πολλαὶ
1682 2228 1749 2262 γοῦν
1758 2228 1877 2263 αἱρέσεις

1091 2277 1144 2312 πρὸ
1178 2276 1265 2304 αὐτῶν
1287 2276 1439 2310 γεγόνασιν,
1457 2276 1557 2306 αἵτινες
1584 2274 1663 2301 πλέον
1694 2273 1742 2300 τοῦ
1775 2273 1877 2302 δέοντος

1091 2324 1268 2359 τολμήσασαι,
1283 2322 1458 2349 πεπτώκασιν
1469 2323 1508 2353 εἰς
1521 2321 1685 2356 ἀφροσύνην.
1701 2316 1784 2346 οὗτοι
1797 2318 1826 2345 δὲ
1836 2318 1872 2343 διὰ

1093 2370 1201 2396 πάντων
1225 2368 1329 2395 ἑαυτῶν
1355 2367 1409 2395 τῶν
1433 2367 1574 2403 ῥηματίων
1594 2365 1823 2400 ἐπιχειρήσαντες
1839 2362 1875 2389 εἰς

1092 2416 1234 2451 ἀναίρησιν
1251 2414 1310 2450 (67)
1326 2414 1375 2449 τῆς
1385 2413 1432 2440 τοῦ
1448 2413 1536 2447 Λόγου
1561 2411 1696 2446 θεότητος,
1714 2408 1875 2436 ἐδικαίωσαν

1092 2463 1122 2496 ἐξ
1130 2462 1232 2490 ἑαυτῶν
1242 2461 1347 2493 ὲκείνας
1361 2461 1399 2493 ὡς
1413 2459 1554 2495 ὲγγύτεροι
1568 2457 1614 2484 τοῦ
1631 2456 1819 2491 Ἀντιχρίστου
1832 2461 1870 2487 γε-

1641 2537 1664 2554 “
1679 2537 1762 2565 Joan.
1776 2544 1833 2566 xw,
1849 2534 1872 2561 9.

1173 2542 1196 2558 “
1212 2541 1288 2569 Prol.
1304 2549 1365 2574 cur,
1385 2541 1418 2572 5;
1435 2540 1514 2568 Hebr.
1527 2547 1546 2571 ι,
1559 2538 1586 2565 5.
1641 2538 1664 2554 ⁸⁸
1679 2538 1762 2565 Joan.
1776 2544 1833 2566 xiv,
1849 2538 1871 2561 9.

1173 2587 1193 2600 r.
1211 2585 1270 2600 nu.
1287 2577 1314 2600 il.
1367 2577 1390 2593 ’³
1405 2575 1486 2600 Hebr.
1504 2582 1534 2600 ιι.
1552 2574 1595 2600 i0.
1648 2574 1670 2589 "
1685 2573 1768 2600 Joan.
1787 2579 1814 2600 ι.
1832 2570 1871 2597 15.

1367 2577 1390 2593 ⁸³
1404 2575 1486 2603 Hebr.
1504 2582 1534 2606 ιι,
1552 2574 1595 2601 10.

1132 2677 1188 2712 (65)
1208 2676 1286 2704 Socr.
1301 2682 1328 2705 et
1346 2677 1448 2710 Gelas.,
1475 2677 1501 2704 τι
1517 2676 1556 2705 δέ.
1574 2676 1671 2712 Epiph.
1693 2674 1801 2709 Schol.,
1817 2683 1868 2711 qua

1096 2721 1178 2739 causa
1195 2717 1282 2747 putas,
1300 2718 1352 2740 etc.

1130 2746 1316 2783 (66)'§ocrat.
1331 2753 1357 2776 et
1375 2747 1477 2781 Gelas.,
1489 2747 1626 2783 γινώσκει.

1124 2783 1184 2825 ~(6'1)
1204 2782 1294 2824 Such,
1317 2784 1404 2810 αὐτῶν
1421 2784 1473 2810 τῶν
1500 2784 1626 2819 ῥημάτων
1650 2783 1868 2819 ἐπιχειρήσαντες

1092 2827 1148 2850 ταις
1166 2826 1288 2852 αναιρῖσε
1294 2826 1327 2845 σι.
