1911 3073
30 92 74 120 5'17
732 89 816 117 EPIST

870 89 931 117 arE;

1603 92 1655 120 578

30 154 134 187 νόμενοι.
145 150 195 179 Διὸ
212 151 266 178 καὶ
274 150 505 188 ἀπεκηρύχθησαν
518 149 564 178 καὶ
575 149 816 185 ἅνεθεματίσθησαι

876 149 1015 177 accedant.
1045 147 1238 182 Quamobrem‘
1257 151 1401 186 proscripti
1425 155 1452 178 et
1483 151 1656 181 anathemate

30 200 71 227 ιπὸ
86 199 136 235 τῆς
158 197 346 234 Ἐκκλησξας.
365 197 529 233 Λυπούμεθα
541 198 588 232 μὲν
600 195 647 224 οὖν
659 197 705 224 ἐπὶ
720 196 753 232 τῇ
769 197 820 223 ἀπ-

30 246 102 281 υλείᾳ
121 244 244 271 τούτων·
266 244 317 271 καὶ
332 243 448 280 μάλιστα
463 243 504 270 ὅτι
529 243 658 278 μαθόντες
685 243 751 270 ποτὲ
774 244 820 271 καὶ

30 291 95 318 toto).
111 289 146 316 τὰ
160 289 218 323 τῆς
240 288 420 323 Ἐκκλησίας,
435 286 483 314 νῦν
499 287 686 322 ἀπεπήδησαν·
702 287 732 313 οὺ
749 286 819 319 ξενι-

30 335 120 371 ζόμεθα
135 335 177 362 δέ·
196 334 287 361 τοῦτο
306 334 359 370 γὰρ
389 334 436 361 καὶ
470 333 611 369 Ὑμεναῖος
634 333 681 360 καὶ
707 333 819 368 Φιλητὺς

30 382 181 411 πεπόνθασι,
200 381 254 408 καὶ
273 381 329 417 πρὸ
345 381 434 407 αὐτῶν
447 380 546 412 Ἰούδας
555 381 569 408 ὁ
583 380 767 416 ἀκολουθήσας
781 380 820 415 τῷ

30 429 134 463 Σωτῆρι,
148 427 273 462 ὕστερον
283 427 337 463 γὰρ
350 426 481 462 προδότης
488 426 535 452 καὶ
547 425 701 460 ἀποστάτης
714 425 818 459 γέγονε.

30 476 75 502 Καὶ
92 474 156 509 περὶ
174 473 291 500 τούτων
304 474 332 500 δὲ
346 473 445 505 αὐτῶν,
462 473 512 499 οὐκ
526 471 662 499 ἀδίδακτοι
678 473 820 507 μεμνήκα-

30 529 80 556 μεν·
99 519 157 546 ἀλλ’
173 520 188 546 ὁ
206 519 261 555 μὲν
278 519 382 555 Κύριος
395 519 551 554 προείρηκε·
574 517 704 545 Βλέπετε
716 517 759 551 μή
774 526 819 550 τις

30 565 96 601 ὑμᾶς
109 564 282 600 πλανήσῃ·
312 565 420 592 πολλοὶ
436 565 491 600 γὰρ
504 565 680 591 ἐλεύσονται
709 564 756 590 ἐπὶ
778 563 819 596 τῷ

32 613 142 647 ἐνείματί
152 621 216 646 μου
232 612 390 647 λέγοντες,
406 612 449 638 ὅτι
464 611 520 645 ἐγώ
535 612 603 646 ειμι,
620 610 668 638 καὶ
684 611 700 636 ὁ
716 610 819 644 καιρὸς

32 659 131 694 ἥτταε.
149 659 204 686 καὶ
221 659 365 692 πολλοὺς
379 657 570 691 πλανήσουσι
580 667 587 673 -
595 657 638 692 μὴ
654 657 818 691 πορευθῆτε

33 705 116 731 ialm.)
125 703 242 732 αὐτῶν.
267 705 298 731 '0
314 704 343 730 δὲ
359 703 464 734 Παῦλος
477 702 570 738 μαθὼν
583 701 669 729 ταῦτα
684 700 757 738 παρά
769 701 816 727 τοῦ

33 750 144 785 Σωτῆρος
162 749 302 784 ἔγραψεν
320 749 384 776 Ὅτι
401 749 435 775 ὲν
450 747 587 782 ὑστέροις
607 746 719 781 καιροῖς
738 745 793 782 (68)
808 765 816 778 ,

34 795 256 829 ἀποστήσονταί
283 804 364 828 τινες
374 794 429 829 τῆς
453 794 648 829 ὑγιαινούσης
674 793 813 825 πίστεως,

34 842 227 876 προσέχοντες
238 841 394 875 πνεύμασι
404 840 539 872 πλανοῖς,
548 839 595 866 καὶ
612 839 818 873 διδασκαλίοις
834 829 854 856 Β

35 887 181 921 δαιμονίων
197 886 477 921 ἀποστρεφομένων
487 885 543 919 τὴν
557 885 712 918 ἀλήθειαν.

64 933 114 961 ιιι.
129 933 183 961 Τοῦ
202 933 298 960 τοίνυν
313 933 416 969 Κυρίου
432 932 479 959 καὶ
495 931 618 967 Σωτῆρος
629 931 708 967 ήμῶν
729 930 818 967 Ἰησοῦ

36 977 152 1014 Χριστοῦ,
169 978 214 1005 διά
228 986 261 1004 τε
279 976 374 1004 ἑαυτοῦ
390 977 631 1013 παραγγείλαντος,
648 976 695 1003 καὶ
709 975 752 1002 διὰ
771 975 818 1002 τοῦ

43 1024 190 1050 Ἀτοοστὸλου
207 1024 391 1059 σημαίνοντος
407 1023 472 1059 περὶ
489 1022 542 1049 τῶν
554 1022 690 1054 τοιούτων,
706 1021 819 1048 ἀκολού-

38 1071 82 1102 θως
99 1071 176 1106 ἡμεῖς
195 1070 330 1106 αὐτήκοοι
341 1070 391 1105 τῆς
415 1069 540 1102 ἀσεϐείας
563 1068 652 1096 αὐτῶν
667 1067 816 1103 γενόμενοι,

39 1117 275 1152 ἀνεθεματίσαμεν,
294 1116 366 1143 καθὰ
381 1115 556 1152 προείπομεν,
577 1114 641 1146 τοὺς
672 1113 817 1145 τοιούτους,

41 1161 213 1195 ἀποδείξαντες
241 1171 274 1188 τε
304 1161 402 1193 αὐτοὺς
423 1161 576 1197 ἀλλοτρίους
601 1159 650 1196 τῆς
672 1159 819 1194 καθολικῆς

46 1207 194 1243 Ἐκκλησίας
223 1216 254 1234 τε
280 1207 328 1234 καὶ
348 1207 480 1238 πίστεως·
508 1204 681 1241 ἐδηλώσαμεν
708 1203 755 1231 καὶ
784 1203 817 1238 τῇ

44 1251 147 1288 ὑμετέρα
171 1251 335 1288 θεοσεϐείᾳ,
361 1251 496 1287 ἀγαπητοὶ
513 1250 560 1277 καὶ
575 1248 734 1285 τιμιώτατοι
755 1248 817 1275 συλ-

44 1298 184 1334 λειτουργοὶ,
212 1299 258 1326 ἵνα
286 1299 355 1334 μήτε
379 1297 454 1329 τινὰς
487 1296 517 1330 ἐξ
543 1295 632 1322 αὐτῶν
658 1295 682 1322 εί
712 1302 816 1330 προπε-

43 1343 164 1371 τεύσαιντο
190 1345 261 1380 πρὸς
285 1345 357 1379 ὑμᾶς
381 1343 477 1375 ἐλθεῖν,
516 1341 707 1378 προσδέξησθε,
749 1340 817 1376 μήτε

47 1389 150 1425 Εὐσεϐίῳ
165 1390 182 1426 ἡ
196 1390 285 1426 ἑτέρῳ
296 1390 349 1416 τινὶ
361 1389 492 1425 γράφοντι
504 1388 564 1424 περὶ
576 1386 665 1414 αὐτῶν
679 1384 816 1421 πεισθῆτε.

45 1436 131 1472 Πρέπει
151 1436 204 1472 γὰρ
226 1437 304 1472 ἡμᾶς
323 1435 378 1472 (69)
401 1434 580 1471 Χριστιανοὺς
599 1433 691 1465 ὕντας,
713 1432 816 1462 πάντας

46 1484 96 1515 τοὺς
114 1483 180 1510 κατὰ
196 1483 319 1519 Χριστοῦ
337 1482 465 1516 λέγοντάς
478 1490 507 1508 τε
521 1481 568 1508 καὶ
585 1479 759 1516 φρονοῦντας,
778 1478 816 1510 ὡς

45 1525 176 1562 θεομάχους
199 1528 247 1554 καὶ
264 1527 382 1563 φθορέας
402 1527 456 1553 τῶν
471 1525 563 1561 ψυχῶν
587 1523 813 1560 ἀποστρέφεσθαι,

47 1573 84 1599 καὶ
98 1573 158 1609 μηδὲ
173 1574 222 1601 κᾶν
239 1575 354 1610 Χαίρειν
379 1575 433 1605 τοῖς
449 1573 578 1604 τοιούτοις
598 1572 696 1606 λέγειν·
717 1571 760 1597 ἵνα
778 1570 814 1606 μή

47 1626 98 1645 ποτε
112 1620 154 1646 καὶ
164 1621 223 1653 ταῖς
249 1620 399 1656 ἁμαρτίαις
424 1619 512 1646 αὐτῶν
527 1617 648 1644 κοινωνοὶ
663 1615 813 1651 γενώμεθα,

48 1663 259 1701 ὠςπαρήγγειλεν
277 1667 293 1692 ὁ
312 1665 444 1702 μακάριος
476 1664 611 1699 Ἰωάννης,
644 1662 814 1699 Προσείπατε

48 1710 98 1741 τοὺς
108 1711 165 1747 παρ’
175 1712 239 1747 ὑμῖν
255 1711 397 1746 ἀδελφούς·
415 1711 487 1746 ὑμᾶς
500 1711 524 1736 οἱ
540 1710 587 1736 σὺν
605 1708 665 1744 ἐμοὶ
680 1715 815 1744 προσαγο-

52 1755 165 1789 ρεύουσιν.

165 1813 392 1848 Ἀλεξανδρείας
406 1813 599 1847 πρεσϐύτεροι
611 1811 678 1847 (70).

76 1857 212 1893 Κόλλουθος
227 1860 414 1897 πρεσϐύτερος
436 1858 579 1894 σύμψηφος
603 1858 660 1893 εἰμι
684 1857 740 1887 τοῖς
769 1863 815 1890 γε-

50 1906 205 1941 γραμμένοις,
220 1908 269 1934 καὶ
282 1908 315 1944 τῇ
332 1906 488 1942 καθαιρέσει
511 1904 616 1941 Ἀρείου
635 1903 682 1931 καὶ
697 1903 750 1930 τῶν
764 1903 813 1930 σὺν

52 1950 110 1986 αὖτῷ
119 1953 317 1988 ἀσεϐησάντων.

55 1996 204 2034 Ἀλέξανδρος
214 1999 410 2036 πρεσϐύτερος,
421 1997 530 2033 ὁμοίως.

52 2042 171 2080 Διόσκορος
186 2046 379 2082 πρεσϐύτερος,
394 2044 503 2080 ὁμοίως.

52 2088 163 2124 Διονύσιος
178 2093 372 2128 πρεσϐύτερος,
385 2090 496 2127 ὁμοίως.

53 2134 157 2169 Εὐσέϐιος
166 2139 358 2175 πρεσϐύτερος,
375 2137 485 2174 ὁμοίως.

52 2179 197 2220 Ἀλέξανδρος
215 2185 410 2222 πρεσϐύτερος,
426 2183 538 2219 ὁμοίιος·

53 2226 163 2265 Νείλαρᾶς
176 2232 228 2267 (71)
244 2231 438 2268 πρεσϐύτερος,
456 2229 565 2265 ὁμοίως.

873 196 996 231 percussi
1013 200 1077 223 sunt
1092 196 1126 224 ab
1150 194 1281 224 Ecclesia.
1299 196 1332 223 Et
1345 197 1467 232 quidem,
1495 198 1604 225 tametsi
1621 198 1656 226 de

871 241 979 269 illorum
996 241 1080 269 exitio
1104 241 1239 275 dolemus,
1256 248 1318 269 cum
1338 243 1489 277 praesertim
1506 243 1556 276 illi,
1579 248 1655 280 post-

870 295 952 322 quam
967 286 1096 316 Ecclesia:
1119 287 1271 315 doctrinam
1286 287 1455 321 didicissent.
1481 288 1516 316 ab
1532 289 1578 316 illa
1597 289 1654 325 jam

870 332 1050 366 desciverint;
1079 340 1250 368 nequaquam
1271 336 1361 361 tamen
1386 341 1548 369 magnopere
1571 335 1653 362 mira-

871 387 932 406 mur
948 389 954 406 :
972 378 1000 405 id
1015 379 1104 413 ipsum
1123 379 1196 407 enim
1217 377 1363 415 Hymenmo
1377 379 1490 414 contigit
1510 384 1538 407 et
1563 379 1653 408 Phile-

869 427 898 450 to
909 423 943 457 “,
958 428 985 451 et
1000 428 1062 451 ante
1075 424 1138 451 illos
1158 423 1245 457 Judm,
1259 424 1306 459 qui
1329 432 1391 452 cum
1419 424 1586 453 Salvatorem
1610 434 1654 454 se-

869 473 949 498 cutus
969 473 1052 502 esset,
1075 473 1169 505 postea
1187 470 1312 506 proditor
1338 471 1391 498 fuit
1418 475 1499 506 atque
1520 472 1652 501 desertor.

870 514 955 542 Porro
979 516 1012 543 de
1030 516 1073 543 his
1094 516 1173 551 ipsis,
1197 523 1368 551 nequaquam
1385 517 1464 544 nobis
1477 517 1577 552 praevia
1593 525 1653 545 mo-

872 562 927 589 uita
944 562 1070 595 defuere;
1086 562 1127 590 sic
1139 562 1212 590 enim
1229 562 1359 597 praefatus
1374 562 1506 590 Dominus
1523 567 1565 591 est
1580 573 1586 591 :
1606 563 1653 591 Vi-

868 610 926 638 dete
946 619 977 638 ne
991 610 1050 645 quis
1069 618 1113 638 vos
1125 610 1249 643 seducet;
1269 610 1349 637 multi
1362 611 1431 638 enim
1444 611 1545 638 venient
1561 611 1588 638 in
1606 619 1655 638 no-

869 657 936 683 mine
948 665 1016 688 meo,
1031 656 1156 689 dicentes,
1170 657 1232 692 quia
1243 664 1289 691 ego
1304 665 1362 683 sum
1379 664 1388 683 :
1401 661 1425 684 et
1442 661 1540 691 tempus
1556 664 1654 692 appro-

868 703 1014 738 pinquavit,
1034 707 1060 730 er
1073 703 1170 730 multos
1189 703 1311 730 sedueent
1330 710 1340 729 :
1355 703 1436 730 nolite
1455 712 1515 738 ergo
1531 704 1569 730 ire
1592 709 1653 739 post

867 748 951 775 eos".
969 747 1071 776 Paulus
1084 752 1174 776 autem
1190 748 1246 776 haec
1260 755 1276 775 ο
1291 747 1430 777 Salvatore
1443 749 1567 781 edoctus,
1581 748 1654 776 scri-

868 795 923 830 psit
941 794 1031 828 :Quia
1045 795 1072 822 in
1093 795 1240 822 novissimis
1262 795 1421 829 temporibus
1443 795 1576 822 discedent
1594 795 1653 829 qui-

870 839 932 865 dam
946 847 962 866 a
973 847 1040 866 sana
1050 839 1111 874 ﬁde,
1122 839 1282 867 attendentes
1296 840 1430 874 spiritibus
1444 841 1554 872 erroris,
1571 843 1595 866 et
1609 839 1654 867 do-

869 886 962 913 ctrinis
975 885 1164 912 da’mom‘orum
1178 886 1312 913 veritatem
1327 886 1504 913 aversantium
1521 885 1554 912 ".

904 931 960 958 Vll.
981 931 1049 959 Cum
1062 932 1154 967 itaque
1179 931 1312 960 Dominus
1323 936 1350 960 et
1365 931 1490 959 Salvator
1504 935 1598 958 noster
1607 929 1653 959 Je-

869 987 916 1007 sus
929 979 1056 1007 Christus
1070 987 1118 1015 per
1132 987 1161 1006 se
1174 979 1231 1013 ipse
1245 979 1282 1006 ita
1297 978 1466 1014 praeceperit,
1482 982 1508 1005 et
1520 984 1569 1012 per
1580 976 1653 1012 Apo-

869 1025 968 1053 stolum
979 1032 1024 1053 res
1034 1025 1112 1053 nobis
1127 1024 1282 1060 hujusmodi
1291 1023 1501 1059 signiﬁcaverit;
1515 1024 1576 1058 jure
1589 1030 1651 1056 nos,

868 1072 915 1107 qui
929 1071 1095 1106 impietatem
1113 1071 1220 1098 illorum
1240 1070 1292 1105 ipsi
1308 1077 1399 1098 coram
1421 1069 1586 1100 audivimus,
1600 1069 1652 1096 ho-

868 1118 967 1150 mines,
983 1117 1021 1145 uti
1037 1125 1119 1152 supra
1134 1117 1236 1144 dictum
1249 1121 1301 1149 est,
1324 1117 1494 1144 anathemate
1511 1116 1652 1144 damnavi»

868 1163 1082 1201 mus,_ipsosque
1105 1170 1119 1189 a
1141 1161 1273 1189 catholica
1291 1161 1413 1189 Ecclesia
1429 1165 1456 1188 et
1472 1161 1525 1189 fide
1549 1161 1652 1189 alienos

867 1208 1086 1236 declaravimus:
1105 1215 1227 1242 remque,
1251 1207 1407 1234 charissimi
1428 1211 1509 1242 atque
1535 1207 1651 1235 honora-

866 1253 967 1281 tissimi
984 1253 1177 1285 comministri,
1197 1256 1294 1280 vestra:
1308 1252 1432 1287 religioni
1452 1252 1651 1287 indicavimus;

867 1303 898 1327 ut
910 1308 944 1328 ne
957 1299 1090 1335 quosdam
1106 1307 1138 1327 ex
1153 1299 1218 1331 illis,
1237 1299 1258 1326 si
1276 1299 1431 1335 petulanter
1443 1307 1493 1326 vos
1505 1299 1580 1326 adire
1592 1299 1651 1327 ausi

867 1346 979 1380 fuerint,
992 1345 1130 1380 recipiatis
1151 1355 1157 1373 :
1176 1352 1244 1373 neve
1270 1344 1388 1372 Eusebio
1407 1345 1451 1372 vel
1471 1344 1518 1372 alii
1535 1345 1651 1380 cuipiam

868 1392 902 1419 de
916 1392 970 1419 illis
985 1392 1019 1419 ad
1033 1399 1083 1418 vos
1097 1391 1240 1423 scribenti,
1262 1390 1341 1418 fidem
1359 1390 1494 1418 habeatis.
1510 1390 1566 1418 Nos
1579 1391 1651 1418 enim

867 1443 962 1476 utpote
976 1438 1148 1466 Christianos
1162 1438 1251 1470 decet,
1275 1445 1372 1465 omnes
1389 1437 1435 1473 qui
1453 1441 1549 1465 contra
1574 1437 1651 1465 Chri-

868 1493 939 1515 stum
954 1487 1102 1522 loquuntur
1115 1490 1163 1513 aut
1180 1486 1310 1517 sentiunt,
1321 1485 1395 1512 velut
1414 1484 1460 1512 Dei
1476 1485 1570 1512 hostes
1590 1484 1651 1511 aui-

866 1540 1027 1568 marumque
1038 1536 1215 1566 corruptores
1229 1530 1361 1562 aversari,
1377 1538 1409 1558 ac
1423 1538 1458 1557 ue
1472 1529 1580 1565 quidem
1594 1529 1651 1556 Aie

866 1580 920 1607 illis
930 1579 1041 1606 dicere:
1056 1586 1092 1606 ne
1109 1578 1219 1613 quando
1240 1577 1374 1605 scelerum
1399 1576 1519 1611 ipsorum
1537 1575 1649 1610 particig

866 1633 913 1660 pes
928 1625 1024 1656 simus,
1042 1628 1072 1652 ut
1084 1623 1207 1659 praecipit
1227 1622 1326 1650 beatus
1344 1621 1465 1649 Joannes
1476 1622 1510 1648 ".
1527 1620 1650 1648 Salutate

866 1670 964 1698 fratres
982 1670 1030 1705 qui
1050 1669 1190 1697 vobiscum
1209 1671 1273 1696 sunt
1289 1677 1296 1696 :
1310 1675 1359 1696 vos
1383 1667 1430 1703 qui
1455 1674 1561 1694 mecum
1585 1668 1649 1694 sunt

865 1715 993 1743 salutant.

1080 1802 1248 1830 Alexandria:
1264 1802 1418 1838 presbyteri.

899 1850 1042 1879 Colluthus
1057 1849 1200 1885 presbyter
1213 1849 1288 1877 hisce
1305 1849 1415 1884 scriptis
1438 1847 1580 1883 suﬂragor,
1596 1853 1647 1874 nec

865 1906 920 1926 non
934 1896 1097 1933 depositioni
1111 1896 1180 1929 Arii,
1196 1903 1346 1930 eorumque
1365 1894 1412 1930 qui
1429 1894 1489 1930 ejus
1501 1892 1648 1929 impietatis

864 1948 1013 1974 sectatores
1026 1946 1100 1971 sunt.

865 1990 1015 2018 Alexander
1025 1988 1180 2024 presbyter,
1197 1987 1334 2016 similiter.

865 2037 1014 2065 Dioscorus
1024 2035 1179 2071 presbyter,
1195 2033 1331 2064 similiter.

863 2083 1010 2118 Dionysius
1024 2082 1176 2117 presbyter,
1196 2082 1335 2110 similiter.

863 2129 999 2156 Eusebius
1012 2127 1164 2164 presbyter,
1177 2128 1313 2155 similiter.

828 2175 850 2202 Ι)
865 2175 1018 2203 Alexander
1031 2174 1181 2209 presbyter,
1196 2173 1331 2201 similiter.

861 2223 968 2250 Nilaras
978 2221 1132 2256 presbyter,
1148 2219 1285 2247 similiter.

862 2268 1044 2305 Arpocration
1057 2266 1210 2302 presbyter,
1229 2264 1364 2292 similiter.

862 2315 984 2351 Agathus
996 2313 1147 2349 presbyter.

861 2360 1007 2389 Nemesius
1021 2360 1175 2395 presbyter.

861 2407 970 2444 Longus
981 2407 1135 2442 presbyter.

863 2455 992 2482 Silvanus
1007 2454 1159 2489 presbyter.

861 2501 964 2528 Perous
981 2499 1133 2534 presbyter.

53 2270 229 2311 Ἁρποκρατίων
242 2277 437 2313 πρεσϐύτερος,
451 2275 562 2312 ὁμοίως·

53 2315 146 2351 Ἀγαθδς
159 2323 346 2358 πρεσϐύτερος.

53 2360 160 2397 Νεμέσιος
173 2369 362 2404 πρεσϐύτερος.

55 2405 134 2449 θδγγος
147 2413 273 2448 πρεσϐύτε
278 2422 331 2449 ρος.

55 2447 155 2486 Σιλδανδς
167 2447 293 2491 πρεσϐύτε
297 2466 351 2492 ρος.

56 2494 143 2531 Περὼῦς
157 2501 208 2539 (72)
224 2504 416 2540 πρεσϐύτερος.

94 2573 113 2590 ³³
124 2575 223 2607 "Tim.
239 2589 274 2614 ιι,
291 2582 333 2609 l7.
357 2582 380 2598 "
395 2581 458 2608 Luc.
475 2589 531 2613 xxt,
547 2581 573 2609 8.
612 2581 635 2597 "
650 2579 665 2607 Ι
682 2579 750 2606 Tim.
764 2586 801 2612 Iv,
818 2579 844 2608 l.
883 2579 906 2594 κ
923 2578 956 2605 II
967 2578 1049 2605 Joan.
1070 2577 1114 2604 10.

144 2634 247 2675 limosi;
260 2639 335 2667 deest
348 2639 418 2675 apud
435 2639 525 2675 09135.:
660 2674 663 2675 ν
744 2672 749 2675 -

896 2636 952 2675 (71)
972 2635 1076 2675 Gelas.,
1088 2635 1177 2675 ξίλας.
1190 2632 1437 2675 ’Κρενῌειλαρᾶᾖ
1452 2631 1524 2675 quod
1539 2638 1642 2675 nomen

145 2664 482 2702 Sic'So'cr‘a‘tZ—‘etrdelas.
503 2664 587 2710 lleg.,
609 2674 691 2709 ὑμᾶς,
714 2672 805 2700 minus
859 2664 998 2710 reperitur
1017 2664 1080 2698 item
1098 2670 1136 2710 in.
1154 2664 1466 2710 subscriptionib‘usuad
1479 2666 1655 2710 ὀροίοέι--Ξῖᾷη

59 2703 122 2727 recte.
301 2701 305 2702 ⁷
339 2701 346 2702 ⁷
463 2701 480 2702 ⁷⁷
549 2701 586 2710 ν’
628 2701 634 2709 “
671 2701 691 2706 ”

870 2701 999 2735 tthanasii
1017 2710 1101 2732 contr.
1123 2704 1228 2735 Arium,
1245 2701 1305 2739 pag.
1324 2703 1386 2739 190.
1408 2701 1524 2738 Ὀμοίως
1539 2701 1573 2729 ad
1587 2701 1641 2729 tiu-

68 2734 129 2794 .vo)
146 2737 187 2767 “fe
210 2743 422 2779 subscriptiones
450 2745 586 2772 habentur
610 2747 714 2771 tantum
732 2742 803 2778 apud
856 2743 918 2778 gula
934 2734 1044 2769 nomina
1057 2740 1156 2773 legitur
1170 2734 1408 2781 apud'GEIasium.

69 2775 87 2793 ιθ
96 2777 167 2794 ἣὶιιιιη
189 2777 344 2794 Ρ-νιῖιυηιιιη-
375 2780 421 2794 "ml
446 2780 544 2794 m:nllm
569 2779 595 2794 ι..
618 2779 727 2794 ηυυιιηη
743 2786 803 2794 ..ι-μ
893 2777 948 2794 ΙἽῧΧ
966 2777 1045 2794 Πειρη
1085 2776 1212 2794 "vnnmnr

61 2772 169 2829 nantium
189 2772 356 2813 Cyzicenuhl,
375 2780 423 2807 sed
446 2780 545 2807 mirum
569 2779 596 2806 in
618 2779 728 2806 modum
743 2772 803 2806 fnu-

870 2772 872 2774 ’
893 2777 948 2814 (72)
966 2777 1069 2810 Gelas.,
1085 2772 1222 2811 Πιρωούς.
