1911 3073
35 87 94 117 551

375 149 517 176 Arduos-ot.

35 203 190 239 Σαραπίων
206 203 341 237 διάκονος,
359 205 470 239 ὁμοίως.

42 250 166 282 Ἰοῦστος
184 251 320 284 διάκονος,
333 251 443 287 ὁμοίως.

34 296 157 332 Δίδυμος
174 297 310 330 διάκονος.

34 342 200 378 Δημήτριος
216 342 352 374 διάκονος.

33 388 156 424 Μαῦρος
172 388 309 421 διάκονος.

42 434 228 470 Ἀλέξανδρος
245 435 377 466 διάκονος.

35 481 157 516 Μάρκος
171 480 309 513 διάκονος.

36 527 143 562 Κόμων
157 527 293 560 διάκονος.

36 573 161 609 Τρύφων
177 574 312 606 διάκονος.

42 619 209 655 Ἀμμώνιος
222 621 356 653 διάκονος.

37 666 159 702 Δίδυμος
176 667 310 699 διάκονος.

38 713 221 749 Πτολλαρίων
235 713 367 746 διάκονος.

38 759 128 795 Σερὰς
144 760 282 792 διάκονος.

38 805 119 838 Γάϊος
133 806 272 838 διάκονος.

43 851 132 886 Ἰέραξ
144 852 282 884 διάκονος.

36 898 153 933 Μάρκος
171 898 305 929 διάκονος.

38 943 93 978 (86)
108 944 222 976 Θεωνῶς
234 945 366 976 διάκονος.

38 989 191 1025 Σαρμάτων
213 991 345 1023 διάκονος.

38 1035 160 1071 Κάρττων
171 1036 308 1070 διάκονος.
328 1073 331 1075 Δ

38 1080 136 1114 Ζώῐλος
153 1082 291 1118 διάκονος,
305 1083 412 1119 ὁμοίως.

265 1355 468 1382 ΚΑΘΑΙΡΕΣΙΣ
482 1355 608 1383 ΔΡΕῘΟΥ

762 91 815 120 ΕΡΙ
819 92 941 121 51⁸01ιῶ
946 113 952 120 .

854 153 877 182 A

849 833 870 860 Β

1220 151 1338 181 Diaconi.

889 204 1022 241 Sarapion
1036 206 1179 240 diaconus,
1196 207 1331 236 similiter.

888 250 982 280 Justus
996 251 1140 286 diaconus,
1155 253 1292 282 similiter.

888 296 1019 333 Didymus
1033 298 1177 326 diaconus.

889 343 1042 371 Demetrius
1055 344 1198 374 diaconus.

888 388 1000 416 Maurus
1014 389 1157 418 diaconus.

887 433 1042 461 Alexander
1053 435 1196 463 diaconus.

888 479 997 508 Marcus
1012 480 1155 508 diaconus.

887 524 992 552 Comen
1005 524 1159 563 diaconus“

888 569 1016 606 Tryphon
1029 571 1172 600 diaconus.

887 617 1048 645 Ammonius
1060 617 1202 646 diaconus.

888 661 1018 698 Didymus
1031 662 1172 692 diaconus.

886 706 1035 736 Ptollarion
1049 708 1191 738 diaconus.

887 753 969 782 Seras
983 754 1124 784 diaconus.

886 799 970 828 Gaius
984 801 1127 830 diaconus.

887 844 987 873 Hiera:
1001 846 1144 876 diaconus.

887 891 996 920 Marcus
1006 893 1147 922 diaconus.

887 938 1014 967 Theonas
1025 940 1165 969 diaconus.

887 985 1032 1015 Sarmaton
1045 987 1188 1016 diaconus.

887 1030 994 1067 Carpon
1011 1033 1154 1062 diaconus.

887 1076 979 1107 Zoilus
994 1078 1137 1113 diaetmus,
1154 1080 1289 1109 similiter.

833 1219 878 1248 Ill.

533 1287 610 1324 Apud
623 1289 742 1318 eumdem
757 1289 938 1318 Athanasium
957 1287 1023 1316 ibid.
1039 1295 1101 1323 pag.
1117 1286 1181 1315 596.

1142 1350 1323 1380 DEPOSITIO
1341 1352 1412 1379 ΑΒΗ

39 1413 87 1440 καὶ
110 1413 171 1440 τῶν
193 1413 255 1440 σὺν
275 1413 366 1446 αὐτῷ,
389 1414 448 1440 ὑπὸ
470 1412 669 1448 Ἀλεξάνδρου
695 1414 828 1449 ἀρχιεπι-

881 1416 905 1440 ει
918 1411 1050 1439 sociorum
1062 1410 1094 1437 ab
1107 1409 1259 1437 Alexandro
1273 1409 1444 1438 Alexandria
1463 1411 1666 1448 archiepiscopo.

248 1450 367 1476 σκέπου
388 1449 621 1483 Ἀλεξανδρείας.

79 1495 264 1531 Ἀλέξανδρος,
282 1479 476 1531 πρεσϐυτέροιξ
498 1479 544 1522 καὶ
557 1479 689 1527 διαιιόνοις
710 1495 828 1527 Ἀλεξαν-

917 1491 1081 1524 Alexander,
1105 1490 1274 1526 presbyteris
1295 1490 1474 1526 diaconisque
1495 1492 1668 1521 Alexandriae

37 1542 131 1577 δρείας
146 1542 194 1568 καὶ
208 1541 370 1577 Μαρεώτου,
384 1541 478 1577 παρὼν
495 1541 626 1577 παροῦσιν
639 1541 706 1577 (81),
722 1541 830 1577 ἀγαπη-

37 1589 96 1620 τοῖς
109 1588 237 1623 ἀδελφοῖς
250 1589 278 1615 ἐν
290 1587 382 1624 Κυρίῳ
400 1588 514 1624 χαίρειν.

71 1634 108 1660 Εἰ
123 1634 173 1660 καὶ
190 1634 341 1668 φθάσαντες
360 1630 592 1669 ὑπεγράψατειοῖς
612 1632 754 1660 ἐπέστειλα
775 1634 830 1665 τοῖς

38 1681 106 1716 περὶ
122 1681 249 1715 Ἀρειον,
276 1679 436 1716 προτρέπων
456 1679 564 1711 αὐτοῖς,
586 1679 752 1715 ἀρνήσασθαι
781 1680 830 1715 μὲν

37 1727 90 1762 τὴν
106 1726 244 1758 ἀσέϐειαν,
260 1726 401 1762 πεισθῆναι
419 1725 447 1752 δὲ
462 1727 494 1761 τῇ
512 1725 669 1763 ὑγιαινούσῃ
683 1726 730 1753 καὶ
749 1725 830 1753 καθο-

38 1772 102 1807 λικῇ
117 1772 223 1799 πίστει·
243 1773 290 1799 καὶ
307 1772 423 1805 ἐδείξατε
446 1771 549 1799 ἑαυτῶν
569 1771 652 1808 ὀρθὴν
665 1771 714 1808 τὴν
732 1773 830 1808 προαί-

39 1826 127 1853 ρεσιν,
147 1818 195 1844 καὶ
209 1817 257 1853 τὴν
282 1819 310 1844 ὲν
325 1819 380 1849 τοῖς
395 1817 511 1853 δόγμασι
536 1818 693 1854 συμφωνίαν
716 1818 765 1853 τῆς
781 1827 830 1845 κα-

38 1862 151 1898 θολικῆς
164 1863 326 1899 Ἐκκλησίας
334 1872 340 1878 ·
349 1863 424 1899 ὅμως
433 1863 525 1899 ἐπειδὴ
538 1863 584 1890 καὶ
595 1863 664 1899 πρὸς
673 1863 736 1896 τοὺς
748 1864 831 1891 ἀπαν-

37 1909 122 1944 ταχοῦ
155 1909 378 1945 συλλειτουργοὺς
412 1909 554 1937 ἐπέστειλα
584 1910 648 1946 περὶ
677 1910 732 1937 τῶν
766 1911 830 1946 περὶ

40 1956 162 1992 Ἀρειον,
184 1956 331 1990 ἀναγκαῖον
350 1956 505 1992 ἡγησάμην,
526 1957 598 1992 ὑμᾶς
619 1957 678 1992 μὲν,
695 1957 758 1989 τοὺς
780 1957 830 1993 τῆς

40 2001 148 2033 πόλεως
161 2001 307 2037 κληρικοὺς
319 2003 481 2036 συναγαγεῖν
493 2011 499 2017 ·
513 2002 585 2037 ὑμᾶς
596 2002 634 2035 δὲ,
646 2002 709 2034 τοὺς
719 2002 772 2029 ἀπὸ
782 2002 829 2030 τοῦ

39 2048 192 2083 Μαρεώτου
222 2047 461 2083 μεταπέμψασθαι·
484 2048 600 2083 μάλιστα
624 2049 665 2075 ὅτι
688 2049 735 2083 ἀφ’
754 2049 830 2084 ὑμῶν

39 2094 136 2130 Χάρης
152 2094 199 2121 καὶ
221 2094 319 2126 Πιστὸς
333 2094 386 2130 (82)
401 2093 592 2130 πρεσϐύτεροι,
610 2095 657 2121 καὶ
674 2095 828 2130 Σαραπίων,

39 2141 85 2166 καὶ
94 2140 268 2176 Παράμμων,
282 2141 329 2168 καὶ
339 2140 472 2176 Ζώσιμος,
486 2140 533 2167 καὶ
545 2141 687 2176 Εἰρηναῖος
701 2139 827 2172 διάκονοι,

38 2185 263 2221 ἐπηκολούθησαν
277 2187 333 2218 τοῖς
347 2186 410 2221 περὶ
423 2186 540 2221 Ἀρειον,
558 2186 605 2213 καὶ
618 2185 764 2222 ἠγάπησαν
780 2186 828 2212 σὺν

38 2231 130 2262 αὐτοῖς
153 2230 365 2266 καθαιρεθῆναι·
393 2231 436 2258 ἵνα
466 2231 513 2257 καὶ
538 2230 572 2258 τὰ
597 2230 643 2258 νῦν
667 2231 827 2266 γραφόμενα

37 2276 136 2311 γνῶτε,
151 2276 203 2312 τήν
216 2285 247 2303 τε
267 2276 296 2303 ἐν
316 2277 421 2308 τούτοις
439 2277 595 2312 συμφωνίαν
609 2276 712 2303 ἑαυτῶν
727 2276 828 2303 ἐπιδεί-

39 2323 131 2358 ξησθε,
149 2323 197 2350 καὶ
212 2324 245 2358 τῇ
262 2322 418 2358 καθαιρέσει
433 2322 487 2349 τῶν
510 2323 574 2358 περὶ
587 2323 695 2358 Ἀρειον
710 2323 757 2349 καὶ
773 2323 827 2350 τῶν

39 2369 103 2404 περὶ
118 2369 219 2395 Πιστὸν
232 2367 372 2404 σύμψηφοι
388 2368 513 2404 γένησθε.
533 2368 636 2404 Πρέπει
650 2369 703 2405 γὰρ
717 2368 751 2395 τὰ
762 2368 827 2404 παρ’

38 2415 105 2450 ἐμοῦ
128 2415 290 2451 γραφόμενα
310 2414 453 2449 γινώσκειν
473 2415 555 2450 ὑμᾶς,
576 2415 623 2442 καὶ
643 2415 766 2448 ἕκαστον,
790 2415 828 2446 ὼς

39 2461 102 2498 παρ’
120 2461 204 2489 αὑτοῦ
221 2462 393 2498 γραφόμενα,
407 2462 435 2489 ὲν
446 2463 478 2497 τῇ
493 2461 590 2498 καρδίᾳ.
606 2461 741 2497 κατέχειν.

74 2575 128 2611 (80)
136 2561 172 2603 Hi
179 2579 298 2611 quatuor
307 2574 449 2611 postremi,
450 2573 572 2611 βεωνᾷς.
581 2572 742 2609 Σαρμὰτων,
751 2572 827 2608 Κάρ-

41 2609 104 2642 my,
116 2609 229 2643 Ζώῖλὸς,
246 2609 346 2638 desunt
360 2609 431 2644 apud
444 2609 594 2636 Galasium.

73 2648 128 2685 (81)
144 2642 255 2682 Raptim
269 2642 430 2679 παροῦὰιν.
447 2644 600 2680 Singularis
622 2643 749 2685 loquendi
771 2642 828 2670 for-

42 2683 125 2755 ωιίὲἒ)
146 2717 226 2747 Hunc
240 2716 347 2744 Pistum
369 2723 432 2745 esse
453 2719 580 2751 putamus
594 2714 641 2751 qui
656 2713 826 2742 Alexandriaa

881 1544 908 1566 et
917 1538 1052 1570 Mareotaa,
1067 1544 1187 1573 praesens
1199 1537 1388 1572 praesentibus,
1399 1537 1505 1566 dilectis
1515 1538 1543 1565 in
1553 1537 1669 1566 Domino

881 1585 1022 1617 fratribus,
1038 1584 1165 1612 salutem.

915 1631 992 1658 Licet
1006 1630 1061 1666 jam
1079 1629 1297 1665 subscripseritis
1315 1629 1414 1657 litteris
1426 1630 1494 1657 meis
1515 1630 1549 1658 ad
1571 1631 1667 1659 Arium

881 1684 1000 1712 suosque
1016 1676 1118 1708 missis,
1136 1675 1236 1711 quibus
1255 1675 1385 1703 hortabar
1405 1676 1477 1708 illos,
1494 1680 1523 1703 ut
1536 1677 1668 1712 abnegata

881 1722 1028 1757 impietate,
1045 1729 1118 1750 sanae
1138 1725 1165 1748 et
1179 1721 1321 1748 catholicae
1334 1721 1396 1748 ﬁdei
1424 1721 1644 1756 obtemperarent
1659 1732 1666 1750 :

881 1774 966 1803 eaque
994 1767 1023 1794 in
1045 1774 1075 1794 re
1097 1770 1202 1794 rectum
1221 1766 1392 1801 propositum
1406 1771 1538 1799 vestrum,
1560 1776 1668 1796 necnon

881 1812 1010 1841 Ecclesiae
1031 1813 1172 1840 catholica:
1194 1812 1268 1839 circa
1293 1811 1420 1847 dogmata
1447 1814 1666 1846 consonantiam.

880 1859 969 1898 palam
985 1858 1120 1892 feceritis;
1142 1861 1262 1885 attamen
1284 1857 1347 1892 quia
1363 1857 1490 1886 omnibus
1509 1858 1591 1885 etiam
1607 1858 1669 1886 ubi-

881 1913 934 1941 que
949 1909 1084 1933 terrarum
1105 1904 1313 1937 comministris,
1326 1911 1386 1939 quae
1403 1904 1498 1931 Arium
1522 1904 1668 1940 sociosque

880 1953 940 1987 ejus
955 1956 1078 1988 spectant
1093 1941 1192 1979 litteris
1207 1951 1358 1986 signiﬁcavi
1369 1960 1376 1985 ;
1389 1959 1504 1979 necesse
1515 1951 1591 1984 duxi,
1605 1959 1666 1984 vos,

882 1997 957 2025 urbis
971 1997 1098 2029 clericos,
1114 2004 1278 2029 convocare,
1296 2004 1345 2024 vos
1364 1996 1428 2024 item
1443 1995 1606 2024 Mareoticos
1623 2003 1669 2023 ar-

881 2050 988 2072 cessere
1001 2051 1007 2069 :
1023 2043 1172 2077 praesertim
1194 2049 1257 2069 cum
1273 2049 1308 2070 ex
1323 2041 1402 2070 vobis
1417 2041 1521 2069 Chares
1533 2046 1560 2069 et
1575 2040 1668 2070 Pistus

881 2090 1031 2126 presbyteri
1044 2099 1050 2117 :
1077 2090 1222 2125 Sarapion,
1238 2088 1412 2120 Parammon,
1428 2089 1554 2117 Zosimus
1574 2092 1602 2116 et
1613 2087 1668 2116 Ire-

883 2145 958 2165 naeus
972 2136 1091 2169 diaconi,
1108 2136 1143 2163 ad
1159 2135 1217 2162 Arii
1231 2139 1324 2170 partes
1340 2135 1509 2168 transierint,
1525 2138 1606 2170 atque
1619 2142 1669 2163 v0-

881 2183 981 2212 luerint
1005 2183 1104 2219 deponi
1129 2190 1190 2210 cum
1212 2182 1281 2216 illis;
1304 2185 1334 2209 ut
1349 2185 1415 2209 nota
1435 2181 1491 2209 sint
1516 2181 1592 2209 vobis
1607 2188 1668 2216 quas

878 2231 934 2266 jam
955 2231 1058 2266 scripta
1072 2234 1146 2262 sunt,
1163 2233 1247 2264 utque
1268 2232 1387 2256 vestram
1403 2228 1431 2255 in
1451 2228 1526 2256 hisce
1553 2235 1668 2256 concor-

879 2278 953 2305 diam
976 2276 1129 2310 declaretis,
1152 2283 1185 2303 ac
1210 2274 1374 2310 depositioni
1397 2274 1465 2307 Arii,
1490 2274 1557 2302 Pisti
1579 2274 1668 2302 socio-

879 2330 995 2360 rumque
1012 2322 1171 2358 sutlragium
1182 2321 1289 2349 addatis
1303 2324 1437 2348 vestrum.
1449 2319 1502 2347 Par
1514 2321 1613 2356 quippe
1625 2325 1667 2349 est

879 2374 1017 2404 comperta
1032 2368 1110 2397 vobis
1128 2375 1190 2395 esse
1205 2373 1266 2402 quae
1277 2373 1293 2393 a
1307 2372 1350 2393 me
1362 2365 1516 2400 conscripta
1530 2369 1604 2397 sunt,
1620 2372 1667 2393 ea-

878 2424 932 2452 que
950 2415 1084 2451 singulos,
1108 2414 1188 2450 quasi
1211 2413 1327 2449 quisque
1349 2414 1471 2440 vestrum
1498 2411 1666 2446 scripsisset,

880 2462 963 2491 corde
977 2461 1131 2498 complecti.

879 2575 1028 2610 episcopus;
1050 2572 1085 2610 ab
1110 2571 1221 2610 Arianis
1247 2570 1388 2610 ordinatus
1415 2571 1468 2610 est,
1489 2565 1665 2610 quippersﬁurb

879 2606 1129 2645 ipsum—Arianismi
1154 2606 1262 2645 initiuAm
1286 2606 1357 2632 inter
1368 2606 1571 2645 _antesign_a_nos
1590 2608 1665 2645 corn:

878 2634 1089 2680 b’diiiiaiu’r,:ut'
1099 2642 1180 2680 paulo
1196 2640 1268 2669 infra
1284 2644 1336 2675 est,
1348 2639 1402 2668 τῶν
1416 2634 1483 2674 περῖ
1496 2639 1604 2673 ’Ἄρειον
1616 2634 1666 2663 καὶ

877 2677 931 2708 τῶν
945 2679 1009 2716 περὶ
1023 2677 1131 2710 Πιστόν,
1145 2681 1208 2714 etc.‘

1620 106 1673 134 58?.
1719 120 1722 124 ~
