1911 3073
203 81 213 90 ’
249 81 300 111 583
809 79 838 108 ὃ.
860 77 1057 107 ALEXAND!“
1078 78 1313 107 ALEXANDRINI
1825 79 1867 106 5?!

1037 149 1083 177 IV.

308 205 494 243 Fragmenta
511 203 576 235 duo
592 213 631 236 ex
647 204 782 245 epistola
799 205 837 236 ad
854 206 1020 246 [Eglonem
1036 206 1304 248 Cynopolitanum
1320 205 1517 244 episcopum,
1535 206 1644 234 contra
1660 203 1812 233 Arianos.

298 275 376 311 Apud
402 274 431 303 S.
452 275 598 304 Maximum
624 278 739 313 confess.
760 279 828 306 inter
848 279 1136 343 cpusc.Ptg’eiqlog‘.6qt_
1152 280 1259 315 polent.,
1284 279 1349 314 Opp.
1373 284 1436 306 tom.
1453 277 1486 310 il,
1507 285 1585 312 pagg.
1603 275 1735 306 152-155,
1752 273 1819 301 edit.

1032 335 1040 343 ι
1121 326 1147 343 ι).
1782 339 1786 343 .

1032 335 1040 343 ι
1069 326 1147 343 loli).
1782 339 1786 343 .

1051 373 1072 400 l.

247 425 498 462 SanctirAlexaudri
518 433 593 461 papa:
615 426 799 459 Alexandrini,
824 435 856 455 ea:
871 427 974 461 epistolt

1046 433 1070 461 Α
1087 428 1142 456 Τοῦ
1157 427 1243 462 ἁγίου
1263 424 1459 462 Ἀλεξάνδρου
1474 423 1558 450 mina
1581 420 1823 462 ’ἂλιεὲ-ξιιιςᾷρείιιςἱ
1839 421 1866 462 ea

282 461 423 496 Eglonem
436 457 657 497 Cyrtopoiitanunt
668 457 828 497 episcopum,
840 457 934 490 contra
951 464 973 490 Α

1046 457 1070 461 η
1118 464 1172 498 τῆς
1181 457 1255 496 Ῐπρὸς
1265 457 1575 498 Αζγλωναέίιίσκοπον
1585 457 1787 489 Κυνοπόλεως
1801 459 1868 484 κατὰ

281 495 340 524 nos.
460 495 467 497 ἡ
682 495 687 497 “
755 495 759 497 ’
1124 495 1277 533 Άρειὰνῶν
1291 495 1466 529 ἐπιστολῆς.

280 549 415 578 Voluntas
437 551 580 584 naturalis,
603 551 781 586 intelligentis
812 553 903 580 omnis
928 556 974 580 nat

1032 564 1034 578 ξ
1116 556 1230 591 Θέλησίς
1250 555 1308 581 ἐστι
1334 553 1445 588 φυσικὴ,
1467 551 1567 582 παντὸς
1591 549 1685 586 νοεροῦ
1712 548 1864 583 αὐθαίρετος

245 595 332 623 libera
347 596 462 624 facultas
476 598 599 632 exsistit;
615 603 644 626 ut
657 606 718 633 quae
733 598 801 626 nihil
816 599 974 626 involuntar

1081 602 1204 638 δύναμις,
1217 602 1255 634 ὡς
1267 600 1349 637 μηδὲν
1361 598 1431 627 κατὰ
1440 599 1489 635 τὴν
1502 597 1595 625 οὐσίαν
1611 596 1742 624 ἀκούσιον
1754 595 1864 630 ἔχοντος.

245 642 353 676 habeat,
366 643 437 679 quod
452 651 484 671 ex
499 645 624 672 essentia:
635 645 739 673 ratione
751 646 788 672 tit.

279 757 407 793 Operatio
434 758 578 790 naturalis,
606 757 715 785 innatus
738 761 780 785 est
805 757 941 794 cujusque
963 767 974 788 s

1121 758 1261 794 Ἐνέργεια
1278 757 1377 792 φυσική
1396 756 1478 787 ἐστιν,
1491 755 1508 790 ἡ
1524 754 1614 790 πάσης
1637 752 1732 783 οὐσίας
1751 752 1863 787 ἔμφυτος

244 804 352 832 stantia:
365 808 464 832 motus.
481 803 608 839 Operatio
622 804 766 837 naturalis,
783 809 886 832 natura:
905 805 974 840 cuju:

1080 805 1196 840 κίνησις.
1218 803 1356 839 Ἐνέργειὰ
1369 803 1427 828 ἐστι
1441 801 1553 836 φυσικὴ,
1570 800 1584 827 ὁ
1597 800 1685 835 πάσης
1699 799 1812 834 φύσεως
1827 798 1864 824 οὑ-

245 849 431 877 substantialis
448 857 480 877 ac
505 849 648 877 notiiicans
663 849 733 876 ratio
753 853 805 877 est.
830 848 959 884 Operatio

1081 850 1179 885 σιώδης
1193 850 1239 876 καὶ
1251 849 1400 884 γνωστικὸς
1412 847 1499 882 λόγος.
1523 846 1664 882 Ἐνέργειά
1679 846 1740 872 ἐστι
1758 845 1862 879 φυσικὴ,

244 896 350 930 turalis,
365 896 525 924 substantiae
543 895 665 930 cujusvis
679 896 824 924 notiﬁcans
835 896 924 925 virtus
939 902 974 924 est

1080 898 1097 933 ὴ
1114 896 1248 933 δηλωτικὴ
1261 896 1351 931 πάσης
1363 895 1456 927 οὐσίας
1467 895 1590 930 δύναμις.

1152 990 1857 1006 π

912 994 1204 1006 ππ

406 1078 697 1125 MONITUM
739 1079 802 1123 IN
841 1079 1328 1132 SUBSEQUENTEM
1366 1079 1697 1126 SERMONEM

775 1172 843 1204 (ΜΑΙ,
857 1171 1003 1198 Bibliotheca
1015 1179 1075 1198 nova
1091 1173 1203 1203 Patrum,
1217 1174 1248 1205 II,
1262 1174 1329 1206 529.)

249 994 1070 1009 ππ

275 1286 339 1314 Dixi
357 1287 385 1313 in
407 1285 552 1320 Spicilcgio
566 1283 699 1316 Romano,
716 1288 735 1312 t.
748 1282 808 1315 III,
820 1291 846 1318 ρ.
859 1283 921 1314 694,
938 1291 971 1310 ex
983 1283 1163 1312 Orientalibus
1180 1285 1343 1313 bibliotheca:
1360 1284 1496 1312 Vaticana:
1506 1284 1639 1312 codicibus
1658 1284 1744 1311 multa
1755 1285 1862 1312 excitari

240 1333 340 1369 scripta
356 1337 469 1359 veterum
486 1340 573 1366 posse,
589 1339 647 1366 quw
663 1331 770 1359 omnino
787 1329 979 1357 desideramus.
996 1330 1031 1357 Et
1042 1331 1146 1366 quidem
1160 1337 1256 1366 pra'ter
1268 1331 1343 1358 lauta
1355 1332 1403 1358 illa
1417 1340 1475 1367 qua:
1492 1331 1547 1359 loco
1561 1331 1644 1358 citato
1659 1331 1732 1358 edidi
1754 1331 1861 1358 Patrum

241 1380 396 1415 fragmenta,
410 1378 514 1413 majora
529 1378 644 1405 indidem
653 1378 713 1413 jam
729 1382 808 1404 antea
823 1376 979 1410 extuleram,
994 1376 1133 1405 Zacharite
1149 1378 1267 1406 videlicet
1286 1378 1464 1406 Melitenensis
1480 1379 1569 1413 capita
1581 1377 1721 1411 historica,
1736 1377 1860 1405 Ebediesn

239 1431 265 1455 et
280 1426 472 1462 Abulpharagii
483 1429 612 1452 tractatus
627 1424 777 1456 canonicos,
789 1423 974 1450 Armeniorum
994 1424 1074 1452 etiam
1090 1432 1212 1456 canones,
1225 1423 1313 1452 Severi
1330 1424 1483 1452 Antioclteni
1495 1433 1626 1452 sermones
1648 1424 1762 1460 aliquot,
1781 1429 1806 1452 et
1819 1433 1861 1452 nu-

239 1483 285 1509 per
294 1475 380 1501 sancti
394 1473 490 1509 Cyrilli
505 1477 597 1500 contra
617 1471 790 1507 Synusiastas
800 1476 825 1499 et
840 1472 988 1500 Diodorum
1002 1480 1033 1499 ac
1052 1471 1218 1499 Theodorum
1235 1473 1370 1508 reliquias.
1385 1471 1447 1498 Jam
1462 1480 1521 1499 vero
1536 1472 1605 1498 inter
1619 1472 1707 1506 prima
1728 1472 1777 1498 illa
1789 1491 1797 1503 ,
1810 1479 1861 1507 qua:

239 1522 390 1553 memoravi,
405 1520 486 1548 codex
506 1520 648 1547 Vaticanus
659 1518 790 1546 Arabicus
809 1519 856 1546 101
875 1518 971 1546 bonam
987 1519 1052 1546 mihi
1068 1519 1229 1554 particulam
1242 1519 1452 1554 suppeditaverat
1474 1519 1600 1546 sermonis
1614 1518 1700 1545 sancti
1719 1518 1861 1545 Alexandri

237 1568 395 1603 patriarcha
411 1566 586 1594 Alexandrini
599 1566 637 1601 (1)
648 1574 655 1599 ;
675 1574 749 1601 quem
761 1573 906 1593 sermonem
916 1564 1009 1592 deinde
1022 1565 1151 1600 integrum
1162 1566 1189 1592 in
1206 1564 1318 1600 Syriaco
1332 1569 1384 1591 vat.
1403 1564 1491 1592 codice
1504 1565 1556 1593 568
1570 1571 1663 1593 nactus
1676 1574 1746 1596 sum,
1762 1566 1790 1592 id
1798 1566 1860 1601 quod

238 1616 302 1643 olim
317 1615 344 1642 in
360 1614 530 1649 Scriptorum
545 1618 598 1641 vet.
613 1618 676 1641 tom.
695 1613 716 1640 V
726 1634 732 1646 ,
748 1621 774 1648 p.
791 1613 835 1645 4‘2,
850 1613 1008 1648 significavi.
1024 1611 1103 1639 Nunc
1117 1620 1175 1639 ecce
1187 1617 1245 1646 post
1259 1612 1434 1639 Alexandrini
1449 1611 1546 1648 Cyrilli
1569 1612 1662 1640 Gra'ca
1679 1614 1793 1647 scripta,
1810 1621 1859 1640 ser-

238 1671 340 1693 monem
351 1663 418 1689 hunc
428 1661 602 1689 Alexandrini
615 1661 723 1697 Syriace
738 1661 818 1688 simul
831 1665 907 1696 atque
921 1659 1015 1687 Latine
1032 1658 1253 1695 (quandoquidem
1268 1659 1360 1687 erca
1374 1660 1451 1688 verba
1463 1660 1666 1695 desideramus),
1679 1669 1790 1695 operam
1801 1662 1857 1687 mihi

237 1718 314 1738 suam
326 1708 551 1736 commodantibus
570 1706 697 1734 Matt/tceo
716 1706 867 1734 Scia/mana
882 1711 907 1734 et
922 1705 1066 1733 Francisco
1083 1703 1234 1739 Mehasebo,
1246 1705 1388 1734 Maronitis
1401 1705 1603 1733 litteratissimi:
1617 1725 1625 1739 ,
1648 1706 1675 1733 in
1695 1706 1782 1734 lucem
1797 1707 1860 1734 exire

237 1757 324 1790 iubeo,
340 1763 371 1782 ne
383 1760 464 1782 tanta:
478 1754 655 1789 antiquitatis,
671 1753 841 1780 auctoritatis
854 1752 983 1788 [aquue
998 1751 1111 1786 episcopi
1123 1750 1224 1779 diutius
1241 1761 1270 1779 os
1285 1753 1452 1779 conticescat.

276 1802 359 1830 Porro
372 1802 410 1829 rei
426 1809 492 1829 certe
507 1800 656 1828 testimonia
669 1792 748 1833 sunt,
770 1799 856 1834 prima
878 1798 982 1834 quidem
1007 1798 1157 1833 fragmenta
1169 1798 1220 1826 illa
1231 1806 1264 1826 ex
1277 1798 1365 1826 codice
1381 1798 1506 1832 Arabico,
1523 1807 1582 1835 qua
1598 1799 1748 1827 Alexandri
1765 1800 1858 1827 archie-

236 1850 336 1886 piscopi
347 1848 520 1877 Alexandrini
537 1855 631 1874 nomen
645 1851 738 1882 gerunt
750 1845 857 1882 (Spicil.
874 1845 967 1879 Rom,
983 1851 1004 1873 t.
1024 1845 1085 1878 111,
1099 1854 1126 1879 p.
1143 1846 1218 1882 699),
1233 1854 1340 1882 quaeque
1359 1846 1387 1874 in
1400 1846 1500 1882 integro
1513 1854 1633 1873 sermone
1653 1845 1739 1873 eidem
1765 1845 1859 1874 auctori

237 1897 375 1931 inscripto,
391 1903 459 1923 nunc
475 1894 530 1921 suis
545 1893 657 1921 recitata
671 1893 735 1919 locis
749 1892 867 1920 seriatim
882 1896 1018 1926 apparent.
1039 1891 1140 1920 Deinde
1156 1891 1313 1920 Sabariesus
1330 1891 1414 1928 Syrus
1427 1897 1519 1920 auctor
1530 1892 1600 1927 apud
1610 1892 1790 1920 Assemanum
1805 1893 1858 1920 Bib.

237 1950 278 1970 or.
295 1946 314 1969 ι.
330 1941 390 1974 ΙΙΙ,
402 1949 428 1976 p.
440 1941 502 1973 545,
515 1940 609 1974 recitat
629 1947 662 1966 ea:
676 1938 810 1973 Maca/ftei
825 1938 948 1966 chronica
962 1938 1087 1973 Arabico,
1100 1939 1247 1967 Alexandri
1258 1940 1345 1968 nostri
1360 1939 1553 1975 fragmentum,
1572 1938 1640 1974 quod
1652 1939 1757 1974 pariter
1771 1938 1859 1974 (mira-

239 1988 289 2016 bile
302 1988 403 2024 dictu!)
419 1990 446 2016 in
459 1996 577 2016 sermone
592 1987 692 2021 integro
707 1990 797 2013 nostro
817 1993 844 2012 ιι.
862 1985 879 2013 5
903 1986 1028 2014 occurrit.
1058 1986 1217 2022 Quanquam
1239 1995 1299 2015 vero
1319 1987 1475 2022 Maca/fatus
1491 1987 1674 2014 Alexandrum
1687 1986 1754 2013 dicit
1769 1994 1858 2021 papam

237 2033 402 2068 Romanum,
418 2034 441 2061 is
463 2032 567 2069 quidem
582 2031 739 2066 manifestus
749 2039 824 2058 error
838 2030 871 2058 ab
881 2030 1028 2058 Assemano
1039 2031 1066 2059 in
1077 2032 1164 2060 indice
1182 2040 1209 2067 p.
1227 2032 1280 2060 658
1294 2038 1362 2060 recte
1381 2033 1533 2068 corrigitur,
1550 2032 1594 2067 qui
1619 2031 1758 2067 legendum
1772 2031 1859 2058 suadet

236 2080 462 2109 Alexandrinum.
477 2078 577 2107 Deinde
593 2077 779 2114 (praeterquam
794 2076 863 2112 quod
881 2076 1055 2105 scribentibus
1067 2078 1162 2105 menda
1179 2078 1264 2105 multa
1276 2078 1397 2114 obrepere
1411 2079 1506 2113 solent)
1518 2078 1556 2106 rei
1574 2076 1712 2104 ceritatem
1728 2085 1800 2104 nunc
1814 2077 1861 2112 Sg-

237 2128 327 2156 riacus
343 2126 425 2154 codex
438 2134 485 2154 nos
501 2125 591 2158 docet,
614 2125 658 2161 qui
673 2123 826 2152 Alexandro
840 2124 1028 2153 Alexandrina:
1043 2126 1116 2154 urbis
1142 2126 1256 2154 antistiti
1270 2126 1338 2153 hunc
1354 2133 1498 2153 sermonem
1511 2126 1642 2153 inscribit.
1660 2125 1728 2153 Tum
1743 2126 1812 2153 satis
1825 2130 1859 2152 est

238 2174 387 2210 exploratus
403 2180 459 2199 mos
476 2170 652 2199 Orientalium
667 2169 800 2196 Romanos
817 2170 974 2197 nominandi
989 2176 1115 2207 quotquot
1127 2171 1234 2206 imperio
1251 2170 1370 2198 Romano
1387 2170 1528 2203 suberant,
1544 2176 1568 2198 et
1579 2170 1682 2203 Gnaeo,
1701 2171 1799 2198 nedum
1813 2171 1861 2197 La-

237 2223 304 2254 tina,
321 2220 411 2255 lingua
425 2217 577 2246 utebantur.
594 2217 665 2250 Quin
681 2220 706 2243 et
720 2216 806 2251 ipsum
820 2215 999 2251 Byzantinum
1014 2218 1154 2253 imperium
1167 2223 1319 2246 constanter
1329 2218 1478 2246 Romanum
1495 2217 1638 2252 appellant,
1651 2223 1679 2244 ut
1694 2218 1749 2253 ipsi
1764 2226 1859 2254 quoque

237 2266 380 2303 Byzantini
395 2264 514 2292 historici
528 2263 620 2295 solent,
636 2263 681 2298 qui
694 2263 733 2289 ita
747 2263 774 2289 in
789 2262 863 2290 libris
879 2263 935 2290 suis
952 2263 1091 2292 ambitiose
1102 2264 1257 2299 loquuntur,
1270 2269 1410 2300 postquam
1427 2265 1671 2299 Constantinopolis
1682 2273 1758 2292 nocte
1774 2265 1858 2293 Roma.-

235 2322 329 2342 nomen
340 2313 447 2340 invasit.
459 2311 544 2338 Locus
555 2310 635 2346 igitur
650 2318 666 2337 a
678 2309 817 2345 Maca/lato
829 2310 927 2338 relatus
938 2311 977 2338 ita
990 2319 1017 2338 se
1031 2311 1106 2339 habet
1119 2320 1127 2339 :
1147 2322 1156 2338 ‹
1174 2312 1324 2340 Alexander
1334 2313 1469 2340 Romanus
1483 2312 1636 2347 patriarcha
1648 2313 1734 2348 inquit
1746 2319 1756 2338 :
1766 2312 1858 2339 Manus

234 2369 293 2396 qua;
308 2360 440 2388 Adamum
457 2359 565 2390 creavit,
582 2358 640 2392 ipsa
658 2359 740 2386 clavis
758 2359 785 2386 in
800 2367 876 2387 cruce
894 2358 1031 2393 perforata
1046 2364 1095 2386 est.
1114 2359 1151 2387 Os
1166 2359 1234 2395 quod
1249 2360 1276 2387 in
1298 2360 1430 2387 Adamum
1449 2360 1613 2395 spiraculum
1629 2360 1690 2386 vitae
1704 2359 1857 2394 inspiravit,

235 2411 338 2433 acetum
348 2405 422 2433 bibit.
435 2405 486 2433 Pes
497 2406 542 2441 qui
557 2405 638 2433 claris
653 2405 773 2439 confixus
785 2405 852 2439 fuit,
866 2409 964 2432 terram
979 2404 1109 2439 fundavit.
1126 2414 1136 2430 ι
1154 2404 1229 2438 llaec,
1242 2406 1351 2441 inquam
1364 2407 1444 2442 paulo
1459 2406 1562 2442 quidem
1578 2406 1698 2438 liberius,
1711 2407 1770 2434 sine
1784 2405 1857 2432 dubio

236 2457 322 2479 tamen
338 2460 371 2480 ea:
387 2452 435 2480 hoc
449 2459 538 2481 nostro
551 2463 669 2482 sermone
684 2463 711 2483 n.
726 2455 743 2483 5
759 2459 863 2489 sumpta
876 2454 956 2483 uides.
977 2453 1162 2482 Verum-tamen
1177 2455 1222 2490 qui
1233 2454 1329 2482 ibidem
1341 2456 1424 2483 multo
1441 2455 1546 2482 uberior
1561 2456 1633 2483 locus
1648 2455 1787 2490 prtecedit,
1805 2460 1827 2481 et
1839 2463 1852 2480 α

235 2497 309 2525 nobis
322 2499 430 2535 virgulis
447 2500 587 2528 distinctus
599 2501 662 2537 fuit,
681 2502 704 2528 is
720 2510 779 2528 cum
790 2501 907 2529 Arabica
924 2503 1052 2530 sermonis
1066 2503 1290 2537 interpretatione,
1305 2503 1334 2530 in
1346 2502 1492 2538 Spicilegio
1503 2507 1593 2530 nostro
1609 2502 1681 2530 edita
1692 2522 1699 2534 ,
1716 2501 1856 2530 evidentius

237 2544 322 2571 adhuc
341 2550 418 2581 atque
432 2547 596 2575 adamussim
616 2548 748 2583 congruit.
765 2547 913 2584 Cteteroqui
928 2558 981 2577 non
995 2554 1034 2578 est
1050 2549 1219 2583 mirandum,
1241 2551 1264 2578 si
1278 2550 1322 2585 qui
1346 2559 1431 2578 sermo
1445 2558 1478 2578 ea:
1495 2549 1586 2578 (ἕνωσο
1602 2549 1632 2576 in
1652 2549 1797 2584 Syriacum
1807 2569 1813 2581 ,
1829 2554 1856 2573 EI

236 2590 284 2618 hoc
298 2591 326 2618 in
341 2592 485 2626 Arabicum
509 2594 608 2621 idioma
632 2594 749 2625 transiit,
765 2601 864 2628 paucas
880 2594 980 2630 aliquot
1003 2596 1143 2624 varietates
1158 2597 1185 2623 in
1202 2596 1242 2624 Itis
1266 2597 1489 2632 transfusionibus
1518 2605 1613 2632 passus
1640 2597 1685 2624 sit.
1703 2597 1778 2630 Quin
1799 2594 1857 2622 adeo

237 2639 364 2665 sermonis
378 2638 457 2673 hujus
475 2639 535 2666 dure
547 2639 667 2667 videntur
683 2641 815 2668 exstitisse
830 2641 900 2676 apud
909 2641 1116 2676 Alexandrinos,
1127 2643 1179 2671 sive
1189 2643 1259 2678 apud
1273 2643 1432 2677 Orientales,
1446 2644 1590 2676 editiones;
1608 2644 1822 2679 quandoquidem
1834 2643 1857 2668 in

237 2684 325 2712 codice
336 2685 396 2720 Syr.
416 2686 488 2719 Vat.,
503 2692 561 2722 post
577 2688 706 2722 integrum
719 2696 878 2721 sermonem,
891 2688 965 2715 aliud
984 2690 1111 2717 atteritur
1126 2690 1244 2725 ejusdem
1260 2691 1437 2726 fragmentum
1449 2711 1457 2724 ,
1475 2699 1527 2718 non
1547 2692 1603 2719 sine
1616 2690 1710 2726 paucis
1725 2690 1808 2717 variis
1823 2689 1855 2715 le—

274 2770 312 2810 (1)
322 2770 403 2813 idern
418 2771 557 2813 inicuopdex
568 2773 653 2813 _h_a_bet
665 2773 876 2813 tragmentagss.
890 2773 995 2813 J_ulii__et
1011 2774 1134 2804 Silvestri
1146 2776 1304 2812 pontiﬁcum
1315 2776 1513 2811 Romanorum,
1529 2784 1589 2812 quas
1603 2784 1653 2813 ego
1665 2775 1763 2804 σπι-ωειλ
1779 2774 1856 2808 edidi,

240 2803 338 2839 Scripl.
354 2811 403 2832 νει.
418 2810 438 2834 ι.
454 2805 508 2840 vn,
521 2815 547 2842 p.
564 2808 615 2836 tat
629 2803 731 2843 H.165,
748 2810 800 2837 col.
815 2809 843 2843 2,
858 2817 884 2838 v.
899 2810 974 2838 t-ts.
