1911 3073
46 118 100 146 575

754 120 932 149 EPISTOLE
937 140 944 147 .

1614 123 1665 151 574

82 177 116 204 Il.
134 177 166 204 οι
180 176 232 213 μὲν
249 174 297 205 οὖν
312 177 460 206 ἀποστάται
476 177 625 214 γενόμενοι,
638 178 706 206 εἰσὶν
717 179 831 216 ’Λρειος,

922 178 955 207 ll.
972 178 1100 207 Ecclesiae
1127 183 1217 208 autem
1244 179 1397 208 desertores
1419 179 1445 206 hi
1468 183 1554 207 sunt:
1572 179 1664 211 Arius,

48 224 96 250 καὶ
118 223 259 259 Ἀχιλλεὺς
271 223 338 260 (54),
355 224 402 251 καὶ
429 223 577 260 Ἀειθάλης,
606 224 653 251 καὶ
668 225 833 262 Καρπώνης,

47 268 96 294 καὶ
107 267 200 303 ἕτερος
215 268 334 304 Ἄρειος,
356 269 403 296 καὶ
416 269 571 306 Σαρμάτης,
588 270 617 297 οἵ
634 279 699 297 ποτε
716 271 835 307 πρεσϐύ-

47 323 121 350 τεροι
146 314 219 350 (55)·
247 315 295 342 καὶ
317 315 445 349 Εὑξώῖος,
467 316 514 344 καὶ
525 316 648 351 Λούκιος,
661 317 708 344 καὶ
727 318 834 350 Ἰούλιος

48 359 105 394 (56)
115 380 123 392 ,
144 361 192 386 καὶ
206 361 312 395 Μηνᾶς,
329 361 375 389 καὶ
397 361 541 394 Ἑλλάδιος,
557 363 604 390 καὶ
617 363 707 396 Γάϊος,
723 364 750 390 οἴ
769 372 834 390 ποτε

46 406 174 432 διάκονοι·
192 407 240 433 καὶ
253 407 301 434 σὺν
325 407 417 439 αὐτοῖς
436 407 580 440 Σεκοῦνδος
593 409 641 435 καὶ
667 409 784 442 Θεωνᾶς,
810 410 837 436 οἵ

48 459 113 477 ποτε
132 451 272 486 λεχθέντες
285 451 437 479 ἐπίσκοποι.
455 453 522 480 Ποῖα
537 453 566 480 δὲ
586 453 662 490 παρὰ
685 454 736 486 τὰς
762 455 834 490 Γρα-

48 497 100 531 φὰς
115 497 172 532 (57)
190 498 352 534 ἐφευρόντες
366 498 502 532 λαλοῦσιν,
524 499 581 527 ἐστι
598 500 693 528 ταῦτα.

82 543 127 570 lli.
144 544 202 571 Οὐκ
218 545 262 572 ἀεὶ
273 546 287 572 ὁ
303 545 369 578 Θεὸς
383 546 477 583 Πατὴρ
493 544 537 583 ἦν,
552 547 609 574 ἀλλ’
634 546 667 584 ἦν
679 548 723 575 ὅτε
738 549 752 576 ὁ
768 549 834 582 Θεὸς

48 589 142 626 Πατὴρ
157 590 208 616 οὐκ
221 587 266 625 ἦν’
280 590 330 617 οὐκ
345 590 388 617 ἀεὶ
400 588 433 627 ἦν
446 593 460 618 6
474 591 520 618 τοῦ
537 591 604 618 Θεοῦ
626 592 721 626 Λόγος,
737 593 793 620 ἀλλ’
805 593 835 626 ἐξ

47 637 95 663 οὐκ
116 635 204 663 όντων
218 636 338 671 γέγονεν·
366 637 381 663 6
401 636 456 673 γὰρ
470 636 508 664 ὢν
521 637 587 671 Θεὸς
607 638 653 666 τὸν
671 638 708 675 μὴ
721 640 785 666 ὄντα
802 641 835 668 ὲκ

46 681 91 708 τοῦ
106 681 144 717 μὴ
158 681 235 714 ὄντος
245 681 388 718 πεποίηκε·
408 681 447 709 διὸ
465 683 512 710 καὶ
524 680 558 719 ἦν
574 692 650 716 ποτε,
670 684 714 710 ὅτε
725 684 775 711 οὐκ
788 682 832 721 ἦν.

46 727 158 763 Κτίσμα
172 728 228 763 γάρ
249 729 307 755 ὲστι
321 728 367 756 καὶ
380 729 486 764 ποίημα
498 730 512 755 6
529 729 603 762 Υἱὸς,
620 729 683 757 οὔτε
698 729 726 757 δὲ
741 731 834 766 ὅμοιος

46 774 104 800 κατ’
119 773 217 801 οὐσίαν
227 773 266 810 τῷ
275 774 362 811 Πατρί
376 776 458 803 ἐστιν·
472 775 534 802 οὔτε
548 775 681 811 ἀληθινὸς,
695 777 741 803 καὶ¹
755 777 834 812 φύσει

45 818 90 845 τοῦ
104 818 215 855 Πατρός
231 819 316 854 Λόγος
331 819 414 847 ἐστίν·
437 819 500 847 οὒτε
520 820 632 857 ἀληθινὴ
650 822 733 856 Σοφία
749 822 832 849 αὐτοῦ

45 865 127 890 ἐστιν·
143 854 202 890 ἀλλ’
218 863 258 896 εἷς
274 866 322 900 μὲν
334 865 388 893 τῶν
402 854 756 904 ποιημάτωνκαὶ-γενητῶν
765 869 832 895 ἐστι·
851 854 871 883 Β

45 909 273 945 καταχρηστικῶς
283 910 312 937 δὲ
326 909 434 945 λέγεται
450 912 535 946 Λόγος
549 912 598 939 καὶ
610 913 704 948 Σοφία,
721 913 835 949 γενόμε-

43 964 86 987 νος
103 955 154 982 καὶ
166 955 247 988 αὐτὸς
265 955 320 992 (58)
336 956 374 993 τῷ
393 957 450 993 ἰδίῳ
461 957 509 985 τοῦ
532 958 600 986 θεοῦ
620 960 708 995 Λόγῳ,
734 960 782 987 καὶ
800 962 833 997 τῇ

45 1002 72 1028 ὲν
87 1000 128 1036 τῷ
137 1000 199 1037 Θεῷ
224 1001 318 1038 Σοφίᾳ,
342 1003 371 1029 ὲν
415 1003 462 1030 καὶ
475 1003 510 1031 τὰ
523 1004 612 1032 πάντα
626 1006 672 1032 καὶ
689 1005 769 1033 αὑτὸν
784 1015 834 1033 πε-

46 1046 158 1082 ποίηκεν
173 1048 187 1075 6
202 1047 278 1080 Θεός·
296 1048 336 1075 διὸ
352 1050 399 1076 καὶ
419 1051 535 1086 τρεπτός
556 1051 615 1078 ἐστι
630 1052 677 1079 καὶ
691 1052 834 1084 ἀλλοιωτδς

45 1093 94 1128 τὴν
119 1092 214 1128 φύσιν,
245 1094 282 1126 ὡς
304 1095 351 1122 καὶ
373 1095 461 1122 πάντα
476 1096 510 1123 τὰ
524 1096 630 1132 λογικά·
646 1097 720 1131 ξένος
735 1107 765 1125 τε
788 1099 834 1126 καὶ

45 1140 186 1176 ἀλλότριος
197 1142 245 1168 καὶ
257 1142 496 1179 ἀπεσχοινισμένος
510 1144 584 1172 ἐστὶν
595 1144 610 1170 6
623 1144 709 1179 Λόγος
722 1145 771 1180 τῆς
786 1145 833 1171 τοῦ

45 1186 111 1212 Θεοῦ
126 1186 231 1218 οὐσίας·
243 1187 291 1214 καὶ
301 1187 419 1224 ἄρρητός
431 1188 486 1223 (59)
500 1189 572 1216 ἐστιν
586 1190 600 1216 6
611 1189 704 1225 Πατὴρ
716 1188 754 1224 τῷ
766 1188 832 1224 Υἱῷ·

44 1231 106 1259 οὔτε
119 1232 177 1268 γὰρ
190 1232 299 1265 τελείως
321 1234 368 1261 καὶ
382 1234 502 1270 ἀκριϐῶς
518 1234 646 1270 γινώσκει
663 1237 677 1263 6
690 1235 775 1270 Λόγος
789 1235 834 1262 τὸν

47 1277 169 1313 Πατέρα,
182 1277 252 1313 ἱοῦτε
265 1278 374 1311 τελείως
391 1280 445 1315 (60)
459 1281 524 1316 ὀρᾷν
539 1280 620 1307 αὐτὸν
642 1280 762 1308 δύναται.
778 1281 834 1308 Καὶ

47 1323 100 1359 γὰρ
116 1323 166 1350 καὶ
178 1324 274 1351 ἑαυτοῦ
290 1324 338 1359 τὴν
354 1324 446 1352 οὐσίαν
459 1325 509 1352 οὐκ
525 1323 595 1352 οἶδεν
610 1327 625 1352 6
640 1326 703 1357 Υἱὸς
715 1326 753 1357 ὡς
764 1325 831 1352 ἔστι·

46 1369 78 1395 δι’
98 1370 174 1405 ἡμᾶς
191 1369 246 1406 γὰρ
262 1372 417 1406 πεποίηται,
434 1371 477 1398 ἵνα
498 1372 573 1406 ἡμᾶς
587 1371 621 1398 δι’
648 1371 731 1398 αὐτοῦ
748 1371 785 1404 ὡς
799 1372 833 1399 δι’

46 1415 164 1450 ὀργάνου
184 1415 263 1452 κτίσῃ
284 1417 298 1443 6
311 1416 386 1448 Θεός.
414 1417 469 1443 Καὶ
483 1417 532 1444 οὐκ
555 1417 588 1444 ἂν
609 1417 723 1453 ὑπέστη,
748 1419 772 1444 εἰ
795 1417 833 1454 μὴ

46 1463 120 1498 ἡμᾶς
136 1464 152 1489 ὁ
165 1463 232 1495 Θεὸς
254 1463 370 1500 ἠθέλησε
386 1465 507 1500 ποιῆσαι.
539 1465 676 1501 Ἦρώτησε
704 1465 770 1500 γοῦν
791 1474 834 1498 τις

46 1509 156 1541 αὐτοὺς,
169 1509 194 1535 εἰ
219 1508 329 1536 δύναται
345 1510 360 1536 6
372 1509 419 1536 τοῦ
432 1509 499 1537 Θεοῦ
520 1510 605 1545 Λόγος
619 1512 754 1547 τραπῆναι
769 1511 807 1543 ὡς
820 1512 834 1537 6
847 1526 868 1554 ε

45 1554 170 1586 διάϐολος
196 1554 314 1590 ἐτράπη·
341 1554 388 1581 καὶ
411 1555 462 1581 οὐκ
483 1554 654 1591 ὲφοσήθησαν
678 1555 764 1582 εἰπεῖν
793 1555 834 1581 ὅτι

45 1600 157 1627 δύναται
180 1600 250 1635 (6i);
266 1600 384 1635 τρεπτῆς
396 1600 448 1636 γὰρ
468 1601 574 1636 φύσεώς
587 1603 644 1628 ἐστι
658 1600 771 1637 γενητὸς
787 1601 834 1628 καὶ

46 1647 155 1679 κτιστὺς
169 1647 309 1684 ὑπάρχων.

81 1767 128 1797 IV.
153 1769 247 1798 Ταῦτα
266 1770 393 1805 λέγοντας
417 1771 480 1803 τοὺς
495 1771 559 1808 περὶ
581 1772 699 1808 Ἄρειον,
720 1772 767 1799 καὶ
787 1772 833 1800 ἐπὶ

46 1815 152 1847 τούτοις
167 1816 427 1852 ἀναισχυντοῦντας,
451 1817 549 1849 αὐτούς
571 1826 601 1844 τε
623 1817 669 1844 καὶ
689 1818 751 1849 τοὺς
773 1826 834 1845 συν-

47 1862 283 1898 ακολουθήσαντας
305 1863 405 1896 αὐτοῖς,
432 1864 519 1900 ἡμεῖς]
535 1864 584 1900 μὲν
602 1864 670 1900 μετὰ
693 1864 748 1891 τῶν
773 1866 833 1892 κατ’

47 1908 184 1943 Αἴγυπτον
207 1909 255 1936 καὶ
275 1909 324 1941 τὰς
344 1909 445 1942 Λιϐύας
458 1909 613 1942 ἐπισκόπων
639 1911 721 1945 ἐγγὺς
737 1911 833 1938 ἑκατὸν

46 1956 142 1986 ὄντων,
156 1954 327 1987 συνελθόντες
341 1955 582 1992 ἀνεθεματίσαμεν.
598 1957 629 1983 Οἱ
640 1957 669 1983 δὲ
689 1957 753 1992 περὶ
779 1958 832 1984 Εὐ-

49 2000 138 2027 σέϐιον
151 2000 356 2035 προσεδέξαντο,
379 2001 573 2034 σπουδάζοντες
586 2002 765 2038 ἐγκαταμίξαι
777 2003 832 2039 (62)

47 2047 76 2074 τὸ
87 2046 185 2083 ψεῦδος
199 2048 232 2083 τῇ
249 2047 371 2083 ἀληθείᾳ,
387 2048 434 2074 καὶ
448 2049 481 2083 τῇ
499 2048 624 2084 εὐσεϐείᾳ
635 2048 683 2084 τὴν
696 2049 831 2077 ἀσέϐειαν·

47 2092 103 2119 ἀλλ’
117 2094 170 2121 οὐκ
181 2093 330 2128 ἰσχύσουσι·
344 2094 406 2129 νικᾷ
420 2093 474 2129 γὰρ
488 2095 504 2129 ἡ
517 2093 639 2129 ἀλήθεια,
652 2094 699 2122 καὶ
712 2094 834 2130 οὐδεμία

47 2140 105 2166 ἐστὶ
120 2140 261 2168 κοινωνία
282 2139 353 2174 φωτὶ
367 2139 440 2174 πρὸς
457 2141 575 2173 σκότος,
593 2140 664 2167 οὐδὲ
679 2141 834 2176 συμφώνη-

884 224 1012 257 Achilles,
1022 224 1153 258 Aithales,
1165 224 1314 260 Carpones,
1331 224 1411 253 Arius
1425 225 1504 257 alter,
1515 224 1665 255 Sarmates,

884 271 949 298 olim
974 271 1124 307 presbyteri
1142 280 1149 298 :
1170 270 1299 304 Euzoius,
1313 270 1425 303 Lucius,
1444 269 1543 305 Julius,
1561 269 1664 302 Menas,

885 315 1023 343 Helladius
1038 320 1065 343 et
1079 315 1176 349 Gaius,
1188 315 1252 343 olim
1268 315 1376 343 diaconi
1392 323 1400 341 ς
1418 323 1450 343 ae
1463 323 1525 344 cum
1536 316 1603 351 ipsis
1618 316 1666 343 Se-

884 362 990 391 cundus
1007 366 1034 390 et
1045 362 1182 395 Thermas,
1194 362 1258 390 olim
1267 363 1387 398 episcopi
1400 362 1559 397 nuncupati.
1575 361 1665 389 Verba

884 412 974 435 autem
997 407 1031 434 ab
1046 407 1101 434 illis
1123 406 1268 434 adinventa
1293 414 1325 434 ac
1346 409 1444 442 praeter
1460 405 1664 441 Scripturarum

883 457 1002 482 mentem
1019 452 1135 488 prolata,
1151 453 1209 481 haec
1223 457 1296 482 sunt.

919 539 963 567 lll.
981 539 1040 567 Non
1054 547 1161 576 semper
1173 539 1246 568 Deus
1257 537 1337 567 Pater
1347 538 1417 573 fuit;
1435 538 1483 567 sed
1496 537 1545 565 fuit
1556 537 1665 573 quando

884 585 955 614 Deus
971 585 1051 613 Pater
1074 593 1130 613 non
1146 589 1214 613 erat.
1236 585 1295 612 Non
1320 591 1426 619 semper
1447 586 1507 611 erat
1530 582 1577 610 Dei
1598 581 1665 610 Ver-

883 631 959 664 bum,
984 631 1032 659 sed
1054 639 1087 659 ex
1109 639 1164 658 non
1187 631 1359 659 exstantibus
1385 629 1487 657 [actum
1511 632 1576 657 est:
1594 627 1665 655 Deus

883 677 955 705 enim
974 677 1021 712 qui
1045 680 1097 709 est,
1120 684 1173 704 non
1194 676 1369 704 exsistentem
1387 683 1421 703 ex
1440 682 1495 702 non
1517 674 1666 702 exsistente

883 723 1007 750 condidit
1035 732 1042 750 :
1066 729 1150 758 quare
1171 727 1230 750 erat
1249 721 1395 757 aliquando
1415 727 1478 748 cum
1503 728 1558 748 non
1581 724 1664 747 esset.

884 768 938 797 Res
953 769 1054 804 quippe
1069 772 1170 801 creata,
1187 775 1286 803 resque
1310 767 1382 795 facta
1399 771 1441 795 est
1455 766 1540 794 Filius
1556 775 1562 793 :
1577 774 1665 801 neque

885 815 982 843 similis
1007 818 1049 842 est
1071 814 1147 841 Patri
1174 813 1326 842 secundum
1350 813 1533 841 substantiam
1553 819 1666 847 :neque

885 868 979 889 verum
993 865 1020 888 et
1037 860 1163 887 naturale
1184 859 1304 886 Verbum
1319 862 1361 886 est
1372 857 1461 885 Patris
1474 867 1481 885 :
1496 865 1585 896 neque
1600 864 1665 884 vera

883 907 944 942 ejus
964 906 1118 941 Sapientia;
1136 905 1184 933 sed
1206 912 1261 931 una
1277 912 1310 932 ex
1325 904 1406 932 rebus
1428 903 1508 931 factis
1533 902 1665 930 conditis-

883 948 936 988 qti'é
952 961 959 979 :
974 952 1088 980 abusive
1104 956 1195 980 autem
1213 951 1331 979 Verbum
1350 950 1452 978 dicitur
1469 953 1496 978 et
1516 949 1663 984 Sapientia,

883 993 946 1027 eum
968 998 1056 1026 factus
1076 998 1134 1033 ipse
1148 998 1185 1026 sit
1206 1006 1255 1034 per
1273 996 1411 1032 prOprinm
1431 995 1479 1023 Dei
1492 994 1623 1028 Verbum,
1638 999 1666 1022 et

883 1053 932 1081 per
945 1053 1005 1073 eam
1021 1053 1081 1080 quae
1103 1044 1131 1072 in
1143 1044 1198 1072 Deo
1214 1047 1266 1076 est,
1289 1043 1466 1078 Sapientiam,
1486 1042 1516 1069 in
1530 1049 1583 1076 qua
1602 1049 1665 1068 cum

883 1095 980 1118 caetera
995 1091 1096 1122 omnia,
1120 1094 1176 1117 tum
1192 1097 1253 1117 eum
1271 1090 1359 1124 ipsum
1372 1088 1436 1116 fecit
1447 1088 1529 1115 Deus.
1541 1087 1665 1122 Quapro-

884 1141 943 1172 pter
960 1140 1058 1164 natura
1071 1144 1120 1164 sua
1135 1136 1235 1163 mutari
1251 1140 1332 1170 atque
1348 1134 1418 1162 verti
1434 1137 1533 1169 potest,
1553 1133 1666 1168 perinde

883 1187 965 1219 atque
983 1184 1076 1211 omnia
1098 1182 1279 1210 rationabilia.
1298 1180 1463 1208 Extraneum
1481 1183 1582 1212 autem,
1602 1179 1665 1206 alie-

883 1238 947 1256 num
959 1233 1041 1265 atque
1053 1233 1188 1257 semotum
1205 1227 1324 1255 Verbum
1339 1229 1381 1254 est
1402 1234 1418 1253 a
1437 1225 1484 1253 Dei
1501 1225 1660 1253 substantia.

883 1274 1075 1302 lnenarrabilis
1086 1273 1167 1302 etiam
1178 1277 1219 1301 est
1231 1273 1311 1300 Pater
1325 1271 1393 1299 Filio
1405 1281 1412 1299 :
1428 1279 1490 1299 nam
1503 1279 1590 1306 neque
1600 1279 1664 1306 per—

884 1321 962 1353 tecte,
978 1327 1066 1355 neque
1090 1323 1218 1347 accurate
1236 1317 1344 1346 Patrem
1367 1317 1443 1345 novit
1465 1316 1596 1348 Verbum,
1615 1323 1664 1343 ne-

883 1374 936 1402 que
953 1365 1072 1401 perfecte
1086 1365 1163 1393 illum
1180 1365 1271 1393 videre
1290 1368 1389 1399 potest.
1405 1363 1511 1391 Etenim
1533 1371 1567 1390 ne
1588 1370 1663 1390 suam

883 1411 992 1446 quidem
1013 1410 1195 1439 substantiam
1221 1409 1297 1436 novit
1316 1407 1419 1440 Filius,
1442 1408 1524 1435 sicuti
1543 1407 1590 1434 illa
1611 1411 1663 1435 est.

883 1455 997 1491 Propter
1012 1462 1062 1483 nos
1074 1455 1173 1490 quippe
1186 1454 1274 1482 factus
1291 1457 1344 1487 est,
1362 1459 1391 1481 ut
1405 1461 1455 1481 nos
1471 1453 1517 1480 illo
1531 1453 1609 1488 quasi
1624 1453 1665 1479 in-

885 1504 1036 1529 strumento
1060 1504 1166 1528 crearet
1186 1499 1282 1528 Deus:
1307 1506 1395 1534 neque
1420 1498 1581 1530 exstitisset,
1610 1498 1665 1526 nisi

885 1555 935 1575 nos
956 1546 1028 1574 Deus
1049 1546 1168 1574 condere
1186 1545 1328 1573 voluisset.
1348 1544 1513 1572 Sciscitante
1533 1543 1664 1579 quodam,

884 1601 949 1621 num
967 1593 1079 1629 perinde
1089 1591 1189 1620 mutari
1206 1595 1299 1627 posset
1311 1591 1358 1619 Dei
1372 1590 1492 1619 Verbum
1508 1593 1589 1625 atque
1603 1589 1664 1617 dia-

884 1639 963 1667 bolus
982 1642 1102 1667 mutatus
1115 1642 1175 1672 est;
1192 1645 1248 1665 non
1261 1637 1341 1665 veriti
1357 1640 1421 1665 sunt
1434 1635 1474 1663 illi
1489 1635 1663 1670 respondere,

884 1684 955 1712 Sane
966 1688 1054 1720 potest
1068 1693 1074 1710 :
1091 1691 1165 1717 nam,
1182 1688 1275 1718 utpote
1289 1682 1377 1711 factus
1391 1685 1419 1710 et
1437 1685 1556 1714 creatus,
1574 1685 1664 1708 muta-

884 1731 946 1758 bilis
960 1734 1002 1758 est
1017 1734 1129 1758 naturae.

919 1776 964 1804 lV.
978 1776 1041 1804 Haec
1056 1776 1173 1804 Arianos
1186 1776 1338 1811 loquentes,
1356 1774 1412 1800 haec
1428 1772 1666 1808 impudentissime

884 1824 1059 1855 atlirmantes,
1078 1831 1129 1850 nos
1151 1831 1213 1851 cum
1234 1821 1369 1857 episcopis
1392 1819 1500 1855 IEgypti
1522 1824 1550 1846 ct
1566 1819 1665 1854 Libya-

883 1878 944 1898 rum
961 1877 1045 1905 prope
1063 1874 1182 1902 centum,
1201 1871 1228 1896 in
1244 1876 1328 1896 unum
1348 1867 1447 1899 coacti,
1464 1866 1525 1894 illos
1539 1873 1601 1893 cum
1618 1872 1664 1893 se-

883 1916 1035 1945 ctatoribus
1055 1916 1112 1943 suis
1127 1916 1301 1943 anathemate
1317 1914 1515 1950 percussimus.
1535 1912 1569 1939 At
1583 1911 1665 1939 Euse-

883 1963 945 1990 bius
953 1967 980 1990 et
995 1962 1063 1990 socii
1078 1961 1247 1989 admiserunt
1263 1961 1334 1993 illos,
1345 1967 1508 1995 operamque
1519 1962 1664 1990 navarunt,

884 2012 914 2036 ut
928 2008 1034 2036 veritati
1058 2007 1241 2039 mendacium,
1265 2006 1360 2041 pietati
1374 2006 1540 2041 impietatem
1561 2004 1663 2031 admis-

884 2057 972 2081 ceant.
989 2053 1042 2081 Sed
1055 2059 1226 2087 nequaquam
1245 2051 1273 2078 id
1291 2051 1397 2079 eilicere
1413 2051 1541 2078 valebunt
1555 2057 1562 2075 :
1579 2049 1665 2077 vincit

884 2099 983 2134 quippe
998 2099 1110 2131 veritas,
1132 2098 1260 2132 nullaque
1281 2098 1393 2124 societas
1410 2097 1463 2123 luci
1484 2096 1517 2123 ad
1532 2095 1662 2126 tenebras,

883 2145 956 2172 nulla
978 2144 1150 2172 consonantia
1175 2142 1274 2170 Christi
1297 2141 1331 2169 ad
1352 2142 1438 2169 Belial
1453 2142 1487 2170 ⁵⁸.
1506 2142 1573 2174 Quis
1591 2141 1663 2168 enim

45 2191 96 2218 σις
114 2186 245 2220 Χριστοῦ
260 2185 335 2220 πρὸς
350 2186 469 2219 Βελίαρ.
488 2187 536 2218 Τίς
547 2186 601 2222 γὰρ
615 2187 712 2222 ἤκουσε
724 2187 831 2214 πώποτε

886 2194 1003 2223 unquam
1026 2187 1090 2214 talia
1112 2186 1242 2213 audivit?
1262 2187 1324 2221 quis
1339 2187 1396 2221 jam
1412 2186 1527 2214 audiens
1540 2193 1595 2212 non
1615 2185 1664 2212 ob-

46 2230 175 2264 τοιαῦτα;
201 2231 218 2268 ἦ
242 2232 283 2264 τίς
299 2232 346 2259 νῦν
362 2231 468 2259 ἀκούων
485 2233 516 2259 οὐ
543 2232 685 2266 ξενίζεται,
707 2234 754 2261 καὶ
781 2233 831 2266 τὰς

89 2309 113 2325 ⁸⁸
132 2308 164 2336 II
177 2308 240 2337 Cor.
255 2317 293 2342 vt,
311 2309 356 2336 M.

80 2357 138 2392 (54)
160 2356 432 2394 δίενῆεεηδοετεῐη
442 2359 560 2394 Ἄρειος,
577 2357 709 2394 ’Λχιλλᾶς.
723 2356 825 2388 Gelas.,

47 2392 227 2429 'Apetogtxat
246 2392 393 2428 Ἀχιλλεὺς,
408 2394 454 2420 καὶ
471 2392 569 2429 Θαλῆς.

80 2427 138 2463 (55)
149 2428 183 2463 QZ
193 2435 266 2454 ποτε
278 2429 479 2462 πρεσϐύτεροι.
494 2427 556 2456 Haec
567 2433 661 2456 notatu
669 2427 829 2463 dignissima

45 2463 128 2490 verba
147 2462 247 2498 desunt
261 2463 332 2497 apud
348 2462 454 2491 Socrat.
473 2468 499 2491 et
515 2463 619 2496 Gelas.,
634 2467 661 2491 et
676 2463 748 2498 apud
767 2462 830 2497 Epi-

47 2498 177 2533 phanium
190 2496 399 2530 Scholasticum,
410 2499 457 2533 qui
467 2499 558 2526 omnia
571 2499 690 2526 miscuit.

81 2532 138 2568 (56)
154 2531 274 2568 Socrat.,
306 2531 458 2565 Ἰουλιανός.
475 2533 537 2561 Mox
553 2534 631 2567 illud,
644 2533 671 2560 οἴ
691 2541 756 2561 ποτε
771 2532 830 2560 διά-

46 2567 129 2600 κονοι,
145 2567 246 2603 desunt
263 2569 333 2603 apud
349 2568 456 2596 Socrat.
473 2573 500 2596 et
512 2569 602 2596 Gelas.

79 2603 142 2640 (571
150 2602 196 2630 Sic
210 2602 289 2640 Socr}
297 2608 324 2631 et
331 2603 421 2640 Gelas.
430 2605 467 2640 At
476 2604 553 2640 Reg,
563 2605 655 2640 minus
663 2607 750 2640 recte,
755 2603 830 2640 παρὰ

45 2640 105 2670 ταῖς
120 2638 256 2674 Γραφαῖς.
270 2637 336 2666 Post
351 2639 408 2665 ἔστι
425 2637 622 2671 ταῦταξῦειειε.
641 2640 721 2666 habet
742 2637 829 2674 δόγμα

51 2673 157 2713 Ἀρείου
175 2681 181 2698 :
201 2681 261 2708 qua:
275 2674 361 2715 verba
376 2681 438 2715 cum
453 2675 486 2715 ad
503 2674 616 2715 ‘modum
628 2674 714 2715 tituli,
727 2674 778 2715 rvel‘
794 2674 828 2701 ad

47 2709 198 2743 marginem
228 2709 330 2743 scripta
346 2709 471 2741 fuissent,
496 2709 604 2736 demum
627 2710 654 2736 in
671 2712 827 2736 contextum

47 2744 179 2771 translata
195 2747 280 2771 sunt:
296 2752 411 2778 quorum
437 2745 496 2771 loco
512 2744 683 2772 Florentinus
707 2744 792 2771 codex
811 2751 826 2771 a

48 2778 295 2815 ValesioAlaudatus
307 2779 621 2815 Ιηὼεινπῷςφρονοῦσιν
645 2779 787 2815 Ἀρειανοί.

75 2814 136 2857 .158)
148 2813 270 2857 Socratz,
287 2814 334 2857 καὶ
350 2814 430 2857 agree,
448 2814 486 2841 δέ.
501 2813 600 2857 {Iordane
607 2813 704 2857 Leonis
721 2813 823 2857 Allatii,

47 2849 91 2877 καὶ
103 2848 185 2881 αὐτὸς
205 2849 233 2875 δὲ
247 2848 285 2876 ὣν
300 2850 328 2877 ἐν
348 2849 385 2884 τῷ
397 2849 453 2885 ἰδίῳ
470 2849 515 2876 τοῦ
535 2849 601 2876 Θεοῦ
625 2850 713 2886 Λόγῳ,
733 2849 779 2876 καὶ
796 2849 824 2876 ὲν

883 2237 1034 2268 stupescat,
1055 2239 1190 2267 auresque
1213 2239 1267 2259 non
1279 2232 1414 2265 obstruat,
1429 2235 1458 2258 ut
1472 2238 1505 2258 ne
1524 2229 1662 2266 ejusmodi

881 2357 913 2392 τῇ
927 2356 973 2392 τοῦ
993 2356 1061 2383 Θεοῦ
1077 2356 1172 2392 Σοφίᾳ.
1187 2356 1268 2383 Juxta
1281 2364 1359 2392 quem
1378 2356 1512 2392 Epiphan.
1527 2357 1662 2385 Scltolast.

882 2384 932 2454 sgi'c,
943 2391 1051 2452 .Ettt'pse
1065 2397 1089 2419 et
1101 2384 1229 2419 assistens
1238 2392 1264 2418 in
1271 2384 1376 2427 pi'oprt'o
1391 2384 1440 2419 Dei
1453 2391 1535 2419 Verbo
1547 2397 1571 2420 et
1580 2393 1607 2419 in
1618 2384 1665 2420 Dei

905 2435 981 2454 ante"
995 2436 1032 2454 ια.

905 2431 1032 2454 amentia.

921 2435 1095 2498 ἒξςωὲοᾶεξ
1121 2461 1220 2490 Leonis
1244 2461 1342 2495 Allat.,
1371 2461 1495 2498 ἀόρατος.
1527 2462 1662 2497 Epiphan.

885 2495 990 2530 Schol),
1003 2497 1152 2525 invisibilis.

920 2532 975 2567 (60)
1001 2533 1122 2567 Τελειῳς
1144 2532 1219 2560 deest
1238 2532 1310 2567 apud
1326 2531 1416 2561 Gelas.
1440 2531 1501 2559 Mox
1522 2531 1593 2560 idem
1616 2533 1664 2559 καὶ

882 2568 936 2602 γὰρ
949 2566 1031 2602 αὐτοῦ
1048 2567 1108 2602 τήν.

917 2600 974 2637 (61)
991 2600 1108 2633 Socrat.,
1123 2601 1167 2627 ναὶ
1179 2601 1298 2629 δύναται.
1314 2602 1417 2634 Gelas.,
1431 2603 1471 2629 ὅτι
1485 2601 1528 2629 ναὶ
1539 2600 1661 2630 δύναται.

913 2638 949 2663 id.
965 2637 1051 2663 codex
1071 2635 1171 2663 Leonis
1191 2636 1284 2663 Allat..
1309 2635 1352 2663 οἷα
1367 2639 1487 2663 rasa-rei:
1503 2637 1540 2663 ὢν
1555 2637 1661 2663 causam:

881 2637 949 2665 Ibid.
965 2637 1051 2663 codex
1071 2637 1171 2676 Leonis
1191 2637 1284 2669 Allat.,
1309 2637 1352 2664 οἷα
1367 2639 1487 2678 τρεπτῆς
1503 2637 1540 2664 ὢν
1555 2637 1662 2672 φύσεως

881 2672 928 2699 καὶ
953 2671 1091 2712 γεννητός.
1112 2670 1161 2698 Cui
1186 2676 1319 2712 consonat
1343 2672 1489 2712 Epiphan._
1507 2672 1662 2712 Scholast.,

881 2711 1008 2742 tanquam
1022 2706 1118 2733 natura
1132 2706 1307 2742 conuertilgitis
1318 2706 1457 2740 exsistam,
1475 2708 1560 2742 factus
1587 2708 1663 2735 aiant

878 2747 901 2769 et
917 2740 1092 2778 cbnyeﬂibilis
1110 2745 1159 2768 est.
1180 2740 1230 2768 Ubi
1246 2740 1363 2778 Sperat“
1379 2743 1425 2769 καὶ
1447 2740 1562 2778 τρεπτὸς
1572 2743 1662 2778 (map-

879 2785 944 2813 χων.
960 2776 1012 2804 Sed
1029 2777 1109 2817 longe
1126 2780 1236 2812 praestat
1254 2776 1330 2811 Regii
1343 2778 1403 2805 cod.
1416 2782 1442 2805 et
1457 2776 1556 2806 Gelasli
1569 2776 1660 2812 lcctio,

878 2819 958 2847 quam
974 2819 1122 2847 sequunur.

915 2848 969 2882 (62)
987 2845 1081 2875 Sperat
1097 2866 1104 2880 ,
1117 2845 1326 2880 συγκαταμίξαι.
