1911 3073
250 123 303 152 575

817 119 846 147 S.
865 118 1065 147 ALEXAND!“
1085 118 1316 147 ALEXANDRINI

1824 117 1874 146 576

248 177 394 206 verborum
418 174 514 204 sordes
537 181 620 203 aures
633 173 710 202 'suas
734 174 939 202 contaminent?
964 174 1032 208 Quis

1087 173 1168 207 ἀκοὰς
1183 174 1250 210 βὺει,
1267 175 1337 210 ὑπὲρ
1351 174 1398 202 τοῦ
1412 174 1450 210 μὴ
1463 174 1508 202 τὸν
1526 175 1611 210 ῥύπον
1630 174 1734 202 τούτων
1754 175 1812 202 τῶν
1827 177 1872 211 ρη-

248 225 305 251 Ιιωσ
321 221 436 250 Joannis
450 221 566 249 audiens
585 230 592 248 :
609 220 642 248 In
656 221 786 256 principio
800 226 857 248 erat
879 220 1032 253 Verbum“,

247 268 370 296 homines
380 274 436 295 non
449 267 624 299 condemnet,
639 266 686 302 qui
697 266 774 293 aiunt
787 275 794 294 :
812 265 875 294 Fuit
887 266 1034 301 aliquando

246 322 309 342 cum
323 321 379 342 non
392 313 486 342 esset?
504 313 572 346 Quis
589 312 611 341 si
637 313 696 340 haec
718 312 859 348 Evangelii
881 313 963 340 verba
985 321 1033 340 au-

245 362 304 389 diat
320 369 327 387 :
349 360 504 397 Unigenitus
523 360 626 394 Filius;
642 365 670 389 et
684 369 690 388 :
702 361 755 388 Per
778 361 864 395 ipsum
882 360 955 395 facta
972 366 1033 387 sunt

245 409 337 437 omnia
345 407 379 441 “,
392 407 454 436 illos
471 415 527 435 non
549 410 691 436 aversetur
713 407 771 435 haec
794 408 957 443 loquentes:
975 406 1034 434 Una

246 455 292 483 ille
304 458 347 483 est
360 462 392 482 ex
407 454 490 482 rebus
507 453 604 481 factis?
617 453 684 481 Nam
697 453 746 489 qui
767 457 858 489 potest
871 461 925 482 una
941 461 974 482 ex
990 462 1034 482 re—

245 501 297 529 bus
312 508 328 527 a
352 507 382 528 se
399 499 477 527 factis
497 507 568 532 esse,
592 503 640 527 aut
659 500 706 535 qui
722 499 880 535 unigenilus
896 499 959 532 erit,
974 500 1032 535 qui,

245 552 277 576 ut
293 548 370 576 aiunt
385 548 434 580 illi,
451 548 578 577 omnibus
601 551 809 580 annumeratur,
833 549 857 576 si
874 549 983 584 quidem
1006 553 1034 577 ct

247 593 292 622 ille
311 601 356 621 res
380 597 422 621 est
443 592 516 620 facta
533 597 615 629 atque
632 594 742 621 creata?
760 593 903 627 Quomodo
926 602 959 622 ex
978 601 1032 622 non

245 639 417 668 exstantibus
448 640 537 668 factus
562 641 608 668 ille
635 639 728 673 fuerit,
757 649 820 668 cum
844 640 926 668 Pater
949 641 1032 673 dicat,

247 686 385 714 Eructavit
397 695 443 713 cor
457 695 543 714 meum
564 687 676 715 Verbum
692 687 785 714 bonum
800 688 838 720 u;
853 692 889 721 et,
905 687 947 714 Ex
960 693 1033 715 utero

247 736 307 759 ante
322 731 474 767 Luciferum
489 733 567 768 genui
578 738 601 760 te
610 733 653 762 “II
671 734 725 761 Aut
741 734 879 769 quomodo
899 734 1032 762 absimilis

247 778 407 806 substantiae
431 777 521 806 Patris
545 778 642 812 fuerit,
665 780 712 815 qui
738 783 780 808 est
802 781 892 816 imago
913 780 1031 815 perfecta

247 822 431 858 splendorque
448 823 547 856 Patris,
561 825 663 859 quique
683 824 739 851 ait:
762 824 815 857 Qui
829 825 895 852 vidit
906 833 956 858 me,
967 825 1032 852 vidit

1085 221 1177 257 μάτων
1199 221 1302 256 ψαῦσαι
1321 222 1369 257 τῆς
1385 221 1479 257 ἀκοῆς
1499 221 1547 253 Τίς
1562 221 1668 249 ἀκούων
1689 222 1817 250 Ἰωάννου
1832 223 1874 250 λέ-

1084 276 1189 302 γοντος,
1220 268 1272 295 Ἐν
1292 267 1370 302 ἀρχῇ
1392 265 1431 303 ἦν
1455 270 1472 295 ὁ
1490 269 1594 303 Λόγος,
1617 268 1648 295 οὐ
1670 268 1873 303 καταγινώσκει

1083 313 1184 341 τούτων
1195 314 1337 348 λεγόντων,
1349 312 1404 341 Ἦν
1418 323 1482 341 ποτε
1493 314 1537 341 ὅτε
1551 315 1601 342 οὐκ
1611 312 1655 351 ἧν;
1669 316 1758 347 "ﬁxi;
1765 315 1875 342 ἁκούων

1084 360 1113 387 ὲν
1124 359 1162 395 τῷ
1176 360 1343 396 Εὐαγγελίῳ,
1358 359 1532 396 Μονογενὴς
1554 361 1629 395 Υἱὸς,
1647 362 1703 394 καὶ,
1722 363 1763 388 Δι’
1779 363 1874 390 αὑτοῦ

1083 405 1201 441 ἐγένετο
1225 407 1334 439 πάντα,
1358 407 1389 434 οὐ
1408 408 1520 443 μισήσει
1538 407 1649 439 τούτους
1668 408 1874 444 φθεγγομένους

1084 452 1135 486 ὅτι,
1152 450 1199 485 Εἷς
1210 453 1283 480 ἐστιν
1294 453 1348 481 τῶν
1359 454 1518 490 ποιημάτων
1528 454 1600 490 ;
1617 455 1679 487 Πῶς
1692 455 1746 492 γὰρ
1761 455 1873 482 δύναται

1083 496 1124 530 εἷς
1139 496 1209 526 εἶναι
1222 499 1276 527 τῶν
1290 499 1324 526 δι’
1337 500 1418 527 αὐτοῦ
1437 501 1600 536 γενομένων,
1614 501 1630 536 ἢ
1649 501 1706 533 πῶς
1723 502 1873 537 μονογενὴς

1083 545 1097 571 ὁ
1122 545 1178 576 τοῖς
1199 545 1265 572 πᾶσι
1280 545 1482 581 κατ’,ὲκείνους
1507 545 1768 582 συναριθμούμενος,
1793 546 1873 582 εἰπερ

1084 590 1130 617 καὶ
1146 590 1227 622 αὐτὸς
1244 591 1347 626 κτίσμα
1372 591 1430 618 ἐστὶ
1453 591 1500 618 καὶ
1521 591 1625 627 ποίημα
1634 591 1688 627 (64)
1701 600 1713 624 ;
1725 592 1788 624 Πῶς
1801 592 1830 618 δὲ
1846 592 1874 624 ἐξ

1082 637 1133 663 οὐκ
1141 636 1225 663 ὄντων
1240 636 1272 664 ἂν
1282 637 1335 673 είη,
1347 636 1394 664 τοῦ
1406 637 1511 672 Πατρδς
1521 637 1654 671 λέγοντος·
1673 638 1874 672 Ἐξηρεύξατο

1083 682 1104 716 ἡ
1115 681 1222 716 καρδία
1232 691 1292 716 μου
1301 683 1398 717 Λόγον
1411 682 1531 718 ἀγαθόν’
1545 682 1602 709 καί·
1611 683 1662 710 Ἐκ
1676 682 1806 718 γαστρὸς
1816 682 1873 717 πρὸ

1089 726 1260 761 Ἑωσφόρου
1291 727 1441 761 ἐγέννησά
1469 735 1523 759 σε;
1540 728 1575 754 Ἦ
1602 727 1661 760 πῶς
1685 728 1812 764 ἀνόμοιος
1841 730 1874 763 τῇ
1895 743 1899 749 ι

1082 773 1161 809 οὐσίᾳ
1172 772 1219 800 τοῦ
1235 774 1350 809 Πατρὸς,
1364 775 1377 800 ό
1388 773 1426 800 ὢν
1441 774 1522 801 είκὼν
1533 774 1623 801 τελεία
1642 776 1690 802 καὶ⁸
1701 774 1874 809 ἀπαύγασμα

1083 819 1129 846 τοῦ
1151 819 1267 855 Πατρὸς,
1285 821 1333 847 καὶ
1351 819 1448 854 λέγων·
1479 821 1511 847 '0
1524 820 1659 855 ἑωρακὼς
1682 820 1746 855 ἐμὲ,
1761 819 1873 855 ἑώρακε

245 872 272 895 et
287 867 428 897 Patrem“
440 870 453 897 7
475 868 534 902 Quo
552 873 632 904 pacto
648 869 672 898 si
694 869 814 897 Verbum
837 878 885 899 seu
905 870 986 900 Ratio
1007 876 1033 899 et

1087 866 1137 893 τὸν
1159 865 1285 900 Πατέρα;
1310 865 1372 897 Πῶς
1396 866 1425 892 δὲ
1447 866 1472 892 εί
1491 866 1577 900 Λόγος
1591 866 1638 893 καὶ
1653 865 1737 900 Σοφία
1751 866 1812 892 ἐστὶ
1826 865 1873 892 τοῦ

247 914 387 950 Sapientia
396 915 443 943 Dei
457 915 543 944 Filius
551 920 604 950 est,
615 916 666 945 fuit
681 922 788 954 tempus
802 925 865 946 cum
878 925 933 946 non
947 919 1033 946 esset?

246 960 363 989 Perinde
381 965 424 989 est
446 962 518 990 enim
535 970 566 990 ac
583 963 607 990 si
621 963 743 992 dicerent
759 974 765 991 :
779 963 864 992 Deum
886 964 1033 999 aliquando

247 1006 361 1035 natione
371 1011 398 1036 et
411 1007 550 1042 Sapientia
564 1009 696 1037 caruisse.
713 1009 765 1043 Qui
782 1009 846 1037 item
857 1009 926 1037 verti
942 1013 1032 1036 muta—

244 1053 302 1081 rive
315 1057 414 1089 potest,
430 1054 476 1088 qui
488 1054 526 1081 ait
538 1062 586 1089 per
599 1062 628 1082 se
643 1055 752 1090 quidem
766 1055 824 1090 ipse
838 1064 845 1083 :
864 1055 919 1091 Ego
933 1056 961 1083 in
976 1055 1026 1082 Pa-

246 1103 296 1131 tre,
312 1103 338 1125 et
355 1098 438 1126 Pater
450 1099 476 1126 in
491 1107 532 1126 me
550 1100 591 1132 ⁸⁶;
610 1104 647 1134 et,
669 1099 725 1136 Ego
741 1105 767 1127 et
784 1100 867 1128 Pater
886 1109 967 1128 unum
988 1110 1032 1128 au-

247 1153 305 1172 mus
315 1145 338 1160 "
350 1153 360 1172 :
375 1153 424 1180 per
446 1146 606 1180 prophetam
625 1154 690 1174 vero
705 1155 711 1173 ε
734 1146 824 1175 Videte
838 1156 888 1181 me,
909 1148 970 1183 quia
986 1156 1032 1183 ego

245 1199 313 1223 sum,
325 1195 350 1218 et
374 1199 426 1218 non
442 1197 528 1219 mutor
537 1192 582 1220 M’?
594 1191 660 1219 Nam
678 1192 786 1221 etiamsi
809 1194 843 1221 ad
865 1193 972 1222 Patrem
992 1194 1033 1221 di-

247 1241 320 1265 ctum
347 1237 414 1264 illud
442 1237 537 1265 referri
565 1242 656 1273 queat,
675 1239 765 1273 aptius
790 1243 881 1267 tamen
906 1239 940 1267 de
963 1239 1033 1266 Filio

244 1282 299 1318 jam
312 1282 424 1315 dicitur,
438 1283 502 1318 quia
518 1291 579 1310 cum
597 1283 685 1311 factus
702 1284 783 1311 homo
800 1285 846 1315 sit.
862 1292 1032 1320 nequaquam

248 1332 370 1356 mutatus
386 1332 444 1362 est;
466 1329 524 1360 sed.
546 1333 575 1356 ut
596 1330 633 1356 ait
647 1330 825 1365 Apostolus"
839 1340 845 1358 :
863 1330 941 1358 Jews
957 1331 1033 1359 Chri-

247 1379 304 1402 stus
324 1375 379 1402 heri
400 1380 425 1402 et
441 1375 527 1408 hodie,
544 1376 598 1409 ipse
618 1380 644 1403 et
662 1377 690 1403 in
705 1377 815 1405 saecula.
839 1377 906 1410 Quis
928 1377 1034 1404 induxit

249 1419 310 1446 illos
320 1424 350 1447 ut
357 1420 490 1453 dicerent,
504 1425 616 1455 propter
627 1429 678 1448 nos
692 1421 767 1448 illum
778 1421 879 1449 factum
889 1430 959 1454 esse,
971 1423 1034 1450 licet.

248 1464 351 1494 Paulus
365 1466 440 1494 dicat
450 1467 473 1483 ⁵⁸
492 1476 498 1494 :
515 1466 628 1502 Propter
648 1475 723 1502 quem
746 1468 845 1502 omnia,
859 1473 884 1496 et
899 1477 944 1504 per
959 1477 1034 1504 quem

248 1511 338 1538 omnia
345 1513 359 1540 1'

1082 911 1149 938 Θεοῦ
1172 912 1186 938 ό
1215 907 1332 945 Υίὺς,ἧν
1343 919 1409 938 ποτε
1432 911 1478 938 ὅτε
1494 912 1543 938 οὐκ
1568 909 1616 948 ἦν;
1639 909 1713 938 Ἷσον
1729 912 1785 947 γάρ
1799 912 1874 938 ἔστιν

1082 959 1180 990 αὐτοὺς
1194 957 1283 993 λέγειν
1295 959 1390 993 ἄλογον
1402 959 1448 985 καὶ
1459 958 1558 992 ἄσοφον
1572 966 1635 985 ποτε
1649 958 1696 985 τὸν
1712 958 1780 985 Θεὸν
1790 967 1797 974 -
1814 959 1874 990 πῶς

1082 1004 1111 1031 δὲ
1128 1003 1243 1040 τρεπτδς
1271 1003 1318 1030 καὶ
1341 1004 1484 1035 ὰλλοιωτὸς
1502 1004 1517 1030 ὁ
1532 1003 1630 1038 λέγων,
1649 1004 1684 1030 δι’
1700 1003 1798 1031 ἑαυτοῦ
1811 1004 1872 1039 μὲν,

1089 1049 1162 1084 Ἐγὼ
1173 1049 1209 1076 ἐν
1223 1048 1261 1081 τῷ
1272 1049 1372 1083 Πατρὶ,
1386 1049 1435 1077 καὶ
1448 1051 1465 1077 ὁ
1475 1049 1576 1084 Πατὴρ
1587 1049 1622 1076 ἐν
1633 1050 1706 1085 ἐμοί·
1732 1049 1788 1076 καί·
1799 1049 1874 1084 Ἐγὼ

1083 1097 1131 1124 καί
1148 1098 1165 1124 ὁ
1177 1096 1278 1131 Πατὴρ
1288 1097 1323 1124 ἓν
1334 1097 1436 1131 ἐσμεν·
1448 1096 1493 1124 διὰ
1505 1097 1534 1123 δὲ
1550 1096 1598 1123 τοῦ
1617 1097 1769 1132 προφήτου’
1784 1096 1873 1123 Ἰδετέ

1080 1150 1129 1176 με,
1148 1141 1193 1169 ὅτι
1216 1142 1273 1177 ἐγώ
1294 1143 1362 1177 εἰμι,
1378 1142 1427 1169 καί
1440 1143 1497 1169 οὐκ
1511 1142 1688 1176 ἠλλοίωμιιη
1703 1142 1735 1168 Εἰ
1754 1141 1811 1177 γὰρ
1826 1141 1873 1168 καὶ

1083 1190 1127 1216 ἐπ’
1147 1189 1228 1216 αὐτόν
1240 1198 1282 1220 τις
1305 1189 1351 1215 τὸν
1365 1188 1473 1224 Πατέρα
1485 1187 1596 1215 δύναται
1607 1187 1636 1214 τὸ
1661 1188 1743 1223 ῥητὸν
1769 1187 1873 1223 ἀναφέ-

1084 1242 1151 1271 ρειν·
1173 1233 1242 1261 ἀλλὰ
1257 1232 1456 1269 ἁρμοδιώτερον
1478 1232 1510 1260 ἂν
1526 1233 1567 1267 εἴη
1581 1233 1645 1269 περὶ
1659 1232 1705 1259 τοῦ
1720 1232 1810 1266 Λόγου
1825 1232 1873 1259 νῦν

1083 1281 1238 1316 λεγόμενον,
1253 1281 1294 1307 ὄτι
1311 1280 1358 1306 καὶ
1375 1279 1520 1315 γενόμενος
1541 1279 1683 1315 ἄνθρωπος
1695 1280 1748 1306 οὐκ
1760 1278 1874 1313 ἠλλοίω-

1083 1337 1139 1356 ται·
1157 1327 1213 1355 ἀλλ’
1231 1327 1269 1359 ὡς
1285 1324 1361 1353 εἶπεν
1375 1328 1389 1353 ὁ
1409 1326 1577 1356 Ἀπόσ-τολος·
1608 1326 1726 1359 Ἰησοῦς
1745 1324 1873 1359 Χριστὸς

1085 1374 1156 1409 χθὲς
1170 1374 1219 1400 καὶ
1236 1372 1378 1407 σήμερον,
1394 1374 1410 1399 ό
1426 1372 1518 1405 αὐτὸς
1536 1371 1585 1398 καί
1607 1372 1650 1404 εἰς
1666 1371 1738 1404 τοὺς
1751 1370 1871 1402 αἰῶνας·

1084 1420 1126 1452 τίς
1139 1420 1167 1447 δὲ
1179 1419 1238 1455 ~(65)
1253 1420 1307 1454 ἄρα
1331 1419 1418 1445 εἰπεῖν
1433 1418 1530 1450 αὐτοὺς
1547 1417 1664 1449 ἔπεισεν,
1677 1417 1719 1444 ὅτι
1742 1416 1776 1443 δι’
1797 1416 1873 1452 ἡμᾶς

1084 1466 1192 1500 γέγονε,
1217 1465 1304 1492 καίτοι
1324 1456 1371 1492 τοῦ
1393 1464 1499 1491 Παύλου
1522 1464 1682 1500 γράφοντος·
1710 1463 1750 1489 Δι’
1772 1462 1810 1489 ὃν
1839 1462 1873 1489 τὰ

1085 1512 1193 1545 πάντα,
1210 1512 1259 1540 καὶ
1275 1512 1311 1539 δι’
1322 1510 1358 1540 οὗ
1377 1512 1413 1539 τὰ
1433 1511 1547 1544 πάντα;

283 1557 316 1585 V.
333 1557 413 1591 Quod
439 1562 545 1594 spectat
566 1562 656 1586 autem
684 1559 758 1587 illam
783 1568 880 1589 eorum
903 1561 1030 1597 blaspbe«

1121 1559 1150 1586 V.
1175 1559 1244 1595 Περὶ
1269 1557 1324 1594 γὰρ
1343 1557 1390 1584 τοῦ
1405 1558 1586 1594 βλασφημεῖν,
1610 1557 1651 1584 δτι
1663 1557 1713 1584 οὐκ
1733 1556 1806 1584 οἶδεν
1826 1565 1871 1583 τε·

248 1603 331 1630 miam
351 1611 405 1638 qua
424 1603 512 1635 aiunt,
540 1602 638 1631 Filium
654 1611 709 1631 non
737 1612 820 1633 nosse
847 1606 968 1641 perfecte
982 1606 1033 1633 Pa-

248 1651 331 1681 trem;
359 1655 530 1683 nequaquam
553 1648 708 1676 mirandum
725 1657 809 1677 :cum
829 1650 902 1677 enim
929 1650 958 1678 in
974 1650 1033 1677 ani-

250 1701 324 1720 mum
339 1693 495 1721 induxerint
509 1693 619 1722 Christo
633 1694 733 1722 bellum
749 1695 860 1727 inferre,
877 1701 1034 1731 oppugnant

251 1739 316 1766 item
325 1739 382 1766 hac
396 1739 468 1767 illius
482 1740 564 1768 verba
581 1748 587 1766 :
604 1740 681 1768 Sicut
697 1742 767 1768 novit
787 1749 827 1768 me
842 1741 934 1775 Pater,
946 1747 971 1769 et
988 1750 1033 1777 ego

251 1792 362 1818 agnoseo
377 1785 486 1812 Patrem
500 1787 534 1814 ⁸¹.
548 1785 665 1814 Proinde
680 1787 703 1814 si
722 1795 755 1814 ex
772 1791 850 1822 parte
872 1791 976 1815 tantum
990 1787 1035 1814 Fi-

251 1831 317 1858 lium
335 1832 411 1859 novit
425 1831 515 1866 Pater,
538 1836 649 1860 constat
665 1832 764 1860 Filium
781 1841 836 1860 non
853 1833 972 1868 perfecte
986 1841 1034 1861 co-

251 1885 382 1913 gnoscere
396 1877 515 1906 Patrem.
529 1878 607 1911 Quod
630 1879 653 1906 si
669 1879 746 1907 nefas
760 1879 794 1906 sit
809 1879 846 1906 ita
869 1879 953 1915 loqui,
970 1885 997 1907 et
1010 1881 1034 1907 si

251 1923 331 1951 Pater
344 1923 463 1958 perfecte
487 1924 563 1951 novit
578 1923 691 1958 Filium;
708 1925 819 1960 planum
835 1929 877 1953 est
897 1926 969 1954 sicut
983 1926 1034 1952 Pa-

251 1973 293 1997 ter
316 1969 434 1998 Verbum
457 1971 532 1998 novit
561 1978 652 2003 suum,
678 1971 791 2006 perinde
804 1971 935 2005 Verbum,
953 1981 1034 2000 suum

252 2021 333 2042 nosse
342 2014 461 2047 Patrem,
474 2014 553 2050 cujus
568 2015 656 2049 ipsum
670 2015 788 2043 Verbum
803 2021 854 2044 est.

287 2059 330 2086 Vl.
350 2059 414 2087 Haec
431 2060 558 2093 dicendo,
579 2064 660 2096 atque
683 2061 790 2090 divinas
807 2061 966 2098 Scripturas
987 2072 1035 2091 ex-

253 2105 405 2140 planando,
435 2113 621 2141 saepenumero
647 2106 708 2135 illos
732 2107 909 2136 convicimus.
933 2108 1034 2137 Verum

253 2151 391 2187 illi,quasi
406 2152 625 2186 chamaeleontes,
641 2157 745 2181 mutata
758 2154 873 2183 subinde
888 2156 1033 2189 sententia,

253 2198 356 2226 dictum
373 2199 439 2226 illud
455 2198 506 2227 sibi
530 2199 669 2227 vindicare
696 2200 820 2228 nituntur
835 2211 842 2229 :
859 2202 961 2237 Impius
976 2211 1035 2230 cum

1085 1603 1164 1635 λείως
1179 1604 1194 1630 ὁ
1214 1602 1278 1635 Υἱὸς
1300 1603 1346 1630 τὸν
1367 1603 1487 1639 Πατέρα,
1511 1603 1542 1630 οὐ
1552 1603 1592 1629 δεῖ
1613 1602 1773 1638 θαυμάζεινο
1799 1602 1872 1634 ἅπαξ

1085 1650 1140 1685 γὰρ
1152 1649 1312 1686 προθέμενοι
1320 1650 1522 1685 χριστομαχεῖν,
1534 1649 1753 1685 παρακρούονται
1766 1648 1871 1679 καὶτὰς

1086 1695 1176 1731 φωνὰς
1186 1695 1267 1722 αὐτοῦ
1276 1695 1408 1729 λὲγοντος·
1422 1695 1522 1728 Καθὼς
1534 1695 1669 1730 γινώσκει
1675 1704 1714 1729 με
1726 1696 1743 1722 ό
1758 1694 1870 1728 Πατὴρ,

1086 1741 1167 1777 κάγὼ
1182 1741 1316 1777 γινώσκω
1328 1741 1382 1768 τὸν
1395 1741 1516 1775 Πατέρα.
1533 1742 1564 1767 Εἰ
1582 1741 1631 1777 μὲν
1642 1739 1687 1768 οὖν
1698 1742 1730 1768 ἐκ
1747 1741 1847 1777 μέρους
1856 1743 1870 1768 ό

1086 1789 1181 1825 Πατὴρ
1203 1788 1331 1823 γινώσκει
1352 1787 1397 1814 τὸν
1420 1786 1493 1820 Υίὸν,
1512 1787 1590 1822 δῆλον
1605 1788 1646 1814 ὅτι
1663 1788 1708 1814 καλ⁸
1720 1789 1734 1814 ὁ
1752 1787 1818 1819 Υἱὸς
1835 1787 1870 1822 μὴ

1085 1834 1194 1867 τελείως
1204 1834 1359 1869 γινωσκέτω
1369 1832 1424 1869 (66)
1432 1833 1477 1859 τὸν
1485 1833 1603 1869 Πατέρα.
1616 1834 1681 1860 Εἱδὲ
1693 1832 1772 1860 τοῦτο
1784 1833 1870 1867 λέγειν.

1085 1881 1116 1907 οὐ
1133 1880 1222 1916 θέμις,
1244 1878 1298 1907 οίδε
1321 1880 1349 1906 δὲ
1367 1879 1476 1912 τελείως
1489 1880 1503 1906 ὁ
1524 1880 1618 1915 Πατὴρ
1633 1880 1678 1906 τὸν
1695 1880 1770 1911 Υίὺν,
1792 1880 1870 1914 δῆλον

1085 1927 1126 1953 ὃτι
1138 1926 1228 1958 καθὼς
1240 1926 1367 1961 γινώσκει
1379 1927 1393 1954 ὁ
1407 1927 1502 1962 Πατὴρ
1511 1926 1556 1953 τὸν
1569 1926 1663 1953 ἑαυτοῦ
1675 1927 1771 1960 Λόγον,
1786 1926 1870 1958 οὓτως

1088 1973 1134 1999 καὶ
1148 1973 1162 1999 ὸ
1175 1972 1261 2007 Λόγος
1271 1971 1399 2006 γινώσκει
1412 1973 1457 2000 τὸν
1469 1972 1565 2000 ἑαυτοῦ
1579 1973 1699 2008 Πατέρα,
1715 1969 1746 1999 οὗ
1758 1973 1805 1999 καί
1814 1973 1873 1998 ἐστι

1087 2018 1181 2053 Λόγος.

1123 2064 1167 2091 VI.
1185 2063 1276 2090 Ταῦτα
1287 2063 1411 2098 λέγοντες
1426 2063 1472 2090 καὶ
1486 2063 1705 2094 ἀναπτύσσοντες
1725 2063 1776 2095 τὰς
1797 2063 1869 2094 θείας

1087 2109 1199 2146 Γραφὰς
1212 2109 1340 2140 πολλάκις
1352 2108 1533 2144 ὲνετρέψαμεν
1549 2107 1655 2140 αὐτούς.
1672 2108 1727 2134 Καὶ
1739 2108 1822 2134 πάλιν
1835 2108 1871 2136 ὡς

1088 2156 1280 2193 χαμαιλέοντες
1307 2156 1495 2192 μετεϐάλοντο,
1521 2154 1734 2190 φιλονεικοῦντες
1759 2154 1872 2184 ἑαυτοὺς

1088 2202 1235 2238 ὲφελκύσαι
1247 2202 1277 2229 τὸ
1291 2201 1491 2238 γεγραμμένον·
1520 2201 1581 2227 ’οτ’
1609 2199 1647 2226 ἂν
1662 2200 1735 2234 ἔλθῃ
1757 2199 1867 2233 ἀσεϐὴς

254 2245 280 2271 in
308 2245 467 2280 profundum
495 2245 608 2279 venerit,
633 2247 773 2274 contemnit
787 2249 820 2275 ".
848 2249 940 2277 Multae
968 2257 1034 2278 sane

1087 2250 1128 2282 είς
1139 2247 1234 2281 ,ϐάθος
1249 2247 1357 2280 κακῶν,
1373 2245 1557 2281 καταφρονεῖ,
1573 2245 1670 2272 Πολλαὶ
1677 2245 1742 2279 γοῦν
1751 2245 1871 2279 αἱρέσεις

253 2294 316 2318 ante
331 2291 392 2319 illos
406 2292 536 2320 exstitere
560 2293 689 2326 haarcses,
705 2301 775 2328 qum,
793 2295 855 2330 plus
880 2303 962 2330 quam
986 2303 1035 2331 par

253 2340 323 2369 erat,
342 2344 425 2371 auszc,
441 2338 468 2364 in
485 2337 647 2366 dementiam
662 2339 790 2374 collapsa:
808 2345 881 2368 sunt.
897 2340 931 2367 At
946 2341 973 2368 hi
987 2341 1034 2376 qui

254 2383 358 2410 roculis
374 2383 432 2412 suis
447 2385 575 2413 omnibus
602 2385 628 2412 id
644 2386 804 2418 moliuntur,
823 2390 852 2414 ut
870 2385 950 2414 Verbi
966 2387 1036 2414 divi-

255 2429 366 2457 nitatem
387 2430 494 2464 tollant,
511 2431 538 2459 id
554 2432 677 2465 elfeccre,
694 2436 724 2460 ut
738 2432 940 2467 quodammodo
955 2433 1036 2468 justa:

254 2475 411 2504 viderentur
427 2477 490 2510 illae,
506 2485 568 2505 cum
584 2478 696 2514 propius
713 2477 766 2513 ipsi
785 2478 820 2506 ad
834 2477 1034 2507 Antichristum

313 2555 335 2572 “
348 2555 429 2583 Joan.
447 2563 467 2587 ι,
487 2556 512 2583 Ι.

256 2589 279 2626 ξδ’
296 2590 360 2626 ibid.
378 2592 419 2619 10.
473 2591 494 2606 ⁸⁷
510 2590 592 2619 Joan.
606 2599 640 2623 ιι,
656 2589 715 2620 5οζ
754 2595 775 2607 ’⁸
791 2593 910 2621 ΜαίαεΙι.
929 2602 971 2626 ιιι,
987 2594 1013 2622 6.

255 2625 279 2641 ⁸⁸
290 2625 370 2654 Prov.
385 2634 464 2658 xvut,
477 2626 503 2653 5.

293 2695 349 2732 (65)
367 2695 473 2732 Socr-at.
489 2700 556 2732 post
571 2696 730 2732 ποιημάτων
745 2695 826 2723 habet
841 2696 855 2722 ὁ
874 2695 947 2726 Υἱός.
963 2694 1036 2722 Idem

259 2730 406 2762 ibid.,'mbg
423 2731 451 2757 δὲ
465 2730 574 2758 δύναται
589 2730 646 2763 ἴσος
663 2730 743 2762 εἷναι,
759 2731 849 2758 minus
866 2735 949 2758 recte.

294 2766 348 2800 (66)
365 2766 437 2801 Haec,
447 2767 523 2801 εἰπερ
535 2767 581 2793 καὶ
592 2767 672 2798 αὐτὸς
684 2766 785 2801 κτίσμα
795 2766 853 2792 ἐστὶ
861 2766 909 2801 καὶ
919 2765 1033 2801 ποίημαἶ

259 2799 356 2836 desunt
380 2801 406 2836 in
421 2799 539 2832 Socrai.,
559 2801 647 2830 Gelas.
668 2805 693 2829 ct
716 2799 846 2836 Epiphan.
864 2799 1032 2834 Schol.,’$ed

261 2835 288 2861 in
302 2833 366 2870 Reg.
384 2835 518 2868 leguntur.

560 2556 583 2572 “
597 2555 677 2584 Joan.
691 2563 718 2591 ι,
739 2556 783 2588 I8,
797 2556 826 2584 5.
867 2558 890 2574 ⁸⁵
904 2558 980 2586 Psal.
999 2567 1074 2589 XLIV,
1089 2559 1114 2586 I.
1168 2558 1191 2574 ⁸⁸
1207 2557 1283 2585 Paul.

560 2600 592 2619 ιη.
606 2599 640 2620 x.
656 2592 701 2620 50.
754 2595 775 2607 ’⁸
791 2593 910 2620 ΜαίαεΙι.
929 2602 971 2620 ιιι.
987 2594 1013 2620 6.
1068 2594 1089 2610 ⁵³
1107 2593 1188 2620 Hebr.
1205 2601 1265 2620 xm.
1282 2593 1298 2620 8

1133 2602 1188 2620 θυῖ-
1205 2602 1265 2626 XIII,
1282 2602 1308 2620 δ.

1085 2293 1138 2328 πρὸ
1172 2292 1259 2320 αὐτῶν
1281 2292 1433 2327 γεγόνασιν,
1451 2292 1552 2322 αἵτινες
1578 2291 1658 2318 πλέον
1688 2289 1735 2316 τοῦ
1767 2289 1871 2319 δέοντος

1086 2340 1262 2375 τολμήσασαι,
1277 2338 1452 2365 πεπτώκασιν
1463 2339 1503 2369 εἰς
1515 2337 1679 2373 ἀφροσύνην.
1695 2332 1776 2362 Οὗτοι
1789 2335 1818 2361 δὲ
1828 2334 1866 2360 διὸ

1088 2386 1196 2413 πάντων
1220 2384 1323 2411 ἑαυτῶν
1349 2384 1403 2411 τῶν
1427 2383 1568 2420 ῥηματίων
1589 2381 1816 2416 ἐπιχειρήσαντες
1831 2380 1869 2406 εἰς

1087 2433 1228 2467 ἀναίρησιν
1245 2430 1304 2466 (67)
1321 2430 1369 2465 τῆς
1379 2429 1426 2456 τοῦ
1442 2429 1530 2463 Λόγου
1555 2428 1690 2462 θεότητος,
1708 2425 1869 2453 ἐδικαίωσαν

1087 2479 1116 2512 ἐξ
1124 2477 1227 2505 ἑαυτῶν
1236 2477 1341 2509 ὲκείνας
1355 2477 1393 2509 ὼς
1407 2476 1549 2511 ὲγγύτεροι
1563 2474 1609 2501 τοῦ
1626 2472 1812 2508 Ἀντιχρίστου
1825 2479 1864 2504 γει

1635 2553 1658 2570 ⁸⁵
1673 2553 1755 2581 Joan.
1769 2561 1826 2583 xtv,
1841 2551 1865 2578 9.

1168 2558 1191 2574 ⁸⁸
1207 2557 1283 2585 Paul.
1299 2565 1359 2590 cu,
1379 2556 1412 2589 3;
1430 2556 1509 2585 Hebr.
1521 2563 1541 2588 ι,
1554 2554 1580 2582 5.
1635 2554 1658 2570 ⁸⁵
1673 2554 1755 2581 Joan.
1769 2561 1826 2583 xtv,
1841 2554 1856 2578 9

1168 2602 1188 2616 r.
1205 2601 1264 2616 xm.
1282 2593 1308 2616 R.
1361 2593 1384 2609 ⁵³
1399 2592 1480 2616 Hebr.
1499 2598 1528 2616 ιι.
1547 2590 1590 2616 10.
1642 2590 1663 2605 ⁸¹
1679 2589 1762 2616 Joan.
1781 2596 1808 2616 Χ.
1825 2587 1856 2614 15

1361 2593 1384 2609 ⁵³
1398 2592 1480 2619 Hebr.
1499 2598 1528 2622 ιι,
1547 2590 1590 2617 10.

1127 2693 1182 2728 (65)
1203 2692 1281 2720 Socr.
1296 2698 1322 2721 et
1340 2694 1443 2727 Gclas.,
1469 2693 1496 2720 τί
1512 2693 1551 2720 δέ.
1568 2692 1665 2728 Epiph.
1687 2691 1795 2726 Schol.,
1812 2700 1863 2728 quo

1091 2736 1173 2764 causa
1189 2733 1276 2764 putas,
1294 2734 1346 2756 etc.

1125 2763 1183 2799 (66)
1203 2763 1311 2799 Socrat.
1325 2769 1351 2792 et
1369 2764 1471 2797 Gelas.,
1484 2763 1620 2799 γινώσκει.

1118 2799 1178 2842 μη)
1199 2798 1288 2840 Secta,
1311 2800 1398 2826 αὐτῶν
1415 2800 1467 2826 τῶν
1491 2798 1620 2835 ῥημάτων
1644 2799 1862 2835 ἐπιχειρήσαντες

1087 2843 1142 2867 ταις
1160 2842 1321 2869 αναιρεσδσι.
