1911 3073
44 87 97 116 581

379 149 509 176 Διάκονοι
514 169 520 175 .

43 202 193 238 Σαραπίων
209 203 344 237 διάκονος,
362 204 473 239 ὁμοίως,

50 250 168 282 Ἰοῦστος
187 250 323 283 διάκονος,
336 251 446 287 ὁμοίως.

42 296 160 332 Δίδυμος
177 296 314 329 διάκονος,

42 341 203 377 Δημήτριος
219 341 355 374 διάκονος.

41 387 107 414 Mai
113 396 160 423 ρος
176 388 312 421 διάκονος.

49 433 231 470 Ἀλέξανδρος
247 434 380 466 διάκονος.

42 480 162 516 Μάρκος
175 480 312 512 διάκονος.

43 527 148 562 Κόμων
161 527 296 560 διάκονος.

43 573 166 609 Τρύφων
182 573 316 606 διάκονος.

49 619 212 655 Ἀμμώνιος
226 620 359 653 διάκονος.

43 666 164 701 Δίδυμος
180 666 313 699 διάκονος.

44 712 224 748 Πτολλαρίων
238 713 370 745 διάκονος.

44 759 133 794 Σερὰς
149 759 285 792 διάκονος.

44 805 124 837 Γάϊος
137 805 275 837 διάκονος.

49 851 136 886 Ἰέραξ
148 851 284 883 διάκονος.

43 897 156 932 Μάρκος
174 897 308 929 διάκονος.

44 943 97 977 (80)
111 943 225 976 Θεωνᾶς
237 944 370 975 διάκονος.

44 989 194 1025 Σαρμάτων
216 990 348 1023 διάκονος.

42 1035 163 1070 Κάρπων
173 1036 310 1069 διάκονος.
331 1072 333 1075 _

43 1079 138 1113 Ζὼῐλος
155 1082 293 1118 διάκονος,
308 1083 415 1118 ὁμοίως.

766 91 944 121 ΕΡΙΕΤΟιΑῖ
949 113 956 120 .

858 153 880 182 A

851 832 873 860 Β

1222 151 1342 181 υἰαιιοηί.

893 204 1025 241 Sarapion
1039 206 1182 240 diaconus,
1199 208 1335 236 similiter.

891 250 986 280 Justus
1000 251 1144 286 diaconus,
1158 253 1295 282 similiter.

891 296 1023 332 Didymus
1037 298 1180 326 diaconus.

892 343 1045 371 Demetrius
1059 344 1201 374 diaconus.

892 388 1004 416 Maurus
1018 389 1160 418 diaconus.

891 433 1045 461 Alexander
1056 434 1198 463 diaconus.

891 479 1000 508 Marcus
1015 480 1158 508 diaconus.

890 524 995 552 Comon
1009 524 1163 562 diaconus._

891 569 1019 606 Tryphon
1032 571 1175 600 diaconus.

890 617 1051 645 Ammonius
1063 617 1205 646 diaconus.

891 661 1022 698 Didymus
1033 663 1176 692 diaconus.

889 706 1038 736 Ptollarion
1052 709 1195 739 diaconus.

890 753 972 782 Seras
986 754 1127 784 diaconus.

889 799 973 828 Gaius
986 801 1130 830 diaconus.

889 844 989 873 Hierax
1003 846 1147 876 diaconus.

889 891 998 920 Marcus
1009 893 1150 923 diaconus.

889 938 1017 967 Theonas
1028 939 1168 970 diaconus.

891 985 1035 1015 Sarmaton
1048 987 1191 1016 diaconus.

889 1030 997 1068 Carpon
1014 1033 1157 1062 diaconus.

889 1076 981 1106 Zoilus
997 1079 1140 1113 diaetmus,
1157 1080 1292 1110 similiter.

846 1166 878 1173 .-

835 1219 880 1248 Ili.

535 1287 612 1323 Apud
626 1289 744 1318 eumdem
759 1289 940 1318 Athanasium
960 1287 1026 1316 ibid.
1042 1295 1104 1322 pag.
1119 1286 1184 1315 596.

268 1354 471 1382 ΚᾹΘΛΙΡΕΣΙΣ
485 1355 611 1383 ΔΡΕΙΟΥ

1145 1350 1326 1380 DEPOSITlO
1344 1352 1415 1379 ΑΒΗ

44 1412 89 1440 καὶ
112 1412 174 1439 τῶν
196 1413 258 1439 σὺν
278 1413 368 1446 αὐτῷ,
391 1413 451 1440 ὑπὸ
473 1412 672 1447 Ἀλεξάνδρου
697 1413 830 1449 ἀρχιεπι-

884 1417 908 1439 et
921 1411 1052 1440 sociarum
1064 1410 1096 1438 ab
1109 1409 1261 1438 Alexandro
1276 1409 1447 1438 Alexandria
1466 1411 1668 1449 archiepiscopo.

252 1449 369 1475 σκόπου
391 1448 624 1483 Ἀλεξανδρείας.

82 1495 267 1531 Ἀλέξανδρος,
285 1479 479 1531 πρεσϐυτέροις
500 1479 546 1521 καὶ
560 1479 691 1527 διαπόνοις
712 1494 830 1527 Ἀλεξαν-

919 1491 1084 1524 Alexander,
1108 1490 1276 1526 presbyteris
1298 1490 1476 1526 diaconisque
1498 1492 1670 1521 Alexandria:

41 1541 133 1576 δρείας
148 1541 197 1568 καὶ
211 1540 372 1576 Μαρεώτου,
387 1541 480 1577 παρὼν
497 1541 629 1577 παροῦσιν
641 1541 708 1577 (81),
725 1541 833 1576 ἀγαπη-

41 1589 98 1620 τοῖς
111 1588 239 1622 ἀδελφοῖς
253 1589 281 1614 ὲν
293 1587 385 1623 Κυρίῳ
402 1587 517 1624 χαίρειν.

76 1634 109 1660 Εἰ
126 1634 176 1660 καὶ
192 1632 344 1667 φθάσαντες
362 1629 594 1668 ὑπεγράψατειοῖς
615 1632 756 1659 ἐπέστειλα
777 1634 832 1665 τοῖς

42 1680 108 1715 περὶ
124 1681 251 1715 Ἀρειον,
278 1678 438 1715 προτρέπων
459 1679 566 1711 αὐτοῖς,
588 1679 754 1715 ἀρνήσασθαι
783 1679 832 1715 μὲν

41 1726 92 1762 τὴν
108 1726 246 1758 ἁσέὸειαν,
262 1726 404 1761 πεισθῆναι
421 1725 450 1752 δὲ
464 1726 496 1760 τῇ
514 1725 671 1762 ὑγιαινούσῃ
685 1726 732 1752 καὶ
751 1726 832 1753 καθο-

43 1772 104 1807 λικῇ
119 1772 225 1798 πίστει·
245 1773 292 1798 καὶ
309 1771 425 1804 ἐδείξατε
449 1771 551 1798 ἑαυτῶν
571 1771 654 1808 ὀρθὴν
667 1771 717 1807 τὴν
734 1773 832 1808 προαί-

44 1825 129 1852 ρεσιν,
149 1817 197 1843 καὶ
211 1817 259 1853 τὴν
284 1819 312 1844 ὲν
327 1819 382 1849 τοῖς
398 1817 513 1852 δόγμασι
538 1817 696 1853 συμφωνίαν
718 1818 767 1853 τῆς
783 1827 832 1844 κα-

43 1861 154 1897 θολικῆς
166 1863 328 1898 Ἐκκλησίας
336 1871 342 1878 ·
351 1863 425 1898 ὅμως
436 1862 528 1899 ἐπειδὴ
541 1863 587 1889 καὶ
597 1863 666 1899 πρὸς
675 1863 738 1895 τοὺς
751 1864 833 1890 ἀπαν-

42 1908 125 1943 ταχοῦ
158 1908 380 1944 σνλλειτουργοὺς
414 1909 557 1937 ἐπέστειλα
586 1910 650 1945 περὶ
679 1910 734 1936 τῶν
768 1911 832 1946 περὶ

45 1955 165 1991 Ἀρειον,
187 1955 333 1989 ἀναγκαῖον
352 1955 507 1991 ἡγησάμην,
528 1957 600 1991 ὑμᾶς
621 1956 680 1992 μὲν,
697 1957 760 1989 τοὺς
783 1957 832 1993 τῆς

44 2000 149 2032 πόλεως
163 2001 309 2036 κληρικοὺς
321 2003 483 2036 συναγαγεῖν
495 2010 501 2016 ·
515 2002 587 2037 ὑμᾶς
598 2001 636 2034 δὲ,
648 2002 711 2034 τοὺς
721 2003 774 2029 ἀπὸ
784 2002 831 2029 τοῦ

44 2047 194 2082 Μαρεώτου
224 2047 463 2082 μεταπιτέμιλδσισθαι⁸
487 2048 601 2083 μάλιστα
626 2048 667 2075 ὅτι
690 2048 737 2084 ἀφ’
755 2048 832 2084 ὑμῶν

43 2093 138 2130 Χάρης
154 2093 201 2120 καὶ
223 2094 322 2126 Πιστὸς
335 2093 388 2129 (82)
404 2093 594 2130 πρεσϐύτεροι,
612 2094 659 2121 καὶ
676 2095 830 2130 Σαραπίων,

43 2139 87 2165 καὶ
97 2139 271 2176 Παράμμων,
285 2140 331 2167 καὶ
341 2139 474 2175 Ζώσιμος,
488 2140 535 2167 καὶ
547 2141 689 2176 Εἰρηναῖος
703 2139 829 2172 διάκονοι,

42 2185 265 2220 ἐπηκολούθησαν
279 2187 334 2217 τοῖς
349 2185 412 2221 περὶ
425 2186 542 2220 Ἄρειον,
560 2186 607 2212 καὶ
620 2185 766 2221 ἠγάπησαν
782 2186 830 2212 σὺν

42 2230 132 2261 αὐτοῖς
155 2229 367 2266 καθαιρεθῆναι⁸
395 2231 438 2257 ἴνα
467 2231 514 2257 καὶ
540 2230 574 2257 τὰ
599 2230 645 2258 νῦν
669 2230 829 2266 γραφόμενα

42 2275 139 2310 γνῶτε,
153 2275 205 2311 τήν
219 2284 249 2302 τε
269 2275 297 2303 ἐν
318 2276 422 2308 τούτοις
440 2276 597 2311 συμφωνίαν
611 2276 714 2303 ἑαυτῶν
729 2276 829 2303 ἐπιδεί-

42 2322 134 2358 ξησθε,
152 2322 200 2349 καὶ
214 2323 248 2357 τῇ
263 2322 420 2358 καθαιρέσει
435 2322 488 2349 τῶν
512 2322 576 2358 περὶ
589 2322 697 2358 Ἄρειον
712 2322 759 2349 καὶ
775 2322 829 2350 τῶν

42 2369 104 2404 περὶ
119 2368 222 2395 Πιστὸν
234 2367 374 2403 σύμψηφοι
389 2367 515 2404 γένησθε.
534 2367 638 2403 Πρέπει
651 2369 705 2404 γὰρ
719 2367 753 2395 τὰ
764 2368 829 2404 παρ’

41 2414 107 2449 ἐμοῦ
130 2414 292 2450 γραφόμενα
313 2413 454 2448 γινώσκειν
475 2415 556 2450 ὑμᾶς,
578 2415 624 2441 καὶ
645 2415 769 2447 ἕκαστον,
792 2414 830 2446 ὼς

43 2461 104 2496 παρ’
123 2460 206 2488 αὑτοῦ
224 2461 394 2496 γραφόμενα,
409 2461 437 2488 ἐν
447 2462 480 2497 τῇ
495 2460 591 2497 καρδίᾳ
607 2461 742 2496 κατέχειν.

76 2574 131 2610 (80)
140 2559 174 2601 Hi
182 2577 300 2609 quatuor
309 2573 438 2610 postremi
443 2594 451 2607 ,
453 2573 574 2610 βεωνᾷς.
582 2572 743 2608 Σαρμὰτων,
753 2571 829 2608 Κάρ-

43 2608 107 2641 nev,
119 2608 231 2642 Ζώῖλος,
248 2608 348 2637 desunt
362 2609 433 2644 apud
446 2608 596 2636 Galasium.

76 2646 132 2681 (81)
148 2645 257 2680 Παρὼν
271 2642 431 2679 παροῦὰιν.
449 2644 602 2679 Singularis
623 2642 751 2679 loquendi
773 2642 830 2670 l'or-

44 2682 130 2754 ωιίίςέ)
149 2716 229 2746 l‘Iunc
242 2715 349 2744 Pistum
371 2723 433 2744 esse
453 2719 581 2751 putamus
596 2714 643 2750 qui
658 2713 828 2742 Alexandriae

883 1543 910 1566 et
920 1538 1055 1570 Mareotae,
1069 1544 1190 1573 prmsens
1201 1537 1390 1573 praesentibus,
1401 1537 1508 1566 dilectis
1517 1538 1545 1565 in
1556 1538 1671 1567 Domino

884 1585 1025 1617 fratribus,
1040 1584 1168 1612 salutem.

917 1630 995 1658 Licet
1008 1630 1064 1665 jam
1081 1629 1299 1665 subscripseritis
1317 1629 1416 1657 litteris
1429 1630 1496 1658 meis
1518 1631 1552 1658 ad
1573 1631 1669 1659 Arium

883 1684 1003 1712 suosque
1017 1676 1120 1708 missis,
1137 1675 1238 1711 quibus
1258 1675 1387 1703 hortabar
1407 1676 1479 1708 illos,
1496 1680 1525 1703 ut
1538 1677 1670 1713 abnegata

883 1723 1031 1758 impietate,
1048 1729 1121 1750 sana:
1140 1725 1167 1749 et
1181 1721 1323 1748 catholica:
1336 1721 1398 1748 ﬁdei
1426 1721 1646 1757 obtemperarent
1661 1733 1668 1750 :

883 1774 968 1803 eaque
996 1767 1024 1794 in
1047 1774 1077 1794 re
1099 1770 1205 1794 rectum
1224 1766 1394 1801 propositum
1409 1771 1541 1799 vestrum,
1562 1776 1670 1796 necnon

883 1813 1012 1841 Ecclesia:
1034 1813 1175 1841 catholicae
1196 1812 1270 1839 circa
1296 1811 1422 1848 dogmata
1449 1814 1668 1846 consonantiam,

883 1859 971 1898 palam
987 1858 1122 1892 feceritis;
1144 1862 1264 1885 attamen
1286 1857 1350 1892 quia
1365 1857 1492 1886 omnibus
1511 1859 1593 1886 etiam
1609 1859 1670 1886 ubi-

883 1913 936 1941 que
952 1909 1086 1932 terrarum
1107 1904 1315 1938 comministris,
1328 1912 1388 1939 qum
1405 1904 1501 1931 Arium
1524 1905 1670 1940 sociosque

882 1953 942 1987 ejus
957 1955 1080 1987 spectant
1094 1941 1194 1979 litteris
1209 1951 1378 1986 signiﬁcavi;
1392 1959 1506 1979 necesse
1517 1952 1593 1984 duxi,
1607 1959 1669 1984 vos,

884 1997 959 2025 urbis
973 1997 1100 2029 clericos,
1116 2004 1280 2029 convocare,
1298 2004 1347 2024 vos
1365 1996 1430 2024 item
1446 1996 1608 2024 Mareoticos
1624 2003 1671 2023 ar-

883 2050 990 2071 cessere
1003 2051 1009 2069 :
1024 2043 1174 2077 prmsertim
1196 2049 1259 2069 cum
1276 2049 1310 2069 ex
1325 2041 1404 2070 vobis
1420 2042 1523 2070 Chares
1535 2047 1562 2070 et
1577 2041 1670 2070 Pistus

883 2090 1052 2126 presbyteri:
1079 2089 1224 2124 Sarapion,
1240 2088 1414 2121 Parammon,
1431 2089 1556 2117 Zosimus
1576 2093 1604 2117 et
1615 2088 1670 2117 Ire-

885 2145 960 2164 naeus
974 2136 1093 2169 diaconi,
1110 2136 1144 2163 ad
1160 2135 1219 2163 Arii
1234 2139 1326 2170 partes
1342 2135 1511 2169 transierint,
1527 2139 1608 2170 atque
1621 2143 1670 2163 νο-

847 2170 868 2197 D
882 2183 983 2211 luerint
1007 2183 1106 2218 deponi
1131 2190 1192 2210 cum
1214 2182 1283 2216 illis;
1306 2185 1336 2209 ut
1351 2185 1416 2209 nota
1437 2181 1493 2209 sint
1518 2181 1594 2209 vobis
1609 2189 1670 2216 quae

879 2231 936 2266 jam
957 2230 1059 2266 scripta
1074 2234 1148 2262 sunt,
1165 2233 1249 2264 utque
1270 2232 1389 2257 vestram
1404 2228 1432 2255 in
1452 2228 1528 2256 hisce
1554 2235 1669 2256 concor-

881 2277 955 2305 diam
977 2276 1131 2310 declaretis,
1154 2283 1187 2303 ac
1212 2274 1376 2311 depositioni
1399 2274 1466 2307 Arii,
1491 2273 1559 2301 Pisti
1580 2274 1669 2302 socio-

881 2331 997 2360 rumque
1014 2322 1173 2358 sulIragium
1184 2321 1291 2349 addatis
1305 2325 1438 2349 vestrum.
1451 2319 1503 2347 Par
1515 2320 1614 2356 quippe
1626 2325 1668 2349 est

881 2373 1018 2404 comperta
1034 2368 1112 2397 vobis
1130 2375 1192 2395 esse
1207 2374 1268 2402 quae
1279 2373 1295 2393 a
1309 2373 1353 2394 me
1364 2365 1517 2400 conscripta
1531 2369 1606 2397 sunt,
1621 2372 1668 2392 ea-

880 2423 934 2452 que
952 2415 1086 2451 singulos,
1110 2414 1190 2450 quasi
1212 2413 1329 2449 quisque
1351 2415 1474 2440 vestrum
1500 2411 1666 2446 scripsisset,

882 2462 964 2490 corde
979 2461 1133 2497 complecti.

881 2574 1030 2610 episcopus
1052 2572 1086 2610 ab
1111 2570 1223 2610 Arianis
1249 2570 1390 2610 ordinatus
1417 2572 1469 2610 est,
1491 2568 1592 2605 quippe
1614 2566 1667 2610 sub

881 2605 1131 2645 ipsum—Arianismi
1156 2606 1264 2645 initium
1287 2606 1358 2645 inter
1370 2605 1573 2645 _antesigi1anos
1592 2609 1667 2645 com:

880 2635 1084 2680 pru—tabaturLut
1101 2642 1182 2680 paulo
1198 2641 1270 2669 infra
1286 2644 1338 2675 est,
1350 2639 1403 2667 τῶν
1417 2635 1485 2675 περῗ
1499 2640 1606 2675 Ἀρειον
1618 2635 1668 2664 καὶ

879 2677 933 2707 τῶν
947 2679 1010 2716 περὶ
1024 2677 1132 2711 Πιστόν,
1146 2681 1210 2714 εἰει..
