  <div class='ocr_page' id='page_1' title='image "/cluster/home/n/w/nwhite01/storage/ocr_20150623/18/njp.32101077772455/449.png"; bbox 0 0 1911 3073; ppageno 0'>
   <div class='ocr_carea' id='block_1_1' title="bbox 194 87 1864 121">
    <p class='ocr_par' dir='ltr' id='par_1_1' title="bbox 194 87 1864 121">
     <span class='ocr_line' id='line_1_1' title="bbox 194 87 1864 121; baseline -0.004 0"><span class='ocrx_word' id='word_1_1' title='bbox 194 91 205 100; x_wconf 74' lang='grc'><strong><em>⁶</em></strong></span> <span class='ocrx_word' id='word_1_2' title='bbox 240 92 291 121; x_wconf 74' lang='grc'><strong>583</strong></span> <span class='ocrx_word' id='word_1_3' title='bbox 800 89 829 117; x_wconf 83' lang='lat' dir='ltr'><strong>S.</strong></span> <span class='ocrx_word' id='word_1_4' title='bbox 851 87 1048 117; x_wconf 67' lang='lat' dir='ltr'><strong>ALEXAND!“</strong></span> <span class='ocrx_word' id='word_1_5' title='bbox 1069 87 1303 117; x_wconf 82' lang='lat' dir='ltr'><strong>ALEXANDRINI</strong></span> <span class='ocrx_word' id='word_1_6' title='bbox 1812 88 1864 115; x_wconf 65' lang='lat'><strong>595</strong></span> 
     </span>
    </p>
   </div>
   <div class='ocr_carea' id='block_1_2' title="bbox 1028 158 1074 186">
    <p class='ocr_par' dir='ltr' id='par_1_2' title="bbox 1028 158 1074 186">
     <span class='ocr_line' id='line_1_2' title="bbox 1028 158 1074 186; baseline 0 0"><span class='ocrx_word' id='word_1_7' title='bbox 1028 158 1074 186; x_wconf 85' lang='lat' dir='ltr'><strong>IV.</strong></span> 
     </span>
    </p>
   </div>
   <div class='ocr_carea' id='block_1_3' title="bbox 299 211 1800 257">
    <p class='ocr_par' dir='ltr' id='par_1_3' title="bbox 299 211 1800 257">
     <span class='ocr_line' id='line_1_3' title="bbox 299 211 1800 257; baseline -0.003 -12"><span class='ocrx_word' id='word_1_8' title='bbox 299 215 486 254; x_wconf 78' lang='lat' dir='ltr'><strong>Fragmenta</strong></span> <span class='ocrx_word' id='word_1_9' title='bbox 503 214 568 246; x_wconf 90' lang='lat' dir='ltr'><strong>duo</strong></span> <span class='ocrx_word' id='word_1_10' title='bbox 584 223 622 245; x_wconf 77' lang='lat' dir='ltr'><strong>ex</strong></span> <span class='ocrx_word' id='word_1_11' title='bbox 638 213 773 254; x_wconf 80' lang='lat' dir='ltr'><strong>epistola</strong></span> <span class='ocrx_word' id='word_1_12' title='bbox 790 214 828 245; x_wconf 82' lang='lat' dir='ltr'><strong>ad</strong></span> <span class='ocrx_word' id='word_1_13' title='bbox 845 215 1011 255; x_wconf 79' lang='lat' dir='ltr'><strong>[Eglonem</strong></span> <span class='ocrx_word' id='word_1_14' title='bbox 1027 215 1295 257; x_wconf 82' lang='lat' dir='ltr'><strong>Cynopolitanum</strong></span> <span class='ocrx_word' id='word_1_15' title='bbox 1311 214 1508 253; x_wconf 83' lang='lat' dir='ltr'><strong>episcopum,</strong></span> <span class='ocrx_word' id='word_1_16' title='bbox 1525 215 1633 243; x_wconf 81' lang='lat' dir='ltr'><strong>contra</strong></span> <span class='ocrx_word' id='word_1_17' title='bbox 1651 211 1800 242; x_wconf 82' lang='lat' dir='ltr'><strong>Arianos.</strong></span> 
     </span>
    </p>
   </div>
   <div class='ocr_carea' id='block_1_4' title="bbox 291 282 1808 352">
    <p class='ocr_par' dir='ltr' id='par_1_4' title="bbox 291 282 1808 352">
     <span class='ocr_line' id='line_1_4' title="bbox 291 282 1808 352; baseline -0.003 -38"><span class='ocrx_word' id='word_1_18' title='bbox 291 286 369 322; x_wconf 78' lang='lat' dir='ltr'><strong>Apud</strong></span> <span class='ocrx_word' id='word_1_19' title='bbox 395 285 424 314; x_wconf 89' lang='lat' dir='ltr'><strong>S.</strong></span> <span class='ocrx_word' id='word_1_20' title='bbox 444 286 589 314; x_wconf 72' lang='lat' dir='ltr'><strong>Maximum</strong></span> <span class='ocrx_word' id='word_1_21' title='bbox 616 287 730 323; x_wconf 80' lang='lat' dir='ltr'><strong>confess.</strong></span> <span class='ocrx_word' id='word_1_22' title='bbox 751 289 820 316; x_wconf 87' lang='lat' dir='ltr'><strong>inter</strong></span> <span class='ocrx_word' id='word_1_23' title='bbox 839 289 1128 352; x_wconf 52' lang='lat' dir='ltr'><strong>cpusc.Pliteologiﬁqt5</strong></span> <span class='ocrx_word' id='word_1_24' title='bbox 1142 290 1249 325; x_wconf 84' lang='lat' dir='ltr'><strong>polent.,</strong></span> <span class='ocrx_word' id='word_1_25' title='bbox 1275 288 1340 323; x_wconf 87' lang='lat' dir='ltr'><strong>Opp.</strong></span> <span class='ocrx_word' id='word_1_26' title='bbox 1364 293 1426 315; x_wconf 84' lang='lat' dir='ltr'><strong>tam.</strong></span> <span class='ocrx_word' id='word_1_27' title='bbox 1443 286 1477 319; x_wconf 88' lang='lat' dir='ltr'><strong>Il,</strong></span> <span class='ocrx_word' id='word_1_28' title='bbox 1498 293 1575 322; x_wconf 81' lang='lat' dir='ltr'><strong>pagg.</strong></span> <span class='ocrx_word' id='word_1_29' title='bbox 1593 284 1724 315; x_wconf 69' lang='lat'><strong>152—155,</strong></span> <span class='ocrx_word' id='word_1_30' title='bbox 1741 282 1808 309; x_wconf 83' lang='lat' dir='ltr'><strong>edit.</strong></span> 
     </span>
     <span class='ocr_line' id='line_1_5' title="bbox 966 333 1776 352; baseline 0.001 -1"><span class='ocrx_word' id='word_1_31' title='bbox 966 333 1031 352; x_wconf 75' lang='lat' dir='ltr'><strong>arts.</strong></span> <span class='ocrx_word' id='word_1_32' title='bbox 1132 345 1138 351; x_wconf 98' lang='lat'><strong>.</strong></span> <span class='ocrx_word' id='word_1_33' title='bbox 1771 348 1776 352; x_wconf 95' lang='lat'><strong>.</strong></span> 
     </span>
    </p>
   </div>
   <div class='ocr_carea' id='block_1_5' title="bbox 966 333 1776 352">
    <p class='ocr_par' dir='ltr' id='par_1_5' title="bbox 966 333 1776 352">
     <span class='ocr_line' id='line_1_6' title="bbox 966 333 1776 352; baseline 0.001 -1"><span class='ocrx_word' id='word_1_34' title='bbox 966 333 1031 352; x_wconf 74' lang='grc' dir='ltr'><strong>αιίδ.</strong></span> <span class='ocrx_word' id='word_1_35' title='bbox 1059 333 1091 352; x_wconf 76' lang='grc' dir='ltr'><strong>Ἰυ</strong></span> <span class='ocrx_word' id='word_1_36' title='bbox 1100 333 1138 352; x_wconf 72' lang='lat' dir='ltr'><strong>li).</strong></span> <span class='ocrx_word' id='word_1_37' title='bbox 1771 348 1776 352; x_wconf 97' lang='lat'><strong>.</strong></span> 
     </span>
    </p>
   </div>
   <div class='ocr_carea' id='block_1_6' title="bbox 239 429 993 472">
    <p class='ocr_par' dir='ltr' id='par_1_6' title="bbox 239 435 993 472">
     <span class='ocr_line' id='line_1_7' title="bbox 239 435 993 472; baseline -0.003 -7"><span class='ocrx_word' id='word_1_38' title='bbox 239 435 489 472; x_wconf 76' lang='lat' dir='ltr'><strong>SanctiAlexandri</strong></span> <span class='ocrx_word' id='word_1_39' title='bbox 509 443 583 470; x_wconf 74' lang='lat' dir='ltr'><strong>papte</strong></span> <span class='ocrx_word' id='word_1_40' title='bbox 606 436 790 469; x_wconf 76' lang='lat' dir='ltr'><strong>Alexandrini,</strong></span> <span class='ocrx_word' id='word_1_41' title='bbox 814 445 847 464; x_wconf 79' lang='lat' dir='ltr'><strong>ex</strong></span> <span class='ocrx_word' id='word_1_42' title='bbox 862 437 993 470; x_wconf 67' lang='lat' dir='ltr'><strong>epistolat</strong></span> 
     </span>
    </p>
   </div>
   <div class='ocr_carea' id='block_1_7' title="bbox 1107 429 1861 472">
    <p class='ocr_par' dir='ltr' id='par_1_7' title="bbox 1107 429 1861 472">
     <span class='ocr_line' id='line_1_8' title="bbox 1107 429 1861 472; baseline -0.013 -8"><span class='ocrx_word' id='word_1_43' title='bbox 1107 438 1133 465; x_wconf 77' lang='grc' dir='ltr'><strong>&gt;ῦ</strong></span> <span class='ocrx_word' id='word_1_44' title='bbox 1148 437 1233 472; x_wconf 77' lang='grc' dir='ltr'><strong>ἁγίου</strong></span> <span class='ocrx_word' id='word_1_45' title='bbox 1253 433 1450 472; x_wconf 55' lang='grc' dir='ltr'><strong>Ἀλεξάνδρον</strong></span> <span class='ocrx_word' id='word_1_46' title='bbox 1465 432 1549 459; x_wconf 76' lang='grc' dir='ltr'><em>πάπα</em></span> <span class='ocrx_word' id='word_1_47' title='bbox 1572 429 1815 472; x_wconf 42' lang='grc' dir='ltr'><strong>’ἑλεξαιςξρειιιῃ</strong></span> <span class='ocrx_word' id='word_1_48' title='bbox 1831 429 1861 472; x_wconf 49' lang='grc' dir='ltr'><strong>ἐξ</strong></span> 
     </span>
    </p>
   </div>
   <div class='ocr_carea' id='block_1_8' title="bbox 274 466 1028 508">
    <p class='ocr_par' dir='ltr' id='par_1_8' title="bbox 274 466 1022 507">
     <span class='ocr_line' id='line_1_9' title="bbox 274 466 1022 507; baseline 0 -8"><span class='ocrx_word' id='word_1_49' title='bbox 274 471 414 506; x_wconf 69' lang='grc' dir='ltr'><strong>Δῑριοηεηι</strong></span> <span class='ocrx_word' id='word_1_50' title='bbox 427 466 648 506; x_wconf 73' lang='lat' dir='ltr'><strong>Cynopolitana-m</strong></span> <span class='ocrx_word' id='word_1_51' title='bbox 659 466 819 507; x_wconf 82' lang='lat' dir='ltr'><strong>episcopum,</strong></span> <span class='ocrx_word' id='word_1_52' title='bbox 831 466 925 500; x_wconf 74' lang='lat' dir='ltr'><strong>contra</strong></span> <span class='ocrx_word' id='word_1_53' title='bbox 942 473 1022 499; x_wconf 83' lang='lat' dir='ltr'><strong>Aria~</strong></span> 
     </span>
    </p>
   </div>
   <div class='ocr_carea' id='block_1_9' title="bbox 1109 466 1863 508">
    <p class='ocr_par' dir='ltr' id='par_1_9' title="bbox 1109 466 1863 508">
     <span class='ocr_line' id='line_1_10' title="bbox 1109 466 1863 508; baseline -0.011 -9"><span class='ocrx_word' id='word_1_54' title='bbox 1109 473 1163 507; x_wconf 83' lang='grc' dir='ltr'><strong>τῆς</strong></span> <span class='ocrx_word' id='word_1_55' title='bbox 1171 466 1246 508; x_wconf 51' lang='lat' dir='ltr'><strong>apag</strong></span> <span class='ocrx_word' id='word_1_56' title='bbox 1256 466 1566 508; x_wconf 55' lang='grc' dir='ltr'><strong>Λζγλωναξίιίσκοπον</strong></span> <span class='ocrx_word' id='word_1_57' title='bbox 1575 466 1776 498; x_wconf 79' lang='grc' dir='ltr'><strong>Κυνοπόλεως</strong></span> <span class='ocrx_word' id='word_1_58' title='bbox 1792 466 1863 492; x_wconf 75' lang='grc' dir='ltr'><strong>κατὰ</strong></span> 
     </span>
    </p>
   </div>
   <div class='ocr_carea' id='block_1_10' title="bbox 273 506 1456 543">
    <p class='ocr_par' dir='ltr' id='par_1_10' title="bbox 273 506 1456 543">
     <span class='ocr_line' id='line_1_11' title="bbox 273 506 1456 543; baseline -0.003 -9"><span class='ocrx_word' id='word_1_59' title='bbox 273 515 331 534; x_wconf 85' lang='lat' dir='ltr'><strong>nos.</strong></span> <span class='ocrx_word' id='word_1_60' title='bbox 1115 506 1267 543; x_wconf 67' lang='grc' dir='ltr'><strong>Ἀρειανᾶγν</strong></span> <span class='ocrx_word' id='word_1_61' title='bbox 1282 506 1456 538; x_wconf 76' lang='grc' dir='ltr'><strong>ἐπιστολῆς.</strong></span> 
     </span>
    </p>
   </div>
   <div class='ocr_carea' id='block_1_11' title="bbox 272 556 1026 601">
    <p class='ocr_par' dir='ltr' id='par_1_11' title="bbox 272 559 1024 596">
     <span class='ocr_line' id='line_1_12' title="bbox 272 559 1024 596; baseline 0.004 -9"><span class='ocrx_word' id='word_1_62' title='bbox 272 559 405 588; x_wconf 79' lang='lat' dir='ltr'><strong>Voluntas</strong></span> <span class='ocrx_word' id='word_1_63' title='bbox 427 560 570 593; x_wconf 80' lang='lat' dir='ltr'><strong>naturalis,</strong></span> <span class='ocrx_word' id='word_1_64' title='bbox 595 560 772 596; x_wconf 77' lang='lat' dir='ltr'><strong>intelligentia</strong></span> <span class='ocrx_word' id='word_1_65' title='bbox 803 562 893 589; x_wconf 87' lang='lat' dir='ltr'><strong>omnis</strong></span> <span class='ocrx_word' id='word_1_66' title='bbox 919 565 1024 590; x_wconf 69' lang='lat' dir='ltr'><strong>naturae</strong></span> 
     </span>
    </p>
   </div>
   <div class='ocr_carea' id='block_1_12' title="bbox 1105 556 1859 601">
    <p class='ocr_par' dir='ltr' id='par_1_12' title="bbox 1107 556 1859 601">
     <span class='ocr_line' id='line_1_13' title="bbox 1107 556 1859 601; baseline -0.013 -9"><span class='ocrx_word' id='word_1_67' title='bbox 1107 565 1221 601; x_wconf 81' lang='grc' dir='ltr'><strong>Θέλησίς</strong></span> <span class='ocrx_word' id='word_1_68' title='bbox 1241 565 1298 590; x_wconf 76' lang='grc' dir='ltr'><strong>ἐστι</strong></span> <span class='ocrx_word' id='word_1_69' title='bbox 1325 561 1436 597; x_wconf 83' lang='grc' dir='ltr'><strong>φυσικὴ,</strong></span> <span class='ocrx_word' id='word_1_70' title='bbox 1457 559 1558 591; x_wconf 76' lang='grc' dir='ltr'>παντὸς</span> <span class='ocrx_word' id='word_1_71' title='bbox 1581 558 1675 594; x_wconf 82' lang='grc' dir='ltr'>νοεροῦ</span> <span class='ocrx_word' id='word_1_72' title='bbox 1702 556 1859 592; x_wconf 75' lang='grc' dir='ltr'><strong>αὐθαίρετος</strong></span> 
     </span>
    </p>
   </div>
   <div class='ocr_carea' id='block_1_13' title="bbox 236 604 990 647">
    <p class='ocr_par' dir='ltr' id='par_1_13' title="bbox 236 605 990 643">
     <span class='ocr_line' id='line_1_14' title="bbox 236 605 990 643; baseline 0.004 -11"><span class='ocrx_word' id='word_1_73' title='bbox 236 605 322 633; x_wconf 80' lang='lat' dir='ltr'><strong>libera</strong></span> <span class='ocrx_word' id='word_1_74' title='bbox 338 605 453 634; x_wconf 75' lang='lat' dir='ltr'><strong>facultas</strong></span> <span class='ocrx_word' id='word_1_75' title='bbox 467 608 589 641; x_wconf 73' lang='lat' dir='ltr'><strong>exsistit;</strong></span> <span class='ocrx_word' id='word_1_76' title='bbox 606 613 634 635; x_wconf 86' lang='lat' dir='ltr'><strong>ut</strong></span> <span class='ocrx_word' id='word_1_77' title='bbox 648 616 709 643; x_wconf 63' lang='lat' dir='ltr'><strong>quas</strong></span> <span class='ocrx_word' id='word_1_78' title='bbox 723 607 791 635; x_wconf 88' lang='lat' dir='ltr'><strong>nihil</strong></span> <span class='ocrx_word' id='word_1_79' title='bbox 807 608 990 636; x_wconf 86' lang='lat' dir='ltr'><strong>involuntariu</strong></span> 
     </span>
    </p>
   </div>
   <div class='ocr_carea' id='block_1_14' title="bbox 1105 604 1859 647">
    <p class='ocr_par' dir='ltr' id='par_1_14' title="bbox 1106 604 1859 647">
     <span class='ocr_line' id='line_1_15' title="bbox 1106 604 1859 647; baseline -0.013 -8"><span class='ocrx_word' id='word_1_80' title='bbox 1106 620 1195 647; x_wconf 81' lang='grc' dir='ltr'><strong>ναμις,</strong></span> <span class='ocrx_word' id='word_1_81' title='bbox 1208 611 1246 643; x_wconf 84' lang='grc' dir='ltr'><strong>ὡς</strong></span> <span class='ocrx_word' id='word_1_82' title='bbox 1258 609 1340 646; x_wconf 84' lang='grc' dir='ltr'><strong>μηδὲν</strong></span> <span class='ocrx_word' id='word_1_83' title='bbox 1352 607 1422 636; x_wconf 84' lang='grc' dir='ltr'>κατὰ</span> <span class='ocrx_word' id='word_1_84' title='bbox 1431 607 1480 644; x_wconf 87' lang='grc' dir='ltr'><strong>τὴν</strong></span> <span class='ocrx_word' id='word_1_85' title='bbox 1492 606 1586 633; x_wconf 81' lang='grc' dir='ltr'>οὐσίαν</span> <span class='ocrx_word' id='word_1_86' title='bbox 1602 605 1732 633; x_wconf 85' lang='grc' dir='ltr'><strong>ἀκούσιον</strong></span> <span class='ocrx_word' id='word_1_87' title='bbox 1744 604 1859 639; x_wconf 71' lang='grc' dir='ltr'><strong>ἔχοντος.</strong></span> 
     </span>
    </p>
   </div>
   <div class='ocr_carea' id='block_1_15' title="bbox 236 652 779 688">
    <p class='ocr_par' dir='ltr' id='par_1_15' title="bbox 236 652 779 688">
     <span class='ocr_line' id='line_1_16' title="bbox 236 652 779 688; baseline 0.006 -9"><span class='ocrx_word' id='word_1_88' title='bbox 236 652 343 686; x_wconf 79' lang='lat' dir='ltr'><strong>habent,</strong></span> <span class='ocrx_word' id='word_1_89' title='bbox 356 653 428 688; x_wconf 87' lang='lat' dir='ltr'><strong>quod</strong></span> <span class='ocrx_word' id='word_1_90' title='bbox 442 661 474 681; x_wconf 76' lang='lat' dir='ltr'><strong>ex</strong></span> <span class='ocrx_word' id='word_1_91' title='bbox 489 655 614 682; x_wconf 64' lang='lat' dir='ltr'><strong>essentiw</strong></span> <span class='ocrx_word' id='word_1_92' title='bbox 625 655 729 683; x_wconf 83' lang='lat' dir='ltr'><strong>ratione</strong></span> <span class='ocrx_word' id='word_1_93' title='bbox 742 655 779 682; x_wconf 90' lang='lat' dir='ltr'><strong>lit.</strong></span> 
     </span>
    </p>
   </div>
   <div class='ocr_carea' id='block_1_16' title="bbox 1031 713 1065 742">
    <p class='ocr_par' dir='ltr' id='par_1_16' title="bbox 1031 713 1065 742">
     <span class='ocr_line' id='line_1_17' title="bbox 1031 713 1065 742; baseline -0.059 0"><span class='ocrx_word' id='word_1_94' title='bbox 1031 713 1065 742; x_wconf 92' lang='grc'><strong>11.</strong></span> 
     </span>
    </p>
   </div>
   <div class='ocr_carea' id='block_1_17' title="bbox 270 761 1024 803">
    <p class='ocr_par' dir='ltr' id='par_1_17' title="bbox 270 767 1021 803">
     <span class='ocr_line' id='line_1_18' title="bbox 270 767 1021 803; baseline 0.004 -9"><span class='ocrx_word' id='word_1_95' title='bbox 270 767 397 803; x_wconf 84' lang='lat' dir='ltr'><strong>Operatio</strong></span> <span class='ocrx_word' id='word_1_96' title='bbox 424 767 568 799; x_wconf 84' lang='lat' dir='ltr'><strong>naturalis,</strong></span> <span class='ocrx_word' id='word_1_97' title='bbox 597 767 706 795; x_wconf 79' lang='lat' dir='ltr'><strong>innatus</strong></span> <span class='ocrx_word' id='word_1_98' title='bbox 729 770 771 795; x_wconf 87' lang='lat' dir='ltr'><strong>est</strong></span> <span class='ocrx_word' id='word_1_99' title='bbox 796 767 932 803; x_wconf 88' lang='lat' dir='ltr'><strong>cujusque</strong></span> <span class='ocrx_word' id='word_1_100' title='bbox 953 768 1021 797; x_wconf 90' lang='lat' dir='ltr'><strong>sub-</strong></span> 
     </span>
    </p>
   </div>
   <div class='ocr_carea' id='block_1_18' title="bbox 1105 761 1859 803">
    <p class='ocr_par' dir='ltr' id='par_1_18' title="bbox 1112 761 1859 803">
     <span class='ocr_line' id='line_1_19' title="bbox 1112 761 1859 803; baseline -0.012 -8"><span class='ocrx_word' id='word_1_101' title='bbox 1112 767 1252 803; x_wconf 71' lang='grc' dir='ltr'><strong>Ἐνέργεια</strong></span> <span class='ocrx_word' id='word_1_102' title='bbox 1269 766 1368 801; x_wconf 83' lang='grc' dir='ltr'><strong>φυσική</strong></span> <span class='ocrx_word' id='word_1_103' title='bbox 1386 765 1468 796; x_wconf 73' lang='grc' dir='ltr'><strong>ἐστιν,</strong></span> <span class='ocrx_word' id='word_1_104' title='bbox 1482 764 1499 799; x_wconf 87' lang='grc' dir='ltr'><strong>ή</strong></span> <span class='ocrx_word' id='word_1_105' title='bbox 1515 763 1604 799; x_wconf 81' lang='grc' dir='ltr'>πάσης</span> <span class='ocrx_word' id='word_1_106' title='bbox 1628 761 1721 792; x_wconf 82' lang='grc' dir='ltr'><strong>οὐσίας</strong></span> <span class='ocrx_word' id='word_1_107' title='bbox 1741 761 1859 796; x_wconf 70' lang='grc' dir='ltr'><strong>ἔμφυτος</strong></span> 
     </span>
    </p>
   </div>
   <div class='ocr_carea' id='block_1_19' title="bbox 236 807 990 849">
    <p class='ocr_par' dir='ltr' id='par_1_19' title="bbox 236 813 990 849">
     <span class='ocr_line' id='line_1_20' title="bbox 236 813 990 849; baseline 0.001 -8"><span class='ocrx_word' id='word_1_108' title='bbox 236 815 343 842; x_wconf 68' lang='lat' dir='ltr'><strong>stantia:</strong></span> <span class='ocrx_word' id='word_1_109' title='bbox 356 818 455 842; x_wconf 88' lang='lat' dir='ltr'><strong>motus.</strong></span> <span class='ocrx_word' id='word_1_110' title='bbox 471 813 598 849; x_wconf 83' lang='lat' dir='ltr'><strong>Operatio</strong></span> <span class='ocrx_word' id='word_1_111' title='bbox 613 814 756 847; x_wconf 76' lang='lat' dir='ltr'><strong>naturalis,</strong></span> <span class='ocrx_word' id='word_1_112' title='bbox 773 818 877 841; x_wconf 75' lang='lat' dir='ltr'><strong>naturae</strong></span> <span class='ocrx_word' id='word_1_113' title='bbox 897 814 990 849; x_wconf 76' lang='lat' dir='ltr'><strong>cujusv</strong></span> 
     </span>
    </p>
   </div>
   <div class='ocr_carea' id='block_1_20' title="bbox 1106 807 1860 849">
    <p class='ocr_par' dir='ltr' id='par_1_20' title="bbox 1106 807 1860 849">
     <span class='ocr_line' id='line_1_21' title="bbox 1106 807 1860 849; baseline -0.011 -9"><span class='ocrx_word' id='word_1_114' title='bbox 1106 822 1186 849; x_wconf 71' lang='grc' dir='ltr'><strong>δησις.</strong></span> <span class='ocrx_word' id='word_1_115' title='bbox 1208 812 1347 848; x_wconf 79' lang='grc' dir='ltr'><strong>Ἐνέργειά</strong></span> <span class='ocrx_word' id='word_1_116' title='bbox 1360 812 1418 838; x_wconf 75' lang='grc' dir='ltr'>ἐστι</span> <span class='ocrx_word' id='word_1_117' title='bbox 1432 810 1544 845; x_wconf 81' lang='grc' dir='ltr'><strong>φυσικὴ,</strong></span> <span class='ocrx_word' id='word_1_118' title='bbox 1561 809 1574 835; x_wconf 84' lang='grc' dir='ltr'>ὁ</span> <span class='ocrx_word' id='word_1_119' title='bbox 1587 808 1676 843; x_wconf 80' lang='grc' dir='ltr'>πάσης</span> <span class='ocrx_word' id='word_1_120' title='bbox 1690 808 1803 842; x_wconf 77' lang='grc' dir='ltr'><strong>φύσεως</strong></span> <span class='ocrx_word' id='word_1_121' title='bbox 1820 807 1860 832; x_wconf 78' lang='grc' dir='ltr'><strong>οὑ-</strong></span> 
     </span>
    </p>
   </div>
   <div class='ocr_carea' id='block_1_21' title="bbox 236 853 990 895">
    <p class='ocr_par' dir='ltr' id='par_1_21' title="bbox 236 853 988 894">
     <span class='ocr_line' id='line_1_22' title="bbox 236 853 988 894; baseline -0.001 -7"><span class='ocrx_word' id='word_1_122' title='bbox 236 859 422 887; x_wconf 80' lang='lat' dir='ltr'><strong>substantialis</strong></span> <span class='ocrx_word' id='word_1_123' title='bbox 439 866 470 887; x_wconf 90' lang='lat' dir='ltr'><strong>ac</strong></span> <span class='ocrx_word' id='word_1_124' title='bbox 495 859 639 886; x_wconf 88' lang='lat' dir='ltr'><strong>notilicans</strong></span> <span class='ocrx_word' id='word_1_125' title='bbox 654 859 724 886; x_wconf 88' lang='lat' dir='ltr'><strong>ratio</strong></span> <span class='ocrx_word' id='word_1_126' title='bbox 744 853 796 886; x_wconf 57' lang='lat' dir='ltr'><strong>est;</strong></span> <span class='ocrx_word' id='word_1_127' title='bbox 821 858 950 894; x_wconf 84' lang='lat' dir='ltr'><strong>Operatio</strong></span> <span class='ocrx_word' id='word_1_128' title='bbox 971 867 988 886; x_wconf 95' lang='lat' dir='ltr'><strong>n</strong></span> 
     </span>
    </p>
   </div>
   <div class='ocr_carea' id='block_1_22' title="bbox 1103 853 1857 895">
    <p class='ocr_par' dir='ltr' id='par_1_22' title="bbox 1103 853 1857 895">
     <span class='ocr_line' id='line_1_23' title="bbox 1103 853 1857 895; baseline -0.012 -8"><span class='ocrx_word' id='word_1_129' title='bbox 1103 859 1170 895; x_wconf 79' lang='grc' dir='ltr'><strong>ώδης</strong></span> <span class='ocrx_word' id='word_1_130' title='bbox 1184 859 1231 886; x_wconf 80' lang='grc' dir='ltr'><strong>καὶ</strong></span> <span class='ocrx_word' id='word_1_131' title='bbox 1242 858 1390 893; x_wconf 74' lang='grc' dir='ltr'><strong>γνωστικὺς</strong></span> <span class='ocrx_word' id='word_1_132' title='bbox 1403 856 1490 891; x_wconf 83' lang='grc' dir='ltr'><strong>λόγος.</strong></span> <span class='ocrx_word' id='word_1_133' title='bbox 1514 855 1655 891; x_wconf 77' lang='grc' dir='ltr'><strong>Ἐνέργειὰ</strong></span> <span class='ocrx_word' id='word_1_134' title='bbox 1669 855 1729 880; x_wconf 83' lang='grc' dir='ltr'><strong>ἐστι</strong></span> <span class='ocrx_word' id='word_1_135' title='bbox 1747 853 1857 887; x_wconf 74' lang='grc' dir='ltr'><strong>φυσικὴ,</strong></span> 
     </span>
    </p>
   </div>
   <div class='ocr_carea' id='block_1_23' title="bbox 235 903 989 942">
    <p class='ocr_par' dir='ltr' id='par_1_23' title="bbox 235 905 983 940">
     <span class='ocr_line' id='line_1_24' title="bbox 235 905 983 940; baseline -0.001 -7"><span class='ocrx_word' id='word_1_136' title='bbox 235 906 341 940; x_wconf 88' lang='lat' dir='ltr'><strong>turalis,</strong></span> <span class='ocrx_word' id='word_1_137' title='bbox 357 906 516 934; x_wconf 63' lang='lat' dir='ltr'><strong>substantiae</strong></span> <span class='ocrx_word' id='word_1_138' title='bbox 534 905 656 940; x_wconf 80' lang='lat' dir='ltr'><strong>cujusvis</strong></span> <span class='ocrx_word' id='word_1_139' title='bbox 671 905 815 933; x_wconf 80' lang='lat' dir='ltr'><strong>notiticans</strong></span> <span class='ocrx_word' id='word_1_140' title='bbox 826 906 915 934; x_wconf 83' lang='lat' dir='ltr'><strong>virtus</strong></span> <span class='ocrx_word' id='word_1_141' title='bbox 930 909 983 934; x_wconf 86' lang='lat' dir='ltr'><strong>est.</strong></span> 
     </span>
    </p>
   </div>
   <div class='ocr_carea' id='block_1_24' title="bbox 826 903 1580 942">
    <p class='ocr_par' dir='ltr' id='par_1_24' title="bbox 826 903 1580 942">
     <span class='ocr_line' id='line_1_25' title="bbox 826 903 1580 942; baseline -0.004 -10"><span class='ocrx_word' id='word_1_142' title='bbox 826 906 915 934; x_wconf 84' lang='lat' dir='ltr'><strong>virtus</strong></span> <span class='ocrx_word' id='word_1_143' title='bbox 930 909 983 934; x_wconf 86' lang='lat' dir='ltr'><strong>est.</strong></span> <span class='ocrx_word' id='word_1_144' title='bbox 1071 907 1089 942; x_wconf 84' lang='grc' dir='ltr'><strong>ἡ</strong></span> <span class='ocrx_word' id='word_1_145' title='bbox 1105 905 1239 942; x_wconf 82' lang='grc' dir='ltr'><strong>δηλωτικὴ</strong></span> <span class='ocrx_word' id='word_1_146' title='bbox 1253 905 1342 940; x_wconf 85' lang='grc' dir='ltr'><strong>πάσης</strong></span> <span class='ocrx_word' id='word_1_147' title='bbox 1354 904 1447 936; x_wconf 81' lang='grc' dir='ltr'><strong>οὐσίας</strong></span> <span class='ocrx_word' id='word_1_148' title='bbox 1458 903 1580 938; x_wconf 80' lang='grc' dir='ltr'><strong>δύναμις.</strong></span> 
     </span>
    </p>
   </div>
   <div class='ocr_carea' id='block_1_25' title="bbox 1208 999 1853 1013">
    <p class='ocr_par' dir='ltr' id='par_1_25' title="bbox 1208 999 1853 1013">
     <span class='ocr_line' id='line_1_26' title="bbox 1208 999 1853 1013; baseline -0.002 0"><span class='ocrx_word' id='word_1_149' title='bbox 1208 999 1853 1013; x_wconf 63' lang='lat' dir='ltr'><strong>m</strong></span> 
     </span>
    </p>
   </div>
   <div class='ocr_carea' id='block_1_26' title="bbox 241 1004 1061 1019">
    <p class='ocr_par' dir='ltr' id='par_1_26' title="bbox 241 1004 1061 1019">
     <span class='ocr_line' id='line_1_27' title="bbox 241 1004 1061 1019; baseline -0.002 -3"><span class='ocrx_word' id='word_1_150' title='bbox 241 1004 1061 1019; x_wconf 61' lang='lat' dir='ltr'><strong>m</strong></span> 
     </span>
    </p>
   </div>
   <div class='ocr_carea' id='block_1_27' title="bbox 397 1087 1688 1141">
    <p class='ocr_par' dir='ltr' id='par_1_27' title="bbox 397 1087 1688 1141">
     <span class='ocr_line' id='line_1_28' title="bbox 397 1087 1688 1141; baseline -0.002 -8"><span class='ocrx_word' id='word_1_151' title='bbox 397 1087 688 1135; x_wconf 79' lang='lat' dir='ltr'><strong>MONITUM</strong></span> <span class='ocrx_word' id='word_1_152' title='bbox 730 1088 793 1133; x_wconf 83' lang='lat' dir='ltr'><strong>IN</strong></span> <span class='ocrx_word' id='word_1_153' title='bbox 832 1088 1319 1141; x_wconf 82' lang='lat' dir='ltr'><strong>SUBSEQUENTEM</strong></span> <span class='ocrx_word' id='word_1_154' title='bbox 1357 1088 1688 1135; x_wconf 82' lang='lat' dir='ltr'><strong>SERMONEM</strong></span> 
     </span>
    </p>
   </div>
   <div class='ocr_carea' id='block_1_28' title="bbox 766 1180 1320 1215">
    <p class='ocr_par' dir='ltr' id='par_1_28' title="bbox 766 1180 1320 1215">
     <span class='ocr_line' id='line_1_29' title="bbox 766 1180 1320 1215; baseline 0.002 -8"><span class='ocrx_word' id='word_1_155' title='bbox 766 1181 835 1214; x_wconf 72' lang='lat' dir='ltr'><strong>(MAI,</strong></span> <span class='ocrx_word' id='word_1_156' title='bbox 848 1180 994 1208; x_wconf 73' lang='lat' dir='ltr'><strong>Bibliotheca</strong></span> <span class='ocrx_word' id='word_1_157' title='bbox 1006 1188 1066 1207; x_wconf 81' lang='lat' dir='ltr'><strong>nova</strong></span> <span class='ocrx_word' id='word_1_158' title='bbox 1083 1183 1195 1212; x_wconf 82' lang='lat' dir='ltr'><strong>Patrum,</strong></span> <span class='ocrx_word' id='word_1_159' title='bbox 1208 1183 1239 1214; x_wconf 86' lang='grc' dir='ltr'><strong>Π,</strong></span> <span class='ocrx_word' id='word_1_160' title='bbox 1253 1182 1320 1215; x_wconf 72' lang='grc'><strong>529.)</strong></span> 
     </span>
    </p>
   </div>
   <div class='ocr_carea' id='block_1_29' title="bbox 266 1291 1859 1330">
    <p class='ocr_par' dir='ltr' id='par_1_29' title="bbox 266 1291 1859 1330">
     <span class='ocr_line' id='line_1_30' title="bbox 266 1291 1859 1330; baseline -0.003 -6"><span class='ocrx_word' id='word_1_161' title='bbox 266 1296 331 1324; x_wconf 81' lang='lat' dir='ltr'><strong>Dixi</strong></span> <span class='ocrx_word' id='word_1_162' title='bbox 348 1295 377 1323; x_wconf 86' lang='lat' dir='ltr'><strong>in</strong></span> <span class='ocrx_word' id='word_1_163' title='bbox 399 1294 543 1330; x_wconf 77' lang='lat' dir='ltr'><strong>Spicilcgio</strong></span> <span class='ocrx_word' id='word_1_164' title='bbox 557 1293 691 1326; x_wconf 79' lang='lat' dir='ltr'><strong>Romano,</strong></span> <span class='ocrx_word' id='word_1_165' title='bbox 707 1297 726 1322; x_wconf 85' lang='lat' dir='ltr'><strong>t.</strong></span> <span class='ocrx_word' id='word_1_166' title='bbox 739 1291 799 1325; x_wconf 84' lang='lat' dir='ltr'><strong>Ill,</strong></span> <span class='ocrx_word' id='word_1_167' title='bbox 811 1300 838 1328; x_wconf 89' lang='lat' dir='ltr'><strong>p.</strong></span> <span class='ocrx_word' id='word_1_168' title='bbox 850 1291 913 1324; x_wconf 68' lang='lat'><strong>694,</strong></span> <span class='ocrx_word' id='word_1_169' title='bbox 929 1300 962 1319; x_wconf 75' lang='lat' dir='ltr'><strong>ex</strong></span> <span class='ocrx_word' id='word_1_170' title='bbox 974 1292 1155 1321; x_wconf 78' lang='lat' dir='ltr'><strong>Orientalibus</strong></span> <span class='ocrx_word' id='word_1_171' title='bbox 1172 1294 1334 1321; x_wconf 70' lang='lat' dir='ltr'><strong>bibliotheca:</strong></span> <span class='ocrx_word' id='word_1_172' title='bbox 1352 1293 1487 1321; x_wconf 71' lang='lat' dir='ltr'><strong>Vaticana:</strong></span> <span class='ocrx_word' id='word_1_173' title='bbox 1497 1293 1630 1320; x_wconf 79' lang='lat' dir='ltr'><strong>codicibus</strong></span> <span class='ocrx_word' id='word_1_174' title='bbox 1648 1293 1734 1320; x_wconf 87' lang='lat' dir='ltr'><strong>multa</strong></span> <span class='ocrx_word' id='word_1_175' title='bbox 1746 1293 1859 1320; x_wconf 74' lang='lat' dir='ltr'><strong>excitari</strong></span> 
     </span>
    </p>
   </div>
   <div class='ocr_carea' id='block_1_30' title="bbox 232 1338 1858 1378">
    <p class='ocr_par' dir='ltr' id='par_1_30' title="bbox 232 1338 1858 1378">
     <span class='ocr_line' id='line_1_31' title="bbox 232 1338 1858 1378; baseline -0.002 -8"><span class='ocrx_word' id='word_1_176' title='bbox 232 1343 332 1378; x_wconf 85' lang='lat' dir='ltr'><strong>scripta</strong></span> <span class='ocrx_word' id='word_1_177' title='bbox 348 1347 461 1369; x_wconf 81' lang='lat' dir='ltr'><strong>ueterum</strong></span> <span class='ocrx_word' id='word_1_178' title='bbox 477 1349 564 1376; x_wconf 95' lang='lat' dir='ltr'><strong>posse,</strong></span> <span class='ocrx_word' id='word_1_179' title='bbox 580 1349 638 1376; x_wconf 67' lang='lat' dir='ltr'><strong>quia</strong></span> <span class='ocrx_word' id='word_1_180' title='bbox 655 1340 762 1368; x_wconf 83' lang='lat' dir='ltr'><strong>omnino</strong></span> <span class='ocrx_word' id='word_1_181' title='bbox 778 1338 971 1367; x_wconf 67' lang='lat' dir='ltr'><strong>desideramus.</strong></span> <span class='ocrx_word' id='word_1_182' title='bbox 988 1339 1023 1366; x_wconf 86' lang='lat' dir='ltr'><strong>Et</strong></span> <span class='ocrx_word' id='word_1_183' title='bbox 1034 1340 1138 1375; x_wconf 79' lang='lat' dir='ltr'><strong>quidem</strong></span> <span class='ocrx_word' id='word_1_184' title='bbox 1151 1345 1247 1375; x_wconf 76' lang='lat' dir='ltr'><strong>prwter</strong></span> <span class='ocrx_word' id='word_1_185' title='bbox 1259 1340 1334 1367; x_wconf 86' lang='lat' dir='ltr'><strong>lauta</strong></span> <span class='ocrx_word' id='word_1_186' title='bbox 1346 1341 1395 1367; x_wconf 88' lang='lat' dir='ltr'><strong>illa</strong></span> <span class='ocrx_word' id='word_1_187' title='bbox 1409 1349 1467 1376; x_wconf 76' lang='lat' dir='ltr'><strong>quw</strong></span> <span class='ocrx_word' id='word_1_188' title='bbox 1483 1340 1539 1367; x_wconf 86' lang='lat' dir='ltr'><strong>loco</strong></span> <span class='ocrx_word' id='word_1_189' title='bbox 1553 1340 1635 1367; x_wconf 89' lang='lat' dir='ltr'><strong>citato</strong></span> <span class='ocrx_word' id='word_1_190' title='bbox 1651 1339 1722 1367; x_wconf 82' lang='lat' dir='ltr'><strong>edidi</strong></span> <span class='ocrx_word' id='word_1_191' title='bbox 1744 1340 1858 1367; x_wconf 83' lang='lat' dir='ltr'><strong>Patrum</strong></span> 
     </span>
    </p>
   </div>
   <div class='ocr_carea' id='block_1_31' title="bbox 232 1385 1858 1425">
    <p class='ocr_par' dir='ltr' id='par_1_31' title="bbox 232 1385 1858 1425">
     <span class='ocr_line' id='line_1_32' title="bbox 232 1385 1858 1425; baseline -0.001 -9"><span class='ocrx_word' id='word_1_192' title='bbox 232 1390 389 1425; x_wconf 84' lang='lat' dir='ltr'><strong>fragmenta,</strong></span> <span class='ocrx_word' id='word_1_193' title='bbox 402 1387 506 1423; x_wconf 81' lang='lat' dir='ltr'><strong>majora</strong></span> <span class='ocrx_word' id='word_1_194' title='bbox 521 1387 635 1415; x_wconf 83' lang='lat' dir='ltr'><strong>indidem</strong></span> <span class='ocrx_word' id='word_1_195' title='bbox 645 1387 705 1422; x_wconf 84' lang='lat' dir='ltr'><strong>jam</strong></span> <span class='ocrx_word' id='word_1_196' title='bbox 721 1391 800 1414; x_wconf 84' lang='lat' dir='ltr'><strong>antea</strong></span> <span class='ocrx_word' id='word_1_197' title='bbox 814 1385 971 1419; x_wconf 79' lang='lat' dir='ltr'><strong>extulerant,</strong></span> <span class='ocrx_word' id='word_1_198' title='bbox 985 1385 1125 1414; x_wconf 66' lang='lat' dir='ltr'><strong>Zacharias</strong></span> <span class='ocrx_word' id='word_1_199' title='bbox 1141 1386 1258 1414; x_wconf 83' lang='lat' dir='ltr'><strong>videlicet</strong></span> <span class='ocrx_word' id='word_1_200' title='bbox 1278 1387 1455 1414; x_wconf 80' lang='lat' dir='ltr'><strong>Melitenensis</strong></span> <span class='ocrx_word' id='word_1_201' title='bbox 1472 1387 1561 1421; x_wconf 87' lang='lat' dir='ltr'><strong>capita</strong></span> <span class='ocrx_word' id='word_1_202' title='bbox 1573 1386 1712 1419; x_wconf 82' lang='lat' dir='ltr'><strong>historica,</strong></span> <span class='ocrx_word' id='word_1_203' title='bbox 1726 1386 1858 1414; x_wconf 80' lang='lat' dir='ltr'><strong>Ebediesu</strong></span> 
     </span>
    </p>
   </div>
   <div class='ocr_carea' id='block_1_32' title="bbox 230 1432 1859 1472">
    <p class='ocr_par' dir='ltr' id='par_1_32' title="bbox 230 1432 1859 1472">
     <span class='ocr_line' id='line_1_33' title="bbox 230 1432 1859 1472; baseline -0.002 -8"><span class='ocrx_word' id='word_1_204' title='bbox 230 1441 257 1465; x_wconf 74' lang='lat' dir='ltr'><strong>et</strong></span> <span class='ocrx_word' id='word_1_205' title='bbox 270 1435 463 1472; x_wconf 77' lang='lat' dir='ltr'><strong>Abulpltaragii</strong></span> <span class='ocrx_word' id='word_1_206' title='bbox 475 1439 603 1462; x_wconf 86' lang='lat' dir='ltr'><strong>tractatus</strong></span> <span class='ocrx_word' id='word_1_207' title='bbox 618 1433 770 1465; x_wconf 77' lang='lat' dir='ltr'><strong>canonicos,</strong></span> <span class='ocrx_word' id='word_1_208' title='bbox 781 1432 966 1460; x_wconf 82' lang='lat' dir='ltr'><strong>Armeniorum</strong></span> <span class='ocrx_word' id='word_1_209' title='bbox 985 1433 1065 1461; x_wconf 89' lang='lat' dir='ltr'><strong>etiam</strong></span> <span class='ocrx_word' id='word_1_210' title='bbox 1081 1442 1204 1465; x_wconf 88' lang='lat' dir='ltr'><strong>canones,</strong></span> <span class='ocrx_word' id='word_1_211' title='bbox 1216 1433 1304 1461; x_wconf 82' lang='lat' dir='ltr'><strong>Seueri</strong></span> <span class='ocrx_word' id='word_1_212' title='bbox 1321 1433 1474 1461; x_wconf 87' lang='lat' dir='ltr'><strong>Antiocheni</strong></span> <span class='ocrx_word' id='word_1_213' title='bbox 1487 1442 1618 1461; x_wconf 78' lang='lat' dir='ltr'><strong>sermones</strong></span> <span class='ocrx_word' id='word_1_214' title='bbox 1639 1433 1752 1468; x_wconf 83' lang='lat' dir='ltr'><strong>aliquot,</strong></span> <span class='ocrx_word' id='word_1_215' title='bbox 1771 1438 1796 1461; x_wconf 88' lang='lat' dir='ltr'><strong>et</strong></span> <span class='ocrx_word' id='word_1_216' title='bbox 1810 1442 1859 1460; x_wconf 48' lang='lat' dir='ltr'><strong>nnc</strong></span> 
     </span>
    </p>
   </div>
   <div class='ocr_carea' id='block_1_33' title="bbox 230 1480 1859 1519">
    <p class='ocr_par' dir='ltr' id='par_1_33' title="bbox 230 1480 1859 1519">
     <span class='ocr_line' id='line_1_34' title="bbox 230 1480 1859 1519; baseline -0.003 -8"><span class='ocrx_word' id='word_1_217' title='bbox 230 1492 276 1519; x_wconf 90' lang='lat' dir='ltr'><strong>per</strong></span> <span class='ocrx_word' id='word_1_218' title='bbox 286 1484 371 1511; x_wconf 83' lang='lat' dir='ltr'><strong>sancti</strong></span> <span class='ocrx_word' id='word_1_219' title='bbox 386 1483 480 1518; x_wconf 81' lang='lat' dir='ltr'><strong>Cyrilli</strong></span> <span class='ocrx_word' id='word_1_220' title='bbox 497 1486 589 1510; x_wconf 91' lang='lat' dir='ltr'><strong>contra</strong></span> <span class='ocrx_word' id='word_1_221' title='bbox 609 1481 781 1516; x_wconf 81' lang='lat' dir='ltr'><strong>Sgnusiastas</strong></span> <span class='ocrx_word' id='word_1_222' title='bbox 791 1485 817 1508; x_wconf 89' lang='lat' dir='ltr'><strong>et</strong></span> <span class='ocrx_word' id='word_1_223' title='bbox 832 1481 980 1508; x_wconf 85' lang='lat' dir='ltr'><strong>Diodorum</strong></span> <span class='ocrx_word' id='word_1_224' title='bbox 993 1489 1024 1508; x_wconf 90' lang='lat' dir='ltr'><strong>ac</strong></span> <span class='ocrx_word' id='word_1_225' title='bbox 1044 1480 1209 1508; x_wconf 87' lang='lat' dir='ltr'><strong>Theodorum</strong></span> <span class='ocrx_word' id='word_1_226' title='bbox 1227 1481 1361 1516; x_wconf 80' lang='lat' dir='ltr'><strong>reliquias.</strong></span> <span class='ocrx_word' id='word_1_227' title='bbox 1376 1480 1439 1507; x_wconf 88' lang='lat' dir='ltr'><strong>Jam</strong></span> <span class='ocrx_word' id='word_1_228' title='bbox 1453 1489 1512 1507; x_wconf 75' lang='lat' dir='ltr'><strong>vero</strong></span> <span class='ocrx_word' id='word_1_229' title='bbox 1528 1481 1596 1507; x_wconf 88' lang='lat' dir='ltr'><strong>inter</strong></span> <span class='ocrx_word' id='word_1_230' title='bbox 1611 1481 1698 1514; x_wconf 87' lang='lat' dir='ltr'><strong>prima</strong></span> <span class='ocrx_word' id='word_1_231' title='bbox 1718 1480 1767 1507; x_wconf 88' lang='lat' dir='ltr'><strong>illa</strong></span> <span class='ocrx_word' id='word_1_232' title='bbox 1778 1500 1786 1512; x_wconf 87' lang='grc'><em>,</em></span> <span class='ocrx_word' id='word_1_233' title='bbox 1801 1488 1859 1515; x_wconf 69' lang='lat' dir='ltr'><strong>qui:</strong></span> 
     </span>
    </p>
   </div>
   <div class='ocr_carea' id='block_1_34' title="bbox 230 1527 1859 1563">
    <p class='ocr_par' dir='ltr' id='par_1_34' title="bbox 230 1527 1859 1563">
     <span class='ocr_line' id='line_1_35' title="bbox 230 1527 1859 1563; baseline -0.003 -4"><span class='ocrx_word' id='word_1_234' title='bbox 230 1531 382 1563; x_wconf 80' lang='lat' dir='ltr'><strong>memoravi,</strong></span> <span class='ocrx_word' id='word_1_235' title='bbox 397 1530 478 1557; x_wconf 87' lang='lat' dir='ltr'><strong>codex</strong></span> <span class='ocrx_word' id='word_1_236' title='bbox 498 1529 640 1556; x_wconf 81' lang='lat' dir='ltr'><strong>Vaticanus</strong></span> <span class='ocrx_word' id='word_1_237' title='bbox 651 1527 782 1556; x_wconf 85' lang='lat' dir='ltr'><strong>Arabicus</strong></span> <span class='ocrx_word' id='word_1_238' title='bbox 800 1528 848 1555; x_wconf 78' lang='grc'><strong>101</strong></span> <span class='ocrx_word' id='word_1_239' title='bbox 867 1527 962 1555; x_wconf 88' lang='lat' dir='ltr'><strong>bonam</strong></span> <span class='ocrx_word' id='word_1_240' title='bbox 978 1528 1044 1555; x_wconf 86' lang='lat' dir='ltr'><strong>mihi</strong></span> <span class='ocrx_word' id='word_1_241' title='bbox 1060 1528 1220 1563; x_wconf 74' lang='lat' dir='ltr'><strong>particulam</strong></span> <span class='ocrx_word' id='word_1_242' title='bbox 1233 1527 1443 1562; x_wconf 74' lang='lat' dir='ltr'><strong>suppeditavere!</strong></span> <span class='ocrx_word' id='word_1_243' title='bbox 1466 1527 1592 1554; x_wconf 79' lang='lat' dir='ltr'><strong>sermonis</strong></span> <span class='ocrx_word' id='word_1_244' title='bbox 1606 1527 1691 1554; x_wconf 87' lang='lat' dir='ltr'><strong>sancti</strong></span> <span class='ocrx_word' id='word_1_245' title='bbox 1710 1527 1859 1554; x_wconf 74' lang='lat' dir='ltr'><strong>Alexandri</strong></span> 
     </span>
    </p>
   </div>
   <div class='ocr_carea' id='block_1_35' title="bbox 229 1573 1858 1612">
    <p class='ocr_par' dir='ltr' id='par_1_35' title="bbox 229 1573 1858 1612">
     <span class='ocr_line' id='line_1_36' title="bbox 229 1573 1858 1612; baseline -0.003 -7"><span class='ocrx_word' id='word_1_246' title='bbox 229 1577 387 1612; x_wconf 68' lang='lat' dir='ltr'><strong>patriarcha</strong></span> <span class='ocrx_word' id='word_1_247' title='bbox 402 1575 577 1603; x_wconf 78' lang='lat' dir='ltr'><strong>Alexandrini</strong></span> <span class='ocrx_word' id='word_1_248' title='bbox 591 1575 646 1611; x_wconf 75' lang='lat'><strong>(1);</strong></span> <span class='ocrx_word' id='word_1_249' title='bbox 666 1583 741 1610; x_wconf 86' lang='lat' dir='ltr'><strong>quem</strong></span> <span class='ocrx_word' id='word_1_250' title='bbox 753 1582 897 1602; x_wconf 86' lang='lat' dir='ltr'><strong>sermonem</strong></span> <span class='ocrx_word' id='word_1_251' title='bbox 908 1573 1001 1601; x_wconf 86' lang='lat' dir='ltr'><strong>deinde</strong></span> <span class='ocrx_word' id='word_1_252' title='bbox 1014 1573 1143 1608; x_wconf 82' lang='lat' dir='ltr'><strong>integrum</strong></span> <span class='ocrx_word' id='word_1_253' title='bbox 1154 1574 1181 1601; x_wconf 88' lang='lat' dir='ltr'><strong>in</strong></span> <span class='ocrx_word' id='word_1_254' title='bbox 1197 1573 1308 1608; x_wconf 87' lang='lat' dir='ltr'><strong>Syriaco</strong></span> <span class='ocrx_word' id='word_1_255' title='bbox 1323 1578 1376 1600; x_wconf 83' lang='lat' dir='ltr'><strong>vat.</strong></span> <span class='ocrx_word' id='word_1_256' title='bbox 1394 1573 1482 1601; x_wconf 85' lang='lat' dir='ltr'><strong>codice</strong></span> <span class='ocrx_word' id='word_1_257' title='bbox 1496 1573 1548 1601; x_wconf 83' lang='grc'><strong>568</strong></span> <span class='ocrx_word' id='word_1_258' title='bbox 1562 1579 1655 1601; x_wconf 86' lang='lat' dir='ltr'><strong>nactus</strong></span> <span class='ocrx_word' id='word_1_259' title='bbox 1667 1583 1737 1604; x_wconf 87' lang='lat' dir='ltr'><strong>sum.</strong></span> <span class='ocrx_word' id='word_1_260' title='bbox 1752 1574 1780 1600; x_wconf 86' lang='lat' dir='ltr'><strong>id</strong></span> <span class='ocrx_word' id='word_1_261' title='bbox 1789 1575 1858 1609; x_wconf 88' lang='lat' dir='ltr'><strong>quod</strong></span> 
     </span>
    </p>
   </div>
   <div class='ocr_carea' id='block_1_36' title="bbox 229 1620 1857 1659">
    <p class='ocr_par' dir='ltr' id='par_1_36' title="bbox 229 1620 1857 1659">
     <span class='ocr_line' id='line_1_37' title="bbox 229 1620 1857 1659; baseline -0.003 -6"><span class='ocrx_word' id='word_1_262' title='bbox 229 1626 293 1653; x_wconf 88' lang='lat' dir='ltr'><strong>olim</strong></span> <span class='ocrx_word' id='word_1_263' title='bbox 309 1625 336 1652; x_wconf 92' lang='lat' dir='ltr'><strong>in</strong></span> <span class='ocrx_word' id='word_1_264' title='bbox 352 1624 522 1659; x_wconf 83' lang='lat' dir='ltr'><strong>Scriptorum</strong></span> <span class='ocrx_word' id='word_1_265' title='bbox 536 1627 589 1651; x_wconf 84' lang='lat' dir='ltr'><strong>vet.</strong></span> <span class='ocrx_word' id='word_1_266' title='bbox 605 1628 668 1651; x_wconf 90' lang='lat' dir='ltr'><strong>tom.</strong></span> <span class='ocrx_word' id='word_1_267' title='bbox 687 1623 708 1650; x_wconf 88' lang='lat' dir='ltr'><strong><em>V</em></strong></span> <span class='ocrx_word' id='word_1_268' title='bbox 718 1643 724 1655; x_wconf 92' lang='lat'><strong>,</strong></span> <span class='ocrx_word' id='word_1_269' title='bbox 740 1631 765 1657; x_wconf 89' lang='lat' dir='ltr'><strong>p.</strong></span> <span class='ocrx_word' id='word_1_270' title='bbox 782 1622 827 1654; x_wconf 69' lang='grc'><strong>42,</strong></span> <span class='ocrx_word' id='word_1_271' title='bbox 842 1621 999 1657; x_wconf 79' lang='lat' dir='ltr'><strong>signiﬁcavi.</strong></span> <span class='ocrx_word' id='word_1_272' title='bbox 1016 1620 1095 1648; x_wconf 84' lang='lat' dir='ltr'><strong>Nunc</strong></span> <span class='ocrx_word' id='word_1_273' title='bbox 1108 1629 1166 1647; x_wconf 89' lang='lat' dir='ltr'><strong>ecce</strong></span> <span class='ocrx_word' id='word_1_274' title='bbox 1179 1626 1236 1654; x_wconf 86' lang='lat' dir='ltr'><strong>post</strong></span> <span class='ocrx_word' id='word_1_275' title='bbox 1250 1621 1425 1648; x_wconf 73' lang='lat' dir='ltr'><strong>Alexandrini</strong></span> <span class='ocrx_word' id='word_1_276' title='bbox 1441 1620 1538 1657; x_wconf 79' lang='lat' dir='ltr'><strong>Cyrilli</strong></span> <span class='ocrx_word' id='word_1_277' title='bbox 1561 1621 1653 1649; x_wconf 66' lang='grc' dir='ltr'><strong>(ἓν-αισα</strong></span> <span class='ocrx_word' id='word_1_278' title='bbox 1670 1622 1783 1656; x_wconf 87' lang='lat' dir='ltr'><strong>scripta,</strong></span> <span class='ocrx_word' id='word_1_279' title='bbox 1801 1630 1857 1649; x_wconf 81' lang='lat' dir='ltr'><strong>ser-</strong></span> 
     </span>
    </p>
   </div>
   <div class='ocr_carea' id='block_1_37' title="bbox 230 1667 1855 1706">
    <p class='ocr_par' dir='ltr' id='par_1_37' title="bbox 230 1667 1855 1706">
     <span class='ocr_line' id='line_1_38' title="bbox 230 1667 1855 1706; baseline -0.002 -6"><span class='ocrx_word' id='word_1_280' title='bbox 230 1681 331 1703; x_wconf 84' lang='lat' dir='ltr'><strong>manem</strong></span> <span class='ocrx_word' id='word_1_281' title='bbox 343 1673 410 1699; x_wconf 86' lang='lat' dir='ltr'><strong>hunc</strong></span> <span class='ocrx_word' id='word_1_282' title='bbox 420 1671 594 1699; x_wconf 71' lang='lat' dir='ltr'><strong>Alexandrini</strong></span> <span class='ocrx_word' id='word_1_283' title='bbox 606 1671 714 1706; x_wconf 79' lang='lat' dir='ltr'><strong>Syriace</strong></span> <span class='ocrx_word' id='word_1_284' title='bbox 730 1670 809 1697; x_wconf 80' lang='lat' dir='ltr'><strong>simul</strong></span> <span class='ocrx_word' id='word_1_285' title='bbox 822 1674 899 1705; x_wconf 89' lang='lat' dir='ltr'><strong>atque</strong></span> <span class='ocrx_word' id='word_1_286' title='bbox 913 1668 1007 1696; x_wconf 88' lang='lat' dir='ltr'><strong>Latine</strong></span> <span class='ocrx_word' id='word_1_287' title='bbox 1023 1667 1244 1703; x_wconf 85' lang='lat' dir='ltr'><strong>(quandoquidem</strong></span> <span class='ocrx_word' id='word_1_288' title='bbox 1259 1668 1352 1696; x_wconf 73' lang='lat' dir='ltr'><strong>Crwca</strong></span> <span class='ocrx_word' id='word_1_289' title='bbox 1365 1669 1443 1696; x_wconf 78' lang='lat' dir='ltr'><strong>verba</strong></span> <span class='ocrx_word' id='word_1_290' title='bbox 1455 1669 1657 1703; x_wconf 82' lang='lat' dir='ltr'><strong>desideramus),</strong></span> <span class='ocrx_word' id='word_1_291' title='bbox 1671 1677 1780 1704; x_wconf 85' lang='lat' dir='ltr'><strong>operam</strong></span> <span class='ocrx_word' id='word_1_292' title='bbox 1792 1671 1855 1696; x_wconf 83' lang='lat' dir='ltr'><strong>mihi</strong></span> 
     </span>
    </p>
   </div>
   <div class='ocr_carea' id='block_1_38' title="bbox 229 1713 1858 1748">
    <p class='ocr_par' dir='ltr' id='par_1_38' title="bbox 229 1713 1858 1748">
     <span class='ocr_line' id='line_1_39' title="bbox 229 1713 1858 1748; baseline -0.003 -1"><span class='ocrx_word' id='word_1_293' title='bbox 229 1728 306 1748; x_wconf 87' lang='lat' dir='ltr'><strong>suam</strong></span> <span class='ocrx_word' id='word_1_294' title='bbox 318 1718 542 1746; x_wconf 87' lang='lat' dir='ltr'><strong>commodantibus</strong></span> <span class='ocrx_word' id='word_1_295' title='bbox 562 1716 689 1743; x_wconf 72' lang='lat' dir='ltr'><strong>Matt/nea</strong></span> <span class='ocrx_word' id='word_1_296' title='bbox 708 1715 859 1743; x_wconf 81' lang='lat' dir='ltr'><strong>Scia/tuane</strong></span> <span class='ocrx_word' id='word_1_297' title='bbox 873 1719 898 1742; x_wconf 92' lang='lat' dir='ltr'><strong>et</strong></span> <span class='ocrx_word' id='word_1_298' title='bbox 913 1714 1058 1741; x_wconf 84' lang='lat' dir='ltr'><strong>Francisco</strong></span> <span class='ocrx_word' id='word_1_299' title='bbox 1075 1713 1225 1748; x_wconf 75' lang='lat' dir='ltr'><strong>Mehasebo,</strong></span> <span class='ocrx_word' id='word_1_300' title='bbox 1238 1713 1380 1742; x_wconf 80' lang='lat' dir='ltr'><strong>Maronitis</strong></span> <span class='ocrx_word' id='word_1_301' title='bbox 1393 1714 1594 1742; x_wconf 72' lang='lat' dir='ltr'><strong>litteratissimi:</strong></span> <span class='ocrx_word' id='word_1_302' title='bbox 1609 1735 1616 1747; x_wconf 85' lang='lat'><strong>,</strong></span> <span class='ocrx_word' id='word_1_303' title='bbox 1639 1715 1668 1742; x_wconf 88' lang='lat' dir='ltr'><strong>in</strong></span> <span class='ocrx_word' id='word_1_304' title='bbox 1687 1715 1773 1742; x_wconf 81' lang='lat' dir='ltr'><strong>lucem</strong></span> <span class='ocrx_word' id='word_1_305' title='bbox 1788 1716 1858 1742; x_wconf 71' lang='lat' dir='ltr'><strong>exire</strong></span> 
     </span>
    </p>
   </div>
   <div class='ocr_carea' id='block_1_39' title="bbox 229 1759 1443 1800">
    <p class='ocr_par' dir='ltr' id='par_1_39' title="bbox 229 1759 1443 1800">
     <span class='ocr_line' id='line_1_40' title="bbox 229 1759 1443 1800; baseline -0.004 -7"><span class='ocrx_word' id='word_1_306' title='bbox 229 1766 316 1800; x_wconf 76' lang='lat' dir='ltr'><strong>iubeo,</strong></span> <span class='ocrx_word' id='word_1_307' title='bbox 332 1773 363 1792; x_wconf 90' lang='lat' dir='ltr'><strong>ne</strong></span> <span class='ocrx_word' id='word_1_308' title='bbox 374 1769 456 1791; x_wconf 67' lang='lat' dir='ltr'><strong>tanta</strong></span> <span class='ocrx_word' id='word_1_309' title='bbox 470 1763 648 1798; x_wconf 80' lang='lat' dir='ltr'><strong>antiquitatis,</strong></span> <span class='ocrx_word' id='word_1_310' title='bbox 664 1761 833 1789; x_wconf 84' lang='lat' dir='ltr'><strong>auctoritatis</strong></span> <span class='ocrx_word' id='word_1_311' title='bbox 846 1761 976 1796; x_wconf 65' lang='lat' dir='ltr'><strong>famaeque</strong></span> <span class='ocrx_word' id='word_1_312' title='bbox 990 1760 1103 1795; x_wconf 86' lang='lat' dir='ltr'><strong>episcopi</strong></span> <span class='ocrx_word' id='word_1_313' title='bbox 1115 1759 1216 1788; x_wconf 81' lang='lat' dir='ltr'><strong>diutius</strong></span> <span class='ocrx_word' id='word_1_314' title='bbox 1232 1769 1261 1788; x_wconf 87' lang='lat' dir='ltr'><strong>os</strong></span> <span class='ocrx_word' id='word_1_315' title='bbox 1276 1761 1443 1788; x_wconf 85' lang='lat' dir='ltr'><strong>canticescat.</strong></span> 
     </span>
    </p>
   </div>
   <div class='ocr_carea' id='block_1_40' title="bbox 267 1801 1857 1843">
    <p class='ocr_par' dir='ltr' id='par_1_40' title="bbox 267 1801 1857 1843">
     <span class='ocr_line' id='line_1_41' title="bbox 267 1801 1857 1843; baseline -0.004 -3"><span class='ocrx_word' id='word_1_316' title='bbox 267 1812 351 1839; x_wconf 89' lang='lat' dir='ltr'><strong>Porro</strong></span> <span class='ocrx_word' id='word_1_317' title='bbox 363 1812 401 1839; x_wconf 88' lang='lat' dir='ltr'><strong>rei</strong></span> <span class='ocrx_word' id='word_1_318' title='bbox 417 1818 484 1838; x_wconf 77' lang='lat' dir='ltr'><strong>verte</strong></span> <span class='ocrx_word' id='word_1_319' title='bbox 499 1809 648 1837; x_wconf 86' lang='lat' dir='ltr'><strong>testimonia</strong></span> <span class='ocrx_word' id='word_1_320' title='bbox 661 1801 740 1842; x_wconf 65' lang='lat' dir='ltr'><strong>sunt,</strong></span> <span class='ocrx_word' id='word_1_321' title='bbox 762 1808 848 1842; x_wconf 87' lang='lat' dir='ltr'><strong>prima</strong></span> <span class='ocrx_word' id='word_1_322' title='bbox 870 1807 974 1843; x_wconf 87' lang='lat' dir='ltr'><strong>quidem</strong></span> <span class='ocrx_word' id='word_1_323' title='bbox 999 1806 1148 1842; x_wconf 80' lang='lat' dir='ltr'><strong>fragmenta</strong></span> <span class='ocrx_word' id='word_1_324' title='bbox 1161 1807 1211 1834; x_wconf 90' lang='lat' dir='ltr'><strong>illa</strong></span> <span class='ocrx_word' id='word_1_325' title='bbox 1223 1815 1256 1834; x_wconf 78' lang='lat' dir='ltr'><strong>ex</strong></span> <span class='ocrx_word' id='word_1_326' title='bbox 1268 1807 1357 1835; x_wconf 87' lang='lat' dir='ltr'><strong>codice</strong></span> <span class='ocrx_word' id='word_1_327' title='bbox 1373 1807 1497 1840; x_wconf 87' lang='lat' dir='ltr'><strong>Arabico,</strong></span> <span class='ocrx_word' id='word_1_328' title='bbox 1515 1816 1574 1843; x_wconf 81' lang='lat' dir='ltr'><strong>qua:</strong></span> <span class='ocrx_word' id='word_1_329' title='bbox 1589 1807 1739 1835; x_wconf 75' lang='lat' dir='ltr'><strong>Alexandri</strong></span> <span class='ocrx_word' id='word_1_330' title='bbox 1756 1809 1857 1835; x_wconf 87' lang='lat' dir='ltr'><strong>archie-</strong></span> 
     </span>
    </p>
   </div>
   <div class='ocr_carea' id='block_1_41' title="bbox 228 1853 1857 1895">
    <p class='ocr_par' dir='ltr' id='par_1_41' title="bbox 228 1853 1857 1895">
     <span class='ocr_line' id='line_1_42' title="bbox 228 1853 1857 1895; baseline -0.005 -7"><span class='ocrx_word' id='word_1_331' title='bbox 228 1860 328 1895; x_wconf 88' lang='lat' dir='ltr'><strong>piscopi</strong></span> <span class='ocrx_word' id='word_1_332' title='bbox 338 1857 512 1886; x_wconf 72' lang='lat' dir='ltr'><strong>Alexandrini</strong></span> <span class='ocrx_word' id='word_1_333' title='bbox 529 1864 623 1884; x_wconf 87' lang='lat' dir='ltr'><strong>nomen</strong></span> <span class='ocrx_word' id='word_1_334' title='bbox 637 1860 730 1891; x_wconf 87' lang='lat' dir='ltr'><strong>gerunt</strong></span> <span class='ocrx_word' id='word_1_335' title='bbox 742 1854 849 1890; x_wconf 90' lang='lat' dir='ltr'><strong>(Spicil.</strong></span> <span class='ocrx_word' id='word_1_336' title='bbox 865 1854 959 1888; x_wconf 77' lang='lat' dir='ltr'><strong>Rom.,</strong></span> <span class='ocrx_word' id='word_1_337' title='bbox 975 1860 995 1882; x_wconf 93' lang='lat' dir='ltr'><strong>t.</strong></span> <span class='ocrx_word' id='word_1_338' title='bbox 1016 1853 1076 1887; x_wconf 85' lang='grc' dir='ltr'><strong><em>ΙΙΙ,</em></strong></span> <span class='ocrx_word' id='word_1_339' title='bbox 1091 1863 1118 1888; x_wconf 91' lang='lat' dir='ltr'><strong>p.</strong></span> <span class='ocrx_word' id='word_1_340' title='bbox 1134 1855 1209 1891; x_wconf 84' lang='lat'><strong>699),</strong></span> <span class='ocrx_word' id='word_1_341' title='bbox 1225 1863 1332 1891; x_wconf 73' lang='lat' dir='ltr'><strong>quicque</strong></span> <span class='ocrx_word' id='word_1_342' title='bbox 1351 1855 1378 1882; x_wconf 90' lang='lat' dir='ltr'><strong>in</strong></span> <span class='ocrx_word' id='word_1_343' title='bbox 1392 1855 1491 1890; x_wconf 86' lang='lat' dir='ltr'><strong>integro</strong></span> <span class='ocrx_word' id='word_1_344' title='bbox 1505 1863 1624 1882; x_wconf 76' lang='lat' dir='ltr'><strong>sermone</strong></span> <span class='ocrx_word' id='word_1_345' title='bbox 1644 1854 1730 1882; x_wconf 86' lang='lat' dir='ltr'><strong>eidem</strong></span> <span class='ocrx_word' id='word_1_346' title='bbox 1756 1854 1857 1882; x_wconf 85' lang='lat' dir='ltr'><strong>auctori</strong></span> 
     </span>
    </p>
   </div>
   <div class='ocr_carea' id='block_1_42' title="bbox 229 1900 1855 1940">
    <p class='ocr_par' dir='ltr' id='par_1_42' title="bbox 229 1900 1855 1940">
     <span class='ocr_line' id='line_1_43' title="bbox 229 1900 1855 1940; baseline -0.004 -6"><span class='ocrx_word' id='word_1_347' title='bbox 229 1907 367 1940; x_wconf 86' lang='lat' dir='ltr'><strong>inscripto,</strong></span> <span class='ocrx_word' id='word_1_348' title='bbox 383 1912 451 1933; x_wconf 86' lang='lat' dir='ltr'><strong>nunc</strong></span> <span class='ocrx_word' id='word_1_349' title='bbox 467 1904 522 1931; x_wconf 84' lang='lat' dir='ltr'><strong>suis</strong></span> <span class='ocrx_word' id='word_1_350' title='bbox 537 1903 649 1930; x_wconf 89' lang='lat' dir='ltr'><strong>recitata</strong></span> <span class='ocrx_word' id='word_1_351' title='bbox 663 1901 727 1928; x_wconf 88' lang='lat' dir='ltr'><strong>locis</strong></span> <span class='ocrx_word' id='word_1_352' title='bbox 742 1901 860 1929; x_wconf 83' lang='lat' dir='ltr'><strong>serialim</strong></span> <span class='ocrx_word' id='word_1_353' title='bbox 874 1905 1010 1935; x_wconf 88' lang='lat' dir='ltr'><strong>apparent.</strong></span> <span class='ocrx_word' id='word_1_354' title='bbox 1031 1900 1132 1929; x_wconf 88' lang='lat' dir='ltr'><strong>Deinde</strong></span> <span class='ocrx_word' id='word_1_355' title='bbox 1147 1901 1304 1929; x_wconf 88' lang='lat' dir='ltr'><strong>Sabariesus</strong></span> <span class='ocrx_word' id='word_1_356' title='bbox 1322 1901 1406 1936; x_wconf 79' lang='lat' dir='ltr'><strong>Syrus</strong></span> <span class='ocrx_word' id='word_1_357' title='bbox 1419 1905 1511 1928; x_wconf 75' lang='lat' dir='ltr'><strong>auctor</strong></span> <span class='ocrx_word' id='word_1_358' title='bbox 1522 1901 1592 1936; x_wconf 89' lang='lat' dir='ltr'><strong>apud</strong></span> <span class='ocrx_word' id='word_1_359' title='bbox 1602 1901 1780 1928; x_wconf 88' lang='lat' dir='ltr'><strong>Assemanum</strong></span> <span class='ocrx_word' id='word_1_360' title='bbox 1796 1901 1855 1928; x_wconf 90' lang='lat' dir='ltr'><strong>Bib.</strong></span> 
     </span>
    </p>
   </div>
   <div class='ocr_carea' id='block_1_43' title="bbox 229 1946 1857 1985">
    <p class='ocr_par' dir='ltr' id='par_1_43' title="bbox 229 1946 1857 1985">
     <span class='ocr_line' id='line_1_44' title="bbox 229 1946 1857 1985; baseline -0.003 -6"><span class='ocrx_word' id='word_1_361' title='bbox 229 1960 270 1980; x_wconf 88' lang='lat' dir='ltr'><strong>or.</strong></span> <span class='ocrx_word' id='word_1_362' title='bbox 287 1955 306 1979; x_wconf 89' lang='lat' dir='ltr'><strong>t.</strong></span> <span class='ocrx_word' id='word_1_363' title='bbox 322 1950 351 1978; x_wconf 87' lang='grc' dir='ltr'><strong>ΙΙ</strong></span> <span class='ocrx_word' id='word_1_364' title='bbox 357 1950 382 1984; x_wconf 87' lang='grc'><strong>1,</strong></span> <span class='ocrx_word' id='word_1_365' title='bbox 394 1958 420 1985; x_wconf 88' lang='lat' dir='ltr'><strong>p.</strong></span> <span class='ocrx_word' id='word_1_366' title='bbox 432 1950 494 1982; x_wconf 71' lang='grc'><strong>545,</strong></span> <span class='ocrx_word' id='word_1_367' title='bbox 506 1949 601 1983; x_wconf 83' lang='lat' dir='ltr'><strong>recitat</strong></span> <span class='ocrx_word' id='word_1_368' title='bbox 621 1956 653 1975; x_wconf 87' lang='lat' dir='ltr'><strong>ex</strong></span> <span class='ocrx_word' id='word_1_369' title='bbox 668 1947 802 1982; x_wconf 70' lang='lat' dir='ltr'><strong>Maca/fici</strong></span> <span class='ocrx_word' id='word_1_370' title='bbox 816 1947 939 1974; x_wconf 86' lang='lat' dir='ltr'><strong>chronica</strong></span> <span class='ocrx_word' id='word_1_371' title='bbox 954 1947 1080 1982; x_wconf 85' lang='lat' dir='ltr'><strong>Arabico,</strong></span> <span class='ocrx_word' id='word_1_372' title='bbox 1091 1948 1239 1976; x_wconf 88' lang='lat' dir='ltr'><strong>Alexandri</strong></span> <span class='ocrx_word' id='word_1_373' title='bbox 1251 1949 1337 1976; x_wconf 85' lang='lat' dir='ltr'><strong>nostri</strong></span> <span class='ocrx_word' id='word_1_374' title='bbox 1352 1948 1545 1984; x_wconf 80' lang='lat' dir='ltr'><strong>fragmentum,</strong></span> <span class='ocrx_word' id='word_1_375' title='bbox 1563 1947 1632 1983; x_wconf 92' lang='lat' dir='ltr'><strong>quod</strong></span> <span class='ocrx_word' id='word_1_376' title='bbox 1645 1948 1747 1982; x_wconf 88' lang='lat' dir='ltr'><strong>pariter</strong></span> <span class='ocrx_word' id='word_1_377' title='bbox 1761 1946 1857 1983; x_wconf 88' lang='lat' dir='ltr'><strong>(mira-</strong></span> 
     </span>
    </p>
   </div>
   <div class='ocr_carea' id='block_1_44' title="bbox 231 1994 1856 2034">
    <p class='ocr_par' dir='ltr' id='par_1_44' title="bbox 231 1994 1856 2034">
     <span class='ocr_line' id='line_1_45' title="bbox 231 1994 1856 2034; baseline -0.003 -9"><span class='ocrx_word' id='word_1_378' title='bbox 231 1998 281 2025; x_wconf 88' lang='lat' dir='ltr'><strong>bile</strong></span> <span class='ocrx_word' id='word_1_379' title='bbox 294 1998 395 2034; x_wconf 78' lang='lat' dir='ltr'><strong>dictu!)</strong></span> <span class='ocrx_word' id='word_1_380' title='bbox 411 1999 438 2025; x_wconf 89' lang='lat' dir='ltr'><strong>in</strong></span> <span class='ocrx_word' id='word_1_381' title='bbox 451 2005 569 2025; x_wconf 90' lang='lat' dir='ltr'><strong>sermone</strong></span> <span class='ocrx_word' id='word_1_382' title='bbox 584 1996 684 2031; x_wconf 88' lang='lat' dir='ltr'><strong>integro</strong></span> <span class='ocrx_word' id='word_1_383' title='bbox 699 1999 789 2022; x_wconf 88' lang='lat' dir='ltr'><strong>nostro</strong></span> <span class='ocrx_word' id='word_1_384' title='bbox 809 2003 836 2022; x_wconf 85' lang='grc' dir='ltr'><strong>η.</strong></span> <span class='ocrx_word' id='word_1_385' title='bbox 853 1995 871 2022; x_wconf 82' lang='grc'>5</span> <span class='ocrx_word' id='word_1_386' title='bbox 895 1995 1019 2022; x_wconf 88' lang='lat' dir='ltr'><strong>occurrit.</strong></span> <span class='ocrx_word' id='word_1_387' title='bbox 1050 1995 1208 2032; x_wconf 84' lang='lat' dir='ltr'><strong>Quanquam</strong></span> <span class='ocrx_word' id='word_1_388' title='bbox 1231 2004 1291 2024; x_wconf 71' lang='lat' dir='ltr'><strong>uero</strong></span> <span class='ocrx_word' id='word_1_389' title='bbox 1311 1995 1467 2031; x_wconf 71' lang='lat' dir='ltr'><strong>Maca/ficus</strong></span> <span class='ocrx_word' id='word_1_390' title='bbox 1483 1995 1666 2022; x_wconf 83' lang='lat' dir='ltr'><strong>Alexandrum</strong></span> <span class='ocrx_word' id='word_1_391' title='bbox 1679 1994 1744 2021; x_wconf 87' lang='lat' dir='ltr'><strong>dicit</strong></span> <span class='ocrx_word' id='word_1_392' title='bbox 1760 2002 1856 2029; x_wconf 81' lang='lat' dir='ltr'><strong>papam</strong></span> 
     </span>
    </p>
   </div>
   <div class='ocr_carea' id='block_1_45' title="bbox 229 2039 1855 2078">
    <p class='ocr_par' dir='ltr' id='par_1_45' title="bbox 229 2039 1855 2078">
     <span class='ocr_line' id='line_1_46' title="bbox 229 2039 1855 2078; baseline -0.003 -7"><span class='ocrx_word' id='word_1_393' title='bbox 229 2043 394 2077; x_wconf 79' lang='lat' dir='ltr'><strong>Romanum,</strong></span> <span class='ocrx_word' id='word_1_394' title='bbox 410 2043 433 2070; x_wconf 89' lang='lat' dir='ltr'><strong>is</strong></span> <span class='ocrx_word' id='word_1_395' title='bbox 454 2041 559 2078; x_wconf 87' lang='lat' dir='ltr'><strong>quidem</strong></span> <span class='ocrx_word' id='word_1_396' title='bbox 574 2040 731 2075; x_wconf 80' lang='lat' dir='ltr'><strong>manifestus</strong></span> <span class='ocrx_word' id='word_1_397' title='bbox 741 2048 816 2067; x_wconf 89' lang='lat' dir='ltr'><strong>error</strong></span> <span class='ocrx_word' id='word_1_398' title='bbox 830 2039 862 2067; x_wconf 89' lang='lat' dir='ltr'><strong>ab</strong></span> <span class='ocrx_word' id='word_1_399' title='bbox 872 2039 1019 2067; x_wconf 83' lang='lat' dir='ltr'><strong>Assemano</strong></span> <span class='ocrx_word' id='word_1_400' title='bbox 1030 2040 1057 2068; x_wconf 87' lang='lat' dir='ltr'><strong>in</strong></span> <span class='ocrx_word' id='word_1_401' title='bbox 1069 2041 1155 2068; x_wconf 85' lang='lat' dir='ltr'><strong>indice</strong></span> <span class='ocrx_word' id='word_1_402' title='bbox 1174 2049 1201 2076; x_wconf 88' lang='lat' dir='ltr'><strong>p.</strong></span> <span class='ocrx_word' id='word_1_403' title='bbox 1219 2041 1271 2069; x_wconf 83' lang='lat'><strong>658</strong></span> <span class='ocrx_word' id='word_1_404' title='bbox 1286 2047 1354 2069; x_wconf 90' lang='lat' dir='ltr'><strong>recte</strong></span> <span class='ocrx_word' id='word_1_405' title='bbox 1373 2042 1526 2076; x_wconf 81' lang='lat' dir='ltr'><strong>corrigitur,</strong></span> <span class='ocrx_word' id='word_1_406' title='bbox 1542 2041 1586 2076; x_wconf 88' lang='lat' dir='ltr'><strong>qui</strong></span> <span class='ocrx_word' id='word_1_407' title='bbox 1611 2040 1748 2076; x_wconf 83' lang='lat' dir='ltr'><strong>legendum</strong></span> <span class='ocrx_word' id='word_1_408' title='bbox 1761 2039 1855 2067; x_wconf 79' lang='lat' dir='ltr'><strong>suadet</strong></span> 
     </span>
    </p>
   </div>
   <div class='ocr_carea' id='block_1_46' title="bbox 228 2085 1857 2124">
    <p class='ocr_par' dir='ltr' id='par_1_46' title="bbox 228 2085 1857 2124">
     <span class='ocr_line' id='line_1_47' title="bbox 228 2085 1857 2124; baseline -0.004 -5"><span class='ocrx_word' id='word_1_409' title='bbox 228 2089 453 2119; x_wconf 82' lang='lat' dir='ltr'><strong>Alexandrinum.</strong></span> <span class='ocrx_word' id='word_1_410' title='bbox 469 2087 569 2116; x_wconf 86' lang='lat' dir='ltr'><strong>Deinde</strong></span> <span class='ocrx_word' id='word_1_411' title='bbox 585 2087 771 2124; x_wconf 60' lang='lat' dir='ltr'><strong>(praeterquam</strong></span> <span class='ocrx_word' id='word_1_412' title='bbox 786 2086 855 2122; x_wconf 86' lang='lat' dir='ltr'><strong>quod</strong></span> <span class='ocrx_word' id='word_1_413' title='bbox 873 2085 1047 2114; x_wconf 77' lang='lat' dir='ltr'><strong>scribentibus</strong></span> <span class='ocrx_word' id='word_1_414' title='bbox 1059 2087 1154 2114; x_wconf 87' lang='lat' dir='ltr'><strong>menda</strong></span> <span class='ocrx_word' id='word_1_415' title='bbox 1171 2087 1256 2114; x_wconf 81' lang='lat' dir='ltr'><strong>multa</strong></span> <span class='ocrx_word' id='word_1_416' title='bbox 1268 2086 1389 2122; x_wconf 83' lang='lat' dir='ltr'><strong>obrepere</strong></span> <span class='ocrx_word' id='word_1_417' title='bbox 1402 2088 1498 2122; x_wconf 85' lang='lat' dir='ltr'><strong>solent)</strong></span> <span class='ocrx_word' id='word_1_418' title='bbox 1510 2087 1548 2114; x_wconf 86' lang='lat' dir='ltr'><strong>rei</strong></span> <span class='ocrx_word' id='word_1_419' title='bbox 1566 2085 1703 2113; x_wconf 79' lang='lat' dir='ltr'><strong>ueritatem</strong></span> <span class='ocrx_word' id='word_1_420' title='bbox 1719 2094 1790 2113; x_wconf 89' lang='lat' dir='ltr'><strong>nunc</strong></span> <span class='ocrx_word' id='word_1_421' title='bbox 1804 2085 1857 2121; x_wconf 80' lang='lat' dir='ltr'><strong>Sy-</strong></span> 
     </span>
    </p>
   </div>
   <div class='ocr_carea' id='block_1_47' title="bbox 229 2133 1854 2170">
    <p class='ocr_par' dir='ltr' id='par_1_47' title="bbox 229 2133 1854 2170">
     <span class='ocr_line' id='line_1_48' title="bbox 229 2133 1854 2170; baseline -0.003 -5"><span class='ocrx_word' id='word_1_422' title='bbox 229 2138 318 2165; x_wconf 87' lang='lat' dir='ltr'><strong>riacus</strong></span> <span class='ocrx_word' id='word_1_423' title='bbox 335 2136 417 2164; x_wconf 77' lang='lat' dir='ltr'><strong>codex</strong></span> <span class='ocrx_word' id='word_1_424' title='bbox 430 2144 477 2164; x_wconf 85' lang='lat' dir='ltr'><strong>nos</strong></span> <span class='ocrx_word' id='word_1_425' title='bbox 493 2135 566 2162; x_wconf 88' lang='lat' dir='ltr'><strong>docet</strong></span> <span class='ocrx_word' id='word_1_426' title='bbox 576 2154 584 2167; x_wconf 92' lang='lat'><strong>,</strong></span> <span class='ocrx_word' id='word_1_427' title='bbox 606 2134 650 2170; x_wconf 88' lang='lat' dir='ltr'><strong>qui</strong></span> <span class='ocrx_word' id='word_1_428' title='bbox 665 2133 818 2161; x_wconf 86' lang='lat' dir='ltr'><strong>Alexandro</strong></span> <span class='ocrx_word' id='word_1_429' title='bbox 832 2134 1020 2162; x_wconf 69' lang='lat' dir='ltr'><strong>Alexandrina:</strong></span> <span class='ocrx_word' id='word_1_430' title='bbox 1035 2135 1108 2163; x_wconf 87' lang='lat' dir='ltr'><strong>urbis</strong></span> <span class='ocrx_word' id='word_1_431' title='bbox 1133 2135 1248 2163; x_wconf 86' lang='lat' dir='ltr'><strong>antistiti</strong></span> <span class='ocrx_word' id='word_1_432' title='bbox 1261 2135 1330 2162; x_wconf 86' lang='lat' dir='ltr'><strong>hunc</strong></span> <span class='ocrx_word' id='word_1_433' title='bbox 1345 2142 1491 2162; x_wconf 83' lang='lat' dir='ltr'><strong>sermonem</strong></span> <span class='ocrx_word' id='word_1_434' title='bbox 1503 2135 1634 2162; x_wconf 86' lang='lat' dir='ltr'><strong>inscribit.</strong></span> <span class='ocrx_word' id='word_1_435' title='bbox 1652 2134 1718 2162; x_wconf 89' lang='lat' dir='ltr'><strong>Tum</strong></span> <span class='ocrx_word' id='word_1_436' title='bbox 1734 2134 1802 2161; x_wconf 86' lang='lat' dir='ltr'><strong>satis</strong></span> <span class='ocrx_word' id='word_1_437' title='bbox 1815 2138 1854 2160; x_wconf 86' lang='lat' dir='ltr'><strong>est</strong></span> 
     </span>
    </p>
   </div>
   <div class='ocr_carea' id='block_1_48' title="bbox 230 2178 1856 2219">
    <p class='ocr_par' dir='ltr' id='par_1_48' title="bbox 230 2178 1856 2219">
     <span class='ocr_line' id='line_1_49' title="bbox 230 2178 1856 2219; baseline -0.004 -7"><span class='ocrx_word' id='word_1_438' title='bbox 230 2184 379 2219; x_wconf 77' lang='lat' dir='ltr'><strong>exploratus</strong></span> <span class='ocrx_word' id='word_1_439' title='bbox 395 2190 451 2209; x_wconf 89' lang='lat' dir='ltr'><strong>mos</strong></span> <span class='ocrx_word' id='word_1_440' title='bbox 468 2179 645 2209; x_wconf 83' lang='lat' dir='ltr'><strong>Orientalium</strong></span> <span class='ocrx_word' id='word_1_441' title='bbox 659 2178 792 2206; x_wconf 87' lang='lat' dir='ltr'><strong>Romanos</strong></span> <span class='ocrx_word' id='word_1_442' title='bbox 809 2179 965 2206; x_wconf 88' lang='lat' dir='ltr'><strong>nominandi</strong></span> <span class='ocrx_word' id='word_1_443' title='bbox 981 2185 1107 2216; x_wconf 88' lang='lat' dir='ltr'><strong>quotquot</strong></span> <span class='ocrx_word' id='word_1_444' title='bbox 1118 2181 1227 2215; x_wconf 88' lang='lat' dir='ltr'><strong>imperio</strong></span> <span class='ocrx_word' id='word_1_445' title='bbox 1244 2179 1361 2207; x_wconf 83' lang='lat' dir='ltr'><strong>Romano</strong></span> <span class='ocrx_word' id='word_1_446' title='bbox 1380 2179 1520 2212; x_wconf 82' lang='lat' dir='ltr'><strong>suberant,</strong></span> <span class='ocrx_word' id='word_1_447' title='bbox 1536 2184 1560 2207; x_wconf 88' lang='lat' dir='ltr'><strong>et</strong></span> <span class='ocrx_word' id='word_1_448' title='bbox 1571 2178 1674 2212; x_wconf 76' lang='lat' dir='ltr'><strong>Grteca,</strong></span> <span class='ocrx_word' id='word_1_449' title='bbox 1693 2180 1789 2207; x_wconf 87' lang='lat' dir='ltr'><strong>nedum</strong></span> <span class='ocrx_word' id='word_1_450' title='bbox 1803 2179 1856 2206; x_wconf 83' lang='lat' dir='ltr'><strong>La-</strong></span> 
     </span>
    </p>
   </div>
   <div class='ocr_carea' id='block_1_49' title="bbox 230 2225 1854 2265">
    <p class='ocr_par' dir='ltr' id='par_1_49' title="bbox 230 2225 1854 2265">
     <span class='ocr_line' id='line_1_50' title="bbox 230 2225 1854 2265; baseline -0.003 -7"><span class='ocrx_word' id='word_1_451' title='bbox 230 2233 296 2263; x_wconf 87' lang='lat' dir='ltr'><strong>tina,</strong></span> <span class='ocrx_word' id='word_1_452' title='bbox 313 2230 403 2265; x_wconf 85' lang='lat' dir='ltr'><strong>lingua</strong></span> <span class='ocrx_word' id='word_1_453' title='bbox 417 2228 569 2255; x_wconf 88' lang='lat' dir='ltr'><strong>utebantur.</strong></span> <span class='ocrx_word' id='word_1_454' title='bbox 586 2226 657 2260; x_wconf 83' lang='lat' dir='ltr'><strong>Quin</strong></span> <span class='ocrx_word' id='word_1_455' title='bbox 673 2230 698 2252; x_wconf 89' lang='lat' dir='ltr'><strong>et</strong></span> <span class='ocrx_word' id='word_1_456' title='bbox 713 2226 798 2260; x_wconf 87' lang='lat' dir='ltr'><strong>ipsum</strong></span> <span class='ocrx_word' id='word_1_457' title='bbox 812 2225 991 2260; x_wconf 76' lang='lat' dir='ltr'><strong>Bgzantinum</strong></span> <span class='ocrx_word' id='word_1_458' title='bbox 1007 2227 1146 2262; x_wconf 85' lang='lat' dir='ltr'><strong>imperium</strong></span> <span class='ocrx_word' id='word_1_459' title='bbox 1159 2232 1310 2255; x_wconf 87' lang='lat' dir='ltr'><strong>constanter</strong></span> <span class='ocrx_word' id='word_1_460' title='bbox 1321 2228 1470 2255; x_wconf 84' lang='lat' dir='ltr'><strong>Romanum</strong></span> <span class='ocrx_word' id='word_1_461' title='bbox 1487 2226 1630 2261; x_wconf 88' lang='lat' dir='ltr'><strong>appellant,</strong></span> <span class='ocrx_word' id='word_1_462' title='bbox 1643 2231 1671 2253; x_wconf 90' lang='lat' dir='ltr'><strong>ut</strong></span> <span class='ocrx_word' id='word_1_463' title='bbox 1686 2226 1739 2261; x_wconf 89' lang='lat' dir='ltr'><strong>ipsi</strong></span> <span class='ocrx_word' id='word_1_464' title='bbox 1754 2235 1854 2262; x_wconf 83' lang='lat' dir='ltr'><strong>quoque</strong></span> 
     </span>
    </p>
   </div>
   <div class='ocr_carea' id='block_1_50' title="bbox 229 2271 1855 2313">
    <p class='ocr_par' dir='ltr' id='par_1_50' title="bbox 229 2271 1855 2313">
     <span class='ocr_line' id='line_1_51' title="bbox 229 2271 1855 2313; baseline -0.002 -8"><span class='ocrx_word' id='word_1_465' title='bbox 229 2276 372 2313; x_wconf 75' lang='lat' dir='ltr'><strong>Byzantini</strong></span> <span class='ocrx_word' id='word_1_466' title='bbox 387 2273 506 2302; x_wconf 82' lang='lat' dir='ltr'><strong>historici</strong></span> <span class='ocrx_word' id='word_1_467' title='bbox 520 2273 612 2304; x_wconf 86' lang='lat' dir='ltr'><strong>solent,</strong></span> <span class='ocrx_word' id='word_1_468' title='bbox 628 2272 674 2308; x_wconf 87' lang='lat' dir='ltr'><strong>qui</strong></span> <span class='ocrx_word' id='word_1_469' title='bbox 687 2272 725 2298; x_wconf 89' lang='lat' dir='ltr'><strong>ita</strong></span> <span class='ocrx_word' id='word_1_470' title='bbox 739 2272 766 2299; x_wconf 90' lang='lat' dir='ltr'><strong>in</strong></span> <span class='ocrx_word' id='word_1_471' title='bbox 782 2271 856 2300; x_wconf 79' lang='lat' dir='ltr'><strong>libris</strong></span> <span class='ocrx_word' id='word_1_472' title='bbox 872 2273 927 2299; x_wconf 87' lang='lat' dir='ltr'><strong>suis</strong></span> <span class='ocrx_word' id='word_1_473' title='bbox 944 2272 1083 2301; x_wconf 83' lang='lat' dir='ltr'><strong>ambitiose</strong></span> <span class='ocrx_word' id='word_1_474' title='bbox 1094 2273 1250 2308; x_wconf 89' lang='lat' dir='ltr'><strong>loquuntur,</strong></span> <span class='ocrx_word' id='word_1_475' title='bbox 1262 2279 1402 2309; x_wconf 86' lang='lat' dir='ltr'><strong>postquam</strong></span> <span class='ocrx_word' id='word_1_476' title='bbox 1420 2273 1663 2307; x_wconf 85' lang='lat' dir='ltr'><strong>Constantinopolis</strong></span> <span class='ocrx_word' id='word_1_477' title='bbox 1674 2282 1749 2301; x_wconf 79' lang='lat' dir='ltr'><strong>novre</strong></span> <span class='ocrx_word' id='word_1_478' title='bbox 1763 2273 1855 2301; x_wconf 57' lang='lat' dir='ltr'><strong>Roma“</strong></span> 
     </span>
    </p>
   </div>
   <div class='ocr_carea' id='block_1_51' title="bbox 228 2319 1854 2357">
    <p class='ocr_par' dir='ltr' id='par_1_51' title="bbox 228 2319 1854 2357">
     <span class='ocr_line' id='line_1_52' title="bbox 228 2319 1854 2357; baseline -0.003 -5"><span class='ocrx_word' id='word_1_479' title='bbox 228 2331 322 2352; x_wconf 85' lang='lat' dir='ltr'><strong>nomen</strong></span> <span class='ocrx_word' id='word_1_480' title='bbox 333 2322 440 2350; x_wconf 81' lang='lat' dir='ltr'><strong>invasit.</strong></span> <span class='ocrx_word' id='word_1_481' title='bbox 451 2321 535 2348; x_wconf 86' lang='lat' dir='ltr'><strong>Locus</strong></span> <span class='ocrx_word' id='word_1_482' title='bbox 548 2320 628 2355; x_wconf 84' lang='lat' dir='ltr'><strong>igitur</strong></span> <span class='ocrx_word' id='word_1_483' title='bbox 642 2328 658 2346; x_wconf 83' lang='grc' dir='ltr'><em>α</em></span> <span class='ocrx_word' id='word_1_484' title='bbox 671 2319 809 2354; x_wconf 68' lang='lat' dir='ltr'><strong>Maca/fato</strong></span> <span class='ocrx_word' id='word_1_485' title='bbox 821 2319 919 2347; x_wconf 83' lang='lat' dir='ltr'><strong>relatus</strong></span> <span class='ocrx_word' id='word_1_486' title='bbox 931 2320 969 2347; x_wconf 88' lang='lat' dir='ltr'><strong>ita</strong></span> <span class='ocrx_word' id='word_1_487' title='bbox 982 2329 1009 2348; x_wconf 82' lang='lat' dir='ltr'><strong>se</strong></span> <span class='ocrx_word' id='word_1_488' title='bbox 1023 2320 1099 2348; x_wconf 86' lang='lat' dir='ltr'><strong>habet</strong></span> <span class='ocrx_word' id='word_1_489' title='bbox 1111 2329 1119 2348; x_wconf 94' lang='lat'><strong><em>:</em></strong></span> <span class='ocrx_word' id='word_1_490' title='bbox 1139 2331 1148 2347; x_wconf 84' lang='grc'><strong>‹</strong></span> <span class='ocrx_word' id='word_1_491' title='bbox 1167 2321 1316 2349; x_wconf 80' lang='lat' dir='ltr'><strong>Alexander</strong></span> <span class='ocrx_word' id='word_1_492' title='bbox 1327 2321 1461 2349; x_wconf 84' lang='lat' dir='ltr'><strong>Romanus</strong></span> <span class='ocrx_word' id='word_1_493' title='bbox 1475 2321 1628 2356; x_wconf 81' lang='lat' dir='ltr'><strong>patriarcha</strong></span> <span class='ocrx_word' id='word_1_494' title='bbox 1640 2321 1724 2357; x_wconf 86' lang='lat' dir='ltr'><strong>inquit</strong></span> <span class='ocrx_word' id='word_1_495' title='bbox 1737 2328 1747 2346; x_wconf 90' lang='lat'><strong>.&#39;</strong></span> <span class='ocrx_word' id='word_1_496' title='bbox 1756 2320 1854 2348; x_wconf 75' lang='lat' dir='ltr'><strong>Manus</strong></span> 
     </span>
    </p>
   </div>
   <div class='ocr_carea' id='block_1_52' title="bbox 227 2367 1852 2406">
    <p class='ocr_par' dir='ltr' id='par_1_52' title="bbox 227 2367 1852 2406">
     <span class='ocr_line' id='line_1_53' title="bbox 227 2367 1852 2406; baseline -0.003 -8"><span class='ocrx_word' id='word_1_497' title='bbox 227 2379 286 2406; x_wconf 70' lang='lat' dir='ltr'><strong>qua:</strong></span> <span class='ocrx_word' id='word_1_498' title='bbox 301 2370 433 2397; x_wconf 84' lang='lat' dir='ltr'><strong>Adamum</strong></span> <span class='ocrx_word' id='word_1_499' title='bbox 449 2368 557 2400; x_wconf 81' lang='lat' dir='ltr'><strong>creavit,</strong></span> <span class='ocrx_word' id='word_1_500' title='bbox 574 2368 633 2402; x_wconf 86' lang='lat' dir='ltr'><strong>ipsa</strong></span> <span class='ocrx_word' id='word_1_501' title='bbox 650 2368 732 2395; x_wconf 83' lang='lat' dir='ltr'><strong>clavis</strong></span> <span class='ocrx_word' id='word_1_502' title='bbox 750 2369 777 2395; x_wconf 91' lang='lat' dir='ltr'><strong>in</strong></span> <span class='ocrx_word' id='word_1_503' title='bbox 792 2377 868 2396; x_wconf 89' lang='lat' dir='ltr'><strong>cruce</strong></span> <span class='ocrx_word' id='word_1_504' title='bbox 886 2367 1023 2402; x_wconf 79' lang='lat' dir='ltr'><strong>perforata</strong></span> <span class='ocrx_word' id='word_1_505' title='bbox 1038 2372 1087 2395; x_wconf 83' lang='lat' dir='ltr'><strong>est.</strong></span> <span class='ocrx_word' id='word_1_506' title='bbox 1107 2368 1143 2397; x_wconf 86' lang='lat' dir='ltr'><strong>Os</strong></span> <span class='ocrx_word' id='word_1_507' title='bbox 1158 2369 1227 2404; x_wconf 88' lang='lat' dir='ltr'><strong>quod</strong></span> <span class='ocrx_word' id='word_1_508' title='bbox 1242 2369 1268 2396; x_wconf 87' lang='lat' dir='ltr'><strong>in</strong></span> <span class='ocrx_word' id='word_1_509' title='bbox 1290 2369 1422 2396; x_wconf 88' lang='lat' dir='ltr'><strong>Adamum</strong></span> <span class='ocrx_word' id='word_1_510' title='bbox 1441 2369 1605 2404; x_wconf 83' lang='lat' dir='ltr'><strong>spiraculum</strong></span> <span class='ocrx_word' id='word_1_511' title='bbox 1621 2368 1681 2396; x_wconf 70' lang='lat' dir='ltr'><strong>vita:</strong></span> <span class='ocrx_word' id='word_1_512' title='bbox 1695 2368 1852 2402; x_wconf 77' lang='lat' dir='ltr'><strong>inspiraait,</strong></span> 
     </span>
    </p>
   </div>
   <div class='ocr_carea' id='block_1_53' title="bbox 228 2413 1853 2451">
    <p class='ocr_par' dir='ltr' id='par_1_53' title="bbox 228 2413 1853 2451">
     <span class='ocr_line' id='line_1_54' title="bbox 228 2413 1853 2451; baseline -0.002 -8"><span class='ocrx_word' id='word_1_513' title='bbox 228 2421 331 2443; x_wconf 73' lang='lat' dir='ltr'><strong>acetum</strong></span> <span class='ocrx_word' id='word_1_514' title='bbox 341 2415 415 2442; x_wconf 85' lang='lat' dir='ltr'><strong>bibit.</strong></span> <span class='ocrx_word' id='word_1_515' title='bbox 428 2415 478 2442; x_wconf 87' lang='lat' dir='ltr'><strong>Pes</strong></span> <span class='ocrx_word' id='word_1_516' title='bbox 490 2415 534 2450; x_wconf 89' lang='lat' dir='ltr'><strong>qui</strong></span> <span class='ocrx_word' id='word_1_517' title='bbox 549 2415 630 2442; x_wconf 79' lang='lat' dir='ltr'><strong>claris</strong></span> <span class='ocrx_word' id='word_1_518' title='bbox 646 2414 765 2449; x_wconf 79' lang='lat' dir='ltr'><strong>conﬁxus</strong></span> <span class='ocrx_word' id='word_1_519' title='bbox 778 2414 844 2448; x_wconf 69' lang='lat' dir='ltr'><strong>fuit,</strong></span> <span class='ocrx_word' id='word_1_520' title='bbox 858 2418 956 2441; x_wconf 86' lang='lat' dir='ltr'><strong>terram</strong></span> <span class='ocrx_word' id='word_1_521' title='bbox 971 2413 1102 2448; x_wconf 81' lang='lat' dir='ltr'><strong>fundavit.</strong></span> <span class='ocrx_word' id='word_1_522' title='bbox 1118 2423 1128 2440; x_wconf 69' lang='grc' dir='ltr'><strong><em>ι</em></strong></span> <span class='ocrx_word' id='word_1_523' title='bbox 1147 2413 1221 2447; x_wconf 74' lang='lat' dir='ltr'><strong>Hcce,</strong></span> <span class='ocrx_word' id='word_1_524' title='bbox 1235 2415 1343 2450; x_wconf 88' lang='lat' dir='ltr'><strong>inquam</strong></span> <span class='ocrx_word' id='word_1_525' title='bbox 1356 2416 1437 2450; x_wconf 89' lang='lat' dir='ltr'><strong>paulo</strong></span> <span class='ocrx_word' id='word_1_526' title='bbox 1451 2415 1553 2451; x_wconf 88' lang='lat' dir='ltr'><strong>quidem</strong></span> <span class='ocrx_word' id='word_1_527' title='bbox 1570 2415 1690 2447; x_wconf 81' lang='lat' dir='ltr'><strong>liberius.</strong></span> <span class='ocrx_word' id='word_1_528' title='bbox 1702 2416 1761 2442; x_wconf 85' lang='lat' dir='ltr'><strong>sine</strong></span> <span class='ocrx_word' id='word_1_529' title='bbox 1775 2414 1853 2441; x_wconf 86' lang='lat' dir='ltr'><strong>dubio</strong></span> 
     </span>
    </p>
   </div>
   <div class='ocr_carea' id='block_1_54' title="bbox 229 2462 1848 2499">
    <p class='ocr_par' dir='ltr' id='par_1_54' title="bbox 229 2462 1848 2499">
     <span class='ocr_line' id='line_1_55' title="bbox 229 2462 1848 2499; baseline 0.001 -11"><span class='ocrx_word' id='word_1_530' title='bbox 229 2467 316 2488; x_wconf 90' lang='lat' dir='ltr'><strong>tamen</strong></span> <span class='ocrx_word' id='word_1_531' title='bbox 331 2470 364 2489; x_wconf 86' lang='lat' dir='ltr'><strong>ex</strong></span> <span class='ocrx_word' id='word_1_532' title='bbox 381 2462 428 2489; x_wconf 86' lang='lat' dir='ltr'><strong>hoc</strong></span> <span class='ocrx_word' id='word_1_533' title='bbox 441 2468 530 2491; x_wconf 88' lang='lat' dir='ltr'><strong>nostra</strong></span> <span class='ocrx_word' id='word_1_534' title='bbox 543 2472 661 2492; x_wconf 83' lang='lat' dir='ltr'><strong>sermone</strong></span> <span class='ocrx_word' id='word_1_535' title='bbox 676 2473 703 2492; x_wconf 90' lang='lat' dir='ltr'><strong>n.</strong></span> <span class='ocrx_word' id='word_1_536' title='bbox 719 2465 736 2492; x_wconf 84' lang='lat'><strong>5</strong></span> <span class='ocrx_word' id='word_1_537' title='bbox 751 2468 855 2498; x_wconf 87' lang='lat' dir='ltr'><strong>sumpta</strong></span> <span class='ocrx_word' id='word_1_538' title='bbox 868 2463 949 2492; x_wconf 78' lang='lat' dir='ltr'><strong>vides.</strong></span> <span class='ocrx_word' id='word_1_539' title='bbox 969 2463 1155 2491; x_wconf 84' lang='lat' dir='ltr'><strong>Verumtamen</strong></span> <span class='ocrx_word' id='word_1_540' title='bbox 1170 2463 1214 2498; x_wconf 88' lang='lat' dir='ltr'><strong>qui</strong></span> <span class='ocrx_word' id='word_1_541' title='bbox 1226 2463 1321 2491; x_wconf 82' lang='lat' dir='ltr'><strong>ibidem</strong></span> <span class='ocrx_word' id='word_1_542' title='bbox 1333 2465 1416 2492; x_wconf 89' lang='lat' dir='ltr'><strong>multo</strong></span> <span class='ocrx_word' id='word_1_543' title='bbox 1433 2464 1538 2491; x_wconf 87' lang='lat' dir='ltr'><strong>uberior</strong></span> <span class='ocrx_word' id='word_1_544' title='bbox 1553 2465 1625 2492; x_wconf 86' lang='lat' dir='ltr'><strong>locus</strong></span> <span class='ocrx_word' id='word_1_545' title='bbox 1640 2463 1778 2499; x_wconf 81' lang='lat' dir='ltr'><strong>prtccedit,</strong></span> <span class='ocrx_word' id='word_1_546' title='bbox 1796 2468 1821 2491; x_wconf 86' lang='lat' dir='ltr'><strong>et</strong></span> <span class='ocrx_word' id='word_1_547' title='bbox 1833 2472 1848 2490; x_wconf 88' lang='lat' dir='ltr'><strong>a</strong></span> 
     </span>
    </p>
   </div>
   <div class='ocr_carea' id='block_1_55' title="bbox 228 2507 1853 2547">
    <p class='ocr_par' dir='ltr' id='par_1_55' title="bbox 228 2507 1853 2547">
     <span class='ocr_line' id='line_1_56' title="bbox 228 2507 1853 2547; baseline 0 -12"><span class='ocrx_word' id='word_1_548' title='bbox 228 2507 302 2535; x_wconf 81' lang='lat' dir='ltr'><strong>nobis</strong></span> <span class='ocrx_word' id='word_1_549' title='bbox 315 2508 423 2544; x_wconf 72' lang='lat' dir='ltr'><strong>virgulis</strong></span> <span class='ocrx_word' id='word_1_550' title='bbox 441 2510 580 2538; x_wconf 82' lang='lat' dir='ltr'><strong>distinctus</strong></span> <span class='ocrx_word' id='word_1_551' title='bbox 592 2511 654 2546; x_wconf 78' lang='lat' dir='ltr'><strong>fuit,</strong></span> <span class='ocrx_word' id='word_1_552' title='bbox 674 2511 697 2538; x_wconf 86' lang='lat' dir='ltr'><strong>is</strong></span> <span class='ocrx_word' id='word_1_553' title='bbox 712 2519 771 2538; x_wconf 87' lang='lat' dir='ltr'><strong>cum</strong></span> <span class='ocrx_word' id='word_1_554' title='bbox 782 2510 900 2538; x_wconf 87' lang='lat' dir='ltr'><strong>Arabica</strong></span> <span class='ocrx_word' id='word_1_555' title='bbox 917 2512 1044 2538; x_wconf 83' lang='lat' dir='ltr'><strong>sermonis</strong></span> <span class='ocrx_word' id='word_1_556' title='bbox 1059 2511 1282 2546; x_wconf 85' lang='lat' dir='ltr'><strong>interpretatione,</strong></span> <span class='ocrx_word' id='word_1_557' title='bbox 1298 2512 1325 2539; x_wconf 88' lang='lat' dir='ltr'><strong>in</strong></span> <span class='ocrx_word' id='word_1_558' title='bbox 1339 2511 1484 2547; x_wconf 76' lang='lat' dir='ltr'><strong>Spicilegio</strong></span> <span class='ocrx_word' id='word_1_559' title='bbox 1495 2516 1585 2539; x_wconf 88' lang='lat' dir='ltr'><strong>nostro</strong></span> <span class='ocrx_word' id='word_1_560' title='bbox 1601 2511 1671 2539; x_wconf 88' lang='lat' dir='ltr'><strong>edita</strong></span> <span class='ocrx_word' id='word_1_561' title='bbox 1683 2530 1691 2543; x_wconf 90' lang='lat'><strong>,</strong></span> <span class='ocrx_word' id='word_1_562' title='bbox 1707 2510 1853 2538; x_wconf 76' lang='lat' dir='ltr'><strong>evidentius</strong></span> 
     </span>
    </p>
   </div>
   <div class='ocr_carea' id='block_1_56' title="bbox 229 2554 1854 2594">
    <p class='ocr_par' dir='ltr' id='par_1_56' title="bbox 229 2554 1854 2594">
     <span class='ocr_line' id='line_1_57' title="bbox 229 2554 1854 2594; baseline 0.002 -14"><span class='ocrx_word' id='word_1_563' title='bbox 229 2554 315 2581; x_wconf 84' lang='lat' dir='ltr'><strong>adhuc</strong></span> <span class='ocrx_word' id='word_1_564' title='bbox 334 2560 411 2591; x_wconf 84' lang='lat' dir='ltr'><strong>atque</strong></span> <span class='ocrx_word' id='word_1_565' title='bbox 425 2556 589 2585; x_wconf 76' lang='lat' dir='ltr'><strong>adainussim</strong></span> <span class='ocrx_word' id='word_1_566' title='bbox 609 2558 740 2592; x_wconf 87' lang='lat' dir='ltr'><strong>congruit.</strong></span> <span class='ocrx_word' id='word_1_567' title='bbox 757 2557 905 2593; x_wconf 66' lang='lat' dir='ltr'><strong>Ceteroqui</strong></span> <span class='ocrx_word' id='word_1_568' title='bbox 921 2567 974 2586; x_wconf 87' lang='lat' dir='ltr'><strong>non</strong></span> <span class='ocrx_word' id='word_1_569' title='bbox 987 2563 1026 2586; x_wconf 91' lang='lat' dir='ltr'><strong>est</strong></span> <span class='ocrx_word' id='word_1_570' title='bbox 1043 2558 1211 2592; x_wconf 88' lang='lat' dir='ltr'><strong>mirandum,</strong></span> <span class='ocrx_word' id='word_1_571' title='bbox 1233 2559 1257 2586; x_wconf 84' lang='lat' dir='ltr'><strong>si</strong></span> <span class='ocrx_word' id='word_1_572' title='bbox 1270 2559 1314 2594; x_wconf 85' lang='lat' dir='ltr'><strong>qui</strong></span> <span class='ocrx_word' id='word_1_573' title='bbox 1339 2567 1424 2587; x_wconf 86' lang='lat' dir='ltr'><strong>sermo</strong></span> <span class='ocrx_word' id='word_1_574' title='bbox 1437 2567 1470 2587; x_wconf 85' lang='lat' dir='ltr'><strong>ex</strong></span> <span class='ocrx_word' id='word_1_575' title='bbox 1486 2558 1577 2587; x_wconf 76' lang='lat' dir='ltr'><strong>erco</strong></span> <span class='ocrx_word' id='word_1_576' title='bbox 1594 2559 1624 2586; x_wconf 85' lang='lat' dir='ltr'><strong>in</strong></span> <span class='ocrx_word' id='word_1_577' title='bbox 1644 2558 1806 2593; x_wconf 86' lang='lat' dir='ltr'><strong>Syriacum,</strong></span> <span class='ocrx_word' id='word_1_578' title='bbox 1822 2564 1854 2584; x_wconf 78' lang='lat' dir='ltr'><strong>ex</strong></span> 
     </span>
    </p>
   </div>
   <div class='ocr_carea' id='block_1_57' title="bbox 228 2600 1854 2641">
    <p class='ocr_par' dir='ltr' id='par_1_57' title="bbox 228 2600 1854 2641">
     <span class='ocr_line' id='line_1_58' title="bbox 228 2600 1854 2641; baseline 0.001 -12"><span class='ocrx_word' id='word_1_579' title='bbox 228 2600 276 2628; x_wconf 74' lang='lat' dir='ltr'><strong>hoc</strong></span> <span class='ocrx_word' id='word_1_580' title='bbox 291 2602 319 2629; x_wconf 84' lang='lat' dir='ltr'><strong>in</strong></span> <span class='ocrx_word' id='word_1_581' title='bbox 334 2602 478 2636; x_wconf 78' lang='lat' dir='ltr'><strong>Arabicum</strong></span> <span class='ocrx_word' id='word_1_582' title='bbox 501 2603 601 2630; x_wconf 86' lang='lat' dir='ltr'><strong>idioma</strong></span> <span class='ocrx_word' id='word_1_583' title='bbox 625 2603 741 2634; x_wconf 82' lang='lat' dir='ltr'><strong>transiit,</strong></span> <span class='ocrx_word' id='word_1_584' title='bbox 757 2611 856 2637; x_wconf 86' lang='lat' dir='ltr'><strong>paucas</strong></span> <span class='ocrx_word' id='word_1_585' title='bbox 873 2603 973 2640; x_wconf 87' lang='lat' dir='ltr'><strong>aliquot</strong></span> <span class='ocrx_word' id='word_1_586' title='bbox 996 2605 1136 2632; x_wconf 78' lang='lat' dir='ltr'><strong>varietates</strong></span> <span class='ocrx_word' id='word_1_587' title='bbox 1151 2606 1178 2632; x_wconf 90' lang='lat' dir='ltr'><strong>in</strong></span> <span class='ocrx_word' id='word_1_588' title='bbox 1195 2605 1235 2633; x_wconf 83' lang='lat' dir='ltr'><strong>Itis</strong></span> <span class='ocrx_word' id='word_1_589' title='bbox 1258 2605 1482 2641; x_wconf 79' lang='lat' dir='ltr'><strong>transfusionibus</strong></span> <span class='ocrx_word' id='word_1_590' title='bbox 1510 2614 1606 2640; x_wconf 86' lang='lat' dir='ltr'><strong>passus</strong></span> <span class='ocrx_word' id='word_1_591' title='bbox 1631 2606 1677 2633; x_wconf 86' lang='lat' dir='ltr'><strong>sit.</strong></span> <span class='ocrx_word' id='word_1_592' title='bbox 1695 2606 1770 2638; x_wconf 85' lang='lat' dir='ltr'><strong>Quin</strong></span> <span class='ocrx_word' id='word_1_593' title='bbox 1791 2604 1854 2631; x_wconf 85' lang='lat' dir='ltr'><strong>adeo</strong></span> 
     </span>
    </p>
   </div>
   <div class='ocr_carea' id='block_1_58' title="bbox 229 2648 1854 2688">
    <p class='ocr_par' dir='ltr' id='par_1_58' title="bbox 229 2648 1854 2688">
     <span class='ocr_line' id='line_1_59' title="bbox 229 2648 1854 2688; baseline 0.002 -14"><span class='ocrx_word' id='word_1_594' title='bbox 229 2649 357 2675; x_wconf 88' lang='lat' dir='ltr'><strong>sermonis</strong></span> <span class='ocrx_word' id='word_1_595' title='bbox 371 2648 449 2683; x_wconf 82' lang='lat' dir='ltr'><strong>hujus</strong></span> <span class='ocrx_word' id='word_1_596' title='bbox 469 2649 527 2676; x_wconf 78' lang='lat' dir='ltr'><strong>dua:</strong></span> <span class='ocrx_word' id='word_1_597' title='bbox 540 2649 660 2677; x_wconf 78' lang='lat' dir='ltr'><strong>videntur</strong></span> <span class='ocrx_word' id='word_1_598' title='bbox 676 2650 807 2677; x_wconf 83' lang='lat' dir='ltr'><strong>exstitisse</strong></span> <span class='ocrx_word' id='word_1_599' title='bbox 823 2650 892 2685; x_wconf 89' lang='lat' dir='ltr'><strong>apud</strong></span> <span class='ocrx_word' id='word_1_600' title='bbox 902 2650 1109 2685; x_wconf 84' lang='lat' dir='ltr'><strong>Alexandrinos,</strong></span> <span class='ocrx_word' id='word_1_601' title='bbox 1120 2652 1172 2679; x_wconf 81' lang='lat' dir='ltr'><strong>sive</strong></span> <span class='ocrx_word' id='word_1_602' title='bbox 1182 2651 1252 2686; x_wconf 86' lang='lat' dir='ltr'><strong>apud</strong></span> <span class='ocrx_word' id='word_1_603' title='bbox 1265 2651 1424 2686; x_wconf 85' lang='lat' dir='ltr'><strong>Orientales,</strong></span> <span class='ocrx_word' id='word_1_604' title='bbox 1438 2653 1582 2686; x_wconf 81' lang='lat' dir='ltr'><strong>editiones;</strong></span> <span class='ocrx_word' id='word_1_605' title='bbox 1600 2653 1815 2688; x_wconf 84' lang='lat' dir='ltr'><strong>quandoquidem</strong></span> <span class='ocrx_word' id='word_1_606' title='bbox 1828 2652 1854 2678; x_wconf 86' lang='lat' dir='ltr'><strong>in</strong></span> 
     </span>
    </p>
   </div>
   <div class='ocr_carea' id='block_1_59' title="bbox 230 2694 1852 2735">
    <p class='ocr_par' dir='ltr' id='par_1_59' title="bbox 230 2694 1852 2735">
     <span class='ocr_line' id='line_1_60' title="bbox 230 2694 1852 2735; baseline 0.003 -14"><span class='ocrx_word' id='word_1_607' title='bbox 230 2694 318 2721; x_wconf 81' lang='lat' dir='ltr'><strong>codice</strong></span> <span class='ocrx_word' id='word_1_608' title='bbox 329 2694 389 2730; x_wconf 81' lang='lat' dir='ltr'><strong>Syr.</strong></span> <span class='ocrx_word' id='word_1_609' title='bbox 408 2696 481 2729; x_wconf 85' lang='lat' dir='ltr'><strong>Vat.,</strong></span> <span class='ocrx_word' id='word_1_610' title='bbox 496 2701 554 2731; x_wconf 87' lang='lat' dir='ltr'><strong>post</strong></span> <span class='ocrx_word' id='word_1_611' title='bbox 570 2697 699 2731; x_wconf 86' lang='lat' dir='ltr'><strong>integrum</strong></span> <span class='ocrx_word' id='word_1_612' title='bbox 712 2705 871 2730; x_wconf 87' lang='lat' dir='ltr'><strong>sermonem,</strong></span> <span class='ocrx_word' id='word_1_613' title='bbox 884 2697 957 2724; x_wconf 89' lang='lat' dir='ltr'><strong>aliud</strong></span> <span class='ocrx_word' id='word_1_614' title='bbox 977 2699 1104 2726; x_wconf 87' lang='lat' dir='ltr'><strong>atlexitur</strong></span> <span class='ocrx_word' id='word_1_615' title='bbox 1119 2698 1236 2734; x_wconf 83' lang='lat' dir='ltr'><strong>ejusdem</strong></span> <span class='ocrx_word' id='word_1_616' title='bbox 1252 2699 1429 2734; x_wconf 80' lang='lat' dir='ltr'><strong>fragmentum</strong></span> <span class='ocrx_word' id='word_1_617' title='bbox 1441 2720 1450 2733; x_wconf 93' lang='lat'><strong>,</strong></span> <span class='ocrx_word' id='word_1_618' title='bbox 1467 2708 1519 2727; x_wconf 87' lang='lat' dir='ltr'><strong>non</strong></span> <span class='ocrx_word' id='word_1_619' title='bbox 1539 2701 1594 2728; x_wconf 90' lang='lat' dir='ltr'><strong>sine</strong></span> <span class='ocrx_word' id='word_1_620' title='bbox 1608 2699 1701 2735; x_wconf 87' lang='lat' dir='ltr'><strong>paucis</strong></span> <span class='ocrx_word' id='word_1_621' title='bbox 1716 2699 1800 2726; x_wconf 81' lang='lat' dir='ltr'><strong>variis</strong></span> <span class='ocrx_word' id='word_1_622' title='bbox 1816 2698 1852 2725; x_wconf 91' lang='lat' dir='ltr'><strong>le-</strong></span> 
     </span>
    </p>
   </div>
   <div class='ocr_carea' id='block_1_60' title="bbox 266 2779 1854 2822">
    <p class='ocr_par' dir='ltr' id='par_1_60' title="bbox 266 2779 1854 2822">
     <span class='ocr_line' id='line_1_61' title="bbox 266 2779 1854 2822; baseline -0.001 -9"><span class='ocrx_word' id='word_1_623' title='bbox 266 2779 305 2819; x_wconf 55' lang='grc'><strong>(1)</strong></span> <span class='ocrx_word' id='word_1_624' title='bbox 315 2780 396 2822; x_wconf 52' lang='lat' dir='ltr'><strong>idem</strong></span> <span class='ocrx_word' id='word_1_625' title='bbox 411 2781 550 2822; x_wconf 49' lang='lat' dir='ltr'><strong>llic‘godcs</strong></span> <span class='ocrx_word' id='word_1_626' title='bbox 561 2782 647 2822; x_wconf 82' lang='lat' dir='ltr'><strong>_h_a_bet</strong></span> <span class='ocrx_word' id='word_1_627' title='bbox 658 2782 868 2822; x_wconf 41' lang='lat' dir='ltr'><strong>fragmentaASS.</strong></span> <span class='ocrx_word' id='word_1_628' title='bbox 883 2782 988 2822; x_wconf 71' lang='lat' dir='ltr'><strong>J_ulii_et</strong></span> <span class='ocrx_word' id='word_1_629' title='bbox 1004 2783 1126 2814; x_wconf 88' lang='lat' dir='ltr'><strong>Silvestri</strong></span> <span class='ocrx_word' id='word_1_630' title='bbox 1138 2785 1297 2822; x_wconf 86' lang='lat' dir='ltr'><strong>pontiﬁcum</strong></span> <span class='ocrx_word' id='word_1_631' title='bbox 1309 2785 1505 2820; x_wconf 84' lang='lat' dir='ltr'><strong>Romanorum,</strong></span> <span class='ocrx_word' id='word_1_632' title='bbox 1521 2793 1581 2822; x_wconf 67' lang='lat' dir='ltr'><strong>qua:</strong></span> <span class='ocrx_word' id='word_1_633' title='bbox 1596 2793 1645 2822; x_wconf 80' lang='lat' dir='ltr'><strong>ego</strong></span> <span class='ocrx_word' id='word_1_634' title='bbox 1656 2784 1754 2813; x_wconf 75' lang='lat' dir='ltr'><strong>Graece</strong></span> <span class='ocrx_word' id='word_1_635' title='bbox 1771 2784 1854 2818; x_wconf 82' lang='lat' dir='ltr'><strong>edidi,</strong></span> 
     </span>
    </p>
   </div>
   <div class='ocr_carea' id='block_1_61' title="bbox 234 2812 967 2853">
    <p class='ocr_par' dir='ltr' id='par_1_61' title="bbox 234 2812 967 2853">
     <span class='ocr_line' id='line_1_62' title="bbox 234 2812 967 2853; baseline 0.011 -14"><span class='ocrx_word' id='word_1_636' title='bbox 234 2812 332 2848; x_wconf 73' lang='grc' dir='ltr'><strong>δενίρι.</strong></span> <span class='ocrx_word' id='word_1_637' title='bbox 347 2820 396 2842; x_wconf 73' lang='grc' dir='ltr'><strong>νει.</strong></span> <span class='ocrx_word' id='word_1_638' title='bbox 411 2819 431 2843; x_wconf 88' lang='grc' dir='ltr'><strong>ι.</strong></span> <span class='ocrx_word' id='word_1_639' title='bbox 447 2815 501 2850; x_wconf 82' lang='lat' dir='ltr'><strong>vn,</strong></span> <span class='ocrx_word' id='word_1_640' title='bbox 513 2824 541 2851; x_wconf 83' lang='lat' dir='ltr'><strong>p.</strong></span> <span class='ocrx_word' id='word_1_641' title='bbox 558 2817 608 2845; x_wconf 69' lang='lat' dir='ltr'><strong>tat</strong></span> <span class='ocrx_word' id='word_1_642' title='bbox 622 2821 648 2846; x_wconf 89' lang='lat' dir='ltr'><strong>et.</strong></span> <span class='ocrx_word' id='word_1_643' title='bbox 664 2812 724 2852; x_wconf 68' lang='lat' dir='ltr'><strong>toti,</strong></span> <span class='ocrx_word' id='word_1_644' title='bbox 740 2819 792 2846; x_wconf 85' lang='lat' dir='ltr'><strong>col.</strong></span> <span class='ocrx_word' id='word_1_645' title='bbox 808 2818 836 2853; x_wconf 75' lang='lat'><strong>2,</strong></span> <span class='ocrx_word' id='word_1_646' title='bbox 851 2826 877 2846; x_wconf 79' lang='grc' dir='ltr'><strong>ν.</strong></span> <span class='ocrx_word' id='word_1_647' title='bbox 892 2819 967 2847; x_wconf 81' lang='lat' dir='ltr'><strong>t-t5.</strong></span> 
     </span>
    </p>
   </div>
  </div>
