1911 3073
34 109 103 142 615

505 113 552 142 DE
565 115 864 144 ENGASTRIMYTHO
880 115 1024 144 CONTRA
1043 115 1233 145 ORIGENEM.

1633 117 1688 148 6M

40 208 1671 232 Ἦ

283 311 635 370 ORIGENES
674 310 765 368 DE
807 313 1449 372 ENGASTRIMYTHO.

717 424 754 464 ,(1
772 424 849 463 Reg.
866 423 1029 465 xxvm.)

338 508 421 540 Vide
436 508 572 549 hujusce
587 509 780 548 Purrologiw
794 509 1045 540 Graeco-Latina:
1061 513 1135 541 tom.
1152 511 1226 548 ΧΠ,
1243 511 1303 542 col.
1326 513 1412 542 1011.

372 705 545 773 ΤΟΥ
582 703 842 771 ΑΓΙΟΥ

891 704 1373 773 ΕΥΣΤΑΘΙΟΥ

299 836 944 895 ΑΡΧΙΕΠΙΣΚΟΠΟΥ
975 837 1446 896 ΑΝΤΙΟΧΕΙΑΣ

728 958 822 984 ΚΑΤΑ
838 958 1028 985 ΩΡίΓΕΝΟΥΣ

48 1050 140 1094 ΕΙΣ
177 1052 255 1094 ΤΟ
302 1051 412 1093 ΤΗΣ
457 1048 921 1094 ΕΓΓΑΣΤΡΙΜΥΘΟΥ
958 1049 1680 1095 ΘΕΩΡΗΜΑπΔΙΑΓΝΩΣΤΙΚΟΣ.

439 1223 774 1281 SANGTI
816 1225 1325 1282 EUSTATHII'

632 1328 892 1357 ARCHIEPISCOPI
909 1329 1120 1358 ANTIOCHENI

261 1440 263 1443 .
286 1409 455 1442 CONTRA
474 1409 705 1443 ORIGENEM
714 1411 773 1442 DE
788 1411 1153 1444 ENGASTRJMYTHO
1169 1413 1446 1444 DISSERTATIO

699 1492 782 1517 Leone
791 1493 884 1518 Allatio
895 1494 1055 1525 interm-etet

90 1626 112 1652 l.
135 1624 193 1651 ’Δεὶ
214 1624 265 1660 μὲν
280 1623 385 1659 ἄγαμαι
399 1624 443 1651 τὸν
459 1624 589 1660 ἁξιοφανῆ
603 1625 652 1660 τῆς
670 1625 762 1652 ἐνθέου
776 1626 851 1652 πολι·
866 1643 870 1657 λ

936 1626 957 1653 1.
985 1625 1098 1660 Semper
1109 1624 1234 1659 equidem
1251 1624 1348 1661 divinae
1365 1623 1471 1651 vivendi
1494 1623 1608 1652 rationis
1629 1629 1683 1653 tum
1725 1634 1730 1637 '

53 1669 132 1701 τείας
155 1677 204 1695 σου
227 1668 319 1704 ζῆλον,
342 1665 364 1694 ὦ
388 1669 605 1704 διαπρεπέστατε
626 1669 676 1704 τῆς
697 1670 850 1705 ὀρθοδοξίας

55 1714 207 1751 ἱεροκήρυξ
224 1715 370 1750 Εὑτρόπιεσ
392 1715 422 1741 τὸ
440 1715 468 1741 δὲ
488 1716 537 1751 τῆς
555 1715 695 1748 εὐσεϐείας
716 1725 762 1742 σου
782 1716 852 1750 γνώ-

57 1769 145 1796 ρισμα
157 1759 301 1796 πολλαχῶς
319 1760 535 1795 ἐκπληττόμενος
551 1760 601 1796 οὐχ
612 1760 712 1795 ἥκιστα
725 1761 772 1787 καὶ
788 1762 851 1796 περὶ

54 1807 117 1833 τόδε
143 1807 264 1842 μάλιστα
284 1806 445 1841 τεθαύμακα
459 1806 490 1832 τὸ
505 1806 597 1841 μέροςι
619 1807 658 1832 ὅτι
671 1807 762 1840 σαφῶς
774 1808 851 1844 ἀκρι-

56 1851 147 1878 ϐὦσαι
162 1852 253 1887 βούλει
266 1852 325 1884 πῶς
342 1852 374 1879 ἂν
387 1851 476 1887 ἔχοιμι
489 1851 601 1887 γνώμης
615 1851 695 1879 ἕνεκα
707 1853 756 1887 τῆς
770 1854 852 1887 ἐγγα-

57 1897 211 1934 στριμύοου
231 1898 281 1932 τῆς
296 1898 324 1924 ἐν
345 1899 377 1933 τῇ
395 1897 491 1934 πρώτῃ
503 1897 557 1923 τῶν
570 1897 716 1924 Βασιλειῶν
732 1898 851 1933 ἱστορου-

60 1944 156 1979 μένης·
173 1943 203 1970 οὐ
221 1943 276 1978 γὰρ
290 1943 454 1978 ἀρέσκεσθαι
469 1944 522 1978 φῂς
536 1940 576 1975 οἷς
595 1943 725 1975 ἐξέδωκεν
747 1944 851 1979 Ὠριγέ-

58 1998 108 2024 νης
121 1991 162 2021 εὶς
175 1988 255 2024 τήνδε
271 1989 320 2024 τὴν
338 1988 474 2016 ὑπόθεσιν.
496 1989 533 2015 Οὐ
552 1989 604 2024 μὴν
623 1988 689 2015 ἀλλὰ
701 1988 788 2023 ἔγωγε
804 1989 850 2015 καὶ

59 2036 156 2067 ἄλλους
171 2033 229 2062 οἶδα
243 2035 283 2061 ἐτι
299 2035 488 2070 μεμφομένους
502 2035 552 2061 οὐκ
564 2035 668 2069 ὀλίγους
680 2035 721 2069 ἐφ’
736 2032 775 2066 οἷς
786 2034 851 2071 ὡρί-

59 2089 126 2108 σατο
145 2081 310 2116 προχείρως,
324 2081 391 2107 ἀλλὰ
404 2081 495 2116 συχνοὶ
509 2080 557 2116 μέν
572 2082 640 2107 εἰσιν
652 2081 676 2107 οἱ
693 2081 850 2115 δακνόμενοι

59 2126 108 2158 τὰς
123 2127 214 2162 ψυχὰς
229 2126 405 2162 ἀσχάλλοντες
417 2127 447 2153 οὐ
466 2126 591 2162 μετρίως·
608 2126 663 2153 ἔσθ’
676 2128 719 2153 ὅτε
738 2127 765 2153 δέ
780 2136 851 2159 τινες

58 2169 99 2204 οἷς
122 2172 244 2207 ἔγραψεν
269 2174 371 2203 ἐκεῖνος
387 2172 552 2206 ὑπάγονται,
573 2174 607 2208 τῇ
623 2172 794 2209 προλαὸούσῃ
809 2173 851 2199 δο-

59 2218 175 2253 ξοκοπίᾳ
192 2219 257 2253 ῥᾷον
269 2217 468 2253 ὰνατιθέμενοι,
486 2219 597 2249 καὶτοῖς
611 2218 721 2253 ὀνόμασι
741 2219 849 2254 μᾶλλον,

129 2265 162 2291 οὐ
177 2265 232 2296 τοῖς
246 2264 390 2300 πράγμασι
405 2265 590 2300 προσέχοντες,
603 2265 640 2296 ὡς
653 2265 721 2292 δέον.
741 2266 788 2291 Ἵν’
804 2263 850 2292 οὖν

901 1671 999 1702 zelum,
1018 1670 1129 1705 dignum
1146 1670 1191 1704 qui
1204 1674 1231 1697 et
1243 1670 1304 1697 aliis
1317 1670 1480 1703 innotescat,
1496 1677 1512 1697 ο
1527 1675 1607 1697 rectm
1620 1671 1682 1699 ﬁdei

900 1716 1077 1744 celeberrime
1090 1719 1116 1743 et
1132 1723 1209 1742 sacer
1222 1716 1384 1750 praedicator
1398 1715 1508 1750 Eutropi
1519 1736 1527 1748 ,
1544 1724 1683 1744 commen-

900 1762 935 1790 do
948 1771 954 1789 :
970 1769 1064 1789 verum
1079 1765 1133 1788 tua:
1144 1761 1259 1795 insignis
1271 1761 1379 1795 pietatis
1392 1761 1490 1795 smpius
1503 1762 1684 1790 admiratione

900 1813 1064 1839 commotus,
1081 1815 1136 1834 non
1152 1807 1242 1834 minus
1256 1807 1384 1842 atqueilli
1402 1808 1537 1842 prmcipue
1547 1815 1607 1834 eam
1620 1808 1683 1836 Iau-

900 1854 972 1881 davi.
992 1853 1040 1880 Vis
1051 1854 1150 1888 quippe
1163 1857 1191 1880 ut
1207 1853 1369 1880 sententiam
1387 1861 1474 1880 meam
1491 1853 1524 1881 de
1541 1852 1683 1888 Engastri-

900 1901 992 1936 mytho
1003 1921 1010 1932 ,
1027 1900 1106 1934 cujus
1123 1899 1212 1934 primo
1225 1898 1328 1933 Regum
1342 1898 1454 1926 historia
1469 1899 1577 1934 legitur,
1590 1899 1682 1926 decla-

899 1955 956 1974 rem
987 1946 1160 1980 dilucideque
1188 1947 1317 1980 aperiam.
1347 1943 1452 1971 Etenim
1478 1952 1538 1979 quae
1567 1945 1601 1972 de
1631 1946 1682 1973 hac

900 1992 1014 2019 materia
1029 1991 1148 2026 vulgavit
1160 1989 1307 2025 Origenes,
1330 1990 1379 2017 tibi
1394 1998 1482 2024 neque
1497 1995 1574 2025 grata
1594 1999 1684 2027 neque

900 2041 1011 2072 accepta
1023 2040 1096 2065 sunt.
1115 2035 1182 2063 Novi
1200 2035 1323 2070 equidem
1336 2035 1413 2067 alios,
1431 2043 1533 2070 eosque
1548 2044 1600 2064 non
1616 2045 1683 2072 pau-

900 2091 958 2116 cos,
975 2087 1086 2118 questos
1097 2082 1130 2108 de
1144 2081 1178 2108 iis
1192 2088 1252 2115 quae
1264 2086 1363 2108 temere
1377 2081 1410 2107 ab
1425 2081 1470 2108 illo
1482 2082 1586 2116 prolata
1603 2087 1682 2115 sunt,

900 2128 1088 2163 plurimosque
1108 2126 1192 2153 fuisse
1204 2126 1250 2160 qui
1267 2129 1409 2161 propterea
1431 2125 1522 2153 animo
1539 2128 1683 2155 vehemen-

901 2173 1004 2200 tissime
1019 2172 1223 2199 excruciantur.
1234 2170 1364 2198 Nonnulli
1380 2171 1444 2198 item
1456 2172 1529 2203 illius
1544 2179 1684 2200 commen-

901 2218 1050 2246 tationibus
1080 2217 1275 2252 acquiescunt,
1305 2225 1461 2251 novumque
1489 2217 1586 2252 dogma
1613 2219 1684 2245 male

901 2264 1038 2290 intrusum
1050 2263 1129 2290 facile
1143 2263 1359 2297 amplectuntur,
1377 2266 1403 2289 et
1418 2262 1577 2289 nominibus
1592 2263 1684 2297 potius

61 2311 98 2345 μὴ
114 2311 225 2345 δόξαιμι
248 2310 308 2336 κατ’
323 2310 440 2345 ἐμαυτὸν
458 2311 549 2345 ἀγῶνα
568 2311 704 2337 δικανικὸν
719 2311 847 2346 εξσάγειν,
865 2306 870 2332 Ῑ

900 2317 982 2345 quam
995 2309 1086 2340 rebus,
1104 2308 1175 2343 quod
1191 2308 1263 2335 facto
1274 2315 1343 2343 opus
1358 2311 1440 2340 esset,
1454 2308 1576 2334 animum
1590 2308 1684 2335 adver-

59 2356 110 2382 οὺκ
124 2357 258 2383 ἀνοίκειον
272 2355 391 2391 ἠγοῦμαι
409 2357 496 2383 πᾶσαν
517 2357 565 2392 μὲν
579 2356 645 2392 ὁμοῦ
660 2356 786 2390 συζεῦξαι
802 2356 850 2392 τὴν

60 2401 192 2437 ἐξήγησιν
216 2401 299 2427 αὑτοῦ
322 2401 386 2436 τῇδε
406 2401 451 2428 τοῦ
475 2402 636 2437 γράμματος
654 2401 801 2437 ὑπαγορίᾳ,
816 2401 850 2428 δι’

61 2447 194 2482 ἐκατέρου
219 2447 249 2473 δὲ
270 2447 406 2482 τρανῶσαι
422 2446 452 2473 τὺ
473 2447 566 2481 σαφές·
588 2447 626 2479 ὡς
643 2447 675 2474 ἂν
693 2448 760 2482 μήτε
779 2446 850 2479 τινὲς

61 2491 156 2517 οἵοιντο
168 2492 346 2525 συκοφαντεῖν
358 2492 432 2527 ἡμᾶς
444 2491 516 2523 ὅπως
529 2491 627 2527 δήποτε
643 2491 752 2524 δοξάσαι
767 2500 852 2528 προσ-

63 2537 210 2572 αχθέντας,
242 2537 304 2572 μήτ’
325 2535 357 2564 αὖ
389 2537 469 2564 πάλιν
499 2537 686 2573 ἀμφηρίστους
709 2535 777 2563 εῖναι
802 2536 852 2569 τὰς

63 2583 139 2615 δόξας
164 2583 318 2619 ἑκατέρων·
343 2583 443 2610 οἴονται
468 2583 522 2619 γὰρ
547 2584 579 2610 ὲκ
602 2584 651 2619 τῆς
681 2583 851 2619 παραλλήλου

64 2628 233 2664 συγκρίσεως
246 2628 416 2660 ἁνεξετάζειν
432 2629 480 2664 μὲν
494 2629 567 2660 ὅπως
581 2628 630 2664 ἔχῃ
641 2628 718 2664 δόξης
735 2628 852 2662 ἑκάτερα

63 2675 96 2702 τὰ
110 2675 192 2710 μέρη,
213 2675 264 2710 τὴν
278 2675 408 2710 ἀμείνονα
424 2675 451 2701 δὲ
466 2674 579 2710 γνώμην
602 2675 630 2708 ἐξ
646 2675 745 2710 ἀμφοῖν
762 2676 850 2711 αἱρεῖ-

64 2720 123 2747 σθαι
144 2721 209 2753 τοὺς
230 2721 397 2755 φιλολόγους.
417 2720 485 2749 Οὔτε
510 2720 575 2755 γοῦν
598 2721 680 2753 ἵππος
699 2721 850 2756 ἀγωνιστὴς

64 2764 128 2794 εἶναι
153 2766 280 2803 κρίνεται
307 2766 416 2802 δόκιμος
442 2766 549 2802 ἐαυτῷ,
570 2766 676 2802 τρέχων
701 2767 846 2798 εὐσκελῶς,

63 2814 114 2842 οὐδ’
129 2815 154 2842 εἰ
168 2813 275 2851 σφόδρα.
297 2809 397 2848 κοῦφος
417 2812 455 2839 ὢν
468 2812 562 2848 ὥσπερ
576 2811 727 2848 ὑπόπτερος
748 2812 847 2839 ἐπιδει-

899 2358 969 2382 tunt.
988 2354 1026 2382 Ne
1050 2354 1131 2389 igitur
1151 2358 1247 2388 sponte
1267 2354 1375 2381 forense
1395 2361 1426 2380 ac
1453 2353 1683 2380 concertatorium

897 2400 1028 2436 judiciale
1039 2407 1124 2435 genus
1141 2399 1259 2426 subiisse
1275 2399 1384 2430 videar,
1404 2405 1493 2432 opera:
1508 2397 1684 2432 pretiumfe-

899 2446 983 2474 cerim
1002 2446 1024 2473 si
1041 2453 1147 2472 omnem
1164 2445 1238 2471 illius
1258 2443 1453 2479 expositionem
1469 2450 1523 2470 una
1546 2451 1608 2470 cum
1630 2442 1681 2470 hac

899 2499 959 2519 mea
991 2491 1138 2526 scriptione
1163 2490 1344 2525 conjungam,
1374 2493 1400 2516 et
1429 2489 1559 2524 utrinque
1583 2496 1678 2516 verum

900 2537 1019 2571 aperiam
1034 2546 1040 2564 :
1053 2545 1087 2564 ne
1103 2537 1151 2563 ulli
1166 2535 1296 2571 opinandi
1312 2535 1348 2562 sit
1362 2535 1439 2562 locus
1453 2542 1504 2562 nos
1523 2539 1616 2570 aperte
1631 2542 1680 2562 ca-

899 2582 1044 2614 lumniari,
1069 2582 1148 2617 quasi
1172 2580 1276 2608 homini
1296 2587 1391 2615 parum
1414 2581 1530 2615 ingenue
1545 2582 1683 2616 imposue-

898 2628 1003 2661 rimus;
1024 2627 1140 2662 ideoque
1159 2627 1301 2662 utriusque
1321 2627 1473 2654 sententias
1495 2626 1592 2654 dubias
1609 2634 1679 2654 esse.

899 2673 1051 2708 Opinantur
1066 2673 1138 2700 enim
1158 2672 1303 2707 utriusque
1317 2672 1519 2706 comparatione
1537 2672 1684 2706 utriusque

898 2719 985 2754 partis
1000 2718 1162 2746 sententiam
1184 2717 1280 2744 melius
1295 2716 1432 2749 discerni,
1450 2717 1578 2752 deinceps
1590 2717 1680 2752 philo-

901 2767 976 2801 logos
989 2765 1022 2793 ad
1043 2764 1182 2792 meliorem
1200 2771 1260 2791 sese
1285 2763 1431 2798 applicare.
1448 2762 1509 2790 Non
1529 2763 1620 2798 itaque
1635 2763 1682 2792 ille

901 2819 988 2848 equus
1004 2813 1177 2840 concertator
1191 2817 1252 2839 esse
1269 2809 1383 2838 aliorum
1398 2808 1503 2845 judicio
1518 2808 1680 2844 comproba-
