1911 3073
228 131 280 158 615

665 125 694 153 S.
712 125 897 154 EUSTATHll
912 125 1173 153 ABCHIEPISCOPI
1190 124 1397 155 ANTIQCHENI

1803 128 1856 155 6l5

196 215 203 224 _
229 193 274 215 tur
299 188 345 224 qui
377 187 539 215 festinanter
560 187 645 214 citato
673 186 758 221 gradu
776 189 923 222 properat,
948 185 1012 213 licet

1062 194 1156 211 κνυται
1178 185 1225 217 τὰς
1252 186 1381 221 κινήσεις·
1408 185 1463 212 οὒτ’
1486 183 1563 218 αὖθις
1586 185 1710 222 ἀθλητῶν
1728 184 1857 212 ὠκύτατα

229 233 380 260 incredibili
395 233 549 265 celeritate,
571 233 650 268 quasi
666 233 716 260 alis
732 232 874 263 niteretur,
889 231 1013 266 miraque

228 278 388 307 incitatione
416 279 559 307 confestim
589 280 705 307 advolet.
728 278 821 314 Neque
848 278 1011 305 athletarum

226 326 271 352 ille
285 325 405 360 optimus
422 330 463 352 est
479 325 524 360 qui
550 326 621 352 inter
642 324 803 352 certandum
822 325 899 352 ocius
917 324 1012 360 pedem

225 370 351 398 conferre
369 375 474 406 potest.
500 379 550 398 nec
577 371 721 406 quisquam
745 371 833 402 alius,
858 370 916 397 sive
939 370 1012 397 luela

226 416 333 449 agiliter
343 416 498 447 contendat.
515 416 571 444 sive
583 416 732 443 durissimo
746 416 887 450 pancratio
901 415 1012 442 vulnera

226 461 356 495 patiatur,
374 461 431 489 sive
443 466 526 488 caestu
544 468 661 496 pugnam
678 461 847 491 committat,
866 460 907 487 vel
921 468 1010 488 aerem

226 506 299 533 inani
314 508 487 534 brachiorum
499 507 647 542 jactatione
662 507 811 534 everberet.
828 506 881 533 Eos
895 514 1013 541 namque

225 553 272 586 qui
288 558 427 580 certamen
450 554 561 585 ineunt,
588 552 712 580 cominus
727 560 791 579 cum
811 552 936 579 hostibus
961 560 1012 586 pu-

1065 231 1173 266 τρέχειν
1200 232 1228 257 ἐν
1255 231 1353 266 σταδίῳ
1382 231 1546 266 δυνάμενος,
1572 232 1634 259 οὔτε
1657 232 1737 263 ἄλλος
1757 231 1856 264 οὐδεὶς,

1065 277 1127 304 οὔτε
1150 277 1272 303 παλαίων
1297 277 1397 312 ὑγρῶς,
1420 276 1482 304 οὔτε
1504 278 1658 312 τραχύτατα
1684 277 1856 313 παγκρατιά-

1066 322 1130 355 ζων,
1150 322 1166 358 ἢ
1190 323 1351 357 τωγμαχῶν,
1375 323 1390 357 ἢ
1413 323 1459 350 τὸν
1479 323 1549 359 ἀέρα
1570 324 1656 359 δέρων
1673 324 1857 360 ἑωροκοπίαις

1066 369 1266 403 ὑποκειμένοις·
1280 368 1346 395 ἀλλὰ
1366 368 1494 395 συσταδὸν
1510 369 1639 405 ἁρμόττει
1658 368 1693 395 τὰ
1713 369 1856 404 μαχόμενα

1065 416 1120 446 τοῖς
1137 415 1267 446 ἐναντίοις
1280 416 1456 442 ἀντιστατείνθ
1473 415 1506 441 ἵν’
1528 414 1556 447 ἒξ
1577 415 1635 447 ἑνὸς
1653 415 1786 450 ὁποτέρου
1801 415 1856 441 δια-

1065 460 1232 496 γινώσκηται
1256 461 1287 487 τὸ
1311 459 1438 496 προῦχον.
1464 461 1542 487 Ὥστε
1567 461 1601 487 τὰ
1624 461 1674 496 μὲν
1704 460 1855 496 Ὡριγένεια

1066 507 1233 542 προτακτέον
1250 507 1279 533 ὲν
1303 506 1432 542 πρώτοις.
1449 507 1501 542 ἰδίᾳ
1514 507 1543 533 δὲ
1557 507 1632 540 τάξει
1647 507 1694 533 καὶ
1713 506 1761 533 τὸν
1782 507 1854 533 ἀντι-

1066 553 1197 579 πίπτοντα
1212 553 1274 579 νοῦν
1285 553 1397 585 ἐκείνοις
1411 553 1535 585 ἐξετάσαι
1553 552 1746 580 σπουδαστέον.

224 608 309 635 gnare
334 604 483 635 contraque
511 601 619 628 obstare
652 601 745 631 decet.
769 605 798 626 ιιι
815 600 877 635 quis
897 599 993 626 melior
1014 599 1050 626 sit
1081 600 1203 635 dignosci
1229 600 1309 627 facile
1332 601 1427 635 possit.
1449 601 1538 633 Quare
1566 601 1594 627 in
1622 600 1718 635 primis
1744 599 1853 635 quidem

225 650 289 673 ante
316 646 369 673 alia
409 646 535 681 Origenis
567 646 642 673 dicta
676 653 881 681 proponemus,
914 644 1012 672 deinde
1035 646 1204 672 contrariam
1238 646 1293 673 illis
1322 646 1486 674 sententiam
1527 645 1743 679 subnectemus,
1770 653 1854 683 quam

226 693 328 727 ingenii
342 693 476 720 industria
499 697 580 727 atque
602 693 742 728 diligentia
765 692 902 719 discutere
925 699 1015 726 opera:
1032 693 1149 727 pretium
1167 693 1230 720 erit.

261 738 293 765 ll.
309 739 364 774 Age
381 739 463 773 igitur
484 739 605 766 historia:
620 739 717 766 seriem
730 758 737 770 ,
757 738 847 773 quoad
869 738 929 772 ejus
954 738 1012 764 licri

224 784 326 820 poterit
340 785 473 819 nobisque
486 784 600 811 facultas
613 783 733 815 dabitur,
750 783 934 817 speculemur.
950 782 1012 809 inde

1101 739 1134 765 IL
1150 739 1217 774 Φέρε
1229 737 1278 765 οὖν
1294 739 1359 765 αὐτὸ
1373 738 1402 765 τὸ
1417 739 1467 774 τῆς
1484 739 1603 775 ἱστορίας
1616 739 1734 775 γράμμα
1749 739 1855 777 Θεωρὴ-

1067 793 1157 820 σωμεν
1183 786 1220 817 ὡς
1242 782 1296 812 οἶόν
1323 794 1352 811 τε
1380 785 1450 812 κατὰ
1473 785 1503 811 τὸ
1525 785 1634 820 ἐφικτὸν
1649 785 1754 811 ἐνθένδε
1771 787 1854 813 πόθεν

226 830 297 857 unde
309 837 357 864 par
373 833 415 856 est
427 833 535 864 sumpto
547 828 712 856 initio.Cum
728 827 793 855 Saul
806 828 906 862 optime
919 827 1010 862 populi

1065 831 1190 865 ἀρκτέον.
1213 831 1344 866 Ὀπηνίκα
1367 831 1415 866 μὲν
1442 831 1456 856 ὁ
1476 831 1562 858 Σαοὺλ
1584 831 1682 866 ἄριστα
1704 832 1853 867 προῖστατο

224 878 356 909 przeesset
379 874 567 905 multitudini,
591 882 697 906 omnes,
714 873 802 908 inquit
819 873 828 887 ‘
839 892 846 904 ,
879 873 1008 907 engastri-

225 920 328 955 myl/tos
347 920 438 955 ejecit,
464 927 614 955 omnesque
634 919 754 954 reliquos
773 922 882 954 gnostas
907 918 1009 950 dictos,

224 966 309 993 veluti
327 965 574 1000 perniciosissimas
591 969 692 1000 pestes,
711 965 757 1000 qui
774 964 811 991 ita
827 964 1008 995 vocabantur,

224 1012 326 1038 ariolos
343 1011 453 1046 depulit.
473 1010 572 1038 Verum
591 1011 635 1037 ubi
654 1011 736 1038 rebus
749 1010 876 1045 pessimis
889 1009 1010 1036 animum

224 1057 350 1088 advertit,
365 1065 380 1083 a
395 1057 563 1092 nequissimo
578 1056 700 1084 dmmone
711 1057 781 1083 male
800 1061 931 1087 vexatus,
949 1063 1011 1082 rur-

224 1110 284 1129 sum
305 1101 384 1128 aﬁ‘ata
410 1101 582 1128 fatidicorum
604 1108 636 1127 ac
652 1104 745 1127 vatum
761 1101 906 1127 ambitiose
927 1100 1010 1127 nimis

224 1148 409 1183 amplectitur,
427 1148 508 1183 paulo
523 1151 587 1174 ante
604 1147 736 1174 dissoluta
754 1154 932 1180 componens,
948 1154 1011 1180 pro-

223 1199 370 1230 ptereaque
395 1194 572 1228 semetipsum
596 1193 689 1220 violati
719 1191 839 1219 mandati
866 1199 943 1219 reum
967 1199 1011 1217 ar-

221 1248 319 1277 guens.
349 1240 453 1275 Quippe
485 1247 547 1267 cum
584 1236 667 1266 vicﬂii
702 1238 856 1272 alienigena.-
887 1237 1010 1264 unanimi

221 1295 360 1314 consensu
377 1286 476 1313 bellum
490 1285 674 1316 indicerent’,
684 1288 711 1311 et
727 1284 835 1311 collatis
847 1284 943 1319 signis,
959 1292 1010 1310 nu-

222 1341 331 1361 merosa
348 1333 512 1368 phalangum
527 1332 605 1367 copia
618 1338 693 1358 arma
708 1334 900 1362 consererent,
917 1337 1011 1357 exser-

217 1380 313 1414 tisque
335 1379 432 1414 gladiis
457 1385 562 1406 summa
587 1377 669 1404 animi
694 1377 867 1404 contentione
892 1384 1009 1412 pugnam

223 1426 420 1459 deposcerent;
437 1424 560 1450 misellus
582 1422 647 1449 Sanl
663 1423 833 1450 tabernaculi
854 1430 1008 1458 propugna-

223 1472 316 1497 culum
330 1475 357 1498 et
371 1471 474 1505 reliqua
491 1470 591 1500 omnia,
606 1473 636 1495 ιιι
651 1469 688 1495 ita
704 1469 793 1496 dicam
804 1489 812 1502 ,
832 1470 941 1496 oculata
957 1468 1008 1495 ﬁde

1062 877 1111 912 τῆς
1125 877 1171 903 τοῦ
1186 877 1251 904 λαοῦ
1272 876 1451 912 πολυανδρίας
1461 897 1468 909 ,
1489 876 1568 913 ἐξῆρε
1583 877 1699 910 πάντας
1715 878 1787 911 τοὺς
1803 878 1852 912 ἐτ-

1061 924 1290 958 γαστριμύθους,
1305 923 1367 959 ἔφη,
1383 923 1429 950 καὶ
1443 923 1506 955 τοὺς
1516 923 1585 950 οὕτω
1596 923 1781 959 καλουμένους
1793 924 1854 951 ὀνό-

1064 977 1127 1004 ματι
1146 969 1292 1004 γνὼστας,
1310 969 1358 996 ἅτε
1374 969 1406 1005 δὴ
1429 969 1571 1004 λυμεῶνας
1595 969 1797 1004 ὲμφοχεὺσντας
1812 970 1851 1005 (1)

1062 1013 1208 1048 ἐχθίστους.
1232 1014 1339 1050 Ἐπειδὴ
1353 1014 1381 1041 δὲ
1401 1015 1515 1049 τραπεὶς
1530 1015 1575 1040 ἐπὶ
1591 1014 1625 1040 τὰ
1642 1015 1767 1050 χείριστα
1783 1015 1852 1051 πρὸς

1060 1059 1107 1085 τοῦ
1135 1059 1274 1095 ἀλιτηρίου
1302 1060 1408 1096 πικρῶς
1435 1060 1565 1095 ἠλαύνετο
1593 1060 1737 1095 δαίμονος,
1764 1060 1853 1096 ᾣχετο

1062 1105 1142 1132 πάλιν
1156 1107 1202 1132 ἐπὶ
1224 1106 1258 1132 τὰ
1274 1107 1405 1142 φάσματα
1426 1107 1476 1142 τῆς
1492 1107 1619 1142 μαντείας
1632 1106 1734 1138 αὐτῶν,
1750 1107 1853 1134 οἰκοδο-

1063 1150 1195 1185 μούμενος
1212 1150 1230 1177 ἃ
1247 1151 1391 1177 κατέλυσεν
1407 1151 1489 1186 ὀλίγῳ
1503 1151 1631 1187 πρόσθεν,
1648 1152 1745 1178 ἑαυτὸν
1759 1151 1789 1178 δὲ
1804 1153 1852 1178 καὶ

1060 1196 1104 1222 διὰ
1124 1196 1202 1222 τοῦτο
1225 1197 1385 1232 παραϐάτην
1411 1197 1543 1233 ἐλέγχων*
1572 1197 1609 1228 ὡς
1637 1197 1690 1234 γὰρ
1714 1198 1740 1224 οἱ
1768 1197 1852 1233 πέριξ

1061 1241 1235 1276 ἀλλογενεῖς
1248 1242 1377 1277 ὸμοθύμῳ
1391 1243 1491 1278 σπουδῇ
1505 1242 1622 1278 πολέμου
1635 1243 1741 1277 γένεσιν
1756 1243 1852 1278 ἀνεκή-

1063 1296 1166 1322 ρυττον,
1187 1288 1374 1323 ἀθροισθέντες
1398 1289 1446 1323 μὲν
1464 1288 1502 1320 ὡς
1523 1288 1562 1315 ἔνι
1586 1289 1703 1323 μάλιστα
1717 1288 1850 1324 τεταμπληι⁵

1062 1332 1103 1359 Oet
1117 1332 1167 1364 τὰς
1190 1333 1333 1368 φάλαγγας
1356 1334 1595 1369 ὰντιπαρέταττον,
1614 1334 1682 1360 ὅπλα
1701 1334 1730 1360 δὲ
1745 1334 1853 1368 γυμνά-

1063 1389 1157 1413 σαντες
1169 1383 1208 1413 εἰς
1227 1382 1314 1417 μάχην
1330 1382 1434 1414 ἐξίεσαν
1452 1381 1603 1418 εὐρώστως·
1618 1384 1632 1409 ὁ
1648 1382 1772 1417 μέντοιγε
1790 1382 1854 1417 σχέ-

1061 1427 1133 1459 τλιος
1154 1428 1250 1460 Σαοὺλ,
1266 1428 1331 1454 αὐτὸ
1355 1428 1384 1454 τὸ
1403 1429 1452 1463 τῆς
1478 1428 1655 1465 παρεμϐολῆς
1675 1428 1852 1463 ἐπιτείχισμα

1062 1474 1253 1509 πεφραγμένον
1279 1474 1339 1500 ἰδὼν
1357 1474 1483 1508 αὑτοψεὶ,
1499 1474 1563 1505 καὶ,
1578 1474 1608 1500 τὸ
1626 1474 1736 1509 σύμπαν
1751 1475 1851 1506 εἰπεῖν,

222 1517 342 1545 hostium
355 1517 438 1544 armis
451 1516 561 1543 occlusa
578 1515 716 1542 contuitus
726 1535 733 1547 ,
747 1522 761 1541 a
774 1522 803 1543 se
815 1515 872 1550 ipse
883 1514 1010 1542 discessit

1062 1519 1157 1555 ἐξέστη
1180 1520 1379 1554 καταπλαγεὶς,
1397 1520 1464 1555 ὼςή
1488 1520 1547 1546 θεία
1569 1519 1719 1555 διαγορεύει
1741 1520 1849 1556 ΓραιρήΔ

222 1564 370 1592 attonitus,
401 1566 429 1588 ut
459 1562 556 1587 (liniue
580 1565 715 1588 testantur
743 1560 860 1587 Litterze.
877 1559 1009 1594 Deinceps

223 1609 342 1639 addunt,
357 1608 508 1634 consulebat
525 1607 665 1632 Dominum
681 1606 690 1621 ³
704 1627 710 1637 ,
735 1610 865 1641 appetens
884 1606 1010 1634 videlicet

223 1657 293 1682 scire
310 1655 373 1690 quid
389 1663 456 1689 opus
473 1654 543 1680 [ιιι-ιιι
574 1657 661 1685 esset;
677 1657 702 1679 ct
722 1653 827 1679 omnino
843 1661 894 1679 nan
907 1660 1010 1686 respon-

222 1702 260 1727 dit
277 1702 299 1728 ei
316 1701 442 1726 Dominus
460 1701 484 1726 in
501 1700 623 1730 somniis,
639 1700 663 1725 in
676 1699 933 1733 utanifestatiunibus
946 1703 969 1725 ει
982 1700 1008 1725 in

222 1747 363 1783 prop/ictis.
384 1747 504 1774 Sceleste
524 1755 640 1781 namque
661 1746 797 1781 impieque
817 1746 907 1780 agenti
932 1744 1009 1772 Sauli

223 1794 328 1821 Numen
346 1801 476 1828 responsa
492 1802 544 1820 non
558 1794 614 1819 (lat.
636 1792 706 1824 Quid
728 1799 792 1819 vero
811 1791 902 1819 divino
922 1791 1008 1818 desti-

222 1844 298 1867 tutus
315 1840 415 1867 auxilio
427 1840 539 1874 posthac
554 1838 742 1865 machinatur?
753 1837 811 1864 Non
824 1838 911 1872 placat
924 1837 1007 1864 Dcum

223 1887 350 1921 precibus
371 1886 476 1913 iteratis
496 1885 662 1919 assiduoque
687 1884 769 1910 animi
796 1885 889 1916 cultu,
911 1884 922 1900 ⁸
941 1885 1007 1919 quin

222 1931 369 1959 contrariis
388 1939 419 1958 ac
442 1931 627 1966 pugnantibus
653 1931 751 1958 studiis
773 1931 899 1958 resiliens
921 1930 1007 1965 magis

221 1985 254 2004 ac
269 1977 426 2012 magisjnra
446 1977 538 2003 violat.
556 1977 651 2004 Pueris
666 1977 722 2003 suis
744 1977 857 2011 imperat
872 1975 1006 2002 mulierem

220 2023 459 2058 eugastrimyllmm
472 2031 597 2057 qua’rere,
616 2027 643 2048 ut
662 2022 695 2048 ad
713 2030 771 2049 cam
788 2022 912 2048 accedens
927 2022 1007 2048 veluti

217 2076 254 2095 ea:
266 2069 373 2094 oraculo
387 2069 578 2095 sciscitaretur.
594 2067 616 2093 A
629 2067 762 2094 ministris
777 2071 866 2093 autem
879 2066 1006 2102 pessimis

219 2116 296 2143 illico
319 2115 435 2142 fanatica
460 2115 584 2149 prodita,
605 2113 671 2141 Saul
689 2117 812 2148 prompte
839 2113 933 2141 habitu
955 2121 1006 2141 suo

221 2165 347 2193 mutato,
377 2161 543 2195 indutiisque
572 2160 633 2186 aliis
662 2159 854 2191 vestimentis,
883 2159 1007 2188 velocia:

1063 1566 1131 1600 μετὰ
1145 1565 1173 1592 δὲ
1195 1567 1272 1592 τοῦτό
1294 1574 1384 1601 φησιν,
1400 1566 1497 1600 ἠρώτα
1509 1566 1557 1593 διὰ
1573 1566 1625 1593 τοῦ
1639 1567 1763 1600 Κυρίου,
1780 1566 1846 1600 γνῶ-

1061 1620 1104 1638 ναι
1118 1611 1217 1647 δηλαδὴ
1230 1611 1262 1638 τὰ
1277 1612 1400 1647 πρακτέα
1414 1611 1579 1647 γλιχόμενος·
1597 1614 1613 1638 ὀ
1625 1612 1658 1638 δὲ
1672 1612 1782 1645 Κύριος
1797 1613 1849 1638 οὐκ

1059 1658 1239 1691 ἀπεκρίνατο
1253 1658 1285 1684 τὸ
1306 1657 1446 1692 παράπαν
1466 1657 1546 1690 αὐτῷ
1561 1657 1604 1685 διὰ
1617 1658 1666 1689 τὰς
1681 1657 1731 1693 τῆς
1746 1658 1849 1688 ἀδικίας

1060 1703 1228 1739 ὑπερϐολὰς,
1255 1704 1321 1730 οὔτε
1344 1704 1379 1730 ἐν
1394 1704 1561 1736 ἐνυπνίοις,
1586 1704 1655 1730 οὔτε
1678 1704 1715 1730 ἐν’
1733 1703 1849 1738 διμοις.

1060 1750 1131 1775 οὗτε
1147 1749 1181 1775 ἐν
1203 1749 1265 1782 τοῖς
1284 1749 1461 1783 προφήταις.
1491 1748 1569 1775 ’Λλλὰ
1589 1749 1641 1785 μὴν
1656 1749 1756 1784 ἐκείνῳ
1777 1757 1809 1783 γε
1822 1750 1851 1776 τὶ

1059 1795 1134 1821 Θεῖον
1155 1795 1204 1821 οὐκ
1224 1794 1405 1831 ἐχρημάτιζεν
1421 1794 1546 1830 οὐδαμῶς
1569 1794 1684 1829 ἀθέμιτα
1709 1795 1850 1831 δράσαντι.

1059 1841 1091 1866 Τί
1103 1840 1131 1867 δὲ
1155 1841 1222 1876 μετὰ
1237 1841 1322 1867 ταῦτα
1345 1841 1458 1876 πράττει
1472 1841 1521 1876 τῆς
1538 1841 1667 1868 ἀνωτάτω
1682 1841 1849 1877 γυμνασθεὶς

1059 1887 1096 1921 (2)
1115 1887 1290 1922 ὲπικουρίας;
1312 1887 1371 1913 ἀντὶ
1394 1886 1441 1912 τοῦ
1468 1886 1566 1922 μᾶλλον
1588 1886 1786 1920 ὲξιλεώσασθαι
1804 1896 1849 1914 συ-

1058 1932 1172 1968 χνοτέρᾳ
1196 1932 1287 1968 δεήσει
1311 1933 1356 1959 καὶ
1385 1933 1507 1968 καρτερᾷ
1528 1932 1722 1969 ψυχολατρείᾳ,
1736 1934 1849 1961 τούναν-

1058 1978 1113 2004 τίον
1129 1978 1308 2013 ἀποπηδήσας
1326 1978 1402 2011 αὔξει
1422 1978 1471 2013 μὲν
1487 1978 1521 2004 τὰ
1543 1979 1593 2013 τῆς
1605 1979 1777 2011 ἀποστασίας
1791 1980 1849 2006 ἐπι-

1056 2024 1222 2059 τηδεύματα.
1245 2025 1306 2056 Τοῖς
1329 2024 1357 2050 δὲ
1384 2023 1476 2050 παισὶν
1501 2024 1582 2050 αὑτοῦ
1606 2025 1774 2059 προσέταττε
1798 2035 1849 2060 γυ-

1057 2070 1145 2097 ναῖκα
1158 2069 1299 2103 ζητήσειν
1310 2069 1615 2105 ἐγ-γτιστρίμιιθον,ἶνα
1625 2070 1763 2104 ἀφίκοιτο
1775 2072 1850 2105 πριῖς

1056 2117 1153 2151 αὐτὴν
1179 2117 1366 2150 πευσόμενος
1390 2117 1430 2150 ὠς
1454 2118 1489 2144 ὲν
1510 2117 1648 2152 μαντείῳ.
1676 2116 1737 2143 Τῶν
1766 2117 1794 2144 δὲ
1817 2117 1848 2153 δὴ

1057 2163 1200 2198 χειρίστων
1217 2162 1361 2198 ὑπηρετῶν
1376 2163 1474 2190 αὐτίκα
1497 2163 1528 2199 δὴ
1549 2163 1619 2198 μάλα
1634 2163 1847 2198 καταμηνυσάν-

216 2209 342 2236 exercitu
357 2207 471 2234 dimisso
484 2206 643 2242 pervolavit.
664 2205 714 2233 Ubi
730 2205 763 2232 ad
784 2205 869 2240 ipsam
887 2206 1005 2232 accessit

1062 2217 1120 2238 των,
1139 2209 1187 2243 τὴν
1205 2208 1395 2243 Eua-.quva
1414 2209 1462 2244 μὲν
1480 2209 1565 2235 Σαοὺλ
1579 2209 1695 2244 ἀμελητ)⁸
1712 2218 1848 2245 μετασχη-

219 2262 281 2280 cnm
300 2254 407 2280 duobus
422 2253 486 2279 viris
503 2257 597 2282 nocte,
616 2255 680 2277 tunc
706 2251 820 2286 supplex
847 2251 920 2278 illam
939 2251 1007 2278 allo-

213 2301 369 2335 quebatur:
390 2299 537 2325 l'aticfnan’
552 2297 624 2327 mihi.
633 2297 737 2329 (licens,
749 2297 776 2324 in
787 2297 1005 2332 engastrimytho,

218 2351 244 2373 ct
261 2346 302 2380 [ac
315 2345 378 2371 mihi
391 2345 529 2370 ascendere
540 2351 613 2376 quem
627 2342 718 2369 dixero
730 2342 787 2369 tibi.
804 2342 889 2378 Igitur
904 2343 926 2370 si
940 2342 1005 2369 Saul

220 2401 267 2427 per
282 2392 526 2427 cngastriniythmn
542 2394 572 2417 ut
591 2389 642 2416 sibi
668 2389 837 2417 dirinaretnr
853 2390 1004 2422 exorabat,

219 2446 298 2465 veras
315 2437 450 2471 quispiam
470 2436 555 2463 fuisse
576 2436 635 2470 ejus
651 2443 730 2462 voces
749 2434 937 2462 asseverabit‘.’
952 2434 1005 2462 Ve-

219 2491 278 2510 rum
303 2483 365 2517 quis
393 2483 468 2509 illum
488 2483 513 2508 in
538 2482 693 2516 deploratas
713 2488 875 2508 conversum
898 2480 1004 2508 divina—

218 2530 307 2557 tiones
321 2534 347 2557 et
363 2530 511 2556 diabolicas
529 2530 681 2556 lalmlarnm
700 2528 872 2563 operatioues
890 2528 1000 2555 immani

218 2575 310 2603 iurore
328 2583 341 2601 a
359 2575 480 2602 daenume
506 2579 630 2601 vexatum
656 2575 740 2600 fuisse
767 2573 891 2608 ignorat?
908 2572 1003 2601 Nonne

219 2620 301 2652 Deus.
317 2621 363 2655 qui
386 2622 411 2648 in
425 2630 454 2648 os
470 2621 587 2647 Balaami
607 2628 747 2647 sermones
762 2619 911 2653 imposuit.
929 2618 1003 2655 Moy-

216 2665 296 2701 sique
308 2672 337 2693 ut
352 2674 480 2701 expresse
497 2666 524 2694 in
546 2665 671 2694 Numeris
690 2666 824 2693 scriberet
840 2666 983 2700 imperavit
995 2686 1002 2697 ,

253 2756 266 2772 ³
282 2755 297 2783 1
312 2756 374 2792 Reg.
394 2764 490 2789 XXVIII,
511 2758 537 2784 3.
575 2756 586 2771 ’
600 2756 665 2783 ibid.
683 2756 711 2784 ι.
749 2756 759 2771 ³
771 2755 835 2783 ibid.
855 2755 881 2784 6.
920 2755 931 2772 ⁸
945 2754 1009 2783 ibid.
1027 2756 1051 2782 7.

254 2844 292 2881 (Ι)
299 2846 539 2880 Ἐμφοχεύονταςκ
566 2845 686 2880 Ἐμιιςωλε
691 2846 794 2877 ύοντας.

1060 2254 1174 2289 ματίσας
1191 2254 1296 2286 ἑαυτὸν,
1315 2254 1363 2281 καὶ
1383 2254 1417 2281 τὰ
1439 2256 1488 2290 τῆς
1510 2254 1623 2290 ἐσθῆτος
1638 2255 1759 2290 ἀμείψας
1775 2255 1834 2282 ὲνδύ

1060 2309 1141 2335 ματα,
1155 2300 1282 2336 δρομαῖος
1298 2300 1393 2335 ᾤχετο,
1410 2301 1459 2337 τὴν
1477 2301 1604 2336 στρατιὰν
1619 2300 1749 2327 ἐκλιπών
1768 2301 1806 2333 ὡς
1820 2301 1848 2327 δὲ

1058 2346 1182 2380 ἁψίκοιτο
1207 2346 1274 2381 πρὸς
1299 2345 1383 2381 αὐτὴν
1407 2347 1465 2381 ἅμα
1489 2347 1564 2373 δυσὶν
1589 2346 1702 2382 ἀνδράσι
1727 2346 1846 2382 νύκτωρ,

1058 2392 1176 2425 ἀξιώσας
1196 2393 1265 2427 αὐτῇ
1291 2393 1472 2428 προσεφέρετο
1489 2392 1654 2428 τηνικαῦτα,
1673 2392 1848 2420 Maii-rauca;

1057 2438 1094 2471 δή
1112 2447 1179 2473 μοι,
1204 2437 1309 2472 λέγων,
1333 2438 1367 2464 ὲν
1391 2437 1431 2471 τῷ
1455 2439 1689 2473 ἐγγαστριμύθῳ·
1717 2437 1850 2472 ἁνάγαγέ

1055 2492 1121 2518 μοι.
1145 2484 1240 2519 φησιν,
1259 2483 1296 2510 ὃν
1320 2483 1358 2511 ἂν
1384 2484 1457 2510 elato)
1479 2491 1538 2510 σοι.
1564 2483 1717 2519 Τοιγαροῦν
1740 2484 1820 2518 εἰπερ
1835 2484 1849 2509 ὁ

1057 2529 1142 2557 Σαοὺλ
1156 2530 1240 2556 ἐδεῖτο
1261 2529 1305 2557 διὰ
1320 2530 1369 2566 τῆς
1388 2530 1605 2565 ἐγγαστριμύθου
1624 2529 1847 2565 μαντεᾶταοθαι,

1057 2575 1123 2610 φαίη
1142 2583 1184 2606 τις
1200 2574 1232 2601 ἃν
1254 2574 1363 2610 ἀληθεῖς
1377 2573 1447 2601 εἶναι
1461 2574 1510 2606 τὰς
1526 2574 1629 2600 ἐκείνου
1646 2574 1758 2608 φωνάςς
1779 2573 1848 2599 Ἀλλ’

1057 2620 1115 2647 ἐστι
1129 2630 1169 2652 τις
1182 2620 1288 2655 ἀγνοῶν
1301 2621 1339 2652 ὼς
1353 2621 1456 2652 ἐκεῖνος
1470 2620 1522 2646 ὑπὸ
1540 2620 1586 2647 τοῦ
1600 2620 1727 2656 δαίμονος
1740 2619 1850 2656 ἀγρίοις

1059 2667 1184 2693 ὲλαύνετο
1197 2666 1291 2701 θυμοῖς
1311 2668 1350 2698 εὶς
1369 2666 1535 2702 ἀνηκέστους
1550 2667 1698 2702 ὲκτραπεὶς
1718 2665 1848 2701 μαντείας

1098 2845 1136 2881 (2)
1150 2843 1348 2881 Γυμνασθείς,
1364 2845 1527 2882 Γυμνωθεις.
