1911 3073
50 132 101 164 613

490 133 536 162 DE
550 134 849 163 ENGASTRIMYTHO
865 134 1009 163 CONTRA
1027 134 1217 164 ORIGENEM.

1618 135 1672 166 οη

54 231 1656 251 W

268 331 620 390 ORIGENES
659 330 750 388 DE
792 332 1434 391 ENGASTRIMYTHO.

703 443 739 484 ,(1
757 444 835 483 Reg.
852 443 1015 484 xxvnt.)

323 528 406 560 Vide
421 528 557 568 hujusce
572 528 765 568 Patrologice
780 528 1031 560 Graeco-Latinae
1046 532 1121 560 tom.
1138 531 1211 567 ΧΠ,
1228 530 1289 562 eo].
1311 531 1397 561 1011.

358 725 531 792 ΤΟΥ
567 722 827 791 ΑΓΙΟΥ
876 723 1358 792 ΕΥΣΤΑΘΙΟΥ

286 855 930 915 ΑΡΧΙΕΠΙΣΚΟΠΟΥ
961 856 1432 914 ΑΝΤΙΟΧΕΙΑΣ

714 978 808 1004 ΚΑΤΑ
823 977 1014 1004 ΩΡΙΓΕΝΟΥΣ

54 1071 130 1114 ΕΙΣ
164 1072 240 1114 ΤΟ
288 1071 398 1113 ΤΗΣ
443 1067 907 1114 ΕΓΓΑΣΤΡΙΜΥΘΟΥ
944 1068 1211 1113 ΘΕΩΡΗΜΑ
1249 1069 1665 1114 ΔΙΑΓΝΩΣΤΙΚΟΣ.

425 1242 760 1300 εΔΝοτι
801 1245 852 1300 Ε

887 1244 1311 1301 ISTATEII'

618 1347 878 1376 ARCﬂiEPISCOPI
895 1347 1106 1377 ANTIOCIIENI

246 1459 249 1462 .
272 1429 441 1462 CONTRA
460 1429 691 1463 ORIGENEM
701 1431 759 1461 DE
774 1431 1140 1463 ENGASTRJMYTHO
1155 1431 1433 1462 DISSERTATIO

685 1511 768 1537 Leone
777 1512 869 1537 Allatio
882 1513 1042 1544 interprete.j

87 1645 105 1671 1,
125 1644 179 1671 Ἀεὶ
199 1644 250 1680 μὲν
264 1644 372 1679 ἄγαμαι
385 1643 430 1670 τὸν
445 1643 576 1679 ἀξιοφανῆ
590 1645 638 1679 τῆς
657 1644 750 1671 ἐνθέου
762 1645 838 1671 πολι-

922 1645 944 1672 1.
971 1644 1084 1679 Semper
1095 1642 1220 1678 equidem
1237 1643 1334 1679 divina:
1351 1642 1458 1670 vivendi
1481 1642 1594 1671 rationis
1616 1647 1669 1671 tua
1711 1652 1716 1655 ·

56 1688 122 1721 τείας
143 1697 189 1715 σου
211 1688 306 1724 ζῆλον,
329 1685 351 1714 ὧ
375 1688 591 1724 διαπρεπέστατε
613 1688 662 1723 τῆς
684 1689 836 1724 ὀρθοδοξίας

58 1734 191 1771 ἱεροκήρυξ
207 1734 358 1770 Εὑτρόπιε·
379 1735 409 1761 τὸ
426 1735 455 1761 δὲ
475 1735 524 1770 τῆς
541 1734 681 1767 εὐσεϐείας
703 1744 748 1762 σου
768 1735 838 1770 γνώ-

59 1788 134 1815 ρισμα
144 1780 288 1816 πολλαχῶς
305 1779 522 1815 ἐκπληττόμενος
538 1780 588 1816 οὐχ
599 1780 698 1814 ἣκιστα
711 1781 759 1806 καὶ.
774 1781 838 1816 περὶ

57 1826 109 1852 τόδε
132 1827 247 1862 μάλιστα.
269 1826 432 1861 τεθαύμακα
446 1825 476 1852 τὸ
491 1826 584 1861 μέρος·
605 1826 645 1852 ὅτι
658 1826 749 1860 σαφῶς
760 1827 838 1863 ἀκρι-

58 1870 135 1898 ϐῶσαι
149 1872 236 1907 βούλει
249 1871 312 1903 πῶς
330 1871 361 1898 ἂν
374 1871 463 1907 ἔχοιμι
476 1871 588 1906 γνώμης
602 1870 682 1898 ἕνεκα
694 1872 743 1907 τῆς
757 1873 839 1906 ἐγγαί-

58 1917 194 1952 στριμύθου
214 1918 265 1953 τῆς
282 1917 311 1944 ἐν
332 1919 364 1952 τῇ
382 1916 478 1953 πρώτῃ
490 1917 544 1943 τῶν
557 1916 703 1944 Βασιλειῶν
719 1918 838 1953 ἱστορου-

60 1962 143 1998 μένης·
158 1963 187 1989 οὐ
204 1963 260 1999 γὰρ
276 1962 441 1998 ἀρέσκεσθαι
456 1963 509 1998 φῂς
522 1959 562 1994 οἷς
582 1962 712 1995 ἐξέδωκεν
734 1963 838 1999 Ὠριγέ-

58 2016 101 2043 νης
112 2010 148 2040 εἰς
160 2009 239 2044 τήνδε
255 2009 308 2044 τὴν
325 2007 461 2035 ὑπόθεσιν.
483 2009 520 2034 Οὐ
539 2008 591 2043 μὴν
610 2008 677 2034 ἀλλὰ
688 2008 774 2042 ἔγωγε
791 2008 838 2034 καὶ

59 2053 143 2086 ἄλλους
156 2053 212 2082 οἴδα
226 2055 268 2081 ἔτι
286 2055 476 2090 μεμφομένους
490 2054 539 2081 οὐκ
551 2054 655 2089 ὀλίγους
668 2054 708 2089 ἐφ’
723 2051 762 2086 οἷς
773 2054 838 2090 ὡρί-

59 2107 116 2126 σατο
133 2102 297 2136 προχείρως,
311 2100 378 2127 ἀλλὰ
391 2100 482 2135 συχνο).
496 2100 544 2135 μέν
559 2101 627 2126 εἰσιν
639 2101 664 2126 οἰ
679 2100 837 2135 δακνόμενοι

58 2144 101 2177 τὰς
114 2145 198 2182 ψυχὰς
212 2146 393 2182 ἁσχάλλοντες
405 2146 434 2172 οὑ
453 2146 578 2182 μετρίως·
595 2146 650 2173 ἔσθ’
663 2147 706 2172 ὅτε
725 2146 752 2172 δέ
767 2155 838 2178 τινες

58 2187 93 2221 οἷς
114 2191 228 2227 ἔγραψεν
254 2193 359 2223 ἐκεῖνος
375 2192 539 2226 ὑπάγονται,
561 2193 594 2227 τῇ
611 2191 782 2228 προλαεούσῃ
796 2192 838 2218 δο-

58 2235 160 2272 ξοκοπὶᾳ
177 2239 241 2273 ῥᾷον
254 2237 455 2272 ἀνατιθέμενοι,
473 2238 584 2269 καὶτοῖς
598 2238 709 2271 ὀνόμασι
729 2238 836 2273 μᾶλλον,

58 2283 108 2308 ἀλλ’
119 2284 148 2310 οὗ
162 2285 216 2316 τοῖς
231 2284 377 2320 πράγμασι
392 2284 578 2320 προσέχοντες,
591 2284 627 2316 ὡς
640 2284 709 2311 δέον.
728 2285 776 2311 "Iv‘
791 2282 837 2311 οὖν

887 1691 986 1721 zelum,
1005 1689 1115 1724 dignum
1132 1689 1178 1723 qui
1191 1693 1216 1716 et
1229 1688 1290 1715 aliis
1303 1689 1466 1721 innotescat,
1482 1696 1498 1716 ο
1513 1693 1593 1716 recta:
1607 1689 1668 1717 ﬁdei

887 1735 1063 1763 celeberrime
1076 1738 1103 1762 et
1119 1742 1195 1761 sacer
1209 1734 1371 1769 praedicator
1385 1734 1495 1769 Eutropi
1506 1755 1514 1766 ,
1531 1742 1669 1762 commen-

887 1781 921 1808 do
935 1790 941 1808 :
956 1787 1050 1808 verum
1067 1783 1120 1806 tua:
1131 1780 1246 1815 insignis
1258 1780 1366 1814 pietatis
1378 1779 1477 1814 salpius
1490 1780 1671 1808 admiratione

887 1831 1051 1858 commotus,
1068 1834 1123 1853 non
1138 1827 1228 1853 minus
1243 1830 1323 1861 atque
1333 1826 1371 1853 illi
1389 1826 1524 1861 praecipue
1534 1834 1594 1853 eam
1607 1827 1669 1854 lau-

887 1873 958 1901 davi.
979 1871 1027 1900 Vis
1038 1873 1136 1907 quippe
1150 1876 1178 1899 ut
1194 1872 1355 1899 sententiam
1374 1879 1460 1899 meam
1477 1872 1511 1899 de
1527 1871 1669 1907 Engastri-

887 1920 979 1955 mytho
989 1940 997 1951 ,
1014 1919 1093 1954 cujus
1111 1918 1198 1953 primo
1212 1917 1315 1953 Regum
1329 1918 1441 1944 historia
1456 1917 1564 1952 legitur,
1577 1918 1669 1945 decla-

887 1974 944 1993 rem
974 1965 1147 2000 dilucideque
1175 1967 1304 1999 aperiam.
1334 1962 1439 1990 Etenim
1465 1971 1525 1998 quae
1554 1964 1588 1991 de
1618 1964 1669 1992 hac

887 2011 1001 2038 materia
1016 2010 1134 2045 vulgavit
1147 2008 1294 2044 Origenes,
1317 2009 1366 2036 tibi
1381 2017 1468 2043 neque
1484 2013 1561 2044 grata
1581 2018 1670 2046 neque

887 2061 999 2092 accepta
1010 2059 1083 2083 sunt.
1102 2055 1169 2082 Novi
1187 2054 1310 2089 equidem
1322 2054 1400 2086 alios,
1418 2062 1519 2089 eosque
1534 2063 1587 2083 non
1603 2064 1670 2091 pau-

887 2111 946 2135 cos,
962 2106 1074 2136 questus
1084 2101 1117 2127 de
1132 2100 1165 2127 iis
1179 2107 1238 2134 quae
1250 2104 1350 2127 temere
1365 2100 1397 2126 ab
1411 2100 1457 2127 illo
1469 2101 1573 2134 prolata
1589 2105 1668 2133 sunt,

888 2147 1075 2182 plurimosque
1095 2145 1179 2171 fuisse
1191 2144 1236 2179 qui
1255 2148 1396 2179 propterea
1417 2145 1508 2172 animo
1526 2146 1669 2173 vehemen-

888 2192 992 2219 tissime
1005 2189 1209 2218 excruciantur.
1221 2188 1351 2216 Nonnulli
1367 2189 1431 2217 item
1443 2190 1516 2221 illius
1531 2198 1670 2218 commen-

888 2237 1038 2264 tationibus
1067 2235 1262 2270 acquiescunt,
1292 2243 1448 2270 novumque
1477 2236 1574 2271 dogma
1600 2237 1671 2263 male

888 2283 1024 2309 intrusum
1038 2281 1116 2308 facile
1130 2281 1346 2315 amplectuntur,
1364 2284 1391 2307 et
1406 2281 1563 2308 nominibus
1580 2281 1671 2316 potius

59 2328 91 2363 μὴ
106 2329 209 2365 δόξαιμι
232 2329 296 2356 κατ’
311 2329 428 2365 ἐμαυτὸν
446 2331 537 2364 ἀγῶνα
556 2330 691 2356 δικανικὸν
707 2330 834 2364 εξσάγειν,

887 2335 969 2364 quam
982 2328 1073 2358 rebus,
1091 2326 1162 2361 quod
1178 2326 1250 2353 facto
1261 2333 1330 2360 opus
1345 2329 1428 2357 esset.
1441 2327 1563 2353 animum
1577 2327 1672 2354 adver-

57 2374 102 2400 οὒκ
116 2376 243 2402 ἀνοίκειον
258 2375 379 2410 ἡγοῦμαι
396 2377 484 2402 πᾶσαν
505 2376 552 2411 μὲν
567 2376 633 2412 ὀμοῦ
648 2375 774 2409 συζεῦξαι
790 2375 838 2411 Ιτὴν

58 2418 178 2456 ἐξήγησιν
201 2420 286 2448 αὑτοῦ
310 2420 373 2456 τῇδε
394 2421 439 2448 τοῦ
463 2421 624 2457 γράμματος
642 2421 789 2457 ὑπαγορῖᾳ,
804 2420 838 2446 δι’

59 2464 180 2501 ἑκατέρου
205 2467 235 2493 δὲ
257 2467 394 2502 τρανῶσαι
410 2466 440 2493 τὸ
461 2467 555 2501 σαφές·
576 2467 613 2499 ὼς
630 2466 663 2494 ἂν
681 2467 748 2502 μήτε
767 2465 838 2498 τινὲς

58 2508 145 2536 οἴοιντο
155 2512 333 2545 συκοφαντεῖν
345 2511 420 2546 ἡμᾶς
431 2511 504 2542 ὅπως
517 2511 615 2547 δήποτε
630 2511 740 2543 δοξάσαι
755 2518 840 2547 προσ-

60 2555 197 2590 αχθέντας,
229 2557 292 2592 μήτ’
313 2554 345 2583 αὖ
376 2556 458 2584 πάλιν
487 2557 674 2593 ἀμφηρίστους
697 2554 765 2582 εἶναι
790 2555 840 2588 τὰς

59 2599 130 2632 δόξας
153 2603 306 2639 ὲκατέρων-
330 2603 431 2630 οἴονται
456 2603 510 2638 γὰρ
535 2604 568 2629 ὲκ
590 2603 640 2639 τῆς
669 2602 840 2638 παραλλήλου

60 2647 220 2682 συγκρίσεως
234 2648 404 2680 ἀνεξετάζειν
420 2649 469 2683 μὲν
482 2648 556 2679 ὅπως
569 2647 618 2684 ἔχῃ
629 2647 706 2684 δόξης
724 2647 840 2681 ἑκάτερα

59 2691 90 2718 τὰ
104 2693 181 2728 μέρη,
201 2694 253 2729 τὴν
267 2695 396 2729 ἀμείνονα
412 2695 439 2721 δὲ
454 2694 567 2730 γνώμην
590 2694 618 2728 ἐξ
634 2695 733 2730 ἀμφοῖν
751 2695 838 2730 αἱρεῖ-

61 2737 118 2764 σθαι
137 2740 199 2771 τοὺς
219 2740 385 2775 φιλολόγους.
405 2740 474 2769 Οὔτε
498 2740 563 2774 γοῦν
586 2741 668 2772 ἵππος
687 2740 839 2776 ἀγωνιστὴς

61 2779 123 2810 εἶναι
147 2784 269 2820 κρίνεται
296 2786 405 2822 δόκιμος
430 2786 537 2822 ἑαυτῷ,
558 2786 664 2822 τρέχων
689 2786 835 2818 εὐσκελῶς,

61 2829 111 2857 οὐδ’
125 2832 148 2858 ει
162 2832 264 2868 σφόδρα
286 2829 385 2868 κοῦφος
406 2832 444 2859 ὢν
457 2832 550 2868 ὥσπερ
565 2831 716 2868 ὑπόπτερος
737 2831 836 2859 ἐπιδεί-

887 2377 957 2401 tunt.
975 2373 1013 2400 Nc
1037 2373 1119 2408 igitur
1138 2375 1234 2406 sponte
1255 2372 1362 2398 forense
1382 2378 1413 2397 ac
1441 2371 1670 2399 concertatorium

885 2419 1015 2454 judiciale
1026 2425 1112 2453 genus
1128 2417 1246 2444 subiisse
1262 2416 1371 2447 videar,
1391 2422 1480 2450 operm
1496 2415 1671 2450 pretium-fe-

887 2465 971 2492 cerim
990 2464 1012 2491 si
1029 2471 1135 2491 omnem
1151 2463 1225 2490 illius
1245 2461 1441 2497 expositionem
1457 2468 1511 2487 una
1533 2469 1595 2488 cum
1617 2461 1669 2489 hac

887 2518 947 2537 mea
979 2510 1126 2545 scriptione
1151 2508 1332 2544 coujungam,
1362 2511 1388 2534 et
1417 2507 1546 2542 utrinque
1571 2515 1666 2534 verum

888 2556 1007 2590 aperiam
1022 2565 1028 2582 :
1042 2563 1075 2583 ne
1091 2556 1139 2582 ulli
1154 2554 1284 2590 opinandi
1300 2554 1336 2581 sit
1350 2554 1427 2581 locus
1442 2560 1492 2580 nos
1511 2557 1603 2588 aperte
1619 2561 1668 2580 ca-

887 2601 1033 2632 lumniari,
1058 2601 1137 2636 quasi
1161 2599 1264 2628 homini
1284 2607 1379 2635 parum
1402 2599 1517 2634 ingenue
1532 2600 1670 2634 imposue-

886 2647 992 2680 rimus;
1012 2646 1128 2681 ideoque
1147 2646 1290 2681 utriusque
1310 2645 1461 2673 sententias
1483 2644 1580 2672 dubias
1597 2652 1667 2672 esse.

888 2692 1040 2727 Opinantur
1054 2692 1127 2718 enim
1147 2691 1291 2726 utriusque
1305 2691 1508 2725 comparatione
1525 2691 1671 2725 utriusque

887 2738 974 2773 partis
988 2737 1150 2765 sententiam
1172 2736 1269 2763 melius
1283 2735 1420 2768 discerni,
1439 2736 1566 2771 deinceps
1578 2735 1668 2770 philo-

889 2785 965 2819 logos
977 2783 1011 2811 ad
1032 2783 1170 2811 meliorem
1188 2790 1248 2810 sese
1274 2782 1419 2816 applicare.
1437 2781 1498 2809 Non
1517 2782 1609 2817 itaque
1624 2781 1670 2810 ille

889 2838 976 2867 equus
993 2832 1165 2858 concertator
1179 2835 1240 2857 esse
1257 2827 1371 2855 aliorum
1386 2826 1491 2862 judicio
1506 2827 1669 2863 comproba-
