1911 3073
224 131 276 159 615

661 125 690 153 5.
709 124 893 153 EUSTATHll
909 124 1168 152 ARCHIEPISCOPI
1186 122 1393 153 ANTiOCHEM

1797 125 1850 152 6l6

192 216 199 224 ,
225 194 269 216 tur
295 188 341 224 qui
373 187 535 215 festinanter
556 187 641 214 citato
670 185 754 221 gradu
772 188 919 221 properat,
945 184 1008 211 licet

1060 192 1152 210 κνυται
1174 184 1222 215 τὰς
1249 184 1378 218 κινήσεις·
1405 183 1459 210 οὔτ’
1483 180 1560 216 αὖθις
1583 182 1707 219 ἀθλητῶν
1724 182 1852 210 ὠκύτατα

224 233 376 261 incredibili
391 234 545 265 celeritate,
567 232 646 268 quasi
662 232 713 260 alis
728 232 871 262 niteretur,
886 231 1009 265 miraque

224 279 385 307 incitatione
412 279 556 307 confestim
586 279 701 306 advolet.
724 278 817 313 Neque
845 277 1008 304 athletarum

222 326 267 353 ille
281 325 401 360 optimus
418 330 458 352 est
475 325 520 360 qui
546 325 617 352 inter
638 324 799 351 certandum
819 324 895 351 ocius
913 323 1008 358 pedem

221 370 347 398 conferre
364 374 470 406 potest.
496 378 546 398 nec
573 370 717 405 quisquam
741 370 829 401 alius,
854 369 912 396 sive
936 369 1008 396 lucta

222 416 328 450 agiliter
339 416 494 447 contendat,
511 415 568 443 sive
579 415 728 442 durissimo
742 415 883 449 pancratio
897 414 1009 441 vulnera

222 461 352 495 patiatur,
371 461 428 488 sive
439 465 523 488 caastu
540 468 658 495 pugnam
674 460 843 490 committat,
862 459 903 486 vel
917 466 1007 486 aerem

222 506 295 534 inani
310 508 484 534 brachiorum
495 507 644 542 jactatione
659 506 808 533 everberet.
825 505 878 532 Eos
892 512 1009 539 namque

222 553 269 587 qni
285 557 424 580 certamen
447 554 558 585 ineunt,
584 552 709 580 cominus
726 559 788 579 cum
808 551 932 578 hostibus
957 559 1008 585 pu-

1061 230 1169 265 τρέχειν
1196 230 1224 256 ὲν
1252 229 1350 264 σταδίῳ
1379 229 1542 264 δυνάμενος,
1568 229 1631 256 οὔτε
1653 229 1733 261 ἄλλος
1753 229 1851 262 οὐδεὶς,

1061 275 1123 302 οὔτε
1146 275 1268 302 παλαίων
1294 274 1394 311 ὑγρῶς,
1417 274 1478 301 οὔτε
1501 275 1655 310 τραχύτατα
1681 275 1851 310 παγκρατιά-

1063 321 1126 353 ζων,
1146 321 1161 357 ἢ
1186 321 1347 356 πυγμαχῶν,
1371 321 1387 355 ἢ
1409 321 1455 348 τὸν
1476 321 1545 356 ὰέρα
1567 321 1653 357 δέρων
1670 320 1852 357 ἐωροκοπξαις

1063 367 1261 402 ὑποκειμένοις·
1276 367 1342 393 ἀλλά
1363 366 1491 393 συσταδὸν
1507 366 1636 402 ἁρμόττει
1655 366 1689 392 τὰ
1710 366 1851 401 μαχόμενα

1061 414 1116 445 τοῖς
1133 413 1263 445 ἐναντίοις
1277 414 1452 440 ἀντιστατεῖν·
1470 413 1504 439 ἵν’
1525 412 1554 445 ἒξ
1575 413 1632 444 ἑνὸς
1650 412 1781 447 ὁποτέρου
1798 412 1852 438 δια⁸

1062 458 1228 495 γινώσκηται
1253 459 1283 485 τὺ
1307 457 1435 495 προῦχον.
1461 459 1539 485 Ὥστε
1564 458 1599 484 τὰ
1622 458 1670 494 μὲν
1701 457 1850 493 Ὡριγένεια

1063 506 1229 541 προτακτέον
1247 506 1275 531 ὲν
1300 504 1429 540 πρώτοις.
1446 505 1498 540 ἰδίᾳ
1512 505 1540 531 δὲ
1554 504 1629 537 τάξει
1644 504 1690 530 καὶ
1710 503 1757 530 τὸν
1779 504 1850 530 ἀντι-

1062 551 1194 578 πίπτοντα
1209 551 1270 577 νοῦν
1282 551 1394 583 ἐκείνοις
1408 551 1533 583 ἐξετάσαι
1550 550 1741 577 σπουδαστέον.

222 608 307 635 gnaro
331 604 480 635 contraque
508 600 616 627 obstare
649 601 741 630 decet,
766 605 795 625 ut
812 599 874 634 quis
894 598 989 625 melior
1011 598 1046 625 sit
1078 598 1200 634 dignosci
1226 598 1306 626 facile
1329 599 1424 633 possit.
1446 599 1535 631 Quare
1563 598 1591 625 in
1619 597 1716 632 primis
1740 596 1850 633 quidem

223 650 287 673 ante
314 647 367 673 alia
407 646 532 681 Origenis
564 646 638 673 dicta
673 652 877 681 proponemus,
911 644 1009 671 deinde
1032 644 1201 671 contrariam
1235 644 1289 671 illis
1319 644 1483 672 sententiam
1525 643 1739 676 subnectemus,
1768 651 1851 680 quam

223 693 326 728 ingenii
339 693 474 720 industria
496 696 577 727 atque
599 693 738 728 diligentia
762 691 899 718 discutere
922 698 1011 725 opera:
1029 691 1146 726 pretium
1164 691 1227 718 erit.

258 738 290 766 ΙΙ.
307 739 362 774 Age
379 739 460 773 igitur
482 739 602 765 historia:
617 738 714 765 seriem
726 757 734 769 ,
754 737 845 772 quoad
866 737 926 772 ejus
951 737 1009 764 fieri

221 785 323 820 poterit
337 785 470 819 nobisque
483 784 597 810 facultas
610 783 731 814 dabitur,
747 782 931 817 speculamur.
947 781 1010 808 inde

1098 737 1131 763 Il.
1146 737 1214 773 Φέρε
1227 735 1275 764 οὖν
1291 737 1357 764 αὐτὸ
1370 736 1400 763 τὸ
1415 736 1464 772 τῆς
1480 736 1601 773 ἱστορίας
1614 736 1731 773 γράμμα
1746 737 1852 774 θεωρή-

1064 792 1154 819 σωμεν
1180 784 1217 815 ὠς
1239 781 1293 810 οἷόν
1320 792 1350 809 τε
1377 783 1448 810 κατὰ
1470 783 1500 810 τὺ
1523 782 1632 818 ἐφικτὸν
1646 782 1752 809 ἐνθένδε
1770 784 1851 811 πόθεν

223 831 295 857 unde
305 838 354 864 par
370 833 412 856 est
424 833 532 864 sumpto
545 828 709 856 initio.Cum
724 826 790 854 Saul
803 827 903 861 optime
916 826 1007 861 populi

1062 829 1187 864 ἀρκτέον.
1210 829 1341 865 Ὀπηνίκα
1364 829 1412 864 μὲν
1439 829 1453 855 ὁ
1473 829 1560 855 Σαοὺλ
1582 828 1680 864 ἄριστα
1701 829 1850 864 προῖστατο

223 878 354 910 praeesset
376 873 564 905 multitudini,
589 881 694 905 omnes,
710 872 799 907 inquit
816 872 825 886 ¹
836 891 844 903 ,
876 871 1004 906 cngaxtri-

224 920 325 955 myl/tos
344 920 435 955 ejecil,
461 927 611 954 omnesque
631 918 751 953 reliquos
771 921 879 953 gnosius
904 916 1006 949 dictos,

222 967 306 993 veluti
324 965 571 1000 perniciosissimas
588 969 690 1000 pestes,
708 964 755 999 qui
771 964 808 990 ita
825 963 1006 994 vocabantur,

223 1012 324 1039 ariolos
340 1011 451 1046 depulit.
471 1010 570 1038 Verum
589 1010 633 1037 ubi
651 1010 733 1037 rebus
747 1009 873 1044 pessimis
886 1008 1007 1035 animum

223 1058 347 1087 advertit,
363 1064 378 1083 a
394 1056 561 1091 nequissimo
575 1055 698 1083 daemone
708 1056 778 1082 male
798 1060 928 1086 vexatus,
946 1062 1009 1080 rur-

223 1110 282 1129 sum
303 1101 382 1128 aﬂ'ata
408 1101 580 1128 fatidicorum
602 1108 634 1127 ac
649 1104 742 1126 vatum
759 1100 903 1126 ambitiose
924 1098 1008 1125 nimis

222 1148 407 1183 amplectitur,
425 1147 506 1182 paulo
521 1150 585 1174 ante
602 1147 734 1174 dissoluta
752 1153 930 1180 componens,
946 1153 1008 1179 pro-

222 1199 368 1230 ptereaque
393 1194 570 1228 semetipsum
594 1193 687 1219 violati
717 1191 837 1219 mandati
864 1198 941 1218 reum
964 1198 1008 1217 ar-

221 1249 318 1277 guens.
347 1240 452 1275 Quippe
483 1247 545 1266 cum
582 1236 665 1265 vieﬁii
700 1238 854 1272 alienigena:
885 1235 1008 1263 unanimi

221 1295 358 1315 consensu
376 1286 474 1313 bellum
489 1285 640 1312 indicerent
650 1285 672 1316 ¹,
682 1287 709 1311 et
726 1283 833 1310 collatis
845 1283 940 1318 signis,
957 1291 1008 1309 nu-

222 1342 329 1361 merosa
347 1333 511 1368 phalangum
526 1331 604 1366 copia
616 1338 691 1357 arma
707 1333 898 1361 consererent,
915 1336 1008 1356 exser-

221 1380 311 1414 tisque
334 1379 431 1414 gladiis
455 1385 561 1406 summa
585 1376 668 1403 animi
693 1376 866 1403 contentione
890 1383 1008 1410 pugnam

223 1426 418 1460 deposcerent;
436 1423 559 1450 misellus
581 1421 646 1448 Saul
662 1422 831 1449 tabernaculi
853 1429 1007 1456 propugna-

223 1472 314 1498 enlnm
329 1474 356 1498 et
370 1471 473 1504 reliqua
490 1469 590 1499 omnia,
605 1472 634 1495 ut
649 1468 687 1494 ita
703 1468 791 1495 dicam
802 1489 810 1501 ,
830 1468 940 1495 oculata
956 1467 1007 1494 fide

1059 875 1108 910 τῆς
1122 875 1168 901 τοῦ
1183 875 1248 902 λαοῦ
1269 874 1465 910 πολυανδρίας,
1487 874 1566 911 ἐξῆρε
1581 875 1696 908 πάντας
1712 875 1786 908 τοὺς
1802 876 1848 910 ἐτ’

1058 922 1287 956 γαστριμύθους,
1302 921 1365 957 ἔφη,
1380 921 1427 948 καὶ
1440 921 1503 953 τοὺς
1514 921 1583 947 οὕτω
1594 921 1780 957 καλουμένους
1792 922 1850 949 ὀνό-

1061 976 1124 1002 ματι
1144 967 1289 1002 γνώστας,
1308 968 1356 994 ἆτε
1372 968 1404 1003 δὴ
1427 967 1569 1003 λυμεῶνας
1593 967 1796 1002 ὲμφοχεύοντας
1810 967 1848 1003 (1)

1059 1012 1206 1047 ἐχθίστους.
1229 1012 1337 1048 Ἐπειδὴ
1351 1013 1378 1039 δὲ
1399 1013 1513 1048 τραπεὶς
1528 1013 1573 1039 ἐπὶ
1589 1012 1623 1038 τὰ
1640 1012 1766 1047 χείριστα
1782 1013 1848 1048 πρὸς

1058 1058 1105 1084 τοῦ
1133 1058 1272 1094 ἀλιτηρίου
1299 1058 1406 1095 πικρῶς
1433 1058 1563 1093 ἠλαύνετο
1591 1058 1735 1093 δαίμονος,
1764 1058 1850 1094 ᾤχετο

1060 1104 1140 1131 πάλιν
1154 1105 1200 1131 ἐπὶ
1222 1104 1256 1131 τὰ
1272 1105 1403 1140 φάσματα
1423 1105 1474 1140 τῆς
1490 1105 1616 1140 μαντείας
1631 1104 1732 1136 αὐτῶν,
1748 1105 1849 1131 οἰκοδο-

1060 1148 1193 1184 μούμενος
1210 1148 1228 1176 ἃ
1245 1149 1389 1175 κατέλυσεν
1405 1149 1487 1184 ὀλίγῳ
1502 1149 1629 1185 πρόσθεν,
1647 1150 1742 1176 ἑαυτὸν
1758 1149 1788 1175 δὲ
1802 1150 1848 1175 καὶ

1058 1194 1101 1221 διὰ
1121 1194 1199 1221 τοῦτο
1223 1195 1383 1231 παραϐάτην
1410 1195 1541 1230 ἐλέγχων*
1570 1195 1608 1226 ὡς
1635 1195 1688 1231 γὰρ
1712 1196 1738 1222 οἱ
1768 1195 1848 1231 πέριξ

1058 1240 1233 1275 diciora-Vde
1246 1241 1328 1275 ὁμοθὺ
1333 1250 1375 1275 μῳ
1390 1241 1489 1276 σπουδῇ
1503 1240 1620 1276 πολέμου
1633 1241 1739 1275 γένεσιν
1755 1241 1849 1275 ἀνεκή-

1061 1295 1164 1320 ρυττον,
1185 1286 1372 1321 ἀθροισθέντες
1396 1287 1444 1321 μὲν
1463 1286 1500 1318 ὼς
1521 1286 1560 1313 ἔνι
1584 1286 1700 1321 μάλιστα
1715 1285 1847 1322 παμπλη-

1060 1330 1101 1358 οεὶ
1116 1331 1165 1362 τὰς
1188 1331 1331 1366 φάλαγγας
1354 1331 1594 1367 ἀντιπαρέταττον,
1612 1331 1681 1358 ὅπλα
1699 1331 1728 1357 δὲ
1744 1332 1849 1366 γυμνά-

1062 1388 1155 1411 σαντες
1168 1381 1207 1411 εἰς
1225 1380 1313 1415 μάχην
1328 1380 1433 1412 ἐξίεσαν
1451 1379 1601 1416 εὐρώστως-
1616 1381 1630 1406 ὁ
1646 1380 1771 1415 μέντοιγε
1789 1380 1849 1415 σχέ-

1059 1425 1131 1457 τλιος
1153 1426 1249 1458 Σαοὺλ,
1264 1426 1330 1452 αὐτὸ
1354 1427 1382 1453 τὸ
1401 1427 1450 1461 τῆς
1476 1426 1654 1462 παρεμϐολῆς
1673 1426 1849 1461 ἐπιτείχισμα

1061 1472 1252 1507 πεφραγμένον
1278 1472 1338 1498 ἰδὼν
1355 1472 1481 1506 αὑτοψεὶ,
1498 1472 1561 1503 καὶ,
1576 1472 1606 1498 τὸ
1624 1472 1735 1507 σύμπαν
1751 1473 1847 1504 εἰπεῖν,

222 1517 341 1545 hostium
354 1516 437 1543 armis
450 1516 560 1542 occlusa
577 1515 715 1541 contuitus
725 1534 732 1546 ,
746 1521 760 1540 a
773 1521 802 1542 se
813 1514 871 1548 ipse
882 1513 1008 1541 discessit

1061 1517 1156 1553 ἐξέστη
1179 1518 1378 1552 καταπλαγεὶς,
1395 1518 1462 1553 ὠςὴ
1487 1518 1545 1544 θεία
1568 1517 1719 1553 διαγορεύει
1740 1518 1846 1554 Γραφή⁴

222 1563 370 1593 attonitus,
399 1565 429 1589 ut
458 1561 556 1587 divinae
578 1564 714 1588 testantur
741 1559 859 1586 Litterae.
876 1558 1008 1592 Deinceps

222 1609 342 1639 addunt,
356 1606 508 1635 consulebat
524 1606 665 1632 Dominum
680 1605 690 1620 ³
703 1625 709 1637 ,
734 1608 864 1640 appetens
884 1605 1008 1632 videlicet

222 1656 293 1683 scire
309 1655 373 1690 quid
388 1662 456 1689 opus
472 1653 543 1680 factu
572 1656 661 1684 esset;
676 1656 702 1678 et
721 1652 826 1678 omnino
842 1659 894 1678 non
906 1658 1009 1685 respon-

222 1701 260 1728 dit
275 1702 298 1728 ei
315 1701 442 1727 Dominus
459 1700 484 1726 in
500 1699 622 1730 somniis,
637 1699 663 1725 in
675 1697 932 1732 manifestatiunibus
945 1702 969 1724 ct
981 1698 1007 1724 in

221 1747 363 1782 prophetis.
383 1746 504 1774 Scelesto
523 1753 640 1780 namque
660 1745 797 1780 impieque
816 1745 906 1779 agenti
931 1743 1008 1771 Sauli

222 1794 328 1821 Numen
345 1801 475 1828 responsa
491 1800 544 1820 non
557 1792 614 1819 dat.
635 1790 706 1824 Quid
728 1798 791 1818 vero
810 1790 902 1817 divino
921 1790 1007 1816 desti-

221 1844 298 1867 tutus
314 1840 415 1866 auxilio
426 1839 539 1874 posthac
553 1836 742 1865 machinatur?
752 1836 810 1863 NOII
823 1837 911 1871 placat
923 1835 1006 1863 Deum

222 1887 349 1921 precibus
371 1886 476 1913 iteratis
495 1884 662 1918 assiduoque
686 1883 769 1910 animi
796 1883 889 1914 cultu,
911 1883 922 1898 ⁸
941 1883 1006 1917 quin

222 1932 369 1959 contrariis
388 1939 419 1957 ac
442 1930 627 1965 pugnantibus
652 1929 751 1956 studiis
773 1929 898 1956 resiliens
921 1929 1007 1964 magis

220 1986 253 2004 ac
269 1978 426 2012 magisjura
446 1977 538 2004 violat.
555 1975 651 2003 Pueris
665 1976 722 2003 suis
743 1975 856 2009 imperat
872 1974 1006 2001 mulierem

219 2023 457 2059 cngastrimythum
472 2031 596 2057 qua‘rcrc,
616 2026 643 2048 ut
661 2021 695 2048 ad
712 2029 770 2048 eam
788 2020 912 2047 accedens
927 2020 1007 2047 veluti

216 2077 253 2095 ex
266 2070 373 2095 oraculo
387 2069 577 2094 sciscitaretur.
595 2067 614 2093 A
628 2066 762 2094 ministris
776 2070 865 2092 autem
879 2065 1006 2101 pessimis

218 2117 296 2143 illico
319 2115 434 2142 fanatica
460 2115 584 2149 prodita,
606 2114 671 2140 Saul
688 2116 812 2148 prmnple
838 2112 933 2139 habitu
955 2119 1006 2139 suo

221 2165 347 2193 mutato,
377 2161 542 2195 indutusquc
572 2159 632 2187 aliis
661 2158 853 2190 vestimentis,
882 2158 1006 2186 velocius.

1062 1564 1130 1599 μετὰ
1144 1564 1172 1590 δὲ
1194 1565 1271 1591 τοῦτό
1293 1572 1382 1599 φησιν,
1398 1564 1496 1597 ἠρώτα
1508 1564 1556 1591 διὰ
1571 1564 1623 1591 τοῦ
1638 1565 1762 1598 Κιιρίου,
1779 1564 1843 1598 γνῶι

1059 1618 1103 1636 ναι
1117 1609 1216 1645 δηλαδὴ
1229 1610 1261 1636 τά
1276 1610 1398 1645 πρακτέα
1412 1609 1578 1645 γλιχόμενος·
1596 1611 1611 1637 ό
1623 1610 1657 1635 δὲ
1671 1610 1781 1643 Κύριος
1795 1611 1847 1635 σὺν

1059 1656 1238 1690 ἀπεκρίνατο
1252 1656 1284 1682 τὸ
1304 1655 1445 1690 παράπαν
1465 1655 1545 1688 αὐτῷ
1559 1655 1603 1682 διὰ
1617 1656 1665 1687 τὰς
1680 1655 1729 1691 τῆς
1745 1655 1846 1685 ἀδικίας

1060 1701 1227 1737 ὑπερϐολὰς,
1253 1702 1320 1728 οὔτε
1343 1702 1378 1728 ἐν
1393 1702 1560 1734 ἐνυπνίοις,
1585 1702 1654 1728 οὔτε
1677 1702 1713 1728 ἐν
1732 1701 1846 1735 δήᾹοις.

1059 1748 1130 1774 οὔτε
1146 1747 1180 1773 ὲν
1202 1747 1264 1780 τοῖς
1282 1747 1460 1781 προφήταις.
1489 1746 1569 1773 Ἀλλὰ
1587 1747 1640 1783 μὴν
1655 1746 1754 1782 ἐκείνῳ
1776 1755 1808 1780 γε
1821 1748 1848 1774 τ)

1058 1793 1133 1819 Θεῑον
1154 1793 1203 1819 οὐκ
1223 1792 1404 1829 ἐχρημάτιζεν
1421 1792 1545 1828 οὐδαμῶς
1568 1792 1683 1827 ἀθέμιτα
1708 1792 1848 1829 δράσαντι.

1058 1839 1090 1865 Τί
1102 1839 1130 1865 δὲ
1154 1839 1221 1874 μετὰ
1236 1839 1322 1865 ταῦτα
1344 1839 1457 1874 πράττει
1471 1840 1520 1874 τῆς
1537 1839 1666 1866 ἀνωτάτω
1681 1839 1848 1874 γυμνασθεὶς

1058 1885 1095 1919 (Ξ)
1114 1885 1289 1920 ὲπικουρίαςς
1311 1885 1370 1911 ἀντὶ
1393 1884 1440 1911 τοῦ
1467 1884 1565 1920 μᾶλλον
1588 1884 1785 1918 ἐξιλεώσασθαι
1804 1894 1848 1912 συ-

1058 1930 1171 1966 χνοτέρᾳ.
1196 1931 1286 1965 δεήσει
1311 1931 1356 1957 καὶ
1384 1932 1506 1966 καρτερᾷ
1528 1930 1849 1967 ψυχολατρείᾳ,τοὺειαν-

1057 1976 1112 2002 τίον
1128 1976 1307 2012 ἀποπηδήσας
1325 1975 1402 2009 αὔξει
1422 1977 1470 2011 μὲν
1487 1976 1520 2002 τά
1542 1976 1592 2011 τῆς
1605 1977 1776 2009 ἀποστάσιας
1791 1978 1850 2004 ὲπιυ

1055 2023 1222 2058 τηδεύματα.
1245 2023 1306 2054 Τοῖς
1328 2022 1356 2049 δὲ
1383 2022 1475 2048 παισὶν
1501 2022 1581 2048 αὐτοῦ
1605 2023 1774 2058 προσέταττε
1799 2033 1849 2058 γυ-

1057 2068 1144 2095 ναῖκα
1157 2067 1298 2102 ζητήσειν
1309 2068 1615 2103 ἐτητιστρίμυθονλνα
1624 2069 1762 2102 ἀφίκοιτο
1774 2070 1849 2103 πριὲς

1055 2115 1152 2149 αὐτὴν
1179 2116 1365 2149 πευσόμενος
1389 2115 1429 2148 ὡς
1454 2116 1489 2142 ἐν
1509 2115 1648 2150 μαντείῳ.
1675 2115 1737 2141 Τῶν
1765 2116 1794 2142 δὲ
1817 2115 1847 2150 δὴ

1056 2162 1199 2196 χειριστων
1217 2161 1361 2196 ὑπηρετῶν
1376 2161 1473 2188 αὐτίκα
1496 2161 1527 2197 δὴ
1549 2160 1619 2197 μάλα
1634 2161 1847 2196 καταμηνυσάν-

220 2209 341 2237 exercitu
357 2207 471 2234 dimisso
484 2206 643 2241 pervolavit.
663 2204 714 2232 Ubi
729 2205 763 2231 ad
784 2204 869 2238 ipsam
887 2205 1004 2231 accessit

1060 2215 1120 2237 των,
1138 2207 1186 2242 τὴν
1205 2207 1368 2242 ἔμπληκτον,
1380 2208 1395 2233 ὁ
1414 2208 1461 2242 μὲν
1479 2207 1565 2234 Σαοὺλ
1579 2206 1694 2242 ἀμελητὶ
1710 2215 1847 2243 μετασχη-

219 2262 281 2281 cum
300 2254 407 2282 duobus
422 2253 486 2279 viris
503 2256 598 2281 nocte,
615 2255 680 2277 tunc
705 2250 819 2285 supplex
847 2250 920 2277 illam
939 2250 1006 2277 allo-

214 2300 369 2335 quebatur:
389 2298 538 2325 Valicinare
552 2296 624 2327 milii,
633 2296 738 2328 dicens,
749 2297 776 2323 in
786 2296 1005 2331 engastrimytho,

218 2350 245 2373 et
260 2346 303 2380 [ac
314 2345 378 2371 milii
391 2341 529 2371 ascerldere
539 2350 614 2376 quem
627 2341 719 2369 direre
730 2341 787 2368 tibi.
804 2341 889 2377 igitur
904 2342 926 2369 si
940 2341 1005 2368 Saul

220 2401 268 2427 per
282 2391 527 2427 engastrimythum
542 2394 572 2417 ut
591 2388 643 2416 sibi
668 2388 837 2416 divinaretur
853 2389 1004 2421 exorabat,

219 2445 299 2466 veras
315 2436 451 2472 quispiam
470 2435 556 2463 fuisse
576 2435 636 2470 ejus
650 2442 730 2462 voces
750 2433 937 2461 asseverabit?
952 2433 1005 2461 Ve-

219 2491 279 2512 rum
303 2483 366 2518 quis
393 2483 469 2509 illum
488 2482 514 2508 in
538 2481 693 2516 deploratas
709 2487 875 2508 conversum
898 2479 1004 2506 divina-

218 2531 308 2558 tiones
321 2534 348 2558 et
363 2530 512 2558 diabolicae
529 2529 682 2556 fabularum
699 2527 873 2562 operationes
890 2527 1001 2554 immani

218 2575 311 2604 turore
327 2583 341 2603 θ
359 2576 481 2603 daemone
505 2579 631 2602 vexatum
655 2574 741 2601 fuisse
767 2571 891 2607 ignorat?
908 2571 1003 2599 Nonne

220 2620 301 2654 Deus,
317 2621 363 2657 qui
385 2622 412 2649 in
425 2630 455 2649 os
469 2621 589 2647 Balaami
607 2627 748 2647 sermones
762 2618 892 2652 imposuit
904 2637 911 2648 .
929 2617 1003 2654 Moy-

217 2666 296 2702 sique
308 2673 337 2694 ut
352 2675 481 2702 expresse
498 2667 525 2694 in
546 2665 672 2693 Numeris
690 2665 825 2692 scriberet
841 2665 984 2700 imperavit
995 2685 1002 2696 ,

254 2757 267 2773 ³
283 2756 297 2784 1
312 2757 374 2793 Reg.
394 2764 491 2789 xxvut,
511 2758 538 2784 5.
576 2756 586 2771 ²
601 2756 665 2783 ibid.
684 2756 711 2783 ι.
750 2754 836 2782 ’ibid.
855 2754 882 2783 6.
921 2755 931 2770 ⁸
946 2753 1010 2782 ibid.
1028 2755 1052 2781 7.

254 2846 292 2882 (Ι)
298 2846 540 2882 Ἐμφοχεύοιτας,
567 2847 592 2872 Ἐ
598 2846 686 2881 μῳωλε
691 2846 794 2878 ύοντας.

1059 2253 1173 2288 ματίσας
1191 2252 1296 2284 ἑαυτὸν,
1316 2253 1362 2279 καὶ
1383 2253 1416 2279 τὰ
1439 2254 1488 2288 τῆς
1511 2253 1622 2288 ἐσθῆτος
1637 2253 1759 2288 ἀμείψας
1775 2253 1847 2279 ὲνδὺι

1060 2307 1141 2334 ματα,
1155 2299 1281 2334 δρομαῖος
1298 2298 1393 2334 ᾤχετο,
1410 2299 1459 2335 τὴν
1477 2299 1604 2335 στρατιὰν
1618 2299 1748 2325 ἐκλιπών·
1767 2299 1805 2330 ὡς
1819 2299 1846 2325 δὲ

1058 2344 1182 2378 ἀφίκοιτο
1207 2344 1274 2380 πρὸς
1298 2344 1383 2379 αὐτὴν
1407 2345 1465 2380 ἃμα
1489 2345 1564 2371 δυσὶν
1589 2345 1702 2380 ἀνδράσι
1727 2344 1844 2379 νύκτωρ,

1057 2390 1176 2424 ἀξιώσας
1196 2391 1265 2425 αὐτῇ
1291 2391 1472 2427 προσεφέρετο
1489 2390 1654 2426 τηνικαῦτα,
1673 2390 1846 2418 Μάντευσιιι

1057 2436 1094 2470 δή
1112 2446 1179 2472 μοι,
1204 2436 1309 2470 λέγων,
1333 2437 1367 2463 ἐν
1391 2436 1431 2470 τῷ
1455 2437 1690 2472 ἐγγαστριμύθῳ·
1716 2436 1847 2470 ἁνάγαγὲ

1055 2491 1121 2516 μοι.
1145 2482 1241 2518 φησιν,
1259 2481 1296 2509 ὃν
1320 2482 1358 2509 ἂν
1385 2482 1457 2509 εἴπω
1479 2490 1538 2509 σοι.
1565 2481 1716 2517 Τοιγαροῦν
1741 2482 1819 2516 εἴπερ
1834 2481 1847 2507 ὀ

1057 2528 1142 2555 Σαοὺλ
1157 2528 1241 2554 ἐδεῖτο
1261 2528 1305 2555 διὰ
1320 2529 1369 2564 τῆς
1388 2528 1605 2564 ὲγγαστριμὺθου
1624 2527 1828 2563 μαντεᾶταοϐαι
1838 2546 1845 2558 .

1057 2573 1124 2609 φαίη
1142 2581 1184 2605 τις
1201 2572 1233 2599 ἃν
1255 2573 1363 2608 ἀληθεῖς
1378 2571 1447 2600 εἶναι
1461 2573 1510 2604 τὰς
1526 2573 1629 2599 ἐκείνου
1647 2572 1758 2606 φωνάςς
1780 2571 1845 2598 Ἀλλ“

1057 2619 1115 2646 ἐστι
1129 2628 1169 2651 τις
1182 2618 1288 2653 ἀγνοῶν
1302 2619 1339 2651 ὠς
1354 2620 1457 2651 ἐκεῖνος
1471 2619 1523 2645 ὑπὸ
1540 2619 1586 2645 τοῦ
1601 2618 1727 2654 δαίμονος
1741 2618 1846 2654 ἀγρίοις

1059 2665 1184 2691 ὲλαύνετο
1197 2664 1292 2699 θυμοῖς
1311 2666 1351 2697 εἰς
1370 2664 1535 2700 ἀνηκέστους
1550 2665 1698 2700 ὲκτραπεὶς
1717 2663 1844 2699 μαντεῖα-ς

1098 2844 1137 2880 (2)
1151 2843 1349 2881 Γυμνασθεις.
1365 2843 1528 2880 Γυμνωθεις.
