  <div class='ocr_page' id='page_1' title='image "/cluster/home/n/w/nwhite01/storage/ocr_20150623/18/njp.32101077772455/505.png"; bbox 0 0 1911 3073; ppageno 0'>
   <div class='ocr_carea' id='block_1_1' title="bbox 225 119 278 148">
    <p class='ocr_par' dir='ltr' id='par_1_1' title="bbox 225 119 278 148">
     <span class='ocr_line' id='line_1_1' title="bbox 225 119 278 148; baseline -0.019 0"><span class='ocrx_word' id='word_1_1' title='bbox 225 119 278 148; x_wconf 77' lang='grc'><strong>619</strong></span> 
     </span>
    </p>
   </div>
   <div class='ocr_carea' id='block_1_2' title="bbox 705 106 1344 141">
    <p class='ocr_par' dir='ltr' id='par_1_2' title="bbox 705 106 1344 141">
     <span class='ocr_line' id='line_1_2' title="bbox 705 106 1344 141; baseline -0.006 0"><span class='ocrx_word' id='word_1_2' title='bbox 705 113 734 141; x_wconf 91' lang='lat' dir='ltr'><strong>S.</strong></span> <span class='ocrx_word' id='word_1_3' title='bbox 752 111 938 141; x_wconf 79' lang='lat' dir='ltr'><strong>EUSTATHII</strong></span> <span class='ocrx_word' id='word_1_4' title='bbox 953 110 1113 139; x_wconf 71' lang='grc' dir='ltr'><strong>ἙῬΙΒΟΟΡΙ</strong></span> <span class='ocrx_word' id='word_1_5' title='bbox 1137 106 1344 138; x_wconf 74' lang='grc' dir='ltr'><strong>ΔΝΤΙΟΟΗΕΝΙ</strong></span> 
     </span>
    </p>
   </div>
   <div class='ocr_carea' id='block_1_3' title="bbox 1792 105 1846 133">
    <p class='ocr_par' dir='ltr' id='par_1_3' title="bbox 1792 105 1846 133">
     <span class='ocr_line' id='line_1_3' title="bbox 1792 105 1846 133; baseline -0.019 0"><span class='ocrx_word' id='word_1_6' title='bbox 1792 105 1846 133; x_wconf 63' lang='grc' dir='ltr'>θεο</span> 
     </span>
    </p>
   </div>
   <div class='ocr_carea' id='block_1_4' title="bbox 225 165 1013 208">
    <p class='ocr_par' dir='ltr' id='par_1_4' title="bbox 225 171 1008 208">
     <span class='ocr_line' id='line_1_4' title="bbox 225 171 1008 208; baseline -0.009 -3"><span class='ocrx_word' id='word_1_7' title='bbox 225 181 254 208; x_wconf 80' lang='lat' dir='ltr'><strong>in</strong></span> <span class='ocrx_word' id='word_1_8' title='bbox 268 183 356 208; x_wconf 78' lang='lat' dir='ltr'><strong>terra,</strong></span> <span class='ocrx_word' id='word_1_9' title='bbox 376 179 401 203; x_wconf 78' lang='lat' dir='ltr'><strong>et</strong></span> <span class='ocrx_word' id='word_1_10' title='bbox 412 173 532 202; x_wconf 78' lang='lat' dir='ltr'><strong>adoravit</strong></span> <span class='ocrx_word' id='word_1_11' title='bbox 548 180 606 200; x_wconf 82' lang='lat' dir='ltr'><strong>eum</strong></span> <span class='ocrx_word' id='word_1_12' title='bbox 616 172 637 200; x_wconf 82' lang='grc'><strong>⁸.</strong></span> <span class='ocrx_word' id='word_1_13' title='bbox 655 171 828 200; x_wconf 80' lang='lat' dir='ltr'><strong>Manifestum</strong></span> <span class='ocrx_word' id='word_1_14' title='bbox 845 173 937 207; x_wconf 86' lang='lat' dir='ltr'><strong>itaque</strong></span> <span class='ocrx_word' id='word_1_15' title='bbox 951 175 1008 202; x_wconf 84' lang='lat' dir='ltr'><strong>est,</strong></span> 
     </span>
    </p>
   </div>
   <div class='ocr_carea' id='block_1_5' title="bbox 1064 165 1845 208">
    <p class='ocr_par' dir='ltr' id='par_1_5' title="bbox 1064 165 1845 205">
     <span class='ocr_line' id='line_1_5' title="bbox 1064 165 1845 205; baseline -0.004 -8"><span class='ocrx_word' id='word_1_16' title='bbox 1064 169 1166 201; x_wconf 77' lang='grc' dir='ltr'><strong>τούτοις</strong></span> <span class='ocrx_word' id='word_1_17' title='bbox 1177 169 1328 205; x_wconf 86' lang='grc' dir='ltr'><strong>διαγορεύει</strong></span> <span class='ocrx_word' id='word_1_18' title='bbox 1341 168 1358 203; x_wconf 74' lang='grc' dir='ltr'><strong>ἡ</strong></span> <span class='ocrx_word' id='word_1_19' title='bbox 1373 167 1432 194; x_wconf 84' lang='grc' dir='ltr'>θεία</span> <span class='ocrx_word' id='word_1_20' title='bbox 1447 167 1556 203; x_wconf 79' lang='grc' dir='ltr'>Γραφή;</span> <span class='ocrx_word' id='word_1_21' title='bbox 1571 166 1625 194; x_wconf 77' lang='lat' dir='ltr'><strong>Kal</strong></span> <span class='ocrx_word' id='word_1_22' title='bbox 1643 165 1720 201; x_wconf 71' lang='grc' dir='ltr'>ἔγνω</span> <span class='ocrx_word' id='word_1_23' title='bbox 1732 166 1845 197; x_wconf 75' lang='grc' dir='ltr'><strong>Σαοὺλ,</strong></span> 
     </span>
    </p>
   </div>
   <div class='ocr_carea' id='block_1_6' title="bbox 225 216 1008 254">
    <p class='ocr_par' dir='ltr' id='par_1_6' title="bbox 225 216 1008 254">
     <span class='ocr_line' id='line_1_6' title="bbox 225 216 1008 254; baseline -0.013 -1"><span class='ocrx_word' id='word_1_24' title='bbox 225 223 321 254; x_wconf 89' lang='lat' dir='ltr'><strong>nullibi</strong></span> <span class='ocrx_word' id='word_1_25' title='bbox 343 221 455 249; x_wconf 85' lang='lat' dir='ltr'><strong>omnino</strong></span> <span class='ocrx_word' id='word_1_26' title='bbox 472 226 612 247; x_wconf 87' lang='lat' dir='ltr'><strong>sacrarum</strong></span> <span class='ocrx_word' id='word_1_27' title='bbox 635 218 788 246; x_wconf 90' lang='lat' dir='ltr'><strong>litterarum</strong></span> <span class='ocrx_word' id='word_1_28' title='bbox 812 217 910 244; x_wconf 89' lang='lat' dir='ltr'><strong>seriem</strong></span> <span class='ocrx_word' id='word_1_29' title='bbox 935 216 1008 244; x_wconf 82' lang='lat' dir='ltr'><strong>aiiir-</strong></span> 
     </span>
    </p>
   </div>
   <div class='ocr_carea' id='block_1_7' title="bbox 225 261 1010 304">
    <p class='ocr_par' dir='ltr' id='par_1_7' title="bbox 225 261 1010 304">
     <span class='ocr_line' id='line_1_7' title="bbox 225 261 1010 304; baseline -0.013 -5"><span class='ocrx_word' id='word_1_30' title='bbox 225 277 316 300; x_wconf 81' lang='lat' dir='ltr'><strong>masse</strong></span> <span class='ocrx_word' id='word_1_31' title='bbox 329 276 377 304; x_wconf 88' lang='lat' dir='ltr'><strong>per</strong></span> <span class='ocrx_word' id='word_1_32' title='bbox 390 267 530 294; x_wconf 85' lang='lat' dir='ltr'><strong>mulierem</strong></span> <span class='ocrx_word' id='word_1_33' title='bbox 544 265 617 292; x_wconf 83' lang='lat' dir='ltr'><strong>illam</strong></span> <span class='ocrx_word' id='word_1_34' title='bbox 632 264 880 300; x_wconf 77' lang='lat' dir='ltr'><strong>engastrimythum</strong></span> <span class='ocrx_word' id='word_1_35' title='bbox 894 261 1010 290; x_wconf 86' lang='lat' dir='ltr'><strong>Samue-</strong></span> 
     </span>
    </p>
   </div>
   <div class='ocr_carea' id='block_1_8' title="bbox 226 308 1009 345">
    <p class='ocr_par' dir='ltr' id='par_1_8' title="bbox 226 308 1009 345">
     <span class='ocr_line' id='line_1_8' title="bbox 226 308 1009 345; baseline -0.013 0"><span class='ocrx_word' id='word_1_36' title='bbox 226 318 279 345; x_wconf 84' lang='lat' dir='ltr'><strong>lem</strong></span> <span class='ocrx_word' id='word_1_37' title='bbox 301 318 444 344; x_wconf 87' lang='lat' dir='ltr'><strong>evocatum</strong></span> <span class='ocrx_word' id='word_1_38' title='bbox 473 312 568 340; x_wconf 85' lang='lat' dir='ltr'><strong>fuisse.</strong></span> <span class='ocrx_word' id='word_1_39' title='bbox 589 310 644 338; x_wconf 86' lang='lat' dir='ltr'><strong>Sed</strong></span> <span class='ocrx_word' id='word_1_40' title='bbox 667 310 713 338; x_wconf 91' lang='lat' dir='ltr'><strong>illa</strong></span> <span class='ocrx_word' id='word_1_41' title='bbox 738 309 849 345; x_wconf 84' lang='lat' dir='ltr'><strong>quidem</strong></span> <span class='ocrx_word' id='word_1_42' title='bbox 871 309 898 336; x_wconf 93' lang='lat' dir='ltr'><strong>in</strong></span> <span class='ocrx_word' id='word_1_43' title='bbox 915 308 1009 344; x_wconf 80' lang='lat' dir='ltr'><strong>primis</strong></span> 
     </span>
    </p>
   </div>
   <div class='ocr_carea' id='block_1_9' title="bbox 227 355 1010 398">
    <p class='ocr_par' dir='ltr' id='par_1_9' title="bbox 227 355 1010 398">
     <span class='ocr_line' id='line_1_9' title="bbox 227 355 1010 398; baseline -0.01 -9"><span class='ocrx_word' id='word_1_44' title='bbox 227 370 275 398; x_wconf 82' lang='lat' dir='ltr'><strong>per</strong></span> <span class='ocrx_word' id='word_1_45' title='bbox 298 360 458 388; x_wconf 84' lang='lat' dir='ltr'><strong>incitantem</strong></span> <span class='ocrx_word' id='word_1_46' title='bbox 486 358 572 394; x_wconf 87' lang='lat' dir='ltr'><strong>ipsam</strong></span> <span class='ocrx_word' id='word_1_47' title='bbox 589 357 739 384; x_wconf 71' lang='lat' dir='ltr'><strong>daemonem</strong></span> <span class='ocrx_word' id='word_1_48' title='bbox 762 355 829 383; x_wconf 90' lang='lat' dir='ltr'><strong>dicit</strong></span> <span class='ocrx_word' id='word_1_49' title='bbox 850 355 927 383; x_wconf 88' lang='lat' dir='ltr'><strong>illum</strong></span> <span class='ocrx_word' id='word_1_50' title='bbox 948 361 1010 382; x_wconf 78' lang='lat' dir='ltr'><strong>evo-</strong></span> 
     </span>
    </p>
   </div>
   <div class='ocr_carea' id='block_1_10' title="bbox 227 400 1011 442">
    <p class='ocr_par' dir='ltr' id='par_1_10' title="bbox 227 400 1011 442">
     <span class='ocr_line' id='line_1_10' title="bbox 227 400 1011 442; baseline -0.011 -6"><span class='ocrx_word' id='word_1_51' title='bbox 227 407 363 442; x_wconf 81' lang='lat' dir='ltr'><strong>candum;</strong></span> <span class='ocrx_word' id='word_1_52' title='bbox 382 405 480 434; x_wconf 88' lang='lat' dir='ltr'><strong>deinde</strong></span> <span class='ocrx_word' id='word_1_53' title='bbox 504 407 532 432; x_wconf 87' lang='lat' dir='ltr'><strong>et</strong></span> <span class='ocrx_word' id='word_1_54' title='bbox 549 404 615 431; x_wconf 90' lang='lat' dir='ltr'><strong>deos</strong></span> <span class='ocrx_word' id='word_1_55' title='bbox 641 402 821 432; x_wconf 73' lang='lat' dir='ltr'><strong>ascendentes</strong></span> <span class='ocrx_word' id='word_1_56' title='bbox 844 400 936 429; x_wconf 85' lang='lat' dir='ltr'><strong>videre</strong></span> <span class='ocrx_word' id='word_1_57' title='bbox 951 401 1011 437; x_wconf 74' lang='lat' dir='ltr'><strong>glo-</strong></span> 
     </span>
    </p>
   </div>
   <div class='ocr_carea' id='block_1_11' title="bbox 227 447 1010 486">
    <p class='ocr_par' dir='ltr' id='par_1_11' title="bbox 227 447 1010 486">
     <span class='ocr_line' id='line_1_11' title="bbox 227 447 1010 486; baseline -0.013 -3"><span class='ocrx_word' id='word_1_58' title='bbox 227 454 313 486; x_wconf 79' lang='lat' dir='ltr'><strong>rla‘ta,</strong></span> <span class='ocrx_word' id='word_1_59' title='bbox 332 451 520 481; x_wconf 73' lang='lat' dir='ltr'><strong>fraudulenter</strong></span> <span class='ocrx_word' id='word_1_60' title='bbox 541 450 619 484; x_wconf 74' lang='lat' dir='ltr'><strong>signa</strong></span> <span class='ocrx_word' id='word_1_61' title='bbox 633 448 751 477; x_wconf 83' lang='lat' dir='ltr'><strong>hominis</strong></span> <span class='ocrx_word' id='word_1_62' title='bbox 767 447 909 479; x_wconf 89' lang='lat' dir='ltr'><strong>tradebat,</strong></span> <span class='ocrx_word' id='word_1_63' title='bbox 932 451 963 474; x_wconf 92' lang='lat' dir='ltr'><strong>ut</strong></span> <span class='ocrx_word' id='word_1_64' title='bbox 976 454 1010 474; x_wconf 78' lang='lat' dir='ltr'><strong>ex</strong></span> 
     </span>
    </p>
   </div>
   <div class='ocr_carea' id='block_1_12' title="bbox 227 493 1010 534">
    <p class='ocr_par' dir='ltr' id='par_1_12' title="bbox 227 493 1010 534">
     <span class='ocr_line' id='line_1_12' title="bbox 227 493 1010 534; baseline -0.01 -6"><span class='ocrx_word' id='word_1_65' title='bbox 227 499 335 528; x_wconf 82' lang='lat' dir='ltr'><strong>insidiis</strong></span> <span class='ocrx_word' id='word_1_66' title='bbox 349 500 504 534; x_wconf 79' lang='lat' dir='ltr'><strong>occuparet.</strong></span> <span class='ocrx_word' id='word_1_67' title='bbox 521 495 554 524; x_wconf 83' lang='lat' dir='ltr'><strong>Et</strong></span> <span class='ocrx_word' id='word_1_68' title='bbox 565 495 678 524; x_wconf 87' lang='lat' dir='ltr'><strong>demens</strong></span> <span class='ocrx_word' id='word_1_69' title='bbox 690 493 757 522; x_wconf 87' lang='lat' dir='ltr'><strong>Saul</strong></span> <span class='ocrx_word' id='word_1_70' title='bbox 774 502 807 522; x_wconf 85' lang='lat' dir='ltr'><strong>ex</strong></span> <span class='ocrx_word' id='word_1_71' title='bbox 825 494 869 522; x_wconf 86' lang='lat' dir='ltr'><strong>his</strong></span> <span class='ocrx_word' id='word_1_72' title='bbox 884 501 944 529; x_wconf 64' lang='lat' dir='ltr'><strong>qua</strong></span> <span class='ocrx_word' id='word_1_73' title='bbox 958 500 1010 520; x_wconf 84' lang='lat' dir='ltr'><strong>au-</strong></span> 
     </span>
    </p>
   </div>
   <div class='ocr_carea' id='block_1_13' title="bbox 227 538 913 580">
    <p class='ocr_par' dir='ltr' id='par_1_13' title="bbox 227 538 913 580">
     <span class='ocr_line' id='line_1_13' title="bbox 227 538 913 580; baseline -0.012 -6"><span class='ocrx_word' id='word_1_74' title='bbox 227 546 329 580; x_wconf 86' lang='lat' dir='ltr'><strong>dierat,</strong></span> <span class='ocrx_word' id='word_1_75' title='bbox 346 544 480 572; x_wconf 77' lang='lat' dir='ltr'><strong>intellexit</strong></span> <span class='ocrx_word' id='word_1_76' title='bbox 490 542 562 579; x_wconf 91' lang='lat' dir='ltr'><strong>quod</strong></span> <span class='ocrx_word' id='word_1_77' title='bbox 575 542 621 569; x_wconf 89' lang='lat' dir='ltr'><strong>ille</strong></span> <span class='ocrx_word' id='word_1_78' title='bbox 632 542 689 577; x_wconf 79' lang='lat' dir='ltr'><strong>ipse</strong></span> <span class='ocrx_word' id='word_1_79' title='bbox 704 544 777 568; x_wconf 81' lang='lat' dir='ltr'><strong>esset</strong></span> <span class='ocrx_word' id='word_1_80' title='bbox 793 538 913 568; x_wconf 87' lang='lat' dir='ltr'><strong>Samuel.</strong></span> 
     </span>
    </p>
   </div>
   <div class='ocr_carea' id='block_1_14' title="bbox 264 674 1011 715">
    <p class='ocr_par' dir='ltr' id='par_1_14' title="bbox 264 674 1011 715">
     <span class='ocr_line' id='line_1_14' title="bbox 264 674 1011 715; baseline -0.008 -8"><span class='ocrx_word' id='word_1_81' title='bbox 264 679 308 708; x_wconf 85' lang='lat' dir='ltr'><strong>IV.</strong></span> <span class='ocrx_word' id='word_1_82' title='bbox 323 679 364 706; x_wconf 83' lang='lat' dir='ltr'><strong>An</strong></span> <span class='ocrx_word' id='word_1_83' title='bbox 390 686 455 715; x_wconf 73' lang='lat' dir='ltr'><strong>ergo</strong></span> <span class='ocrx_word' id='word_1_84' title='bbox 474 677 541 706; x_wconf 85' lang='lat' dir='ltr'><strong>ﬁdes</strong></span> <span class='ocrx_word' id='word_1_85' title='bbox 566 676 717 705; x_wconf 82' lang='lat' dir='ltr'><strong>adhibenda</strong></span> <span class='ocrx_word' id='word_1_86' title='bbox 735 676 770 704; x_wconf 79' lang='lat' dir='ltr'><strong>sit</strong></span> <span class='ocrx_word' id='word_1_87' title='bbox 786 675 829 704; x_wconf 85' lang='lat' dir='ltr'><strong>vel</strong></span> <span class='ocrx_word' id='word_1_88' title='bbox 853 682 868 702; x_wconf 91' lang='lat' dir='ltr'><strong>a</strong></span> <span class='ocrx_word' id='word_1_89' title='bbox 889 674 1011 702; x_wconf 77' lang='lat' dir='ltr'><strong>daemone</strong></span> 
     </span>
    </p>
   </div>
   <div class='ocr_carea' id='block_1_15' title="bbox 226 720 1010 760">
    <p class='ocr_par' dir='ltr' id='par_1_15' title="bbox 226 720 1010 760">
     <span class='ocr_line' id='line_1_15' title="bbox 226 720 1010 760; baseline -0.01 -6"><span class='ocrx_word' id='word_1_90' title='bbox 226 729 324 754; x_wconf 80' lang='lat' dir='ltr'><strong>vexato</strong></span> <span class='ocrx_word' id='word_1_91' title='bbox 339 725 424 757; x_wconf 91' lang='lat' dir='ltr'><strong>Sauli,</strong></span> <span class='ocrx_word' id='word_1_92' title='bbox 442 724 519 760; x_wconf 90' lang='lat' dir='ltr'><strong>quasi</strong></span> <span class='ocrx_word' id='word_1_93' title='bbox 534 731 622 751; x_wconf 88' lang='lat' dir='ltr'><strong>veram</strong></span> <span class='ocrx_word' id='word_1_94' title='bbox 639 726 816 757; x_wconf 65' lang='lat' dir='ltr'><strong>exactamque</strong></span> <span class='ocrx_word' id='word_1_95' title='bbox 829 720 1010 756; x_wconf 75' lang='lat' dir='ltr'><strong>cognitionem</strong></span> 
     </span>
    </p>
   </div>
   <div class='ocr_carea' id='block_1_16' title="bbox 227 764 1011 804">
    <p class='ocr_par' dir='ltr' id='par_1_16' title="bbox 227 764 1011 804">
     <span class='ocr_line' id='line_1_16' title="bbox 227 764 1011 804; baseline -0.01 -6"><span class='ocrx_word' id='word_1_96' title='bbox 227 771 357 804; x_wconf 72' lang='lat' dir='ltr'><strong>haberet,</strong></span> <span class='ocrx_word' id='word_1_97' title='bbox 379 770 421 797; x_wconf 86' lang='lat' dir='ltr'><strong>vel</strong></span> <span class='ocrx_word' id='word_1_98' title='bbox 450 768 565 796; x_wconf 65' lang='lat' dir='ltr'><strong>daemoni</strong></span> <span class='ocrx_word' id='word_1_99' title='bbox 583 768 616 795; x_wconf 88' lang='lat' dir='ltr'><strong>de</strong></span> <span class='ocrx_word' id='word_1_100' title='bbox 645 770 730 795; x_wconf 87' lang='lat' dir='ltr'><strong>semet</strong></span> <span class='ocrx_word' id='word_1_101' title='bbox 753 765 870 802; x_wconf 79' lang='lat' dir='ltr'><strong>gloriose</strong></span> <span class='ocrx_word' id='word_1_102' title='bbox 891 764 1011 799; x_wconf 88' lang='lat' dir='ltr'><strong>loquenti</strong></span> 
     </span>
    </p>
   </div>
   <div class='ocr_carea' id='block_1_17' title="bbox 228 810 1012 854">
    <p class='ocr_par' dir='ltr' id='par_1_17' title="bbox 228 810 1012 854">
     <span class='ocr_line' id='line_1_17' title="bbox 228 810 1012 854; baseline -0.014 -8"><span class='ocrx_word' id='word_1_103' title='bbox 228 817 452 854; x_wconf 84' lang='lat' dir='ltr'><strong>promittentique</strong></span> <span class='ocrx_word' id='word_1_104' title='bbox 462 816 496 843; x_wconf 89' lang='lat' dir='ltr'><strong>ab</strong></span> <span class='ocrx_word' id='word_1_105' title='bbox 511 814 753 849; x_wconf 83' lang='lat' dir='ltr'><strong>inferisjustorum</strong></span> <span class='ocrx_word' id='word_1_106' title='bbox 773 813 880 840; x_wconf 87' lang='lat' dir='ltr'><strong>animas</strong></span> <span class='ocrx_word' id='word_1_107' title='bbox 895 810 1012 838; x_wconf 89' lang='lat' dir='ltr'><strong>eductu—</strong></span> 
     </span>
    </p>
   </div>
   <div class='ocr_carea' id='block_1_18' title="bbox 1059 211 1848 250">
    <p class='ocr_par' dir='ltr' id='par_1_18' title="bbox 1059 211 1848 250">
     <span class='ocr_line' id='line_1_18' title="bbox 1059 211 1848 250; baseline -0.003 -9"><span class='ocrx_word' id='word_1_108' title='bbox 1059 215 1104 241; x_wconf 86' lang='grc' dir='ltr'><strong>ὅτι</strong></span> <span class='ocrx_word' id='word_1_109' title='bbox 1117 214 1257 250; x_wconf 74' lang='grc' dir='ltr'>Σαμουὴλ</span> <span class='ocrx_word' id='word_1_110' title='bbox 1270 214 1354 241; x_wconf 78' lang='grc' dir='ltr'>ἐστιν</span> <span class='ocrx_word' id='word_1_111' title='bbox 1367 211 1464 246; x_wconf 80' lang='grc' dir='ltr'>οὗτος,</span> <span class='ocrx_word' id='word_1_112' title='bbox 1477 212 1525 240; x_wconf 78' lang='grc' dir='ltr'><strong>καί</strong></span> <span class='ocrx_word' id='word_1_113' title='bbox 1538 212 1652 247; x_wconf 71' lang='grc' dir='ltr'>ἔκυψεν</span> <span class='ocrx_word' id='word_1_114' title='bbox 1666 212 1715 239; x_wconf 77' lang='grc' dir='ltr'><strong>ἐπὶ</strong></span> <span class='ocrx_word' id='word_1_115' title='bbox 1728 213 1848 247; x_wconf 79' lang='grc' dir='ltr'><strong>πρόσω-</strong></span> 
     </span>
    </p>
   </div>
   <div class='ocr_carea' id='block_1_19' title="bbox 1060 259 1845 295">
    <p class='ocr_par' dir='ltr' id='par_1_19' title="bbox 1060 259 1845 295">
     <span class='ocr_line' id='line_1_19' title="bbox 1060 259 1845 295; baseline -0.005 -6"><span class='ocrx_word' id='word_1_116' title='bbox 1060 268 1119 289; x_wconf 71' lang='grc' dir='ltr'><strong>πον</strong></span> <span class='ocrx_word' id='word_1_117' title='bbox 1132 261 1224 288; x_wconf 83' lang='grc' dir='ltr'>αὑτοῦ</span> <span class='ocrx_word' id='word_1_118' title='bbox 1238 260 1286 287; x_wconf 73' lang='grc' dir='ltr'><strong>ἐπὶ</strong></span> <span class='ocrx_word' id='word_1_119' title='bbox 1302 260 1359 294; x_wconf 77' lang='grc' dir='ltr'>τὴν</span> <span class='ocrx_word' id='word_1_120' title='bbox 1370 259 1437 295; x_wconf 77' lang='grc' dir='ltr'><strong>γῆν,</strong></span> <span class='ocrx_word' id='word_1_121' title='bbox 1451 260 1500 286; x_wconf 82' lang='grc' dir='ltr'>καὶ</span> <span class='ocrx_word' id='word_1_122' title='bbox 1514 259 1741 293; x_wconf 79' lang='grc' dir='ltr'><strong>προσεκύνησεν</strong></span> <span class='ocrx_word' id='word_1_123' title='bbox 1753 259 1845 291; x_wconf 86' lang='grc' dir='ltr'>αὐτῷ.</span> 
     </span>
    </p>
   </div>
   <div class='ocr_carea' id='block_1_20' title="bbox 1060 304 1846 340">
    <p class='ocr_par' dir='ltr' id='par_1_20' title="bbox 1060 304 1846 340">
     <span class='ocr_line' id='line_1_20' title="bbox 1060 304 1846 340; baseline -0.004 -7"><span class='ocrx_word' id='word_1_124' title='bbox 1060 307 1185 333; x_wconf 81' lang='grc' dir='ltr'><strong>Φαίνεται</strong></span> <span class='ocrx_word' id='word_1_125' title='bbox 1201 306 1288 333; x_wconf 79' lang='grc' dir='ltr'>τοίνυν</span> <span class='ocrx_word' id='word_1_126' title='bbox 1304 306 1342 337; x_wconf 82' lang='grc' dir='ltr'>ὡς</span> <span class='ocrx_word' id='word_1_127' title='bbox 1358 304 1476 340; x_wconf 71' lang='grc' dir='ltr'>οὐδαμοῦ</span> <span class='ocrx_word' id='word_1_128' title='bbox 1493 305 1523 331; x_wconf 85' lang='grc' dir='ltr'><strong>τὸ</strong></span> <span class='ocrx_word' id='word_1_129' title='bbox 1539 304 1696 340; x_wconf 79' lang='grc' dir='ltr'>παράπανὴ</span> <span class='ocrx_word' id='word_1_130' title='bbox 1712 304 1759 330; x_wconf 80' lang='grc' dir='ltr'>τοῦ</span> <span class='ocrx_word' id='word_1_131' title='bbox 1773 304 1846 330; x_wconf 80' lang='grc' dir='ltr'>θείου</span> 
     </span>
    </p>
   </div>
   <div class='ocr_carea' id='block_1_21' title="bbox 1060 349 1847 388">
    <p class='ocr_par' dir='ltr' id='par_1_21' title="bbox 1060 349 1847 388">
     <span class='ocr_line' id='line_1_21' title="bbox 1060 349 1847 388; baseline -0.004 -9"><span class='ocrx_word' id='word_1_132' title='bbox 1060 352 1221 388; x_wconf 82' lang='grc' dir='ltr'><strong>γράμματος</strong></span> <span class='ocrx_word' id='word_1_133' title='bbox 1236 352 1334 387; x_wconf 75' lang='grc' dir='ltr'>ἔφησεν</span> <span class='ocrx_word' id='word_1_134' title='bbox 1353 351 1449 386; x_wconf 79' lang='grc' dir='ltr'>ἐκδοχὴ</span> <span class='ocrx_word' id='word_1_135' title='bbox 1470 351 1515 377; x_wconf 83' lang='grc' dir='ltr'>τὸν</span> <span class='ocrx_word' id='word_1_136' title='bbox 1532 350 1656 386; x_wconf 80' lang='grc' dir='ltr'><strong>Σαμουὴλ</strong></span> <span class='ocrx_word' id='word_1_137' title='bbox 1671 350 1787 385; x_wconf 80' lang='grc' dir='ltr'><strong>ἀνῆχθαι</strong></span> <span class='ocrx_word' id='word_1_138' title='bbox 1802 349 1847 376; x_wconf 78' lang='grc' dir='ltr'><strong>διὰ</strong></span> 
     </span>
    </p>
   </div>
   <div class='ocr_carea' id='block_1_22' title="bbox 1059 395 1846 434">
    <p class='ocr_par' dir='ltr' id='par_1_22' title="bbox 1059 395 1846 434">
     <span class='ocr_line' id='line_1_22' title="bbox 1059 395 1846 434; baseline -0.005 -8"><span class='ocrx_word' id='word_1_139' title='bbox 1059 400 1109 434; x_wconf 85' lang='grc' dir='ltr'>τῆς</span> <span class='ocrx_word' id='word_1_140' title='bbox 1127 398 1353 434; x_wconf 80' lang='grc' dir='ltr'>ὲγγαστριμύθου·</span> <span class='ocrx_word' id='word_1_141' title='bbox 1369 398 1426 425; x_wconf 75' lang='grc' dir='ltr'>ἀλλ’</span> <span class='ocrx_word' id='word_1_142' title='bbox 1438 397 1506 433; x_wconf 82' lang='grc' dir='ltr'>αὑτὴ</span> <span class='ocrx_word' id='word_1_143' title='bbox 1521 397 1569 432; x_wconf 79' lang='grc' dir='ltr'><strong>μὲν</strong></span> <span class='ocrx_word' id='word_1_144' title='bbox 1581 397 1791 433; x_wconf 78' lang='grc' dir='ltr'><strong>προηγουμένως</strong></span> <span class='ocrx_word' id='word_1_145' title='bbox 1801 395 1846 422; x_wconf 82' lang='grc' dir='ltr'>διὰ</span> 
     </span>
    </p>
   </div>
   <div class='ocr_carea' id='block_1_23' title="bbox 1059 442 1846 481">
    <p class='ocr_par' dir='ltr' id='par_1_23' title="bbox 1059 442 1846 481">
     <span class='ocr_line' id='line_1_23' title="bbox 1059 442 1846 481; baseline -0.004 -9"><span class='ocrx_word' id='word_1_146' title='bbox 1059 445 1106 472; x_wconf 76' lang='grc' dir='ltr'>τοῦ</span> <span class='ocrx_word' id='word_1_147' title='bbox 1116 445 1326 481; x_wconf 75' lang='grc' dir='ltr'>ὲκῦακχεύοντος</span> <span class='ocrx_word' id='word_1_148' title='bbox 1334 445 1402 480; x_wconf 82' lang='grc' dir='ltr'>αὐτῇ</span> <span class='ocrx_word' id='word_1_149' title='bbox 1412 444 1445 480; x_wconf 72' lang='grc'><strong>[1⁸.</strong></span> <span class='ocrx_word' id='word_1_150' title='bbox 1457 445 1552 478; x_wconf 76' lang='grc' dir='ltr'>αὐτήν,</span> <span class='ocrx_word' id='word_1_151' title='bbox 1561 451 1583 471; x_wconf 81' lang='grc' dir='ltr'><strong>υ.</strong></span> <span class='ocrx_word' id='word_1_152' title='bbox 1592 444 1620 470; x_wconf 85' lang='grc' dir='ltr'><strong>ὲν</strong></span> <span class='ocrx_word' id='word_1_153' title='bbox 1630 442 1710 479; x_wconf 73' lang='grc' dir='ltr'>αὐτῇ]</span> <span class='ocrx_word' id='word_1_154' title='bbox 1719 443 1846 478; x_wconf 82' lang='grc' dir='ltr'>δαίμονος</span> 
     </span>
    </p>
   </div>
   <div class='ocr_carea' id='block_1_24' title="bbox 1060 487 1846 526">
    <p class='ocr_par' dir='ltr' id='par_1_24' title="bbox 1060 487 1846 526">
     <span class='ocr_line' id='line_1_24' title="bbox 1060 487 1846 526; baseline -0.004 -7"><span class='ocrx_word' id='word_1_155' title='bbox 1060 491 1260 526; x_wconf 74' lang='grc' dir='ltr'><strong>ἀποφθέγγεται</strong></span> <span class='ocrx_word' id='word_1_156' title='bbox 1278 491 1333 518; x_wconf 82' lang='grc' dir='ltr'><strong>δεῖν</strong></span> <span class='ocrx_word' id='word_1_157' title='bbox 1363 491 1474 526; x_wconf 77' lang='grc' dir='ltr'><strong>ἀνάγειν</strong></span> <span class='ocrx_word' id='word_1_158' title='bbox 1486 490 1576 518; x_wconf 76' lang='grc' dir='ltr'>αὐτόν’</span> <span class='ocrx_word' id='word_1_159' title='bbox 1609 487 1669 517; x_wconf 81' lang='grc' dir='ltr'>εἶτα</span> <span class='ocrx_word' id='word_1_160' title='bbox 1695 490 1743 517; x_wconf 74' lang='grc' dir='ltr'><strong>καὶ</strong></span> <span class='ocrx_word' id='word_1_161' title='bbox 1768 489 1846 520; x_wconf 80' lang='grc' dir='ltr'>θεοὺς</span> 
     </span>
    </p>
   </div>
   <div class='ocr_carea' id='block_1_25' title="bbox 1060 536 1845 573">
    <p class='ocr_par' dir='ltr' id='par_1_25' title="bbox 1060 536 1845 573">
     <span class='ocr_line' id='line_1_25' title="bbox 1060 536 1845 573; baseline -0.004 -8"><span class='ocrx_word' id='word_1_162' title='bbox 1060 538 1183 570; x_wconf 81' lang='grc' dir='ltr'><strong>ἀνιόντας</strong></span> <span class='ocrx_word' id='word_1_163' title='bbox 1194 537 1383 573; x_wconf 82' lang='grc' dir='ltr'>ὲπικομποῦσα</span> <span class='ocrx_word' id='word_1_164' title='bbox 1398 537 1520 573; x_wconf 79' lang='grc' dir='ltr'><strong>θεωρεῖν,</strong></span> <span class='ocrx_word' id='word_1_165' title='bbox 1534 536 1625 572; x_wconf 79' lang='grc' dir='ltr'>ἀπάτῃ</span> <span class='ocrx_word' id='word_1_166' title='bbox 1645 536 1693 572; x_wconf 87' lang='grc' dir='ltr'>μὲν</span> <span class='ocrx_word' id='word_1_167' title='bbox 1706 536 1790 562; x_wconf 73' lang='grc' dir='ltr'>ἐδίδου</span> <span class='ocrx_word' id='word_1_168' title='bbox 1810 536 1845 562; x_wconf 73' lang='grc' dir='ltr'>τὰ</span> 
     </span>
    </p>
   </div>
   <div class='ocr_carea' id='block_1_26' title="bbox 1062 581 1846 619">
    <p class='ocr_par' dir='ltr' id='par_1_26' title="bbox 1062 581 1846 619">
     <span class='ocr_line' id='line_1_26' title="bbox 1062 581 1846 619; baseline -0.003 -9"><span class='ocrx_word' id='word_1_169' title='bbox 1062 585 1160 619; x_wconf 86' lang='grc' dir='ltr'>σημεῖα</span> <span class='ocrx_word' id='word_1_170' title='bbox 1185 583 1296 618; x_wconf 76' lang='grc' dir='ltr'>τάνδρὸς</span> <span class='ocrx_word' id='word_1_171' title='bbox 1317 584 1356 614; x_wconf 86' lang='grc' dir='ltr'>εἰς</span> <span class='ocrx_word' id='word_1_172' title='bbox 1382 582 1501 618; x_wconf 76' lang='grc' dir='ltr'>ἐνέδραν·</span> <span class='ocrx_word' id='word_1_173' title='bbox 1525 583 1539 608; x_wconf 84' lang='grc' dir='ltr'><strong>ὁ</strong></span> <span class='ocrx_word' id='word_1_174' title='bbox 1556 582 1585 608; x_wconf 80' lang='grc' dir='ltr'><strong>δὲ</strong></span> <span class='ocrx_word' id='word_1_175' title='bbox 1604 582 1756 618; x_wconf 67' lang='grc' dir='ltr'>παράφρων</span> <span class='ocrx_word' id='word_1_176' title='bbox 1775 581 1846 616; x_wconf 69' lang='grc' dir='ltr'>ἔγνω</span> 
     </span>
    </p>
   </div>
   <div class='ocr_carea' id='block_1_27' title="bbox 1060 625 1845 663">
    <p class='ocr_par' dir='ltr' id='par_1_27' title="bbox 1060 625 1845 663">
     <span class='ocr_line' id='line_1_27' title="bbox 1060 625 1845 663; baseline -0.003 -8"><span class='ocrx_word' id='word_1_177' title='bbox 1060 629 1146 656; x_wconf 73' lang='grc' dir='ltr'>Σαοὺλ</span> <span class='ocrx_word' id='word_1_178' title='bbox 1165 628 1194 661; x_wconf 77' lang='grc' dir='ltr'><strong>ἐξ</strong></span> <span class='ocrx_word' id='word_1_179' title='bbox 1213 625 1250 655; x_wconf 84' lang='grc' dir='ltr'><strong>ὧν</strong></span> <span class='ocrx_word' id='word_1_180' title='bbox 1262 629 1380 663; x_wconf 78' lang='grc' dir='ltr'>ἀκήκοεν</span> <span class='ocrx_word' id='word_1_181' title='bbox 1396 628 1433 659; x_wconf 86' lang='grc' dir='ltr'>ὡς</span> <span class='ocrx_word' id='word_1_182' title='bbox 1449 628 1528 659; x_wconf 73' lang='grc' dir='ltr'>αὐτὸς</span> <span class='ocrx_word' id='word_1_183' title='bbox 1544 626 1619 659; x_wconf 71' lang='grc' dir='ltr'>οὗτός</span> <span class='ocrx_word' id='word_1_184' title='bbox 1633 629 1690 654; x_wconf 74' lang='grc' dir='ltr'>ἐστι</span> <span class='ocrx_word' id='word_1_185' title='bbox 1708 627 1845 663; x_wconf 83' lang='grc' dir='ltr'>Σαμουήλ,</span> 
     </span>
    </p>
   </div>
   <div class='ocr_carea' id='block_1_28' title="bbox 1096 672 1845 708">
    <p class='ocr_par' dir='ltr' id='par_1_28' title="bbox 1096 672 1845 708">
     <span class='ocr_line' id='line_1_28' title="bbox 1096 672 1845 708; baseline -0.003 -8"><span class='ocrx_word' id='word_1_186' title='bbox 1096 673 1139 700; x_wconf 75' lang='lat' dir='ltr'><strong>1V.</strong></span> <span class='ocrx_word' id='word_1_187' title='bbox 1155 674 1187 700; x_wconf 76' lang='lat' dir='ltr'><strong>Et</strong></span> <span class='ocrx_word' id='word_1_188' title='bbox 1199 674 1227 700; x_wconf 78' lang='grc' dir='ltr'>δὲ</span> <span class='ocrx_word' id='word_1_189' title='bbox 1242 674 1283 700; x_wconf 97' lang='grc' dir='ltr'><strong>δεῖ</strong></span> <span class='ocrx_word' id='word_1_190' title='bbox 1296 673 1432 700; x_wconf 76' lang='grc' dir='ltr'><strong>πιστεύειν</strong></span> <span class='ocrx_word' id='word_1_191' title='bbox 1446 673 1511 708; x_wconf 85' lang='grc' dir='ltr'><strong>ἢτῷ</strong></span> <span class='ocrx_word' id='word_1_192' title='bbox 1526 672 1738 708; x_wconf 77' lang='grc' dir='ltr'><strong>δαιμονιζομένῳ</strong></span> <span class='ocrx_word' id='word_1_193' title='bbox 1749 672 1845 703; x_wconf 72' lang='grc' dir='ltr'>Σαοὺλ,</span> 
     </span>
    </p>
   </div>
   <div class='ocr_carea' id='block_1_29' title="bbox 1060 718 1846 756">
    <p class='ocr_par' dir='ltr' id='par_1_29' title="bbox 1060 718 1846 756">
     <span class='ocr_line' id='line_1_29' title="bbox 1060 718 1846 756; baseline -0.003 -10"><span class='ocrx_word' id='word_1_194' title='bbox 1060 719 1097 752; x_wconf 80' lang='grc' dir='ltr'>ὡς</span> <span class='ocrx_word' id='word_1_195' title='bbox 1113 719 1199 756; x_wconf 83' lang='grc' dir='ltr'>ἀληθῆ</span> <span class='ocrx_word' id='word_1_196' title='bbox 1217 719 1342 754; x_wconf 84' lang='grc' dir='ltr'>γνώσεως</span> <span class='ocrx_word' id='word_1_197' title='bbox 1354 719 1517 755; x_wconf 65' lang='grc' dir='ltr'>ἡκριϐωκὸτι</span> <span class='ocrx_word' id='word_1_198' title='bbox 1533 719 1692 754; x_wconf 71' lang='grc' dir='ltr'>κατάληψιν,</span> <span class='ocrx_word' id='word_1_199' title='bbox 1707 719 1724 754; x_wconf 79' lang='grc' dir='ltr'><strong>ἢ</strong></span> <span class='ocrx_word' id='word_1_200' title='bbox 1740 718 1846 753; x_wconf 76' lang='grc' dir='ltr'><strong>δαίμονι</strong></span> 
     </span>
    </p>
   </div>
   <div class='ocr_carea' id='block_1_30' title="bbox 1061 763 1846 801">
    <p class='ocr_par' dir='ltr' id='par_1_30' title="bbox 1061 763 1846 801">
     <span class='ocr_line' id='line_1_30' title="bbox 1061 763 1846 801; baseline -0.004 -9"><span class='ocrx_word' id='word_1_201' title='bbox 1061 766 1227 801; x_wconf 79' lang='grc' dir='ltr'>καυχωμένῳ</span> <span class='ocrx_word' id='word_1_202' title='bbox 1240 765 1286 792; x_wconf 67' lang='grc' dir='ltr'><strong>καὶ</strong></span> <span class='ocrx_word' id='word_1_203' title='bbox 1299 765 1386 800; x_wconf 77' lang='grc' dir='ltr'>ψυχάς</span> <span class='ocrx_word' id='word_1_204' title='bbox 1398 764 1602 800; x_wconf 81' lang='grc' dir='ltr'><strong>ὑπισχνουμένῳ</strong></span> <span class='ocrx_word' id='word_1_205' title='bbox 1619 764 1730 790; x_wconf 86' lang='grc' dir='ltr'>δικαίων</span> <span class='ocrx_word' id='word_1_206' title='bbox 1741 763 1770 796; x_wconf 73' lang='grc' dir='ltr'><strong>ἐξ</strong></span> <span class='ocrx_word' id='word_1_207' title='bbox 1783 763 1846 798; x_wconf 80' lang='grc' dir='ltr'>ᾂδου</span> 
     </span>
    </p>
   </div>
   <div class='ocr_carea' id='block_1_31' title="bbox 1063 809 1847 847">
    <p class='ocr_par' dir='ltr' id='par_1_31' title="bbox 1063 809 1847 847">
     <span class='ocr_line' id='line_1_31' title="bbox 1063 809 1847 847; baseline -0.004 -9"><span class='ocrx_word' id='word_1_208' title='bbox 1063 811 1300 847; x_wconf 79' lang='grc' dir='ltr'>μεταπέμπεσθαι,</span> <span class='ocrx_word' id='word_1_209' title='bbox 1315 811 1451 846; x_wconf 87' lang='grc' dir='ltr'>κρίνωμεν</span> <span class='ocrx_word' id='word_1_210' title='bbox 1468 810 1532 845; x_wconf 69' lang='grc' dir='ltr'>παρ’</span> <span class='ocrx_word' id='word_1_211' title='bbox 1550 810 1655 841; x_wconf 83' lang='grc' dir='ltr'>ἑαυτοῖς</span> <span class='ocrx_word' id='word_1_212' title='bbox 1673 810 1740 844; x_wconf 77' lang='grc' dir='ltr'>ὅσης</span> <span class='ocrx_word' id='word_1_213' title='bbox 1755 809 1788 836; x_wconf 84' lang='grc' dir='ltr'>ἃν</span> <span class='ocrx_word' id='word_1_214' title='bbox 1805 809 1847 844; x_wconf 80' lang='grc' dir='ltr'><strong>εἴη</strong></span> 
     </span>
    </p>
   </div>
   <div class='ocr_carea' id='block_1_32' title="bbox 229 855 1013 898">
    <p class='ocr_par' dir='ltr' id='par_1_32' title="bbox 229 859 1010 898">
     <span class='ocr_line' id='line_1_32' title="bbox 229 859 1010 898; baseline -0.013 -5"><span class='ocrx_word' id='word_1_215' title='bbox 229 872 301 897; x_wconf 90' lang='lat' dir='ltr'><strong>rum,</strong></span> <span class='ocrx_word' id='word_1_216' title='bbox 318 864 390 892; x_wconf 87' lang='lat' dir='ltr'><strong>inter</strong></span> <span class='ocrx_word' id='word_1_217' title='bbox 402 871 451 891; x_wconf 85' lang='lat' dir='ltr'><strong>nos</strong></span> <span class='ocrx_word' id='word_1_218' title='bbox 462 863 536 898; x_wconf 88' lang='lat' dir='ltr'><strong>ipsos</strong></span> <span class='ocrx_word' id='word_1_219' title='bbox 551 860 750 896; x_wconf 89' lang='lat' dir='ltr'><strong>dijudicemus,</strong></span> <span class='ocrx_word' id='word_1_220' title='bbox 768 859 1010 891; x_wconf 83' lang='lat' dir='ltr'><strong>discernamusque</strong></span> 
     </span>
    </p>
   </div>
   <div class='ocr_carea' id='block_1_33' title="bbox 1064 855 1845 898">
    <p class='ocr_par' dir='ltr' id='par_1_33' title="bbox 1064 855 1845 892">
     <span class='ocr_line' id='line_1_33' title="bbox 1064 855 1845 892; baseline -0.003 -9"><span class='ocrx_word' id='word_1_221' title='bbox 1064 866 1090 892; x_wconf 81' lang='grc' dir='ltr'>γε</span> <span class='ocrx_word' id='word_1_222' title='bbox 1112 857 1266 892; x_wconf 77' lang='grc' dir='ltr'><strong>δυσφημίας</strong></span> <span class='ocrx_word' id='word_1_223' title='bbox 1283 856 1414 887; x_wconf 84' lang='grc' dir='ltr'>ἀνάπλεα,</span> <span class='ocrx_word' id='word_1_224' title='bbox 1432 856 1516 883; x_wconf 80' lang='grc' dir='ltr'>ταῦτα</span> <span class='ocrx_word' id='word_1_225' title='bbox 1531 855 1624 883; x_wconf 76' lang='grc' dir='ltr'>καὶτὰ</span> <span class='ocrx_word' id='word_1_226' title='bbox 1637 855 1749 882; x_wconf 79' lang='grc' dir='ltr'>τοιαῦτα</span> <span class='ocrx_word' id='word_1_227' title='bbox 1767 856 1845 885; x_wconf 86' lang='grc' dir='ltr'>νοεῖν.</span> 
     </span>
    </p>
   </div>
   <div class='ocr_carea' id='block_1_34' title="bbox 229 905 1010 940">
    <p class='ocr_par' dir='ltr' id='par_1_34' title="bbox 229 905 1010 940">
     <span class='ocr_line' id='line_1_34' title="bbox 229 905 1010 940; baseline -0.014 -1"><span class='ocrx_word' id='word_1_228' title='bbox 229 911 287 939; x_wconf 64' lang='lat' dir='ltr'><strong>lucc</strong></span> <span class='ocrx_word' id='word_1_229' title='bbox 301 913 327 938; x_wconf 88' lang='lat' dir='ltr'><strong>et</strong></span> <span class='ocrx_word' id='word_1_230' title='bbox 344 909 443 938; x_wconf 80' lang='lat' dir='ltr'><strong>similia</strong></span> <span class='ocrx_word' id='word_1_231' title='bbox 460 909 510 936; x_wconf 93' lang='lat' dir='ltr'><strong>hoc</strong></span> <span class='ocrx_word' id='word_1_232' title='bbox 525 907 606 935; x_wconf 88' lang='lat' dir='ltr'><strong>modo</strong></span> <span class='ocrx_word' id='word_1_233' title='bbox 622 905 773 940; x_wconf 78' lang='lat' dir='ltr'><strong>intelligere</strong></span> <span class='ocrx_word' id='word_1_234' title='bbox 783 925 790 936; x_wconf 89' lang='lat'><strong>,</strong></span> <span class='ocrx_word' id='word_1_235' title='bbox 814 911 895 940; x_wconf 88' lang='lat' dir='ltr'><strong>quam</strong></span> <span class='ocrx_word' id='word_1_236' title='bbox 910 910 1010 930; x_wconf 81' lang='lat' dir='ltr'><strong>vanum</strong></span> 
     </span>
    </p>
   </div>
   <div class='ocr_carea' id='block_1_35' title="bbox 229 948 1010 993">
    <p class='ocr_par' dir='ltr' id='par_1_35' title="bbox 229 948 1010 993">
     <span class='ocr_line' id='line_1_35' title="bbox 229 948 1010 993; baseline -0.014 -8"><span class='ocrx_word' id='word_1_237' title='bbox 229 958 396 993; x_wconf 83' lang='lat' dir='ltr'><strong>impiumque</strong></span> <span class='ocrx_word' id='word_1_238' title='bbox 412 955 458 987; x_wconf 82' lang='lat' dir='ltr'><strong>sit,</strong></span> <span class='ocrx_word' id='word_1_239' title='bbox 475 962 492 982; x_wconf 89' lang='lat'><strong>0</strong></span> <span class='ocrx_word' id='word_1_240' title='bbox 506 954 608 989; x_wconf 89' lang='lat' dir='ltr'><strong>optime</strong></span> <span class='ocrx_word' id='word_1_241' title='bbox 620 952 761 979; x_wconf 87' lang='lat' dir='ltr'><strong>hominum</strong></span> <span class='ocrx_word' id='word_1_242' title='bbox 779 949 903 985; x_wconf 83' lang='lat' dir='ltr'><strong>Eutropi.</strong></span> <span class='ocrx_word' id='word_1_243' title='bbox 913 948 1010 975; x_wconf 83' lang='lat' dir='ltr'><strong>Mirum</strong></span> 
     </span>
    </p>
   </div>
   <div class='ocr_carea' id='block_1_36' title="bbox 229 994 1011 1037">
    <p class='ocr_par' dir='ltr' id='par_1_36' title="bbox 229 994 1011 1037">
     <span class='ocr_line' id='line_1_36' title="bbox 229 994 1011 1037; baseline -0.01 -7"><span class='ocrx_word' id='word_1_244' title='bbox 229 1004 301 1030; x_wconf 87' lang='lat' dir='ltr'><strong>enim</strong></span> <span class='ocrx_word' id='word_1_245' title='bbox 325 1005 457 1037; x_wconf 84' lang='lat' dir='ltr'><strong>quantum</strong></span> <span class='ocrx_word' id='word_1_246' title='bbox 484 1007 498 1027; x_wconf 89' lang='lat' dir='ltr'><strong>a</strong></span> <span class='ocrx_word' id='word_1_247' title='bbox 522 999 653 1030; x_wconf 83' lang='lat' dir='ltr'><strong>veritate,</strong></span> <span class='ocrx_word' id='word_1_248' title='bbox 680 1001 710 1024; x_wconf 87' lang='lat' dir='ltr'><strong>ut</strong></span> <span class='ocrx_word' id='word_1_249' title='bbox 736 996 853 1028; x_wconf 65' lang='lat' dir='ltr'><strong>videtur,</strong></span> <span class='ocrx_word' id='word_1_250' title='bbox 881 994 1011 1030; x_wconf 82' lang='lat' dir='ltr'><strong>Origenes</strong></span> 
     </span>
    </p>
   </div>
   <div class='ocr_carea' id='block_1_37' title="bbox 229 1040 1011 1077">
    <p class='ocr_par' dir='ltr' id='par_1_37' title="bbox 229 1040 1011 1077">
     <span class='ocr_line' id='line_1_37' title="bbox 229 1040 1011 1077; baseline -0.012 -1"><span class='ocrx_word' id='word_1_251' title='bbox 229 1047 408 1077; x_wconf 88' lang='lat' dir='ltr'><strong>aberraverit.</strong></span> <span class='ocrx_word' id='word_1_252' title='bbox 423 1047 456 1074; x_wconf 87' lang='lat' dir='ltr'><strong>Et</strong></span> <span class='ocrx_word' id='word_1_253' title='bbox 476 1046 498 1074; x_wconf 89' lang='lat' dir='ltr'><strong>si</strong></span> <span class='ocrx_word' id='word_1_254' title='bbox 518 1045 649 1073; x_wconf 89' lang='lat' dir='ltr'><strong>Dominus</strong></span> <span class='ocrx_word' id='word_1_255' title='bbox 664 1046 757 1071; x_wconf 81' lang='lat' dir='ltr'><strong>noster</strong></span> <span class='ocrx_word' id='word_1_256' title='bbox 780 1041 860 1069; x_wconf 85' lang='lat' dir='ltr'><strong>Jesus</strong></span> <span class='ocrx_word' id='word_1_257' title='bbox 884 1040 1011 1068; x_wconf 81' lang='lat' dir='ltr'><strong>Christus</strong></span> 
     </span>
    </p>
   </div>
   <div class='ocr_carea' id='block_1_38' title="bbox 229 1086 1011 1126">
    <p class='ocr_par' dir='ltr' id='par_1_38' title="bbox 229 1086 1011 1126">
     <span class='ocr_line' id='line_1_38' title="bbox 229 1086 1011 1126; baseline -0.01 -6"><span class='ocrx_word' id='word_1_258' title='bbox 229 1096 262 1124; x_wconf 79' lang='lat' dir='ltr'><strong>de</strong></span> <span class='ocrx_word' id='word_1_259' title='bbox 276 1091 590 1126; x_wconf 73' lang='lat' dir='ltr'><strong>diaboiodicat°-’°:Ipse</strong></span> <span class='ocrx_word' id='word_1_260' title='bbox 609 1088 740 1116; x_wconf 79' lang='lat' dir='ltr'><strong>homicida</strong></span> <span class='ocrx_word' id='word_1_261' title='bbox 758 1092 815 1115; x_wconf 88' lang='lat' dir='ltr'><strong>erat</strong></span> <span class='ocrx_word' id='word_1_262' title='bbox 831 1086 862 1114; x_wconf 84' lang='lat' dir='ltr'><strong>ab</strong></span> <span class='ocrx_word' id='word_1_263' title='bbox 876 1087 967 1119; x_wconf 86' lang='lat' dir='ltr'><strong>initio,</strong></span> <span class='ocrx_word' id='word_1_264' title='bbox 986 1090 1011 1113; x_wconf 88' lang='lat' dir='ltr'><strong>et</strong></span> 
     </span>
    </p>
   </div>
   <div class='ocr_carea' id='block_1_39' title="bbox 229 1134 1011 1173">
    <p class='ocr_par' dir='ltr' id='par_1_39' title="bbox 229 1134 1011 1173">
     <span class='ocr_line' id='line_1_39' title="bbox 229 1134 1011 1173; baseline -0.015 -3"><span class='ocrx_word' id='word_1_265' title='bbox 229 1143 257 1170; x_wconf 76' lang='lat' dir='ltr'><strong>in</strong></span> <span class='ocrx_word' id='word_1_266' title='bbox 269 1142 377 1169; x_wconf 79' lang='lat' dir='ltr'><strong>veritate</strong></span> <span class='ocrx_word' id='word_1_267' title='bbox 397 1148 449 1168; x_wconf 87' lang='lat' dir='ltr'><strong>non</strong></span> <span class='ocrx_word' id='word_1_268' title='bbox 472 1139 559 1170; x_wconf 75' lang='lat' dir='ltr'><strong>stetit;</strong></span> <span class='ocrx_word' id='word_1_269' title='bbox 581 1137 705 1173; x_wconf 84' lang='lat' dir='ltr'><strong>quoniam</strong></span> <span class='ocrx_word' id='word_1_270' title='bbox 725 1135 822 1162; x_wconf 74' lang='lat' dir='ltr'><strong>veritas</strong></span> <span class='ocrx_word' id='word_1_271' title='bbox 843 1134 870 1160; x_wconf 89' lang='lat' dir='ltr'><strong>in</strong></span> <span class='ocrx_word' id='word_1_272' title='bbox 889 1134 945 1167; x_wconf 80' lang='lat' dir='ltr'><strong>ipso</strong></span> <span class='ocrx_word' id='word_1_273' title='bbox 960 1141 1011 1159; x_wconf 84' lang='lat' dir='ltr'><strong>non</strong></span> 
     </span>
    </p>
   </div>
   <div class='ocr_carea' id='block_1_40' title="bbox 228 1179 1010 1221">
    <p class='ocr_par' dir='ltr' id='par_1_40' title="bbox 228 1179 1010 1221">
     <span class='ocr_line' id='line_1_40' title="bbox 228 1179 1010 1221; baseline -0.015 -6"><span class='ocrx_word' id='word_1_274' title='bbox 228 1191 296 1215; x_wconf 81' lang='lat' dir='ltr'><strong>erat.</strong></span> <span class='ocrx_word' id='word_1_275' title='bbox 312 1187 379 1214; x_wconf 86' lang='lat' dir='ltr'><strong>Cum</strong></span> <span class='ocrx_word' id='word_1_276' title='bbox 391 1186 508 1221; x_wconf 76' lang='lat' dir='ltr'><strong>loquitur</strong></span> <span class='ocrx_word' id='word_1_277' title='bbox 523 1183 699 1214; x_wconf 83' lang='lat' dir='ltr'><strong>mendacium,</strong></span> <span class='ocrx_word' id='word_1_278' title='bbox 716 1189 747 1208; x_wconf 69' lang='lat' dir='ltr'><strong>ea:</strong></span> <span class='ocrx_word' id='word_1_279' title='bbox 761 1180 873 1214; x_wconf 78' lang='lat' dir='ltr'><strong>propriis</strong></span> <span class='ocrx_word' id='word_1_280' title='bbox 886 1179 1010 1213; x_wconf 82' lang='lat' dir='ltr'><strong>loquitur,</strong></span> 
     </span>
    </p>
   </div>
   <div class='ocr_carea' id='block_1_41' title="bbox 228 1224 1011 1269">
    <p class='ocr_par' dir='ltr' id='par_1_41' title="bbox 228 1224 1011 1269">
     <span class='ocr_line' id='line_1_41' title="bbox 228 1224 1011 1269; baseline -0.013 -9"><span class='ocrx_word' id='word_1_281' title='bbox 228 1233 352 1269; x_wconf 77' lang='lat' dir='ltr'><strong>quoniam</strong></span> <span class='ocrx_word' id='word_1_282' title='bbox 369 1231 481 1258; x_wconf 68' lang='lat' dir='ltr'><strong>mendax</strong></span> <span class='ocrx_word' id='word_1_283' title='bbox 494 1234 532 1256; x_wconf 76' lang='lat' dir='ltr'><strong>est</strong></span> <span class='ocrx_word' id='word_1_284' title='bbox 541 1249 549 1260; x_wconf 88' lang='lat'><strong>,</strong></span> <span class='ocrx_word' id='word_1_285' title='bbox 563 1233 588 1256; x_wconf 85' lang='lat' dir='ltr'><strong>et</strong></span> <span class='ocrx_word' id='word_1_286' title='bbox 598 1233 673 1263; x_wconf 82' lang='lat' dir='ltr'><strong>pater</strong></span> <span class='ocrx_word' id='word_1_287' title='bbox 693 1227 794 1262; x_wconf 78' lang='lat' dir='ltr'><strong>ipsius:</strong></span> <span class='ocrx_word' id='word_1_288' title='bbox 811 1225 875 1261; x_wconf 91' lang='lat' dir='ltr'><strong>quid</strong></span> <span class='ocrx_word' id='word_1_289' title='bbox 888 1225 943 1257; x_wconf 88' lang='lat' dir='ltr'><strong>hic,</strong></span> <span class='ocrx_word' id='word_1_290' title='bbox 953 1224 992 1251; x_wconf 88' lang='lat' dir='ltr'><strong>ais</strong></span> <span class='ocrx_word' id='word_1_291' title='bbox 1003 1243 1011 1256; x_wconf 94' lang='lat'><strong>,</strong></span> 
     </span>
    </p>
   </div>
   <div class='ocr_carea' id='block_1_42' title="bbox 229 1271 1012 1315">
    <p class='ocr_par' dir='ltr' id='par_1_42' title="bbox 229 1271 1012 1315">
     <span class='ocr_line' id='line_1_42' title="bbox 229 1271 1012 1315; baseline -0.013 -9"><span class='ocrx_word' id='word_1_292' title='bbox 229 1278 378 1315; x_wconf 79' lang='lat' dir='ltr'><strong>Origenes?</strong></span> <span class='ocrx_word' id='word_1_293' title='bbox 395 1277 476 1305; x_wconf 80' lang='lat' dir='ltr'><strong>Prius</strong></span> <span class='ocrx_word' id='word_1_294' title='bbox 488 1276 561 1303; x_wconf 88' lang='lat' dir='ltr'><strong>enim</strong></span> <span class='ocrx_word' id='word_1_295' title='bbox 577 1272 785 1308; x_wconf 79' lang='lat' dir='ltr'><strong>interrogandus</strong></span> <span class='ocrx_word' id='word_1_296' title='bbox 808 1280 837 1299; x_wconf 91' lang='lat' dir='ltr'><strong>es</strong></span> <span class='ocrx_word' id='word_1_297' title='bbox 854 1281 859 1298; x_wconf 88' lang='lat'><strong>:</strong></span> <span class='ocrx_word' id='word_1_298' title='bbox 879 1271 939 1298; x_wconf 70' lang='lat' dir='ltr'><strong>limo</strong></span> <span class='ocrx_word' id='word_1_299' title='bbox 952 1278 1012 1306; x_wconf 75' lang='lat' dir='ltr'><strong>quae</strong></span> 
     </span>
    </p>
   </div>
   <div class='ocr_carea' id='block_1_43' title="bbox 231 1317 1011 1354">
    <p class='ocr_par' dir='ltr' id='par_1_43' title="bbox 231 1317 1011 1354">
     <span class='ocr_line' id='line_1_43' title="bbox 231 1317 1011 1354; baseline -0.012 -2"><span class='ocrx_word' id='word_1_300' title='bbox 231 1324 355 1352; x_wconf 82' lang='lat' dir='ltr'><strong>Salvator</strong></span> <span class='ocrx_word' id='word_1_301' title='bbox 369 1323 437 1350; x_wconf 79' lang='lat' dir='ltr'><strong>dixit</strong></span> <span class='ocrx_word' id='word_1_302' title='bbox 450 1329 514 1349; x_wconf 85' lang='lat' dir='ltr'><strong>vera</strong></span> <span class='ocrx_word' id='word_1_303' title='bbox 529 1325 603 1352; x_wconf 84' lang='lat' dir='ltr'><strong>sunt,</strong></span> <span class='ocrx_word' id='word_1_304' title='bbox 615 1327 648 1346; x_wconf 90' lang='lat' dir='ltr'><strong>an</strong></span> <span class='ocrx_word' id='word_1_305' title='bbox 661 1318 830 1354; x_wconf 86' lang='lat' dir='ltr'><strong>respondens</strong></span> <span class='ocrx_word' id='word_1_306' title='bbox 842 1317 1011 1345; x_wconf 84' lang='lat' dir='ltr'><strong>contrarium</strong></span> 
     </span>
    </p>
   </div>
   <div class='ocr_carea' id='block_1_44' title="bbox 230 1363 1012 1402">
    <p class='ocr_par' dir='ltr' id='par_1_44' title="bbox 230 1363 1012 1402">
     <span class='ocr_line' id='line_1_44' title="bbox 230 1363 1012 1402; baseline -0.013 -6"><span class='ocrx_word' id='word_1_307' title='bbox 230 1368 324 1396; x_wconf 81' lang='lat' dir='ltr'><strong>dices?</strong></span> <span class='ocrx_word' id='word_1_308' title='bbox 338 1369 431 1402; x_wconf 85' lang='lat' dir='ltr'><strong>Itaque</strong></span> <span class='ocrx_word' id='word_1_309' title='bbox 450 1367 472 1393; x_wconf 87' lang='lat' dir='ltr'><strong>si</strong></span> <span class='ocrx_word' id='word_1_310' title='bbox 485 1366 566 1393; x_wconf 87' lang='lat' dir='ltr'><strong>verba</strong></span> <span class='ocrx_word' id='word_1_311' title='bbox 583 1363 691 1391; x_wconf 85' lang='lat' dir='ltr'><strong>Domini</strong></span> <span class='ocrx_word' id='word_1_312' title='bbox 706 1363 740 1390; x_wconf 89' lang='lat' dir='ltr'><strong>de</strong></span> <span class='ocrx_word' id='word_1_313' title='bbox 761 1370 836 1390; x_wconf 89' lang='lat' dir='ltr'><strong>more</strong></span> <span class='ocrx_word' id='word_1_314' title='bbox 851 1369 914 1388; x_wconf 85' lang='lat' dir='ltr'><strong>vera</strong></span> <span class='ocrx_word' id='word_1_315' title='bbox 930 1364 1012 1393; x_wconf 90' lang='lat' dir='ltr'><strong>sunt,</strong></span> 
     </span>
    </p>
   </div>
   <div class='ocr_carea' id='block_1_45' title="bbox 230 1407 1011 1449">
    <p class='ocr_par' dir='ltr' id='par_1_45' title="bbox 230 1407 1011 1449">
     <span class='ocr_line' id='line_1_45' title="bbox 230 1407 1011 1449; baseline -0.014 -7"><span class='ocrx_word' id='word_1_316' title='bbox 230 1421 295 1449; x_wconf 72' lang='lat' dir='ltr'><strong>ergo</strong></span> <span class='ocrx_word' id='word_1_317' title='bbox 320 1413 425 1440; x_wconf 63' lang='lat' dir='ltr'><strong>daemon</strong></span> <span class='ocrx_word' id='word_1_318' title='bbox 453 1410 583 1437; x_wconf 84' lang='lat' dir='ltr'><strong>audacter</strong></span> <span class='ocrx_word' id='word_1_319' title='bbox 610 1409 778 1436; x_wconf 84' lang='lat' dir='ltr'><strong>insolescens</strong></span> <span class='ocrx_word' id='word_1_320' title='bbox 801 1407 931 1435; x_wconf 85' lang='lat' dir='ltr'><strong>mentitus</strong></span> <span class='ocrx_word' id='word_1_321' title='bbox 959 1409 1011 1433; x_wconf 89' lang='lat' dir='ltr'><strong>est.</strong></span> 
     </span>
    </p>
   </div>
   <div class='ocr_carea' id='block_1_46' title="bbox 230 1454 1012 1488">
    <p class='ocr_par' dir='ltr' id='par_1_46' title="bbox 230 1454 1012 1488">
     <span class='ocr_line' id='line_1_46' title="bbox 230 1454 1012 1488; baseline -0.01 -1"><span class='ocrx_word' id='word_1_322' title='bbox 230 1459 331 1488; x_wconf 74' lang='lat' dir='ltr'><strong>Verum</strong></span> <span class='ocrx_word' id='word_1_323' title='bbox 346 1458 370 1486; x_wconf 83' lang='lat' dir='ltr'><strong>si</strong></span> <span class='ocrx_word' id='word_1_324' title='bbox 387 1457 518 1485; x_wconf 62' lang='lat' dir='ltr'><strong>daemonis</strong></span> <span class='ocrx_word' id='word_1_325' title='bbox 538 1463 678 1484; x_wconf 79' lang='lat' dir='ltr'><strong>sermones</strong></span> <span class='ocrx_word' id='word_1_326' title='bbox 695 1455 802 1482; x_wconf 84' lang='lat' dir='ltr'><strong>veritati</strong></span> <span class='ocrx_word' id='word_1_327' title='bbox 819 1461 873 1481; x_wconf 92' lang='lat' dir='ltr'><strong>non</strong></span> <span class='ocrx_word' id='word_1_328' title='bbox 894 1454 1012 1480; x_wconf 88' lang='lat' dir='ltr'><strong>absonos</strong></span> 
     </span>
    </p>
   </div>
   <div class='ocr_carea' id='block_1_47' title="bbox 229 1498 1013 1537">
    <p class='ocr_par' dir='ltr' id='par_1_47' title="bbox 229 1498 1013 1537">
     <span class='ocr_line' id='line_1_47' title="bbox 229 1498 1013 1537; baseline -0.011 -4"><span class='ocrx_word' id='word_1_329' title='bbox 229 1504 339 1537; x_wconf 81' lang='lat' dir='ltr'><strong>deiiuis,</strong></span> <span class='ocrx_word' id='word_1_330' title='bbox 356 1502 513 1531; x_wconf 88' lang='lat' dir='ltr'><strong>mendacem</strong></span> <span class='ocrx_word' id='word_1_331' title='bbox 529 1502 673 1529; x_wconf 87' lang='lat' dir='ltr'><strong>Dominum</strong></span> <span class='ocrx_word' id='word_1_332' title='bbox 685 1501 780 1535; x_wconf 85' lang='lat' dir='ltr'><strong>utique</strong></span> <span class='ocrx_word' id='word_1_333' title='bbox 795 1499 879 1526; x_wconf 86' lang='lat' dir='ltr'><strong>audes</strong></span> <span class='ocrx_word' id='word_1_334' title='bbox 901 1498 1013 1526; x_wconf 90' lang='lat' dir='ltr'><strong>demon-</strong></span> 
     </span>
    </p>
   </div>
   <div class='ocr_carea' id='block_1_48' title="bbox 231 1540 1046 1584">
    <p class='ocr_par' dir='ltr' id='par_1_48' title="bbox 231 1540 1046 1584">
     <span class='ocr_line' id='line_1_48' title="bbox 231 1540 1046 1584; baseline -0.011 -5"><span class='ocrx_word' id='word_1_335' title='bbox 231 1555 328 1579; x_wconf 88' lang='lat' dir='ltr'><strong>strare.</strong></span> <span class='ocrx_word' id='word_1_336' title='bbox 350 1548 468 1577; x_wconf 75' lang='lat' dir='ltr'><strong>Videsne</strong></span> <span class='ocrx_word' id='word_1_337' title='bbox 486 1555 567 1584; x_wconf 85' lang='lat' dir='ltr'><strong>quam</strong></span> <span class='ocrx_word' id='word_1_338' title='bbox 593 1547 716 1574; x_wconf 87' lang='lat' dir='ltr'><strong>inculcas</strong></span> <span class='ocrx_word' id='word_1_339' title='bbox 750 1545 930 1576; x_wconf 86' lang='lat' dir='ltr'><strong>sententiam,</strong></span> <span class='ocrx_word' id='word_1_340' title='bbox 953 1540 1046 1578; x_wconf 59' lang='lat' dir='ltr'><strong>quiec</strong></span> 
     </span>
    </p>
   </div>
   <div class='ocr_carea' id='block_1_49' title="bbox 231 1589 1014 1630">
    <p class='ocr_par' dir='ltr' id='par_1_49' title="bbox 231 1589 1014 1630">
     <span class='ocr_line' id='line_1_49' title="bbox 231 1589 1014 1630; baseline -0.011 -6"><span class='ocrx_word' id='word_1_341' title='bbox 231 1595 349 1624; x_wconf 89' lang='lat' dir='ltr'><strong>absurda</strong></span> <span class='ocrx_word' id='word_1_342' title='bbox 366 1595 510 1630; x_wconf 84' lang='lat' dir='ltr'><strong>ineptaque</strong></span> <span class='ocrx_word' id='word_1_343' title='bbox 522 1592 676 1620; x_wconf 79' lang='lat' dir='ltr'><strong>contineat?</strong></span> <span class='ocrx_word' id='word_1_344' title='bbox 689 1591 857 1625; x_wconf 83' lang='lat' dir='ltr'><strong>Quandoque</strong></span> <span class='ocrx_word' id='word_1_345' title='bbox 873 1589 943 1616; x_wconf 89' lang='lat' dir='ltr'><strong>enim</strong></span> <span class='ocrx_word' id='word_1_346' title='bbox 960 1589 1014 1616; x_wconf 69' lang='lat' dir='ltr'><strong>da:-</strong></span> 
     </span>
    </p>
   </div>
   <div class='ocr_carea' id='block_1_50' title="bbox 231 1635 1015 1670">
    <p class='ocr_par' dir='ltr' id='par_1_50' title="bbox 231 1635 1015 1670">
     <span class='ocr_line' id='line_1_50' title="bbox 231 1635 1015 1670; baseline -0.009 -1"><span class='ocrx_word' id='word_1_347' title='bbox 231 1649 325 1670; x_wconf 87' lang='lat' dir='ltr'><strong>mones</strong></span> <span class='ocrx_word' id='word_1_348' title='bbox 341 1641 374 1668; x_wconf 93' lang='lat' dir='ltr'><strong>ad</strong></span> <span class='ocrx_word' id='word_1_349' title='bbox 393 1640 534 1667; x_wconf 80' lang='lat' dir='ltr'><strong>veritatem</strong></span> <span class='ocrx_word' id='word_1_350' title='bbox 550 1637 693 1665; x_wconf 87' lang='lat' dir='ltr'><strong>dicendam</strong></span> <span class='ocrx_word' id='word_1_351' title='bbox 705 1638 730 1663; x_wconf 91' lang='lat' dir='ltr'><strong>vi</strong></span> <span class='ocrx_word' id='word_1_352' title='bbox 751 1635 951 1670; x_wconf 86' lang='lat' dir='ltr'><strong>compelluntur</strong></span> <span class='ocrx_word' id='word_1_353' title='bbox 965 1635 1015 1662; x_wconf 84' lang='lat' dir='ltr'><strong>do-</strong></span> 
     </span>
    </p>
   </div>
   <div class='ocr_carea' id='block_1_51' title="bbox 231 1681 1015 1718">
    <p class='ocr_par' dir='ltr' id='par_1_51' title="bbox 231 1681 1015 1718">
     <span class='ocr_line' id='line_1_51' title="bbox 231 1681 1015 1718; baseline -0.009 -4"><span class='ocrx_word' id='word_1_354' title='bbox 231 1687 335 1714; x_wconf 89' lang='lat' dir='ltr'><strong>loribus</strong></span> <span class='ocrx_word' id='word_1_355' title='bbox 347 1685 411 1713; x_wconf 88' lang='lat' dir='ltr'><strong>torti</strong></span> <span class='ocrx_word' id='word_1_356' title='bbox 428 1695 434 1712; x_wconf 90' lang='lat'>:</span> <span class='ocrx_word' id='word_1_357' title='bbox 451 1688 636 1712; x_wconf 84' lang='lat' dir='ltr'><strong>verumtamen</strong></span> <span class='ocrx_word' id='word_1_358' title='bbox 652 1683 720 1709; x_wconf 88' lang='lat' dir='ltr'><strong>nihil</strong></span> <span class='ocrx_word' id='word_1_359' title='bbox 735 1688 850 1718; x_wconf 89' lang='lat' dir='ltr'><strong>usquam</strong></span> <span class='ocrx_word' id='word_1_360' title='bbox 862 1681 1015 1708; x_wconf 87' lang='lat' dir='ltr'><strong>voluntarie</strong></span> 
     </span>
    </p>
   </div>
   <div class='ocr_carea' id='block_1_52' title="bbox 232 1726 1013 1762">
    <p class='ocr_par' dir='ltr' id='par_1_52' title="bbox 232 1726 1013 1762">
     <span class='ocr_line' id='line_1_52' title="bbox 232 1726 1013 1762; baseline -0.01 -2"><span class='ocrx_word' id='word_1_361' title='bbox 232 1733 291 1760; x_wconf 81' lang='lat' dir='ltr'><strong>sine</strong></span> <span class='ocrx_word' id='word_1_362' title='bbox 306 1732 447 1759; x_wconf 85' lang='lat' dir='ltr'><strong>mendacio</strong></span> <span class='ocrx_word' id='word_1_363' title='bbox 468 1729 596 1758; x_wconf 79' lang='lat' dir='ltr'><strong>dixerint.</strong></span> <span class='ocrx_word' id='word_1_364' title='bbox 619 1728 722 1756; x_wconf 87' lang='lat' dir='ltr'><strong>Tamen</strong></span> <span class='ocrx_word' id='word_1_365' title='bbox 743 1727 766 1755; x_wconf 91' lang='lat' dir='ltr'><strong>si</strong></span> <span class='ocrx_word' id='word_1_366' title='bbox 784 1726 848 1762; x_wconf 85' lang='lat' dir='ltr'><strong>quis</strong></span> <span class='ocrx_word' id='word_1_367' title='bbox 865 1727 1013 1754; x_wconf 87' lang='lat' dir='ltr'><strong>d:emonem</strong></span> 
     </span>
    </p>
   </div>
   <div class='ocr_carea' id='block_1_53' title="bbox 229 1771 1015 1813">
    <p class='ocr_par' dir='ltr' id='par_1_53' title="bbox 229 1771 1015 1813">
     <span class='ocr_line' id='line_1_53' title="bbox 229 1771 1015 1813; baseline -0.01 -8"><span class='ocrx_word' id='word_1_368' title='bbox 229 1778 321 1813; x_wconf 83' lang='lat' dir='ltr'><strong>juslos</strong></span> <span class='ocrx_word' id='word_1_369' title='bbox 338 1777 372 1804; x_wconf 89' lang='lat' dir='ltr'><strong>ab</strong></span> <span class='ocrx_word' id='word_1_370' title='bbox 387 1775 481 1803; x_wconf 79' lang='lat' dir='ltr'><strong>inferis</strong></span> <span class='ocrx_word' id='word_1_371' title='bbox 497 1782 610 1802; x_wconf 79' lang='lat' dir='ltr'><strong>evocare</strong></span> <span class='ocrx_word' id='word_1_372' title='bbox 625 1773 787 1804; x_wconf 81' lang='lat' dir='ltr'><strong>aﬂirmabit,</strong></span> <span class='ocrx_word' id='word_1_373' title='bbox 810 1771 945 1807; x_wconf 85' lang='lat' dir='ltr'><strong>quomodo</strong></span> <span class='ocrx_word' id='word_1_374' title='bbox 958 1779 1015 1798; x_wconf 85' lang='lat' dir='ltr'><strong>ma-</strong></span> 
     </span>
    </p>
   </div>
   <div class='ocr_carea' id='block_1_54' title="bbox 232 1817 1014 1854">
    <p class='ocr_par' dir='ltr' id='par_1_54' title="bbox 232 1817 1014 1854">
     <span class='ocr_line' id='line_1_54' title="bbox 232 1817 1014 1854; baseline -0.01 -3"><span class='ocrx_word' id='word_1_375' title='bbox 232 1823 360 1851; x_wconf 79' lang='lat' dir='ltr'><strong>nii&#39;estum</strong></span> <span class='ocrx_word' id='word_1_376' title='bbox 376 1829 431 1849; x_wconf 91' lang='lat' dir='ltr'><strong>non</strong></span> <span class='ocrx_word' id='word_1_377' title='bbox 454 1821 523 1854; x_wconf 89' lang='lat' dir='ltr'><strong>erit,</strong></span> <span class='ocrx_word' id='word_1_378' title='bbox 544 1819 639 1848; x_wconf 81' lang='lat' dir='ltr'><strong>fraude</strong></span> <span class='ocrx_word' id='word_1_379' title='bbox 657 1819 828 1847; x_wconf 86' lang='lat' dir='ltr'><strong>mendacium</strong></span> <span class='ocrx_word' id='word_1_380' title='bbox 851 1817 1014 1849; x_wconf 85' lang='lat' dir='ltr'><strong>obtrudere,</strong></span> 
     </span>
    </p>
   </div>
   <div class='ocr_carea' id='block_1_55' title="bbox 233 1864 1016 1902">
    <p class='ocr_par' dir='ltr' id='par_1_55' title="bbox 233 1864 1016 1902">
     <span class='ocr_line' id='line_1_55' title="bbox 233 1864 1016 1902; baseline -0.009 -5"><span class='ocrx_word' id='word_1_381' title='bbox 233 1870 278 1897; x_wconf 88' lang='lat' dir='ltr'><strong>illo</strong></span> <span class='ocrx_word' id='word_1_382' title='bbox 289 1870 378 1896; x_wconf 91' lang='lat' dir='ltr'><strong>animo</strong></span> <span class='ocrx_word' id='word_1_383' title='bbox 390 1873 418 1896; x_wconf 88' lang='lat' dir='ltr'><strong>nt</strong></span> <span class='ocrx_word' id='word_1_384' title='bbox 429 1869 545 1902; x_wconf 90' lang='lat' dir='ltr'><strong>aliquem</strong></span> <span class='ocrx_word' id='word_1_385' title='bbox 558 1866 724 1901; x_wconf 66' lang='lat' dir='ltr'><strong>praecipitem</strong></span> <span class='ocrx_word' id='word_1_386' title='bbox 736 1869 826 1892; x_wconf 88' lang='lat' dir='ltr'><strong>actum</strong></span> <span class='ocrx_word' id='word_1_387' title='bbox 839 1864 1016 1892; x_wconf 85' lang='lat' dir='ltr'><strong>consternat?</strong></span> 
     </span>
    </p>
   </div>
   <div class='ocr_carea' id='block_1_56' title="bbox 231 1911 1015 1947">
    <p class='ocr_par' dir='ltr' id='par_1_56' title="bbox 231 1911 1015 1947">
     <span class='ocr_line' id='line_1_56' title="bbox 231 1911 1015 1947; baseline -0.006 -4"><span class='ocrx_word' id='word_1_388' title='bbox 231 1916 272 1943; x_wconf 82' lang='lat' dir='ltr'><strong>Ita</strong></span> <span class='ocrx_word' id='word_1_389' title='bbox 283 1919 340 1947; x_wconf 89' lang='lat' dir='ltr'><strong>est,</strong></span> <span class='ocrx_word' id='word_1_390' title='bbox 357 1915 394 1941; x_wconf 83' lang='lat' dir='ltr'><strong>ait</strong></span> <span class='ocrx_word' id='word_1_391' title='bbox 408 1924 414 1941; x_wconf 84' lang='lat'>:</span> <span class='ocrx_word' id='word_1_392' title='bbox 427 1914 461 1941; x_wconf 83' lang='lat' dir='ltr'><strong>At</strong></span> <span class='ocrx_word' id='word_1_393' title='bbox 479 1914 523 1941; x_wconf 88' lang='lat' dir='ltr'><strong>illa</strong></span> <span class='ocrx_word' id='word_1_394' title='bbox 538 1913 644 1940; x_wconf 66' lang='lat' dir='ltr'><strong>daemon</strong></span> <span class='ocrx_word' id='word_1_395' title='bbox 665 1912 757 1939; x_wconf 88' lang='lat' dir='ltr'><strong>nullus</strong></span> <span class='ocrx_word' id='word_1_396' title='bbox 777 1911 875 1939; x_wconf 80' lang='lat' dir='ltr'><strong>etl&#39;atus</strong></span> <span class='ocrx_word' id='word_1_397' title='bbox 889 1916 948 1945; x_wconf 86' lang='lat' dir='ltr'><strong>est,</strong></span> <span class='ocrx_word' id='word_1_398' title='bbox 967 1911 1015 1938; x_wconf 85' lang='lat' dir='ltr'><strong>sed</strong></span> 
     </span>
    </p>
   </div>
   <div class='ocr_carea' id='block_1_57' title="bbox 233 1958 1015 1996">
    <p class='ocr_par' dir='ltr' id='par_1_57' title="bbox 233 1958 1015 1996">
     <span class='ocr_line' id='line_1_57' title="bbox 233 1958 1015 1996; baseline -0.008 -6"><span class='ocrx_word' id='word_1_399' title='bbox 233 1969 348 1990; x_wconf 86' lang='lat' dir='ltr'><strong>narrans</strong></span> <span class='ocrx_word' id='word_1_400' title='bbox 363 1960 505 1996; x_wconf 87' lang='lat' dir='ltr'><strong>scriptoris</strong></span> <span class='ocrx_word' id='word_1_401' title='bbox 521 1967 590 1992; x_wconf 76' lang='lat' dir='ltr'><strong>vox;</strong></span> <span class='ocrx_word' id='word_1_402' title='bbox 604 1966 764 1986; x_wconf 86' lang='lat' dir='ltr'><strong>sermonum</strong></span> <span class='ocrx_word' id='word_1_403' title='bbox 776 1966 841 1985; x_wconf 87' lang='lat' dir='ltr'><strong>vero</strong></span> <span class='ocrx_word' id='word_1_404' title='bbox 853 1958 1015 1992; x_wconf 84' lang='lat' dir='ltr'><strong>scriptorem</strong></span> 
     </span>
    </p>
   </div>
   <div class='ocr_carea' id='block_1_58' title="bbox 233 2004 1013 2043">
    <p class='ocr_par' dir='ltr' id='par_1_58' title="bbox 233 2004 1013 2043">
     <span class='ocr_line' id='line_1_58' title="bbox 233 2004 1013 2043; baseline -0.008 -7"><span class='ocrx_word' id='word_1_405' title='bbox 233 2017 293 2037; x_wconf 77' lang='lat' dir='ltr'><strong>esse</strong></span> <span class='ocrx_word' id='word_1_406' title='bbox 307 2008 437 2043; x_wconf 82' lang='lat' dir='ltr'><strong>Spiritum</strong></span> <span class='ocrx_word' id='word_1_407' title='bbox 452 2011 591 2037; x_wconf 82' lang='lat' dir='ltr'><strong>sanctum,</strong></span> <span class='ocrx_word' id='word_1_408' title='bbox 609 2010 636 2033; x_wconf 87' lang='lat' dir='ltr'><strong>et</strong></span> <span class='ocrx_word' id='word_1_409' title='bbox 647 2013 701 2033; x_wconf 89' lang='lat' dir='ltr'><strong>non</strong></span> <span class='ocrx_word' id='word_1_410' title='bbox 716 2005 854 2032; x_wconf 88' lang='lat' dir='ltr'><strong>hominem</strong></span> <span class='ocrx_word' id='word_1_411' title='bbox 865 2004 1013 2031; x_wconf 87' lang='lat' dir='ltr'><strong>credimus.</strong></span> 
     </span>
    </p>
   </div>
   <div class='ocr_carea' id='block_1_59' title="bbox 230 2051 1016 2089">
    <p class='ocr_par' dir='ltr' id='par_1_59' title="bbox 230 2051 1016 2089">
     <span class='ocr_line' id='line_1_59' title="bbox 230 2051 1016 2089; baseline -0.005 -7"><span class='ocrx_word' id='word_1_412' title='bbox 230 2055 314 2083; x_wconf 76' lang='lat' dir='ltr'><strong>Forte</strong></span> <span class='ocrx_word' id='word_1_413' title='bbox 331 2055 411 2082; x_wconf 88' lang='lat' dir='ltr'><strong>seriei</strong></span> <span class='ocrx_word' id='word_1_414' title='bbox 434 2053 599 2081; x_wconf 84' lang='lat' dir='ltr'><strong>narrationis</strong></span> <span class='ocrx_word' id='word_1_415' title='bbox 621 2053 770 2089; x_wconf 74' lang='lat' dir='ltr'><strong>pugnantia</strong></span> <span class='ocrx_word' id='word_1_416' title='bbox 787 2053 814 2080; x_wconf 92' lang='lat' dir='ltr'><strong>in</strong></span> <span class='ocrx_word' id='word_1_417' title='bbox 835 2052 955 2079; x_wconf 87' lang='lat' dir='ltr'><strong>medium</strong></span> <span class='ocrx_word' id='word_1_418' title='bbox 975 2051 1016 2078; x_wconf 81' lang='lat' dir='ltr'><strong>af-</strong></span> 
     </span>
    </p>
   </div>
   <div class='ocr_carea' id='block_1_60' title="bbox 232 2097 1015 2135">
    <p class='ocr_par' dir='ltr' id='par_1_60' title="bbox 232 2097 1015 2135">
     <span class='ocr_line' id='line_1_60' title="bbox 232 2097 1015 2135; baseline -0.006 -6"><span class='ocrx_word' id='word_1_419' title='bbox 232 2102 305 2130; x_wconf 70' lang='lat' dir='ltr'><strong>ferre</strong></span> <span class='ocrx_word' id='word_1_420' title='bbox 324 2109 380 2128; x_wconf 89' lang='lat' dir='ltr'><strong>non</strong></span> <span class='ocrx_word' id='word_1_421' title='bbox 407 2100 484 2135; x_wconf 89' lang='lat' dir='ltr'><strong>plane</strong></span> <span class='ocrx_word' id='word_1_422' title='bbox 508 2099 653 2135; x_wconf 78' lang='lat' dir='ltr'><strong>intelligis?</strong></span> <span class='ocrx_word' id='word_1_423' title='bbox 686 2098 797 2126; x_wconf 80' lang='lat' dir='ltr'><strong>Rectius</strong></span> <span class='ocrx_word' id='word_1_424' title='bbox 829 2099 938 2134; x_wconf 78' lang='lat' dir='ltr'><strong>itaque,</strong></span> <span class='ocrx_word' id='word_1_425' title='bbox 968 2097 1015 2132; x_wconf 89' lang='lat' dir='ltr'><strong>qui</strong></span> 
     </span>
    </p>
   </div>
   <div class='ocr_carea' id='block_1_61' title="bbox 231 2145 1016 2184">
    <p class='ocr_par' dir='ltr' id='par_1_61' title="bbox 231 2145 1016 2184">
     <span class='ocr_line' id='line_1_61' title="bbox 231 2145 1016 2184; baseline -0.005 -10"><span class='ocrx_word' id='word_1_426' title='bbox 231 2146 363 2184; x_wconf 88' lang='lat' dir='ltr'><strong>paulatim</strong></span> <span class='ocrx_word' id='word_1_427' title='bbox 386 2146 420 2173; x_wconf 88' lang='lat' dir='ltr'><strong>ad</strong></span> <span class='ocrx_word' id='word_1_428' title='bbox 436 2146 595 2173; x_wconf 81' lang='lat' dir='ltr'><strong>omniiarios</strong></span> <span class='ocrx_word' id='word_1_429' title='bbox 614 2153 753 2173; x_wconf 89' lang='lat' dir='ltr'><strong>sermones</strong></span> <span class='ocrx_word' id='word_1_430' title='bbox 780 2145 901 2172; x_wconf 86' lang='lat' dir='ltr'><strong>animum</strong></span> <span class='ocrx_word' id='word_1_431' title='bbox 926 2145 1016 2171; x_wconf 88' lang='lat' dir='ltr'><strong>inten-</strong></span> 
     </span>
    </p>
   </div>
   <div class='ocr_carea' id='block_1_62' title="bbox 233 2189 1014 2224">
    <p class='ocr_par' dir='ltr' id='par_1_62' title="bbox 233 2189 1014 2224">
     <span class='ocr_line' id='line_1_62' title="bbox 233 2189 1014 2224; baseline -0.008 -3"><span class='ocrx_word' id='word_1_432' title='bbox 233 2194 298 2221; x_wconf 75' lang='lat' dir='ltr'><strong>dere</strong></span> <span class='ocrx_word' id='word_1_433' title='bbox 323 2196 474 2224; x_wconf 84' lang='lat' dir='ltr'><strong>noverunt,</strong></span> <span class='ocrx_word' id='word_1_434' title='bbox 500 2191 647 2219; x_wconf 84' lang='lat' dir='ltr'><strong>tradidisse</strong></span> <span class='ocrx_word' id='word_1_435' title='bbox 678 2190 845 2218; x_wconf 90' lang='lat' dir='ltr'><strong>narrativam</strong></span> <span class='ocrx_word' id='word_1_436' title='bbox 872 2189 1014 2224; x_wconf 84' lang='lat' dir='ltr'><strong>scriptoris</strong></span> 
     </span>
    </p>
   </div>
   <div class='ocr_carea' id='block_1_63' title="bbox 235 2236 1016 2272">
    <p class='ocr_par' dir='ltr' id='par_1_63' title="bbox 235 2236 1016 2272">
     <span class='ocr_line' id='line_1_63' title="bbox 235 2236 1016 2272; baseline -0.006 -5"><span class='ocrx_word' id='word_1_437' title='bbox 235 2239 415 2271; x_wconf 83' lang='lat' dir='ltr'><strong>locutionem,</strong></span> <span class='ocrx_word' id='word_1_438' title='bbox 436 2245 495 2272; x_wconf 80' lang='lat' dir='ltr'><strong>quae</strong></span> <span class='ocrx_word' id='word_1_439' title='bbox 514 2237 656 2265; x_wconf 78' lang='lat' dir='ltr'><strong>videbatur</strong></span> <span class='ocrx_word' id='word_1_440' title='bbox 678 2237 767 2264; x_wconf 82' lang='lat' dir='ltr'><strong>facere</strong></span> <span class='ocrx_word' id='word_1_441' title='bbox 786 2236 828 2264; x_wconf 87' lang='lat' dir='ltr'><strong>vel</strong></span> <span class='ocrx_word' id='word_1_442' title='bbox 847 2236 938 2263; x_wconf 87' lang='lat' dir='ltr'><strong>dicere</strong></span> <span class='ocrx_word' id='word_1_443' title='bbox 955 2243 1016 2263; x_wconf 84' lang='lat' dir='ltr'><strong>ora-</strong></span> 
     </span>
    </p>
   </div>
   <div class='ocr_carea' id='block_1_64' title="bbox 234 2281 1017 2321">
    <p class='ocr_par' dir='ltr' id='par_1_64' title="bbox 234 2281 1017 2321">
     <span class='ocr_line' id='line_1_64' title="bbox 234 2281 1017 2321; baseline -0.005 -9"><span class='ocrx_word' id='word_1_444' title='bbox 234 2285 306 2318; x_wconf 89' lang='lat' dir='ltr'><strong>cula,</strong></span> <span class='ocrx_word' id='word_1_445' title='bbox 316 2284 419 2321; x_wconf 83' lang='lat' dir='ltr'><strong>petenti</strong></span> <span class='ocrx_word' id='word_1_446' title='bbox 435 2283 510 2310; x_wconf 83' lang='lat' dir='ltr'><strong>Sauli</strong></span> <span class='ocrx_word' id='word_1_447' title='bbox 526 2282 758 2318; x_wconf 78' lang='lat' dir='ltr'><strong>engastrimythus</strong></span> <span class='ocrx_word' id='word_1_448' title='bbox 771 2302 778 2314; x_wconf 91' lang='lat'><strong>,</strong></span> <span class='ocrx_word' id='word_1_449' title='bbox 794 2282 828 2309; x_wconf 92' lang='lat' dir='ltr'><strong>de</strong></span> <span class='ocrx_word' id='word_1_450' title='bbox 846 2289 877 2309; x_wconf 90' lang='lat' dir='ltr'><strong>ea</strong></span> <span class='ocrx_word' id='word_1_451' title='bbox 892 2281 1017 2309; x_wconf 81' lang='lat' dir='ltr'><strong>videlicet</strong></span> 
     </span>
    </p>
   </div>
   <div class='ocr_carea' id='block_1_65' title="bbox 234 2327 1015 2363">
    <p class='ocr_par' dir='ltr' id='par_1_65' title="bbox 234 2327 1015 2363">
     <span class='ocr_line' id='line_1_65' title="bbox 234 2327 1015 2363; baseline -0.004 -7"><span class='ocrx_word' id='word_1_452' title='bbox 234 2333 329 2357; x_wconf 87' lang='lat' dir='ltr'><strong>auctor</strong></span> <span class='ocrx_word' id='word_1_453' title='bbox 343 2335 459 2356; x_wconf 83' lang='lat' dir='ltr'><strong>narrans</strong></span> <span class='ocrx_word' id='word_1_454' title='bbox 475 2328 589 2363; x_wconf 86' lang='lat' dir='ltr'><strong>ejusque</strong></span> <span class='ocrx_word' id='word_1_455' title='bbox 614 2328 646 2354; x_wconf 84' lang='lat' dir='ltr'><strong>ad</strong></span> <span class='ocrx_word' id='word_1_456' title='bbox 671 2327 783 2355; x_wconf 81' lang='lat' dir='ltr'><strong>verbum</strong></span> <span class='ocrx_word' id='word_1_457' title='bbox 803 2334 944 2354; x_wconf 88' lang='lat' dir='ltr'><strong>sermones</strong></span> <span class='ocrx_word' id='word_1_458' title='bbox 966 2334 1015 2354; x_wconf 71' lang='lat' dir='ltr'><strong>ex-</strong></span> 
     </span>
    </p>
   </div>
   <div class='ocr_carea' id='block_1_66' title="bbox 232 2372 1015 2412">
    <p class='ocr_par' dir='ltr' id='par_1_66' title="bbox 232 2372 1015 2412">
     <span class='ocr_line' id='line_1_66' title="bbox 232 2372 1015 2412; baseline -0.005 -9"><span class='ocrx_word' id='word_1_459' title='bbox 232 2383 356 2412; x_wconf 79' lang='lat' dir='ltr'><strong>ponens,</strong></span> <span class='ocrx_word' id='word_1_460' title='bbox 375 2374 462 2410; x_wconf 78' lang='lat' dir='ltr'><strong>inquit</strong></span> <span class='ocrx_word' id='word_1_461' title='bbox 497 2384 504 2402; x_wconf 87' lang='lat'><strong>:</strong></span> <span class='ocrx_word' id='word_1_462' title='bbox 527 2373 560 2401; x_wconf 87' lang='lat' dir='ltr'><strong>Et</strong></span> <span class='ocrx_word' id='word_1_463' title='bbox 579 2374 646 2401; x_wconf 74' lang='lat' dir='ltr'><strong>dixit</strong></span> <span class='ocrx_word' id='word_1_464' title='bbox 665 2374 761 2401; x_wconf 83' lang='lat' dir='ltr'><strong>mulier</strong></span> <span class='ocrx_word' id='word_1_465' title='bbox 774 2382 783 2400; x_wconf 88' lang='lat'><em>:</em></span> <span class='ocrx_word' id='word_1_466' title='bbox 801 2373 884 2406; x_wconf 82' lang='lat' dir='ltr'><strong>Quem</strong></span> <span class='ocrx_word' id='word_1_467' title='bbox 905 2372 1015 2400; x_wconf 78' lang='lat' dir='ltr'><strong>evocabo</strong></span> 
     </span>
    </p>
   </div>
   <div class='ocr_carea' id='block_1_67' title="bbox 234 2418 1016 2456">
    <p class='ocr_par' dir='ltr' id='par_1_67' title="bbox 234 2418 1016 2456">
     <span class='ocr_line' id='line_1_67' title="bbox 234 2418 1016 2456; baseline -0.003 -8"><span class='ocrx_word' id='word_1_468' title='bbox 234 2422 281 2456; x_wconf 68' lang='lat' dir='ltr'><strong>tibi</strong></span> <span class='ocrx_word' id='word_1_469' title='bbox 290 2422 302 2450; x_wconf 64' lang='grc' dir='ltr'><strong>ε</strong></span> <span class='ocrx_word' id='word_1_470' title='bbox 317 2421 383 2455; x_wconf 84' lang='lat' dir='ltr'><strong>Quis</strong></span> <span class='ocrx_word' id='word_1_471' title='bbox 397 2421 433 2448; x_wconf 85' lang='lat' dir='ltr'><strong>ita</strong></span> <span class='ocrx_word' id='word_1_472' title='bbox 448 2428 544 2448; x_wconf 88' lang='lat' dir='ltr'><strong>vecors</strong></span> <span class='ocrx_word' id='word_1_473' title='bbox 558 2424 586 2447; x_wconf 83' lang='lat' dir='ltr'><strong>et</strong></span> <span class='ocrx_word' id='word_1_474' title='bbox 601 2419 716 2448; x_wconf 86' lang='lat' dir='ltr'><strong>stolidus</strong></span> <span class='ocrx_word' id='word_1_475' title='bbox 731 2419 793 2451; x_wconf 88' lang='lat' dir='ltr'><strong>erit,</strong></span> <span class='ocrx_word' id='word_1_476' title='bbox 812 2422 842 2445; x_wconf 90' lang='lat' dir='ltr'><strong>ut</strong></span> <span class='ocrx_word' id='word_1_477' title='bbox 861 2418 970 2446; x_wconf 86' lang='lat' dir='ltr'><strong>simulet</strong></span> <span class='ocrx_word' id='word_1_478' title='bbox 986 2426 1016 2447; x_wconf 88' lang='lat' dir='ltr'><strong>se</strong></span> 
     </span>
    </p>
   </div>
   <div class='ocr_carea' id='block_1_68' title="bbox 232 2465 1015 2503">
    <p class='ocr_par' dir='ltr' id='par_1_68' title="bbox 232 2465 1015 2503">
     <span class='ocr_line' id='line_1_68' title="bbox 232 2465 1015 2503; baseline -0.006 -7"><span class='ocrx_word' id='word_1_479' title='bbox 232 2468 345 2496; x_wconf 85' lang='lat' dir='ltr'><strong>minime</strong></span> <span class='ocrx_word' id='word_1_480' title='bbox 361 2475 473 2503; x_wconf 83' lang='lat' dir='ltr'><strong>capere,</strong></span> <span class='ocrx_word' id='word_1_481' title='bbox 489 2474 570 2494; x_wconf 88' lang='lat' dir='ltr'><strong>voces</strong></span> <span class='ocrx_word' id='word_1_482' title='bbox 591 2467 640 2494; x_wconf 78' lang='lat' dir='ltr'><strong>has</strong></span> <span class='ocrx_word' id='word_1_483' title='bbox 655 2465 797 2501; x_wconf 84' lang='lat' dir='ltr'><strong>scriptoris</strong></span> <span class='ocrx_word' id='word_1_484' title='bbox 814 2465 926 2492; x_wconf 89' lang='lat' dir='ltr'><strong>minime</strong></span> <span class='ocrx_word' id='word_1_485' title='bbox 937 2472 1015 2496; x_wconf 87' lang='lat' dir='ltr'><strong>esse,</strong></span> 
     </span>
    </p>
   </div>
   <div class='ocr_carea' id='block_1_69' title="bbox 233 2511 1016 2547">
    <p class='ocr_par' dir='ltr' id='par_1_69' title="bbox 233 2511 1016 2547">
     <span class='ocr_line' id='line_1_69' title="bbox 233 2511 1016 2547; baseline -0.005 -5"><span class='ocrx_word' id='word_1_486' title='bbox 233 2513 282 2542; x_wconf 73' lang='lat' dir='ltr'><strong>sed</strong></span> <span class='ocrx_word' id='word_1_487' title='bbox 307 2513 429 2541; x_wconf 84' lang='lat' dir='ltr'><strong>mulieris</strong></span> <span class='ocrx_word' id='word_1_488' title='bbox 449 2521 464 2541; x_wconf 92' lang='lat' dir='ltr'><strong>a</strong></span> <span class='ocrx_word' id='word_1_489' title='bbox 480 2513 603 2540; x_wconf 69' lang='lat' dir='ltr'><strong>daemone</strong></span> <span class='ocrx_word' id='word_1_490' title='bbox 618 2512 737 2539; x_wconf 78' lang='lat' dir='ltr'><strong>vexatae?</strong></span> <span class='ocrx_word' id='word_1_491' title='bbox 758 2511 838 2539; x_wconf 87' lang='lat' dir='ltr'><strong>Certe</strong></span> <span class='ocrx_word' id='word_1_492' title='bbox 854 2512 877 2539; x_wconf 91' lang='lat' dir='ltr'><strong>si</strong></span> <span class='ocrx_word' id='word_1_493' title='bbox 901 2511 968 2547; x_wconf 90' lang='lat' dir='ltr'><strong>quid</strong></span> <span class='ocrx_word' id='word_1_494' title='bbox 987 2511 1016 2538; x_wconf 90' lang='lat' dir='ltr'><strong>in</strong></span> 
     </span>
    </p>
   </div>
   <div class='ocr_carea' id='block_1_70' title="bbox 234 2557 1015 2593">
    <p class='ocr_par' dir='ltr' id='par_1_70' title="bbox 234 2557 1015 2593">
     <span class='ocr_line' id='line_1_70' title="bbox 234 2557 1015 2593; baseline -0.003 -7"><span class='ocrx_word' id='word_1_495' title='bbox 234 2559 285 2586; x_wconf 86' lang='lat' dir='ltr'><strong>hac</strong></span> <span class='ocrx_word' id='word_1_496' title='bbox 295 2566 325 2586; x_wconf 88' lang='lat' dir='ltr'><strong>re</strong></span> <span class='ocrx_word' id='word_1_497' title='bbox 336 2566 429 2586; x_wconf 87' lang='lat' dir='ltr'><strong>verum</strong></span> <span class='ocrx_word' id='word_1_498' title='bbox 445 2559 637 2593; x_wconf 88' lang='lat' dir='ltr'><strong>sincerumque</strong></span> <span class='ocrx_word' id='word_1_499' title='bbox 647 2559 691 2590; x_wconf 89' lang='lat' dir='ltr'><strong>sit,</strong></span> <span class='ocrx_word' id='word_1_500' title='bbox 707 2557 860 2593; x_wconf 87' lang='lat' dir='ltr'><strong>perspicere</strong></span> <span class='ocrx_word' id='word_1_501' title='bbox 873 2557 1015 2591; x_wconf 87' lang='lat' dir='ltr'><strong>debemus,</strong></span> 
     </span>
    </p>
   </div>
   <div class='ocr_carea' id='block_1_71' title="bbox 233 2602 1016 2631">
    <p class='ocr_par' dir='ltr' id='par_1_71' title="bbox 233 2602 1016 2631">
     <span class='ocr_line' id='line_1_71' title="bbox 233 2602 1016 2631; baseline -0.001 0"><span class='ocrx_word' id='word_1_502' title='bbox 233 2604 355 2631; x_wconf 81' lang='lat' dir='ltr'><strong>narratio</strong></span> <span class='ocrx_word' id='word_1_503' title='bbox 366 2603 432 2630; x_wconf 86' lang='lat' dir='ltr'><strong>illud</strong></span> <span class='ocrx_word' id='word_1_504' title='bbox 451 2607 555 2631; x_wconf 85' lang='lat' dir='ltr'><strong>tantum</strong></span> <span class='ocrx_word' id='word_1_505' title='bbox 572 2603 666 2630; x_wconf 86' lang='lat' dir='ltr'><strong>habuit</strong></span> <span class='ocrx_word' id='word_1_506' title='bbox 685 2613 691 2630; x_wconf 88' lang='lat'>:</span> <span class='ocrx_word' id='word_1_507' title='bbox 713 2602 784 2630; x_wconf 83' lang='lat' dir='ltr'><strong>Vidit</strong></span> <span class='ocrx_word' id='word_1_508' title='bbox 796 2603 892 2630; x_wconf 84' lang='lat' dir='ltr'><strong>mulier</strong></span> <span class='ocrx_word' id='word_1_509' title='bbox 904 2603 1016 2631; x_wconf 80' lang='lat' dir='ltr'><strong>Samue-</strong></span> 
     </span>
    </p>
   </div>
   <div class='ocr_carea' id='block_1_72' title="bbox 235 2649 1015 2685">
    <p class='ocr_par' dir='ltr' id='par_1_72' title="bbox 235 2649 1015 2685">
     <span class='ocr_line' id='line_1_72' title="bbox 235 2649 1015 2685; baseline -0.003 -7"><span class='ocrx_word' id='word_1_510' title='bbox 235 2651 295 2678; x_wconf 73' lang='lat' dir='ltr'><strong>tom.</strong></span> <span class='ocrx_word' id='word_1_511' title='bbox 326 2649 389 2677; x_wconf 83' lang='lat' dir='ltr'><strong>Haec</strong></span> <span class='ocrx_word' id='word_1_512' title='bbox 419 2658 500 2685; x_wconf 92' lang='lat' dir='ltr'><strong>porro</strong></span> <span class='ocrx_word' id='word_1_513' title='bbox 524 2650 561 2677; x_wconf 86' lang='lat' dir='ltr'><strong>ita</strong></span> <span class='ocrx_word' id='word_1_514' title='bbox 589 2653 752 2685; x_wconf 88' lang='lat' dir='ltr'><strong>prosecutus</strong></span> <span class='ocrx_word' id='word_1_515' title='bbox 779 2654 821 2677; x_wconf 88' lang='lat' dir='ltr'><strong>est</strong></span> <span class='ocrx_word' id='word_1_516' title='bbox 851 2649 1015 2684; x_wconf 82' lang='lat' dir='ltr'><strong>scriptione,</strong></span> 
     </span>
    </p>
   </div>
   <div class='ocr_carea' id='block_1_73' title="bbox 233 2695 1014 2731">
    <p class='ocr_par' dir='ltr' id='par_1_73' title="bbox 233 2695 1014 2731">
     <span class='ocr_line' id='line_1_73' title="bbox 233 2695 1014 2731; baseline -0.001 -8"><span class='ocrx_word' id='word_1_517' title='bbox 233 2695 312 2731; x_wconf 82' lang='lat' dir='ltr'><strong>quasi</strong></span> <span class='ocrx_word' id='word_1_518' title='bbox 328 2695 362 2723; x_wconf 88' lang='lat' dir='ltr'><strong>ad</strong></span> <span class='ocrx_word' id='word_1_519' title='bbox 379 2695 491 2725; x_wconf 85' lang='lat' dir='ltr'><strong>minime</strong></span> <span class='ocrx_word' id='word_1_520' title='bbox 502 2695 610 2731; x_wconf 77' lang='lat' dir='ltr'><strong>ignaros</strong></span> <span class='ocrx_word' id='word_1_521' title='bbox 622 2696 656 2723; x_wconf 83' lang='lat' dir='ltr'><strong>de</strong></span> <span class='ocrx_word' id='word_1_522' title='bbox 667 2695 834 2723; x_wconf 75' lang='lat' dir='ltr'><strong>daemoniaca</strong></span> <span class='ocrx_word' id='word_1_523' title='bbox 847 2695 1014 2731; x_wconf 87' lang='lat' dir='ltr'><strong>loqueretur.</strong></span> 
     </span>
    </p>
   </div>
   <div class='ocr_carea' id='block_1_74' title="bbox 234 2739 1019 2778">
    <p class='ocr_par' dir='ltr' id='par_1_74' title="bbox 234 2739 1019 2778">
     <span class='ocr_line' id='line_1_74' title="bbox 234 2739 1019 2778; baseline 0.003 -10"><span class='ocrx_word' id='word_1_524' title='bbox 234 2739 327 2777; x_wconf 77' lang='lat' dir='ltr'><strong>Neque</strong></span> <span class='ocrx_word' id='word_1_525' title='bbox 338 2741 411 2769; x_wconf 88' lang='lat' dir='ltr'><strong>enim</strong></span> <span class='ocrx_word' id='word_1_526' title='bbox 426 2741 538 2770; x_wconf 88' lang='lat' dir='ltr'><strong>dubium</strong></span> <span class='ocrx_word' id='word_1_527' title='bbox 550 2749 612 2770; x_wconf 86' lang='lat' dir='ltr'><strong>esse</strong></span> <span class='ocrx_word' id='word_1_528' title='bbox 623 2742 719 2775; x_wconf 86' lang='lat' dir='ltr'><strong>debet,</strong></span> <span class='ocrx_word' id='word_1_529' title='bbox 733 2741 884 2770; x_wconf 63' lang='lat' dir='ltr'><strong>daemonem</strong></span> <span class='ocrx_word' id='word_1_530' title='bbox 901 2741 948 2778; x_wconf 90' lang='lat' dir='ltr'><strong>qui</strong></span> <span class='ocrx_word' id='word_1_531' title='bbox 961 2742 1019 2777; x_wconf 86' lang='lat' dir='ltr'><strong>pio-</strong></span> 
     </span>
    </p>
   </div>
   <div class='ocr_carea' id='block_1_75' title="bbox 290 2830 926 2868">
    <p class='ocr_par' dir='ltr' id='par_1_75' title="bbox 290 2830 926 2868">
     <span class='ocr_line' id='line_1_75' title="bbox 290 2830 926 2868; baseline 0.005 -11"><span class='ocrx_word' id='word_1_532' title='bbox 290 2830 323 2858; x_wconf 84' lang='lat' dir='ltr'><strong>&#39;I</strong></span> <span class='ocrx_word' id='word_1_533' title='bbox 338 2830 398 2865; x_wconf 66' lang='lat' dir='ltr'><strong>(tu.</strong></span> <span class='ocrx_word' id='word_1_534' title='bbox 413 2839 507 2866; x_wconf 75' lang='grc' dir='ltr'><strong>ιιινιιι,</strong></span> <span class='ocrx_word' id='word_1_535' title='bbox 525 2831 616 2860; x_wconf 75' lang='grc'><strong>12-14.</strong></span> <span class='ocrx_word' id='word_1_536' title='bbox 651 2833 699 2850; x_wconf 80' lang='grc'><strong>⁹·¹⁶</strong></span> <span class='ocrx_word' id='word_1_537' title='bbox 714 2832 797 2861; x_wconf 82' lang='lat' dir='ltr'><strong>Joan.</strong></span> <span class='ocrx_word' id='word_1_538' title='bbox 813 2841 871 2868; x_wconf 87' lang='lat' dir='ltr'><strong>vm,</strong></span> <span class='ocrx_word' id='word_1_539' title='bbox 883 2833 926 2861; x_wconf 76' lang='grc' dir='ltr'><strong>ιι.</strong></span> 
     </span>
    </p>
   </div>
   <div class='ocr_carea' id='block_1_76' title="bbox 1061 901 1845 939">
    <p class='ocr_par' dir='ltr' id='par_1_76' title="bbox 1061 901 1845 939">
     <span class='ocr_line' id='line_1_76' title="bbox 1061 901 1845 939; baseline -0.004 -9"><span class='ocrx_word' id='word_1_540' title='bbox 1061 901 1083 930; x_wconf 82' lang='grc' dir='ltr'><strong>ὦ</strong></span> <span class='ocrx_word' id='word_1_541' title='bbox 1105 903 1232 939; x_wconf 77' lang='grc' dir='ltr'><strong>κράτιστε</strong></span> <span class='ocrx_word' id='word_1_542' title='bbox 1248 903 1352 938; x_wconf 87' lang='grc' dir='ltr'>ἀνδρῶν</span> <span class='ocrx_word' id='word_1_543' title='bbox 1368 903 1500 938; x_wconf 83' lang='grc' dir='ltr'>Εὑτρόπιε</span> <span class='ocrx_word' id='word_1_544' title='bbox 1511 911 1517 917; x_wconf 85' lang='grc'><strong>-</strong></span> <span class='ocrx_word' id='word_1_545' title='bbox 1532 902 1598 928; x_wconf 77' lang='grc' dir='ltr'>πολὺ</span> <span class='ocrx_word' id='word_1_546' title='bbox 1615 901 1679 937; x_wconf 84' lang='grc' dir='ltr'>γὰρ,</span> <span class='ocrx_word' id='word_1_547' title='bbox 1698 901 1736 932; x_wconf 83' lang='grc' dir='ltr'>ὡς</span> <span class='ocrx_word' id='word_1_548' title='bbox 1748 901 1845 934; x_wconf 71' lang='grc' dir='ltr'>ἔοικεν,</span> 
     </span>
    </p>
   </div>
   <div class='ocr_carea' id='block_1_77' title="bbox 1067 947 1847 986">
    <p class='ocr_par' dir='ltr' id='par_1_77' title="bbox 1067 947 1847 986">
     <span class='ocr_line' id='line_1_77' title="bbox 1067 947 1847 986; baseline -0.005 -9"><span class='ocrx_word' id='word_1_549' title='bbox 1067 950 1205 986; x_wconf 81' lang='grc' dir='ltr'>Ὠριγένης</span> <span class='ocrx_word' id='word_1_550' title='bbox 1215 951 1264 985; x_wconf 86' lang='grc' dir='ltr'><strong>τῆς</strong></span> <span class='ocrx_word' id='word_1_551' title='bbox 1281 949 1408 984; x_wconf 77' lang='grc' dir='ltr'>ἀληθείας</span> <span class='ocrx_word' id='word_1_552' title='bbox 1419 948 1533 984; x_wconf 78' lang='grc' dir='ltr'>ἐσφάλη·</span> <span class='ocrx_word' id='word_1_553' title='bbox 1551 948 1636 975; x_wconf 88' lang='grc' dir='ltr'>καίτοι</span> <span class='ocrx_word' id='word_1_554' title='bbox 1655 947 1702 974; x_wconf 82' lang='grc' dir='ltr'>τοῦ</span> <span class='ocrx_word' id='word_1_555' title='bbox 1711 948 1847 974; x_wconf 80' lang='grc' dir='ltr'>Δεσπότου</span> 
     </span>
    </p>
   </div>
   <div class='ocr_carea' id='block_1_78' title="bbox 1059 995 1847 1032">
    <p class='ocr_par' dir='ltr' id='par_1_78' title="bbox 1059 995 1847 1032">
     <span class='ocr_line' id='line_1_78' title="bbox 1059 995 1847 1032; baseline -0.003 -9"><span class='ocrx_word' id='word_1_556' title='bbox 1059 997 1138 1032; x_wconf 83' lang='grc' dir='ltr'><strong>ἡμῶν</strong></span> <span class='ocrx_word' id='word_1_557' title='bbox 1157 995 1243 1031; x_wconf 87' lang='grc' dir='ltr'>Ἰησοῦ</span> <span class='ocrx_word' id='word_1_558' title='bbox 1268 995 1384 1030; x_wconf 78' lang='grc' dir='ltr'><strong>Χριστοῦ</strong></span> <span class='ocrx_word' id='word_1_559' title='bbox 1411 995 1474 1030; x_wconf 79' lang='grc' dir='ltr'>περὶ</span> <span class='ocrx_word' id='word_1_560' title='bbox 1496 995 1542 1021; x_wconf 83' lang='grc' dir='ltr'>τοῦ</span> <span class='ocrx_word' id='word_1_561' title='bbox 1562 995 1683 1021; x_wconf 69' lang='grc' dir='ltr'>διαϐόλου</span> <span class='ocrx_word' id='word_1_562' title='bbox 1698 995 1847 1031; x_wconf 72' lang='grc' dir='ltr'>διαρρήδην</span> 
     </span>
    </p>
   </div>
   <div class='ocr_carea' id='block_1_79' title="bbox 1061 1038 1846 1078">
    <p class='ocr_par' dir='ltr' id='par_1_79' title="bbox 1061 1038 1846 1078">
     <span class='ocr_line' id='line_1_79' title="bbox 1061 1038 1846 1078; baseline -0.003 -10"><span class='ocrx_word' id='word_1_563' title='bbox 1061 1042 1209 1078; x_wconf 80' lang='grc' dir='ltr'>εἰρηκότος·</span> <span class='ocrx_word' id='word_1_564' title='bbox 1226 1040 1356 1074; x_wconf 72' lang='grc' dir='ltr'>Ἐκεῖνος</span> <span class='ocrx_word' id='word_1_565' title='bbox 1369 1041 1613 1074; x_wconf 75' lang='grc' dir='ltr'><strong>ἀνθρωποκτόνος</strong></span> <span class='ocrx_word' id='word_1_566' title='bbox 1625 1038 1664 1076; x_wconf 82' lang='grc' dir='ltr'><strong>ἦν</strong></span> <span class='ocrx_word' id='word_1_567' title='bbox 1677 1041 1728 1067; x_wconf 79' lang='grc' dir='ltr'><strong>ἀπ’</strong></span> <span class='ocrx_word' id='word_1_568' title='bbox 1739 1039 1846 1074; x_wconf 71' lang='grc' dir='ltr'>ἀρχῆς,</span> 
     </span>
    </p>
   </div>
   <div class='ocr_carea' id='block_1_80' title="bbox 1060 1085 1847 1120">
    <p class='ocr_par' dir='ltr' id='par_1_80' title="bbox 1060 1085 1847 1120">
     <span class='ocr_line' id='line_1_80' title="bbox 1060 1085 1847 1120; baseline -0.003 -7"><span class='ocrx_word' id='word_1_569' title='bbox 1060 1087 1109 1113; x_wconf 78' lang='grc' dir='ltr'>καὶ</span> <span class='ocrx_word' id='word_1_570' title='bbox 1122 1087 1157 1113; x_wconf 80' lang='grc' dir='ltr'><strong>ἐν</strong></span> <span class='ocrx_word' id='word_1_571' title='bbox 1172 1086 1209 1120; x_wconf 78' lang='grc' dir='ltr'>τῇ</span> <span class='ocrx_word' id='word_1_572' title='bbox 1224 1086 1351 1120; x_wconf 76' lang='grc' dir='ltr'>ἀληθείῃ</span> <span class='ocrx_word' id='word_1_573' title='bbox 1364 1087 1419 1120; x_wconf 84' lang='grc' dir='ltr'><strong>οὺχ</strong></span> <span class='ocrx_word' id='word_1_574' title='bbox 1440 1085 1578 1119; x_wconf 75' lang='grc' dir='ltr'>ἕστηκεν,</span> <span class='ocrx_word' id='word_1_575' title='bbox 1594 1085 1637 1112; x_wconf 81' lang='grc' dir='ltr'>ὅτι</span> <span class='ocrx_word' id='word_1_576' title='bbox 1651 1085 1778 1118; x_wconf 79' lang='grc' dir='ltr'>ἀλήθεια</span> <span class='ocrx_word' id='word_1_577' title='bbox 1792 1086 1847 1111; x_wconf 76' lang='grc' dir='ltr'>οὐκ</span> 
     </span>
    </p>
   </div>
   <div class='ocr_carea' id='block_1_81' title="bbox 1060 1129 1848 1164">
    <p class='ocr_par' dir='ltr' id='par_1_81' title="bbox 1060 1129 1848 1164">
     <span class='ocr_line' id='line_1_81' title="bbox 1060 1129 1848 1164; baseline 0 -8"><span class='ocrx_word' id='word_1_578' title='bbox 1060 1130 1146 1157; x_wconf 79' lang='grc' dir='ltr'>ἔστιν</span> <span class='ocrx_word' id='word_1_579' title='bbox 1168 1130 1203 1156; x_wconf 79' lang='grc' dir='ltr'><strong>ἐν</strong></span> <span class='ocrx_word' id='word_1_580' title='bbox 1216 1130 1304 1162; x_wconf 85' lang='grc' dir='ltr'>αὐτῷ.</span> <span class='ocrx_word' id='word_1_581' title='bbox 1325 1131 1412 1156; x_wconf 84' lang='grc' dir='ltr'>Ὅταν·</span> <span class='ocrx_word' id='word_1_582' title='bbox 1434 1129 1514 1164; x_wconf 75' lang='grc' dir='ltr'>λαλῇ</span> <span class='ocrx_word' id='word_1_583' title='bbox 1540 1131 1571 1157; x_wconf 81' lang='grc' dir='ltr'>τὸ</span> <span class='ocrx_word' id='word_1_584' title='bbox 1597 1130 1709 1164; x_wconf 72' lang='grc' dir='ltr'>ψεῦδος</span> <span class='ocrx_word' id='word_1_585' title='bbox 1736 1131 1771 1157; x_wconf 78' lang='grc' dir='ltr'>ὲκ</span> <span class='ocrx_word' id='word_1_586' title='bbox 1790 1129 1848 1156; x_wconf 73' lang='grc' dir='ltr'>τῶν</span> 
     </span>
    </p>
   </div>
   <div class='ocr_carea' id='block_1_82' title="bbox 1061 1178 1848 1213">
    <p class='ocr_par' dir='ltr' id='par_1_82' title="bbox 1061 1178 1848 1213">
     <span class='ocr_line' id='line_1_82' title="bbox 1061 1178 1848 1213; baseline 0.001 -8"><span class='ocrx_word' id='word_1_587' title='bbox 1061 1179 1142 1206; x_wconf 71' lang='grc' dir='ltr'>ἰδίων</span> <span class='ocrx_word' id='word_1_588' title='bbox 1154 1179 1251 1211; x_wconf 77' lang='grc' dir='ltr'>λαλεῖ,</span> <span class='ocrx_word' id='word_1_589' title='bbox 1269 1179 1312 1205; x_wconf 82' lang='grc' dir='ltr'>ὅτι</span> <span class='ocrx_word' id='word_1_590' title='bbox 1331 1179 1466 1213; x_wconf 68' lang='grc' dir='ltr'>ψεύστης</span> <span class='ocrx_word' id='word_1_591' title='bbox 1485 1178 1550 1205; x_wconf 78' lang='grc' dir='ltr'>ἐστὶ</span> <span class='ocrx_word' id='word_1_592' title='bbox 1573 1179 1621 1205; x_wconf 78' lang='grc' dir='ltr'>καὶ</span> <span class='ocrx_word' id='word_1_593' title='bbox 1644 1180 1660 1205; x_wconf 81' lang='grc' dir='ltr'><em>ὀ</em></span> <span class='ocrx_word' id='word_1_594' title='bbox 1681 1178 1780 1212; x_wconf 72' lang='grc' dir='ltr'>,πατὴρ</span> <span class='ocrx_word' id='word_1_595' title='bbox 1797 1181 1848 1206; x_wconf 82' lang='grc' dir='ltr'><strong>αὺ-</strong></span> 
     </span>
    </p>
   </div>
   <div class='ocr_carea' id='block_1_83' title="bbox 1061 1222 1849 1261">
    <p class='ocr_par' dir='ltr' id='par_1_83' title="bbox 1061 1222 1849 1261">
     <span class='ocr_line' id='line_1_83' title="bbox 1061 1222 1849 1261; baseline -0.003 -9"><span class='ocrx_word' id='word_1_596' title='bbox 1061 1225 1123 1253; x_wconf 82' lang='grc' dir='ltr'>τοῦ.</span> <span class='ocrx_word' id='word_1_597' title='bbox 1140 1225 1172 1252; x_wconf 89' lang='grc' dir='ltr'>Τί</span> <span class='ocrx_word' id='word_1_598' title='bbox 1188 1225 1275 1252; x_wconf 79' lang='grc' dir='ltr'>τοίνυν</span> <span class='ocrx_word' id='word_1_599' title='bbox 1290 1226 1350 1261; x_wconf 69' lang='grc' dir='ltr'><strong>φῂς,</strong></span> <span class='ocrx_word' id='word_1_600' title='bbox 1369 1222 1391 1251; x_wconf 81' lang='grc' dir='ltr'><strong>ὦ</strong></span> <span class='ocrx_word' id='word_1_601' title='bbox 1415 1225 1566 1260; x_wconf 80' lang='grc' dir='ltr'>Ὠρίγενες;</span> <span class='ocrx_word' id='word_1_602' title='bbox 1584 1225 1688 1259; x_wconf 79' lang='grc' dir='ltr'><strong>ἀνάγκη</strong></span> <span class='ocrx_word' id='word_1_603' title='bbox 1709 1225 1763 1260; x_wconf 74' lang='grc' dir='ltr'>γὰρ</span> <span class='ocrx_word' id='word_1_604' title='bbox 1789 1225 1849 1259; x_wconf 77' lang='grc' dir='ltr'><strong>ὲρέ-</strong></span> 
     </span>
    </p>
   </div>
   <div class='ocr_carea' id='block_1_84' title="bbox 1062 1271 1848 1308">
    <p class='ocr_par' dir='ltr' id='par_1_84' title="bbox 1062 1271 1848 1308">
     <span class='ocr_line' id='line_1_84' title="bbox 1062 1271 1848 1308; baseline -0.001 -11"><span class='ocrx_word' id='word_1_605' title='bbox 1062 1271 1123 1298; x_wconf 83' lang='grc' dir='ltr'>σθαι</span> <span class='ocrx_word' id='word_1_606' title='bbox 1147 1280 1176 1299; x_wconf 82' lang='grc' dir='ltr'><strong>σε</strong></span> <span class='ocrx_word' id='word_1_607' title='bbox 1200 1272 1322 1308; x_wconf 80' lang='grc' dir='ltr'>πότερον,</span> <span class='ocrx_word' id='word_1_608' title='bbox 1341 1271 1427 1306; x_wconf 83' lang='grc' dir='ltr'>ἀληθῆ</span> <span class='ocrx_word' id='word_1_609' title='bbox 1451 1271 1536 1298; x_wconf 80' lang='grc' dir='ltr'>ταῦτά</span> <span class='ocrx_word' id='word_1_610' title='bbox 1557 1272 1629 1297; x_wconf 79' lang='grc' dir='ltr'>ἐστιν</span> <span class='ocrx_word' id='word_1_611' title='bbox 1643 1271 1713 1307; x_wconf 73' lang='grc' dir='ltr'>ἅπερ</span> <span class='ocrx_word' id='word_1_612' title='bbox 1731 1271 1848 1307; x_wconf 63' lang='grc' dir='ltr'>ἔφρασεν</span> 
     </span>
    </p>
   </div>
   <div class='ocr_carea' id='block_1_85' title="bbox 1061 1317 1848 1354">
    <p class='ocr_par' dir='ltr' id='par_1_85' title="bbox 1061 1317 1848 1354">
     <span class='ocr_line' id='line_1_85' title="bbox 1061 1317 1848 1354; baseline -0.001 -10"><span class='ocrx_word' id='word_1_613' title='bbox 1061 1319 1075 1344; x_wconf 81' lang='grc' dir='ltr'>ὁ</span> <span class='ocrx_word' id='word_1_614' title='bbox 1091 1318 1195 1354; x_wconf 76' lang='grc' dir='ltr'>Σωτὴρ,</span> <span class='ocrx_word' id='word_1_615' title='bbox 1211 1318 1227 1352; x_wconf 85' lang='grc' dir='ltr'>ἢ</span> <span class='ocrx_word' id='word_1_616' title='bbox 1243 1317 1397 1344; x_wconf 78' lang='grc' dir='ltr'>τούναντίον</span> <span class='ocrx_word' id='word_1_617' title='bbox 1419 1317 1610 1352; x_wconf 77' lang='grc' dir='ltr'>ἀνθυποφέρων</span> <span class='ocrx_word' id='word_1_618' title='bbox 1633 1318 1723 1352; x_wconf 78' lang='grc' dir='ltr'>ὲρεῖςς</span> <span class='ocrx_word' id='word_1_619' title='bbox 1747 1318 1779 1344; x_wconf 74' lang='lat' dir='ltr'><strong>Et</strong></span> <span class='ocrx_word' id='word_1_620' title='bbox 1801 1318 1848 1353; x_wconf 82' lang='grc' dir='ltr'>μὲν</span> 
     </span>
    </p>
   </div>
   <div class='ocr_carea' id='block_1_86' title="bbox 1062 1362 1848 1399">
    <p class='ocr_par' dir='ltr' id='par_1_86' title="bbox 1062 1362 1848 1399">
     <span class='ocr_line' id='line_1_86' title="bbox 1062 1362 1848 1399; baseline 0.001 -10"><span class='ocrx_word' id='word_1_621' title='bbox 1062 1362 1107 1390; x_wconf 82' lang='grc' dir='ltr'>οὖν</span> <span class='ocrx_word' id='word_1_622' title='bbox 1125 1363 1234 1399; x_wconf 79' lang='grc' dir='ltr'>ἀληθεῖς</span> <span class='ocrx_word' id='word_1_623' title='bbox 1248 1365 1272 1390; x_wconf 87' lang='grc' dir='ltr'><strong>οἱ</strong></span> <span class='ocrx_word' id='word_1_624' title='bbox 1288 1363 1334 1390; x_wconf 77' lang='grc' dir='ltr'>τοῦ</span> <span class='ocrx_word' id='word_1_625' title='bbox 1353 1364 1454 1399; x_wconf 81' lang='grc' dir='ltr'>Κυρίου</span> <span class='ocrx_word' id='word_1_626' title='bbox 1473 1364 1635 1398; x_wconf 70' lang='grc' dir='ltr'>τυγχάνουσι</span> <span class='ocrx_word' id='word_1_627' title='bbox 1651 1364 1742 1398; x_wconf 83' lang='grc' dir='ltr'><strong>λόγοι,</strong></span> <span class='ocrx_word' id='word_1_628' title='bbox 1757 1364 1848 1390; x_wconf 70' lang='grc' dir='ltr'>είωθὸ-</span> 
     </span>
    </p>
   </div>
   <div class='ocr_carea' id='block_1_87' title="bbox 1062 1409 1849 1446">
    <p class='ocr_par' dir='ltr' id='par_1_87' title="bbox 1062 1409 1849 1446">
     <span class='ocr_line' id='line_1_87' title="bbox 1062 1409 1849 1446; baseline 0 -10"><span class='ocrx_word' id='word_1_629' title='bbox 1062 1419 1125 1442; x_wconf 80' lang='grc' dir='ltr'>τως,</span> <span class='ocrx_word' id='word_1_630' title='bbox 1141 1409 1194 1446; x_wconf 75' lang='grc' dir='ltr'>ἄρα</span> <span class='ocrx_word' id='word_1_631' title='bbox 1218 1411 1231 1436; x_wconf 85' lang='grc' dir='ltr'>ὁ</span> <span class='ocrx_word' id='word_1_632' title='bbox 1254 1410 1357 1444; x_wconf 86' lang='grc' dir='ltr'>δαίμων</span> <span class='ocrx_word' id='word_1_633' title='bbox 1383 1409 1514 1445; x_wconf 68' lang='grc' dir='ltr'>ἐψεύσατο</span> <span class='ocrx_word' id='word_1_634' title='bbox 1539 1409 1754 1446; x_wconf 51' lang='grc' dir='ltr'>θρασυνόμενος</span> <span class='ocrx_word' id='word_1_635' title='bbox 1774 1411 1797 1436; x_wconf 82' lang='grc' dir='ltr'><strong>εί</strong></span> <span class='ocrx_word' id='word_1_636' title='bbox 1821 1410 1849 1437; x_wconf 78' lang='grc' dir='ltr'>δὲ</span> 
     </span>
    </p>
   </div>
   <div class='ocr_carea' id='block_1_88' title="bbox 1063 1455 1849 1492">
    <p class='ocr_par' dir='ltr' id='par_1_88' title="bbox 1063 1455 1849 1492">
     <span class='ocr_line' id='line_1_88' title="bbox 1063 1455 1849 1492; baseline 0 -10"><span class='ocrx_word' id='word_1_637' title='bbox 1063 1456 1164 1492; x_wconf 68' lang='grc' dir='ltr'>ἀψευδῆ</span> <span class='ocrx_word' id='word_1_638' title='bbox 1178 1456 1212 1482; x_wconf 80' lang='grc' dir='ltr'>τὰ</span> <span class='ocrx_word' id='word_1_639' title='bbox 1226 1455 1272 1482; x_wconf 79' lang='grc' dir='ltr'>τοῦ</span> <span class='ocrx_word' id='word_1_640' title='bbox 1286 1455 1411 1491; x_wconf 82' lang='grc' dir='ltr'>δαίμονος</span> <span class='ocrx_word' id='word_1_641' title='bbox 1426 1456 1505 1492; x_wconf 80' lang='grc' dir='ltr'>ὁρίζῃ</span> <span class='ocrx_word' id='word_1_642' title='bbox 1518 1456 1636 1491; x_wconf 78' lang='grc' dir='ltr'>ῥήματα,</span> <span class='ocrx_word' id='word_1_643' title='bbox 1651 1455 1771 1491; x_wconf 71' lang='grc' dir='ltr'>ψεύστην</span> <span class='ocrx_word' id='word_1_644' title='bbox 1782 1457 1849 1483; x_wconf 79' lang='grc' dir='ltr'>ἀπο-</span> 
     </span>
    </p>
   </div>
   <div class='ocr_carea' id='block_1_89' title="bbox 1065 1502 1850 1538">
    <p class='ocr_par' dir='ltr' id='par_1_89' title="bbox 1065 1502 1850 1538">
     <span class='ocr_line' id='line_1_89' title="bbox 1065 1502 1850 1538; baseline 0 -9"><span class='ocrx_word' id='word_1_645' title='bbox 1065 1503 1145 1538; x_wconf 83' lang='grc' dir='ltr'><strong>φῆναι</strong></span> <span class='ocrx_word' id='word_1_646' title='bbox 1160 1503 1204 1529; x_wconf 75' lang='grc' dir='ltr'>τὸν</span> <span class='ocrx_word' id='word_1_647' title='bbox 1220 1502 1320 1538; x_wconf 81' lang='grc' dir='ltr'>Κύριον</span> <span class='ocrx_word' id='word_1_648' title='bbox 1335 1503 1477 1538; x_wconf 80' lang='grc' dir='ltr'>ὲγχειρεῖς·</span> <span class='ocrx_word' id='word_1_649' title='bbox 1491 1504 1556 1538; x_wconf 82' lang='grc' dir='ltr'><strong>ὁρᾷς</strong></span> <span class='ocrx_word' id='word_1_650' title='bbox 1574 1503 1613 1534; x_wconf 87' lang='grc' dir='ltr'><strong>είς</strong></span> <span class='ocrx_word' id='word_1_651' title='bbox 1628 1504 1694 1537; x_wconf 79' lang='grc' dir='ltr'>ὅσην</span> <span class='ocrx_word' id='word_1_652' title='bbox 1708 1503 1850 1529; x_wconf 75' lang='grc' dir='ltr'>ἐκπέπτω-</span> 
     </span>
    </p>
   </div>
   <div class='ocr_carea' id='block_1_90' title="bbox 1064 1548 1849 1584">
    <p class='ocr_par' dir='ltr' id='par_1_90' title="bbox 1064 1548 1849 1584">
     <span class='ocr_line' id='line_1_90' title="bbox 1064 1548 1849 1584; baseline -0.003 -8"><span class='ocrx_word' id='word_1_653' title='bbox 1064 1558 1110 1576; x_wconf 84' lang='grc' dir='ltr'><strong>κεν</strong></span> <span class='ocrx_word' id='word_1_654' title='bbox 1126 1548 1238 1575; x_wconf 82' lang='grc' dir='ltr'>ἀτοπίαν</span> <span class='ocrx_word' id='word_1_655' title='bbox 1254 1549 1267 1574; x_wconf 81' lang='grc' dir='ltr'>ὁ</span> <span class='ocrx_word' id='word_1_656' title='bbox 1283 1548 1357 1584; x_wconf 82' lang='grc' dir='ltr'><strong>παρά</strong></span> <span class='ocrx_word' id='word_1_657' title='bbox 1370 1548 1411 1575; x_wconf 86' lang='grc' dir='ltr'><strong>σοὶ</strong></span> <span class='ocrx_word' id='word_1_658' title='bbox 1424 1548 1649 1584; x_wconf 80' lang='grc' dir='ltr'>δογματιξόμενος</span> <span class='ocrx_word' id='word_1_659' title='bbox 1660 1549 1738 1584; x_wconf 76' lang='grc' dir='ltr'>ὄρος;</span> <span class='ocrx_word' id='word_1_660' title='bbox 1756 1550 1849 1576; x_wconf 81' lang='grc' dir='ltr'>Ἀκον-</span> 
     </span>
    </p>
   </div>
   <div class='ocr_carea' id='block_1_91' title="bbox 1063 1595 1850 1631">
    <p class='ocr_par' dir='ltr' id='par_1_91' title="bbox 1063 1595 1850 1631">
     <span class='ocr_line' id='line_1_91' title="bbox 1063 1595 1850 1631; baseline 0.001 -10"><span class='ocrx_word' id='word_1_661' title='bbox 1063 1604 1108 1627; x_wconf 72' lang='lat' dir='ltr'><strong>re;</strong></span> <span class='ocrx_word' id='word_1_662' title='bbox 1123 1595 1171 1631; x_wconf 82' lang='grc' dir='ltr'><strong>μὲν</strong></span> <span class='ocrx_word' id='word_1_663' title='bbox 1183 1595 1237 1631; x_wconf 78' lang='grc' dir='ltr'>γὰρ</span> <span class='ocrx_word' id='word_1_664' title='bbox 1248 1596 1302 1623; x_wconf 76' lang='grc' dir='ltr'>ἐσθ’</span> <span class='ocrx_word' id='word_1_665' title='bbox 1317 1596 1361 1622; x_wconf 83' lang='grc' dir='ltr'><strong>ὅτε</strong></span> <span class='ocrx_word' id='word_1_666' title='bbox 1374 1595 1477 1631; x_wconf 84' lang='grc' dir='ltr'>τάληθῆ</span> <span class='ocrx_word' id='word_1_667' title='bbox 1489 1596 1577 1630; x_wconf 80' lang='grc' dir='ltr'>λέγειν</span> <span class='ocrx_word' id='word_1_668' title='bbox 1589 1596 1613 1622; x_wconf 75' lang='lat' dir='ltr'><strong>ot</strong></span> <span class='ocrx_word' id='word_1_669' title='bbox 1626 1596 1753 1631; x_wconf 81' lang='grc' dir='ltr'>δαίμονες</span> <span class='ocrx_word' id='word_1_670' title='bbox 1769 1596 1850 1629; x_wconf 85' lang='grc' dir='ltr'>ἀναγ-</span> 
     </span>
    </p>
   </div>
   <div class='ocr_carea' id='block_1_92' title="bbox 1063 1641 1849 1677">
    <p class='ocr_par' dir='ltr' id='par_1_92' title="bbox 1063 1641 1849 1677">
     <span class='ocr_line' id='line_1_92' title="bbox 1063 1641 1849 1677; baseline 0 -9"><span class='ocrx_word' id='word_1_671' title='bbox 1063 1641 1190 1673; x_wconf 75' lang='grc' dir='ltr'>κάζονται</span> <span class='ocrx_word' id='word_1_672' title='bbox 1212 1641 1416 1677; x_wconf 80' lang='grc' dir='ltr'>στρεϐλούμενοι</span> <span class='ocrx_word' id='word_1_673' title='bbox 1432 1643 1488 1673; x_wconf 88' lang='grc' dir='ltr'>τοῖς</span> <span class='ocrx_word' id='word_1_674' title='bbox 1505 1642 1604 1674; x_wconf 78' lang='grc' dir='ltr'><strong>πόνοις,</strong></span> <span class='ocrx_word' id='word_1_675' title='bbox 1628 1642 1658 1668; x_wconf 78' lang='grc' dir='ltr'>οὐ</span> <span class='ocrx_word' id='word_1_676' title='bbox 1675 1642 1728 1677; x_wconf 81' lang='grc' dir='ltr'><strong>μὴν</strong></span> <span class='ocrx_word' id='word_1_677' title='bbox 1744 1642 1849 1673; x_wconf 72' lang='grc' dir='ltr'>ἑκόντες</span> 
     </span>
    </p>
   </div>
   <div class='ocr_carea' id='block_1_93' title="bbox 1064 1687 1848 1722">
    <p class='ocr_par' dir='ltr' id='par_1_93' title="bbox 1064 1687 1848 1722">
     <span class='ocr_line' id='line_1_93' title="bbox 1064 1687 1848 1722; baseline -0.003 -7"><span class='ocrx_word' id='word_1_678' title='bbox 1064 1687 1186 1722; x_wconf 62' lang='grc' dir='ltr'>ἀψευδὼς</span> <span class='ocrx_word' id='word_1_679' title='bbox 1206 1688 1307 1714; x_wconf 78' lang='grc' dir='ltr'>εἴποιεν</span> <span class='ocrx_word' id='word_1_680' title='bbox 1328 1687 1360 1714; x_wconf 85' lang='grc' dir='ltr'><strong>ἂν</strong></span> <span class='ocrx_word' id='word_1_681' title='bbox 1373 1687 1471 1714; x_wconf 78' lang='grc' dir='ltr'><strong>ὁτιοῦν.</strong></span> <span class='ocrx_word' id='word_1_682' title='bbox 1488 1688 1519 1713; x_wconf 81' lang='lat' dir='ltr'><strong>Et</strong></span> <span class='ocrx_word' id='word_1_683' title='bbox 1531 1687 1559 1713; x_wconf 79' lang='grc' dir='ltr'>δὲ</span> <span class='ocrx_word' id='word_1_684' title='bbox 1575 1687 1615 1713; x_wconf 87' lang='grc' dir='ltr'><strong>δεῖ</strong></span> <span class='ocrx_word' id='word_1_685' title='bbox 1632 1687 1663 1722; x_wconf 70' lang='grc' dir='ltr'><strong>(Γ.</strong></span> <span class='ocrx_word' id='word_1_686' title='bbox 1679 1687 1710 1722; x_wconf 79' lang='grc' dir='ltr'>δὴ</span> <span class='ocrx_word' id='word_1_687' title='bbox 1730 1687 1770 1714; x_wconf 74' lang='lat' dir='ltr'><strong>rei</strong></span> <span class='ocrx_word' id='word_1_688' title='bbox 1785 1687 1848 1722; x_wconf 77' lang='grc' dir='ltr'>δεῖν)</span> 
     </span>
    </p>
   </div>
   <div class='ocr_carea' id='block_1_94' title="bbox 1066 1732 1851 1769">
    <p class='ocr_par' dir='ltr' id='par_1_94' title="bbox 1066 1732 1851 1769">
     <span class='ocr_line' id='line_1_94' title="bbox 1066 1732 1851 1769; baseline 0 -10"><span class='ocrx_word' id='word_1_689' title='bbox 1066 1735 1112 1760; x_wconf 78' lang='grc' dir='ltr'><strong>καὶ</strong></span> <span class='ocrx_word' id='word_1_690' title='bbox 1129 1733 1248 1765; x_wconf 81' lang='grc' dir='ltr'>δικαίους</span> <span class='ocrx_word' id='word_1_691' title='bbox 1266 1733 1376 1767; x_wconf 84' lang='grc' dir='ltr'>ἀνάγειν</span> <span class='ocrx_word' id='word_1_692' title='bbox 1387 1732 1416 1766; x_wconf 79' lang='grc' dir='ltr'>ἐξ</span> <span class='ocrx_word' id='word_1_693' title='bbox 1430 1733 1492 1768; x_wconf 77' lang='grc' dir='ltr'>ᾅδου</span> <span class='ocrx_word' id='word_1_694' title='bbox 1498 1733 1590 1760; x_wconf 72' lang='grc' dir='ltr'>τοῦτον</span> <span class='ocrx_word' id='word_1_695' title='bbox 1603 1734 1716 1769; x_wconf 80' lang='grc' dir='ltr'>ὁριεῖταί</span> <span class='ocrx_word' id='word_1_696' title='bbox 1726 1742 1770 1765; x_wconf 86' lang='grc' dir='ltr'>τις</span> <span class='ocrx_word' id='word_1_697' title='bbox 1785 1733 1851 1768; x_wconf 81' lang='grc' dir='ltr'>ἀμε-</span> 
     </span>
    </p>
   </div>
   <div class='ocr_carea' id='block_1_95' title="bbox 1065 1778 1849 1815">
    <p class='ocr_par' dir='ltr' id='par_1_95' title="bbox 1065 1778 1849 1815">
     <span class='ocr_line' id='line_1_95' title="bbox 1065 1778 1849 1815; baseline 0.001 -11"><span class='ocrx_word' id='word_1_698' title='bbox 1065 1778 1135 1814; x_wconf 73' lang='grc' dir='ltr'>λητὶ,</span> <span class='ocrx_word' id='word_1_699' title='bbox 1153 1779 1211 1811; x_wconf 83' lang='grc' dir='ltr'>πῶς</span> <span class='ocrx_word' id='word_1_700' title='bbox 1227 1780 1277 1805; x_wconf 81' lang='grc' dir='ltr'><strong>οὐκ</strong></span> <span class='ocrx_word' id='word_1_701' title='bbox 1299 1779 1331 1806; x_wconf 81' lang='grc' dir='ltr'><strong>ἂν</strong></span> <span class='ocrx_word' id='word_1_702' title='bbox 1348 1779 1391 1813; x_wconf 70' lang='grc' dir='ltr'>εἴη</span> <span class='ocrx_word' id='word_1_703' title='bbox 1407 1787 1438 1813; x_wconf 87' lang='grc' dir='ltr'><strong>γε</strong></span> <span class='ocrx_word' id='word_1_704' title='bbox 1455 1779 1538 1813; x_wconf 72' lang='grc' dir='ltr'>σαφὲς</span> <span class='ocrx_word' id='word_1_705' title='bbox 1553 1780 1590 1811; x_wconf 79' lang='grc' dir='ltr'>ὡς</span> <span class='ocrx_word' id='word_1_706' title='bbox 1604 1779 1695 1815; x_wconf 82' lang='grc' dir='ltr'>ἀπάτῃ</span> <span class='ocrx_word' id='word_1_707' title='bbox 1709 1779 1740 1805; x_wconf 79' lang='grc' dir='ltr'><strong>τὸ</strong></span> <span class='ocrx_word' id='word_1_708' title='bbox 1756 1779 1849 1814; x_wconf 65' lang='grc' dir='ltr'>ψεῦδος</span> 
     </span>
    </p>
   </div>
   <div class='ocr_carea' id='block_1_96' title="bbox 1065 1824 1848 1860">
    <p class='ocr_par' dir='ltr' id='par_1_96' title="bbox 1065 1824 1848 1860">
     <span class='ocr_line' id='line_1_96' title="bbox 1065 1824 1848 1860; baseline 0 -10"><span class='ocrx_word' id='word_1_709' title='bbox 1065 1825 1234 1858; x_wconf 72' lang='grc' dir='ltr'>ἀντεισάγει,</span> <span class='ocrx_word' id='word_1_710' title='bbox 1258 1824 1417 1860; x_wconf 71' lang='grc' dir='ltr'>βουλόμενος</span> <span class='ocrx_word' id='word_1_711' title='bbox 1441 1825 1652 1860; x_wconf 82' lang='grc' dir='ltr'>ὲκτραχηλιάσαι</span> <span class='ocrx_word' id='word_1_712' title='bbox 1676 1825 1754 1855; x_wconf 65' lang='lat' dir='ltr'><strong>nuli;</strong></span> <span class='ocrx_word' id='word_1_713' title='bbox 1783 1825 1848 1854; x_wconf 81' lang='grc' dir='ltr'><strong>Ναὶ,</strong></span> 
     </span>
    </p>
   </div>
   <div class='ocr_carea' id='block_1_97' title="bbox 1065 1871 1850 1907">
    <p class='ocr_par' dir='ltr' id='par_1_97' title="bbox 1065 1871 1850 1907">
     <span class='ocr_line' id='line_1_97' title="bbox 1065 1871 1850 1907; baseline -0.001 -10"><span class='ocrx_word' id='word_1_714' title='bbox 1065 1871 1157 1906; x_wconf 68' lang='grc' dir='ltr'>φησιν,</span> <span class='ocrx_word' id='word_1_715' title='bbox 1174 1871 1231 1897; x_wconf 82' lang='grc' dir='ltr'>ἀλλ’</span> <span class='ocrx_word' id='word_1_716' title='bbox 1248 1872 1297 1906; x_wconf 80' lang='grc' dir='ltr'>οὐχ</span> <span class='ocrx_word' id='word_1_717' title='bbox 1312 1872 1326 1897; x_wconf 86' lang='grc' dir='ltr'>ὁ</span> <span class='ocrx_word' id='word_1_718' title='bbox 1348 1872 1452 1907; x_wconf 87' lang='grc' dir='ltr'>δαίμων</span> <span class='ocrx_word' id='word_1_719' title='bbox 1475 1871 1561 1898; x_wconf 80' lang='grc' dir='ltr'>ταῦτα</span> <span class='ocrx_word' id='word_1_720' title='bbox 1575 1872 1694 1906; x_wconf 72' lang='grc' dir='ltr'>εἴρηκεν,</span> <span class='ocrx_word' id='word_1_721' title='bbox 1710 1871 1769 1897; x_wconf 65' lang='grc' dir='ltr'>ἀλλ’</span> <span class='ocrx_word' id='word_1_722' title='bbox 1786 1871 1850 1906; x_wconf 83' lang='grc' dir='ltr'><strong>ἠδι-</strong></span> 
     </span>
    </p>
   </div>
   <div class='ocr_carea' id='block_1_98' title="bbox 1065 1917 1849 1953">
    <p class='ocr_par' dir='ltr' id='par_1_98' title="bbox 1065 1917 1849 1953">
     <span class='ocr_line' id='line_1_98' title="bbox 1065 1917 1849 1953; baseline 0 -10"><span class='ocrx_word' id='word_1_723' title='bbox 1065 1917 1223 1953; x_wconf 80' lang='grc' dir='ltr'>ηγηματικὴ</span> <span class='ocrx_word' id='word_1_724' title='bbox 1246 1917 1292 1944; x_wconf 76' lang='grc' dir='ltr'>τοῦ</span> <span class='ocrx_word' id='word_1_725' title='bbox 1309 1918 1486 1953; x_wconf 66' lang='grc' dir='ltr'>συγγραφέως</span> <span class='ocrx_word' id='word_1_726' title='bbox 1515 1917 1606 1952; x_wconf 76' lang='grc' dir='ltr'>φωνή·</span> <span class='ocrx_word' id='word_1_727' title='bbox 1632 1918 1806 1952; x_wconf 65' lang='grc' dir='ltr'>συγγραφεὺς</span> <span class='ocrx_word' id='word_1_728' title='bbox 1824 1917 1849 1943; x_wconf 75' lang='grc' dir='ltr'>δὲ</span> 
     </span>
    </p>
   </div>
   <div class='ocr_carea' id='block_1_99' title="bbox 1065 1961 1848 1998">
    <p class='ocr_par' dir='ltr' id='par_1_99' title="bbox 1065 1961 1848 1998">
     <span class='ocr_line' id='line_1_99' title="bbox 1065 1961 1848 1998; baseline -0.001 -8"><span class='ocrx_word' id='word_1_729' title='bbox 1065 1963 1119 1990; x_wconf 85' lang='grc' dir='ltr'>τῶν</span> <span class='ocrx_word' id='word_1_730' title='bbox 1135 1963 1221 1998; x_wconf 85' lang='grc' dir='ltr'>λόγων</span> <span class='ocrx_word' id='word_1_731' title='bbox 1238 1961 1306 1990; x_wconf 77' lang='grc' dir='ltr'>εἶναι</span> <span class='ocrx_word' id='word_1_732' title='bbox 1324 1964 1500 1990; x_wconf 80' lang='grc' dir='ltr'>πεπίστευται</span> <span class='ocrx_word' id='word_1_733' title='bbox 1521 1963 1550 1990; x_wconf 82' lang='grc' dir='ltr'><strong>τὸ</strong></span> <span class='ocrx_word' id='word_1_734' title='bbox 1574 1963 1686 1998; x_wconf 78' lang='grc' dir='ltr'>Πνεῦμα</span> <span class='ocrx_word' id='word_1_735' title='bbox 1706 1963 1738 1989; x_wconf 88' lang='grc' dir='ltr'>τὺ</span> <span class='ocrx_word' id='word_1_736' title='bbox 1765 1963 1848 1997; x_wconf 74' lang='grc' dir='ltr'>ἅγιον.</span> 
     </span>
    </p>
   </div>
   <div class='ocr_carea' id='block_1_100' title="bbox 1065 2007 1849 2045">
    <p class='ocr_par' dir='ltr' id='par_1_100' title="bbox 1065 2007 1849 2045">
     <span class='ocr_line' id='line_1_100' title="bbox 1065 2007 1849 2045; baseline -0.001 -9"><span class='ocrx_word' id='word_1_737' title='bbox 1065 2009 1122 2036; x_wconf 85' lang='grc' dir='ltr'>ἀλλ’</span> <span class='ocrx_word' id='word_1_738' title='bbox 1138 2010 1188 2037; x_wconf 77' lang='grc' dir='ltr'><strong>οὐκ</strong></span> <span class='ocrx_word' id='word_1_739' title='bbox 1202 2009 1351 2045; x_wconf 79' lang='grc' dir='ltr'>ἄνθρωπος.</span> <span class='ocrx_word' id='word_1_740' title='bbox 1377 2007 1432 2036; x_wconf 76' lang='grc' dir='ltr'><strong>Εἶτ’</strong></span> <span class='ocrx_word' id='word_1_741' title='bbox 1451 2010 1482 2036; x_wconf 76' lang='grc' dir='ltr'><strong>οὺ</strong></span> <span class='ocrx_word' id='word_1_742' title='bbox 1499 2012 1552 2037; x_wconf 89' lang='grc' dir='ltr'>νοεῖ</span> <span class='ocrx_word' id='word_1_743' title='bbox 1568 2009 1626 2042; x_wconf 82' lang='grc' dir='ltr'><strong>πῶς</strong></span> <span class='ocrx_word' id='word_1_744' title='bbox 1640 2011 1749 2037; x_wconf 76' lang='grc' dir='ltr'>ἐναντία</span> <span class='ocrx_word' id='word_1_745' title='bbox 1764 2011 1849 2045; x_wconf 71' lang='grc' dir='ltr'>φαίνει</span> 
     </span>
    </p>
   </div>
   <div class='ocr_carea' id='block_1_101' title="bbox 1065 2054 1849 2092">
    <p class='ocr_par' dir='ltr' id='par_1_101' title="bbox 1065 2054 1849 2092">
     <span class='ocr_line' id='line_1_101' title="bbox 1065 2054 1849 2092; baseline 0.001 -10"><span class='ocrx_word' id='word_1_746' title='bbox 1065 2056 1097 2091; x_wconf 86' lang='grc' dir='ltr'>τῇ</span> <span class='ocrx_word' id='word_1_747' title='bbox 1112 2055 1158 2082; x_wconf 83' lang='grc' dir='ltr'>τοῦ</span> <span class='ocrx_word' id='word_1_748' title='bbox 1183 2056 1349 2091; x_wconf 77' lang='grc' dir='ltr'>διηγήματος</span> <span class='ocrx_word' id='word_1_749' title='bbox 1373 2057 1488 2092; x_wconf 82' lang='grc' dir='ltr'>ὲκδοχῇ;</span> <span class='ocrx_word' id='word_1_750' title='bbox 1514 2055 1630 2083; x_wconf 78' lang='grc' dir='ltr'><strong>Κάλλιον</strong></span> <span class='ocrx_word' id='word_1_751' title='bbox 1655 2054 1701 2083; x_wconf 80' lang='grc' dir='ltr'><strong>οὖν</strong></span> <span class='ocrx_word' id='word_1_752' title='bbox 1723 2056 1812 2083; x_wconf 82' lang='grc' dir='ltr'>ἴσασιν</span> <span class='ocrx_word' id='word_1_753' title='bbox 1828 2058 1849 2083; x_wconf 82' lang='grc' dir='ltr'>οἱ</span> 
     </span>
    </p>
   </div>
   <div class='ocr_carea' id='block_1_102' title="bbox 1066 2101 1848 2137">
    <p class='ocr_par' dir='ltr' id='par_1_102' title="bbox 1066 2101 1848 2137">
     <span class='ocr_line' id='line_1_102' title="bbox 1066 2101 1848 2137; baseline 0.001 -10"><span class='ocrx_word' id='word_1_754' title='bbox 1066 2101 1202 2133; x_wconf 82' lang='grc' dir='ltr'>παντοίοις</span> <span class='ocrx_word' id='word_1_755' title='bbox 1222 2102 1406 2137; x_wconf 76' lang='grc' dir='ltr'>σχολαιότερον</span> <span class='ocrx_word' id='word_1_756' title='bbox 1433 2102 1612 2137; x_wconf 79' lang='grc' dir='ltr'>ὁμιλήσαντες</span> <span class='ocrx_word' id='word_1_757' title='bbox 1641 2101 1742 2136; x_wconf 86' lang='grc' dir='ltr'>λόγοις,</span> <span class='ocrx_word' id='word_1_758' title='bbox 1769 2102 1807 2134; x_wconf 88' lang='grc' dir='ltr'>ὡς</span> <span class='ocrx_word' id='word_1_759' title='bbox 1834 2103 1848 2136; x_wconf 79' lang='grc' dir='ltr'>ἡ</span> 
     </span>
    </p>
   </div>
   <div class='ocr_carea' id='block_1_103' title="bbox 1065 2147 1851 2183">
    <p class='ocr_par' dir='ltr' id='par_1_103' title="bbox 1065 2147 1851 2183">
     <span class='ocr_line' id='line_1_103' title="bbox 1065 2147 1851 2183; baseline 0 -9"><span class='ocrx_word' id='word_1_760' title='bbox 1065 2147 1249 2183; x_wconf 84' lang='grc' dir='ltr'>διηγηματικὴ</span> <span class='ocrx_word' id='word_1_761' title='bbox 1264 2147 1311 2174; x_wconf 81' lang='grc' dir='ltr'><strong>τοῦ</strong></span> <span class='ocrx_word' id='word_1_762' title='bbox 1334 2148 1512 2183; x_wconf 76' lang='grc' dir='ltr'>συγγραφέως</span> <span class='ocrx_word' id='word_1_763' title='bbox 1527 2147 1679 2183; x_wconf 81' lang='grc' dir='ltr'>ὁμιλήσασα</span> <span class='ocrx_word' id='word_1_764' title='bbox 1692 2147 1781 2174; x_wconf 83' lang='grc' dir='ltr'>ταῦτα</span> <span class='ocrx_word' id='word_1_765' title='bbox 1798 2147 1851 2180; x_wconf 78' lang='grc' dir='ltr'><strong>ἐξέ-</strong></span> 
     </span>
    </p>
   </div>
   <div class='ocr_carea' id='block_1_104' title="bbox 1067 2193 1851 2230">
    <p class='ocr_par' dir='ltr' id='par_1_104' title="bbox 1067 2193 1851 2230">
     <span class='ocr_line' id='line_1_104' title="bbox 1067 2193 1851 2230; baseline 0 -10"><span class='ocrx_word' id='word_1_766' title='bbox 1067 2193 1162 2225; x_wconf 84' lang='grc' dir='ltr'>δωκεν,</span> <span class='ocrx_word' id='word_1_767' title='bbox 1179 2193 1251 2229; x_wconf 76' lang='grc' dir='ltr'>ἅπερ</span> <span class='ocrx_word' id='word_1_768' title='bbox 1271 2193 1358 2220; x_wconf 75' lang='grc' dir='ltr'>ἐδόκει</span> <span class='ocrx_word' id='word_1_769' title='bbox 1380 2194 1508 2230; x_wconf 78' lang='grc' dir='ltr'>πράττειν</span> <span class='ocrx_word' id='word_1_770' title='bbox 1529 2194 1545 2229; x_wconf 84' lang='grc' dir='ltr'>ἤ</span> <span class='ocrx_word' id='word_1_771' title='bbox 1561 2194 1650 2228; x_wconf 87' lang='grc' dir='ltr'>λέγειν</span> <span class='ocrx_word' id='word_1_772' title='bbox 1664 2193 1703 2228; x_wconf 82' lang='grc' dir='ltr'>τῷ</span> <span class='ocrx_word' id='word_1_773' title='bbox 1724 2202 1851 2228; x_wconf 86' lang='grc' dir='ltr'>μαντευο-</span> 
     </span>
    </p>
   </div>
   <div class='ocr_carea' id='block_1_105' title="bbox 1067 2238 1851 2275">
    <p class='ocr_par' dir='ltr' id='par_1_105' title="bbox 1067 2238 1851 2275">
     <span class='ocr_line' id='line_1_105' title="bbox 1067 2238 1851 2275; baseline 0 -11"><span class='ocrx_word' id='word_1_774' title='bbox 1067 2238 1142 2274; x_wconf 85' lang='grc' dir='ltr'><strong>μένῳ</strong></span> <span class='ocrx_word' id='word_1_775' title='bbox 1161 2238 1246 2266; x_wconf 75' lang='grc' dir='ltr'>Σαοὺλ</span> <span class='ocrx_word' id='word_1_776' title='bbox 1270 2240 1286 2274; x_wconf 80' lang='grc' dir='ltr'><strong>ἡ</strong></span> <span class='ocrx_word' id='word_1_777' title='bbox 1303 2238 1530 2275; x_wconf 82' lang='grc' dir='ltr'>ὲγγαστρίμυθος·</span> <span class='ocrx_word' id='word_1_778' title='bbox 1547 2239 1641 2273; x_wconf 83' lang='grc' dir='ltr'>ἀμέλει</span> <span class='ocrx_word' id='word_1_779' title='bbox 1663 2238 1728 2274; x_wconf 75' lang='grc' dir='ltr'>περὶ</span> <span class='ocrx_word' id='word_1_780' title='bbox 1745 2238 1851 2274; x_wconf 80' lang='grc' dir='ltr'>ἐκείνης</span> 
     </span>
    </p>
   </div>
   <div class='ocr_carea' id='block_1_106' title="bbox 1067 2283 1850 2320">
    <p class='ocr_par' dir='ltr' id='par_1_106' title="bbox 1067 2283 1850 2320">
     <span class='ocr_line' id='line_1_106' title="bbox 1067 2283 1850 2320; baseline 0.001 -11"><span class='ocrx_word' id='word_1_781' title='bbox 1067 2283 1276 2319; x_wconf 82' lang='grc' dir='ltr'>ἐκδιηγούμενος</span> <span class='ocrx_word' id='word_1_782' title='bbox 1293 2285 1307 2310; x_wconf 86' lang='grc' dir='ltr'>ὁ</span> <span class='ocrx_word' id='word_1_783' title='bbox 1325 2284 1508 2320; x_wconf 75' lang='grc' dir='ltr'>συγγραφεὺς,</span> <span class='ocrx_word' id='word_1_784' title='bbox 1525 2284 1571 2311; x_wconf 81' lang='grc' dir='ltr'><strong>καὶ</strong></span> <span class='ocrx_word' id='word_1_785' title='bbox 1584 2285 1647 2316; x_wconf 77' lang='grc' dir='ltr'>τοὺς</span> <span class='ocrx_word' id='word_1_786' title='bbox 1661 2284 1758 2318; x_wconf 79' lang='grc' dir='ltr'>λόγους</span> <span class='ocrx_word' id='word_1_787' title='bbox 1770 2284 1850 2318; x_wconf 69' lang='grc' dir='ltr'>αὐτῆς</span> 
     </span>
    </p>
   </div>
   <div class='ocr_carea' id='block_1_107' title="bbox 1067 2327 1849 2366">
    <p class='ocr_par' dir='ltr' id='par_1_107' title="bbox 1067 2327 1849 2366">
     <span class='ocr_line' id='line_1_107' title="bbox 1067 2327 1849 2366; baseline 0 -11"><span class='ocrx_word' id='word_1_788' title='bbox 1067 2328 1114 2355; x_wconf 74' lang='grc' dir='ltr'><strong>ἐπὶ</strong></span> <span class='ocrx_word' id='word_1_789' title='bbox 1135 2328 1232 2361; x_wconf 79' lang='grc' dir='ltr'>λέξεως</span> <span class='ocrx_word' id='word_1_790' title='bbox 1256 2330 1437 2365; x_wconf 76' lang='grc' dir='ltr'>ἐκτιθέμενος,</span> <span class='ocrx_word' id='word_1_791' title='bbox 1465 2330 1526 2366; x_wconf 70' lang='grc' dir='ltr'><strong>ἔφη*</strong></span> <span class='ocrx_word' id='word_1_792' title='bbox 1544 2329 1597 2357; x_wconf 80' lang='grc' dir='ltr'><strong>Καὶ</strong></span> <span class='ocrx_word' id='word_1_793' title='bbox 1620 2327 1704 2356; x_wconf 62' lang='grc' dir='ltr'>εἶπεν</span> <span class='ocrx_word' id='word_1_794' title='bbox 1723 2330 1744 2363; x_wconf 81' lang='grc' dir='ltr'>ἡ</span> <span class='ocrx_word' id='word_1_795' title='bbox 1766 2328 1849 2364; x_wconf 73' lang='grc' dir='ltr'>γυνή·</span> 
     </span>
    </p>
   </div>
   <div class='ocr_carea' id='block_1_108' title="bbox 1074 2374 1852 2411">
    <p class='ocr_par' dir='ltr' id='par_1_108' title="bbox 1074 2374 1852 2411">
     <span class='ocr_line' id='line_1_108' title="bbox 1074 2374 1852 2411; baseline 0 -9"><span class='ocrx_word' id='word_1_796' title='bbox 1074 2374 1143 2403; x_wconf 82' lang='grc' dir='ltr'>Τίνα</span> <span class='ocrx_word' id='word_1_797' title='bbox 1157 2375 1293 2411; x_wconf 69' lang='grc' dir='ltr'>ἀναγάγω</span> <span class='ocrx_word' id='word_1_798' title='bbox 1306 2384 1372 2408; x_wconf 71' lang='grc' dir='ltr'>σοις</span> <span class='ocrx_word' id='word_1_799' title='bbox 1389 2376 1436 2408; x_wconf 85' lang='grc' dir='ltr'>Τίς</span> <span class='ocrx_word' id='word_1_800' title='bbox 1453 2375 1481 2402; x_wconf 78' lang='grc' dir='ltr'>δὲ</span> <span class='ocrx_word' id='word_1_801' title='bbox 1497 2376 1583 2409; x_wconf 69' lang='grc' dir='ltr'>οὕτως</span> <span class='ocrx_word' id='word_1_802' title='bbox 1600 2376 1703 2411; x_wconf 70' lang='grc' dir='ltr'>εὐήθης</span> <span class='ocrx_word' id='word_1_803' title='bbox 1732 2377 1806 2402; x_wconf 73' lang='grc' dir='ltr'>ἐστὶν</span> <span class='ocrx_word' id='word_1_804' title='bbox 1817 2376 1852 2407; x_wconf 79' lang='grc' dir='ltr'>ὡς</span> 
     </span>
    </p>
   </div>
   <div class='ocr_carea' id='block_1_109' title="bbox 1067 2420 1852 2458">
    <p class='ocr_par' dir='ltr' id='par_1_109' title="bbox 1067 2420 1852 2458">
     <span class='ocr_line' id='line_1_109' title="bbox 1067 2420 1852 2458; baseline 0 -11"><span class='ocrx_word' id='word_1_805' title='bbox 1067 2421 1240 2456; x_wconf 78' lang='grc' dir='ltr'>ὑποκρίνεται</span> <span class='ocrx_word' id='word_1_806' title='bbox 1301 2422 1505 2458; x_wconf 80' lang='grc' dir='ltr'>ὑποκρίνεσθαι]</span> <span class='ocrx_word' id='word_1_807' title='bbox 1514 2422 1550 2458; x_wconf 82' lang='grc' dir='ltr'><strong>μὴ</strong></span> <span class='ocrx_word' id='word_1_808' title='bbox 1566 2424 1645 2454; x_wconf 82' lang='grc' dir='ltr'>νοεῖν,</span> <span class='ocrx_word' id='word_1_809' title='bbox 1661 2423 1702 2449; x_wconf 78' lang='grc' dir='ltr'>ὅτι</span> <span class='ocrx_word' id='word_1_810' title='bbox 1715 2420 1852 2458; x_wconf 76' lang='grc' dir='ltr'>αὖταιμὲν</span> 
     </span>
    </p>
   </div>
   <div class='ocr_carea' id='block_1_110' title="bbox 1069 2465 1852 2503">
    <p class='ocr_par' dir='ltr' id='par_1_110' title="bbox 1069 2465 1852 2503">
     <span class='ocr_line' id='line_1_110' title="bbox 1069 2465 1852 2503; baseline 0 -10"><span class='ocrx_word' id='word_1_811' title='bbox 1069 2465 1115 2493; x_wconf 77' lang='grc' dir='ltr'>τοῦ</span> <span class='ocrx_word' id='word_1_812' title='bbox 1130 2466 1309 2503; x_wconf 80' lang='grc' dir='ltr'>συγγραφέως</span> <span class='ocrx_word' id='word_1_813' title='bbox 1319 2467 1368 2494; x_wconf 77' lang='grc' dir='ltr'>οῦκ</span> <span class='ocrx_word' id='word_1_814' title='bbox 1374 2468 1425 2494; x_wconf 82' lang='grc' dir='ltr'>εισι</span> <span class='ocrx_word' id='word_1_815' title='bbox 1433 2469 1529 2502; x_wconf 75' lang='grc' dir='ltr'>φωναὶ,</span> <span class='ocrx_word' id='word_1_816' title='bbox 1537 2467 1585 2503; x_wconf 79' lang='grc' dir='ltr'>τῆς</span> <span class='ocrx_word' id='word_1_817' title='bbox 1593 2467 1798 2503; x_wconf 80' lang='grc' dir='ltr'>δὲδαιμονώσης</span> <span class='ocrx_word' id='word_1_818' title='bbox 1804 2467 1852 2493; x_wconf 72' lang='grc' dir='ltr'>εἰσὶ</span> 
     </span>
    </p>
   </div>
   <div class='ocr_carea' id='block_1_111' title="bbox 1069 2513 1852 2550">
    <p class='ocr_par' dir='ltr' id='par_1_111' title="bbox 1069 2513 1852 2550">
     <span class='ocr_line' id='line_1_111' title="bbox 1069 2513 1852 2550; baseline 0.001 -11"><span class='ocrx_word' id='word_1_819' title='bbox 1069 2513 1196 2548; x_wconf 87' lang='grc' dir='ltr'>γυναικός</span> <span class='ocrx_word' id='word_1_820' title='bbox 1207 2522 1214 2545; x_wconf 86' lang='grc'><strong>;</strong></span> <span class='ocrx_word' id='word_1_821' title='bbox 1229 2513 1307 2539; x_wconf 72' lang='grc' dir='ltr'>Ἀλλὰ</span> <span class='ocrx_word' id='word_1_822' title='bbox 1316 2513 1368 2549; x_wconf 86' lang='grc' dir='ltr'>μὴν</span> <span class='ocrx_word' id='word_1_823' title='bbox 1383 2513 1440 2548; x_wconf 72' lang='grc' dir='ltr'>εἴγε</span> <span class='ocrx_word' id='word_1_824' title='bbox 1447 2514 1487 2541; x_wconf 81' lang='grc' dir='ltr'><strong>δεῖ</strong></span> <span class='ocrx_word' id='word_1_825' title='bbox 1495 2514 1649 2550; x_wconf 81' lang='grc' dir='ltr'>φιλαλήθως</span> <span class='ocrx_word' id='word_1_826' title='bbox 1660 2515 1759 2543; x_wconf 69' lang='grc' dir='ltr'>εἰπεῖν.</span> <span class='ocrx_word' id='word_1_827' title='bbox 1772 2516 1788 2549; x_wconf 81' lang='grc' dir='ltr'>ὴ</span> <span class='ocrx_word' id='word_1_828' title='bbox 1800 2513 1852 2548; x_wconf 80' lang='grc' dir='ltr'>διη-</span> 
     </span>
    </p>
   </div>
   <div class='ocr_carea' id='block_1_112' title="bbox 1069 2558 1851 2596">
    <p class='ocr_par' dir='ltr' id='par_1_112' title="bbox 1069 2558 1851 2596">
     <span class='ocr_line' id='line_1_112' title="bbox 1069 2558 1851 2596; baseline 0.001 -11"><span class='ocrx_word' id='word_1_829' title='bbox 1069 2558 1208 2595; x_wconf 85' lang='grc' dir='ltr'>γηματικὴ</span> <span class='ocrx_word' id='word_1_830' title='bbox 1219 2558 1313 2585; x_wconf 75' lang='grc' dir='ltr'>τοῦτον</span> <span class='ocrx_word' id='word_1_831' title='bbox 1324 2559 1355 2593; x_wconf 76' lang='grc' dir='ltr'><strong>(ι’.</strong></span> <span class='ocrx_word' id='word_1_832' title='bbox 1371 2559 1460 2594; x_wconf 81' lang='grc' dir='ltr'>τοῦτο)</span> <span class='ocrx_word' id='word_1_833' title='bbox 1473 2560 1556 2596; x_wconf 71' lang='grc' dir='ltr'>ἔφησε</span> <span class='ocrx_word' id='word_1_834' title='bbox 1570 2561 1658 2596; x_wconf 79' lang='grc' dir='ltr'><strong>μόνον,</strong></span> <span class='ocrx_word' id='word_1_835' title='bbox 1672 2560 1722 2591; x_wconf 82' lang='grc' dir='ltr'><strong>ὡς,</strong></span> <span class='ocrx_word' id='word_1_836' title='bbox 1738 2558 1825 2586; x_wconf 53' lang='lat' dir='ltr'><strong>Eleis?</strong></span> <span class='ocrx_word' id='word_1_837' title='bbox 1835 2559 1851 2593; x_wconf 60' lang='grc' dir='ltr'>εξ</span> 
     </span>
    </p>
   </div>
   <div class='ocr_carea' id='block_1_113' title="bbox 1069 2605 1852 2642">
    <p class='ocr_par' dir='ltr' id='par_1_113' title="bbox 1069 2605 1852 2642">
     <span class='ocr_line' id='line_1_113' title="bbox 1069 2605 1852 2642; baseline 0.001 -11"><span class='ocrx_word' id='word_1_838' title='bbox 1069 2605 1146 2640; x_wconf 75' lang='grc' dir='ltr'>γυνὴ</span> <span class='ocrx_word' id='word_1_839' title='bbox 1154 2605 1207 2631; x_wconf 83' lang='grc' dir='ltr'><strong>τὸν</strong></span> <span class='ocrx_word' id='word_1_840' title='bbox 1219 2605 1371 2639; x_wconf 82' lang='grc' dir='ltr'><strong>Σαμουήλ·</strong></span> <span class='ocrx_word' id='word_1_841' title='bbox 1381 2606 1466 2637; x_wconf 74' lang='grc' dir='ltr'>οὕτως</span> <span class='ocrx_word' id='word_1_842' title='bbox 1475 2606 1503 2632; x_wconf 83' lang='grc' dir='ltr'>δὲ</span> <span class='ocrx_word' id='word_1_843' title='bbox 1517 2606 1601 2632; x_wconf 81' lang='grc' dir='ltr'>ταῦτα</span> <span class='ocrx_word' id='word_1_844' title='bbox 1609 2605 1728 2642; x_wconf 75' lang='grc' dir='ltr'>ἔγραψεν</span> <span class='ocrx_word' id='word_1_845' title='bbox 1736 2606 1776 2637; x_wconf 81' lang='grc' dir='ltr'>ὡς</span> <span class='ocrx_word' id='word_1_846' title='bbox 1789 2605 1852 2642; x_wconf 63' lang='grc' dir='ltr'>πρὸς</span> 
     </span>
    </p>
   </div>
   <div class='ocr_carea' id='block_1_114' title="bbox 1070 2649 1842 2687">
    <p class='ocr_par' dir='ltr' id='par_1_114' title="bbox 1070 2649 1842 2687">
     <span class='ocr_line' id='line_1_114' title="bbox 1070 2649 1842 2687; baseline 0.003 -11"><span class='ocrx_word' id='word_1_847' title='bbox 1070 2649 1172 2681; x_wconf 83' lang='grc' dir='ltr'>είδότας</span> <span class='ocrx_word' id='word_1_848' title='bbox 1185 2650 1248 2685; x_wconf 80' lang='grc' dir='ltr'>περὶ</span> <span class='ocrx_word' id='word_1_849' title='bbox 1260 2649 1428 2686; x_wconf 83' lang='grc' dir='ltr'>δαιμονώσης</span> <span class='ocrx_word' id='word_1_850' title='bbox 1437 2651 1547 2686; x_wconf 86' lang='grc' dir='ltr'><strong>ὁμιλῶν.</strong></span> <span class='ocrx_word' id='word_1_851' title='bbox 1556 2652 1592 2678; x_wconf 86' lang='grc' dir='ltr'><strong>Οὺ</strong></span> <span class='ocrx_word' id='word_1_852' title='bbox 1600 2651 1654 2687; x_wconf 88' lang='grc' dir='ltr'><strong>γάρ</strong></span> <span class='ocrx_word' id='word_1_853' title='bbox 1666 2653 1742 2678; x_wconf 75' lang='grc' dir='ltr'>ἐστιν</span> <span class='ocrx_word' id='word_1_854' title='bbox 1755 2652 1842 2686; x_wconf 78' lang='grc' dir='ltr'>ἀμφισ</span> 
     </span>
    </p>
   </div>
   <div class='ocr_carea' id='block_1_115' title="bbox 1069 2695 1853 2732">
    <p class='ocr_par' dir='ltr' id='par_1_115' title="bbox 1069 2695 1853 2732">
     <span class='ocr_line' id='line_1_115' title="bbox 1069 2695 1853 2732; baseline 0 -10"><span class='ocrx_word' id='word_1_855' title='bbox 1069 2695 1170 2731; x_wconf 77' lang='grc' dir='ltr'>εητεῖν,</span> <span class='ocrx_word' id='word_1_856' title='bbox 1181 2697 1221 2723; x_wconf 85' lang='grc' dir='ltr'><strong>ὅτι</strong></span> <span class='ocrx_word' id='word_1_857' title='bbox 1231 2696 1336 2732; x_wconf 89' lang='grc' dir='ltr'>δαίμων</span> <span class='ocrx_word' id='word_1_858' title='bbox 1345 2697 1394 2723; x_wconf 76' lang='grc' dir='ltr'>οὐκ</span> <span class='ocrx_word' id='word_1_859' title='bbox 1409 2697 1502 2731; x_wconf 77' lang='grc' dir='ltr'>ἀνάγει</span> <span class='ocrx_word' id='word_1_860' title='bbox 1515 2697 1604 2732; x_wconf 71' lang='grc' dir='ltr'>ψυχὴν</span> <span class='ocrx_word' id='word_1_861' title='bbox 1615 2696 1735 2729; x_wconf 77' lang='grc' dir='ltr'>οὐδενὸς,</span> <span class='ocrx_word' id='word_1_862' title='bbox 1749 2697 1791 2729; x_wconf 78' lang='grc' dir='ltr'><strong>ὃς,</strong></span> <span class='ocrx_word' id='word_1_863' title='bbox 1805 2695 1853 2722; x_wconf 68' lang='grc' dir='ltr'><strong>ὑπὸ</strong></span> 
     </span>
    </p>
   </div>
   <div class='ocr_carea' id='block_1_116' title="bbox 1069 2741 1852 2780">
    <p class='ocr_par' dir='ltr' id='par_1_116' title="bbox 1069 2741 1852 2780">
     <span class='ocr_line' id='line_1_116' title="bbox 1069 2741 1852 2780; baseline 0.003 -12"><span class='ocrx_word' id='word_1_864' title='bbox 1069 2741 1124 2769; x_wconf 76' lang='grc' dir='ltr'>τῶν</span> <span class='ocrx_word' id='word_1_865' title='bbox 1132 2741 1250 2769; x_wconf 77' lang='grc' dir='ltr'>εὐσεϐῶν</span> <span class='ocrx_word' id='word_1_866' title='bbox 1257 2742 1413 2778; x_wconf 83' lang='grc' dir='ltr'>ὁριζόμενος</span> <span class='ocrx_word' id='word_1_867' title='bbox 1424 2743 1583 2778; x_wconf 71' lang='grc' dir='ltr'>ἀνθρώπιον,</span> <span class='ocrx_word' id='word_1_868' title='bbox 1592 2741 1746 2776; x_wconf 79' lang='grc' dir='ltr'>ἐλαύνεται,</span> <span class='ocrx_word' id='word_1_869' title='bbox 1756 2741 1852 2780; x_wconf 79' lang='grc' dir='ltr'>πυροῦ-</span> 
     </span>
    </p>
   </div>
  </div>
