1911 3073
68 120 123 148 οςι

518 123 562 151 DE
581 124 876 154 ENGASTRIMYTHO
893 126 1033 154 CONTRA
1053 127 1239 159 ORIGENEM.

1648 139 1701 168 6‘33

70 187 127 210 ται,
148 176 318 212 μαστίζεται,
335 179 383 206 καὶ
397 179 491 214 φεύγει
511 179 541 206 τὸ
561 181 692 217 σκήνωμα
710 182 849 218 προλιπών

913 190 973 210 rum
990 182 1130 212 hominum
1151 185 1264 221 imperio
1281 188 1393 222 subest,
1415 190 1541 225 ejicitur,
1560 192 1622 229 igne
1636 202 1697 222 cre-

69 225 129 252 ἀλλ⁹
141 223 210 252 εἶδεν
223 226 239 260 ἡ
254 225 400 262 παρωπλὴξ
410 226 447 258 ὡς
460 226 578 263 ἔπρεπεν
588 228 656 264 αὐτῇ
667 229 697 255 τὸ
709 229 800 265 σχῆμα
813 230 863 265 τῆς

70 272 403 308 πεφαντασιοκοπημένης
426 273 522 308 ὅψεως.
542 274 625 300 Είωθε
641 274 706 309 γοῦν
723 276 737 302 ὁ
757 275 808 311 θὴρ
822 277 862 306 είς

70 317 305 351 πολυπροσώπως
326 318 421 345 ἑαυτὸν
449 318 618 350 ἐξαλλάττειν
647 320 735 352 ἰδέας·
761 321 805 348 ’ίνα
831 321 859 351 δέ

70 364 145 390 κατὰ
159 364 206 390 τὸν
229 365 364 400 ἀγιοφανῆ
379 365 484 392 Παῦλον
504 366 742 402 ἀποφθεγξάμενος
758 367 860 405 εἴποιμ’

69 409 114 436 ἄν·
136 410 233 443 Αὐτὸς
255 411 310 446 γὰρ
326 412 342 438 ό
359 411 494 446 Σατανᾶς
514 413 796 447 μετασχηματίζεται
816 415 860 448 εις

72 458 202 491 ἄλη-ελον
216 458 324 492 φωτός·
338 457 369 484 οὐ
383 457 453 493 μέγα
465 458 530 493 γοῦν
541 459 565 485 εἰ
580 459 768 495 διαλεγόμενος
781 460 858 494 ἔταξε

71 502 122 537 μὲν
142 503 190 529 καὶ
205 503 264 530 τόδε
287 503 318 530 τὺ
342 504 450 540 χωρίον,
472 505 596 540 οἰόμενος
614 506 646 532 ἐκ
668 505 761 533 τούτου
782 516 859 543 περι-

68 548 187 582 γράφειν
207 549 270 581 τοὺς
292 549 342 585 τὴν
363 549 492 585 ἀλήθειαν
508 550 726 584 ἀντεισάγοντας,
746 552 858 588 ἀτεχνίᾳ⁴

67 593 96 619 δέ
114 594 217 628 μᾶλλον
233 594 249 630 ἢ
263 595 346 631 τέχνῃ
367 595 451 622 δοκῶν
475 595 669 628 ἀνασκευάζειν
683 596 757 632 αὐτῷ
774 606 858 633 προσ-

67 639 160 676 ετέθη.
391 648 393 651 ’

101 730 135 757 V.
159 731 216 757 Καὶ
228 731 308 763 διατί,
325 732 416 767 φησιν,
442 733 492 759 οὐκ
506 733 626 769 εἴρηται,
642 734 730 760 Εἷδεν
744 735 762 768 ἡ
779 735 855 770 γυνὴ

65 776 223 811 δαιμόνιον
246 778 261 804 ὃ
285 779 489 812 προσεποιεῖτο
516 778 591 806 εἶναι
617 780 769 815 Σαμουὴλ,
789 781 856 808 ἀλλὰ.

64 823 223 858 γεγράφθαι
248 824 316 859 πρὸς
329 825 375 851 ἐπὶ
390 825 494 857 τούτοις
511 825 620 860 ἔφησεν,
640 827 734 861 Ἔγνω
743 827 853 860 Σαοὺλ,

64 867 109 894 ὅτι
124 868 268 902 Σαμουὴλ
287 869 389 902 ἐστιν;
408 867 474 896 Εἶτα
491 870 570 897 πάλιν
586 872 710 908 ἐπιφέρει
735 873 852 908 προϊών·

64 913 96 939 Et
118 913 156 948 μὴ
178 911 212 949 ἦν
234 914 376 950 Σαμουὴλ,
401 915 453 941 ἔδει
473 915 638 951 γεγράφθαι·
666 919 720 945 Καὶ
741 919 855 954 ἐνόμιζε

63 959 164 987 Σαοὺλ
182 958 258 987 εἶναι
281 961 372 988 αὐτὸν
392 962 549 997 Σαμουήλ-
570 963 616 990 νῦν
637 964 664 991 δὲ
687 965 851 1000 γέγραπται·

65 1005 160 1040 Ἔγνω
175 1007 289 1033 Σαούλ’
306 1007 392 1039 οὐδεὶς
404 1008 431 1034 δέ
449 1008 518 1042 ἔγνω
532 1009 563 1035 τὸ
579 1009 616 1045 μὴ
637 1009 676 1036 ὃν·
690 1011 782 1046 Ἔγνω
796 1009 854 1039 οὖν

63 1052 174 1083 Σαοὺλ,
193 1052 238 1078 ὅτι
258 1053 398 1087 Σαμουὴλ
419 1054 648 1082 ἐστιν-,Ἔπεσεν
669 1057 717 1084 ἐπὶ
737 1058 852 1092 πρόσωε

63 1102 122 1124 πον
137 1097 186 1124 ἐπὶ
204 1097 263 1131 τὴν
277 1098 344 1133 γῆν,
360 1100 406 1126 καὶ
422 1101 650 1135 προσεκύνησεν
662 1103 813 1136 αὐτῷ.’¹ῐνα
824 1105 852 1131 δέ

63 1141 101 1178 μὴ
117 1142 258 1177 παρεκϐὰς
279 1143 321 1177 ἐφ’
336 1143 417 1179 ἕτερα
438 1144 490 1171 τῶν
506 1145 744 1182 παραδειγμάτων,
759 1147 789 1181 ἐξ
804 1149 852 1175 αὺ-

62 1187 116 1214 τῶν
137 1184 175 1213 ὧν
197 1187 327 1223 ἔγραψεν,
342 1189 456 1216 ἐνταῦθα
470 1191 618 1226 ποιήσομαι
635 1192 683 1228 τὴν
700 1192 847 1229 ἐρώτησινι

61 1229 209 1264 εἷθόὓτως
233 1233 279 1259 ἐπὶ
305 1233 339 1260 τὰ
362 1233 441 1261 λοιπὰ
469 1235 610 1271 βαδιοῦμαι
631 1238 848 1274 παραδείγματα.

61 1277 114 1303 Καί
130 1286 176 1312 μοι
191 1278 253 1312 λέγε
273 1278 341 1314 πρὸς
354 1279 437 1307 Θεοῦ·
455 1281 486 1307 Τί
506 1282 568 1317 φῂς,
588 1279 610 1308 ὦ
628 1283 777 1319 Ὠρίγενεςς
801 1285 847 1312 πό-

60 1331 136 1358 τερον
149 1325 166 1359 ἡ
184 1325 252 1360 γυνὴ
266 1325 310 1352 τὸν
325 1326 450 1361 Σαμουὴλ
465 1327 600 1362 ἀνήγαγεν
611 1328 685 1364 αὐτῷ
700 1329 814 1365 σώματι,
831 1330 848 1366 ἢ

60 1369 97 1405 τῷ
115 1379 148 1404 γε
174 1372 295 1406 σχήματι
318 1374 497 1408 σκιογραφίας
517 1374 581 1401 εῖδει
598 1376 846 1412 περιϐεϐλημένον;

58 1415 90 1442 Et
114 1416 166 1451 μὲν
189 1415 236 1443 οὖν
251 1417 394 1453 ἀσώματον
408 1419 544 1454 ἀνήγαγεν
564 1420 654 1452 αὐτὸν,
670 1422 720 1448 οὐκ
735 1422 789 1458 ἄρα
803 1422 847 1450 τὸν

57 1460 186 1496 Σαμουὴλ
198 1461 354 1498 ἀνέστησεν,
369 1462 436 1490 ἀλλὰ
452 1464 607 1499 πνεύματος
620 1466 706 1493 ἰδέαν·
721 1467 735 1493 ὁ
751 1467 804 1504 γὰρ
815 1468 847 1494 ἐκ

913 233 1014 262 matur,
1033 229 1124 265 ﬂagris
1134 231 1249 260 caeditur
1257 237 1283 260 et
1297 233 1374 270 fugit,
1384 236 1552 267 habitatione
1560 241 1696 277 neglecta.

913 274 994 303 ullius
1009 275 1128 306 animam
1146 285 1272 311 evocare,
1285 279 1337 307 Sed
1352 281 1418 313 vidit
1428 291 1539 317 vesana,
1557 290 1587 313 ut
1598 274 1697 323 aptiori

911 321 998 358 ﬁgura
1013 330 1071 350 rem
1086 331 1168 359 quam
1186 325 1380 361 imaginatione
1398 329 1451 360 sibi
1468 321 1698 363 conﬁctam—con-

910 372 1030 403 ceperat,
1044 375 1263 405 reprmsentaret.
1275 372 1370 406 Bellua
1384 383 1502 413 namque
1512 386 1541 406 se
1556 379 1583 409 in
1595 381 1696 409 multas

909 414 1055 450 variasque
1080 416 1184 445 formas
1202 423 1311 451 mutare
1343 424 1501 456 consuevit.
1525 429 1555 454 ut
1575 434 1638 456 cum
1655 428 1698 456 di-

909 460 973 488 vino
988 461 1072 490 Paulo
1091 463 1180 492 dicam
1196 476 1203 494 ;
1220 464 1281 500 Ipse
1292 468 1362 495 enim
1377 468 1697 503 Satannstrammutatur

909 505 937 531 in
951 507 1072 542 angelum
1090 508 1156 536 lucis
1174 510 1206 538 ιι.
1227 509 1301 539 Nihil
1316 513 1415 541 mirum
1438 514 1530 551 itaque
1544 518 1568 545 si
1584 518 1608 546 is
1623 520 1695 548 inter

908 550 1108 588 disserendum,
1122 556 1211 584 locum
1225 557 1298 586 hunc
1311 558 1460 595 Scripturae
1470 550 1604 599 apposuit,
1617 571 1693 595 ratus

908 598 1042 632 exquisite
1057 600 1212 631 describere
1233 612 1280 632 eos
1298 606 1344 640 qui
1367 607 1508 636 veritatem
1522 617 1692 647 assererent,

908 643 953 670 cui
971 644 996 670 id
1010 645 1127 679 addidit,
1141 653 1170 675 ut
1185 651 1322 686 propriam
1332 653 1506 683 conﬁrmaret
1520 658 1692 693 sententiam,

907 691 958 717 etsi
975 692 1048 719 nulla
1069 698 1138 722 arte.

943 736 974 763 V.
996 738 1029 765 Et
1044 747 1138 774 quare,
1156 742 1254 778 inquit,
1278 753 1331 772 non
1352 746 1454 775 dictum
1471 755 1531 776 est:
1546 750 1617 778 Vidit
1632 760 1692 780 mu-

908 781 956 809 lier
967 783 1135 818 damzonium,
1151 789 1220 822 quod
1235 790 1348 825 ﬁngebat
1362 801 1388 819 se
1402 802 1456 821 esse
1467 795 1632 829 Samuelem;
1643 800 1690 827 sed

907 829 1041 863 scriptum
1059 839 1120 859 esse
1134 832 1196 861 dein
1212 834 1299 862 dicit:
1318 836 1454 866 Intellexit
1468 840 1537 869 Saul
1550 844 1620 878 quod
1640 844 1692 872 Sa-

905 875 976 902 muel
990 878 1108 905 esset“?
1123 878 1229 912 Quibus
1244 884 1340 916 paucis
1365 884 1518 921 inter-jectis
1533 875 1625 917 subdit
1641 901 1647 919 :
1662 890 1690 921 Si

905 919 1016 948 Samuel
1031 930 1086 950 non
1102 929 1171 956 erat,
1190 927 1364 956 scribendum
1378 919 1490 961 omnino
1505 938 1580 963 erat:
1596 934 1630 965 Et
1640 944 1690 971 ραν

905 965 978 993 tabat
1000 966 1067 994 Saul
1085 969 1160 996 illum
1181 979 1236 998 esse
1253 972 1412 1004 Samuelem.
1433 975 1512 1005 Nunc
1534 988 1597 1008 vero
1618 965 1688 1010 scri-

903 1015 978 1045 ptum
991 1017 1032 1040 est
1046 1023 1053 1040 :
1071 1014 1197 1050 Cognovit
1212 1017 1289 1047 Saul.
1310 1019 1394 1048 Nemo
1409 1027 1498 1051 autem
1515 1028 1642 1061 cognovit
1661 1029 1687 1058 id

903 1057 973 1091 quod
995 1066 1050 1086 non
1066 1064 1119 1088 est.
1136 1060 1272 1090 [intellexit
1294 1065 1381 1101 itaque
1398 1066 1474 1101 Saul,
1489 1057 1562 1104 quod
1580 1057 1688 1101 Samuel

902 1107 978 1129 esset.
994 1103 1114 1133 Pracidit
1130 1115 1229 1141 pronus
1244 1111 1271 1141 in
1288 1116 1397 1144 terram.
1417 1119 1443 1141 et
1460 1117 1581 1144 adoravit
1598 1119 1686 1151 illum,

901 1147 960 1175 Non
974 1150 1084 1179 aliunde
1099 1153 1191 1187 petitis
1208 1158 1350 1192 exemplis.
1367 1160 1415 1187 sed
1440 1161 1475 1189 ab
1490 1162 1523 1190 iis
1542 1164 1608 1198 ipsis
1625 1147 1686 1200 quae

902 1196 1014 1230 scriptis
1031 1199 1181 1232 mandavit,
1202 1201 1254 1230 hoc
1282 1203 1310 1235 in
1333 1205 1393 1233 loco
1410 1207 1623 1244 interrogatione
1644 1212 1686 1239 in-

901 1242 991 1269 stabo.
1016 1242 1135 1272 Tandem
1163 1251 1190 1274 et
1211 1248 1324 1284 reliquis
1347 1256 1408 1278 utar
1431 1242 1571 1289 exemplis.
1597 1256 1686 1286 Etiam

900 1294 963 1322 ergo
979 1289 1046 1316 mihi
1071 1299 1118 1326 per
1133 1291 1228 1326 Deum,
1246 1295 1316 1328 Quid
1334 1296 1378 1324 hic
1395 1298 1446 1331 ais,
1463 1299 1610 1336 Origenes?
1626 1303 1685 1331 Mu-

900 1331 950 1358 lier
966 1335 1124 1364 evocavitne
1148 1337 1301 1367 Samuelem
1332 1349 1386 1370 una
1410 1351 1472 1372 cum
1497 1354 1621 1382 corpore,
1650 1357 1685 1377 ar.

900 1378 984 1413 ﬁgura
1002 1380 1106 1409 umbrae
1129 1387 1235 1412 tantum
1255 1386 1372 1422 imagine
1396 1378 1574 1420 obvolutum?
1590 1393 1618 1421 Si
1643 1396 1683 1423 in-

899 1431 1060 1460 corporeum
1089 1428 1164 1456 illum
1189 1433 1323 1465 evocavit,
1347 1442 1402 1463 non
1425 1444 1490 1473 ergo
1517 1438 1681 1475 Samuelem,

899 1470 945 1497 sed
961 1472 1076 1506 spiritus
1094 1474 1210 1504 fortnam
1229 1480 1372 1509 suscitavit
1389 1492 1396 1510 :
1412 1491 1445 1510 ex
1463 1485 1553 1514 anima
1568 1487 1641 1515 enim
1657 1494 1684 1517 et

56 1505 144 1541 ψυχῆς
161 1507 210 1533 καὶ
226 1507 351 1543 σώματος
361 1509 533 1545 ἡρμοσμένος
548 1507 624 1543 οὗτος
647 1512 706 1538 ἐστι
720 1513 847 1549 Σαμουὴλ

57 1553 227 1565 tanta“
255 1555 262 1565 ι
304 1556 331 1565 ν.
389 1556 400 1565 ι.
470 1557 518 1565 ...
583 1559 594 1565 -
629 1558 634 1565 .
665 1558 683 1565 ..
798 1560 840 1565 .-.

1235 1505 1239 1506 ν
1264 1505 1372 1509 κίεν-...-
1389 1505 1395 1510 .
1413 1505 1445 1510 ιι.-
1463 1505 1553 1514 υιυιιιιιι
1568 1505 1641 1515 υΙΙΙΙΙΙ
1657 1505 1682 1517 τι

899 1523 1015 1551 corpore
1038 1523 1208 1556 compositus
1229 1524 1287 1559 ipse
1314 1531 1356 1554 est
1385 1528 1513 1565 Samuel;
1542 1533 1623 1562 homo
1648 1543 1682 1563 ex

55 1553 70 1580 6
81 1553 238 1589 ἄνθρωπος,
251 1555 265 1581 ὁ
278 1556 375 1590 κρᾶσιν
388 1556 456 1592 ἔχων
469 1557 497 1590 ἐξ
508 1558 608 1592 ἀμφοῖν
623 1558 766 1593 ἀνάλογον·
781 1561 805 1586 εἰ
818 1560 846 1586 δὲ

53 1598 193 1634 ὁλόσωμον
216 1600 296 1627 αὑτὸν
319 1602 439 1636 ἀνήγαγε
455 1603 499 1630 τὸν
516 1603 609 1640 ἄνδρα,
626 1604 683 1636 πῶς
697 1605 746 1640 οὐχ
760 1605 847 1641 ἑώρα-

54 1653 100 1672 κεν
113 1646 198 1673 αὑτὸν
213 1647 227 1673 ὁ
241 1647 325 1674 Σαούλ
336 1657 343 1681 ;
357 1650 381 1675 εί
392 1649 445 1685 γὰρ
455 1647 488 1685 ἦν
500 1650 611 1686 αὑτοψεὶ
622 1651 788 1687 θεασάμενος
799 1652 844 1679 αὑ-

53 1693 106 1725 τὸν,
123 1694 176 1720 οὐκ
196 1694 228 1721 ἂν
249 1695 286 1726 ὡς
303 1695 443 1724 ἀΰλεπτῶν
457 1697 570 1733 ἐξήταζε
583 1698 631 1734 τὴν
647 1701 772 1732 γυναῖκα,
791 1700 844 1734 φά-

53 1746 125 1766 σκων
141 1740 282 1773 αὑτολεξεὶ
305 1742 345 1773 τό,
363 1743 392 1769 Τι’
407 1742 553 1777 ἑώρακας;
574 1744 676 1771 Οὐκοῦν
693 1746 717 1772 εί
735 1746 783 1780 μὲν
799 1747 844 1773 ἀό-

53 1793 133 1820 ρατος
150 1783 196 1820 ἦν,
212 1786 403 1821 ἀναμφιλόγως
416 1788 560 1823 ἀσώματος
575 1787 608 1825 ἦν
619 1798 626 1805 ’
644 1791 667 1816 εί
683 1790 711 1816 δὲ
729 1790 842 1826 ἀσώμα-

51 1839 95 1862 τος
106 1832 158 1867 qi;
164 1841 228 1867 ματι
241 1833 401 1867 διεφαίνετο,
415 1834 441 1861 τί
451 1834 549 1870 δήποτε
560 1836 715 1864 τούναντίον
726 1836 842 1873 ἔφραζεν

50 1876 67 1911 ὴ
82 1877 263 1912 πυθόμαντις,
272 1879 422 1914 ἑωρακέναι
437 1880 486 1916 μὲν
496 1881 579 1916 ἄνδρα
590 1881 679 1917 ὄρθιον
687 1882 719 1908 ἐκ
732 1882 781 1918 τῆς
791 1883 842 1918 γῆς

50 1922 241 1956 ἀναὸαίνοντα,
272 1924 392 1952 διπλοΐδα
416 1925 455 1958 δὲ,
483 1926 552 1954 κατὰ
574 1927 605 1954 τὸ
630 1927 745 1963 πρόσθεν
770 1928 839 1962 ἔθος,

50 1968 287 2003 ἀναϐεϐλημένον;
308 1970 378 2006 Ἀρα
392 1969 437 1998 οὗν
452 1971 521 1998 αὐτὰ
541 1971 575 1999 τὰ
593 1973 742 2009 πράγματα
757 1974 839 2011 μάχε-

49 2013 94 2041 ταί
111 2022 159 2040 σου
174 2015 231 2046 τοῖς
240 2015 338 2049 λόγοις,
354 2012 376 2042 ὧ
393 2017 543 2052 Ὠρίγενες·
559 2019 573 2045 ὁ
586 2019 636 2054 μέν
650 2028 681 2053 γε
694 2020 779 2047 Σαοὺλ
795 2021 840 2047 οὐ-

49 2058 93 2086 δὲν
103 2059 172 2091 ὅλως
185 2061 315 2096 ἑωρακὼς
326 2061 363 2093 ὡς
375 2062 438 2098 περὶ
453 2064 644 2099 φαντάσματος
655 2066 770 2101 ἀοράτου
782 2066 839 2094 δια-

49 2104 195 2141 λεγόμενος
208 2106 382 2140 ἐπυνθάνετο,
395 2108 435 2140 τὸ,
458 2109 488 2136 Τί
501 2109 648 2144 ἐώρακας;
664 2111 765 2138 εἰπών·
781 2113 837 2148 ήδέ

49 2152 203 2178 τούναντίον
212 2153 251 2184 ὡς
261 2153 341 2180 αὑτὸν
353 2153 493 2189 ἄνθρωπον
506 2154 596 2181 ἰδοῦσα
609 2156 742 2192 κέκραγεν
753 2165 759 2174 ’
774 2158 838 2184 Ἅν-

48 2195 103 2230 δρα
117 2196 218 2230 ὄρθιον
230 2196 428 2226 ἀναϐαίνοι-τα
448 2199 482 2226 ἐκ
504 2200 559 2234 τῆς
574 2200 630 2236 γῆς
640 2210 646 2216 ·
661 2202 731 2238 ὑπὲρ
747 2203 773 2229 δὲ

49 2243 141 2268 πεῖσαι
166 2242 204 2274 ὡς
229 2243 310 2275 αὐτὸς
332 2243 473 2280 ἄνθρωπός
495 2246 562 2278 ἐστι,
577 2247 682 2274 δίδωσιν
700 2248 775 2284 αὐτῷ
788 2250 835 2279 καὶ

49 2289 162 2322 σημεῖον
173 2288 394 2325 ἐπιφθεγξαμένη
404 2299 410 2305 ·
427 2292 481 2318 Καὶ
495 2290 583 2325 οὗτος
596 2294 834 2330 ἀναϐεϐλημένος

45 2333 196 2361 διπλοΐδα.
214 2335 248 2361 Τί
262 2334 318 2367 οὖν,
335 2332 358 2364 ὦ
371 2337 419 2371 τῆς
435 2337 564 2373 ἀθεμίτου
581 2341 708 2375 μαντείας
731 2342 834 2378 ὑποθή-

47 2387 116 2414 μων,
129 2380 210 2416 εἴπερ
225 2380 372 2416 ἐτύγχανεν
386 2382 464 2418 ἀνὴρ,
475 2384 525 2410 οὐκ
535 2383 603 2412 εἶδεν
616 2387 697 2417 αὐτὸν
707 2388 721 2414 ό
732 2388 817 2415 Σαούλ
827 2398 834 2422 ;

45 2425 125 2457 ἐκτὸς
138 2426 163 2452 εί
179 2427 260 2462 μήτοι
277 2427 325 2454 καὶ
337 2427 367 2453 τὸ
383 2428 510 2465 αἰσθητὸν
523 2431 600 2467 ὄμμα
613 2432 775 2467 τυφλώττειν
787 2435 836 2465 αὺ-

44 2471 91 2498 τδν
106 2468 206 2505 εἴποις,
223 2473 364 2510 ὠσπεροῦν
378 2475 473 2511 ἀμέλει
493 2478 540 2504 καὶ
550 2478 581 2504 τὸ
591 2478 640 2511 τῆς
652 2480 754 2512 ἐννοίας
768 2481 834 2508 αὐτὸ

44 2516 73 2543 τὸ
89 2518 196 2553 νοητόν.

81 2608 123 2636 γι.
153 2609 222 2637 Ἀλλ’
240 2611 304 2643 ἴσως
326 2613 400 2648 ἐρεῖς
412 2614 588 2651 ἁλισκόμενος
609 2616 739 2651 εὐπετῶς·
763 2620 832 2647 Αὐτὸ

41 2653 73 2680 τδ
88 2655 139 2691 τῆς
154 2655 246 2691 ψυχῆς
261 2657 374 2693 ὄργανον
391 2660 620 2698 ἀνθρωπόμορφον
636 2665 834 2700 ἐσχηματίζετο

41 2702 112 2728 κατὰ
125 2702 176 2738 τὴν
193 2703 278 2739 ὤραν,
292 2705 334 2731 ἴνα
349 2706 480 2741 ἐπιφανὲν
500 2707 594 2744 ἐξείπῃ
609 2712 771 2748 προφητικῷ
786 2722 835 2749 μη-

40 2746 140 2782 νύματι
155 2749 186 2775 τὸ
202 2749 313 2784 μέλλον·
332 2748 375 2777 οἷα
397 2752 429 2788 δὴ
454 2753 522 2780 κατὰ
544 2755 608 2787 τοὺς
628 2756 727 2789 ὕπνους
748 2758 833 2786 ἐνίοτε

897 1565 1021 1600 utrisque
1038 1569 1213 1602 proportione
1228 1571 1345 1606 quadam
1365 1580 1482 1604 constat.
1501 1577 1528 1605 Si
1550 1587 1614 1607 vero
1626 1589 1681 1613 una

897 1617 959 1637 cum
975 1615 1033 1639 toto
1058 1621 1174 1652 corpore
1201 1617 1290 1645 virum
1312 1622 1445 1654 evocavit,
1470 1626 1606 1658 quomodo
1627 1636 1682 1656 non

895 1656 964 1684 vidit
980 1658 1055 1687 illum
1075 1660 1159 1688 Saul?
1176 1663 1276 1699 quippe
1291 1665 1314 1693 si
1327 1667 1454 1697 oculatus
1470 1656 1549 1699 testis
1564 1673 1623 1708 ipse
1640 1675 1681 1702 vi-

895 1703 992 1737 disset,
1014 1714 1067 1734 non
1084 1707 1280 1744 interrogasset
1298 1714 1450 1747 mulierem,
1474 1725 1506 1745 ac
1527 1719 1549 1749 si
1567 1727 1620 1748 non
1638 1722 1679 1749 vi.

895 1750 981 1782 deret.
1003 1752 1049 1780 illa
1074 1754 1133 1789 ipsa
1154 1756 1236 1783 verba
1256 1759 1402 1788 enuntians
1417 1771 1423 1788 :
1441 1762 1511 1796 Quid
1534 1765 1679 1796 vidisti”?

894 1795 988 1831 Itaque
1008 1798 1030 1824 si
1042 1799 1184 1827 oculorum
1205 1800 1299 1838 eﬁ‘ugit
1321 1795 1457 1838 obtutum,
1475 1808 1579 1844 absque
1593 1811 1678 1839 dubio

893 1845 1066 1878 et'corporis
1082 1853 1179 1881 expers
1192 1853 1261 1876 erat.
1287 1849 1315 1877 Si
1335 1852 1460 1886 corporis
1476 1861 1574 1890 expers
1590 1857 1678 1893 ﬁgura

892 1889 1048 1922 apparebat,
1075 1895 1105 1918 ut
1127 1893 1194 1927 quid
1218 1895 1404 1930 pythomantis
1432 1901 1585 1934 oppositum
1602 1889 1678 1931 dicc-

891 1933 938 1961 bat
949 1935 990 1962 “:
1008 1936 1111 1965 Vidisse
1131 1940 1240 1974 quidem
1259 1941 1390 1970 hominem
1410 1951 1509 1973 rectum
1525 1953 1620 1976 eterra
1634 1959 1677 1980 ,ςα-

891 1981 996 2010 lientem
1012 1984 1106 2018 pallio,
1133 1987 1170 2014 uti
1190 1989 1266 2024 prius
1289 1990 1323 2017 ab
1349 1998 1381 2018 eo
1399 1992 1457 2020 ﬁeri
1482 2001 1673 2032 consueverat,

891 2028 1038 2057 amictum?
1051 2028 1105 2058 Res
1117 2032 1209 2067 itaque
1222 2034 1299 2069 ipsae,
1313 2035 1454 2072 Origenes,
1471 2047 1533 2067 cum
1548 2041 1602 2070 tuis
1616 2050 1676 2070 ser-

890 2073 1016 2101 monibus
1029 2080 1160 2110 pugnant.
1187 2077 1221 2105 Et
1239 2078 1303 2107 Saul
1319 2081 1378 2117 ipse
1398 2090 1459 2111 cum
1477 2085 1544 2112 nihil
1561 2088 1674 2116 omnino

889 2119 1050 2153 aspexisset,
1069 2124 1198 2157 tanquam
1211 2124 1245 2152 de
1259 2126 1450 2162 phantasmate
1465 2129 1595 2160 invisibili
1613 2142 1673 2161 scr-

889 2171 997 2192 monem
1011 2165 1125 2201 habens,
1145 2169 1341 2206 interrogabat.
1363 2174 1491 2209 inquiens
1504 2186 1510 2203 :
1525 2177 1597 2211 Quid
1610 2180 1674 2207 vidi-

1119 2197 1124 2201 ,
1249 2197 1264 2206 υ
1286 2197 1341 2204 ἡ..
1363 2197 1491 2209 nurus..-
1504 2198 1510 2203 .
1525 2197 1595 2211 κη...
1612 2197 1674 2207 νη..-

789 2203 835 2230 τοῦ
852 2197 874 2226 Ῑ)
890 2209 944 2237 sti?
962 2209 1009 2236 Illa
1024 2218 1107 2245 porro
1128 2220 1160 2240 ac
1175 2213 1198 2241 si
1214 2214 1351 2243 hominem
1367 2218 1466 2246 intuita
1486 2220 1595 2255 fuisset,
1617 2224 1674 2251 cla-

887 2257 971 2284 mavit
989 2267 995 2284 :
1023 2257 1113 2287 Virum
1131 2265 1244 2288 stantem
1269 2264 1449 2292 ascendentem
1477 2268 1508 2294 de
1532 2273 1602 2296 terra
1617 2277 1628 2298 :
1642 2276 1672 2298 ut

886 2306 977 2330 autem
1002 2303 1041 2330 illi
1069 2306 1196 2334 suaderet
1220 2307 1357 2337 hominem
1383 2319 1461 2344 esse,
1493 2319 1573 2342 notas
1598 2316 1672 2346 illius

885 2354 1005 2382 enarrat,
1024 2351 1162 2382 subdens;
1180 2353 1214 2383 Et
1228 2354 1269 2380 hic
1284 2356 1365 2390 pallio
1380 2359 1502 2386 amictus.
1517 2360 1607 2393 Quare
1620 2363 1672 2399 igi—

885 2397 940 2428 tur,
967 2404 984 2424 ο
1002 2398 1142 2434 sacrilegae
1161 2400 1367 2430 vaticinationis
1391 2410 1551 2440 praeceptor,
1578 2408 1600 2435 si
1627 2397 1670 2437 vir

884 2446 954 2474 erat,
970 2449 1026 2470 non
1038 2445 1145 2479 aspexit
1162 2445 1238 2472 illum
1256 2445 1339 2474 Saul?
1352 2448 1406 2476 nisi
1424 2449 1462 2477 illi
1476 2451 1557 2479 etiam
1574 2454 1669 2482 oculos

883 2486 931 2521 qui
943 2488 1035 2516 sensui
1050 2489 1176 2523 subsunt,
1192 2492 1319 2520 creeutire
1333 2494 1402 2522 velis
1413 2494 1556 2530 aﬁirmare,
1574 2506 1668 2534 quem-

883 2530 1031 2560 admodum
1045 2533 1179 2563 duntaxat
1197 2540 1224 2564 et
1245 2537 1400 2567 intellectus
1420 2548 1451 2568 ea
1471 2549 1535 2576 pars
1548 2530 1609 2579 qua:
1626 2546 1667 2573 in-

883 2577 1034 2612 telligibile.

919 2621 964 2649 Vl.
987 2623 1041 2651 Sed
1064 2633 1125 2653 cum
1152 2627 1226 2656 facili
1252 2631 1361 2667 negotio
1384 2633 1527 2668 refellaris,
1550 2635 1664 2666 fortasse

883 2668 969 2702 dicas,
987 2674 1052 2699 tunc
1065 2680 1199 2708 organum
1222 2679 1320 2707 animae
1331 2679 1359 2707 in
1385 2682 1503 2717 speciem
1519 2684 1663 2713 humanam

883 2714 1054 2746 eﬁ‘ormatum
1067 2718 1163 2753 fuisse,
1184 2726 1214 2749 ut
1239 2731 1375 2762 apparens
1396 2714 1554 2764 prophetico
1568 2732 1661 2759 vatici-

883 2761 930 2789 nio
943 2761 1035 2790 futura
1056 2765 1216 2799 praediceret
1233 2778 1239 2796 :
1256 2761 1484 2806 quemadmodum
1498 2776 1526 2804 in
1549 2778 1660 2814 somnii:

59 2840 80 2857 "
100 2839 131 2868 II
144 2839 211 2869 Cor.
230 2843 324 2876 mu.
351 2844 491 2886 '"1_Reg.
506 2848 674 2896 “vultur
698 2849 808 2897 g‘ibt‘dl.
827 2852 853 2882 ίῖ

898 2854 931 2898 ff
942 2855 1006 2884 ibid.
1025 2857 1080 2897 tt,
