1911 3073
223 128 277 156 6:75

730 127 759 156 S.
781 127 966 155 EUSTATHII
980 126 1133 154 EPISCOPI
1153 127 1363 155 ANTIOCHENI

1802 128 1855 156 624

223 188 388 224 quandoque
415 190 442 214 et
472 187 586 222 spiritus
614 191 640 214 et
666 183 764 215 anima-
791 188 920 216 omnihus
952 189 1005 216 suis

1063 187 1206 223 πνεύματα
1224 188 1270 214 καὶ
1281 187 1365 222 ψυχαὶ
1377 188 1432 219 τοῖς
1448 186 1601 223 ἀνθρώποις
1612 185 1771 222 ἐφίστανται
1784 197 1859 223 παμ-

223 233 354 261 membris
372 232 514 264 absolutae,
533 233 723 267 humanasque
738 233 841 262 formas
857 242 912 270 prae
929 242 959 261 se
974 234 1012 261 fe-

224 283 325 311 rentes,
340 279 505 312 adveniunt;
536 279 563 306 in
587 279 689 314 quibus
706 287 759 307 non
777 287 841 313 una,
868 280 915 307 SL‘d
937 281 1012 307 varia

225 325 382 353 indumenta
408 325 571 360 conspicics,
592 333 642 352 nec
667 334 720 352 non
739 326 911 358 cicatricum,
933 331 1010 362 typo-

224 378 281 397 rum
304 370 488 405 vibicumque,
506 370 571 404 quin
590 375 616 397 ct
635 371 775 405 plagarum
797 375 824 398 et
845 371 1012 398 vulneratio-

222 425 287 444 num
312 421 392 444 notas
419 417 578 452 impressas.
605 415 633 443 Si
656 417 739 452 igitur
768 417 885 444 animam
905 421 1010 444 tantum

221 468 380 496 evocatam,
407 471 460 490 non
486 466 546 498 ipso
568 471 681 498 corpore
705 463 842 491 hominem
867 463 1008 497 decernis;

221 510 294 544 quod
311 510 393 537 etiam
411 510 433 537 si
452 510 580 541 volueris.
601 510 750 545 Scriptura:
768 511 854 538 series
871 519 924 538 non
943 519 1010 538 con-

222 557 318 589 cedet;
347 557 452 584 tibimet
473 558 523 592 ipsi
543 558 692 593 pugnantia
718 559 913 593 contrariaque
935 559 1009 594 loqui

221 612 276 631 non
292 604 412 639 percipis
422 604 433 630 ?
442 603 552 639 Hocque
565 604 613 631 tibi
626 605 726 639 aliquis
741 611 889 640 opponeret
901 615 907 632 :
919 606 1009 639 Quare

221 657 275 676 non
302 649 369 676 dixit
392 649 510 676 mulier:
527 648 709 683 Prophcticam
734 651 850 677 animam
877 651 939 684 vidi,
961 652 1008 679 sed

221 695 388 731 oppositum,
413 696 496 722 virum
515 697 652 723 erectum?
673 699 699 723 et
714 697 848 729 eamdem.
867 706 948 732 quam
967 698 1009 725 in-

220 743 284 770 nuis
301 742 448 774 rationem,
467 750 551 777 quare
569 741 710 777 Scriptura
728 751 782 770 non
800 743 837 770 ita
849 744 929 770 effata
945 748 1006 772 est:

225 787 298 815 Vidit
315 788 409 814 mulier
423 787 592 820 da’monium,
609 787 678 823 quod
695 789 811 824 ﬁngebat
833 798 859 816 se
883 798 939 817 esse
956 789 1008 818 Sac

220 835 351 863 muelem?
368 833 423 862 Hac
440 834 534 869 utique
550 834 656 861 ratione
676 843 726 870 ego
737 835 785 862 tibi
806 844 946 871 opponens
959 837 1009 864 ob-

218 880 449 916 jicerem:Quarc
460 884 570 908 evocata
586 881 676 908 anima
692 890 746 909 non
761 882 828 909 dixit
843 883 961 910 animam
977 891 1006 911 se
1023 876 1042 902 Β

220 927 331 960 vidisse,
356 927 379 954 si
411 935 456 955 res
477 928 513 954 ita
537 935 567 955 se
593 928 714 959 haberet,
735 928 801 963 quin
824 930 1004 963 contrarium,

218 973 347 1000 hominem
362 977 387 1000 et
402 973 474 1000 hunc
489 978 615 1005 erectum,
635 973 709 1008 quod
725 974 894 1002 habitudinis
910 983 1007 1010 corpo-

218 1027 281 1052 τελε,
310 1020 438 1054 illiusque
463 1024 544 1047 certa:
570 1019 662 1056 ﬁgura:
685 1022 793 1055 signum
822 1022 884 1049 est?
901 1022 1006 1058 Quippe

218 1073 319 1093 mzenas
345 1066 390 1092 illa
422 1066 534 1093 minime
558 1074 588 1094 se
609 1066 712 1094 vidisse
736 1067 888 1095 allirmabat
913 1076 1005 1096 senem

218 1113 372 1147 gibbosum,
396 1112 551 1146 incurvum,
575 1113 622 1140 sed
642 1116 772 1147 stantem,
790 1114 941 1146 intensum.
964 1115 1006 1142 di-

217 1163 332 1192 rectum,
348 1159 463 1195 juvenili
481 1158 577 1186 ardore
593 1159 692 1186 bellum
710 1160 885 1193 ambientem,
906 1161 938 1188 ad
963 1169 1007 1188 nen

217 1205 318 1240 quitias
340 1209 507 1240 promptum,
529 1214 630 1233 vesano
649 1206 724 1233 Sauli
744 1206 867 1234 fraudem
884 1207 1004 1241 faciens;

217 1257 297 1287 atque
311 1251 378 1278 illud
399 1252 530 1279 suadebat
552 1256 724 1287 argumento,
748 1253 821 1287 quod
837 1252 918 1279 homo
933 1257 1006 1281 esset

216 1299 263 1334 qui
281 1299 446 1326 ascendebat
462 1308 477 1325 εξ
500 1303 585 1331 terra,
604 1307 721 1334 cumque
735 1299 854 1335 diploide
874 1301 1005 1328 amictum

217 1344 363 1372 fatebatur.
381 1344 451 1376 Quid
467 1345 549 1379 igitur
570 1345 705 1380 quispiam
724 1345 767 1372 hic
785 1345 877 1374 dicere
893 1348 1006 1382 posset?

217 1391 241 1418 si
260 1391 301 1417 vir
315 1390 360 1418 ille
372 1391 510 1425 prodiens.
526 1391 585 1426 ipso
600 1396 753 1427 emergeret
768 1400 896 1428 corpore,
914 1402 1005 1422 nonne

217 1444 278 1463 eum
306 1435 370 1463 Saul
388 1436 510 1468 vidisset,
534 1445 621 1472 neque
652 1439 685 1465 ab
712 1439 767 1466 alio
790 1439 852 1474 quis
874 1440 897 1467 is
920 1445 1003 1471 esset,

216 1483 296 1518 quasi
322 1483 444 1510 cmcitatc
470 1484 625 1519 perculsus,
656 1489 804 1513 conaretur
829 1485 1004 1520 perdiscere?

217 1528 302 1565 Igitur
327 1538 370 1557 res
386 1530 446 1565 ipsa
471 1530 570 1557 clamat
591 1539 653 1558 eum
681 1531 818 1559 hominem
836 1540 890 1559 non
908 1532 1003 1566 fuisse,
1018 1549 1040 1577 ο

217 1575 265 1604 sed
290 1576 424 1608 umbram,
451 1581 479 1603 ut
505 1577 621 1609 videtur,
643 1578 790 1605 obscuram
815 1582 842 1605 et
868 1578 1001 1611 fallacem,
1023 1575 1027 1604 ξ

216 1628 305 1656 neque
322 1622 394 1648 enim
417 1621 512 1649 oculos
528 1621 652 1657 fugisset.
675 1622 708 1649 Et
723 1623 745 1650 si
763 1623 895 1658 opinaris,
909 1623 1005 1659 Orige-

216 1676 278 1700 nes,
295 1668 413 1694 animam
440 1668 575 1696 Samuelis
600 1670 655 1696 illic
680 1669 774 1701 fuisse,
801 1677 886 1704 quare
908 1671 1004 1698 umbra

217 1715 264 1742 illa
283 1715 411 1742 obvoluta
426 1715 543 1750 diploide
558 1716 726 1751 apparebat?
743 1716 915 1744 Manifestum
928 1717 1005 1752 cqui-

217 1760 279 1788 dem
294 1765 336 1788 est
348 1764 448 1793 vestes,
465 1761 633 1793 indumenta,
650 1769 700 1788 nec
719 1769 771 1789 non
787 1762 926 1789 involucra
943 1770 1005 1789 cor-

217 1807 330 1842 poribus
347 1807 449 1842 potius,
468 1814 549 1841 quam
566 1808 710 1834 animabus
725 1807 881 1834 convenire.
897 1806 1003 1834 Etenim

215 1860 271 1881 non
293 1853 419 1880 existimo
446 1856 472 1880 te
496 1853 598 1880 urbane
622 1852 762 1888 faceteque
793 1853 1004 1888 respondentem

216 1899 298 1928 etiam
315 1908 363 1935 per
377 1899 578 1928 simulationem
595 1899 743 1931 dicturum,
760 1899 906 1935 diploidem
928 1900 1002 1927 illam

216 1951 257 1975 tot
280 1947 360 1974 annis
380 1948 407 1973 in
423 1947 550 1982 sepulcro
565 1946 598 1973 ad
616 1946 688 1973 illam
704 1946 776 1974 diem
799 1951 1001 1979 conservatam,

217 1997 247 2020 ut
262 1993 400 2028 propheta:
412 1993 504 2020 anima
520 1992 679 2024 vestiretur,
703 2000 751 2020 nec
770 1993 842 2020 nuda
858 1993 923 2021 hinc
939 1994 1003 2021 inde

217 2039 348 2065 aberrans
363 2039 482 2073 degeret.
500 2037 532 2065 Et
547 2046 613 2065 sane
629 2038 732 2065 diceret
747 2039 883 2074 quispiam
897 2040 1002 2067 nullum

217 2086 352 2120 ignorare,
379 2084 482 2112 sanctis
497 2093 512 2112 e
536 2085 605 2112 ccelo
628 2085 787 2112 indumenta
808 2086 910 2120 parari,
935 2085 1002 2112 nulli

217 2131 388 2166 corruptioni
412 2131 539 2163 obnoxia,
566 2131 647 2158 claris
667 2131 818 2158 luminibus
835 2131 888 2158 late
912 2132 1004 2166 splen-

217 2178 320 2210 dentia,
337 2177 477 2204 non'male
492 2178 605 2205 textoris
623 2176 728 2212 pectine
742 2184 883 2212 percussa.
901 2176 1002 2204 Verum

216 2223 240 2252 si
255 2223 390 2250 Samuelis
411 2222 529 2249 animam
547 2227 684 2257 spectrum
703 2221 769 2248 illud
786 2221 871 2249 fuisse
893 2222 1002 2256 statuis,

215 2269 372 2303 asserisque
396 2272 497 2296 vestem
517 2271 622 2303 tantum
643 2266 782 2293 intellectu
803 2266 1000 2300 deprehensam

215 2314 312 2345 fuisse,
333 2318 362 2341 ut
384 2313 456 2340 illius
476 2311 644 2339 cteremonia’,
666 2311 735 2337 ratio
755 2310 1000 2343 manifestaretur;

217 2363 333 2394 utraque
361 2366 425 2385 vero
448 2358 504 2384 hinc
532 2356 743 2392 intelligibilium
774 2363 864 2382 rerum
892 2356 1001 2390 propria

215 2409 279 2432 sunt
291 2415 298 2432 :
312 2404 482 2432 convincitur
494 2403 560 2430 nihil
577 2410 672 2430 sanum
688 2409 836 2435 verumque
852 2401 1000 2428 nuenadem

214 2452 288 2479 illam
314 2451 456 2478 ell'utiisse.
484 2449 538 2476 Res
566 2448 637 2475 enim
661 2447 740 2474 aliter
757 2454 788 2473 ac
815 2454 845 2473 se
866 2446 1003 2473 habebant

214 2496 386 2527 enuntiabat,
401 2502 495 2522 eorum
516 2494 627 2521 nomina
651 2500 710 2527 quae
736 2491 787 2518 sub
803 2499 884 2518 sensu
901 2491 1002 2518 cadunt

214 2543 363 2573 invertens,
374 2545 401 2569 et
416 2540 610 2568 intellectualia
627 2538 819 2566 manifestans.
843 2537 932 2565 Virum
950 2539 1002 2565 ita-

1069 234 1154 269 μελεὶ,
1166 234 1229 265 τοὺς
1240 233 1422 270 ἀνθρωπείως
1439 233 1654 269 ἐπιδεικνύμεναι
1670 234 1857 270 χαρακτῆρας·

1066 281 1096 307 οὒ
1116 281 1169 317 μὴν
1185 281 1252 307 ἀλλά
1271 289 1301 314 γε
1316 281 1363 307 καὶ
1378 280 1492 314 διάφορα
1515 280 1561 306 καὶ
1579 279 1689 306 ποικίλα
1713 279 1857 316 φοροῦντες

1067 327 1218 363 ἐσθήματα,
1234 327 1281 354 καὶ
1295 327 1431 362 σημασίας
1447 325 1542 358 οὐλῶν,
1561 325 1577 362 ἦ
1595 326 1743 362 κτύπων,ῆ
1763 325 1857 362 μωλώο

1066 382 1123 400 πων
1148 373 1350 408 ἐπιφερόμενοι,
1368 373 1415 399 καὶ
1430 372 1550 407 πληγῶν,
1567 371 1583 407 ἦ
1601 371 1739 407 τρώσεων.
1755 371 1786 397 Εἰ
1802 372 1855 398 τοί-

1060 428 1112 446 ⁷νυν
1128 418 1206 456 ὁρίζῃ
1225 419 1312 455 ψυχὴν
1329 418 1444 454 ἀνῆχθαι
1463 419 1553 454 μόνον,
1570 417 1626 444 ἀλλ’
1641 417 1691 444 οὐκ
1715 417 1855 453 ἄνθρωπον

1064 465 1137 501 αὐτῷ
1151 465 1257 501 σώματι
1281 465 1351 500 (οὐδὲ
1364 465 1418 500 γὰρ
1429 466 1452 490 εἰ
1464 464 1554 499 βούλει
1567 463 1657 490 δίδωσί
1673 472 1714 490 σοι
1727 463 1757 490 τὸ
1771 464 1855 499 γράμ-

1066 512 1131 548 μα),
1158 512 1297 548 μαχόμενα
1322 511 1371 547 μὲν
1398 511 1487 546 ἐαυτῷ
1504 510 1639 542 θεσπίζων
1653 510 1703 536 οὑκ
1720 509 1854 548 αξσθάνῃ;

1064 558 1231 595 Σα·.›τὺν(5“)
1240 559 1267 586 δὲ
1280 558 1359 585 τοῦτό
1372 567 1413 590 τις
1422 557 1618 593 ἀνθυποφέρων
1628 558 1686 592 ὲρεῖ
1697 565 1753 583 σοι·
1768 557 1800 582 Τί
1814 556 1854 592 δή-

1063 615 1128 633 ποτε
1145 606 1195 632 οὐκ
1209 604 1284 632 εἶπεν
1299 606 1315 640 ἡ
1330 604 1408 640 γυνὴ,
1428 603 1619 638 Ῑζροφητικὴν
1636 602 1718 630 εἶδον
1738 603 1852 638 ψυχὴν,

1062 652 1130 679 ἀλλὰ
1138 651 1300 682 τούναντίον,
1312 649 1406 684 ἄνδρα
1418 649 1532 683 ὅρθιον;
1542 645 1564 682 ᾧ
1572 648 1625 684 γὰρ
1633 648 1739 684 ἔφησθα
1750 648 1850 684 τρόπῳ,

1062 698 1109 725 καὶ
1124 698 1194 724 διατί
1213 697 1300 731 λέγων
1314 696 1363 722 οὐκ
1380 696 1500 731 εἴρηται·
1516 693 1606 722 Εἷδεν
1619 695 1638 729 ἡ
1652 694 1731 729 γυνὴ
1753 694 1852 730 δαιμό-

1062 753 1128 771 νιον
1157 744 1172 771 ὃ
1199 741 1406 777 προσεποιεῖτο
1430 739 1505 769 εἶναι
1532 741 1692 776 Σιιμουήλ;
1707 741 1802 776 Τούτῳ
1816 740 1853 777 τῷ

1061 790 1133 825 λόγῳ
1158 790 1240 824 φαίην
1263 788 1296 816 ἂν
1319 788 1522 822 ἁνθυπενέγκας
1547 787 1651 821 ἐγωγε”
1668 787 1747 818 Τίνος
1762 787 1851 820 ἓνεκα,

1061 836 1150 871 ψυχῆς
1172 835 1343 871 ἀναχθείσης,
1369 834 1418 861 οὐκ
1443 835 1553 870 εἴρηκεν
1578 833 1729 869 ἑωρακέναι
1755 833 1851 869 ψυχὴν,

1057 883 1135 918 εἴπερ
1149 881 1233 913 οὕτως
1251 879 1332 917 εἶχεν,
1363 881 1419 907 ἀλλ’
1431 881 1462 907 ἐκ
1476 880 1530 907 τῶν
1543 879 1672 906 ἐναντίων
1685 879 1792 913 ἄνδρα,
1809 881 1852 906 καὶ

1057 929 1150 956 τοῦτον
1181 929 1290 963 ὄρθιον,
1306 929 1373 964 ὅπερ
1388 928 1446 953 ἐστὶ
1473 926 1616 961 γνώρισμα
1632 928 1793 962 σωματικῆς
1810 927 1851 953 εὑ-

1057 975 1148 1008 εξίας;
1167 974 1263 1010 οὐγὰρ
1289 974 1471 1010 ἀμφίκυρτον,
1495 973 1555 999 οὐδὲ
1578 973 1715 1006 κεκυφότα
1740 973 1852 1008 γέροντα

1058 1021 1169 1057 θεωρεῖν
1188 1021 1304 1055 ἔφασκεν
1318 1021 1334 1056 ὴ
1350 1020 1457 1055 μαινὰς,
1474 1019 1530 1046 ἀλλ’
1545 1019 1646 1054 ὄρθιον,
1665 1019 1850 1054 ἐντεταμένον,

1057 1067 1258 1103 ἀπηυθυμένον,
1275 1068 1314 1098 εἰς
1324 1066 1440 1102 πόλεμον
1452 1067 1495 1092 ἀεὶ
1507 1066 1646 1098 νεάξοντα,
1666 1074 1698 1092 πε
1704 1066 1731 1101 ρ).
1742 1066 1793 1097 τὰς
1806 1065 1851 1100 τῆς

1058 1115 1157 1147 κακίας
1170 1114 1316 1146 ἀναδόσεις·
1332 1114 1425 1150 ἀπάτῃ
1440 1114 1468 1140 δέ
1484 1114 1528 1141 τὸν
1545 1114 1663 1149 ἔκφρονα
1677 1112 1849 1144 δελεάζοντα,

1059 1161 1163 1197 σημείῳ
1194 1161 1242 1196 μὲν
1270 1160 1376 1187 ἔπειθεν
1400 1160 1495 1192 αὑτὸν,
1514 1160 1552 1191 ὡς
1575 1159 1718 1195 ἄνθρωπός
1744 1160 1817 1185 ἐστιν
1838 1159 1852 1185 ό

1058 1206 1139 1234 ἀνιὼν
1156 1208 1188 1233 ἐκ
1200 1208 1249 1242 τῆς
1262 1208 1314 1242 γῆς
1326 1226 1333 1238 ,
1351 1206 1552 1242 ἁναϐεὒλῆσθαι
1566 1206 1594 1232 δέ
1609 1205 1691 1233 αὑτὸν
1707 1205 1802 1240 ἔφαινε
1815 1205 1839 1232 δι

1058 1250 1161 1278 πλοῖδα.
1177 1251 1208 1277 Τί
1221 1249 1266 1277 οὖν
1281 1250 1412 1286 (εἴποιτις
1421 1251 1476 1286 iv);
1486 1247 1564 1286 εἴπερ
1578 1250 1651 1286 αὐτῷ
1665 1250 1773 1286 σώματι
1788 1259 1851 1287 προ-

1057 1297 1167 1323 κύπτων
1194 1297 1342 1332 ἐτύγχανεν
1365 1297 1445 1332 ἀνὴρ,
1461 1298 1512 1324 οὐκ
1537 1297 1569 1324 ἂν
1598 1297 1720 1333 ἑώρακεν
1744 1298 1851 1324 αὖτὸνό

1057 1343 1160 1375 Σαοὺλ,
1190 1343 1258 1370 ἀλλὰ
1284 1344 1348 1379 παρ’
1364 1343 1459 1379 ἐτέρου
1489 1343 1611 1378 βούλεται
1643 1343 1739 1379 μαθεῖν
1762 1343 1851 1375 ὁποῖός

1057 1391 1140 1421 ἐστιν,
1155 1390 1192 1421 ὡς
1212 1390 1329 1426 ἀορασῐᾳ.
1353 1390 1485 1426 πληγείς;
1509 1390 1612 1416 Οὐκοῦν
1628 1390 1698 1416 αὐτὰ
1724 1390 1760 1416 τὰ
1784 1390 1851 1426 πρά-

1057 1444 1148 1471 γματα
1165 1436 1311 1471 κέκραγεν,
1320 1435 1358 1467 ὡς
1371 1435 1512 1471 ἄνθρωπος
1528 1435 1576 1470 μὲν
1589 1436 1638 1461 οὐκ
1650 1432 1694 1471 ἦν,
1707 1434 1776 1461 ἀλλὰ
1790 1434 1849 1461 σκιά

1055 1491 1107 1514 τις,
1124 1482 1161 1514 ὡς
1178 1482 1275 1513 ἔοικεν,
1293 1482 1415 1516 ἀφανής·
1433 1481 1462 1508 οὐ
1476 1482 1530 1516 γὰρ
1543 1481 1575 1508 ἂν
1592 1481 1706 1516 ἀόρατος
1719 1478 1764 1516 ἦν.
1782 1481 1811 1506 Εἰ
1823 1480 1850 1506 δὲ

1056 1529 1185 1565 νομίζεις,
1195 1529 1339 1565 Ὠρίγενες,
1362 1529 1402 1555 ὅτι
1414 1528 1488 1564 ψυχὴ
1501 1527 1547 1554 τοῦ
1569 1527 1695 1562 Σαμουὴλ
1706 1527 1850 1562 ἐτύγχανεν

1055 1574 1158 1607 αὐτόθι,
1188 1574 1259 1601 διατί
1284 1573 1406 1601 διπλοΐδα
1429 1573 1660 1610 περιϐεϐλημένον
1687 1573 1796 1608 ἑωρᾶτο
1822 1571 1850 1598 τὸ

1056 1621 1167 1656 φάσμα;
1192 1619 1321 1655 Προδήλῳ
1353 1619 1417 1654 γοῦν
1455 1619 1614 1653 ἐκφαίνεται
1642 1618 1787 1653 σημασίᾳ,
1815 1617 1850 1649 ὡς

1055 1667 1163 1694 ἅπαντα
1177 1665 1211 1692 τὰ
1226 1666 1275 1701 τῆς
1300 1665 1412 1700 ἐσθῆτος
1436 1665 1571 1700 ἐνδύματα
1594 1665 1641 1691 καὶ
1668 1664 1849 1699 σκεπάσματα

1057 1711 1164 1748 σώμασι
1174 1711 1264 1744 πλέον,
1280 1712 1336 1738 ἀλλ’
1346 1712 1375 1738 οὐ
1385 1711 1483 1746 ψυχαῖς
1493 1711 1633 1747 ἁρμόττει·
1647 1711 1677 1736 οὐ
1691 1711 1747 1746 γὰρ
1761 1711 1848 1746 οἴομαί

1056 1768 1086 1786 σε
1102 1759 1185 1794 φῆσαι
1201 1758 1231 1794 (ί.
1250 1759 1360 1794 φήσειν)
1377 1758 1436 1793 μεθ’
1451 1758 1620 1793 ὑποκρίσεως
1645 1757 1846 1792 ἀστεϊζόμενον,

1055 1806 1094 1832 ὅτι
1105 1805 1258 1840 μεμένηκεν
1270 1805 1285 1839 ἠ
1295 1803 1397 1835 διπλοῖς
1409 1803 1454 1829 ἐπὶ
1465 1802 1511 1829 τοῦ
1521 1802 1606 1837 τάφου
1614 1803 1753 1834 τοσούτοις
1762 1802 1848 1829 ἔτεσιν

1055 1847 1119 1884 ἄχρι
1143 1847 1223 1882 τῆσδε
1247 1847 1296 1882 τῆς
1311 1847 1428 1882 ἡμέρας,
1448 1847 1490 1873 ἵνα
1511 1848 1527 1882 ή
1548 1846 1620 1882 ψυχὴ
1634 1846 1680 1873 τοῦ
1707 1848 1847 1883 προᾳήτδυ

1055 1896 1142 1930 φορῇ,
1162 1894 1198 1930 μή
1217 1902 1254 1928 πη
1267 1893 1321 1928 ἄρα
1337 1893 1427 1928 γυμνὴ
1445 1893 1588 1928 βαδίζουσα
1603 1893 1701 1926 διάγοι·
1720 1896 1848 1927 καίτοιγε

1056 1941 1122 1976 φαίη
1150 1949 1191 1972 τις
1206 1939 1249 1973 ἂν,
1261 1939 1298 1971 ὡς
1310 1939 1396 1971 οὐδεὶς
1410 1939 1496 1966 ἔοικεν
1507 1940 1625 1973 ἀγνοεῖν,
1639 1939 1678 1965 ὅτι
1693 1941 1749 1970 τοῖς
1763 1939 1849 1973 ἁγίοις

1055 1986 1205 2021 ἀδιάφθορα
1221 1985 1350 2021 πάρεστιν
1366 1985 1511 2021 οὐρανόθεν
1524 1984 1660 2019 ἐνδύματα
1673 1984 1848 2018 φεγγοῦόλοις

1055 2033 1229 2068 ἐκλάμποντα
1243 2033 1449 2067 μαρμαρυγαῖς,
1465 2031 1525 2058 ἀλλ’·
1535 2032 1585 2058 οὐκ
1597 2030 1710 2065 ἐσθῆτος
1722 2031 1849 2066 ὑφάσμα-

1055 2088 1088 2106 τα
1103 2078 1234 2110 ποικίλοις
1250 2078 1407 2112 εὐδιάφορα.
1422 2077 1453 2104 Εἰ
1470 2077 1498 2103 δὲ
1512 2077 1560 2113 τὴν
1577 2076 1622 2103 τοῦ
1642 2076 1771 2112 Σαμουὴλ
1793 2077 1849 2111 ὀρί-

1055 2125 1090 2162 ζῃ
1101 2124 1189 2160 ψυχὴν
1207 2124 1256 2159 μὲν
1272 2121 1341 2150 εἶναι
1353 2123 1401 2158 τὴν
1415 2122 1554 2157 ὀφθεῖσαν,
1571 2122 1677 2157 ἱμάτιον
1690 2122 1784 2157 μέντοι
1797 2122 1848 2157 φῄς

1055 2171 1192 2206 ἑωρᾶσθαι
1207 2170 1267 2197 κατ’
1285 2170 1398 2201 ἔννοιαν,
1414 2169 1446 2195 ἵν’
1463 2170 1477 2195 ὁ
1496 2169 1546 2204 τῆς
1568 2169 1722 2204 ἱερουργίας
1736 2168 1848 2203 ἔκδηλος

1020 2226 1041 2252 D
1057 2216 1099 2252 εἴη
1124 2216 1224 2252 τρόπος
1246 2216 1406 2251 (ἀμφότερα
1431 2216 1458 2242 δὲ
1481 2215 1568 2242 ταῦτα
1584 2215 1686 2250 νοητῶν
1702 2215 1761 2241 ἐστι
1779 2223 1848 2250 πρα-

1056 2263 1169 2298 γμάτων
1186 2262 1262 2297 ἴδια),
1281 2262 1442 2298 συνέστηκεν
1460 2263 1496 2293 ὡς
1512 2261 1587 2287 οὐδὲν
1602 2261 1686 2294 ὑγιὲς,
1706 2261 1767 2287 οὐδὲ
1783 2260 1849 2296 ἁλη-

1057 2310 1110 2342 θῶς
1135 2309 1299 2345 ἀπήγγειλεν
1322 2309 1338 2343 ἡ
1369 2307 1484 2343 μαινὰς·
1508 2308 1590 2343 ἕτερα
1604 2307 1658 2342 γὰρ
1677 2307 1753 2341 ἔλεγε
1773 2306 1848 2342 παρᾶ

1056 2356 1089 2382 τὰ
1113 2356 1187 2388 ὄντα,
1205 2355 1239 2381 τὰ
1265 2355 1318 2381 τῶν
1344 2354 1479 2390 αἰσθητῶν
1505 2354 1623 2389 όνόματα
1639 2353 1846 2390 παραφέρουσα,

1057 2403 1103 2429 καὶ
1118 2403 1151 2429 τὰ
1165 2402 1247 2436 νοητὰ
1268 2400 1471 2428 διαδεικνύουσα
1491 2399 1764 2435 πράγματα.”Ανδρα
1783 2398 1847 2433 γοῦν

1057 2448 1157 2481 ὄρθιον
1172 2447 1351 2482 ὀνομάζουσα,
1370 2446 1416 2473 καὶ
1440 2445 1584 2480 περιεὲολῆς
1606 2444 1725 2480 ὑφαντὸν
1739 2444 1848 2480 ἔσθημα

1056 2495 1257 2530 χειρότευκτον,
1284 2494 1409 2529 ἀόρατον,
1440 2494 1471 2519 ἐκ
1501 2492 1555 2519 τῶν
1581 2492 1710 2519 ἐναντίων
1737 2491 1846 2526 εἰσῆγεν

1057 2540 1164 2574 πνεῦμα
1183 2539 1375 2574 φαντασιῶδες.

214 2598 267 2626 que
290 2594 404 2617 erectum
428 2589 578 2624 appellans,
605 2591 631 2614 et
663 2586 756 2613 thIile
787 2586 922 2613 involucri
949 2587 1139 2615 indumentum
1163 2595 1245 2614 manu
1275 2588 1386 2619 factum,
1417 2587 1490 2621 quod
1520 2594 1574 2613 non
1601 2586 1769 2617 videbatur,
1811 2593 1842 2613 ex

215 2636 362 2664 contrariis
391 2636 517 2670 spiritum
551 2634 744 2669 imaginatione
770 2637 875 2660 tantum
905 2634 1224 2669 perceptuminlerebat.

249 2681 305 2710 VII.
326 2682 376 2709 Eia
399 2682 444 2709 dic
462 2689 538 2716 ergo,
566 2689 582 2708 0
608 2679 710 2714 optime
732 2679 906 2714 dogmatista,
931 2688 1000 2715 quo-

215 2729 296 2755 modo
304 2729 430 2763 cognovit
443 2728 508 2755 Saul
523 2727 598 2754 illum
615 2726 700 2753 fuisse
713 2725 878 2759 Samuclem,
891 2726 1002 2761 quando

218 2782 268 2801 nec
299 2776 402 2801 umbra)
431 2774 540 2808 quidem
574 2772 713 2799 minimam
741 2775 862 2806 partem,
894 2776 1001 2798 tantum

1094 2680 1147 2707 νιι.
1169 2681 1235 2707 Εἰπὲ
1262 2682 1360 2712 τοίνυν,
1389 2677 1411 2706 ὦ
1433 2680 1551 2714 βέλτιστε
1578 2678 1763 2714 δογματιστὰ,
1788 2679 1847 2711 πῶς

1057 2726 1126 2759 ἔγνω
1139 2726 1232 2757 Σαοὺλ,
1244 2726 1281 2757 ὡς
1298 2726 1378 2757 αὐτὸς
1393 2722 1469 2757 οὗτος
1481 2726 1611 2761 ἐτύγχανε
1628 2724 1765 2760 Σαμουὴλ,
1779 2726 1846 2759 ὁπη-

1057 2773 1118 2798 νίκα
1134 2772 1201 2807 μηδέ
1221 2773 1298 2804 σκιᾶς
1311 2769 1364 2798 εἶδε
1378 2772 1483 2807 μόριον,
1497 2773 1545 2807 οὐχ
1560 2772 1634 2802 ὅπως
1644 2771 1741 2807 ἀνδρὸς
1756 2770 1846 2804 ἰδέαν,

252 2851 442 2886 (3")Suvrdr.
467 2851 512 2878 Sic
533 2852 626 2888 impr.,
642 2859 735 2888 prave.
757 2850 913 2887 Legendum
928 2857 1005 2886 prora

1061 2850 1163 2878 videtur
1177 2850 1285 2885 ταυτόν,
1303 2854 1332 2878 ut
1343 2858 1403 2884 pag.
1422 2850 1485 2883 6M,
1504 2850 1535 2877 Β.
1550 2849 1626 2880 Enn,
