1911 3073
86 67 145 96 625

540 69 584 98 DE
605 69 903 98 ENGASTBIMYTHO
918 70 1059 98 CONTRA
1075 71 1263 100 ORICENEM.

1663 75 1716 102 6‘26

92 125 166 151 Ἀλλ’
182 124 231 150 οὐκ
255 124 385 161 ἐρυθριᾷς
401 124 533 160 εἰρηκὼς,
552 126 625 153 Ἔδει
646 126 815 163 γεγράφθαι,
829 127 880 153 Kal

938 128 1016 156 abest
1030 133 1058 155 ut
1074 128 1189 156 formam
1210 129 1328 158 hominis
1342 132 1494 166 aspexerit?
1506 131 1560 160 Nec
1577 133 1718 161 erubescis

85 170 205 204 ἐνόμιζε
228 171 329 198 Σαοὺλ
353 169 428 198 εἶναι
453 172 546 198 αὐτὸν
558 171 698 207 Σαμουὴλ
709 193 715 204 ,
734 173 780 199 νῦν
796 173 822 199 δὲ
838 173 882 207 γέ-

85 225 232 251 γραπται,
248 217 344 251 Ἔγνω
361 218 476 248 Samii:
493 216 558 244 Εἶτα
576 219 616 245 ὅτι
639 218 687 253 μὲν
704 219 718 244 ό
732 219 878 254 δαιμονιζό-

87 270 174 297 μενος
188 263 259 296 ἔγνω
277 264 353 299 παρὰ
370 263 539 300 δαιμονώσης
555 264 684 296 ἀκούσας,
698 265 753 292 ἄνω
771 266 816 291 καὶ
834 265 883 292 κά-

85 316 128 334 τω
143 308 250 342 λέγεις·
270 309 311 335 ὅτι
323 309 350 335 δὲ
366 309 442 336 οὐδὲν
458 309 518 336 οὐδὲ
534 310 600 342 ὅλως
619 310 758 342 ἐθεάσατο,
775 313 836 347 σιγῇ
852 312 881 338 τὸ

86 352 210 388 γράμμα
228 353 359 387 κρύπτεις
369 362 375 368 ·
391 354 508 389 οὐδαμοῦ
519 354 547 380 δὲ
561 354 592 390 δὴ
605 355 774 390 παραφέρεις
788 356 815 382 ὲν
835 356 881 391 μὲ-

86 407 128 433 mp
154 399 199 425 τὸν
224 399 342 435 ἔλεγχον,
358 401 465 435 ἀφελεῖς
482 401 530 436 μὲν
549 401 668 436 οἰόμενος
685 402 821 438 ὲξαπατᾷν
836 403 881 428 ἁν-

86 444 229 479 θρώπους,
245 444 353 481 εὕρημα
377 446 405 472 δὲ
432 446 560 481 μαντείας
583 447 756 482 ἐπιτειχίζειν
779 448 879 475 ἅπασιν

85 489 224 521 ἀσεϐοῦς·
242 492 258 525 ἡ
276 491 372 526 γάρτοι
395 492 440 518 τοῦ
454 492 675 528 δαιμονιζομένου
703 493 802 527 γνῶσις
817 493 879 526 ἀξία

85 535 135 561 τοῦ
155 535 334 571 κηρύγματος
350 537 495 571 ἐτύγχανεν
512 538 619 572 ἐκείνης
635 538 684 573 τῆς
699 539 745 565 καὶ
759 539 820 570 τοὺς
834 539 879 565 λό-

85 591 155 617 γους
178 583 253 619 αὐτῷ
276 583 461 619 διακονούσης.
472 584 541 610 Ἀλλ’
558 585 694 621 ἐπιστήμῃ
709 586 756 611 καὶ
773 586 878 612 συνέσει

85 630 174 665 φαίης
190 629 224 656 ἂν
248 629 284 662 ὡς
307 630 376 664 ἔγνω
404 630 440 666 μὴ
458 630 634 666 θεασάμενος,
652 632 708 658 ἀλλ’
727 634 776 658 οὐκ
788 633 877 667 ἐνόμι-

84 684 152 702 qev’
178 676 293 708 ἕκαστος
320 677 383 710 γοῦν
407 677 556 712 ἀνθρώπων
583 678 650 713 ἁκοῇ
674 677 802 714 μᾶλλονῆ
819 679 877 713 ὕφει

85 722 207 758 πρᾶγμα
220 719 384 758 παραλαϐὼν
401 723 483 749 οἴεται
498 724 545 750 καὶ
559 723 672 758 νομίζει,
689 723 718 750 τὸ
736 725 818 758 σαφὲς
828 725 876 750 οὐκ

83 768 181 799 εἰδὼς,
198 768 284 799 ἄλλως
300 776 329 794 τε
347 767 396 794 κᾶν
411 769 463 794 ὑπὸ
477 769 654 803 δαιμονῶντος
669 769 754 805 ἀκούῃ
768 770 874 805 προσώ-

84 821 156 840 που·
187 814 255 848 μόνα
275 814 329 849 γὰρ
352 814 386 840 τὰ
412 814 457 840 τοῦ
483 815 549 841 Θεοῦ
573 814 740 850 βεϐαιοῦνται
765 815 874 850 ῥήματα

83 860 155 894 προς
169 860 268 895 ἀκριῦῆ
286 860 435 895 κατάληψιν
451 861 498 887 καὶ
515 861 630 893 πίστεως
645 861 806 897 ὀχυρότητα.
820 863 874 888 Καὶ

83 905 139 940 μὴν
165 907 189 932 εἰ
213 906 276 941 περὶ
299 906 351 932 τῶν
374 906 523 942 ἀνθρώπων
545 908 643 942 ἔφησεν
663 908 677 933 ὀ
695 908 872 944 μελογράφος,

88 951 162 985 Ἐγὼ
181 949 252 978 εἷπιι
269 951 351 986 ἐνοτῇ
370 953 511 991 ἐκστάσει
532 961 608 987 μου·
637 953 698 986 Πᾶς
721 953 873 987 ἄνθρωπος

82 998 239 1031 ψεύστης,
267 998 341 1034 πόσῳ
364 998 428 1032 γοῦν
451 999 484 1034 δὴ
509 999 608 1035 μᾶλλον
628 1000 651 1025 εἰ
668 999 731 1034 περὶ
748 1000 872 1033 γυναικὸς

81 1044 246 1079 ὲκδιηγῆταί
272 1053 314 1076 τις
341 1045 488 1080 ἕκφρονος;
514 1043 580 1072 Εἶτα
605 1045 703 1079 λέγεις,
726 1046 763 1071 ὅτι
787 1045 871 1077 οὐδεὶς

81 1089 154 1123 ἔγνω
167 1089 198 1116 τὸ
216 1090 253 1125 μὴ
268 1090 308 1123 ὃν,
325 1088 367 1117 οἶα
386 1091 538 1126 μειρακίοις
549 1091 675 1126 ἄντικρυς
687 1092 796 1126 ὁμιλῶν.
806 1093 873 1118 Εἰπὲ

80 1136 182 1167 τοίνυν,
201 1135 258 1167 πῶς
282 1136 352 1170 ἔγνω
370 1137 398 1162 τὸ
413 1136 451 1166 ὃν,
469 1137 547 1171 εἴπερ
569 1137 650 1168 αὐτὸς
674 1137 722 1163 οὐκ
744 1137 872 1164 ἐθεάσατο

82 1181 296 1215 πυνθανόμενος,
310 1182 339 1208 οὐ
355 1182 400 1208 τὸν
415 1182 498 1218 ἄνδρα
513 1182 558 1208 τὸν
573 1182 672 1217 ὄρθιον,
687 1183 716 1209 οὐ
730 1182 759 1209 το
777 1183 872 1216 Ἐφοὺδ

80 1227 94 1252 ὂ
108 1229 257 1262 περιεῖχεν,
279 1229 309 1253 οὐ
331 1228 361 1254 τὸ
378 1228 566 1263 ἁρχιερατικὸν
591 1228 707 1263 ἱμάτιον,
726 1228 781 1255 ἀλλ’
797 1228 871 1254 οὐδὲν

80 1273 229 1309 οὖδαμόθεν
236 1273 305 1309 ὁρῶν
316 1274 455 1306 ὑποκένοις
462 1274 650 1309 ἀνερριπίζετο
661 1274 757 1308 λόγοις,
767 1274 871 1310 ὠσπερ-

81 1320 126 1346 οῦν
139 1321 236 1355 ἀμέλει
250 1321 297 1347 καὶ
309 1321 340 1347 σὺ
353 1321 516 1356 κουφολογίᾳ
529 1321 590 1352 τοὺς
607 1320 740 1351 ἀστάτους
753 1321 870 1347 ἀναπτεη

82 1368 153 1401 ροῖςς
168 1367 239 1393 Ἀλλ’
254 1368 268 1393 ό
283 1368 331 1402 μὲν
346 1368 549 1403 ἱστοριογράφος
563 1367 648 1402 ὄνομα
664 1367 772 1402 προθεὶς
788 1368 869 1400 ἐγγα-

81 1412 240 1447 στριμύθου,
252 1413 358 1448 πρῶτον
368 1413 484 1448 ἐδήλωσε
491 1413 520 1439 τὸ
529 1413 682 1448 πρόσωπον,
692 1413 780 1439 ὁποῖόν
787 1413 867 1444 ἐστιν,

933 181 994 200 cum
1013 174 1081 202 dicis
1093 175 1267 202 scribendum
1283 176 1367 205 fuisse
1386 188 1392 205 ;
1410 177 1443 204 Et
1457 178 1568 213 putabat
1591 178 1659 207 Saul
1683 181 1717 206 il-

934 218 988 245 lum
1011 228 1066 247 esse
1092 221 1262 254 Samuelem;
1283 230 1343 249 cum
1367 224 1496 258 scriptum
1521 225 1576 252 sit:
1593 224 1718 260 Cognovit

934 265 1021 294 Suul?
1041 266 1096 294 Sub
1115 267 1186 299 hac,
1203 269 1274 304 quod
1292 277 1307 295 a
1321 269 1443 296 daemone
1457 276 1569 299 vexatus
1583 280 1598 299 a
1615 272 1717 299 daemo-

932 312 1011 339 niaca
1029 313 1142 340 audiens
1166 316 1333 349 cognoverit,
1355 316 1454 350 ubique
1477 318 1622 352 decantas;
1642 320 1715 354 quod

932 366 995 386 vero
1011 358 1078 385 nihil
1101 360 1212 386 omnino
1227 361 1332 395 uspiam
1352 361 1461 392 viderit.
1477 363 1585 390 silentio
1604 369 1716 398 praeter—

932 404 965 435 is,
981 411 1068 438 neque
1082 405 1322 439 reprehensionem
1345 407 1425 433 ullam
1443 408 1469 434 in
1492 409 1609 436 medium
1622 410 1711 443 alters,

931 447 957 473 id
984 447 1010 474 in
1034 448 1126 475 animo
1149 449 1252 478 habens
1275 454 1303 477 ut
1321 451 1459 486 simplices
1480 452 1603 481 homines
1623 454 1710 487 fallas,

930 494 1112 528 omnibusque
1127 502 1223 522 novam
1238 496 1401 532 impiumque
1418 498 1610 526 divinationem
1629 501 1712 528 incul-

929 547 985 566 ees.
1004 539 1167 568 Dmmouiaci
1182 542 1281 576 quippe
1292 543 1411 577 cognitio
1427 544 1500 571 illius
1514 553 1573 579 quae
1589 549 1616 571 et
1631 547 1713 573 verba

931 585 980 619 ipsi
996 586 1222 614 subministrabat
1241 589 1377 622 praeconio
1401 589 1481 624 digna
1504 595 1571 618 erat.
1588 590 1665 618 Dices
1685 592 1713 618 it-

929 631 983 658 lum
1003 633 1117 659 scientia
1133 633 1250 668 quadam
1271 635 1469 670 prudentiaque
1481 636 1552 670 quod
1567 645 1621 664 non
1638 637 1712 665 vide-

928 682 970 704 rat
987 679 1160 713 cognovisse,
1179 679 1226 706 sed
1245 688 1299 707 non
1317 680 1402 708 fuisse
1422 682 1572 717 opinatum.
1590 682 1711 718 Namque

928 723 1041 757 quilibet
1062 723 1143 750 homo
1166 724 1212 758 qui
1228 725 1321 752 auditu
1346 727 1436 761 potius
1452 735 1532 762 quam
1550 728 1637 755 oculis
1654 737 1709 755 rem

928 768 1045 802 aliquam
1063 769 1209 803 acceperit,
1224 776 1286 795 cum
1307 778 1399 796 verum
1413 778 1465 798 non
1482 776 1639 807 cognoscat,
1652 774 1710 807 opi-

927 817 1007 839 natur
1023 818 1049 840 et
1071 814 1168 847 credit,
1186 818 1267 849 atque
1294 816 1439 851 praecipue,
1464 817 1486 844 si
1511 825 1525 844 a
1543 817 1709 846 dwmouiaca

926 867 1041 893 persona
1060 860 1134 886 illam
1159 860 1293 888 hauserit.
1311 862 1375 888 Sola
1397 863 1497 889 etenim
1518 863 1610 890 divina
1626 865 1708 893 verba

926 905 959 932 ad
974 906 1136 940 exquisitam
1153 907 1423 941 comprehensionem
1435 912 1462 934 et
1479 908 1538 935 tidei
1552 910 1706 937 munimen-

925 954 981 976 tum
998 950 1152 977 lirmitatem
1173 950 1283 978 habent.
1302 950 1367 978 Nam
1384 952 1405 979 si
1423 952 1456 980 de
1477 953 1632 981 hominibus
1647 962 1708 981 car-

924 997 1027 1022 minum
1057 996 1175 1031 scriptor
1197 998 1339 1032 scripsit”
1358 1007 1363 1023 :
1385 997 1440 1033 Ego
1464 998 1521 1025 dixi
1549 999 1575 1025 in
1599 1007 1708 1027 eiussu

924 1050 980 1068 meo
993 1049 1001 1067 :
1016 1041 1108 1069 Omnis
1119 1043 1195 1069 homo
1208 1043 1329 1075 mendax,
1340 1042 1372 1071 de
1384 1044 1497 1071 muliere
1507 1044 1632 1072 demente
1642 1053 1707 1073 sane

924 1089 1007 1115 multo
1023 1089 1112 1123 aptius
1131 1089 1183 1116 diei
1203 1090 1310 1124 poterit.
1332 1089 1404 1116 Dicis
1421 1093 1552 1124 praeterea
1569 1090 1705 1118 neminem

923 1141 1004 1160 nosse
1015 1134 1086 1168 quod
1100 1142 1154 1161 non
1170 1138 1226 1167 est;
1246 1135 1322 1169 quasi
1335 1142 1396 1161 cum
1413 1134 1533 1168 puerulis
1550 1142 1704 1162 sermonem

923 1189 1092 1209 consereres.
1115 1181 1163 1208 Dic
1182 1182 1264 1217 igitur
1288 1182 1424 1217 quomodo
1441 1182 1569 1217 cognovit
1590 1181 1616 1209 id
1633 1183 1706 1218 quod

921 1231 990 1258 erat,
1017 1227 1040 1254 si
1058 1227 1116 1262 ipse
1139 1227 1194 1261 jam
1216 1227 1386 1262 interrogans
1403 1235 1456 1254 non
1480 1228 1595 1260 viderat,
1618 1235 1705 1264 neque

922 1273 1058 1300 hominem
1075 1277 1209 1305 erectum,
1226 1281 1313 1308 neque
1329 1273 1423 1308 Ephod
1437 1273 1512 1308 quod
1535 1274 1703 1306 continebat,

921 1327 975 1346 non
994 1327 1162 1346 summorum
1187 1320 1359 1347 sacerdotum
1375 1323 1487 1351 vestem,
1510 1320 1558 1347 sed
1575 1320 1642 1346 nihil
1656 1328 1704 1347 us-

921 1371 1003 1399 quam
1032 1365 1206 1399 conspiciens
1238 1365 1323 1393 vanis'
1343 1365 1515 1392 sermonibus
1534 1365 1703 1400 jaclabatur,

920 1409 1150 1444 quemadmodum
1166 1413 1192 1436 et
1205 1413 1233 1436 tu
1251 1418 1305 1437 non
1322 1410 1422 1436 minori
1437 1411 1570 1438 orationis
1586 1411 1705 1437 vanitate

80 1457 210 1493 ἐμμανέςε
220 1457 361 1490 εἷθόὖτως
373 1458 487 1494 αὐτῷ
500 1458 579 1494 αὐτὸ]
588 1458 635 1494 τὴν
646 1457 776 1485 ὀπτασίαν
784 1459 870 1493 ἑωρα-

921 1463 1017 1490 partth
1044 1455 1136 1483 ﬁrmos
1166 1463 1331 1484 commoves.
1368 1455 1420 1483 Sed
1451 1457 1571 1484 historiae
1594 1457 1703 1491 quidem

79 1502 154 1529 κέναι
164 1502 320 1538 διέγραφεν,
330 1503 367 1535 ὡς
386 1504 484 1539 πρέπει
498 1505 552 1535 τοῖς
563 1501 591 1530 εὖ
606 1504 732 1539 φρονοῦσι
744 1504 806 1539 περὶ
820 1503 866 1530 τοῦ

80 1549 346 1585 παραπεπληγμένον
365 1551 432 1575 νοεῖν
443 1557 449 1563 ⁸
466 1549 551 1580 οὐδεὶς
580 1549 634 1585 γὰρ
649 1549 681 1575 ἂν
701 1549 822 1586 ὑπολάϐῃ

77 1595 216 1631 ύπολάῆοι)
227 1595 396 1630 φρενοϐλαὸἧ
409 1604 478 1626 τινα,
491 1595 526 1622 τὰ
536 1595 628 1621 δέοντα
638 1595 758 1630 θεωρεῖν.
768 1595 866 1631 Ὀμοίῳ

77 1642 103 1667 δὲ
111 1642 205 1678 τρόπῳ
216 1642 263 1668 καὶ
271 1641 315 1667 τὸν
323 1640 440 1676 ἔκφρονα
449 1640 533 1666 Σαοὺλ
541 1640 638 1676 ἔφησεν
647 1641 794 1674 ἐγνωκέναι
803 1650 867 1676 μαν-

77 1688 212 1723 τευομένῳ
291 1686 509 1722 μαντευόμενον],
537 1685 574 1717 ὡς
600 1685 672 1718 ἄξιον
686 1686 718 1712 ἂν
734 1686 777 1722 εἰή
801 1687 866 1722 περὶ

77 1734 178 1760 ἐκείνου
197 1734 304 1768 νοῆσαι,
323 1733 369 1759 τοῦ
388 1733 530 1765 τοσαύταις
545 1733 611 1759 ἐτῶν
633 1733 765 1768 περιόδοις
785 1733 864 1760 ἐλαυ-

75 1789 102 1806 νο
105 1781 187 1815 μένου
202 1780 309 1815 πικρῶς
319 1780 370 1806 ὑπὸ
380 1780 426 1806 τοῦ
435 1780 571 1815 δαίμονος.

921 1501 1048 1536 scriptor,
1067 1501 1281 1538 Engastrimythi
1299 1503 1408 1529 nomine
1432 1502 1567 1537 apposito,
1585 1503 1702 1537 primum

920 1556 1065 1583 personam
1091 1549 1180 1583 qualis
1207 1553 1289 1580 esset,
1311 1549 1391 1577 furiis
1417 1550 1541 1577 videlicet
1563 1550 1701 1585 agitatam,

921 1594 1094 1630 signiﬁcavit.
1117 1594 1247 1630 Deinceps
1269 1595 1320 1630 ipsi
1345 1601 1483 1630 spectrum
1504 1595 1576 1630 quod
1598 1596 1703 1623 viderat

919 1641 1044 1676 exposuit
1057 1649 1088 1668 ea
1101 1641 1215 1673 ratione,
1230 1649 1282 1676 qua
1299 1642 1397 1668 mentis
1409 1647 1548 1677 compotes
1559 1643 1591 1670 de
1604 1650 1702 1670 excor—

919 1687 998 1714 dibus
1014 1687 1113 1714 debent
1127 1687 1250 1722 judicare
1264 1697 1269 1714 :
1283 1695 1361 1715 nemo
1386 1688 1457 1715 enim
1475 1688 1632 1716 existimare
1651 1695 1701 1724 po-

919 1737 970 1761 test
990 1734 1107 1768 aliquem
1136 1736 1225 1760 mente
1248 1738 1356 1768 captum
1376 1733 1468 1760 videre
1488 1741 1519 1761 ea
1543 1742 1603 1769 quae
1619 1742 1702 1769 opor-

918 1783 982 1806 teat.
994 1778 1123 1805 Similiter
1137 1783 1162 1805 et
1173 1779 1323 1806 dementem
1336 1778 1455 1810 Saulem,
1470 1778 1533 1806 dum
1542 1779 1700 1806 vaticinium

74 1829 188 1859 peteret,
209 1825 315 1852 dixerat
329 1825 503 1861 cogn0visse;
529 1825 754 1859 quemadmodum
771 1825 804 1852 de
820 1833 853 1852 eo
865 1825 911 1860 qui
934 1828 974 1851 tot
993 1824 1144 1851 animorum
1162 1824 1386 1852 conversionibus
1413 1831 1427 1850 a
1443 1825 1562 1859 pessimo
1577 1825 1700 1852 dzemone

74 1874 218 1905 correptus
234 1871 395 1906 agitabatur,
416 1879 522 1906 aequum
537 1875 597 1898 erat
612 1872 774 1899 discernere.

109 1915 178 1942 Vill.
206 1915 286 1942 Ἀλλὰ
300 1916 352 1952 μὴν
365 1917 406 1943 ὅτι
418 1925 448 1951 γε
463 1917 549 1944 ταῦτα
565 1916 658 1943 τοῦτον
678 1917 734 1952 ἔχει
748 1916 793 1943 τὸν
806 1917 867 1952 τρό-

75 1971 135 1993 πον,
149 1961 219 1988 αὐτὰ
240 1961 276 1988 τὰ
299 1961 447 1997 πράγματα
464 1962 527 1997 βοὰς
541 1963 652 1998 ἀφίησιν
666 1963 862 1998 ἐναργεῖς.”ἰνα

74 2007 100 2033 δὲ
117 2007 163 2034 καὶ
179 2008 225 2041 ἀφ’
239 2008 332 2043 ἐτέρου
352 2007 386 2033 τὰ
405 2008 485 2043 ὅμοιοι
500 2010 662 2044 συστήσαιμι
676 2008 861 2044 παραδείγμα-

75 2060 127 2086 τος,
141 2053 208 2088 φέρε
230 2053 278 2090 τὴν
301 2054 347 2080 ἐπὶ
367 2054 455 2080 Ἡλίου
478 2054 524 2081 τοῦ
544 2055 682 2090 προφήτου
696 2051 860 2090 προάγωμεν

77 2100 206 2136 ίστορίαν,
221 2101 339 2136 ὁπηνίκα
353 2101 398 2127 τὸν
418 2101 533 2136 ἀριθμὸν
549 2100 639 2136 ἠξίουν
662 2101 710 2135 μὲν
733 2101 761 2127 ὲν
780 2099 859 2135 θυσίᾳ.

76 2145 122 2181 τὴν
143 2145 279 2182 ἑκατέρων
303 2145 508 2179 ἁνεξετὰζεσθαι
530 2145 616 2178 τάξιν,
630 2145 731 2181 μηδένα
753 2145 781 2171 δὲ
804 2144 859 2179 πῦρ

951 1915 1017 1943 Vlll.
1035 1915 1068 1942 Et
1085 1916 1141 1943 haec
1157 1916 1183 1942 in
1200 1923 1229 1943 se
1246 1915 1345 1943 habere
1360 1924 1405 1944 res
1418 1904 1482 1951 ipsae
1504 1917 1623 1944 clamant
1642 1918 1698 1945 cla-

915 1958 1024 1985 rissima
1041 1966 1116 1985 voce.
1132 1957 1231 1985 Verutn
1253 1962 1281 1984 ut
1298 1962 1324 1984 et
1350 1958 1402 1985 alio
1423 1959 1546 1992 exemplo
1562 1967 1617 1986 rem
1646 1960 1698 1986 mi-

915 2003 942 2030 hi
959 2003 1126 2038 propositam
1145 2003 1314 2035 conlirmem,
1335 2010 1383 2038 age
1407 2003 1469 2030 Elia:
1489 2004 1626 2038 propheta:
1654 2004 1696 2031 bi-

914 2050 1024 2076 storiam
1041 2050 1069 2076 in
1084 2048 1202 2076 medium
1231 2048 1375 2076 ali'eramus
1388 2046 1420 2081 ⁸⁵,
1437 2057 1499 2076 cum
1524 2050 1622 2077 vellent
1646 2059 1699 2078 nu-

914 2102 989 2121 mero
1011 2094 1038 2121 in
1066 2093 1201 2121 sacriﬁcio
1228 2095 1313 2129 partis
1341 2094 1486 2130 utriusque
1510 2097 1696 2130 prastantiam

912 2140 1074 2175 dijudieare,
1094 2140 1254 2175 nullumque
1266 2141 1368 2168 audere
1388 2141 1476 2177 ignem
1496 2142 1619 2177 injicere,
1646 2143 1694 2170 sed

76 2191 196 2225 ἐπάγειν,
215 2191 272 2218 ἀλλ’
288 2192 379 2227 εὐχαῖς
395 2191 544 2226 ἐπάγεσθαι
558 2191 644 2227 πυρὸς
659 2190 801 2226 ἐπιφορὰν,
817 2191 859 2217 ἵνα
875 2194 880 2220 J

921 2186 1041 2214 )recibus
1070 2186 1146 2212 illum
1162 2185 1189 2212 in
1215 2186 1285 2213 emlo
1307 2191 1468 2221 conceptum
1497 2187 1642 2222 subjicere,
1666 2192 1694 2214 ut

75 2236 108 2263 ὲκ
118 2237 165 2263 τοῦ
181 2237 457 2273 κατακομπαζομένου
478 2237 613 2274 μετεώρου
628 2237 772 2273 οὐρανόθεν
786 2236 860 2272 ἔκδη-

75 2282 120 2314 λος
136 2283 184 2318 μὲν
200 2284 233 2310 ἃν
249 2284 291 2318 εἴη
309 2285 390 2310 πᾶσιν
409 2282 557 2310 ἐπακοῦσαι
574 2283 720 2318 δυνάμενος
737 2283 765 2309 ὲν
781 2281 860 2316 φλογὶ⁸

75 2329 130 2365 πῦρ
153 2329 326 2356 ἀποστέλλειν
350 2330 425 2362 Θεὸς,
439 2331 471 2356 ἐκ
493 2329 520 2355 δὲ
541 2329 635 2355 τούτου
652 2327 860 2363 διαγινώσκηται

75 2375 115 2408 τίς
129 2376 146 2410 ἡ
163 2375 209 2402 τοῦ
225 2375 375 2411 κρείττονος
398 2375 515 2408 ἐξουσία,
530 2375 576 2401 καὶ
602 2375 667 2401 πᾶσι
691 2374 805 2409 φανερὸν
827 2373 860 2400 ἂν

75 2421 115 2456 ειη
131 2429 163 2454 γε
178 2420 209 2446 τὸ
223 2421 394 2456 ἇμεινον.Ὠς
413 2420 458 2448 οὖν
478 2421 607 2447 ἐπέταττε
630 2420 747 2456 πρώτοις
768 2421 858 2446 ἐπιτε-

75 2465 128 2492 λεῖν
150 2466 274 2497 ἐκείνοις,
290 2467 315 2492 ot
339 2467 387 2502 μὲν
407 2466 593 2502 ἐπιλεξάμενοι
615 2466 710 2501 βοΐδιον
733 2466 857 2501 ἐμέλιζον

75 2511 213 2543 εἰωθότως,
225 2512 434 2548 ἐπικαλούμενοι
447 2513 475 2538 δὲ
489 2512 520 2548 δὴ
534 2512 564 2538 τὸ
575 2512 759 2548 τετράμορφον
770 2513 857 2547 ἐμμε-

74 2556 175 2592 λέτημα
187 2557 235 2584 τοῦ
252 2557 416 2593 καλουμένου
431 2558 512 2588 Βάαλ,
531 2558 605 2584 οὐδὲν
619 2555 699 2594 ἦττον
710 2557 853 2593 ἔπραττον,

73 2602 144 2630 οὐδὲν
156 2603 296 2637 οὐδαμῶς·
312 2603 379 2630 ἀλλὰ
395 2612 426 2637 γε
441 2603 490 2629 καὶ
506 2603 717 2637 κατετέμνοντο
735 2603 808 2630 κατὰ
822 2603 854 2629 τὸ

74 2647 136 2681 ἔθος
151 2647 251 2675 αὐτῶν
260 2649 428 2683 μαχαίραις,
438 2651 499 2684 ἔφη,
515 2649 564 2675 καὶ
579 2648 787 2683 οτειρομάσταις
798 2649 853 2682 ἕως

72 2693 219 2728 ἐκκύσεως
235 2694 353 2728 αἵματος
365 2703 371 2710 ·
387 2693 446 2721 εἶτα
461 2695 506 2721 ἐπὶ
519 2695 622 2726 τούτοις
637 2696 652 2730 ἠ
670 2695 853 2730 διηγηματικὴ

73 2740 115 2766 τοῦ
137 2740 318 2776 συγγραφέως
339 2741 462 2776 ἐπιφέρει
484 2740 531 2776 βοή
544 2750 550 2755 ·
574 2740 630 2767 Καὶ
650 2741 852 2775 προεφήτευσε·

121 2799 143 2814 ¹⁸
155 2797 232 2826 Ptol.
251 2806 312 2828 ειν.
327 2799 369 2826 il.

911 2231 972 2258 inde
984 2230 1103 2258 demisso
1114 2230 1221 2258 coalitus
1237 2231 1324 2265 signo,
1337 2239 1392 2265 quo
1405 2231 1497 2258 liceret
1508 2232 1629 2267 gloriari,
1646 2240 1694 2267 pa--

911 2280 978 2303 teret
994 2276 1120 2303 omnibus
1133 2276 1214 2309 Deus,
1229 2277 1274 2311 qui
1290 2280 1383 2310 posset
1393 2281 1420 2304 et
1432 2278 1560 2305 exaudire
1576 2283 1602 2306 et
1617 2278 1693 2314 ignes

909 2323 1055 2350 suseitatos
1072 2323 1217 2357 depellere,
1232 2331 1264 2350 ex
1281 2331 1335 2358 quo
1349 2324 1464 2358 potioris
1488 2325 1606 2360 dignitas
1635 2326 1693 2352 elu-

909 2374 1038 2401 cascerct,
1059 2373 1085 2396 et
1109 2369 1180 2404 quod
1206 2370 1302 2397 melius
1318 2375 1376 2397 erat
1396 2376 1548 2405 appareret.
1561 2371 1611 2400 Ubi
1628 2380 1692 2399 vero

911 2416 1027 2450 primum
1043 2416 1096 2443 illis
1111 2420 1140 2442 ut
1154 2423 1223 2451 opus
1239 2416 1400 2451 perlicerent
1425 2417 1577 2452 imperavit,
1597 2419 1635 2445 illi
1647 2426 1691 2446 se-

910 2463 1008 2489 lectam
1023 2462 1148 2489 buculam
1166 2470 1240 2489 more
1261 2470 1311 2490 Suo
1328 2463 1520 2497 discerpebant
1546 2464 1573 2490 in
1587 2470 1688 2498 partes.

907 2512 934 2536 et
959 2509 1086 2535 invocato
1114 2516 1168 2535 non
1196 2508 1369 2543 indiligenter
1395 2509 1579 2544 quadril‘orme
1599 2510 1690 2538 Baalis

907 2555 1029 2588 numine,
1057 2555 1123 2582 nihil
1144 2555 1234 2583 minus
1258 2556 1452 2590 operabantur,
1476 2555 1544 2582 nihil
1566 2547 1705 2590 omuino.§

1260 2579 1317 2590 Ὗ-.

906 2601 988 2628 Addit
1003 2601 1023 2616 "’
1037 2610 1044 2628 :
1057 2602 1090 2627 Et
1103 2600 1250 2627 incidebant
1260 2609 1286 2627 se
1296 2609 1328 2628 ex
1342 2609 1413 2627 more
1427 2601 1521 2635 gladiis
1532 2605 1556 2628 et
1574 2579 1704 2637 ἠγωνία-ἐ

905 2647 989 2674 uibus
1005 2646 1039 2672 ad
1061 2647 1211 2680 e/fusianem
1226 2655 1305 2681 usque
1316 2647 1461 2681 sanguinis.
1478 2645 1574 2673 Subdit
1590 2647 1631 2674 his
1643 2639 1698 2691 τευ-ξ

906 2697 965 2720 ctor
980 2693 1052 2720 illius
1067 2692 1231 2719 narrationis
1247 2693 1268 2708 “‘
1286 2702 1291 2719 :
1310 2692 1343 2718 Et
1353 2691 1541 2727 prop/uetabant
1555 2701 1688 2729 quousque

905 2739 1031 2774 prwleriit
1048 2747 1163 2773 vespera.
1175 2739 1243 2767 Cum
1259 2739 1348 2774 itaque
1361 2738 1502 2774 Scriptura
1529 2747 1583 2767 non
1595 2743 1687 2776 ‘expo-

409 2800 430 2815 ¹⁶
445 2799 492 2826 Ill
508 2799 570 2830 Rea.
586 2808 663 2834 xvm,
680 2799 761 2826 19—26
792 2800 812 2815 "
828 2800 890 2827 ibid.
908 2801 952 2830 28.
986 2803 1005 2818 ’⁸
1019 2803 1072 2832 ibid
1084 2804 1129 2833 29.
