1911 3073
67 110 122 139 69.9

509 111 553 138 DE
568 109 859 139 ENGASTBIMYTHO
877 111 1016 140 CONTRA
1036 109 1221 139 ORIGENEM.

1626 107 1678 136 650

70 169 186 204 πληγαῖς
207 169 247 200 εἰς
271 169 383 205 αἵματος
405 169 476 196 ῑδέαν
499 169 640 205 ἀμείϐουσι
662 170 725 202 τοὺς
743 170 851 206 ὀχετοὺς

908 173 1010 199 vertunt
1031 177 1062 198 ea
1082 176 1145 196 cura
1162 172 1189 196 et
1212 168 1301 195 studio
1329 173 1358 195 ut
1387 166 1567 195 calamitatem
1595 167 1679 194 adau-

69 215 211 248 ὡσαύτως,
222 215 314 249 αὔξειν
324 215 532 252 ὲπιτεχνώμενοι
545 216 573 243 τὸ
585 216 678 248 πάθος,
692 217 770 243 ἕνεκα
783 217 853 249 τίνος

69 261 175 294 ἀξιοῦσι
184 262 231 289 καὶ
245 262 358 296 δέονται,
369 263 520 298 πιεζόμενοι
530 265 561 299 τῇ
573 263 646 300 δίψῃ,
657 263 854 300 καθαρισθῆναι

70 307 106 333 τὰ
114 307 184 334 κατὰ
195 308 284 334 πᾶσαν
292 307 427 342 Αἴγυπτον
435 308 517 335 ὕδατα
525 309 573 343 τῆς
582 309 730 345 αἱμοφόρου
740 310 837 345 μίξεως
845 319 852 343 ;

71 353 104 379 Εἰ
129 353 161 388 (f.
175 354 211 386 oi;
232 351 263 380 αὖ
286 353 366 380 πάλιν
380 353 588 389 ἀπειροπληθεὶς
601 354 677 388 ἄφνω
694 354 854 389 θεασάμενοι

72 398 235 434 βατράχους,
251 399 277 425 τί
293 399 392 434 δήποτε
406 399 614 435 παραιτούμενοι
627 399 689 430 τοὺς
701 399 794 434 ὖχλους
807 401 855 427 αὐ-

72 444 139 477 τῶν,
157 442 236 476 αὖθις
257 445 385 471 ἔπλαττον
397 445 500 477 ἄλλους,
519 446 542 471 ει
557 444 593 482 μὴ
616 445 669 472 τῶν
685 445 733 480 μὲν
751 446 779 473 ὲν
792 447 855 482 σκιᾷ

73 490 120 517 καὶ
146 492 297 525 φαντασίας
322 492 384 518 εῖδει
411 491 577 527 φαινομένων
589 493 638 519 οὐκ
654 493 853 529 ὲπεφρόντιζον,

73 536 125 562 ὑπὸ
139 536 168 563 δὲ
183 537 237 563 τῶν
255 537 341 564 ἄλλων
355 537 426 573 ἔργῳ
437 537 616 573 δεικνυμένων
629 538 794 575 ἐλυμήναντο
807 540 856 566 δει-

72 582 126 614 νῶς
138 591 145 615 ;
158 583 253 615 Οὐδεὶς
267 583 321 618 γὰρ
335 583 367 609 ἃν
373 583 457 610 ἕλοιτο
466 583 504 619 τῷ
519 584 638 620 πολεμίῳ
653 585 747 621 πλήθει
763 585 855 622 ἕτερον

73 629 246 664 προστιθέναι
259 629 358 665 πλῆθος
367 630 557 666 ἀναρίθμητον,
573 631 632 657 ἀντὶ
641 631 688 658 τοῦ
702 632 856 664 νεολέκτους

73 675 262 710 στρατολογεῖν
274 676 313 707 εἰς
329 676 483 711 συμμαχίαν
499 676 670 712 δορυφόρους
681 677 739 704 οὐδὲ
751 679 855 713 ἐπεγεῖ-

75 729 119 755 ραι
135 720 245 756 πυρετῷ
259 720 383 756 πυρετὺν,
393 721 579 757 ἀπαλλαγῆναι
593 721 637 748 τοῦ
647 720 753 757 πρώτου
765 723 854 758 γλιχό-

74 774 166 801 μενος,
184 766 244 792 otes
257 766 367 801 πληγῶν
380 767 521 802 ἀφορήτων
535 766 579 803 βίᾳ
593 767 797 803 μαστιζόμενος,
811 768 858 797 ἅλ-

72 809 121 841 λας
137 811 227 846 ἐαυτῷ
246 811 440 848 προσεπιφέρει
465 811 581 847 πληγὰς,
606 812 732 848 ἀνεθῆναι
754 813 856 840 τούτων

904 219 994 252 geant,
1023 221 1138 250 quanam
1162 214 1195 242 de
1223 220 1304 240 causa
1333 213 1470 248 supplices
1497 215 1612 240 exorant
1633 211 1678 239 siti

904 261 991 298 pressi
1019 268 1066 296 per
1101 260 1256 287 universam
1283 258 1427 294 Egyptum
1457 257 1678 294 sanguinolentas

904 314 988 342 aquas
1004 305 1165 344 expurgari?
1179 304 1227 332 Vel
1251 311 1358 331 rursum
1386 304 1498 332 infinitis
1519 311 1552 331 ex
1577 303 1678 338 impio--

903 354 962 381 viso
981 352 1056 380 ranis
1077 351 1241 386 conspectis,
1261 349 1368 385 utquid,
1383 357 1444 377 cum
1461 349 1569 377 illarum
1587 349 1679 376 multi-

905 399 998 427 tudine
1010 398 1227 429 molestarentur,
1252 396 1320 424 alias
1343 395 1521 430 effingebant;
1539 395 1592 422 nisi
1605 394 1679 430 quod

903 445 937 473 de
954 445 1007 472 illis
1022 452 1082 480 quae
1094 444 1121 471 in
1136 443 1231 470 umbra
1249 447 1276 470 et
1297 441 1396 476 speetri
1412 445 1515 468 tantum
1532 440 1617 468 forma
1631 448 1680 475 ap-

904 490 1034 526 parebant
1046 497 1100 517 non
1111 489 1254 520 curabant,
1269 495 1362 515 verum
1382 487 1418 514 ab
1436 487 1497 514 aliis
1508 493 1568 521 quae
1578 493 1608 514 re
1620 485 1679 521 ipsa

904 542 981 566 erant
998 541 1026 565 et
1042 536 1213 567 videbantur,
1227 536 1325 562 mirum
1342 535 1368 562 in
1384 533 1493 561 modum
1511 532 1567 561 laesi
1582 532 1679 567 perde—

905 582 1020 611 bautur?
1033 581 1117 609 Nemo
1131 581 1203 608 enim
1223 579 1388 608 multitudini
1413 579 1531 607 hostium
1555 578 1679 605 multitu-

905 628 995 656 dinem
1016 627 1096 654 alialn
1119 626 1290 654 inimicorum
1318 625 1487 652 innumeram
1510 623 1595 656 addit,
1618 630 1678 650 cum

905 681 989 701 novos
1002 673 1142 700 ministros
1152 680 1183 700 ac
1194 672 1323 700 satellites
1339 671 1373 699 ad
1391 671 1433 698 sui
1449 670 1558 697 tutelam
1571 669 1680 697 deberet

905 721 1073 753 conducere;
1103 727 1191 755 neque
1217 718 1312 746 febrim
1346 725 1398 753 qua
1425 715 1534 744 liberari
1555 719 1615 742 avet
1640 714 1680 742 fe-

904 766 947 794 bri
975 767 1093 793 excitare
1122 764 1238 799 majori;
1257 771 1345 799 neque
1364 763 1410 798 qui
1425 762 1512 798 plagis
1534 761 1681 788 intoleran-

905 810 947 839 dis
963 811 989 838 vi
1004 811 1116 846 petitur,
1139 810 1190 837 alia
1207 809 1315 837 sibimet
1332 808 1383 844 ipsi
1405 807 1511 841 infligit,
1527 806 1591 833 dum
1613 812 1682 841 puro

72 856 165 891 ἐφέσει
178 857 286 893 καθαρᾷ
296 858 342 884 καὶ
353 858 484 894 πρεσὸείᾳ
496 858 542 885 καὶ
550 858 639 894 δεήσει
651 858 851 894 προσλιπαρῶν·

908 856 994 884 cordis
1008 855 1105 883 affectu
1118 860 1145 884 et
1163 855 1288 890 precibus
1305 857 1332 882 et
1352 854 1474 881 oratione
1499 856 1558 880 orat
1571 856 1601 880 ut
1615 852 1682 880 libe-

71 902 129 928 ἀλλ’
143 902 203 928 οὐδὲ
219 903 272 929 τῶν
297 903 364 930 οἴκοι
378 904 586 940 πιμπραμένων,
603 905 662 931 ἀντὶ
678 905 724 931 τοῦ
745 905 856 941 σΰεστή-

74 956 119 983 ρτα
130 947 329 983 καταψεκάζειν
340 949 452 985 ὄργανα,
465 950 616 977 τούναντίον
631 950 719 977 ἔλαιον
731 951 748 986 ἢ
761 950 855 977 πίτταν

72 994 201 1029 ἐπιχέων,
228 995 267 1026 είς
290 995 406 1031 ἄμετρον
423 995 472 1030 μὲν
495 995 560 1031 ὕψος
580 996 679 1032 ἐγείρει
694 996 743 1032 τὴν
760 996 855 1031 φλόγα,

73 1040 227 1076 φλεγομένη
245 1041 273 1067 δὲ
289 1041 378 1076 μεῖζον
397 1042 428 1068 τὺ
440 1042 523 1073 πάθος
542 1042 628 1075 αὔξει,
644 1045 691 1070 καὶ
709 1043 764 1077 πῦρ
781 1043 856 1080 ἄρδει

72 1085 143 1112 κατὰ
159 1085 246 1121 πυρὸς
257 1086 451 1122 ἀπειροκάλως.
466 1087 558 1120 Οὕτως
569 1087 631 1124 ἄρα,
644 1089 676 1115 δι’
691 1086 728 1116 ὧν
741 1089 856 1123 ἐφιλοτι-

78 1130 177 1166 μοῦντο
193 1132 321 1167 πράττειν
337 1133 361 1159 οἱ
377 1134 525 1168 φαρμακοὶ,
543 1134 586 1160 διὰ
610 1134 711 1162 τούτων
734 1136 855 1170 ἐναργεῖς

75 1176 202 1213 ἐξέφερον
218 1177 352 1213 ἐλέγχους,
367 1179 404 1211 ὡς
417 1180 571 1216 οἰησικοπίᾳ
584 1180 759 1215 φαντασιώδει
770 1181 856 1216 ψυχα-

74 1225 173 1257 γωγεῖν
191 1223 274 1259 ᾤοντο
286 1225 341 1251 δεῖν
355 1225 556 1257 ἑαυτούς.“Εο-τι
570 1227 634 1260 γοῦν
644 1227 754 1254 αὐτόθεν
768 1227 797 1253 οὐ
812 1235 858 1262 χα-

74 1267 163 1298 λεπῶς
180 1268 254 1300 ίδεῖν,
272 1269 312 1295 ὅτι
333 1268 380 1295 καὶ
392 1270 450 1296 νυνὶ
463 1270 551 1305 πολλῷ
565 1271 674 1298 πλείονα
687 1272 733 1298 καὶ
748 1271 857 1307 μείζονα

20 1317 38 1333 ν’
73 1312 175 1339 τούτων
191 1315 221 1339 ἐν
237 1315 292 1345 τοῖς
307 1314 429 1350 θεάτροις
441 1316 464 1342 οἱ
479 1315 665 1351 ψηφοπαῖκται
682 1317 780 1353 δρῶσιν
801 1319 859 1345 εἰω-

75 1357 158 1391 θότως
169 1368 176 1374 ·
192 1359 250 1386 ἀλλ’
267 1360 341 1395 ὅμως
363 1361 525 1396 αὐτοσχεδίῳ
544 1363 657 1397 δυνάμει
673 1363 773 1390 τούτων
786 1363 858 1391 ἀντι-

74 1413 140 1440 κρυς
156 1406 341 1441 ἁλισκομένων
353 1407 452 1433 ἑάλων·
467 1407 541 1434 οὐδὲν
551 1405 630 1444 ἦττον
644 1409 660 1443 ὴ
674 1409 856 1445 διηγηματικὴ

75 1451 230 1487 προγράφει
251 1453 342 1488 φωνή·
366 1452 419 1479 Kal
440 1453 588 1486 ἐποίησαν
605 1455 631 1480 οὶ
651 1454 782 1481 ἐπαοιδοὶ
800 1453 858 1481 τῶν

74 1497 243 1531 Αίγυπτίων
266 1498 330 1530 ταῖς
359 1500 551 1533 φαρμακείαις
578 1500 677 1528 αὐτῶν
706 1501 855 1533 ὡσαύτως.

76 1542 147 1568 Ἔδει
164 1543 264 1574 τοίνυν,
277 1544 315 1575 ὡς
333 1544 347 1569 ὁ
359 1544 537 1580 δογματιστὴς
551 1545 741 1581 ἐνομοθέτησεν
758 1546 858 1582 Ὤριγέ-
870 1537 891 1565 c

75 1597 131 1623 νης,
147 1589 237 1616 εἰπεῖν
247 1598 253 1604 ·
280 1590 439 1624 Ἐποίησαν
451 1591 485 1617 δὲ
501 1591 536 1618 τὰ
547 1592 743 1626 παραπλήσια
760 1593 800 1626 τῷ
812 1593 857 1620 δο-

73 1634 138 1661 νεῖν
151 1637 178 1662 ol
192 1635 324 1663 ἐπαοιδώ
341 1636 398 1663 τῶν
417 1638 583 1672 Αἰγυπτίων
596 1647 603 1653 ·
621 1639 688 1666 ἀλλὰ
704 1640 740 1674 μὴ
757 1639 855 1674 λέγειν,

73 1680 224 1713 ὡσαύτως,
239 1681 282 1708 ἵνα
307 1682 342 1717 μή
365 1691 438 1715 τινες
454 1683 611 1710 ὑπολάϐοιεν
625 1684 658 1712 ἃν
671 1685 708 1717 ὡς
720 1685 748 1718 ἐξ
762 1685 858 1720 ὁμοίας

74 1725 192 1760 ὁρμᾶται
213 1725 367 1761 δυνάμεως
383 1729 407 1754 εἰ
422 1728 475 1764 γὰρ
494 1728 573 1764 ὅμοια
592 1730 648 1761 τοῖς
662 1730 734 1764 ἀμφὶ
757 1730 857 1756 Μωσέα

74 1771 204 1805 πράττειν
215 1769 303 1798 οἷοίτε
317 1770 395 1808 ἦσαν,
408 1773 504 1800 οὐκοῦν
517 1774 645 1807 ὡσαύτως
656 1775 785 1810 ⁴ὴδύναντο
795 1775 857 1808 τοὺς

75 1816 212 1847 ἐναντίους
231 1817 384 1851 ἀμύνασθαι
404 1820 458 1850 τοῖς
480 1819 554 1852 ἴσοις,
571 1819 641 1846 ὥστε
664 1820 727 1851 τοὺς
750 1820 858 1854 ἀγῶνας

75 1862 243 1898 ἑκατέρωθεν
256 1863 387 1898 ὑπάρχειν
403 1864 563 1897 ἀντιπάλους
572 1874 578 1880 ·
598 1867 622 1892 εἰ
636 1866 658 1892 δ’
668 1866 761 1893 οὐδένα
776 1867 808 1894 δι’
821 1864 857 1894 ὧν

75 1909 258 1944 ὲσχημάτιζον
273 1909 413 1942 ἔϐλαπτον,
426 1911 610 1947 ἀποκέχρηται
628 1912 675 1948 μὲν
691 1913 744 1948 ἆρα
758 1913 796 1949 τῷ
809 1914 859 1949 ρή-

77 1963 151 1989 ματι,
167 1955 288 1990 πρόδηλα
302 1955 330 1981 δὲ
341 1955 374 1982 τὰ
393 1957 442 1992 τῆς
454 1957 556 1992 ἀψύχου
573 1958 719 1991 φαντασίας
735 1958 859 1986 ἐκτυπώ-

76 2009 161 2036 ματα.
179 1998 230 2028 Οἷα
240 2001 272 2037 δὴ
283 2002 418 2028 κάνταῦθα
431 2003 460 2029 τὸ
473 2003 527 2029 τῶν
542 2003 687 2031 ἐπαοιδῶν
696 2005 780 2040 ὄνομα
791 2014 859 2040 προ-

75 2046 159 2078 τάξας
177 2047 192 2072 ὁ
208 2048 391 2082 συγγραφεὺς,
409 2050 455 2075 καὶ
471 2048 504 2075 τὰ
517 2049 565 2084 τῆς
579 2050 750 2085 φαρμακείας
765 2052 860 2086 ἐπιτη-

74 2091 207 2127 δεύματα,
227 2092 352 2125 διέδειξεν
372 2093 410 2125 ὼς
432 2094 461 2120 οὐ
478 2095 564 2130 χρεὼν
580 2096 613 2123 ἂν
626 2097 668 2132 εἴη
683 2097 714 2124 τὸ
731 2097 863 2132 παράπαν

75 2139 267 2174 ἀμφισϐητεῖν,
281 2140 322 2166 ὅτι
343 2142 400 2172 τοῖς
424 2141 520 2176 μάγοις
533 2142 635 2169 ἕκαστα
651 2145 808 2180 περιεργείςι
819 2144 860 2171 δι-

76 2185 225 2235 επράττετο
244 2183 279 2235 τὰ
293 2184 514 2235 γοὼδη·,τοιαῦτα
534 2187 581 2213 καὶ
595 2187 628 2214 τὰ
643 2188 721 2223 τῆσδε
731 2188 779 2223 τῆς
793 2190 860 2216 ἱποε
871 2205 898 2235 D

78 2230 138 2264 ρίας
151 2229 338 2265 ἀπογράφεται
357 2229 497 2264 δράματα·
511 2231 593 2266 αὐτὴν
606 2232 659 2268 γὰρ
674 2234 772 2267 ἐγγαστ
778 2233 857 2269 ρίμυ-

75 2277 121 2304 θην
135 2277 282 2312 ὀνομάσας,
297 2276 354 2304 εἶτα
367 2279 412 2305 καὶ
425 2279 555 2315 μαντικῆς
566 2279 706 2315 εὑρήματα
716 2279 858 2316 διελέγχων

75 2323 173 2358 ἀσεὸἧ,
185 2323 407 2359 δαιμονιζομένου
425 2333 455 2351 τε
468 2325 498 2351 τὸ
513 2325 656 2360 πρόσωπον
669 2325 809 2358 ἀποδείξας
823 2324 860 2353 εῖ-

74 2376 119 2395 ναι
139 2367 171 2394 τὸ
193 2368 401 2403 μαντευόμενον,
419 2368 568 2402 αὐτοτελῶς
585 2369 722 2405 ἐξέφηνεν,
739 2370 779 2397 ὅτι
793 2379 859 2407 φαν-

75 2414 264 2446 τασιοκοπίαις
283 2414 385 2442 ἕκαστα
409 2414 597 2452 διαπράττοιτο
618 2416 763 2452 κιϐδήλοις.
780 2417 858 2445 Ἀλλὰ

74 2460 162 2488 ταῦτα
179 2460 229 2496 μὲν
243 2462 308 2496 ἡμῖν
321 2460 391 2488 οὕτω
401 2462 521 2498 νοητὲον.

111 2506 147 2534 X.
159 2507 260 2542 Ἴωμεν
272 2507 301 2533 δὲ
317 2508 396 2535 πάλιν
409 2507 587 2541 ἑξελίττοντες
603 2508 648 2535 ἐπὶ
663 2509 698 2536 τὰ
710 2509 763 2536 τῶν
772 2509 859 2544 λόγων

76 2554 147 2588 ῐχνη.
165 2553 198 2580 Τί
213 2552 260 2581 οὖν
270 2573 278 2587 ,
292 2553 329 2585 ὡς
345 2554 425 2589 ἤρετο
441 2553 489 2590 τὴν
505 2554 719 2591 ὲγγαοτρίμυθον
734 2555 749 2582 ὁ
761 2554 858 2589 Σαοὺλ,

79 2599 110 2626 Τί
123 2598 271 2633 ἑώρακας
288 2599 386 2632 εἰπών;
405 2600 448 2627 Ἐν
462 2599 580 2635 πρώτοις
593 2601 610 2636 ἡ
632 2599 778 2636 παραπλὴξ
797 2600 860 2627 ἀνθ’

77 2645 254 2679 υπενέγκασα
268 2645 317 2681 βοᾷ
326 2654 332 2660 ·
346 2645 401 2672 Καὶ
423 2646 510 2678 θεοὺς
521 2645 634 2680 ἑώρακα
645 2646 861 2679 ἀναϐαίνοντας

75 2691 109 2717 ἐκ
133 2690 190 2725 τῆς
212 2689 285 2726 γῆς·
311 2691 404 2727 ἐπειδὴ
432 2691 499 2727 γὰρμ
516 2691 640 2718 ὲὸούλετο
666 2691 860 2727 ἐκτραχηλίσαι

77 2737 214 2768 παντοίως
232 2736 277 2764 τὸν
297 2736 380 2771 ἄνδρα
401 2737 577 2775 συναρπάσας
600 2738 614 2764 ὀ
634 2737 765 2771 διάϐολος,
787 2738 861 2764 ἐπει-

112 2828 134 2844 ¹³
154 2826 171 2854 Ι
200 2826 262 2863 Reg.
279 2830 380 2860 XXVIII,
405 2827 447 2854 l5.

905 907 989 930 retur.
1009 902 1054 930 Sic
1067 902 1148 929 etiam
1165 902 1206 929 his
1217 901 1262 936 qui
1278 900 1350 928 domi
1371 902 1532 933 exuruntur,
1554 906 1603 934 pro
1625 906 1683 926 ma-

906 949 995 976 chinis
1011 948 1044 975 ad
1059 948 1147 983 ignem
1158 946 1386 983 exstinguendum
1405 945 1574 981 adaptandis.
1593 945 1682 973 oleum

905 998 932 1021 et
944 993 1030 1029 picem
1048 994 1071 1020 si
1084 993 1145 1028 quis
1162 991 1377 1027 superinfundet.
1391 990 1419 1018 in
1432 991 1592 1018 immensum
1606 989 1684 1017 llam-

905 1047 964 1067 mas
985 1039 1124 1072 excitabit,
1141 1045 1200 1074 qua:
1227 1038 1273 1065 ubi
1294 1037 1442 1069 invaluere,
1470 1036 1577 1064 malum
1593 1035 1682 1070 majus

906 1084 1038 1117 exoritur,
1051 1084 1174 1119 ignisque
1191 1084 1280 1119 inepte
1299 1087 1393 1111 contra
1408 1083 1497 1118 ignem
1514 1081 1684 1110 accenditur.

908 1129 953 1156 Sic
970 1129 1051 1165 igitur
1070 1130 1140 1165 magi
1159 1137 1206 1164 per
1230 1136 1262 1157 ea
1283 1136 1343 1164 qua:
1369 1127 1512 1155 ambitiose
1531 1126 1683 1158 tentabant,

907 1176 1049 1204 manifeste
1065 1175 1346 1210 deprehendebantur,
1375 1177 1480 1201 tantum
1509 1172 1592 1200 animi
1615 1180 1682 1200 con-

907 1227 984 1257 ceptu
1001 1227 1082 1256 atque
1094 1221 1231 1256 opinione,
1247 1226 1277 1248 ut
1299 1221 1350 1248 sibi
1366 1220 1538 1252 videbantur,
1563 1218 1683 1246 animum

908 1269 1068 1296 oblectasse.
1086 1267 1204 1302 Indeque
1217 1267 1252 1294 ad
1264 1267 1323 1294 haec
1338 1270 1458 1302 tempora
1474 1264 1557 1301 (quod
1575 1271 1630 1292 non
1641 1266 1686 1292 est

907 1314 1016 1342 difficile
1030 1312 1161 1350 cogitatu)
1180 1313 1234 1341 illis
1249 1313 1334 1340 multo
1355 1312 1458 1347 majora
1483 1311 1633 1346 maiorique
1654 1310 1683 1337 in

907 1359 985 1394 copia
1002 1359 1029 1385 in
1052 1358 1165 1386 theatris
1189 1357 1332 1386 saccularii
1357 1357 1391 1385 de
1414 1364 1489 1385 more
1511 1356 1617 1384 ludunt.
1632 1355 1685 1388 Qui

908 1409 998 1432 tamen
1012 1404 1142 1432 facultate
1163 1412 1178 1432 e
1193 1411 1223 1432 re
1242 1407 1305 1430 nata
1318 1405 1380 1431 vani
1405 1403 1530 1439 irritique
1546 1403 1626 1438 plane
1637 1402 1684 1430 de-

908 1450 1034 1486 prehensi
1049 1450 1223 1482 ceciderunt;
1237 1453 1264 1477 et
1275 1449 1451 1476 nihilominus
1464 1447 1604 1483 Scriptura
1621 1455 1686 1475 nar-

908 1501 950 1525 rat
966 1507 972 1525 :
986 1497 1020 1523 Et
1045 1496 1162 1531 fecerunt
1187 1495 1372 1530 Egyptiorum
1392 1495 1570 1522 incantatam;
1584 1503 1630 1529 per
1645 1494 1687 1521 in-

908 1543 1070 1570 cantationes
1082 1549 1173 1568 eorum
1194 1541 1326 1568 similiter.
1340 1541 1486 1568 Dicendum
1511 1541 1601 1576 itaque
1616 1544 1686 1573 erat,

908 1593 937 1615 ut
954 1588 1109 1623 dogmatum
1126 1587 1196 1614 lator
1219 1586 1349 1622 Origenes
1377 1587 1455 1623 quasi
1475 1588 1533 1622 lege
1561 1586 1686 1618 sancivit.

908 1634 1037 1661 Fecerunt
1069 1638 1159 1660 autem
1180 1633 1279 1659 similia
1311 1632 1474 1668 apparitione
1508 1632 1688 1658 incantatoru

907 1680 1105 1715 Egyptiorum,
1124 1683 1152 1706 et
1165 1685 1221 1706 non
1245 1678 1384 1710 similiter;
1399 1686 1433 1705 ne
1447 1678 1509 1712 quis
1533 1677 1688 1712 suspicare.

907 1730 952 1753 tur
965 1733 997 1752 ex
1011 1725 1105 1752 eadem
1133 1727 1266 1759 potestate
1292 1723 1415 1759 produci.
1446 1722 1513 1749 Nam
1539 1722 1561 1750 si
1589 1723 1688 1750 similia

907 1769 1037 1799 Mosaicis
1054 1771 1108 1798 illis
1134 1769 1295 1798 conﬁciendi
1319 1769 1434 1796 facultas
1457 1768 1564 1802 fuisset,
1591 1768 1689 1796 fuisset

907 1817 1001 1852 utique
1027 1816 1120 1844 eadem
1147 1817 1253 1843 ratione
1279 1815 1372 1842 hostes
1406 1814 1573 1845 ulciscendi,
1594 1814 1630 1840 ita
1659 1818 1689 1840 ut

908 1862 1036 1897 utrinque
1048 1869 1125 1897 aequo
1146 1861 1230 1889 Marte
1245 1860 1403 1889 certandum
1418 1859 1497 1887 foret.
1511 1858 1539 1885 Si
1552 1866 1616 1886 vero
1632 1859 1690 1885 nul-

913 1907 954 1936 lus
966 1916 1014 1943 per
1030 1915 1090 1943 quae
1100 1907 1281 1936 elformabanl
1293 1905 1451 1939 laedebatur,
1476 1904 1597 1932 abutitur
1619 1911 1686 1938 ergo

909 1961 1044 1987 sermone,
1064 1953 1270 1988 manifestaque
1286 1952 1354 1980 ﬁunt
1379 1951 1533 1979 inanimatae
1557 1950 1689 1986 imagina-

909 2000 991 2028 tionis
1015 2000 1131 2036 species.
1160 1999 1392 2034 Quemadmodum
1417 2002 1444 2025 et
1471 1998 1515 2025 hic
1539 1996 1689 2024 incantato-

910 2054 968 2073 rum
983 2046 1094 2074 nomine
1105 2050 1133 2074 et
1150 2047 1246 2082 magiae
1256 2045 1355 2073 studiis
1365 2052 1397 2071 ac
1412 2044 1518 2071 artibus
1536 2042 1690 2078 praepositis

909 2091 1116 2124 demonstravit,
1133 2092 1244 2119 omnino
1265 2090 1443 2119 dubitandum
1455 2097 1510 2116 non
1524 2096 1585 2116 esse
1599 2088 1690 2116 omnia

909 2137 955 2164 illa
968 2145 984 2164 a
996 2138 1083 2173 magis
1095 2138 1285 2173 superstitiosa
1301 2137 1459 2165 curiositate
1474 2135 1593 2172 perfecta
1605 2134 1691 2163 fuisse

911 2182 1021 2215 similia,
1042 2187 1069 2210 et
1091 2183 1204 2218 hujusce
1217 2182 1339 2210 historiae
1351 2186 1427 2218 gesta
1447 2184 1691 2217 repraesentantur.

910 2228 977 2256 Nam
1005 2228 1220 2264 engastrimytbo
1244 2229 1366 2262 inducta,
1386 2229 1513 2263 deinceps
1532 2227 1625 2262 magia:
1647 2234 1692 2253 ar-

912 2275 985 2303 tibus
1001 2275 1093 2310 impiis
1111 2274 1298 2310 deprcbensis,
1309 2278 1334 2302 et
1349 2282 1466 2310 persona
1483 2281 1543 2309 qum
1563 2272 1692 2300 vaticinia

910 2322 1019 2358 petebat
1034 2321 1200 2349 daemoniaca
1223 2320 1426 2354 demonstrata;
1445 2320 1562 2355 perfecte
1577 2319 1691 2348 demon-

911 2368 1008 2398 stravit
1042 2367 1283 2403 imaginationibus
1312 2367 1400 2402 iisque
1433 2367 1572 2395 ementitis
1601 2365 1696 2394 omnia.

911 2416 997 2444 fuisse
1024 2418 1144 2451 peracta.
1181 2412 1234 2441 Sed
1263 2413 1320 2441 haec
1348 2412 1386 2442 ita
1409 2412 1488 2440 nobis
1519 2411 1698 2448 intelligenda.

911 2466 986 2492 sunt.

951 2507 985 2535 Χ.
998 2506 1084 2535 Porro
1105 2505 1204 2534 iterum
1221 2504 1243 2534 si
1256 2512 1316 2541 quae
1339 2507 1404 2532 sunt
1417 2502 1561 2531 verborum
1580 2502 1691 2535 indicia,

910 2552 1124 2581 consideremus.
1160 2551 1230 2585 Quid
1260 2550 1362 2586 igitur?
1387 2553 1418 2576 ut
1448 2547 1692 2585 cngastrimythum

911 2598 975 2627 Saul
987 2598 1161 2634 interrogavit
1174 2608 1180 2625 :
1193 2596 1263 2630 Qitid
1276 2595 1362 2623 uidisti
1371 2593 1526 2630 ?-inquiens
1534 2593 1566 2626 “,
1575 2593 1692 2628 primum
1733 2623 1737 2631 1

909 2645 1021 2672 demens
1046 2644 1092 2671 illa
1116 2644 1214 2671 mulier
1242 2641 1411 2678 respondens
1436 2641 1556 2667 clamat:
1580 2637 1616 2666 Et
1630 2637 1692 2665 deos

910 2690 963 2718 vidi
976 2689 1142 2718 ascendentes
1158 2696 1172 2715 ι
1189 2693 1269 2716 terra.
1288 2688 1355 2716 Cum
1377 2686 1449 2715 enim
1467 2685 1558 2713 modis
1566 2683 1694 2711 omnibus

910 2736 998 2765 virum
1009 2735 1175 2772 praecipitem
1185 2741 1264 2770 agere
1277 2734 1305 2762 in
1319 2734 1409 2762 animo
1430 2732 1542 2761 haberet
1557 2729 1692 2760 diabolus.
