1911 3073
223 94 271 121 631

719 90 746 120 S.
769 90 952 121 EUSTATHII
972 92 1125 122 EPlSCOI’l
1145 90 1358 128 ANTIOCHENI}

1779 88 1833 117 652

223 152 357 188 arripiens
383 152 469 187 palam
485 152 634 180 conabatur
655 154 809 187 ostendere,
838 154 997 182 daemonium

1055 156 1118 191 ρεῖτο
1131 155 1265 182 δεικνύναι
1281 153 1384 188 σαφῶς,
1401 153 1441 179 ὅτι
1454 151 1484 178 τὸ
1501 150 1635 186 δαιμόνιον
1651 151 1695 176 ἐπ’
1709 149 1835 182 ἐξουσίας

222 199 355 226 arbitratu
369 206 419 226 suo
432 206 464 226 ac
480 202 611 233 potestate
628 207 708 234 posse
727 207 783 227 non
799 204 903 227 tantum
918 208 999 228 unam

222 244 412 278 animamjusti
430 252 554 278 evooare,
569 245 616 272 sed
631 253 725 274 omnes
750 247 830 274 simul
845 251 999 274 sanctorum

222 290 339 317 virorum
351 299 358 324 ;
370 290 462 326 ibique
477 291 630 319 daemonum
654 292 745 320 hostili
762 293 882 320 exercitu
898 293 1000 320 instru-

220 341 274 369 cto,
289 336 400 372 ictuque
413 338 485 365 oculi
501 339 625 367 omnibus
640 340 666 366 in
679 347 762 366 unum
783 340 900 372 collatis,
916 343 999 367 επιει-

220 383 257 410 ris
267 391 314 418 per
328 383 356 411 id
368 385 518 412 conabatur
542 386 714 420 persuadere,
734 389 818 413 semel
831 386 877 420 qui
891 389 919 413 et
931 386 999 413 alios

219 431 406 462 congregarat,
434 427 518 456 Deum
544 436 613 456 esse.
636 429 702 456 Eum
721 437 784 457 vero
812 430 921 465 propria
937 438 1000 465 qua-

219 472 280 498 dam
298 473 446 501 stoliditate
463 482 523 502 sese
539 474 621 502 Deum
638 475 727 503 facere
739 483 897 507 consuesse.
916 476 999 504 Isaias

219 519 330 546 adversa
356 519 425 547 facie
446 529 506 548 eum
532 522 741 556 reprehendens,
770 522 933 557 propheticis
955 531 999 550 sa-

219 565 330 599 crisque
345 567 459 594 vocibus
475 568 605 602 praadicat
621 579 627 596 λ
645 569 684 595 Tu
704 577 762 596 vero
773 569 866 596 dixisti
877 570 902 596 in
923 569 999 596 corde

220 617 263 638 tuo
275 618 284 636 :
299 611 330 638 In
345 613 437 639 caelum
451 617 601 647 ascendam,
625 623 702 649 super
711 620 784 642 astra
796 624 891 650 ponam
904 616 998 642 solium

218 664 302 684 metun
316 666 325 684 :
341 658 436 685 sedebo
451 659 479 684 in
491 665 577 686 monte
589 660 690 687 excelso
703 669 781 695 super
801 666 900 688 montes
914 663 999 689 excel-

219 712 262 730 sos
275 705 319 738 qui
331 706 471 739 respiciunt
484 706 636 740 Aquilonem
653 715 661 732 :
674 706 813 734 ascendant
823 715 899 741 super
908 707 997 740 nubes,

218 754 242 774 et
260 757 304 776 ero
318 750 412 777 similis
434 751 573 778 Altissimo
597 751 629 778 “.
656 751 704 778 llis
719 760 774 779 non
797 752 938 780 dissimilia
952 761 1000 788 per

219 793 384 822 lu‘zeehielem
400 796 558 830 prophetam
584 797 642 831 ipse
664 796 794 825 Dominus
811 802 903 833 aperte
921 799 999 826 testi-

219 841 339 867 monium
360 842 468 869 exhibet
495 853 500 870 :

217 891 301 919 tuum,
324 892 349 914 et
368 888 480 915 dixisti:
500 889 570 916 Deus
581 898 640 917 sum
659 898 716 925 ego,
732 891 856 918 habitabo
870 893 895 918 iu
921 892 998 919 corde

217 934 317 965 maris;
328 939 355 961 lu
372 943 430 962 vero
443 935 517 962 homo
528 944 566 969 es,
577 941 601 963 et
616 945 668 963 non
687 937 756 964 Deus
773 938 807 964 ’³.
822 937 896 971 Quas
908 943 997 966 autem

217 985 326 1015 propter
339 981 365 1008 id
381 989 476 1016 pugnas
493 982 531 1008 illi
548 983 677 1016 minetur,
692 991 725 1011 ex
740 983 783 1011 his
793 991 854 1018 quae
871 984 939 1011 intra
957 985 998 1012 di-

216 1031 315 1053 cuntur
326 1026 404 1054 facile
418 1028 470 1054 erit
496 1029 597 1056 videre.
624 1029 659 1056 At
685 1029 777 1057 divino
798 1038 861 1058 sane
887 1031 998 1058 oraculo

216 1072 387 1100 manifestum
398 1077 450 1105 est,
465 1081 527 1101 eum
543 1075 662 1109 quotidie
675 1076 790 1110 superbe
802 1076 932 1110 jaetando
960 1077 998 1103 si-

216 1117 324 1145 milibus
349 1119 464 1153 spectris
478 1119 566 1147 inniti.
597 1119 689 1155 ltaque
704 1121 725 1147 si
741 1121 846 1148 daemon
862 1122 908 1156 qui
933 1123 998 1150 deo-

217 1171 275 1190 rum
293 1165 401 1192 nomine
416 1165 598 1200 insigniuntur
614 1170 705 1200 posset
733 1167 860 1201 educere,
878 1176 931 1196 non
948 1177 997 1196 ne-

215 1217 291 1237 cesse
307 1214 348 1238 est
360 1211 472 1238 credere
494 1212 616 1239 evocatis
635 1218 792 1240 evocantem
805 1214 894 1248 ipsum
910 1216 998 1249 potio-

216 1263 271 1282 rem
286 1263 357 1284 esse.
380 1256 412 1282 Et
429 1257 451 1283 si
467 1257 568 1285 sanctis
588 1258 609 1284 is
625 1262 732 1292 prasest,
756 1259 932 1287 asserendum
956 1266 998 1288 est

215 1301 297 1328 etiam
310 1302 505 1330 daemoniorum
534 1304 682 1338 principem
698 1304 736 1331 illi
756 1312 882 1339 prteesse.
896 1305 961 1338 Quae
975 1308 998 1334 si

215 1347 277 1381 quis
302 1349 479 1381 concesserit,
501 1350 667 1383 argumentis
691 1351 789 1385 quibus
823 1352 934 1380 minime
955 1361 998 1380 re-

215 1391 341 1426 sponderi
348 1397 445 1427 potest',
459 1394 654 1421 demonstravit
663 1397 744 1424 Deum
754 1397 864 1424 deorum
873 1406 943 1431 esse,
951 1399 997 1434 qui

216 1438 357 1466 ministros
383 1447 448 1467 suos
471 1448 502 1468 ea
517 1441 600 1468 donat
622 1446 766 1476 potestate.
784 1447 814 1470 ut
829 1444 943 1478 spiritus
970 1450 996 1473 et

216 1485 470 1520 animasjustorum
497 1487 638 1515 abinl‘eris
659 1489 765 1523 possint
786 1490 912 1518 educere.
932 1491 994 1519 Ilaec
1008 1497 1029 1525 α

216 1538 306 1561 nemo.
317 1531 463 1559 dummodo
479 1540 552 1560 sanae
560 1534 657 1561 mentis
669 1535 713 1567 sit,
726 1535 994 1570 aﬂirmabitomnino,

218 1583 251 1603 ne
262 1581 357 1603 contra
382 1577 473 1604 divina
501 1579 654 1605 testimonia
682 1580 817 1607 calculum
846 1586 934 1608 atrum
949 1581 996 1609 de-

218 1622 324 1650 mittere
340 1623 471 1652 rideatur.
488 1625 554 1652 Cum
583 1626 654 1652 enim
669 1634 763 1654 amens
779 1627 932 1662 quaesisset,
949 1629 996 1655 ad-

217 1669 312 1696 dens"
323 1679 329 1696 :
340 1669 374 1696 Et
385 1669 561 1698 dixitmulieri
572 1679 580 1697 :
591 1672 660 1704 Quid
670 1672 779 1700 vidisti?
792 1674 883 1700 statim
900 1675 996 1701 mulier

217 1714 250 1740 ad
281 1715 445 1751 interrogata
473 1719 641 1752 respondens
668 1719 759 1746 dixit:
795 1720 854 1746 Vidi
867 1720 996 1748 hominem

217 1765 315 1787 rectum
344 1763 522 1790 ascendentem
549 1773 563 1791 ε
587 1770 667 1795 terra.
695 1770 717 1791 at
728 1766 770 1792 hic
785 1767 944 1794 amictusest
955 1767 996 1794 di-

215 1805 357 1840 ρίοίίίιιςοῑ
368 1815 428 1834 eum
440 1810 574 1835 neminem
586 1810 698 1837 omnino
714 1810 835 1842 vidisset,
852 1812 897 1839 ubi
916 1813 995 1839 verba

217 1854 347 1887 percepit,
365 1854 503 1885 cognovit,
515 1858 544 1880 ut
561 1854 618 1889 ipse
634 1855 686 1882 sibi
701 1856 908 1890 imaginabatur,
921 1858 995 1884 illum

216 1905 277 1925 esse
289 1898 453 1930 Samuelem,
470 1899 569 1934 quippe
583 1900 629 1934 qui
645 1900 719 1927 intus
735 1908 749 1927 a
763 1901 884 1929 daemone
910 1910 996 1937 oppu-

215 1950 353 1979 gnaretur.
372 1944 471 1972 Verum
492 1950 522 1972 ut
547 1946 685 1981 signorum
714 1948 823 1975 nomine
848 1948 898 1975 fuit
917 1950 997 1976 abrc-

218 1997 289 2026 plus.
310 1995 376 2018 tunc
402 1991 472 2019 faeie
486 1993 513 2019 in
540 1996 640 2019 terram
660 1993 789 2020 inclinata
806 1994 881 2021 illum
899 1995 997 2022 adora‘

217 2039 264 2065 vit.
277 2037 367 2064 Primo
378 2038 485 2072 quidem
510 2039 660 2066 rectissime
676 2039 702 2066 id
716 2039 769 2066 dici
787 2044 884 2074 potest.
903 2039 930 2067 Si
948 2040 997 2067 Sa-

217 2084 288 2111 muel
301 2084 345 2111 ille
374 2084 480 2116 luisset,
499 2089 594 2111 etnon
613 2085 822 2113 transformatus
846 2086 921 2114 vafer
939 2095 997 2114 ser—

217 2137 294 2164 pens,
308 2130 421 2157 dixisset
438 2129 482 2164 pia
494 2130 600 2164 quidem
627 2136 715 2158 mente
731 2141 736 2158 :
757 2131 897 2158 Dominum
915 2132 997 2159 Deum

1050 198 1121 235 εἶχεν
1142 201 1201 235 οὐχὶ
1219 200 1284 235 μίαν
1306 199 1384 234 μόνον
1405 197 1501 229 ἀνάξαι
1524 196 1627 222 δικαίου
1649 195 1750 231 ψυχὴν,
1767 194 1836 221 ἀλλὰ

1050 246 1097 272 καὶ
1113 246 1201 278 πάσας
1218 245 1284 280 (³,μοῦ
1303 244 1351 275 τὰς
1367 243 1421 270 τῶν
1438 243 1521 277 ἁγίων
1539 241 1651 278 ἀνδρῶν·
1661 243 1676 267 ὁ
1689 241 1717 268 δὲ
1734 242 1767 267 ἐκ
1782 240 1835 267 τῶν

1050 292 1176 319 ἐναντίων
1185 292 1233 326 τὴν
1240 290 1293 318 τῶν
1300 289 1431 325 δαιμόνων
1440 288 1553 315 ἐνταῦθα
1565 287 1692 324 στρατιὰν
1701 287 1818 318 ὁπλίσας
1827 305 1834 318 ,

1050 339 1096 365 καὶ
1118 338 1224 365 σύνοδον
1241 339 1270 364 ὲν
1279 337 1327 372 μιᾷ
1351 335 1436 372 ῥοπῆς
1458 335 1516 370 ὥρᾳ
1534 334 1735 370 συστησάμενος
1751 333 1838 368 ἐκόμ-

1051 384 1130 418 παζε,
1150 385 1245 416 πείσας
1258 383 1288 418 (l.
1307 382 1408 415 πεῖσαι)
1425 382 1471 409 καὶ
1486 381 1529 407 διὰ
1548 381 1622 407 τοῦδε
1637 380 1699 412 τοὺς
1711 380 1837 410 ἅπαντας

1050 431 1158 464 ἐθέλων,
1172 431 1210 462 ὡς
1222 429 1302 461 αὑτὸς
1315 429 1358 464 εἴη
1371 427 1437 459 Θεὸς
1455 429 1468 454 ὁ
1484 427 1656 460 συναγωγεὺς
1668 425 1723 452 τῶν
1735 425 1833 451 ἄλλων.

1051 478 1110 504 Ὅτι
1122 477 1143 503 δ’
1157 474 1202 504 οὖν
1217 476 1303 511 οἰκείᾳ.
1315 474 1453 510 χρώμενος
1467 472 1579 508 ἀπονοίᾳ
1594 472 1726 498 θεοποιεῖν
1740 470 1835 496 εἴωθεν

1050 523 1155 557 ἑαυτὸν,
1167 523 1181 548 ὁ
1198 522 1246 558 μὲν
1265 521 1376 552 Ἡσαΐας
1388 518 1600 554 ἀντιπροσώπως
1613 517 1732 552 ἐλέγχων
1742 516 1833 546 αὑτὸν,

1051 569 1194 605 ἱεροφωνίᾳ
1212 567 1341 604 κηρύττει
1359 566 1512 602 προφητικῇ
1523 574 1529 580 ·
1545 563 1583 591 Σὺ
1601 564 1634 590 δὲ
1649 565 1737 596 εἶπας
1752 564 1787 590 ἐν
1800 561 1834 597 τῇ

1050 615 1156 649 καρδίᾳ
1180 622 1256 640 σου·
1285 613 1335 645 Εἰς
1356 612 1484 646 ciu/uiror
1509 609 1712 644 ἀναϐήσομαι,
1735 609 1835 636 ἐπάνω

1050 660 1107 688 τῶν·
1130 659 1263 693 ἀστέρων
1284 658 1365 691 θήσω
1388 657 1441 683 τὼ-
1461 656 1568 690 ορόνον
1591 663 1664 689 μου·
1689 653 1782 681 καθιῶ
1801 654 1835 680 ἐν

1050 707 1110 741 ὄρει
1126 705 1244 740 ὑψηλῷ,
1263 704 1311 731 ἐπὶ
1330 706 1365 730 τὰ
1384 703 1435 736 ὅρη
1454 702 1490 729 τὰ
1508 701 1612 737 ὑψηλὰ
1624 701 1659 727 τὰ
1670 700 1745 735 πρὸς
1760 701 1834 734 Bap—

1045 752 1118 786 ,ὀᾶν-
1141 751 1329 784 ἀναϐήσομαι
1353 748 1451 775 ἐπάνω
1473 748 1531 775 τῶν
1550 747 1702 782 νεφελῶν
1729 746 1836 781 ἔσομαι

1050 799 1151 833 ὅμοιος
1179 797 1219 830 τῷ
1244 796 1387 830 ’ΠΣ-[στω.
1411 795 1551 830 Μαρτυρεῖ
1574 793 1602 820 δὲ
1625 793 1730 824 τούτοις
1755 793 1836 827 ὅμοια

529 830 672 877 Propterea
693 844 761 878 quod
774 845 873 871 elatum
888 850 927 872 est
953 854 997 873 cor

1050 845 1095 871 καὶ
1113 844 1158 870 διὰ
1177 843 1224 870 τοῦ
1242 843 1378 878 προφήτου
1405 841 1587 875 φθεγγόμενος
1609 839 1738 874 Ἰεζεκιὴλ
1755 839 1835 870 αὐτὸς

1049 891 1062 916 ὀ
1083 890 1183 926 Κύριος
1208 889 1356 924 ἅντικρυς’
1392 888 1466 914 ’Λνιγ
1491 882 1534 912 ὧν
1558 885 1662 919 ὑψώθη
1688 886 1708 918 ἡ
1730 884 1836 918 καρδία

1049 942 1125 966 σου.
1151 935 1199 961 καὶ
1227 931 1328 965 εἶπας·
1362 932 1432 964 Θεός
1458 932 1516 966 ειμι
1538 930 1610 964 ἐγὼ,
1637 928 1777 956 κατοικιῶ
1804 929 1837 955 ἐν

1049 982 1155 1016 καρδίᾳ
1179 980 1351 1014 θαλάσσης·
1380 978 1420 1005 σὺ
1446 977 1479 1005 δὲ
1500 976 1528 1004 εἷ
1549 976 1713 1010 ἄνθρωπος,
1733 975 1785 1002 καὶ
1801 976 1838 1002 οὐ

1050 1030 1130 1061 Θεός.
1148 1028 1219 1055 Ἀντὶ
1232 1027 1324 1054 τούτου
1342 1026 1390 1061 μὲν
1406 1026 1469 1056 ὅσας
1485 1024 1559 1058 αὑτῷ
1571 1023 1703 1058 τιμωρίας
1717 1022 1835 1054 ἀπειλεῖν

1050 1075 1113 1110 ῥᾷόν
1136 1074 1210 1100 ἐστιν
1228 1074 1259 1099 ὲκ
1274 1072 1327 1099 τῶν
1340 1070 1527 1106 ὑποκειμένων
1550 1068 1627 1096 ἰδεῖν·
1650 1069 1689 1095 ὅτι
1703 1069 1733 1095 δὲ
1749 1068 1838 1095 τοιού-

1047 1129 1104 1152 τοις
1138 1119 1305 1155 ἐπερείδεται
1336 1117 1459 1152 φάσμασι
1489 1115 1665 1152 κομπολογῶν
1694 1114 1836 1146 ἑκάστοτε,

1049 1167 1109 1202 Θείᾳ
1127 1166 1274 1201 δεδήλωται
1293 1163 1459 1198 ψηφοφορίᾳ.
1481 1161 1630 1197 Τοιγαροῦν
1651 1160 1730 1196 εἴπερ
1752 1161 1766 1186 ὁ
1781 1160 1838 1186 δαί-

1051 1221 1107 1247 μων
1121 1211 1176 1242 οῐός
1191 1219 1221 1237 τε
1235 1209 1268 1246 ἦν
1281 1210 1375 1242 ἀνάξαι
1389 1210 1450 1240 τοὺς
1466 1208 1576 1242 ὀνόματι
1594 1206 1670 1238 θεοὺς
1687 1206 1838 1241 ἁνακικληα

1050 1258 1211 1293 σκομένους,
1235 1257 1285 1283 οὐκ
1305 1256 1410 1290 ἀνάγκη
1432 1256 1511 1285 νοεῖν,
1528 1255 1568 1280 ὃτι
1590 1253 1689 1289 μείζων
1708 1253 1768 1279 ἐστὶ
1784 1261 1837 1280 των

1049 1303 1224 1339 ἀναγομένων
1247 1305 1262 1330 ό
1282 1303 1408 1337 ἀνάγων;
1433 1301 1464 1328 Εἰ
1489 1301 1517 1327 δὲ
1539 1299 1652 1336 προῦχει
1675 1299 1731 1326 τῶν
1754 1299 1835 1325 ὁσίων

1050 1348 1142 1382 οὗτος,
1180 1349 1324 1376 ἀκόλουθον
1353 1347 1571 1382 ὑπολαμϐάνειν,
1601 1346 1640 1372 ὅτι
1666 1346 1713 1372 καὶ
1742 1344 1835 1371 τούτου

1050 1396 1129 1422 πάλιν
1144 1395 1223 1427 αὑτὸς
1247 1395 1261 1421 ὁ
1276 1394 1455 1430 ἀρχιδαίμων.
1481 1393 1512 1419 Ei
1526 1392 1553 1418 δὲ
1569 1391 1655 1418 ταῦτά
1671 1400 1712 1422 τις
1730 1391 1835 1418 ἀποδώ-

1052 1450 1122 1468 σειεν
1148 1442 1336 1477 ἀναντιρῤήτῳ
1362 1440 1484 1474 δυνάμει,
1514 1439 1668 1473 συνίστησιν
1693 1438 1732 1469 ὡς
1756 1438 1834 1469 αὑτός

1048 1490 1106 1514 ἐστι
1126 1487 1191 1519 Θεὸς
1214 1486 1291 1518 Θεῶν,
1311 1487 1325 1513 ὁ
1338 1487 1393 1517 τοῖς
1415 1485 1562 1521 ὑπηρέταις
1587 1485 1641 1515 τοῖς
1659 1483 1758 1510 ἑαυτοῦ
1784 1492 1834 1510 τοι-

1050 1534 1135 1569 αύτην
1149 1533 1292 1568 ἀπονέμων
1306 1531 1437 1564 ἐξουσίαν,
1451 1531 1520 1557 ὥστε
1532 1529 1674 1565 πνεύματα
1685 1529 1732 1556 καὶ
1747 1530 1834 1564 ψυχὰς

1049 1582 1079 1614 ἐξ
1097 1582 1159 1617 ᾅδου
1181 1581 1406 1617 μεταπέμπεσθαι
1431 1581 1552 1607 δικαίων.
1579 1579 1658 1606 Ἀλλὰ
1682 1578 1770 1606 ταῦτα
1787 1578 1834 1613 μὲν

1050 1627 1136 1659 οὐδείς
1157 1637 1199 1654 πω
1221 1628 1275 1654 τῶν
1300 1625 1328 1654 εὖ
1356 1626 1521 1662 φρονούντων
1535 1627 1647 1661 ὁριεῖται
1663 1625 1694 1652 τὸ
1714 1624 1833 1655 σύνολον,

1052 1674 1095 1700 ἵνα
1116 1673 1152 1709 μὴ
1171 1675 1230 1705 ταῖς
1250 1673 1341 1708 ἁγίαις
1360 1673 1468 1699 ἐναντία
1487 1672 1627 1707 ψηφιεῖται
1657 1670 1833 1707 μαρτυρίαις.

1050 1719 1158 1753 Ἐπειδὴ
1168 1718 1196 1744 δὲ
1212 1719 1242 1745 τὸ
1261 1718 1384 1754 δεύτερον
1401 1719 1415 1744 ὁ
1430 1717 1575 1753 παραπλὴξ
1596 1718 1676 1752 ἤρετο
1697 1716 1842 1751 atavi-44M,

1050 1765 1104 1791 Kal
1115 1763 1293 1801 εἷπε(5““)τῇ
1307 1764 1434 1799 γυναικὶ,
1461 1764 1492 1790 Τί
1504 1763 1614 1798 Erit-mc;
1636 1762 1735 1790 αὐτίκα
1755 1762 1833 1789 πάλιν

1050 1810 1274 1845 ἀνθυπενέγκασα
1290 1810 1356 1846 πρὸς
1372 1809 1419 1845 τὴν
1438 1808 1581 1844 ἐρώτησιν,
1608 1809 1718 1844 ἔφησεν·
1745 1808 1834 1835 Εἶδον

1050 1856 1142 1890 ἄνδρα
1159 1856 1258 1890 ὄρθιον
1275 1856 1473 1883 ἀναϐαίνοντα
1489 1856 1523 1882 ἐκ
1535 1855 1590 1890 τῆς
1603 1855 1667 1889 γῆς,
1685 1854 1736 1881 καὶ
1749 1853 1837 1885 οὗτος

1051 1902 1290 1936 ἀναϐεϐλημένος
1313 1901 1467 1928 διπλοΐδα·
1493 1901 1596 1936 μηδένα
1615 1902 1644 1927 δὲ
1658 1901 1689 1927 τὸ
1704 1900 1833 1937 παράπαν

1053 1947 1124 1980 ἰδὼν,
1148 1947 1185 1979 ὡς
1210 1947 1340 1982 αὐτήκοος
1362 1947 1469 1981 ἐγένετο
1492 1946 1544 1973 τῶν
1569 1946 1665 1980 λόγων,
1686 1945 1759 1981 ἔγνω
1786 1945 1833 1981 μὲν

1051 1993 1120 2020 κατά
1137 1993 1185 2029 τὴν
1198 1993 1301 2020 ἔννοιαν
1318 1992 1366 2028 τὴν
1383 1992 1478 2019 ἑαυτοῦ
1499 1992 1592 2019 τοῦτον
1613 1990 1680 2019 εἶναι
1695 1991 1832 2027 Σςςιμονὴ)Ἰ

1051 2041 1098 2067 lita
1123 2038 1394 2075 διαπολιορκούμενος
1415 2038 1468 2065 ὑπὸ
1489 2039 1537 2065 τοῦ
1560 2037 1686 2074 δαίμονος
1711 2038 1830 2065 ἔνδοθεν·

1050 2085 1087 2117 ὡς
1101 2085 1129 2112 δὲ
1145 2086 1177 2120 τῇ
1192 2084 1246 2111 τῶν
1260 2085 1380 2120 σημείων
1398 2083 1528 2120 ὀνομασίᾳ
1545 2083 1721 2119 συνηρπάσθη
1733 2104 1740 2116 ,
1758 2092 1831 2119 τηνι-

1051 2131 1138 2158 καῦτα
1156 2131 1188 2157 τὸ
1208 2130 1353 2166 πρόσωπον
1374 2130 1520 2162 ὑποκλίνας
1551 2131 1597 2157 ἐπὶ
1617 2131 1650 2166 τῇ
1677 2132 1723 2165 γῇ,
1753 2138 1833 2165 προσ·

216 2181 289 2202 tuum
306 2176 441 2209 adorabis,
454 2181 478 2203 et
501 2176 543 2203 illi
559 2177 609 2204 soli
622 2178 721 2204 cultum
748 2178 886 2212 prwstabis
901 2179 934 2205 ’⁷.
948 2179 996 2207 Se-

1050 2176 1178 2212 εκύνησεν
1188 2176 1271 2212 αὐτῷ.
1282 2177 1392 2213 Πρῶτον
1406 2176 1454 2212 μὲν
1463 2174 1508 2203 οὖν
1516 2176 1646 2212 ὀρθότατα
1657 2176 1723 2211 φαίη
1736 2185 1780 2207 τις
1790 2176 1830 2208 ἂν,

215 2224 306 2250 eundo
321 2231 416 2252 rursus
430 2225 537 2256 addam,
556 2232 617 2252 cum
636 2224 744 2252 Samuel
758 2226 886 2254 universo
897 2226 996 2261 populo

216 2269 370 2304 imperaret,
401 2271 557 2306 primasque
586 2273 658 2299 inter
683 2272 829 2306 prophetas
847 2271 990 2305 obtineret,

216 2315 281 2342 Saul
299 2316 369 2344 inter
380 2317 500 2351 privatos
517 2317 605 2345 adhuc
621 2319 739 2353 parietes
765 2317 956 2351 delitescebat;
970 2322 997 2345 et

219 2362 278 2390 lum
295 2362 380 2396 patris
411 2363 504 2390 asinas
519 2364 680 2398 requireret,
706 2363 838 2390 accedens
859 2363 891 2389 ad
907 2362 996 2397 ipsum

216 2408 297 2434 veluti
325 2408 482 2443 prophetam
501 2409 720 2444 interrogaturus
746 2409 780 2436 de
791 2408 922 2443 jumentis
949 2408 997 2435 de-

214 2453 328 2487 perditis
338 2453 369 2483 ’⁸,
391 2461 561 2489 nequaquam
575 2454 649 2481 illum
665 2454 823 2481 adoravisse
840 2457 996 2488 compertus

213 2500 265 2529 est,
281 2498 333 2524 etsi
347 2497 419 2525 illius
436 2506 486 2533 ope
501 2498 633 2533 indigeret
648 2504 794 2533 aperteque
805 2498 843 2525 illi
857 2503 887 2525 ut
903 2499 996 2533 populi

213 2543 320 2570 ductori
335 2531 505 2571 subderetur.
521 2531 765 2579 Quomodo-igitur
788 2544 834 2578 qui
864 2531 928 2571 tunc
940 2531 996 2572 non

214 2589 338 2617 adoravit
353 2591 475 2625 privatus
494 2591 658 2625 principem,
675 2598 749 2617 nunc
761 2597 794 2617 ex
809 2591 935 2625 opposito
949 2599 996 2618 rex

213 2636 348 2670 privatum
377 2637 489 2664 adorat?
517 2637 565 2665 llis
587 2638 667 2664 tertio
702 2636 873 2669 subneetam,
900 2637 997 2671 utquid

213 2680 273 2708 deos
300 2685 467 2709 ascendentes
494 2691 555 2710 cum
579 2682 710 2714 audisset,
742 2683 837 2709 horum
863 2684 996 2710 neminem

1051 2223 1074 2249 εἱ
1094 2222 1219 2258 Σαμουὴλ
1235 2222 1380 2258 ἐτύγχανεν
1403 2223 1522 2254 ἐκεῖνος,
1548 2222 1615 2249 ἀλλὰ
1635 2222 1671 2258 μὴ
1695 2231 1831 2258 μεταμορ-

1051 2268 1150 2302 φωθεὶς
1173 2269 1187 2294 ὁ
1203 2268 1370 2304 πολύτροπος
1387 2268 1465 2303 ὄφις,
1491 2268 1694 2303 ἀνθυπενέγκας
1716 2268 1832 2304 ἔφρασεν

1051 2313 1083 2340 ἂν
1097 2315 1203 2341 εὐσεϐεῖ
1221 2314 1341 2350 λογισμῷ
1354 2323 1361 2330 ·
1385 2315 1481 2349 Κυρίῳ
1499 2314 1538 2347 τῷ
1556 2313 1616 2347 Θεῷ
1628 2321 1685 2341 σου
1699 2320 1831 2348 προσκυ-

1050 2359 1171 2393 νήσεις,
1193 2360 1241 2386 καὶ
1264 2359 1343 2392 αὐτῷ
1358 2361 1440 2394 μόνῳ
1451 2360 1636 2393 λατρεύσεις.
1660 2359 1791 2395 Δεύτερον
1805 2359 1831 2385 δὲ

1051 2405 1131 2432 πάλιν
1146 2406 1246 2441 εἴποιμ’
1261 2405 1304 2437 ἂν,
1319 2406 1435 2440 ὁπηνίκα
1450 2406 1574 2441 Σαμουὴλ
1588 2405 1635 2432 τοῦ
1651 2405 1752 2437 παντὸς
1766 2403 1830 2441 ἦρχε

1050 2451 1114 2478 λαοῦ
1141 2452 1189 2479 καὶ
1210 2452 1351 2488 προφήτης
1379 2452 1525 2488 ἐτύγχανεν
1549 2453 1685 2488 ἐγκριτος,
1710 2453 1725 2478 ὁ
1749 2451 1831 2478 Σαοὺλ

1051 2497 1193 2524 ἰδιωτεύων
1209 2497 1249 2524 ἔτι
1266 2499 1312 2524 καὶ
1331 2498 1380 2530 τὰς
1397 2498 1443 2524 τοῦ
1465 2498 1567 2534 πατρὸς
1582 2497 1659 2529 ὅνους
1678 2497 1830 2533 ἀναζητῶν,

1049 2543 1131 2579 ἀπῄει
1145 2544 1193 2579 μὲν
1204 2543 1241 2575 ὡς
1259 2544 1337 2571 αὑτὸν
1351 2544 1505 2580 ἐρωτήσων,
1522 2541 1565 2570 οἷα
1578 2544 1732 2579 προφήτην,
1753 2543 1831 2569 ἕνεκα

1050 2590 1103 2616 τῶν
1126 2590 1299 2625 ἀπολομένων
1331 2590 1493 2625 ὑποζυγίων,
1522 2589 1639 2625 οὐδαμοῦ
1661 2590 1690 2615 δὲ
1709 2589 1830 2624 φαίνεται

1051 2636 1241 2671 προσκυνήσας
1257 2636 1340 2671 αὑτῷ,
1356 2637 1445 2663 καίτοι
1461 2635 1568 2671 χρῄζων
1588 2635 1682 2666 αὑτοῦ,
1700 2635 1748 2661 καὶ
1765 2643 1829 2670 προ-

1053 2682 1145 2717 φανῶς
1161 2682 1339 2718 ὑποκείμενος
1354 2680 1398 2709 οἷα
1411 2682 1577 2718 καθηγεμόνι
1594 2680 1668 2708 λαοῦ.
1688 2680 1751 2712 Πῶς
1761 2678 1806 2707 οὖν
1816 2680 1830 2707 6

249 2749 270 2764 ³⁵
287 2748 341 2776 lsa.
360 2758 416 2782 λιν,
433 2750 476 2781 15,
494 2751 538 2778 Η.
577 2752 599 2766 ’⁵
627 2750 722 2778 Ezeclt.
744 2759 839 2781 xxvut,
855 2751 882 2777 2.
920 2752 943 2767 ²¹⁵
956 2751 969 2778 I
986 2751 997 2778 1

1060 2757 1156 2781 xxvnt,
1170 2749 1213 2781 l3,
1233 2749 1276 2776 lt.
1313 2750 1334 2764 ’⁷
1346 2748 1440 2776 Matth.
1457 2757 1494 2782 iv,
1511 2740 1553 2776 i0.
1594 2746 1713 2782 “llieg.
1729 2755 1768 2779 rx,
1786 2750 1823 2778 ιι,

249 2816 362 2852 (δἠγιιί
370 2826 418 2844 pro
431 2818 581 2853 συνάψας·
598 2820 652 2848 Kal
669 2819 742 2848 εἷπε.
756 2820 800 2848 Sic
814 2821 982 2850 restituiutus

1050 2821 1072 2850 id
1088 2822 1115 2849 in
1132 2822 1211 2857 impr.
1226 2821 1335 2856 legitur,
1352 2820 1431 2855 ἤρετο
1446 2820 1492 2847 καὶ
1513 2818 1642 2853 συνάψας
1657 2816 1736 2845 Eii-.5.
1753 2814 1816 2845 Eon
