1911 3073
51 104 104 131 655

503 103 546 131 DE
562 101 860 132 ENGASTRIMYTHO
879 101 1020 132 CONTRA
1039 103 1224 134 ORIGENEM.‘

1615 104 1667 132 635

54 163 114 190 τότε
128 161 165 197 μὴ
177 163 372 198 προσκυνήσας
383 163 419 195 ὡς
435 161 541 198 ἰδιώτης
554 162 674 198 ἄρχοντι,
684 162 730 190 νῦν
739 163 769 189 ἔγ
783 162 836 189 τῶν
852 189 854 193 ,

899 163 1001 197 idorat;
1015 171 1077 192 eum
1092 173 1156 193 vero
1170 166 1256 192 virum
1271 168 1368 191 rectum
1388 162 1514 197 intelligit
1527 162 1667 190 ascenden-

53 207 183 234 ἐναντίων
198 208 213 234 ὁ
228 208 355 243 βασιλεὺς
380 207 540 236 ἰδιωτεύοντι
559 210 720 244 προσκυνεῖ;
741 208 837 243 Τρίτον

53 254 101 280 ἐπὶ
113 254 218 285 τούτοις
233 253 286 289 ἔχω
301 254 400 289 λέγειν,
415 254 441 281 τί
455 254 552 290 δήποτε
567 254 653 287 θεοὺς
664 254 838 281 ἀναϐαίνον-

52 307 107 332 τας
131 299 262 331 ἀκούσας,
283 300 370 326 οὐδενὶ
389 300 490 327 τούτων
515 300 731 335 προσεκύνησεν·
753 300 796 326 ὅτε
811 299 839 326 δὲ

53 345 108 371 τὸν
120 344 216 378 ἄνδρα
230 344 330 379 ὄρθιον
341 345 457 380 ἀκήκοεν
469 345 681 378 ἀναϐεϐηκότα,
691 343 839 379 τηνικαῦτα

54 391 249 425 προσκυνήσας
265 390 400 424 ὑπέκυψε;
419 390 473 416 Καὶ
491 389 554 424 μὴν,
572 388 609 420 ὡς
635 388 773 424 Ὦριγένης
789 388 840 414 ἁπ-

53 436 175 470 εερήνατο
189 435 343 471 τολμηρῶς,
360 435 437 470 εἴπερ
449 435 556 469 ἄγγελοί
571 443 641 466 τινες
654 432 722 469 ἦσαν
737 434 768 460 ὲκ
778 433 840 460 τού-

53 490 108 508 των
131 481 147 516 ἢ
167 481 246 517 χοροὶ
263 481 419 517 προφητῶν,
442 481 493 508 ἔδει
515 482 571 512 τοῖς
596 481 747 516 κρείττοσιν
775 480 841 506 ὑπο⁴

54 527 154 562 κόψαι.
180 527 285 555 Οὐκοῦν
304 530 337 555 ὲκ
351 529 457 555 πάντων
475 527 541 564 ὁμοῦ
553 527 607 554 τῶν
622 527 709 563 ἔργων
722 525 842 562 εὐχερῶς

54 575 130 600 ἐστιν
158 573 233 605 ἰδεῖν,
251 574 291 600 ὅτι
309 574 354 601 τὸν
367 573 485 609 ἡγεμόνα
504 573 552 608 μὲν
571 572 632 599 νοῦν
648 571 815 606 ὲτύφλωττεν
827 572 842 598 ὁ

55 620 155 652 Σαοὺλ,
165 621 219 647 ὑπὸ
229 620 276 646 τοῦ
287 620 410 656 δαίμονος
421 620 605 655 ἐλαυνόμενος·
615 620 629 646 ό
639 618 667 645 δὲ
676 618 796 649 διάϐολος
803 618 843 650 εἰς

54 666 203 701 διαφόρους
217 665 375 701 essum“
390 665 482 691 ἑαυτὸν
493 665 573 696 ἰδέας,
588 663 640 690 ὑπὸ
650 662 697 690 τοῦ
712 663 842 689 δυνάστου

56 711 281 746 προσκυνηθῆναι
312 710 579 746 πραγματευόμενος,
614 709 657 736 ἴνα
690 710 723 735 ὲκ
749 708 843 735 τούτου

56 757 199 789 πλείστους
207 758 285 788 ὅσους
296 757 451 792 ἐξαπατήσῃ
460 756 608 791 λεληθότως
616 755 851 790 ὑποκύπτωνῐ5”¹“)

58 803 142 837 αὐτῷ.
155 802 252 829 Καίτοι
268 811 299 836 γε
313 802 340 828 δὲ
358 801 388 837 [Γ.
401 802 442 837 δὴ]
455 802 485 828 οὐ
499 801 573 833 ξενον
585 801 657 827 ἐστὶν
672 801 767 832 εἰπεῖν,
779 800 845 826 ὅπου

889 212 950 240 rem,
965 212 1032 237 tune
1047 217 1080 236 eo
1091 210 1204 238 adorato
1215 210 1290 237 humi
1305 217 1335 238 se
1349 210 1464 237 stravit?
1477 209 1509 236 Et
1524 213 1626 242 tamen,
1639 217 1669 237 ut

888 252 1020 288 Origenes
1050 255 1133 282 nimis
1161 254 1290 282 audacter
1319 254 1520 285 determinavit,
1544 255 1567 282 si
1581 255 1668 290 angeli

889 298 926 325 illi
940 299 983 326 vel
997 299 1073 326 ebori
1099 300 1294 335 prophetarum
1311 298 1437 330 fuissent,
1460 299 1513 334 ipsi
1541 303 1670 334 tanquam

889 345 1092 378 pnestantiores
1105 349 1183 373 erant
1203 345 1344 372 adorandi.
1370 344 1452 379 Igitur
1466 345 1508 372 his
1521 345 1601 372 rebus
1613 352 1671 372 om-

890 389 970 417 nibus
997 389 1079 417 simul
1105 390 1304 422 consideratis,
1328 390 1406 416 facile
1435 393 1477 416 est
1503 389 1670 424 intelligere,

891 435 981 463 Saulis
995 443 1011 462 a
1030 436 1152 464 daemone
1175 436 1262 463 vexati
1279 436 1429 471 principem
1453 435 1548 462 anima:
1565 439 1671 470 partem

891 481 1061 515 caeeuliisse;
1084 481 1223 509 diabolum
1244 489 1309 508 vero
1322 482 1349 508 in
1367 481 1456 507 varias
1471 480 1572 507 formas
1587 486 1674 507 muta-

893 531 948 553 tum
962 547 968 558 ,
995 527 1058 554 dum
1076 535 1090 554 a
1105 536 1169 562 rege
1185 527 1291 554 adorari
1307 527 1401 558 ambit,
1418 531 1447 553 ut
1463 525 1675 561 quamplurimos

894 571 1010 604 falleret,
1037 573 1222 600 adorationem
1239 573 1291 601 sibi
1308 574 1451 600 adstruere
1473 572 1601 600 voluisse.
1618 572 1675 600 Hoc

893 626 959 646 sane
972 619 1084 647 minime
1110 620 1209 647 mirum
1225 623 1277 652 est,
1304 627 1354 647 nec
1382 623 1480 654 praeter
1497 619 1677 653 exspectatio-

894 672 976 691 nem:
1004 673 1066 692 nam
1092 666 1145 693 etsi
1161 665 1263 693 Christi
1287 673 1405 700 persona
1419 670 1575 700 conspecta,
1595 672 1676 700 quem

894 709 968 737 intus
979 717 1007 737 re
1017 714 1044 737 et
1059 711 1219 745 operatione
1234 710 1318 738 Deum
1333 712 1366 744 η,
1385 715 1538 746 naturaque
1555 710 1600 738 Dei
1616 709 1677 745 legi-

896 755 991 781 timum
1009 755 1107 782 Filium
1135 756 1254 789 videbat,
1276 756 1391 784 'homine
1409 764 1488 791 puro,
1506 756 1676 791 incorrupto,

896 800 980 827 nullis
1007 801 1135 828 sordibus
1157 801 1356 828 commaculato
1377 801 1587 834 circumdalum,
1603 806 1678 828 extra

56 855 88 881 γε
104 848 151 874 καὶ
174 847 205 874 τὸ
221 847 267 873 τοῦ
283 847 400 883 Χριστοῦ
418 846 563 883 πρόσωπον
578 845 692 877 εἰσιδὼν,
709 845 781 881 ἔργῳ
801 845 849 881 μὲν

900 854 964 874 vero
975 847 1103 882 templum
1120 848 1343 882 pulcherrimum,
1356 852 1554 879 consecratum,
1569 848 1680 875 inviola-

57 894 162 920 ἔνδοθεν
173 892 247 928 ἑώρα
260 893 306 919 καὶ
316 893 410 928 πράξει
422 892 496 924 Θεὸν,
507 893 555 918 καὶ
567 891 645 927 φύσει
656 891 723 918 Θεοῦ
733 892 843 927 γνήσιον

57 938 132 969 Υἰον,
151 937 296 972 ἄνθρωπον
313 938 341 964 δὲ
356 937 490 973 καθαρὸν.
511 937 659 972 ἄχραντον,
681 936 844 972 ἀκηλίδωτον

56 983 185 1016 ἐξωτάτω
212 983 402 1019 περικείμενον
419 982 587 1014 ἐποπτεύων,
602 983 658 1015 έκαὶ
673 982 737 1009 ναοῦ
752 982 845 1016 χρῆμα

59 1028 240 1065 περικαλλὲς,
267 1029 470 1063 ἀφιερωμένον,
496 1028 642 1063 ἀσύλητον,
666 1028 742 1054 οὐδὲν
765 1025 845 1063 ἧττον

56 1074 231 1110 ἐκπειράζων
244 1074 324 1101 αὑτὸν
336 1074 451 1110 ἀμελητὶ
466 1074 578 1109 προσείη
589 1074 618 1109 (Ι.
631 1073 767 1109 προσῄει),
785 1073 844 1099 θεο-

59 1120 153 1156 μαχῶν
163 1120 305 1151 εἰωθότως·
317 1119 353 1151 ώς
362 1119 401 1152 δὲ,
412 1120 445 1146 τὰ,
455 1120 550 1155 πρῶτα
562 1120 608 1147 καὶ
619 1120 652 1147 τὰ
660 1120 772 1155 δεύτερα
785 1120 844 1146 καθ’

57 1166 154 1192 ἑαυτοῦ
170 1165 418 1201 προκαλεσάμενος,
433 1166 535 1201 ἡττήθη
550 1166 651 1201 ραγεὶς,
667 1165 756 1197 ἄθλιος
768 1164 845 1197 αὖθις

59 1213 97 1244 εἰς
117 1212 183 1239 ἄλλο
205 1211 374 1246 μεταλλάξας
393 1209 478 1246 ἦθος,
495 1211 683 1238 ὑποδεικνύναι
702 1211 751 1246 μὲν
772 1211 846 1246 αὑτῷ

59 1250 149 1286 πᾶσαν
163 1258 215 1293 τὴν
230 1257 306 1284 τοῦδε
321 1256 367 1284 τοῦ
384 1257 484 1292 κόσμου
499 1257 670 1293 περιγραφὴν
684 1257 845 1293 ἐπεχείρησε

61 1304 106 1332 καὶ
129 1303 182 1334 τὰς
204 1302 342 1338 βασιλείας
362 1303 461 1338 αὐτῆς,
485 1303 597 1338 ἀπονοίᾳ
624 1303 652 1330 δὲ
675 1303 721 1330 καὶ
744 1303 845 1339 ψευδη-

61 1349 140 1384 γορίᾳ
161 1348 360 1384 θρασυνόμενος
380 1348 534 1384 ἐκόμπαζε·
566 1347 660 1375 Ταῦτα
679 1349 777 1376 πάντα
797 1357 845 1376 σοι

59 1394 161 1424 δώσω.
184 1395 238 1422 ἐὰν
258 1393 361 1420 πεσὼν
385 1395 601 1430 προσκυνήσῃς
625 1405 686 1430 μοι.
713 1396 846 1429 Τοιαὺτας

62 1440 110 1475 μὲν
133 1438 182 1467 οὖν
205 1441 220 1466 ό
241 1440 342 1475 ἀσεϐὴς
368 1440 465 1476 ἔρρηξε
492 1441 571 1476 δεῦρο
595 1441 699 1476 φωνὰς,
726 1442 846 1478 οἰόμενος

61 1487 99 1518 εἰς
125 1486 214 1522 ὀργὴν
239 1486 438 1513 ἐκκαλέσασθαι
460 1486 494 1513 τὰ
514 1487 563 1522 τῆς
583 1487 758 1520 ἀνεξικακίας
781 1489 845 1524 ἤθη,

62 1531 107 1557 καὶ
119 1530 165 1556 διὰ
179 1531 226 1557 τοῦ
246 1531 349 1557 τοιοῦδε
369 1531 456 1558 δοκεῖν
477 1532 718 1567 ἐπιλαμϐάνεσοαν
749 1542 850 1570 μακρο-
863 1524 884 1552 C

62 1577 146 1613 θυμία
171 1578 199 1604 δὲ
222 1577 385 1611 κατεσίγασε
413 1578 458 1604 τὸν
485 1578 621 1614 ἀλάστορα
659 1579 818 1615 θεοπρεπῶς
834 1582 847 1608 ό

62 1623 176 1658 Κύριος·
194 1623 265 1663 ’ἴδιον
291 1623 345 1659 γὰρ
365 1623 397 1650 ἂν
426 1624 468 1659 εἴη
488 1624 547 1660 Θεῷ
570 1625 657 1652 πάντα
680 1625 848 1658 ἀνεξικάκως

62 1669 166 1704 φέρειν.
194 1670 225 1696 Εἰ
247 1670 337 1696 τοίνυν
362 1670 436 1705 αὐτῷ
458 1671 494 1706 τῷ
516 1671 610 1707 Κυρίῳ
631 1672 742 1699 τοιαῦτα
763 1681 846 1708 προσ-

61 1717 133 1741 οἰσαι
159 1715 269 1750 ῥήματα
293 1716 357 1751 παρ’
373 1716 448 1742 οὐδὲν
465 1717 601 1752 ἡγήσατο,
639 1717 697 1748 πῶς
717 1718 766 1744 οὐκ
786 1717 843 1744 ἔστι

897 894 971 924 tum;
1003 893 1181 920 nihilominus
1209 893 1243 920 ad
1275 893 1351 920 illum
1381 893 1513 920 accedens
1537 901 1679 928 perperam

898 937 1030 969 tentabat,
1059 945 1110 964 suo
1138 937 1218 964 modo
1235 941 1261 965 et
1286 946 1361 965 more
1376 945 1493 973 pugnam
1507 937 1562 965 Deo
1590 938 1680 965 inten-

897 984 977 1011 dens.
996 983 1047 1010 Ubi
1061 991 1125 1010 vero
1143 983 1241 1010 iterum
1270 987 1351 1018 atque
1372 984 1470 1010 iterum
1493 987 1588 1010 contra
1601 992 1630 1011 se
1646 983 1680 1011 ad

898 1037 1013 1065 pugnam
1029 1037 1181 1064 provocans
1195 1029 1318 1057 devictus
1347 1034 1399 1062 est,
1413 1029 1511 1056 misere
1528 1030 1680 1064 disruptus,

898 1083 967 1102 nova
982 1075 1033 1102 sibi
1047 1075 1135 1109 specie
1149 1075 1246 1106 ascita,
1262 1076 1419 1102 universum
1445 1079 1577 1102 terrarum
1594 1075 1682 1102 ambi-

899 1125 955 1147 tum
966 1124 993 1147 et
1007 1128 1089 1154 regna
1102 1124 1242 1148 ostentare
1259 1127 1362 1153 ausus;
1377 1119 1494 1146 amentia
1517 1119 1682 1147 mendaciis-

898 1173 951 1200 que
963 1164 1124 1199 superbiens
1147 1164 1266 1198 jactabat
1285 1173 1290 1190 :
1310 1164 1373 1190 11ηέ
1389 1164 1477 1190 omnia
1500 1163 1549 1190 tibi
1563 1163 1642 1195 dabo,
1657 1164 1682 1190 si

899 1210 994 1237 cadens
1015 1210 1165 1237 adorat-eris
1178 1219 1216 1237 me
1232 1210 1264 1236 ³⁸⁸.
1282 1209 1390 1237 Similes
1411 1210 1454 1237 hic
1485 1210 1585 1244 impius
1600 1218 1682 1238 voces

898 1257 998 1289 emisit,
1025 1265 1057 1284 eo
1083 1257 1174 1283 animo
1202 1260 1230 1283 ut
1253 1257 1280 1283 in
1299 1257 1366 1283 iram
1395 1257 1566 1283 clementiam
1590 1256 1679 1291 ipsam

899 1306 1080 1337 provocaret;
1099 1310 1153 1337 quo
1163 1302 1301 1329 videretur
1315 1301 1423 1336 aggredi
1440 1302 1612 1336 imparatum.
1631 1300 1682 1329 Ve-

900 1358 959 1377 rum
976 1349 1121 1377 tolerantia
1134 1348 1259 1375 maleﬁco
1281 1349 1407 1380 (ἰωιιιοιιί,
1424 1353 1454 1375 ut
1468 1348 1522 1376 Deo
1537 1349 1683 1377 convenie-

899 1396 955 1426 bat,
973 1395 1109 1422 silentium
1124 1395 1264 1428 imposuit.
1291 1393 1382 1421 Sol-ius
1397 1395 1496 1430 quippe
1524 1394 1568 1422 Dei
1582 1398 1624 1422 est
1641 1399 1683 1422 to-

899 1442 1019 1468 leranter
1046 1441 1138 1467 omnia
1170 1441 1250 1468 ferre.
1267 1439 1296 1466 Si
1325 1440 1407 1475 igitur
1421 1440 1471 1475 ipsi
1490 1439 1602 1467 Domino
1619 1441 1684 1467 talia

900 1487 974 1515 effari
991 1494 1087 1522 parum
1117 1486 1154 1513 illi
1171 1494 1243 1513 cura:
1269 1486 1327 1519 fuit,
1343 1486 1480 1521 quomodo
1509 1486 1684 1514 manifestum

901 1542 955 1562 non
969 1533 1020 1560 erit
1031 1541 1085 1560 non
1101 1533 1193 1560 minus
1209 1533 1270 1567 ipso
1285 1532 1339 1560 Deo
1354 1533 1540 1560 adorationem
1557 1532 1683 1560 ambien-

899 1583 953 1607 tem
974 1580 1019 1606 illa
1047 1579 1188 1607 tentasse?
1202 1578 1258 1606 lloe
1281 1579 1327 1613 qui
1343 1586 1417 1606 sana
1432 1579 1530 1605 mentis
1547 1582 1611 1605 sunt
1629 1585 1685 1605 om-

900 1633 948 1654 nes
967 1625 1046 1652 facile
1062 1625 1223 1659 intelligunt,
1237 1632 1252 1650 a
1266 1624 1387 1651 daemone
1404 1631 1450 1658 per
1464 1624 1593 1651 furiosam
1611 1624 1685 1651 illam

899 1671 1038 1698 mulierem
1063 1671 1214 1697 dementem
1236 1677 1326 1704 regem
1350 1668 1493 1704 deceptum
1520 1673 1618 1704 praeter
1640 1669 1686 1704 jus

897 1725 957 1745 sese
972 1717 1130 1744 inclinasse.

64 1763 160 1796 σαεξὲς,
177 1763 217 1789 ὅτι
235 1763 442 1798 προσκυνεῖσθαι
459 1764 618 1799 βουλόμενος
645 1764 690 1791 ἴσα
703 1764 761 1800 Θεῷ
783 1765 869 1792 ταῦτα
884 1764 1073 1800 διεπράττετο;
1086 1763 1169 1790 Τοῦτο
1183 1763 1240 1798 μὲν,
1253 1759 1339 1797 οἶμαι,
1352 1762 1408 1792 τοῖς
1419 1758 1448 1787 εὖ
1459 1760 1585 1796 φρονοῦσι
1601 1760 1686 1788 κατά-

62 1819 154 1845 φωρον
167 1811 283 1846 ὑπάρχει
292 1812 381 1841 πᾶσιν.
390 1812 481 1839 ὄτιδιὰ
490 1813 615 1846 γυναικὸς
624 1813 762 1848 ὲμμανοῦς
774 1813 898 1849 ὴπάτησε
913 1811 958 1838 τὸν
970 1811 1087 1846 ἔκφρονα
1103 1810 1236 1845 δυνάστην
1249 1808 1386 1842 ὑποκῦψαι
1401 1807 1474 1843 αὑτῷ
1486 1807 1560 1844 παρὰ
1573 1808 1602 1835 τὸ
1616 1809 1685 1836 δέον.

98 1868 146 1896 XI.
167 1869 227 1895 Ἔτι
243 1869 272 1895 δὲ
291 1869 451 1904 διαληπτέον
470 1869 539 1897 αὐτὰ
560 1870 595 1897 τὰ
615 1871 719 1903 τούτοις
739 1871 848 1898 ὑποκεί-

66 1924 135 1951 μενα
158 1914 286 1949 καθεξῆς.
314 1915 356 1946 Ὠς
378 1912 425 1941 οὖν
444 1916 458 1941 ὁ
473 1916 558 1942 Σαοὺλ
574 1916 720 1952 ὑπεκλίνθη
745 1916 783 1950 τῷ
797 1917 848 1950 φάς

65 1969 150 1996 σματι
172 1960 374 1996 προσκυνήσας,
393 1958 470 1992 αὖθις
493 1961 665 1997 ὑποκρίνεται
688 1961 849 1989 πεπονθέναι

66 2007 128 2042 βίαν
161 2008 175 2034 ὁ
201 2007 367 2042 δολομήτης,
402 2009 443 2040 εἰς
468 2008 497 2034 τὸ
525 2009 616 2044 σχῆμα
647 2008 695 2035 τοῦ
725 2009 851 2044 Σαμουὴλ

65 2053 188 2089 ἀμείψας
213 2053 319 2080 ἑαυτόν·
344 2052 403 2080 εἶτα
425 2054 494 2089 μετὰ
514 2054 653 2090 εἰρωνείας
674 2055 850 2090 ἀποκρίνεται

66 2099 310 2135 σκυθρωπότερον·
339 2099 430 2126 Ἰνατι
460 2100 700 2135 παρηνώχλησιίς
719 2109 767 2135 με,
795 2100 851 2135 φά-

66 2154 152 2172 σκων
178 2146 344 2178 ἀναϐῆναι;
363 2146 455 2173 Ταῦτα
478 2147 506 2173 δὲ
523 2147 704 2181 πλαττόμενος
728 2147 852 2182 ἀπαρεμ-

66 2190 162 2226 φάτως
191 2189 316 2217 ὲὸοὑλετο
347 2190 507 2226 σημαίνειν,
537 2191 578 2218 ὅτι
608 2192 654 2217 καὶ
681 2191 781 2218 ἄκοντα
806 2191 851 2218 τὸν

68 2237 212 2272 προφήτην
235 2236 250 2262 ὁ
269 2236 373 2271 δαίμων
401 2236 514 2272 ἠδύνατο
539 2237 777 2272 μεταπέμπεσθαι,
805 2237 852 2264 καὶ

68 2282 129 2309 κατ’
147 2281 231 2308 αὑτοῦ
253 2281 382 2317 τοιαύτην
402 2281 472 2317 ἔχειν
493 2281 625 2314 ἐξουσίαν.
641 2280 708 2309 Εἶτα
728 2281 852 2309 τοσοῦτον

67 2327 267 2363 ἁμϐλυωποῦσί
287 2336 374 2360 τινες,
393 2328 431 2359 ὡς
450 2329 480 2355 οὐ
495 2328 622 2355 δύνασθαι
638 2330 718 2360 νοεῖν,
733 2328 773 2354 ὅτι
791 2328 852 2360 τοὺς

67 2373 198 2408 δαίμονας
219 2373 248 2400 ἐν
266 2372 305 2408 τῷ
323 2373 386 2409 Θείῳ
407 2373 601 2408 φυγαδεύουσιν
622 2373 733 2409 ὀνόματι
754 2373 854 2405 πάντες

68 2421 92 2446 οἰ.
108 2419 146 2446 τὰ
165 2419 212 2446 τοῦ
231 2419 350 2455 Χριστοῦ
373 2419 532 2455 φρονοῦντες
556 2420 724 2455 εἰλικρινῶς,
743 2420 803 2454 οὐχὶ
824 2419 852 2445 δὲ

69 2466 226 2493 τούναντίον
242 2465 281 2497 ὡς
299 2465 474 2500 ὑποκείμενοι
491 2465 594 2498 τούτοις
614 2466 725 2497 ἄκοντες
742 2464 854 2492 ἀναϐαί-

69 2520 161 2538 νουσιν
183 2511 213 2543 ὲξ
231 2510 304 2546 ᾇίου,
319 2511 558 2547 μεταπεμπόμενοι
571 2511 639 2548 πρὸς
656 2511 756 2538 αὐτῶν.
777 2511 808 2537 Et
825 2509 853 2536 δέ

69 2564 111 2589 τις
138 2557 225 2584 οῖεται
250 2557 280 2583 τὺ
300 2557 350 2592 τῆς
375 2556 592 2593 ὲγγαστριμὺθου
621 2556 757 2592 δαιμόνιον
781 2555 855 2582 οὐδε-

71 2603 182 2629 πώποτε
204 2602 418 2637 φυγαδεύεσθαι,
440 2601 557 2637 προῦχον
573 2603 699 2629 ἁπάντων
716 2601 783 2637 ὁμοῦ
802 2601 856 2627 τῶν

71 2649 172 2679 ἄλλων,
202 2648 380 2683 ἀναδραμέτω
410 2649 458 2684 μὲν
483 2649 523 2680 εἰς
548 2648 598 2679 τὰς
620 2648 673 2674 τῶν
701 2647 854 2674 ἀποστόλων

71 2694 199 2728 Πράξεις,
233 2694 275 2720 ἐπ’
299 2694 388 2720 αὐτῶν
416 2693 445 2720 δὲ
465 2694 518 2720 τῶν
542 2693 648 2728 χωρίων
675 2692 855 2728 ἑμὸατεύσας,

72 2739 149 2766 ἰδέτω
171 2739 230 2770 πῶς
247 2740 261 2766 ό
276 2738 438 2777 περιοδεύων
461 2739 604 2775 ἰεροκήρυξ
626 2738 738 2772 ἀφίκετο
755 2737 858 2769 Παῦλος

108 2795 129 2810 ³³
146 2794 287 2828 ΡΙιίίὶρ.11,
300 2795 326 2821 Ε.
365 2795 386 2811 ³⁰
398 2794 494 2822 Matth.
509 2803 545 2827 Iv,
558 2795 584 2821 9.

933 1869 980 1897 XI.
1008 1867 1194 1896 Examinanda
1224 1867 1288 1894 item
1315 1871 1379 1893 sunt
1398 1873 1458 1900 qum
1482 1865 1562 1892 dictis
1589 1866 1686 1894 ordine

899 1916 1058 1944 continuato
1088 1913 1250 1941 subduutur.
1277 1911 1311 1939 Ut
1340 1911 1405 1938 Saul
1435 1911 1509 1938 humi
1541 1912 1687 1946 procubuit

900 1961 1013 1989 adorato
1025 1964 1144 1996 speetro,
1153 1960 1243 1987 denuo
1257 1958 1368 1985 dolosus
1379 1957 1434 1991 ille,
1450 1956 1584 1984 Samuelis
1599 1956 1687 1985 forma

901 2011 1052 2043 assumpta,
1067 2007 1120 2034 vim
1135 2006 1237 2041 perpeti
1253 2005 1343 2039 ﬁngit;
1370 2007 1464 2039 postea
1474 2011 1522 2037 per
1533 2003 1689 2031 dissimula-

904 2053 1005 2080 tionem
1014 2052 1147 2086 vultuque
1154 2050 1286 2078 mmstiori
1295 2048 1443 2084 respondet
1453 2058 1459 2076 :
1479 2045 1574 2083 thu'id
1584 2053 1688 2083 pertur-

904 2097 973 2125 basti
1002 2106 1053 2129 me,
1071 2097 1177 2128 dicens,
1204 2095 1325 2130 faciendo
1351 2102 1391 2120 me
1406 2093 1543 2121 ascendere
1559 2094 1601 2120 ³¹⁴ἰ
1626 2093 1688 2121 Ηίεο

904 2143 968 2170 dum
986 2142 1105 2172 simulat,
1123 2142 1236 2168 innuere
1261 2141 1346 2168 voluit
1363 2139 1512 2171 indefinite,
1538 2139 1687 2167 daemonem

904 2194 985 2222 posse
1013 2186 1170 2220 prophelam
1192 2185 1256 2212 licet
1280 2185 1395 2212 invitum
1424 2192 1548 2216 evocare,
1568 2188 1689 2219 potesta-

904 2237 1012 2267 temque
1025 2232 1052 2258 in
1064 2239 1125 2259 eum
1151 2230 1261 2257 habere.
1289 2229 1322 2256 Et
1339 2230 1419 2257 modo
1435 2230 1472 2256 ita
1497 2229 1620 2257 nonnulli
1636 2237 1689 2256 eaea

904 2279 1020 2309 cutiunt,
1037 2281 1067 2305 ut
1087 2277 1239 2312 intelligere
1253 2279 1399 2310 nequeant,
1423 2283 1518 2303 omnes
1541 2275 1585 2311 qui
1599 2275 1690 2302 animo

901 2332 969 2360 puro
981 2324 1144 2358 sinceraque
1154 2330 1186 2349 ea
1202 2328 1262 2356 qua:
1273 2321 1378 2348 Christi
1394 2325 1457 2348 sunt
1473 2320 1643 2355 profitentur,
1661 2321 1688 2347 in

901 2371 992 2400 divino
1006 2370 1115 2398 nomine
1126 2368 1260 2397 (lanionia
1273 2367 1388 2402 ejicere;
1409 2371 1436 2393 at
1450 2374 1506 2393 non
1534 2374 1567 2393 ex
1579 2373 1690 2394 eontra-

901 2419 942 2446 rio
953 2417 988 2445 ab
1001 2417 1055 2444 illis
1067 2416 1168 2443 invitos
1179 2414 1274 2449 jussos
1295 2411 1444 2439 ascendere
1455 2411 1489 2438 ab
1500 2411 1605 2444 inferis,
1618 2418 1650 2437 ac
1664 2411 1688 2438 si

901 2463 942 2491 eis
954 2461 1072 2496 subjecti
1087 2463 1190 2488 essent.
1215 2458 1317 2485 Verum
1347 2457 1369 2484 si
1385 2456 1448 2491 quis
1468 2456 1607 2483 existimat
1635 2455 1691 2482 daa-

902 2509 1024 2536 monium
1043 2504 1265 2543 engastrimythi,
1279 2511 1340 2531 cum
1357 2502 1463 2530 caeteris
1478 2501 1539 2529 aliis
1564 2501 1690 2536 superius

904 2554 950 2587 sit,
965 2562 1019 2581 non
1046 2560 1127 2588 posse
1141 2552 1209 2580 verti
1225 2551 1253 2578 in
1271 2550 1371 2585 fugam.
1399 2551 1525 2576 recurrat
1544 2547 1579 2575 ad
1604 2547 1690 2575 Actus

903 2599 1146 2635 apostolorum;et
1158 2598 1205 2625 ubi
1232 2597 1264 2625 ad
1292 2597 1351 2624 loca
1368 2593 1530 2630 pervenerit,
1555 2593 1691 2621 examinet

907 2651 937 2673 ut
956 2653 1034 2674 sacer
1054 2653 1144 2680 preco
1160 2644 1262 2672 Paulus
1277 2643 1449 2671 errabundus
1461 2641 1601 2677 Philippos
1613 2640 1692 2667 deve-

908 2693 948 2719 nit
966 2702 972 2719 2
991 2695 1021 2718 ut
1033 2699 1095 2719 vero
1106 2691 1246 2718 mulierem
1272 2690 1381 2718 nomine
1395 2688 1505 2724 Lydiam
1521 2687 1629 2723 pietatis
1645 2693 1690 2713 co-

914 2738 1034 2774 gnitione
1065 2737 1239 2768 illuminavit,
1265 2736 1331 2764 abiit
1343 2740 1372 2763 ut
1387 2743 1481 2771 preces
1492 2734 1556 2771 _Deo
1571 2733 1691 2762 elIunde-

623 2794 644 2809 ³¹
657 2793 669 2820 I
680 2793 741 2828 Reg.
758 2792 907 2826 xsvru,15.

108 2840 388 2877 (5“⁸)Ὑποκύπτων.
412 2841 491 2869 Forte
512 2840 654 2876 legendum
679 2839 854 2874 ὑποκύπτεινι

899 2838 1050 2867 treferatur
1063 2837 1096 2865 ad
1113 2835 1251 2867 πλείστους
1268 2835 1354 2866 ὅσους.
1370 2834 1447 2862 ῐζιιιτ.
