  <div class='ocr_page' id='page_1' title='image "/cluster/home/n/w/nwhite01/storage/ocr_20150623/18/njp.32101077772455/513.png"; bbox 0 0 1911 3073; ppageno 0'>
   <div class='ocr_carea' id='block_1_1' title="bbox 231 95 283 125">
    <p class='ocr_par' dir='ltr' id='par_1_1' title="bbox 231 95 283 125">
     <span class='ocr_line' id='line_1_1' title="bbox 231 95 283 125; baseline 0.019 -1"><span class='ocrx_word' id='word_1_1' title='bbox 231 95 283 125; x_wconf 73' lang='lat'><strong>635</strong></span> 
     </span>
    </p>
   </div>
   <div class='ocr_carea' id='block_1_2' title="bbox 717 93 1361 124">
    <p class='ocr_par' dir='ltr' id='par_1_2' title="bbox 717 93 1361 124">
     <span class='ocr_line' id='line_1_2' title="bbox 717 93 1361 124; baseline 0 -2"><span class='ocrx_word' id='word_1_2' title='bbox 717 95 746 122; x_wconf 87' lang='lat' dir='ltr'><strong>S.</strong></span> <span class='ocrx_word' id='word_1_3' title='bbox 767 94 952 123; x_wconf 75' lang='lat' dir='ltr'><strong>EUSTATHII</strong></span> <span class='ocrx_word' id='word_1_4' title='bbox 974 93 1130 123; x_wconf 84' lang='lat' dir='ltr'><strong>EPISCOPI</strong></span> <span class='ocrx_word' id='word_1_5' title='bbox 1150 94 1361 124; x_wconf 76' lang='lat' dir='ltr'><strong>ANTIOCHENI</strong></span> 
     </span>
    </p>
   </div>
   <div class='ocr_carea' id='block_1_3' title="bbox 1792 95 1844 124">
    <p class='ocr_par' dir='ltr' id='par_1_3' title="bbox 1792 95 1844 124">
     <span class='ocr_line' id='line_1_3' title="bbox 1792 95 1844 124; baseline 0 0"><span class='ocrx_word' id='word_1_6' title='bbox 1792 95 1844 124; x_wconf 73' lang='lat'><strong>856</strong></span> 
     </span>
    </p>
   </div>
   <div class='ocr_carea' id='block_1_4' title="bbox 231 150 1007 187">
    <p class='ocr_par' dir='ltr' id='par_1_4' title="bbox 231 151 1007 186">
     <span class='ocr_line' id='line_1_4' title="bbox 231 151 1007 186; baseline -0.003 -5"><span class='ocrx_word' id='word_1_7' title='bbox 231 158 282 181; x_wconf 87' lang='lat' dir='ltr'><strong>ret.</strong></span> <span class='ocrx_word' id='word_1_8' title='bbox 312 151 414 179; x_wconf 75' lang='lat' dir='ltr'><strong>Accidit</strong></span> <span class='ocrx_word' id='word_1_9' title='bbox 432 156 519 178; x_wconf 78' lang='lat' dir='ltr'><strong>autem</strong></span> <span class='ocrx_word' id='word_1_10' title='bbox 543 155 572 178; x_wconf 80' lang='lat' dir='ltr'><strong>ut</strong></span> <span class='ocrx_word' id='word_1_11' title='bbox 589 151 677 185; x_wconf 84' lang='lat' dir='ltr'><strong>puella</strong></span> <span class='ocrx_word' id='word_1_12' title='bbox 695 152 825 186; x_wconf 73' lang='lat' dir='ltr'><strong>qua’dam,</strong></span> <span class='ocrx_word' id='word_1_13' title='bbox 842 153 889 184; x_wconf 89' lang='lat' dir='ltr'><strong>ait,</strong></span> <span class='ocrx_word' id='word_1_14' title='bbox 916 153 1007 180; x_wconf 64' lang='lat' dir='ltr'><strong>habent</strong></span> 
     </span>
    </p>
   </div>
   <div class='ocr_carea' id='block_1_5' title="bbox 1059 150 1846 187">
    <p class='ocr_par' dir='ltr' id='par_1_5' title="bbox 1063 150 1846 187">
     <span class='ocr_line' id='line_1_5' title="bbox 1063 150 1846 187; baseline 0 -8"><span class='ocrx_word' id='word_1_15' title='bbox 1063 153 1102 183; x_wconf 81' lang='grc' dir='ltr'>εὶς</span> <span class='ocrx_word' id='word_1_16' title='bbox 1119 153 1282 185; x_wconf 78' lang='grc' dir='ltr'>Φιλίππους’</span> <span class='ocrx_word' id='word_1_17' title='bbox 1302 152 1341 184; x_wconf 86' lang='grc' dir='ltr'>ὡς</span> <span class='ocrx_word' id='word_1_18' title='bbox 1363 151 1392 178; x_wconf 79' lang='grc' dir='ltr'><strong>δὲ</strong></span> <span class='ocrx_word' id='word_1_19' title='bbox 1409 151 1456 186; x_wconf 81' lang='grc' dir='ltr'>τὴν</span> <span class='ocrx_word' id='word_1_20' title='bbox 1472 151 1640 187; x_wconf 80' lang='grc' dir='ltr'><strong>καλουμένην</strong></span> <span class='ocrx_word' id='word_1_21' title='bbox 1661 150 1778 186; x_wconf 78' lang='grc' dir='ltr'><strong>ἐφώτισε</strong></span> <span class='ocrx_word' id='word_1_22' title='bbox 1792 153 1846 179; x_wconf 87' lang='grc' dir='ltr'><strong>Λυ-</strong></span> 
     </span>
    </p>
   </div>
   <div class='ocr_carea' id='block_1_6' title="bbox 231 195 1011 233">
    <p class='ocr_par' dir='ltr' id='par_1_6' title="bbox 231 195 1011 233">
     <span class='ocr_line' id='line_1_6' title="bbox 231 195 1011 233; baseline -0.001 -8"><span class='ocrx_word' id='word_1_23' title='bbox 231 198 352 232; x_wconf 60' lang='grc' dir='ltr'><strong>δρίγίαιη</strong></span> <span class='ocrx_word' id='word_1_24' title='bbox 368 195 494 230; x_wconf 73' lang='lat' dir='ltr'><strong>Pythonis</strong></span> <span class='ocrx_word' id='word_1_25' title='bbox 505 202 661 229; x_wconf 80' lang='lat' dir='ltr'><strong>occurreret,</strong></span> <span class='ocrx_word' id='word_1_26' title='bbox 678 206 735 232; x_wconf 80' lang='lat' dir='ltr'><strong>quw</strong></span> <span class='ocrx_word' id='word_1_27' title='bbox 749 202 876 231; x_wconf 57' lang='lat' dir='ltr'><strong>questum</strong></span> <span class='ocrx_word' id='word_1_28' title='bbox 889 204 1011 233; x_wconf 74' lang='lat' dir='ltr'><strong>magnum</strong></span> 
     </span>
    </p>
   </div>
   <div class='ocr_carea' id='block_1_7' title="bbox 231 241 1011 278">
    <p class='ocr_par' dir='ltr' id='par_1_7' title="bbox 231 241 1011 278">
     <span class='ocr_line' id='line_1_7' title="bbox 231 241 1011 278; baseline 0.001 -9"><span class='ocrx_word' id='word_1_29' title='bbox 231 241 373 278; x_wconf 65' lang='lat' dir='ltr'><strong>prastabat</strong></span> <span class='ocrx_word' id='word_1_30' title='bbox 386 241 500 268; x_wconf 72' lang='lat' dir='ltr'><strong>dominia</strong></span> <span class='ocrx_word' id='word_1_31' title='bbox 512 243 568 269; x_wconf 75' lang='lat' dir='ltr'><strong>suis</strong></span> <span class='ocrx_word' id='word_1_32' title='bbox 583 242 735 270; x_wconf 80' lang='lat' dir='ltr'><strong>divinando.</strong></span> <span class='ocrx_word' id='word_1_33' title='bbox 753 243 839 277; x_wconf 77' lang='lat' dir='ltr'><strong><em>Igitur</em></strong></span> <span class='ocrx_word' id='word_1_34' title='bbox 852 243 906 270; x_wconf 73' lang='lat' dir='ltr'><strong>[nec</strong></span> <span class='ocrx_word' id='word_1_35' title='bbox 922 243 1011 270; x_wconf 80' lang='lat' dir='ltr'><strong>subse-</strong></span> 
     </span>
    </p>
   </div>
   <div class='ocr_carea' id='block_1_8' title="bbox 230 287 1012 319">
    <p class='ocr_par' dir='ltr' id='par_1_8' title="bbox 230 287 1012 319">
     <span class='ocr_line' id='line_1_8' title="bbox 230 287 1012 319; baseline 0 -4"><span class='ocrx_word' id='word_1_36' title='bbox 230 293 291 315; x_wconf 76' lang='lat' dir='ltr'><strong>cuta</strong></span> <span class='ocrx_word' id='word_1_37' title='bbox 303 287 419 314; x_wconf 80' lang='lat' dir='ltr'><strong>Paulum</strong></span> <span class='ocrx_word' id='word_1_38' title='bbox 430 291 453 314; x_wconf 75' lang='lat' dir='ltr'><strong>et</strong></span> <span class='ocrx_word' id='word_1_39' title='bbox 470 296 526 319; x_wconf 73' lang='lat' dir='ltr'><strong>nos,</strong></span> <span class='ocrx_word' id='word_1_40' title='bbox 547 287 690 318; x_wconf 76' lang='lat' dir='ltr'><strong>clamabat,</strong></span> <span class='ocrx_word' id='word_1_41' title='bbox 715 287 802 315; x_wconf 82' lang='lat' dir='ltr'><strong>dicens</strong></span> <span class='ocrx_word' id='word_1_42' title='bbox 815 289 870 315; x_wconf 77' lang='lat' dir='ltr'><strong>sic:</strong></span> <span class='ocrx_word' id='word_1_43' title='bbox 895 287 946 315; x_wconf 80' lang='lat' dir='ltr'><strong>Isti</strong></span> <span class='ocrx_word' id='word_1_44' title='bbox 966 289 1012 315; x_wconf 85' lang='lat' dir='ltr'><strong>ho-</strong></span> 
     </span>
    </p>
   </div>
   <div class='ocr_carea' id='block_1_9' title="bbox 231 333 1011 367">
    <p class='ocr_par' dir='ltr' id='par_1_9' title="bbox 231 333 1011 367">
     <span class='ocr_line' id='line_1_9' title="bbox 231 333 1011 367; baseline 0.003 -8"><span class='ocrx_word' id='word_1_45' title='bbox 231 334 311 361; x_wconf 81' lang='lat' dir='ltr'><strong>mines</strong></span> <span class='ocrx_word' id='word_1_46' title='bbox 321 334 388 361; x_wconf 75' lang='lat' dir='ltr'><strong>servi</strong></span> <span class='ocrx_word' id='word_1_47' title='bbox 397 333 447 360; x_wconf 84' lang='lat' dir='ltr'><strong>Dei</strong></span> <span class='ocrx_word' id='word_1_48' title='bbox 453 333 624 360; x_wconf 74' lang='lat' dir='ltr'><strong>excelsissimi</strong></span> <span class='ocrx_word' id='word_1_49' title='bbox 631 338 702 365; x_wconf 78' lang='lat' dir='ltr'><strong>sunt,</strong></span> <span class='ocrx_word' id='word_1_50' title='bbox 713 334 757 367; x_wconf 82' lang='lat' dir='ltr'><strong>qui</strong></span> <span class='ocrx_word' id='word_1_51' title='bbox 768 335 926 361; x_wconf 79' lang='lat' dir='ltr'><strong>annuntiant</strong></span> <span class='ocrx_word' id='word_1_52' title='bbox 938 334 1011 362; x_wconf 78' lang='lat' dir='ltr'><strong>nobis</strong></span> 
     </span>
    </p>
   </div>
   <div class='ocr_carea' id='block_1_10' title="bbox 230 378 1011 413">
    <p class='ocr_par' dir='ltr' id='par_1_10' title="bbox 230 378 1011 413">
     <span class='ocr_line' id='line_1_10' title="bbox 230 378 1011 413; baseline 0.001 -7"><span class='ocrx_word' id='word_1_53' title='bbox 230 379 298 406; x_wconf 73' lang='lat' dir='ltr'><strong>viam</strong></span> <span class='ocrx_word' id='word_1_54' title='bbox 316 379 422 407; x_wconf 81' lang='lat' dir='ltr'><strong>salutis.</strong></span> <span class='ocrx_word' id='word_1_55' title='bbox 437 378 471 405; x_wconf 84' lang='lat' dir='ltr'><strong>Et</strong></span> <span class='ocrx_word' id='word_1_56' title='bbox 486 379 533 405; x_wconf 79' lang='lat' dir='ltr'><strong>Itac</strong></span> <span class='ocrx_word' id='word_1_57' title='bbox 548 379 816 413; x_wconf 74' lang='lat' dir='ltr'><strong>faciebatpermnltos</strong></span> <span class='ocrx_word' id='word_1_58' title='bbox 837 379 892 406; x_wconf 77' lang='lat' dir='ltr'><strong>dies</strong></span> <span class='ocrx_word' id='word_1_59' title='bbox 908 381 940 406; x_wconf 74' lang='grc'><strong>³¹.</strong></span> <span class='ocrx_word' id='word_1_60' title='bbox 958 379 1011 407; x_wconf 85' lang='lat' dir='ltr'><strong>Sed</strong></span> 
     </span>
    </p>
   </div>
   <div class='ocr_carea' id='block_1_11' title="bbox 229 425 1012 461">
    <p class='ocr_par' dir='ltr' id='par_1_11' title="bbox 229 425 1012 461">
     <span class='ocr_line' id='line_1_11' title="bbox 229 425 1012 461; baseline 0.001 -9"><span class='ocrx_word' id='word_1_61' title='bbox 229 426 333 452; x_wconf 68' lang='lat' dir='ltr'><strong>dazmon</strong></span> <span class='ocrx_word' id='word_1_62' title='bbox 347 425 527 453; x_wconf 85' lang='lat' dir='ltr'><strong>invisibilibus</strong></span> <span class='ocrx_word' id='word_1_63' title='bbox 545 426 636 460; x_wconf 82' lang='lat' dir='ltr'><strong>ﬂagris</strong></span> <span class='ocrx_word' id='word_1_64' title='bbox 650 433 737 454; x_wconf 55' lang='lat' dir='ltr'><strong>casus</strong></span> <span class='ocrx_word' id='word_1_65' title='bbox 748 427 842 453; x_wconf 80' lang='lat' dir='ltr'><strong>nolens</strong></span> <span class='ocrx_word' id='word_1_66' title='bbox 854 425 878 452; x_wconf 86' lang='lat' dir='ltr'><strong>vi</strong></span> <span class='ocrx_word' id='word_1_67' title='bbox 893 426 1012 461; x_wconf 82' lang='lat' dir='ltr'><strong>pelleba-</strong></span> 
     </span>
    </p>
   </div>
   <div class='ocr_carea' id='block_1_12' title="bbox 230 471 1012 500">
    <p class='ocr_par' dir='ltr' id='par_1_12' title="bbox 230 471 1012 500">
     <span class='ocr_line' id='line_1_12' title="bbox 230 471 1012 500; baseline 0.004 -3"><span class='ocrx_word' id='word_1_68' title='bbox 230 476 275 498; x_wconf 85' lang='lat' dir='ltr'><strong>tur</strong></span> <span class='ocrx_word' id='word_1_69' title='bbox 287 476 315 497; x_wconf 82' lang='lat' dir='ltr'><strong>ut</strong></span> <span class='ocrx_word' id='word_1_70' title='bbox 330 471 391 498; x_wconf 85' lang='lat' dir='ltr'><strong>illas</strong></span> <span class='ocrx_word' id='word_1_71' title='bbox 405 472 497 499; x_wconf 84' lang='lat' dir='ltr'><strong>ederet</strong></span> <span class='ocrx_word' id='word_1_72' title='bbox 508 480 599 499; x_wconf 85' lang='lat' dir='ltr'><strong>voces.</strong></span> <span class='ocrx_word' id='word_1_73' title='bbox 617 471 713 499; x_wconf 88' lang='lat' dir='ltr'><strong>Verum</strong></span> <span class='ocrx_word' id='word_1_74' title='bbox 728 471 828 499; x_wconf 79' lang='lat' dir='ltr'><strong>Paulus</strong></span> <span class='ocrx_word' id='word_1_75' title='bbox 844 471 916 498; x_wconf 89' lang='lat' dir='ltr'><strong>illius</strong></span> <span class='ocrx_word' id='word_1_76' title='bbox 933 473 1012 500; x_wconf 86' lang='lat' dir='ltr'><strong>testi-</strong></span> 
     </span>
    </p>
   </div>
   <div class='ocr_carea' id='block_1_13' title="bbox 230 517 1011 550">
    <p class='ocr_par' dir='ltr' id='par_1_13' title="bbox 230 517 1011 550">
     <span class='ocr_line' id='line_1_13' title="bbox 230 517 1011 550; baseline 0.003 -7"><span class='ocrx_word' id='word_1_77' title='bbox 230 519 322 544; x_wconf 90' lang='lat' dir='ltr'><strong>monio</strong></span> <span class='ocrx_word' id='word_1_78' title='bbox 339 517 417 544; x_wconf 85' lang='lat' dir='ltr'><strong>iidem</strong></span> <span class='ocrx_word' id='word_1_79' title='bbox 436 525 490 544; x_wconf 90' lang='lat' dir='ltr'><strong>non</strong></span> <span class='ocrx_word' id='word_1_80' title='bbox 501 525 562 545; x_wconf 87' lang='lat' dir='ltr'><strong>esse</strong></span> <span class='ocrx_word' id='word_1_81' title='bbox 577 517 756 544; x_wconf 78' lang='lat' dir='ltr'><strong>adhibendam</strong></span> <span class='ocrx_word' id='word_1_82' title='bbox 785 518 955 550; x_wconf 77' lang='lat' dir='ltr'><strong>existimans,</strong></span> <span class='ocrx_word' id='word_1_83' title='bbox 971 519 1011 545; x_wconf 91' lang='lat' dir='ltr'><strong>id-</strong></span> 
     </span>
    </p>
   </div>
   <div class='ocr_carea' id='block_1_14' title="bbox 229 563 1011 598">
    <p class='ocr_par' dir='ltr' id='par_1_14' title="bbox 229 563 1011 598">
     <span class='ocr_line' id='line_1_14' title="bbox 229 563 1011 598; baseline 0.004 -9"><span class='ocrx_word' id='word_1_84' title='bbox 229 571 282 598; x_wconf 87' lang='lat' dir='ltr'><strong>que</strong></span> <span class='ocrx_word' id='word_1_85' title='bbox 295 563 456 595; x_wconf 85' lang='lat' dir='ltr'><strong>rectissime,</strong></span> <span class='ocrx_word' id='word_1_86' title='bbox 469 571 540 598; x_wconf 67' lang='lat' dir='ltr'><strong>aegre</strong></span> <span class='ocrx_word' id='word_1_87' title='bbox 555 563 644 591; x_wconf 81' lang='lat' dir='ltr'><strong>ferens</strong></span> <span class='ocrx_word' id='word_1_88' title='bbox 659 564 727 591; x_wconf 79' lang='lat' dir='ltr'><strong>dixit</strong></span> <span class='ocrx_word' id='word_1_89' title='bbox 739 564 845 598; x_wconf 84' lang='lat' dir='ltr'><strong>spiritui</strong></span> <span class='ocrx_word' id='word_1_90' title='bbox 859 574 865 591; x_wconf 92' lang='lat'>:</span> <span class='ocrx_word' id='word_1_91' title='bbox 883 564 1011 598; x_wconf 75' lang='lat' dir='ltr'><strong>Prwcipio</strong></span> 
     </span>
    </p>
   </div>
   <div class='ocr_carea' id='block_1_15' title="bbox 231 609 1011 638">
    <p class='ocr_par' dir='ltr' id='par_1_15' title="bbox 231 609 1011 638">
     <span class='ocr_line' id='line_1_15' title="bbox 231 609 1011 638; baseline 0.005 -4"><span class='ocrx_word' id='word_1_92' title='bbox 231 609 277 635; x_wconf 80' lang='lat' dir='ltr'><strong>tibi</strong></span> <span class='ocrx_word' id='word_1_93' title='bbox 306 609 332 635; x_wconf 89' lang='lat' dir='ltr'><strong>in</strong></span> <span class='ocrx_word' id='word_1_94' title='bbox 359 610 462 636; x_wconf 81' lang='lat' dir='ltr'><strong><em>nomine</em></strong></span> <span class='ocrx_word' id='word_1_95' title='bbox 489 609 553 636; x_wconf 78' lang='lat' dir='ltr'><strong>Iesu</strong></span> <span class='ocrx_word' id='word_1_96' title='bbox 571 609 670 637; x_wconf 79' lang='lat' dir='ltr'><strong>Christi</strong></span> <span class='ocrx_word' id='word_1_97' title='bbox 685 615 713 636; x_wconf 87' lang='lat' dir='ltr'><strong>ut</strong></span> <span class='ocrx_word' id='word_1_98' title='bbox 725 618 803 637; x_wconf 74' lang='lat' dir='ltr'><strong>exeas</strong></span> <span class='ocrx_word' id='word_1_99' title='bbox 826 611 858 637; x_wconf 86' lang='lat' dir='ltr'><strong>ab</strong></span> <span class='ocrx_word' id='word_1_100' title='bbox 884 619 925 638; x_wconf 85' lang='lat' dir='ltr'><strong>ea.</strong></span> <span class='ocrx_word' id='word_1_101' title='bbox 944 610 1011 638; x_wconf 65' lang='lat' dir='ltr'><strong>Rem</strong></span> 
     </span>
    </p>
   </div>
   <div class='ocr_carea' id='block_1_16' title="bbox 230 655 1009 688">
    <p class='ocr_par' dir='ltr' id='par_1_16' title="bbox 230 655 1009 688">
     <span class='ocr_line' id='line_1_16' title="bbox 230 655 1009 688; baseline 0.005 -8"><span class='ocrx_word' id='word_1_102' title='bbox 230 659 331 688; x_wconf 78' lang='lat' dir='ltr'><strong>gestam</strong></span> <span class='ocrx_word' id='word_1_103' title='bbox 347 661 442 681; x_wconf 88' lang='lat' dir='ltr'><strong>auctor</strong></span> <span class='ocrx_word' id='word_1_104' title='bbox 460 662 575 682; x_wconf 87' lang='lat' dir='ltr'><strong>narrans</strong></span> <span class='ocrx_word' id='word_1_105' title='bbox 585 655 677 682; x_wconf 88' lang='lat' dir='ltr'><strong>subdit</strong></span> <span class='ocrx_word' id='word_1_106' title='bbox 691 665 697 682; x_wconf 92' lang='lat'><strong><em>:</em></strong></span> <span class='ocrx_word' id='word_1_107' title='bbox 709 655 743 682; x_wconf 85' lang='lat' dir='ltr'><strong>Et</strong></span> <span class='ocrx_word' id='word_1_108' title='bbox 757 657 821 684; x_wconf 66' lang='lat' dir='ltr'><strong>exiit</strong></span> <span class='ocrx_word' id='word_1_109' title='bbox 831 656 920 684; x_wconf 82' lang='lat' dir='ltr'><strong>eadem</strong></span> <span class='ocrx_word' id='word_1_110' title='bbox 934 657 1009 685; x_wconf 83' lang='lat' dir='ltr'><strong>Iwru.</strong></span> 
     </span>
    </p>
   </div>
   <div class='ocr_carea' id='block_1_17' title="bbox 231 699 1011 738">
    <p class='ocr_par' dir='ltr' id='par_1_17' title="bbox 231 699 1011 738">
     <span class='ocr_line' id='line_1_17' title="bbox 231 699 1011 738; baseline 0.004 -11"><span class='ocrx_word' id='word_1_111' title='bbox 231 699 297 727; x_wconf 87' lang='lat' dir='ltr'><strong>Cum</strong></span> <span class='ocrx_word' id='word_1_112' title='bbox 312 701 436 727; x_wconf 70' lang='lat' dir='ltr'><strong>vidissent</strong></span> <span class='ocrx_word' id='word_1_113' title='bbox 450 709 511 735; x_wconf 82' lang='lat' dir='ltr'><strong>ergo</strong></span> <span class='ocrx_word' id='word_1_114' title='bbox 536 701 637 729; x_wconf 85' lang='lat' dir='ltr'><strong>domini</strong></span> <span class='ocrx_word' id='word_1_115' title='bbox 649 702 754 729; x_wconf 70' lang='lat' dir='ltr'><strong>ancillw</strong></span> <span class='ocrx_word' id='word_1_116' title='bbox 769 703 838 737; x_wconf 83' lang='lat' dir='ltr'><strong>quod</strong></span> <span class='ocrx_word' id='word_1_117' title='bbox 863 712 921 737; x_wconf 77' lang='lat' dir='ltr'><strong>spes</strong></span> <span class='ocrx_word' id='word_1_118' title='bbox 938 712 1011 738; x_wconf 68' lang='lat' dir='ltr'><strong>qure-</strong></span> 
     </span>
    </p>
   </div>
   <div class='ocr_carea' id='block_1_18' title="bbox 230 746 1012 782">
    <p class='ocr_par' dir='ltr' id='par_1_18' title="bbox 230 746 1012 782">
     <span class='ocr_line' id='line_1_18' title="bbox 230 746 1012 782; baseline 0.004 -10"><span class='ocrx_word' id='word_1_119' title='bbox 230 751 288 772; x_wconf 74' lang='lat' dir='ltr'><strong>stus</strong></span> <span class='ocrx_word' id='word_1_120' title='bbox 300 746 406 773; x_wconf 85' lang='lat' dir='ltr'><strong>illorum</strong></span> <span class='ocrx_word' id='word_1_121' title='bbox 420 747 541 781; x_wconf 81' lang='lat' dir='ltr'><strong>funditus</strong></span> <span class='ocrx_word' id='word_1_122' title='bbox 555 748 709 778; x_wconf 76' lang='lat' dir='ltr'><strong>evanuisset,</strong></span> <span class='ocrx_word' id='word_1_123' title='bbox 732 748 918 782; x_wconf 75' lang='lat' dir='ltr'><strong>apprehensum</strong></span> <span class='ocrx_word' id='word_1_124' title='bbox 939 749 1012 775; x_wconf 85' lang='lat' dir='ltr'><strong>Pau-</strong></span> 
     </span>
    </p>
   </div>
   <div class='ocr_carea' id='block_1_19' title="bbox 230 791 1011 830">
    <p class='ocr_par' dir='ltr' id='par_1_19' title="bbox 230 791 1011 830">
     <span class='ocr_line' id='line_1_19' title="bbox 230 791 1011 830; baseline 0.006 -13"><span class='ocrx_word' id='word_1_125' title='bbox 230 791 284 817; x_wconf 82' lang='lat' dir='ltr'><strong>lum</strong></span> <span class='ocrx_word' id='word_1_126' title='bbox 300 796 324 818; x_wconf 82' lang='lat' dir='ltr'><strong>et</strong></span> <span class='ocrx_word' id='word_1_127' title='bbox 335 791 417 819; x_wconf 82' lang='lat' dir='ltr'><strong>Silam</strong></span> <span class='ocrx_word' id='word_1_128' title='bbox 429 797 567 819; x_wconf 71' lang='lat' dir='ltr'><strong>traxerunt</strong></span> <span class='ocrx_word' id='word_1_129' title='bbox 582 794 607 820; x_wconf 89' lang='lat' dir='ltr'><strong>in</strong></span> <span class='ocrx_word' id='word_1_130' title='bbox 622 794 709 828; x_wconf 82' lang='lat' dir='ltr'><strong>forum</strong></span> <span class='ocrx_word' id='word_1_131' title='bbox 719 794 753 820; x_wconf 84' lang='lat' dir='ltr'><strong>ad</strong></span> <span class='ocrx_word' id='word_1_132' title='bbox 769 795 897 828; x_wconf 79' lang='lat' dir='ltr'><strong>principes</strong></span> <span class='ocrx_word' id='word_1_133' title='bbox 908 795 946 828; x_wconf 84' lang='grc'><strong>³¹;</strong></span> <span class='ocrx_word' id='word_1_134' title='bbox 964 796 1011 830; x_wconf 87' lang='lat' dir='ltr'><strong>qui</strong></span> 
     </span>
    </p>
   </div>
   <div class='ocr_carea' id='block_1_20' title="bbox 231 837 1047 886">
    <p class='ocr_par' dir='ltr' id='par_1_20' title="bbox 231 837 1047 886">
     <span class='ocr_line' id='line_1_20' title="bbox 231 837 1047 886; baseline 0.006 -23"><span class='ocrx_word' id='word_1_135' title='bbox 231 837 337 864; x_wconf 90' lang='lat' dir='ltr'><strong>illorum</strong></span> <span class='ocrx_word' id='word_1_136' title='bbox 350 838 493 866; x_wconf 79' lang='lat' dir='ltr'><strong>calumniis</strong></span> <span class='ocrx_word' id='word_1_137' title='bbox 519 839 651 866; x_wconf 75' lang='lat' dir='ltr'><strong>seditione</strong></span> <span class='ocrx_word' id='word_1_138' title='bbox 669 844 727 866; x_wconf 91' lang='lat' dir='ltr'><strong>orta</strong></span> <span class='ocrx_word' id='word_1_139' title='bbox 743 840 851 873; x_wconf 85' lang='lat' dir='ltr'><strong>injuriis</strong></span> <span class='ocrx_word' id='word_1_140' title='bbox 876 842 946 868; x_wconf 87' lang='lat' dir='ltr'><strong>male</strong></span> <span class='ocrx_word' id='word_1_141' title='bbox 962 841 1011 868; x_wconf 86' lang='lat' dir='ltr'><strong>ha-</strong></span> <span class='ocrx_word' id='word_1_142' title='bbox 1027 859 1047 886; x_wconf 75' lang='grc' dir='ltr'>Β</span> 
     </span>
    </p>
   </div>
   <div class='ocr_carea' id='block_1_21' title="bbox 229 881 1009 921">
    <p class='ocr_par' dir='ltr' id='par_1_21' title="bbox 229 881 1009 921">
     <span class='ocr_line' id='line_1_21' title="bbox 229 881 1009 921; baseline 0.005 -12"><span class='ocrx_word' id='word_1_143' title='bbox 229 881 277 909; x_wconf 87' lang='lat' dir='ltr'><strong>hiti</strong></span> <span class='ocrx_word' id='word_1_144' title='bbox 293 883 433 918; x_wconf 79' lang='lat' dir='ltr'><strong>plagisque</strong></span> <span class='ocrx_word' id='word_1_145' title='bbox 446 885 507 911; x_wconf 70' lang='lat' dir='ltr'><strong>cmsi</strong></span> <span class='ocrx_word' id='word_1_146' title='bbox 528 889 601 912; x_wconf 86' lang='lat' dir='ltr'><strong>sunt.</strong></span> <span class='ocrx_word' id='word_1_147' title='bbox 623 885 706 920; x_wconf 79' lang='lat' dir='ltr'><strong>Igitur</strong></span> <span class='ocrx_word' id='word_1_148' title='bbox 732 886 755 912; x_wconf 88' lang='lat' dir='ltr'><strong>si</strong></span> <span class='ocrx_word' id='word_1_149' title='bbox 772 885 873 914; x_wconf 83' lang='lat' dir='ltr'><strong>Paulus</strong></span> <span class='ocrx_word' id='word_1_150' title='bbox 884 887 1009 921; x_wconf 89' lang='lat' dir='ltr'><strong>spiritum</strong></span> 
     </span>
    </p>
   </div>
   <div class='ocr_carea' id='block_1_22' title="bbox 230 928 1010 967">
    <p class='ocr_par' dir='ltr' id='par_1_22' title="bbox 230 928 1010 967">
     <span class='ocr_line' id='line_1_22' title="bbox 230 928 1010 967; baseline 0.006 -13"><span class='ocrx_word' id='word_1_151' title='bbox 230 928 373 964; x_wconf 81' lang='lat' dir='ltr'><strong>increpans</strong></span> <span class='ocrx_word' id='word_1_152' title='bbox 391 931 462 958; x_wconf 85' lang='lat' dir='ltr'><strong>illico</strong></span> <span class='ocrx_word' id='word_1_153' title='bbox 491 930 640 966; x_wconf 68' lang='lat' dir='ltr'><strong>Pythonem</strong></span> <span class='ocrx_word' id='word_1_154' title='bbox 655 931 758 966; x_wconf 85' lang='lat' dir='ltr'><strong>depulit</strong></span> <span class='ocrx_word' id='word_1_155' title='bbox 774 932 832 967; x_wconf 89' lang='lat' dir='ltr'><strong>ipso</strong></span> <span class='ocrx_word' id='word_1_156' title='bbox 860 933 913 959; x_wconf 83' lang='lat' dir='ltr'><strong>ictu</strong></span> <span class='ocrx_word' id='word_1_157' title='bbox 927 933 1010 965; x_wconf 88' lang='lat' dir='ltr'><strong>oculi,</strong></span> 
     </span>
    </p>
   </div>
   <div class='ocr_carea' id='block_1_23' title="bbox 229 975 1012 1014">
    <p class='ocr_par' dir='ltr' id='par_1_23' title="bbox 229 975 1012 1014">
     <span class='ocr_line' id='line_1_23' title="bbox 229 975 1012 1014; baseline 0.006 -12"><span class='ocrx_word' id='word_1_158' title='bbox 229 979 255 1002; x_wconf 83' lang='lat' dir='ltr'><strong>et</strong></span> <span class='ocrx_word' id='word_1_159' title='bbox 272 975 383 1009; x_wconf 72' lang='lat' dir='ltr'><strong>spiritus</strong></span> <span class='ocrx_word' id='word_1_160' title='bbox 395 979 528 1010; x_wconf 85' lang='lat' dir='ltr'><strong>potestate</strong></span> <span class='ocrx_word' id='word_1_161' title='bbox 543 977 617 1004; x_wconf 87' lang='lat' dir='ltr'><strong>verbi</strong></span> <span class='ocrx_word' id='word_1_162' title='bbox 634 977 749 1012; x_wconf 76' lang='lat' dir='ltr'><strong>aufugit,</strong></span> <span class='ocrx_word' id='word_1_163' title='bbox 764 985 826 1005; x_wconf 91' lang='lat' dir='ltr'><strong>eum</strong></span> <span class='ocrx_word' id='word_1_164' title='bbox 851 978 950 1014; x_wconf 68' lang='lat' dir='ltr'><strong>lingua:</strong></span> <span class='ocrx_word' id='word_1_165' title='bbox 967 987 1012 1007; x_wconf 88' lang='lat' dir='ltr'><strong>so-</strong></span> 
     </span>
    </p>
   </div>
   <div class='ocr_carea' id='block_1_24' title="bbox 228 1021 1012 1057">
    <p class='ocr_par' dir='ltr' id='par_1_24' title="bbox 228 1021 1012 1057">
     <span class='ocr_line' id='line_1_24' title="bbox 228 1021 1012 1057; baseline 0.006 -11"><span class='ocrx_word' id='word_1_166' title='bbox 228 1027 292 1046; x_wconf 93' lang='lat' dir='ltr'><strong>num</strong></span> <span class='ocrx_word' id='word_1_167' title='bbox 305 1027 359 1047; x_wconf 90' lang='lat' dir='ltr'><strong>non</strong></span> <span class='ocrx_word' id='word_1_168' title='bbox 374 1021 506 1055; x_wconf 83' lang='lat' dir='ltr'><strong>potuisset</strong></span> <span class='ocrx_word' id='word_1_169' title='bbox 518 1022 652 1048; x_wconf 82' lang='lat' dir='ltr'><strong>sustinere</strong></span> <span class='ocrx_word' id='word_1_170' title='bbox 665 1043 672 1054; x_wconf 86' lang='lat'><strong>,</strong></span> <span class='ocrx_word' id='word_1_171' title='bbox 693 1022 767 1049; x_wconf 83' lang='lat' dir='ltr'><strong>dicat</strong></span> <span class='ocrx_word' id='word_1_172' title='bbox 781 1023 809 1049; x_wconf 94' lang='lat' dir='ltr'><strong>in</strong></span> <span class='ocrx_word' id='word_1_173' title='bbox 824 1028 946 1057; x_wconf 87' lang='lat' dir='ltr'><strong>apertum</strong></span> <span class='ocrx_word' id='word_1_174' title='bbox 965 1031 1012 1051; x_wconf 85' lang='lat' dir='ltr'><strong>ve-</strong></span> 
     </span>
    </p>
   </div>
   <div class='ocr_carea' id='block_1_25' title="bbox 227 1066 1012 1104">
    <p class='ocr_par' dir='ltr' id='par_1_25' title="bbox 227 1066 1012 1104">
     <span class='ocr_line' id='line_1_25' title="bbox 227 1066 1012 1104; baseline 0.005 -12"><span class='ocrx_word' id='word_1_175' title='bbox 227 1066 306 1093; x_wconf 87' lang='lat' dir='ltr'><strong>niens</strong></span> <span class='ocrx_word' id='word_1_176' title='bbox 320 1067 367 1100; x_wconf 91' lang='lat' dir='ltr'><strong>qui</strong></span> <span class='ocrx_word' id='word_1_177' title='bbox 385 1067 457 1093; x_wconf 84' lang='lat' dir='ltr'><strong>illam</strong></span> <span class='ocrx_word' id='word_1_178' title='bbox 482 1067 644 1094; x_wconf 82' lang='lat' dir='ltr'><strong>sententiam</strong></span> <span class='ocrx_word' id='word_1_179' title='bbox 667 1067 774 1102; x_wconf 86' lang='lat' dir='ltr'><strong>prohat,</strong></span> <span class='ocrx_word' id='word_1_180' title='bbox 793 1076 848 1103; x_wconf 87' lang='lat' dir='ltr'><strong>qua</strong></span> <span class='ocrx_word' id='word_1_181' title='bbox 870 1070 1012 1104; x_wconf 86' lang='lat' dir='ltr'><strong>potestatis</strong></span> 
     </span>
    </p>
   </div>
   <div class='ocr_carea' id='block_1_26' title="bbox 227 1111 1010 1142">
    <p class='ocr_par' dir='ltr' id='par_1_26' title="bbox 227 1111 1010 1142">
     <span class='ocr_line' id='line_1_26' title="bbox 227 1111 1010 1142; baseline 0.006 -5"><span class='ocrx_word' id='word_1_182' title='bbox 227 1111 254 1137; x_wconf 86' lang='lat' dir='ltr'><strong>vi</strong></span> <span class='ocrx_word' id='word_1_183' title='bbox 270 1118 323 1137; x_wconf 91' lang='lat' dir='ltr'><strong>una</strong></span> <span class='ocrx_word' id='word_1_184' title='bbox 337 1119 398 1138; x_wconf 84' lang='lat' dir='ltr'><strong>cum</strong></span> <span class='ocrx_word' id='word_1_185' title='bbox 425 1111 508 1139; x_wconf 87' lang='lat' dir='ltr'><strong>Paulo</strong></span> <span class='ocrx_word' id='word_1_186' title='bbox 533 1113 692 1140; x_wconf 83' lang='lat' dir='ltr'><strong>sentientem</strong></span> <span class='ocrx_word' id='word_1_187' title='bbox 715 1113 867 1142; x_wconf 90' lang='lat' dir='ltr'><strong>Samuelem</strong></span> <span class='ocrx_word' id='word_1_188' title='bbox 896 1115 1010 1142; x_wconf 86' lang='lat' dir='ltr'><strong>invitum</strong></span> 
     </span>
    </p>
   </div>
   <div class='ocr_carea' id='block_1_27' title="bbox 227 1156 1010 1189">
    <p class='ocr_par' dir='ltr' id='par_1_27' title="bbox 227 1156 1010 1189">
     <span class='ocr_line' id='line_1_27' title="bbox 227 1156 1010 1189; baseline 0.006 -6"><span class='ocrx_word' id='word_1_189' title='bbox 227 1156 332 1184; x_wconf 60' lang='lat' dir='ltr'><strong>daemon</strong></span> <span class='ocrx_word' id='word_1_190' title='bbox 345 1166 462 1186; x_wconf 83' lang='lat' dir='ltr'><strong>evocans</strong></span> <span class='ocrx_word' id='word_1_191' title='bbox 479 1159 513 1186; x_wconf 82' lang='lat' dir='ltr'><strong>ab</strong></span> <span class='ocrx_word' id='word_1_192' title='bbox 527 1159 620 1186; x_wconf 82' lang='lat' dir='ltr'><strong>inferis</strong></span> <span class='ocrx_word' id='word_1_193' title='bbox 631 1160 723 1187; x_wconf 77' lang='lat' dir='ltr'><strong>eduxit</strong></span> <span class='ocrx_word' id='word_1_194' title='bbox 736 1161 747 1187; x_wconf 87' lang='lat'><strong>?</strong></span> <span class='ocrx_word' id='word_1_195' title='bbox 760 1160 812 1188; x_wconf 86' lang='lat' dir='ltr'><strong>Sed</strong></span> <span class='ocrx_word' id='word_1_196' title='bbox 829 1161 897 1188; x_wconf 88' lang='lat' dir='ltr'><strong>nihil</strong></span> <span class='ocrx_word' id='word_1_197' title='bbox 914 1162 1010 1189; x_wconf 91' lang='lat' dir='ltr'><strong>horum</strong></span> 
     </span>
    </p>
   </div>
   <div class='ocr_carea' id='block_1_28' title="bbox 227 1203 1010 1242">
    <p class='ocr_par' dir='ltr' id='par_1_28' title="bbox 227 1203 1010 1242">
     <span class='ocr_line' id='line_1_28' title="bbox 227 1203 1010 1242; baseline 0.008 -14"><span class='ocrx_word' id='word_1_198' title='bbox 227 1203 299 1236; x_wconf 86' lang='lat' dir='ltr'><strong>quod</strong></span> <span class='ocrx_word' id='word_1_199' title='bbox 313 1211 406 1230; x_wconf 81' lang='lat' dir='ltr'><strong>verum</strong></span> <span class='ocrx_word' id='word_1_200' title='bbox 419 1205 453 1230; x_wconf 86' lang='lat' dir='ltr'><strong>sit</strong></span> <span class='ocrx_word' id='word_1_201' title='bbox 468 1206 566 1239; x_wconf 89' lang='lat' dir='ltr'><strong>poterit</strong></span> <span class='ocrx_word' id='word_1_202' title='bbox 580 1205 776 1233; x_wconf 85' lang='lat' dir='ltr'><strong>demonstrare.</strong></span> <span class='ocrx_word' id='word_1_203' title='bbox 790 1206 827 1232; x_wconf 83' lang='lat' dir='ltr'><strong>Ita</strong></span> <span class='ocrx_word' id='word_1_204' title='bbox 844 1211 872 1233; x_wconf 92' lang='lat' dir='ltr'><strong>ut</strong></span> <span class='ocrx_word' id='word_1_205' title='bbox 884 1207 927 1233; x_wconf 90' lang='lat' dir='ltr'><strong>hic</strong></span> <span class='ocrx_word' id='word_1_206' title='bbox 941 1215 1010 1242; x_wconf 88' lang='lat' dir='ltr'><strong>quo-</strong></span> 
     </span>
    </p>
   </div>
   <div class='ocr_carea' id='block_1_29' title="bbox 226 1248 1009 1285">
    <p class='ocr_par' dir='ltr' id='par_1_29' title="bbox 226 1248 1009 1285">
     <span class='ocr_line' id='line_1_29' title="bbox 226 1248 1009 1285; baseline 0.006 -11"><span class='ocrx_word' id='word_1_207' title='bbox 226 1256 280 1282; x_wconf 85' lang='lat' dir='ltr'><strong>que</strong></span> <span class='ocrx_word' id='word_1_208' title='bbox 294 1248 365 1276; x_wconf 80' lang='lat' dir='ltr'><strong>facili</strong></span> <span class='ocrx_word' id='word_1_209' title='bbox 377 1250 485 1284; x_wconf 81' lang='lat' dir='ltr'><strong>negotio</strong></span> <span class='ocrx_word' id='word_1_210' title='bbox 500 1250 649 1285; x_wconf 79' lang='lat' dir='ltr'><strong>intelligere</strong></span> <span class='ocrx_word' id='word_1_211' title='bbox 663 1251 800 1285; x_wconf 87' lang='lat' dir='ltr'><strong>possimus</strong></span> <span class='ocrx_word' id='word_1_212' title='bbox 809 1251 1009 1279; x_wconf 80' lang='lat' dir='ltr'><strong>fraudulentum</strong></span> 
     </span>
    </p>
   </div>
   <div class='ocr_carea' id='block_1_30' title="bbox 228 1295 1011 1332">
    <p class='ocr_par' dir='ltr' id='par_1_30' title="bbox 228 1295 1011 1332">
     <span class='ocr_line' id='line_1_30' title="bbox 228 1295 1011 1332; baseline 0.008 -11"><span class='ocrx_word' id='word_1_213' title='bbox 228 1295 314 1326; x_wconf 83' lang='lat' dir='ltr'><strong>illum.</strong></span> <span class='ocrx_word' id='word_1_214' title='bbox 329 1296 394 1323; x_wconf 85' lang='lat' dir='ltr'><strong>dum</strong></span> <span class='ocrx_word' id='word_1_215' title='bbox 407 1296 508 1324; x_wconf 87' lang='lat' dir='ltr'><strong>diceret</strong></span> <span class='ocrx_word' id='word_1_216' title='bbox 527 1307 534 1324; x_wconf 90' lang='lat'><strong>:</strong></span> <span class='ocrx_word' id='word_1_217' title='bbox 549 1297 645 1332; x_wconf 76' lang='lat' dir='ltr'><strong>Uir/uid</strong></span> <span class='ocrx_word' id='word_1_218' title='bbox 660 1298 819 1332; x_wconf 78' lang='lat' dir='ltr'><strong>perturbasti</strong></span> <span class='ocrx_word' id='word_1_219' title='bbox 836 1308 875 1326; x_wconf 87' lang='lat' dir='ltr'><strong>me</strong></span> <span class='ocrx_word' id='word_1_220' title='bbox 891 1300 932 1327; x_wconf 68' lang='lat'><strong>“‘3</strong></span> <span class='ocrx_word' id='word_1_221' title='bbox 942 1300 1011 1327; x_wconf 83' lang='lat' dir='ltr'><strong>Sali—</strong></span> 
     </span>
    </p>
   </div>
   <div class='ocr_carea' id='block_1_31' title="bbox 227 1339 1011 1380">
    <p class='ocr_par' dir='ltr' id='par_1_31' title="bbox 227 1339 1011 1380">
     <span class='ocr_line' id='line_1_31' title="bbox 227 1339 1011 1380; baseline 0.008 -14"><span class='ocrx_word' id='word_1_222' title='bbox 227 1339 280 1366; x_wconf 83' lang='lat' dir='ltr'><strong>lem</strong></span> <span class='ocrx_word' id='word_1_223' title='bbox 296 1344 400 1366; x_wconf 86' lang='lat' dir='ltr'><strong>mutata</strong></span> <span class='ocrx_word' id='word_1_224' title='bbox 417 1341 501 1368; x_wconf 76' lang='lat' dir='ltr'><strong>forma</strong></span> <span class='ocrx_word' id='word_1_225' title='bbox 516 1342 766 1371; x_wconf 71' lang='lat' dir='ltr'><strong>allocutuml‘uisse.</strong></span> <span class='ocrx_word' id='word_1_226' title='bbox 784 1345 916 1372; x_wconf 84' lang='lat' dir='ltr'><strong>lnnuebat</strong></span> <span class='ocrx_word' id='word_1_227' title='bbox 931 1346 1011 1380; x_wconf 88' lang='lat' dir='ltr'><strong>quip-</strong></span> 
     </span>
    </p>
   </div>
   <div class='ocr_carea' id='block_1_32' title="bbox 227 1387 1008 1424">
    <p class='ocr_par' dir='ltr' id='par_1_32' title="bbox 227 1387 1008 1424">
     <span class='ocr_line' id='line_1_32' title="bbox 227 1387 1008 1424; baseline 0.008 -12"><span class='ocrx_word' id='word_1_228' title='bbox 227 1393 261 1420; x_wconf 81' lang='lat' dir='ltr'><strong>pe</strong></span> <span class='ocrx_word' id='word_1_229' title='bbox 277 1393 306 1413; x_wconf 86' lang='lat' dir='ltr'><strong>se</strong></span> <span class='ocrx_word' id='word_1_230' title='bbox 325 1394 378 1413; x_wconf 89' lang='lat' dir='ltr'><strong>non</strong></span> <span class='ocrx_word' id='word_1_231' title='bbox 395 1395 444 1414; x_wconf 86' lang='lat' dir='ltr'><strong>sua</strong></span> <span class='ocrx_word' id='word_1_232' title='bbox 458 1387 608 1420; x_wconf 78' lang='lat' dir='ltr'><strong>voluntate,</strong></span> <span class='ocrx_word' id='word_1_233' title='bbox 629 1389 677 1416; x_wconf 89' lang='lat' dir='ltr'><strong>sed</strong></span> <span class='ocrx_word' id='word_1_234' title='bbox 705 1390 818 1417; x_wconf 85' lang='lat' dir='ltr'><strong>invitum</strong></span> <span class='ocrx_word' id='word_1_235' title='bbox 843 1392 1008 1424; x_wconf 75' lang='lat' dir='ltr'><strong>ascendisse,</strong></span> 
     </span>
    </p>
   </div>
   <div class='ocr_carea' id='block_1_33' title="bbox 228 1431 1009 1471">
    <p class='ocr_par' dir='ltr' id='par_1_33' title="bbox 228 1431 1009 1471">
     <span class='ocr_line' id='line_1_33' title="bbox 228 1431 1009 1471; baseline 0.008 -13"><span class='ocrx_word' id='word_1_236' title='bbox 228 1431 381 1464; x_wconf 88' lang='lat' dir='ltr'><strong>nolentem,</strong></span> <span class='ocrx_word' id='word_1_237' title='bbox 407 1433 566 1460; x_wconf 84' lang='lat' dir='ltr'><strong>necessitate</strong></span> <span class='ocrx_word' id='word_1_238' title='bbox 596 1438 622 1461; x_wconf 90' lang='lat' dir='ltr'><strong>et</strong></span> <span class='ocrx_word' id='word_1_239' title='bbox 647 1435 672 1461; x_wconf 90' lang='lat' dir='ltr'><strong>vi</strong></span> <span class='ocrx_word' id='word_1_240' title='bbox 702 1436 785 1462; x_wconf 85' lang='lat' dir='ltr'><strong>veluti</strong></span> <span class='ocrx_word' id='word_1_241' title='bbox 813 1438 1009 1471; x_wconf 61' lang='lat' dir='ltr'><strong>praestantioris</strong></span> 
     </span>
    </p>
   </div>
   <div class='ocr_carea' id='block_1_34' title="bbox 228 1478 1009 1512">
    <p class='ocr_par' dir='ltr' id='par_1_34' title="bbox 228 1478 1009 1512">
     <span class='ocr_line' id='line_1_34' title="bbox 228 1478 1009 1512; baseline 0.008 -8"><span class='ocrx_word' id='word_1_242' title='bbox 228 1478 340 1512; x_wconf 87' lang='lat' dir='ltr'><strong>imperio</strong></span> <span class='ocrx_word' id='word_1_243' title='bbox 353 1483 477 1505; x_wconf 88' lang='lat' dir='ltr'><strong>coactum</strong></span> <span class='ocrx_word' id='word_1_244' title='bbox 505 1479 619 1507; x_wconf 86' lang='lat' dir='ltr'><strong>missum</strong></span> <span class='ocrx_word' id='word_1_245' title='bbox 636 1480 730 1508; x_wconf 79' lang='lat' dir='ltr'><strong>fuisse.</strong></span> <span class='ocrx_word' id='word_1_246' title='bbox 758 1480 815 1509; x_wconf 77' lang='lat' dir='ltr'><strong>Rex</strong></span> <span class='ocrx_word' id='word_1_247' title='bbox 829 1490 894 1510; x_wconf 85' lang='lat' dir='ltr'><strong>vero</strong></span> <span class='ocrx_word' id='word_1_248' title='bbox 912 1483 949 1509; x_wconf 90' lang='lat' dir='ltr'><strong>illi</strong></span> <span class='ocrx_word' id='word_1_249' title='bbox 966 1491 1009 1510; x_wconf 86' lang='lat' dir='ltr'><strong>re-</strong></span> 
     </span>
    </p>
   </div>
   <div class='ocr_carea' id='block_1_35' title="bbox 227 1523 368 1557">
    <p class='ocr_par' dir='ltr' id='par_1_35' title="bbox 227 1523 368 1557">
     <span class='ocr_line' id='line_1_35' title="bbox 227 1523 368 1557; baseline 0.021 -9"><span class='ocrx_word' id='word_1_250' title='bbox 227 1523 337 1557; x_wconf 79' lang='lat' dir='ltr'><strong>spondit</strong></span> <span class='ocrx_word' id='word_1_251' title='bbox 362 1533 368 1551; x_wconf 95' lang='lat'>:</span> 
     </span>
    </p>
   </div>
   <div class='ocr_carea' id='block_1_36' title="bbox 227 1569 1007 1605">
    <p class='ocr_par' dir='ltr' id='par_1_36' title="bbox 227 1569 1007 1605">
     <span class='ocr_line' id='line_1_36' title="bbox 227 1569 1007 1605; baseline 0.009 -10"><span class='ocrx_word' id='word_1_252' title='bbox 227 1577 284 1601; x_wconf 86' lang='lat' dir='ltr'><strong>me;</strong></span> <span class='ocrx_word' id='word_1_253' title='bbox 295 1574 319 1596; x_wconf 83' lang='lat' dir='ltr'><strong>el</strong></span> <span class='ocrx_word' id='word_1_254' title='bbox 334 1569 415 1602; x_wconf 81' lang='lat' dir='ltr'><strong>Deus,</strong></span> <span class='ocrx_word' id='word_1_255' title='bbox 432 1571 479 1603; x_wconf 83' lang='lat' dir='ltr'><strong>ait,</strong></span> <span class='ocrx_word' id='word_1_256' title='bbox 494 1572 612 1598; x_wconf 68' lang='lat' dir='ltr'><strong>discessit</strong></span> <span class='ocrx_word' id='word_1_257' title='bbox 626 1582 641 1599; x_wconf 84' lang='grc' dir='ltr'>(ι</span> <span class='ocrx_word' id='word_1_258' title='bbox 656 1582 705 1605; x_wconf 89' lang='lat' dir='ltr'><strong>me,</strong></span> <span class='ocrx_word' id='word_1_259' title='bbox 721 1579 745 1600; x_wconf 89' lang='lat' dir='ltr'><strong>el</strong></span> <span class='ocrx_word' id='word_1_260' title='bbox 761 1583 811 1601; x_wconf 89' lang='lat' dir='ltr'><strong>non</strong></span> <span class='ocrx_word' id='word_1_261' title='bbox 827 1575 1007 1602; x_wconf 69' lang='lat' dir='ltr'><strong>exaudit-itm:</strong></span> 
     </span>
    </p>
   </div>
   <div class='ocr_carea' id='block_1_37' title="bbox 227 1615 1007 1652">
    <p class='ocr_par' dir='ltr' id='par_1_37' title="bbox 227 1615 1007 1652">
     <span class='ocr_line' id='line_1_37' title="bbox 227 1615 1007 1652; baseline 0.009 -12"><span class='ocrx_word' id='word_1_262' title='bbox 227 1615 308 1646; x_wconf 78' lang='lat' dir='ltr'><strong>ultra,</strong></span> <span class='ocrx_word' id='word_1_263' title='bbox 322 1617 402 1643; x_wconf 83' lang='lat' dir='ltr'><strong>etiam</strong></span> <span class='ocrx_word' id='word_1_264' title='bbox 417 1618 443 1644; x_wconf 86' lang='lat' dir='ltr'><strong>in</strong></span> <span class='ocrx_word' id='word_1_265' title='bbox 459 1626 538 1644; x_wconf 80' lang='lat' dir='ltr'><strong>manu</strong></span> <span class='ocrx_word' id='word_1_266' title='bbox 556 1619 740 1652; x_wconf 80' lang='lat' dir='ltr'><strong>prophetarum</strong></span> <span class='ocrx_word' id='word_1_267' title='bbox 754 1624 777 1646; x_wconf 85' lang='lat' dir='ltr'><strong>et</strong></span> <span class='ocrx_word' id='word_1_268' title='bbox 804 1621 830 1646; x_wconf 84' lang='lat' dir='ltr'><strong>in</strong></span> <span class='ocrx_word' id='word_1_269' title='bbox 846 1621 971 1652; x_wconf 80' lang='lat' dir='ltr'><strong>somniis;</strong></span> <span class='ocrx_word' id='word_1_270' title='bbox 983 1626 1007 1647; x_wconf 85' lang='lat' dir='ltr'><strong>et</strong></span> 
     </span>
    </p>
   </div>
   <div class='ocr_carea' id='block_1_38' title="bbox 227 1662 1005 1699">
    <p class='ocr_par' dir='ltr' id='par_1_38' title="bbox 227 1662 1005 1699">
     <span class='ocr_line' id='line_1_38' title="bbox 227 1662 1005 1699; baseline 0.008 -13"><span class='ocrx_word' id='word_1_271' title='bbox 227 1668 296 1687; x_wconf 81' lang='lat' dir='ltr'><strong>nunc</strong></span> <span class='ocrx_word' id='word_1_272' title='bbox 311 1663 399 1688; x_wconf 78' lang='lat' dir='ltr'><strong>vocavi</strong></span> <span class='ocrx_word' id='word_1_273' title='bbox 416 1667 439 1688; x_wconf 89' lang='lat' dir='ltr'><strong>te</strong></span> <span class='ocrx_word' id='word_1_274' title='bbox 453 1662 487 1688; x_wconf 80' lang='lat' dir='ltr'><strong>ad</strong></span> <span class='ocrx_word' id='word_1_275' title='bbox 505 1663 694 1698; x_wconf 78' lang='lat' dir='ltr'><strong>noliﬁcaudum</strong></span> <span class='ocrx_word' id='word_1_276' title='bbox 707 1665 770 1691; x_wconf 80' lang='lat' dir='ltr'><strong>milii</strong></span> <span class='ocrx_word' id='word_1_277' title='bbox 785 1665 846 1699; x_wconf 81' lang='lat' dir='ltr'><strong>quid</strong></span> <span class='ocrx_word' id='word_1_278' title='bbox 863 1665 960 1699; x_wconf 77' lang='lat' dir='ltr'><strong>faciam</strong></span> <span class='ocrx_word' id='word_1_279' title='bbox 972 1666 1005 1693; x_wconf 79' lang='grc'><strong>³⁵.</strong></span> 
     </span>
    </p>
   </div>
   <div class='ocr_carea' id='block_1_39' title="bbox 228 1705 1006 1746">
    <p class='ocr_par' dir='ltr' id='par_1_39' title="bbox 228 1705 1006 1746">
     <span class='ocr_line' id='line_1_39' title="bbox 228 1705 1006 1746; baseline 0.009 -14"><span class='ocrx_word' id='word_1_280' title='bbox 228 1705 325 1733; x_wconf 77' lang='lat' dir='ltr'><strong>lterum</strong></span> <span class='ocrx_word' id='word_1_281' title='bbox 342 1708 423 1742; x_wconf 72' lang='lat' dir='ltr'><strong>igitur</strong></span> <span class='ocrx_word' id='word_1_282' title='bbox 448 1709 667 1743; x_wconf 83' lang='lat' dir='ltr'><strong>respondendum</strong></span> <span class='ocrx_word' id='word_1_283' title='bbox 695 1715 736 1738; x_wconf 88' lang='lat' dir='ltr'><strong>est</strong></span> <span class='ocrx_word' id='word_1_284' title='bbox 753 1720 758 1737; x_wconf 88' lang='lat'>:</span> <span class='ocrx_word' id='word_1_285' title='bbox 781 1710 886 1743; x_wconf 84' lang='lat' dir='ltr'><strong>Nonne,</strong></span> <span class='ocrx_word' id='word_1_286' title='bbox 903 1711 926 1738; x_wconf 86' lang='lat' dir='ltr'><strong>si</strong></span> <span class='ocrx_word' id='word_1_287' title='bbox 944 1719 1006 1746; x_wconf 88' lang='lat' dir='ltr'><strong>spe-</strong></span> 
     </span>
    </p>
   </div>
   <div class='ocr_carea' id='block_1_40' title="bbox 226 1752 1007 1790">
    <p class='ocr_par' dir='ltr' id='par_1_40' title="bbox 226 1752 1007 1790">
     <span class='ocr_line' id='line_1_40' title="bbox 226 1752 1007 1790; baseline 0.008 -12"><span class='ocrx_word' id='word_1_288' title='bbox 226 1752 334 1779; x_wconf 81' lang='lat' dir='ltr'><strong>ctabilis</strong></span> <span class='ocrx_word' id='word_1_289' title='bbox 351 1753 396 1780; x_wconf 86' lang='lat' dir='ltr'><strong>ille</strong></span> <span class='ocrx_word' id='word_1_290' title='bbox 409 1753 515 1780; x_wconf 88' lang='lat' dir='ltr'><strong>Samuel</strong></span> <span class='ocrx_word' id='word_1_291' title='bbox 531 1755 659 1790; x_wconf 71' lang='lat' dir='ltr'><strong>propheta</strong></span> <span class='ocrx_word' id='word_1_292' title='bbox 678 1755 783 1783; x_wconf 73' lang='lat' dir='ltr'><strong>fixisset.</strong></span> <span class='ocrx_word' id='word_1_293' title='bbox 801 1757 887 1783; x_wconf 76' lang='lat' dir='ltr'><strong>virum</strong></span> <span class='ocrx_word' id='word_1_294' title='bbox 906 1757 932 1784; x_wconf 91' lang='lat' dir='ltr'><strong>in</strong></span> <span class='ocrx_word' id='word_1_295' title='bbox 950 1765 1007 1784; x_wconf 88' lang='lat' dir='ltr'><strong>me-</strong></span> 
     </span>
    </p>
   </div>
   <div class='ocr_carea' id='block_1_41' title="bbox 227 1797 1006 1832">
    <p class='ocr_par' dir='ltr' id='par_1_41' title="bbox 227 1797 1006 1832">
     <span class='ocr_line' id='line_1_41' title="bbox 227 1797 1006 1832; baseline 0.005 -9"><span class='ocrx_word' id='word_1_296' title='bbox 227 1797 321 1824; x_wconf 89' lang='lat' dir='ltr'><strong>liorem</strong></span> <span class='ocrx_word' id='word_1_297' title='bbox 334 1797 438 1832; x_wconf 79' lang='lat' dir='ltr'><strong>frugem</strong></span> <span class='ocrx_word' id='word_1_298' title='bbox 454 1799 511 1825; x_wconf 87' lang='lat' dir='ltr'><strong>suis</strong></span> <span class='ocrx_word' id='word_1_299' title='bbox 526 1799 634 1826; x_wconf 87' lang='lat' dir='ltr'><strong>monitis</strong></span> <span class='ocrx_word' id='word_1_300' title='bbox 660 1799 834 1827; x_wconf 72' lang='lat' dir='ltr'><strong>reduxisset?</strong></span> <span class='ocrx_word' id='word_1_301' title='bbox 850 1799 943 1827; x_wconf 77' lang='lat' dir='ltr'><strong>Nonne</strong></span> <span class='ocrx_word' id='word_1_302' title='bbox 969 1801 1006 1827; x_wconf 93' lang='lat' dir='ltr'><strong>illi</strong></span> 
     </span>
    </p>
   </div>
   <div class='ocr_carea' id='block_1_42' title="bbox 225 1843 1006 1877">
    <p class='ocr_par' dir='ltr' id='par_1_42' title="bbox 225 1843 1006 1877">
     <span class='ocr_line' id='line_1_42' title="bbox 225 1843 1006 1877; baseline 0.006 -9"><span class='ocrx_word' id='word_1_303' title='bbox 225 1843 342 1877; x_wconf 89' lang='lat' dir='ltr'><strong>primum</strong></span> <span class='ocrx_word' id='word_1_304' title='bbox 359 1843 472 1870; x_wconf 75' lang='lat' dir='ltr'><strong>dixisset</strong></span> <span class='ocrx_word' id='word_1_305' title='bbox 486 1853 493 1871; x_wconf 94' lang='lat'>:</span> <span class='ocrx_word' id='word_1_306' title='bbox 507 1844 553 1871; x_wconf 88' lang='lat' dir='ltr'><strong>Dic</strong></span> <span class='ocrx_word' id='word_1_307' title='bbox 569 1844 646 1876; x_wconf 87' lang='lat' dir='ltr'><strong>mihi,</strong></span> <span class='ocrx_word' id='word_1_308' title='bbox 663 1845 784 1872; x_wconf 89' lang='lat' dir='ltr'><strong>omnium</strong></span> <span class='ocrx_word' id='word_1_309' title='bbox 798 1845 937 1872; x_wconf 88' lang='lat' dir='ltr'><strong>hominum</strong></span> <span class='ocrx_word' id='word_1_310' title='bbox 953 1847 1006 1873; x_wconf 87' lang='lat' dir='ltr'><strong>mi-</strong></span> 
     </span>
    </p>
   </div>
   <div class='ocr_carea' id='block_1_43' title="bbox 227 1889 1007 1924">
    <p class='ocr_par' dir='ltr' id='par_1_43' title="bbox 227 1889 1007 1924">
     <span class='ocr_line' id='line_1_43' title="bbox 227 1889 1007 1924; baseline 0.006 -10"><span class='ocrx_word' id='word_1_311' title='bbox 227 1889 349 1920; x_wconf 87' lang='lat' dir='ltr'><strong>serrime,</strong></span> <span class='ocrx_word' id='word_1_312' title='bbox 377 1889 400 1916; x_wconf 91' lang='lat' dir='ltr'><strong>si</strong></span> <span class='ocrx_word' id='word_1_313' title='bbox 422 1889 579 1924; x_wconf 75' lang='lat' dir='ltr'><strong>alienigenae</strong></span> <span class='ocrx_word' id='word_1_314' title='bbox 592 1890 724 1917; x_wconf 80' lang='lat' dir='ltr'><strong>instructa</strong></span> <span class='ocrx_word' id='word_1_315' title='bbox 743 1891 802 1918; x_wconf 87' lang='lat' dir='ltr'><strong>acie</strong></span> <span class='ocrx_word' id='word_1_316' title='bbox 816 1892 941 1919; x_wconf 89' lang='lat' dir='ltr'><strong>cominus</strong></span> <span class='ocrx_word' id='word_1_317' title='bbox 958 1892 1007 1919; x_wconf 88' lang='lat' dir='ltr'><strong>ob-</strong></span> 
     </span>
    </p>
   </div>
   <div class='ocr_carea' id='block_1_44' title="bbox 225 1934 1006 1970">
    <p class='ocr_par' dir='ltr' id='par_1_44' title="bbox 225 1934 1006 1970">
     <span class='ocr_line' id='line_1_44' title="bbox 225 1934 1006 1970; baseline 0.006 -10"><span class='ocrx_word' id='word_1_318' title='bbox 225 1934 325 1961; x_wconf 76' lang='lat' dir='ltr'><strong>vallant</strong></span> <span class='ocrx_word' id='word_1_319' title='bbox 337 1942 426 1970; x_wconf 77' lang='lat' dir='ltr'><strong>pugna</strong></span> <span class='ocrx_word' id='word_1_320' title='bbox 442 1935 617 1966; x_wconf 80' lang='lat' dir='ltr'><strong>decertaturi,</strong></span> <span class='ocrx_word' id='word_1_321' title='bbox 635 1937 657 1963; x_wconf 87' lang='lat' dir='ltr'><strong>si</strong></span> <span class='ocrx_word' id='word_1_322' title='bbox 683 1936 753 1964; x_wconf 87' lang='lat' dir='ltr'><strong>Deus</strong></span> <span class='ocrx_word' id='word_1_323' title='bbox 767 1936 895 1964; x_wconf 85' lang='lat' dir='ltr'><strong>discessit</strong></span> <span class='ocrx_word' id='word_1_324' title='bbox 910 1945 925 1964; x_wconf 93' lang='lat' dir='ltr'><strong>a</strong></span> <span class='ocrx_word' id='word_1_325' title='bbox 940 1943 965 1965; x_wconf 90' lang='lat' dir='ltr'><strong>te</strong></span> <span class='ocrx_word' id='word_1_326' title='bbox 980 1942 1006 1966; x_wconf 90' lang='lat' dir='ltr'><strong>et</strong></span> 
     </span>
    </p>
   </div>
   <div class='ocr_carea' id='block_1_45' title="bbox 224 1979 1007 2019">
    <p class='ocr_par' dir='ltr' id='par_1_45' title="bbox 224 1979 1007 2019">
     <span class='ocr_line' id='line_1_45' title="bbox 224 1979 1007 2019; baseline 0.009 -14"><span class='ocrx_word' id='word_1_327' title='bbox 224 1979 332 2014; x_wconf 90' lang='lat' dir='ltr'><strong>penitus</strong></span> <span class='ocrx_word' id='word_1_328' title='bbox 343 1988 397 2007; x_wconf 90' lang='lat' dir='ltr'><strong>non</strong></span> <span class='ocrx_word' id='word_1_329' title='bbox 411 1980 543 2014; x_wconf 80' lang='lat' dir='ltr'><strong>exaudiit,</strong></span> <span class='ocrx_word' id='word_1_330' title='bbox 567 1989 654 2016; x_wconf 83' lang='lat' dir='ltr'><strong>neque</strong></span> <span class='ocrx_word' id='word_1_331' title='bbox 669 1983 815 2017; x_wconf 68' lang='lat' dir='ltr'><strong>prophctxc,</strong></span> <span class='ocrx_word' id='word_1_332' title='bbox 831 1983 895 2010; x_wconf 90' lang='lat' dir='ltr'><strong>dum</strong></span> <span class='ocrx_word' id='word_1_333' title='bbox 921 1992 969 2019; x_wconf 92' lang='lat' dir='ltr'><strong>pro</strong></span> <span class='ocrx_word' id='word_1_334' title='bbox 980 1988 1007 2013; x_wconf 88' lang='lat' dir='ltr'><strong>te</strong></span> 
     </span>
    </p>
   </div>
   <div class='ocr_carea' id='block_1_46' title="bbox 226 2024 1007 2065">
    <p class='ocr_par' dir='ltr' id='par_1_46' title="bbox 226 2024 1007 2065">
     <span class='ocr_line' id='line_1_46' title="bbox 226 2024 1007 2065; baseline 0.012 -16"><span class='ocrx_word' id='word_1_335' title='bbox 226 2024 385 2058; x_wconf 80' lang='lat' dir='ltr'><strong>legationem</strong></span> <span class='ocrx_word' id='word_1_336' title='bbox 411 2025 537 2058; x_wconf 87' lang='lat' dir='ltr'><strong>subeunt,</strong></span> <span class='ocrx_word' id='word_1_337' title='bbox 553 2026 700 2062; x_wconf 85' lang='lat' dir='ltr'><strong>quidquam</strong></span> <span class='ocrx_word' id='word_1_338' title='bbox 725 2029 889 2063; x_wconf 77' lang='lat' dir='ltr'><strong>percipiunt,</strong></span> <span class='ocrx_word' id='word_1_339' title='bbox 919 2038 1007 2065; x_wconf 89' lang='lat' dir='ltr'><strong>neque</strong></span> 
     </span>
    </p>
   </div>
   <div class='ocr_carea' id='block_1_47' title="bbox 227 2069 1006 2110">
    <p class='ocr_par' dir='ltr' id='par_1_47' title="bbox 227 2069 1006 2110">
     <span class='ocr_line' id='line_1_47' title="bbox 227 2069 1006 2110; baseline 0.01 -14"><span class='ocrx_word' id='word_1_340' title='bbox 227 2069 297 2097; x_wconf 88' lang='lat' dir='ltr'><strong>inter</strong></span> <span class='ocrx_word' id='word_1_341' title='bbox 309 2070 497 2098; x_wconf 83' lang='lat' dir='ltr'><strong>dormiendum</strong></span> <span class='ocrx_word' id='word_1_342' title='bbox 509 2080 597 2107; x_wconf 85' lang='lat' dir='ltr'><strong>neque</strong></span> <span class='ocrx_word' id='word_1_343' title='bbox 623 2075 692 2101; x_wconf 85' lang='lat' dir='ltr'><strong>inter</strong></span> <span class='ocrx_word' id='word_1_344' title='bbox 707 2075 873 2110; x_wconf 80' lang='lat' dir='ltr'><strong>vigilandum</strong></span> <span class='ocrx_word' id='word_1_345' title='bbox 890 2077 953 2110; x_wconf 85' lang='lat' dir='ltr'><strong>quid</strong></span> <span class='ocrx_word' id='word_1_346' title='bbox 967 2077 1006 2104; x_wconf 80' lang='lat' dir='ltr'><strong>fa-</strong></span> 
     </span>
    </p>
   </div>
   <div class='ocr_carea' id='block_1_48' title="bbox 225 2116 1006 2156">
    <p class='ocr_par' dir='ltr' id='par_1_48' title="bbox 225 2116 1006 2156">
     <span class='ocr_line' id='line_1_48' title="bbox 225 2116 1006 2156; baseline 0.01 -15"><span class='ocrx_word' id='word_1_347' title='bbox 225 2119 269 2142; x_wconf 87' lang='lat' dir='ltr'><strong>cto</strong></span> <span class='ocrx_word' id='word_1_348' title='bbox 281 2123 349 2150; x_wconf 89' lang='lat' dir='ltr'><strong>opus</strong></span> <span class='ocrx_word' id='word_1_349' title='bbox 366 2116 401 2143; x_wconf 84' lang='lat' dir='ltr'><strong>sit</strong></span> <span class='ocrx_word' id='word_1_350' title='bbox 412 2117 582 2151; x_wconf 82' lang='lat' dir='ltr'><strong>admoneris;</strong></span> <span class='ocrx_word' id='word_1_351' title='bbox 598 2127 686 2147; x_wconf 88' lang='lat' dir='ltr'><strong>nonne</strong></span> <span class='ocrx_word' id='word_1_352' title='bbox 698 2119 733 2147; x_wconf 86' lang='lat' dir='ltr'><strong>ibi</strong></span> <span class='ocrx_word' id='word_1_353' title='bbox 747 2121 837 2155; x_wconf 88' lang='lat' dir='ltr'><strong>potius</strong></span> <span class='ocrx_word' id='word_1_354' title='bbox 853 2125 932 2149; x_wconf 66' lang='lat' dir='ltr'><strong>terrae</strong></span> <span class='ocrx_word' id='word_1_355' title='bbox 947 2130 1006 2156; x_wconf 86' lang='lat' dir='ltr'><strong>pro-</strong></span> 
     </span>
    </p>
   </div>
   <div class='ocr_carea' id='block_1_49' title="bbox 225 2161 1005 2200">
    <p class='ocr_par' dir='ltr' id='par_1_49' title="bbox 225 2161 1005 2200">
     <span class='ocr_line' id='line_1_49' title="bbox 225 2161 1005 2200; baseline 0.01 -13"><span class='ocrx_word' id='word_1_356' title='bbox 225 2161 355 2189; x_wconf 86' lang='lat' dir='ltr'><strong>cumbens</strong></span> <span class='ocrx_word' id='word_1_357' title='bbox 370 2161 453 2189; x_wconf 89' lang='lat' dir='ltr'><strong>Deum</strong></span> <span class='ocrx_word' id='word_1_358' title='bbox 469 2163 517 2190; x_wconf 83' lang='lat' dir='ltr'><strong>tibi</strong></span> <span class='ocrx_word' id='word_1_359' title='bbox 534 2165 677 2199; x_wconf 88' lang='lat' dir='ltr'><strong>propitium</strong></span> <span class='ocrx_word' id='word_1_360' title='bbox 693 2166 804 2193; x_wconf 85' lang='lat' dir='ltr'><strong>reddere</strong></span> <span class='ocrx_word' id='word_1_361' title='bbox 820 2167 964 2200; x_wconf 89' lang='lat' dir='ltr'><strong>debueras,</strong></span> <span class='ocrx_word' id='word_1_362' title='bbox 978 2172 1005 2195; x_wconf 89' lang='lat' dir='ltr'><strong>et</strong></span> 
     </span>
    </p>
   </div>
   <div class='ocr_carea' id='block_1_50' title="bbox 223 2207 1005 2247">
    <p class='ocr_par' dir='ltr' id='par_1_50' title="bbox 223 2207 1005 2247">
     <span class='ocr_line' id='line_1_50' title="bbox 223 2207 1005 2247; baseline 0.01 -13"><span class='ocrx_word' id='word_1_363' title='bbox 223 2207 403 2244; x_wconf 84' lang='lat' dir='ltr'><strong>eleemosynis</strong></span> <span class='ocrx_word' id='word_1_364' title='bbox 420 2209 448 2236; x_wconf 87' lang='lat' dir='ltr'><strong>in</strong></span> <span class='ocrx_word' id='word_1_365' title='bbox 462 2217 594 2244; x_wconf 84' lang='lat' dir='ltr'><strong>pauperes</strong></span> <span class='ocrx_word' id='word_1_366' title='bbox 605 2212 724 2247; x_wconf 77' lang='lat' dir='ltr'><strong>erogatis</strong></span> <span class='ocrx_word' id='word_1_367' title='bbox 748 2217 921 2246; x_wconf 86' lang='lat' dir='ltr'><strong>peccatorum</strong></span> <span class='ocrx_word' id='word_1_368' title='bbox 938 2221 1005 2242; x_wconf 91' lang='lat' dir='ltr'><strong>cau-</strong></span> 
     </span>
    </p>
   </div>
   <div class='ocr_carea' id='block_1_51' title="bbox 223 2254 1003 2294">
    <p class='ocr_par' dir='ltr' id='par_1_51' title="bbox 223 2254 1003 2294">
     <span class='ocr_line' id='line_1_51' title="bbox 223 2254 1003 2294; baseline 0.009 -14"><span class='ocrx_word' id='word_1_369' title='bbox 223 2260 269 2280; x_wconf 86' lang='lat' dir='ltr'><strong>sas</strong></span> <span class='ocrx_word' id='word_1_370' title='bbox 283 2254 402 2287; x_wconf 85' lang='lat' dir='ltr'><strong>abluere,</strong></span> <span class='ocrx_word' id='word_1_371' title='bbox 415 2258 505 2283; x_wconf 89' lang='lat' dir='ltr'><strong>etnon</strong></span> <span class='ocrx_word' id='word_1_372' title='bbox 520 2256 552 2283; x_wconf 89' lang='lat' dir='ltr'><strong>ad</strong></span> <span class='ocrx_word' id='word_1_373' title='bbox 569 2261 655 2284; x_wconf 84' lang='lat' dir='ltr'><strong>vatem</strong></span> <span class='ocrx_word' id='word_1_374' title='bbox 673 2259 918 2294; x_wconf 80' lang='lat' dir='ltr'><strong>engastrimythum</strong></span> <span class='ocrx_word' id='word_1_375' title='bbox 935 2267 1003 2288; x_wconf 87' lang='lat' dir='ltr'><strong>con-</strong></span> 
     </span>
    </p>
   </div>
   <div class='ocr_carea' id='block_1_52' title="bbox 223 2298 1004 2340">
    <p class='ocr_par' dir='ltr' id='par_1_52' title="bbox 223 2298 1004 2340">
     <span class='ocr_line' id='line_1_52' title="bbox 223 2298 1004 2340; baseline 0.009 -14"><span class='ocrx_word' id='word_1_376' title='bbox 223 2298 328 2334; x_wconf 76' lang='lat' dir='ltr'><strong>fugere,</strong></span> <span class='ocrx_word' id='word_1_377' title='bbox 342 2304 369 2327; x_wconf 90' lang='lat' dir='ltr'><strong>et</strong></span> <span class='ocrx_word' id='word_1_378' title='bbox 382 2308 432 2335; x_wconf 87' lang='lat' dir='ltr'><strong>pro</strong></span> <span class='ocrx_word' id='word_1_379' title='bbox 453 2300 557 2329; x_wconf 81' lang='lat' dir='ltr'><strong>furiosa</strong></span> <span class='ocrx_word' id='word_1_380' title='bbox 571 2301 738 2331; x_wconf 83' lang='lat' dir='ltr'><strong>divinatione</strong></span> <span class='ocrx_word' id='word_1_381' title='bbox 755 2303 864 2338; x_wconf 85' lang='lat' dir='ltr'><strong>pictatis</strong></span> <span class='ocrx_word' id='word_1_382' title='bbox 885 2305 1004 2340; x_wconf 79' lang='lat' dir='ltr'><strong>insignia</strong></span> 
     </span>
    </p>
   </div>
   <div class='ocr_carea' id='block_1_53' title="bbox 222 2349 1004 2382">
    <p class='ocr_par' dir='ltr' id='par_1_53' title="bbox 222 2349 1004 2382">
     <span class='ocr_line' id='line_1_53' title="bbox 222 2349 1004 2382; baseline 0.009 -10"><span class='ocrx_word' id='word_1_383' title='bbox 222 2350 400 2378; x_wconf 79' lang='lat' dir='ltr'><strong>commutare,</strong></span> <span class='ocrx_word' id='word_1_384' title='bbox 419 2355 506 2382; x_wconf 83' lang='lat' dir='ltr'><strong>neque</strong></span> <span class='ocrx_word' id='word_1_385' title='bbox 531 2355 585 2375; x_wconf 92' lang='lat' dir='ltr'><strong>non</strong></span> <span class='ocrx_word' id='word_1_386' title='bbox 605 2349 689 2376; x_wconf 85' lang='lat' dir='ltr'><strong>semel</strong></span> <span class='ocrx_word' id='word_1_387' title='bbox 710 2350 865 2378; x_wconf 85' lang='lat' dir='ltr'><strong>calamitate</strong></span> <span class='ocrx_word' id='word_1_388' title='bbox 889 2351 1004 2379; x_wconf 85' lang='lat' dir='ltr'><strong>auetiori</strong></span> 
     </span>
    </p>
   </div>
   <div class='ocr_carea' id='block_1_54' title="bbox 221 2391 1004 2429">
    <p class='ocr_par' dir='ltr' id='par_1_54' title="bbox 221 2391 1004 2429">
     <span class='ocr_line' id='line_1_54' title="bbox 221 2391 1004 2429; baseline 0.009 -12"><span class='ocrx_word' id='word_1_389' title='bbox 221 2391 396 2426; x_wconf 84' lang='lat' dir='ltr'><strong>opprimere?</strong></span> <span class='ocrx_word' id='word_1_390' title='bbox 410 2391 451 2419; x_wconf 80' lang='lat' dir='ltr'><strong>An</strong></span> <span class='ocrx_word' id='word_1_391' title='bbox 467 2396 492 2420; x_wconf 89' lang='lat' dir='ltr'><strong>te</strong></span> <span class='ocrx_word' id='word_1_392' title='bbox 509 2392 579 2429; x_wconf 78' lang='lat' dir='ltr'><strong>fugit</strong></span> <span class='ocrx_word' id='word_1_393' title='bbox 592 2394 759 2421; x_wconf 78' lang='lat' dir='ltr'><strong>exsecranda</strong></span> <span class='ocrx_word' id='word_1_394' title='bbox 773 2394 830 2422; x_wconf 75' lang='lat' dir='ltr'><strong>haec</strong></span> <span class='ocrx_word' id='word_1_395' title='bbox 845 2395 928 2422; x_wconf 88' lang='lat' dir='ltr'><strong>Deum</strong></span> <span class='ocrx_word' id='word_1_396' title='bbox 955 2404 1004 2424; x_wconf 72' lang='lat' dir='ltr'><strong>ex-</strong></span> 
     </span>
    </p>
   </div>
   <div class='ocr_carea' id='block_1_55' title="bbox 222 2437 1004 2476">
    <p class='ocr_par' dir='ltr' id='par_1_55' title="bbox 222 2437 1004 2476">
     <span class='ocr_line' id='line_1_55' title="bbox 222 2437 1004 2476; baseline 0.005 -12"><span class='ocrx_word' id='word_1_397' title='bbox 222 2437 324 2472; x_wconf 79' lang='lat' dir='ltr'><strong>pressis</strong></span> <span class='ocrx_word' id='word_1_398' title='bbox 341 2439 432 2466; x_wconf 84' lang='lat' dir='ltr'><strong>verbis</strong></span> <span class='ocrx_word' id='word_1_399' title='bbox 448 2447 496 2474; x_wconf 87' lang='lat' dir='ltr'><strong>per</strong></span> <span class='ocrx_word' id='word_1_400' title='bbox 509 2438 619 2474; x_wconf 82' lang='lat' dir='ltr'><strong>Moysen</strong></span> <span class='ocrx_word' id='word_1_401' title='bbox 634 2440 660 2466; x_wconf 90' lang='lat' dir='ltr'><strong>in</strong></span> <span class='ocrx_word' id='word_1_402' title='bbox 678 2439 798 2467; x_wconf 86' lang='lat' dir='ltr'><strong>Levitico</strong></span> <span class='ocrx_word' id='word_1_403' title='bbox 811 2441 1004 2476; x_wconf 86' lang='lat' dir='ltr'><strong>prohibuisse?</strong></span> 
     </span>
    </p>
   </div>
   <div class='ocr_carea' id='block_1_56' title="bbox 223 2481 1003 2519">
    <p class='ocr_par' dir='ltr' id='par_1_56' title="bbox 223 2481 1003 2519">
     <span class='ocr_line' id='line_1_56' title="bbox 223 2481 1003 2519; baseline 0.005 -10"><span class='ocrx_word' id='word_1_404' title='bbox 223 2481 285 2509; x_wconf 83' lang='lat' dir='ltr'><strong>Non</strong></span> <span class='ocrx_word' id='word_1_405' title='bbox 312 2484 455 2518; x_wconf 75' lang='lat' dir='ltr'><strong>sequemini</strong></span> <span class='ocrx_word' id='word_1_406' title='bbox 480 2484 709 2519; x_wconf 69' lang='lat' dir='ltr'><strong>engastrimythos,</strong></span> <span class='ocrx_word' id='word_1_407' title='bbox 739 2489 764 2512; x_wconf 84' lang='lat' dir='ltr'><strong>et</strong></span> <span class='ocrx_word' id='word_1_408' title='bbox 792 2485 1003 2513; x_wconf 72' lang='lat' dir='ltr'><strong>incantatoribus</strong></span> 
     </span>
    </p>
   </div>
   <div class='ocr_carea' id='block_1_57' title="bbox 222 2528 1004 2567">
    <p class='ocr_par' dir='ltr' id='par_1_57' title="bbox 222 2528 1004 2567">
     <span class='ocr_line' id='line_1_57' title="bbox 222 2528 1004 2567; baseline 0.006 -13"><span class='ocrx_word' id='word_1_409' title='bbox 222 2535 274 2554; x_wconf 88' lang='lat' dir='ltr'><strong>non</strong></span> <span class='ocrx_word' id='word_1_410' title='bbox 289 2528 464 2562; x_wconf 58' lang='lat' dir='ltr'><strong>adharebitis,</strong></span> <span class='ocrx_word' id='word_1_411' title='bbox 497 2535 524 2556; x_wconf 85' lang='lat' dir='ltr'><strong>ut</strong></span> <span class='ocrx_word' id='word_1_412' title='bbox 550 2530 722 2564; x_wconf 85' lang='lat' dir='ltr'><strong>inquinemini</strong></span> <span class='ocrx_word' id='word_1_413' title='bbox 741 2531 767 2558; x_wconf 91' lang='lat' dir='ltr'><strong>in</strong></span> <span class='ocrx_word' id='word_1_414' title='bbox 793 2531 841 2559; x_wconf 76' lang='lat' dir='ltr'><strong>eis.</strong></span> <span class='ocrx_word' id='word_1_415' title='bbox 861 2531 917 2567; x_wconf 85' lang='lat' dir='ltr'><strong>Ego</strong></span> <span class='ocrx_word' id='word_1_416' title='bbox 945 2540 1004 2559; x_wconf 75' lang='lat' dir='ltr'><strong>sum</strong></span> 
     </span>
    </p>
   </div>
   <div class='ocr_carea' id='block_1_58' title="bbox 223 2572 1003 2614">
    <p class='ocr_par' dir='ltr' id='par_1_58' title="bbox 223 2572 1003 2614">
     <span class='ocr_line' id='line_1_58' title="bbox 223 2572 1003 2614; baseline 0.008 -14"><span class='ocrx_word' id='word_1_417' title='bbox 223 2572 350 2601; x_wconf 79' lang='lat' dir='ltr'><strong>Dominus</strong></span> <span class='ocrx_word' id='word_1_418' title='bbox 375 2574 446 2602; x_wconf 73' lang='lat' dir='ltr'><strong>Deus</strong></span> <span class='ocrx_word' id='word_1_419' title='bbox 458 2580 540 2602; x_wconf 75' lang='lat' dir='ltr'><strong>vester</strong></span> <span class='ocrx_word' id='word_1_420' title='bbox 553 2575 585 2602; x_wconf 81' lang='grc'><strong>³⁸.</strong></span> <span class='ocrx_word' id='word_1_421' title='bbox 600 2575 695 2603; x_wconf 86' lang='lat' dir='ltr'><strong>Nonne</strong></span> <span class='ocrx_word' id='word_1_422' title='bbox 721 2577 824 2605; x_wconf 83' lang='lat' dir='ltr'><strong>scelera</strong></span> <span class='ocrx_word' id='word_1_423' title='bbox 847 2578 905 2606; x_wconf 80' lang='lat' dir='ltr'><strong>haec</strong></span> <span class='ocrx_word' id='word_1_424' title='bbox 921 2579 1003 2614; x_wconf 84' lang='lat' dir='ltr'><strong>impia</strong></span> 
     </span>
    </p>
   </div>
   <div class='ocr_carea' id='block_1_59' title="bbox 222 2619 1004 2660">
    <p class='ocr_par' dir='ltr' id='par_1_59' title="bbox 222 2619 1004 2660">
     <span class='ocr_line' id='line_1_59' title="bbox 222 2619 1004 2660; baseline 0.006 -15"><span class='ocrx_word' id='word_1_425' title='bbox 222 2622 302 2653; x_wconf 84' lang='lat' dir='ltr'><strong>putas</strong></span> <span class='ocrx_word' id='word_1_426' title='bbox 317 2619 372 2647; x_wconf 91' lang='lat' dir='ltr'><strong>Deo</strong></span> <span class='ocrx_word' id='word_1_427' title='bbox 389 2620 537 2650; x_wconf 81' lang='lat' dir='ltr'><strong>adversari.</strong></span> <span class='ocrx_word' id='word_1_428' title='bbox 553 2625 580 2649; x_wconf 87' lang='lat' dir='ltr'><strong>et</strong></span> <span class='ocrx_word' id='word_1_429' title='bbox 589 2622 704 2649; x_wconf 87' lang='lat' dir='ltr'><strong>similem</strong></span> <span class='ocrx_word' id='word_1_430' title='bbox 722 2621 840 2650; x_wconf 82' lang='lat' dir='ltr'><strong>fabulam</strong></span> <span class='ocrx_word' id='word_1_431' title='bbox 855 2632 934 2660; x_wconf 79' lang='lat' dir='ltr'><strong>agere</strong></span> <span class='ocrx_word' id='word_1_432' title='bbox 954 2632 1004 2650; x_wconf 81' lang='lat' dir='ltr'><strong>au-</strong></span> 
     </span>
    </p>
   </div>
   <div class='ocr_carea' id='block_1_60' title="bbox 217 2662 1006 2704">
    <p class='ocr_par' dir='ltr' id='par_1_60' title="bbox 217 2662 1006 2704">
     <span class='ocr_line' id='line_1_60' title="bbox 217 2662 1006 2704; baseline 0.011 -14"><span class='ocrx_word' id='word_1_433' title='bbox 217 2662 282 2691; x_wconf 83' lang='lat' dir='ltr'><strong>des?</strong></span> <span class='ocrx_word' id='word_1_434' title='bbox 293 2665 361 2692; x_wconf 84' lang='lat' dir='ltr'><strong>Audi</strong></span> <span class='ocrx_word' id='word_1_435' title='bbox 374 2675 434 2702; x_wconf 68' lang='lat' dir='ltr'><strong>qua:</strong></span> <span class='ocrx_word' id='word_1_436' title='bbox 447 2674 607 2704; x_wconf 86' lang='lat' dir='ltr'><strong>sequuntur,</strong></span> <span class='ocrx_word' id='word_1_437' title='bbox 621 2669 676 2697; x_wconf 86' lang='lat' dir='ltr'><strong>Deo</strong></span> <span class='ocrx_word' id='word_1_438' title='bbox 691 2670 750 2704; x_wconf 90' lang='lat' dir='ltr'><strong>ipso</strong></span> <span class='ocrx_word' id='word_1_439' title='bbox 769 2672 873 2699; x_wconf 88' lang='lat' dir='ltr'><strong>oraculi</strong></span> <span class='ocrx_word' id='word_1_440' title='bbox 888 2672 941 2698; x_wconf 86' lang='lat' dir='ltr'><strong>ritu</strong></span> <span class='ocrx_word' id='word_1_441' title='bbox 960 2679 1006 2698; x_wconf 88' lang='lat' dir='ltr'><strong>su-</strong></span> 
     </span>
    </p>
   </div>
   <div class='ocr_carea' id='block_1_61' title="bbox 217 2709 1000 2751">
    <p class='ocr_par' dir='ltr' id='par_1_61' title="bbox 217 2709 1000 2751">
     <span class='ocr_line' id='line_1_61' title="bbox 217 2709 1000 2751; baseline 0.013 -17"><span class='ocrx_word' id='word_1_442' title='bbox 217 2715 264 2742; x_wconf 84' lang='lat' dir='ltr'><strong>per</strong></span> <span class='ocrx_word' id='word_1_443' title='bbox 277 2709 327 2737; x_wconf 91' lang='lat' dir='ltr'><strong>hoc</strong></span> <span class='ocrx_word' id='word_1_444' title='bbox 344 2711 465 2741; x_wconf 78' lang='lat' dir='ltr'><strong>facinore</strong></span> <span class='ocrx_word' id='word_1_445' title='bbox 484 2715 643 2742; x_wconf 87' lang='lat' dir='ltr'><strong>enuntiante</strong></span> <span class='ocrx_word' id='word_1_446' title='bbox 662 2725 668 2742; x_wconf 74' lang='grc' dir='ltr'>ε</span> <span class='ocrx_word' id='word_1_447' title='bbox 689 2715 721 2741; x_wconf 82' lang='lat' dir='ltr'><strong>Et</strong></span> <span class='ocrx_word' id='word_1_448' title='bbox 737 2718 836 2749; x_wconf 82' lang='lat' dir='ltr'><strong>(mima,</strong></span> <span class='ocrx_word' id='word_1_449' title='bbox 850 2716 938 2751; x_wconf 89' lang='lat' dir='ltr'><strong>inquit</strong></span> <span class='ocrx_word' id='word_1_450' title='bbox 955 2717 1000 2750; x_wconf 65' lang='grc' dir='ltr'><strong>π’,</strong></span> 
     </span>
    </p>
   </div>
   <div class='ocr_carea' id='block_1_62' title="bbox 268 2761 796 2803">
    <p class='ocr_par' dir='ltr' id='par_1_62' title="bbox 268 2761 796 2803">
     <span class='ocr_line' id='line_1_62' title="bbox 268 2761 796 2803; baseline 0.025 -16"><span class='ocrx_word' id='word_1_451' title='bbox 268 2761 289 2803; x_wconf 61' lang='grc' dir='ltr'><strong>ξ’</strong></span> <span class='ocrx_word' id='word_1_452' title='bbox 302 2763 359 2790; x_wconf 73' lang='lat' dir='ltr'><strong>Art.</strong></span> <span class='ocrx_word' id='word_1_453' title='bbox 371 2772 426 2803; x_wconf 50' lang='lat' dir='ltr'><strong>xw:</strong></span> <span class='ocrx_word' id='word_1_454' title='bbox 446 2764 532 2793; x_wconf 58' lang='lat'><strong>1618.</strong></span> <span class='ocrx_word' id='word_1_455' title='bbox 590 2766 611 2781; x_wconf 84' lang='grc'><strong>⁸³</strong></span> <span class='ocrx_word' id='word_1_456' title='bbox 623 2766 684 2794; x_wconf 75' lang='lat' dir='ltr'><strong>illid.</strong></span> <span class='ocrx_word' id='word_1_457' title='bbox 702 2769 796 2803; x_wconf 81' lang='lat' dir='ltr'><strong>l8,l9.</strong></span> 
     </span>
    </p>
   </div>
   <div class='ocr_carea' id='block_1_63' title="bbox 224 2796 432 2827">
    <p class='ocr_par' dir='ltr' id='par_1_63' title="bbox 224 2796 432 2827">
     <span class='ocr_line' id='line_1_63' title="bbox 224 2796 432 2827; baseline 0.005 -4"><span class='ocrx_word' id='word_1_458' title='bbox 224 2796 256 2812; x_wconf 85' lang='grc'><strong>¹⁶’</strong></span> <span class='ocrx_word' id='word_1_459' title='bbox 274 2796 335 2824; x_wconf 85' lang='lat' dir='ltr'><strong>Lev.</strong></span> <span class='ocrx_word' id='word_1_460' title='bbox 350 2806 393 2827; x_wconf 71' lang='lat' dir='ltr'><strong>xx.</strong></span> <span class='ocrx_word' id='word_1_461' title='bbox 407 2799 432 2824; x_wconf 83' lang='lat'><strong>6.</strong></span> 
     </span>
    </p>
   </div>
   <div class='ocr_carea' id='block_1_64' title="bbox 847 2774 1147 2811">
    <p class='ocr_par' dir='ltr' id='par_1_64' title="bbox 847 2774 1147 2811">
     <span class='ocr_line' id='line_1_64' title="bbox 847 2774 1147 2811; baseline 0.013 -11"><span class='ocrx_word' id='word_1_462' title='bbox 847 2774 868 2789; x_wconf 73' lang='grc'><strong>⁸⁵</strong></span> <span class='ocrx_word' id='word_1_463' title='bbox 887 2774 901 2801; x_wconf 91' lang='grc' dir='ltr'><em>Ι</em></span> <span class='ocrx_word' id='word_1_464' title='bbox 918 2775 979 2811; x_wconf 82' lang='lat' dir='ltr'><strong>Reg.</strong></span> <span class='ocrx_word' id='word_1_465' title='bbox 992 2784 1087 2811; x_wconf 79' lang='lat' dir='ltr'><strong>uvni,</strong></span> <span class='ocrx_word' id='word_1_466' title='bbox 1105 2776 1147 2804; x_wconf 78' lang='grc'><strong>15.</strong></span> 
     </span>
    </p>
   </div>
   <div class='ocr_carea' id='block_1_65' title="bbox 1064 195 1846 232">
    <p class='ocr_par' dir='ltr' id='par_1_65' title="bbox 1064 195 1846 232">
     <span class='ocr_line' id='line_1_65' title="bbox 1064 195 1846 232; baseline -0.001 -9"><span class='ocrx_word' id='word_1_467' title='bbox 1064 196 1121 223; x_wconf 90' lang='grc' dir='ltr'>δίαν</span> <span class='ocrx_word' id='word_1_468' title='bbox 1132 197 1277 232; x_wconf 69' lang='grc' dir='ltr'>ξεύσεϐείας</span> <span class='ocrx_word' id='word_1_469' title='bbox 1292 196 1450 231; x_wconf 79' lang='grc' dir='ltr'>ἐπιγνώσει,</span> <span class='ocrx_word' id='word_1_470' title='bbox 1465 196 1614 232; x_wconf 81' lang='grc' dir='ltr'>τηνικαῦτα</span> <span class='ocrx_word' id='word_1_471' title='bbox 1631 195 1680 231; x_wconf 82' lang='grc' dir='ltr'>μὲν</span> <span class='ocrx_word' id='word_1_472' title='bbox 1694 195 1781 231; x_wconf 74' lang='grc' dir='ltr'>ᾤχετο</span> <span class='ocrx_word' id='word_1_473' title='bbox 1797 196 1846 228; x_wconf 78' lang='grc' dir='ltr'><strong>τὰς</strong></span> 
     </span>
    </p>
   </div>
   <div class='ocr_carea' id='block_1_66' title="bbox 1061 242 1846 278">
    <p class='ocr_par' dir='ltr' id='par_1_66' title="bbox 1061 242 1846 278">
     <span class='ocr_line' id='line_1_66' title="bbox 1061 242 1846 278; baseline 0.001 -10"><span class='ocrx_word' id='word_1_474' title='bbox 1061 243 1144 277; x_wconf 78' lang='grc' dir='ltr'><strong>εὐχὰς</strong></span> <span class='ocrx_word' id='word_1_475' title='bbox 1159 243 1289 270; x_wconf 80' lang='grc' dir='ltr'>ἀνοίσων·</span> <span class='ocrx_word' id='word_1_476' title='bbox 1314 243 1448 278; x_wconf 78' lang='grc' dir='ltr'><strong>Ἐγένετο</strong></span> <span class='ocrx_word' id='word_1_477' title='bbox 1470 242 1504 268; x_wconf 79' lang='grc' dir='ltr'><strong>δὲ</strong></span> <span class='ocrx_word' id='word_1_478' title='bbox 1524 242 1688 276; x_wconf 78' lang='grc' dir='ltr'><strong>παιδίσκην</strong></span> <span class='ocrx_word' id='word_1_479' title='bbox 1710 242 1846 276; x_wconf 58' lang='lat' dir='ltr'><strong>(inarui-</strong></span> 
     </span>
    </p>
   </div>
   <div class='ocr_carea' id='block_1_67' title="bbox 1062 287 1844 325">
    <p class='ocr_par' dir='ltr' id='par_1_67' title="bbox 1062 287 1844 325">
     <span class='ocr_line' id='line_1_67' title="bbox 1062 287 1844 325; baseline -0.001 -10"><span class='ocrx_word' id='word_1_480' title='bbox 1062 289 1114 315; x_wconf 85' lang='grc' dir='ltr'>σαί</span> <span class='ocrx_word' id='word_1_481' title='bbox 1126 297 1202 320; x_wconf 82' lang='grc' dir='ltr'>τινα,</span> <span class='ocrx_word' id='word_1_482' title='bbox 1218 289 1310 325; x_wconf 78' lang='grc' dir='ltr'>φησὶν,</span> <span class='ocrx_word' id='word_1_483' title='bbox 1326 289 1459 323; x_wconf 80' lang='grc' dir='ltr'>ἔχουσαν</span> <span class='ocrx_word' id='word_1_484' title='bbox 1475 288 1592 323; x_wconf 79' lang='grc' dir='ltr'>πνεῦμα</span> <span class='ocrx_word' id='word_1_485' title='bbox 1604 289 1755 320; x_wconf 83' lang='grc' dir='ltr'><strong>Πύθωνος,</strong></span> <span class='ocrx_word' id='word_1_486' title='bbox 1768 287 1844 322; x_wconf 77' lang='grc' dir='ltr'>ἤπερ</span> 
     </span>
    </p>
   </div>
   <div class='ocr_carea' id='block_1_68' title="bbox 1061 334 1844 370">
    <p class='ocr_par' dir='ltr' id='par_1_68' title="bbox 1061 334 1844 370">
     <span class='ocr_line' id='line_1_68' title="bbox 1061 334 1844 370; baseline -0.001 -9"><span class='ocrx_word' id='word_1_487' title='bbox 1061 335 1203 370; x_wconf 78' lang='grc' dir='ltr'><strong>ἐργασίαν</strong></span> <span class='ocrx_word' id='word_1_488' title='bbox 1232 334 1352 369; x_wconf 81' lang='grc' dir='ltr'><em>πολλὴν</em></span> <span class='ocrx_word' id='word_1_489' title='bbox 1378 335 1510 369; x_wconf 74' lang='grc' dir='ltr'>παρέσχε</span> <span class='ocrx_word' id='word_1_490' title='bbox 1532 334 1594 367; x_wconf 79' lang='grc' dir='ltr'>τοῖς</span> <span class='ocrx_word' id='word_1_491' title='bbox 1613 334 1727 368; x_wconf 81' lang='grc' dir='ltr'><strong>κυρίοις</strong></span> <span class='ocrx_word' id='word_1_492' title='bbox 1748 334 1844 367; x_wconf 79' lang='grc' dir='ltr'>αὐτῆς</span> 
     </span>
    </p>
   </div>
   <div class='ocr_carea' id='block_1_69' title="bbox 1059 379 1845 417">
    <p class='ocr_par' dir='ltr' id='par_1_69' title="bbox 1059 379 1845 417">
     <span class='ocr_line' id='line_1_69' title="bbox 1059 379 1845 417; baseline -0.001 -10"><span class='ocrx_word' id='word_1_493' title='bbox 1059 382 1274 416; x_wconf 62' lang='grc' dir='ltr'>μαντευομένη.</span> <span class='ocrx_word' id='word_1_494' title='bbox 1291 382 1449 417; x_wconf 81' lang='grc' dir='ltr'><strong>Τοιγαροῦν</strong></span> <span class='ocrx_word' id='word_1_495' title='bbox 1463 382 1537 414; x_wconf 80' lang='grc' dir='ltr'>αὕτη</span> <span class='ocrx_word' id='word_1_496' title='bbox 1551 379 1845 412; x_wconf 81' lang='grc' dir='ltr'>κατακολουθήσασα</span> 
     </span>
    </p>
   </div>
   <div class='ocr_carea' id='block_1_70' title="bbox 1062 422 1844 462">
    <p class='ocr_par' dir='ltr' id='par_1_70' title="bbox 1062 422 1844 462">
     <span class='ocr_line' id='line_1_70' title="bbox 1062 422 1844 462; baseline -0.004 -9"><span class='ocrx_word' id='word_1_497' title='bbox 1062 426 1101 459; x_wconf 81' lang='grc' dir='ltr'>τῲ</span> <span class='ocrx_word' id='word_1_498' title='bbox 1113 427 1220 460; x_wconf 83' lang='grc' dir='ltr'><em>Παύλῳ</em></span> <span class='ocrx_word' id='word_1_499' title='bbox 1238 427 1285 454; x_wconf 75' lang='grc' dir='ltr'>καὶ</span> <span class='ocrx_word' id='word_1_500' title='bbox 1297 427 1369 462; x_wconf 76' lang='grc' dir='ltr'>ἡμῖν</span> <span class='ocrx_word' id='word_1_501' title='bbox 1382 425 1482 460; x_wconf 76' lang='grc' dir='ltr'>ἔκραζε</span> <span class='ocrx_word' id='word_1_502' title='bbox 1495 425 1626 460; x_wconf 69' lang='grc' dir='ltr'><strong>λέγουσα</strong></span> <span class='ocrx_word' id='word_1_503' title='bbox 1638 425 1742 457; x_wconf 81' lang='grc' dir='ltr'>οὕτως.</span> <span class='ocrx_word' id='word_1_504' title='bbox 1756 422 1844 452; x_wconf 81' lang='grc' dir='ltr'><em>Οὗτοι</em></span> 
     </span>
    </p>
   </div>
   <div class='ocr_carea' id='block_1_71' title="bbox 1062 469 1843 507">
    <p class='ocr_par' dir='ltr' id='par_1_71' title="bbox 1062 469 1843 507">
     <span class='ocr_line' id='line_1_71' title="bbox 1062 469 1843 507; baseline -0.005 -8"><span class='ocrx_word' id='word_1_505' title='bbox 1062 474 1088 499; x_wconf 84' lang='grc' dir='ltr'><strong>οὶ</strong></span> <span class='ocrx_word' id='word_1_506' title='bbox 1106 473 1253 507; x_wconf 77' lang='grc' dir='ltr'><em>ἅνθρωποι</em></span> <span class='ocrx_word' id='word_1_507' title='bbox 1276 472 1380 499; x_wconf 78' lang='grc' dir='ltr'><em>δοῦλοι</em></span> <span class='ocrx_word' id='word_1_508' title='bbox 1398 471 1451 498; x_wconf 85' lang='grc' dir='ltr'><strong>τοῦ</strong></span> <span class='ocrx_word' id='word_1_509' title='bbox 1471 470 1544 498; x_wconf 88' lang='grc' dir='ltr'><strong>Θεοῦ</strong></span> <span class='ocrx_word' id='word_1_510' title='bbox 1556 470 1609 498; x_wconf 84' lang='grc' dir='ltr'><strong>τοῦ</strong></span> <span class='ocrx_word' id='word_1_511' title='bbox 1625 470 1760 504; x_wconf 73' lang='grc' dir='ltr'><em>ὑψίστου</em></span> <span class='ocrx_word' id='word_1_512' title='bbox 1774 469 1843 501; x_wconf 74' lang='grc' dir='ltr'><em>εισι,</em></span> 
     </span>
    </p>
   </div>
   <div class='ocr_carea' id='block_1_72' title="bbox 1062 515 1841 553">
    <p class='ocr_par' dir='ltr' id='par_1_72' title="bbox 1062 515 1841 553">
     <span class='ocr_line' id='line_1_72' title="bbox 1062 515 1841 553; baseline -0.005 -9"><span class='ocrx_word' id='word_1_513' title='bbox 1062 518 1170 551; x_wconf 79' lang='grc' dir='ltr'><em>οἵτινες</em></span> <span class='ocrx_word' id='word_1_514' title='bbox 1201 517 1456 553; x_wconf 55' lang='grc' dir='ltr'><strong>καταγγέλλουσιν</strong></span> <span class='ocrx_word' id='word_1_515' title='bbox 1484 516 1555 550; x_wconf 78' lang='grc' dir='ltr'>ἡμῖν</span> <span class='ocrx_word' id='word_1_516' title='bbox 1582 516 1654 542; x_wconf 69' lang='grc' dir='ltr'><em>ὁδὸν</em></span> <span class='ocrx_word' id='word_1_517' title='bbox 1685 515 1841 548; x_wconf 75' lang='grc' dir='ltr'>σωτηρίας.</span> 
     </span>
    </p>
   </div>
   <div class='ocr_carea' id='block_1_73' title="bbox 1062 560 1844 597">
    <p class='ocr_par' dir='ltr' id='par_1_73' title="bbox 1062 560 1844 597">
     <span class='ocr_line' id='line_1_73' title="bbox 1062 560 1844 597; baseline -0.005 -7"><span class='ocrx_word' id='word_1_518' title='bbox 1062 564 1117 590; x_wconf 78' lang='grc' dir='ltr'><strong>Καὶ</strong></span> <span class='ocrx_word' id='word_1_519' title='bbox 1135 563 1214 590; x_wconf 84' lang='grc' dir='ltr'>τοῦτο</span> <span class='ocrx_word' id='word_1_520' title='bbox 1228 563 1274 590; x_wconf 70' lang='grc' dir='ltr'><strong>ἐπὶ</strong></span> <span class='ocrx_word' id='word_1_521' title='bbox 1287 563 1386 595; x_wconf 81' lang='grc' dir='ltr'>πολλὰς</span> <span class='ocrx_word' id='word_1_522' title='bbox 1402 563 1532 597; x_wconf 80' lang='grc' dir='ltr'>ἔπραττεν</span> <span class='ocrx_word' id='word_1_523' title='bbox 1552 562 1657 597; x_wconf 81' lang='grc' dir='ltr'>ἡμέρας</span> <span class='ocrx_word' id='word_1_524' title='bbox 1668 570 1674 576; x_wconf 90' lang='grc'><strong>·</strong></span> <span class='ocrx_word' id='word_1_525' title='bbox 1691 561 1750 588; x_wconf 80' lang='grc' dir='ltr'>ἀλλ’</span> <span class='ocrx_word' id='word_1_526' title='bbox 1766 562 1781 587; x_wconf 84' lang='grc' dir='ltr'><strong>ὁ</strong></span> <span class='ocrx_word' id='word_1_527' title='bbox 1795 560 1844 596; x_wconf 72' lang='grc' dir='ltr'>μὲν</span> 
     </span>
    </p>
   </div>
   <div class='ocr_carea' id='block_1_74' title="bbox 1062 608 1842 645">
    <p class='ocr_par' dir='ltr' id='par_1_74' title="bbox 1062 608 1842 645">
     <span class='ocr_line' id='line_1_74' title="bbox 1062 608 1842 645; baseline -0.001 -10"><span class='ocrx_word' id='word_1_528' title='bbox 1062 609 1165 644; x_wconf 85' lang='grc' dir='ltr'>δαίμων</span> <span class='ocrx_word' id='word_1_529' title='bbox 1182 610 1290 645; x_wconf 80' lang='grc' dir='ltr'><strong>ἀοράτῳ</strong></span> <span class='ocrx_word' id='word_1_530' title='bbox 1309 609 1420 643; x_wconf 82' lang='grc' dir='ltr'><strong>μάστιγι</strong></span> <span class='ocrx_word' id='word_1_531' title='bbox 1438 608 1657 644; x_wconf 84' lang='grc' dir='ltr'>στρεϐλούμενος,</span> <span class='ocrx_word' id='word_1_532' title='bbox 1671 608 1747 634; x_wconf 79' lang='grc' dir='ltr'>ἄκων</span> <span class='ocrx_word' id='word_1_533' title='bbox 1759 608 1842 642; x_wconf 74' lang='grc' dir='ltr'>ἠναγ-</span> 
     </span>
    </p>
   </div>
   <div class='ocr_carea' id='block_1_75' title="bbox 1062 653 1844 690">
    <p class='ocr_par' dir='ltr' id='par_1_75' title="bbox 1062 653 1844 690">
     <span class='ocr_line' id='line_1_75' title="bbox 1062 653 1844 690; baseline -0.004 -8"><span class='ocrx_word' id='word_1_534' title='bbox 1062 655 1158 687; x_wconf 78' lang='grc' dir='ltr'>χάζετο</span> <span class='ocrx_word' id='word_1_535' title='bbox 1181 656 1306 687; x_wconf 76' lang='grc' dir='ltr'><strong>τοιαύτας</strong></span> <span class='ocrx_word' id='word_1_536' title='bbox 1327 655 1434 690; x_wconf 80' lang='grc' dir='ltr'><strong>ἀφιέναι</strong></span> <span class='ocrx_word' id='word_1_537' title='bbox 1458 655 1564 690; x_wconf 76' lang='grc' dir='ltr'>φωνάς·</span> <span class='ocrx_word' id='word_1_538' title='bbox 1587 655 1602 680; x_wconf 82' lang='grc' dir='ltr'>ὁ</span> <span class='ocrx_word' id='word_1_539' title='bbox 1621 654 1648 680; x_wconf 81' lang='grc' dir='ltr'><strong>δὲ</strong></span> <span class='ocrx_word' id='word_1_540' title='bbox 1665 653 1773 684; x_wconf 80' lang='grc' dir='ltr'><strong>Παῦλος</strong></span> <span class='ocrx_word' id='word_1_541' title='bbox 1794 653 1844 679; x_wconf 76' lang='grc' dir='ltr'>οὐκ</span> 
     </span>
    </p>
   </div>
   <div class='ocr_carea' id='block_1_76' title="bbox 1063 699 1842 736">
    <p class='ocr_par' dir='ltr' id='par_1_76' title="bbox 1063 699 1842 736">
     <span class='ocr_line' id='line_1_76' title="bbox 1063 699 1842 736; baseline -0.004 -9"><span class='ocrx_word' id='word_1_542' title='bbox 1063 701 1216 733; x_wconf 73' lang='grc' dir='ltr'>ἀξιόπιστον</span> <span class='ocrx_word' id='word_1_543' title='bbox 1239 699 1308 728; x_wconf 72' lang='grc' dir='ltr'>εἶναι</span> <span class='ocrx_word' id='word_1_544' title='bbox 1330 701 1378 736; x_wconf 77' lang='grc' dir='ltr'>τὴν</span> <span class='ocrx_word' id='word_1_545' title='bbox 1400 699 1503 726; x_wconf 79' lang='grc' dir='ltr'>ἐκείνου</span> <span class='ocrx_word' id='word_1_546' title='bbox 1530 699 1680 735; x_wconf 79' lang='grc' dir='ltr'><strong>μαρτυρίαν</strong></span> <span class='ocrx_word' id='word_1_547' title='bbox 1703 699 1842 733; x_wconf 77' lang='grc' dir='ltr'>ἐννοήσας,</span> 
     </span>
    </p>
   </div>
   <div class='ocr_carea' id='block_1_77' title="bbox 1062 744 1844 782">
    <p class='ocr_par' dir='ltr' id='par_1_77' title="bbox 1062 744 1844 782">
     <span class='ocr_line' id='line_1_77' title="bbox 1062 744 1844 782; baseline -0.006 -8"><span class='ocrx_word' id='word_1_548' title='bbox 1062 747 1202 782; x_wconf 73' lang='grc' dir='ltr'>ὀρθότατα,</span> <span class='ocrx_word' id='word_1_549' title='bbox 1225 746 1395 782; x_wconf 77' lang='grc' dir='ltr'><strong>διαπονηθεὶς</strong></span> <span class='ocrx_word' id='word_1_550' title='bbox 1421 746 1471 781; x_wconf 75' lang='grc' dir='ltr'>ἔφη</span> <span class='ocrx_word' id='word_1_551' title='bbox 1491 745 1529 780; x_wconf 83' lang='grc' dir='ltr'>τῷ</span> <span class='ocrx_word' id='word_1_552' title='bbox 1550 744 1697 779; x_wconf 81' lang='grc' dir='ltr'>πνεύματι,</span> <span class='ocrx_word' id='word_1_553' title='bbox 1731 745 1844 778; x_wconf 76' lang='grc' dir='ltr'>Παραγ-</span> 
     </span>
    </p>
   </div>
   <div class='ocr_carea' id='block_1_78' title="bbox 1062 788 1842 826">
    <p class='ocr_par' dir='ltr' id='par_1_78' title="bbox 1062 788 1842 826">
     <span class='ocr_line' id='line_1_78' title="bbox 1062 788 1842 826; baseline -0.005 -7"><span class='ocrx_word' id='word_1_554' title='bbox 1062 792 1158 826; x_wconf 77' lang='grc' dir='ltr'><em>γέλλω</em></span> <span class='ocrx_word' id='word_1_555' title='bbox 1177 800 1243 823; x_wconf 81' lang='grc' dir='ltr'><strong>σοι⁷</strong></span> <span class='ocrx_word' id='word_1_556' title='bbox 1273 792 1368 826; x_wconf 76' lang='grc' dir='ltr'>λέγων,</span> <span class='ocrx_word' id='word_1_557' title='bbox 1393 792 1429 817; x_wconf 75' lang='grc' dir='ltr'><strong>ἐν</strong></span> <span class='ocrx_word' id='word_1_558' title='bbox 1449 791 1568 825; x_wconf 77' lang='grc' dir='ltr'>ὀνόματι</span> <span class='ocrx_word' id='word_1_559' title='bbox 1595 790 1691 823; x_wconf 82' lang='grc' dir='ltr'><em>Ἰησοῦ</em></span> <span class='ocrx_word' id='word_1_560' title='bbox 1715 788 1842 823; x_wconf 82' lang='grc' dir='ltr'><strong>Χριστοῦ</strong></span> 
     </span>
    </p>
   </div>
   <div class='ocr_carea' id='block_1_79' title="bbox 1062 833 1843 871">
    <p class='ocr_par' dir='ltr' id='par_1_79' title="bbox 1062 833 1843 871">
     <span class='ocr_line' id='line_1_79' title="bbox 1062 833 1843 871; baseline -0.004 -7"><span class='ocrx_word' id='word_1_561' title='bbox 1062 837 1194 869; x_wconf 75' lang='grc' dir='ltr'><strong>ἐξελθεῖν·</strong></span> <span class='ocrx_word' id='word_1_562' title='bbox 1211 837 1260 864; x_wconf 78' lang='grc' dir='ltr'><strong>ἀπ’</strong></span> <span class='ocrx_word' id='word_1_563' title='bbox 1277 836 1382 871; x_wconf 80' lang='grc' dir='ltr'><strong>αὐτῆς.</strong></span> <span class='ocrx_word' id='word_1_564' title='bbox 1406 833 1472 863; x_wconf 76' lang='grc' dir='ltr'>Εἶτα</span> <span class='ocrx_word' id='word_1_565' title='bbox 1492 836 1522 862; x_wconf 73' lang='grc' dir='ltr'>τὸ</span> <span class='ocrx_word' id='word_1_566' title='bbox 1538 837 1650 871; x_wconf 85' lang='grc' dir='ltr'>πρᾶγμα</span> <span class='ocrx_word' id='word_1_567' title='bbox 1667 835 1843 870; x_wconf 71' lang='grc' dir='ltr'>διηγούμενος</span> 
     </span>
    </p>
   </div>
   <div class='ocr_carea' id='block_1_80' title="bbox 1062 879 1842 919">
    <p class='ocr_par' dir='ltr' id='par_1_80' title="bbox 1062 879 1842 919">
     <span class='ocr_line' id='line_1_80' title="bbox 1062 879 1842 919; baseline -0.004 -9"><span class='ocrx_word' id='word_1_568' title='bbox 1062 885 1076 910; x_wconf 82' lang='grc' dir='ltr'>ὁ</span> <span class='ocrx_word' id='word_1_569' title='bbox 1097 884 1269 919; x_wconf 79' lang='grc' dir='ltr'>συγγραφεὺς</span> <span class='ocrx_word' id='word_1_570' title='bbox 1295 883 1419 919; x_wconf 65' lang='grc' dir='ltr'>ἐπιφέρει</span> <span class='ocrx_word' id='word_1_571' title='bbox 1435 891 1441 897; x_wconf 90' lang='grc'><strong>·</strong></span> <span class='ocrx_word' id='word_1_572' title='bbox 1471 883 1524 910; x_wconf 78' lang='grc' dir='ltr'><strong>Καὶ</strong></span> <span class='ocrx_word' id='word_1_573' title='bbox 1554 881 1681 916; x_wconf 78' lang='grc' dir='ltr'><strong>ἐξῆλθεν</strong></span> <span class='ocrx_word' id='word_1_574' title='bbox 1703 881 1782 915; x_wconf 81' lang='grc' dir='ltr'>αὐτῇ</span> <span class='ocrx_word' id='word_1_575' title='bbox 1808 879 1842 914; x_wconf 73' lang='grc' dir='ltr'>τῇ</span> 
     </span>
    </p>
   </div>
   <div class='ocr_carea' id='block_1_81' title="bbox 1060 926 1843 963">
    <p class='ocr_par' dir='ltr' id='par_1_81' title="bbox 1060 926 1843 963">
     <span class='ocr_line' id='line_1_81' title="bbox 1060 926 1843 963; baseline -0.003 -8"><span class='ocrx_word' id='word_1_576' title='bbox 1060 929 1129 963; x_wconf 78' lang='grc' dir='ltr'>ὣρςι.</span> <span class='ocrx_word' id='word_1_577' title='bbox 1148 929 1329 963; x_wconf 64' lang='grc' dir='ltr'>(θεασάμενοι</span> <span class='ocrx_word' id='word_1_578' title='bbox 1345 926 1401 956; x_wconf 84' lang='grc' dir='ltr'><strong>οὖν</strong></span> <span class='ocrx_word' id='word_1_579' title='bbox 1416 930 1443 955; x_wconf 82' lang='grc' dir='ltr'><strong>οὶ</strong></span> <span class='ocrx_word' id='word_1_580' title='bbox 1458 929 1551 961; x_wconf 79' lang='grc' dir='ltr'><em>κύριοι</em></span> <span class='ocrx_word' id='word_1_581' title='bbox 1567 927 1620 961; x_wconf 78' lang='grc' dir='ltr'><strong>τῆς</strong></span> <span class='ocrx_word' id='word_1_582' title='bbox 1635 926 1843 961; x_wconf 78' lang='grc' dir='ltr'><strong>θεραπαινίδος</strong></span> 
     </span>
    </p>
   </div>
   <div class='ocr_carea' id='block_1_82' title="bbox 1060 973 1842 1009">
    <p class='ocr_par' dir='ltr' id='par_1_82' title="bbox 1060 973 1842 1009">
     <span class='ocr_line' id='line_1_82' title="bbox 1060 973 1842 1009; baseline -0.004 -8"><span class='ocrx_word' id='word_1_583' title='bbox 1060 975 1099 1008; x_wconf 89' lang='grc' dir='ltr'><strong>ὠς</strong></span> <span class='ocrx_word' id='word_1_584' title='bbox 1113 975 1248 1002; x_wconf 75' lang='grc' dir='ltr'><strong>ἐκποδὼν</strong></span> <span class='ocrx_word' id='word_1_585' title='bbox 1260 974 1351 1009; x_wconf 85' lang='grc' dir='ltr'>ᾠχετο</span> <span class='ocrx_word' id='word_1_586' title='bbox 1366 974 1420 1008; x_wconf 79' lang='grc' dir='ltr'><strong>τῆς</strong></span> <span class='ocrx_word' id='word_1_587' title='bbox 1434 974 1575 1008; x_wconf 78' lang='grc' dir='ltr'>ἐργασίας</span> <span class='ocrx_word' id='word_1_588' title='bbox 1593 973 1691 1000; x_wconf 79' lang='grc' dir='ltr'>αὐτῶν</span> <span class='ocrx_word' id='word_1_589' title='bbox 1709 974 1729 1006; x_wconf 77' lang='grc' dir='ltr'><strong><em>ἡ</em></strong></span> <span class='ocrx_word' id='word_1_590' title='bbox 1745 973 1842 1005; x_wconf 76' lang='grc' dir='ltr'><strong>ἐλπὶς,</strong></span> 
     </span>
    </p>
   </div>
   <div class='ocr_carea' id='block_1_83' title="bbox 1059 1019 1844 1055">
    <p class='ocr_par' dir='ltr' id='par_1_83' title="bbox 1059 1019 1844 1055">
     <span class='ocr_line' id='line_1_83' title="bbox 1059 1019 1844 1055; baseline -0.003 -8"><span class='ocrx_word' id='word_1_591' title='bbox 1059 1021 1264 1055; x_wconf 74' lang='grc' dir='ltr'><strong>ἐπιλαϐόμενοι</strong></span> <span class='ocrx_word' id='word_1_592' title='bbox 1288 1020 1340 1046; x_wconf 81' lang='grc' dir='ltr'>τὸν</span> <span class='ocrx_word' id='word_1_593' title='bbox 1353 1020 1474 1047; x_wconf 77' lang='grc' dir='ltr'><em>Παῦλον</em></span> <span class='ocrx_word' id='word_1_594' title='bbox 1494 1021 1542 1046; x_wconf 76' lang='grc' dir='ltr'>καὶ</span> <span class='ocrx_word' id='word_1_595' title='bbox 1565 1019 1617 1046; x_wconf 77' lang='grc' dir='ltr'>τὸν</span> <span class='ocrx_word' id='word_1_596' title='bbox 1635 1020 1731 1046; x_wconf 75' lang='grc' dir='ltr'><em>Σίλαν</em></span> <span class='ocrx_word' id='word_1_597' title='bbox 1745 1020 1844 1046; x_wconf 76' lang='grc' dir='ltr'>εἵλκυ-</span> 
     </span>
    </p>
   </div>
   <div class='ocr_carea' id='block_1_84' title="bbox 1060 1064 1843 1100">
    <p class='ocr_par' dir='ltr' id='par_1_84' title="bbox 1060 1064 1843 1100">
     <span class='ocr_line' id='line_1_84' title="bbox 1060 1064 1843 1100; baseline -0.005 -7"><span class='ocrx_word' id='word_1_598' title='bbox 1060 1074 1120 1093; x_wconf 88' lang='grc' dir='ltr'><strong>σαν</strong></span> <span class='ocrx_word' id='word_1_599' title='bbox 1140 1067 1183 1099; x_wconf 82' lang='grc' dir='ltr'><strong>είς</strong></span> <span class='ocrx_word' id='word_1_600' title='bbox 1200 1065 1256 1100; x_wconf 71' lang='grc' dir='ltr'>τὴν</span> <span class='ocrx_word' id='word_1_601' title='bbox 1276 1065 1386 1100; x_wconf 74' lang='grc' dir='ltr'><em>ἀγορὰν</em></span> <span class='ocrx_word' id='word_1_602' title='bbox 1400 1065 1449 1092; x_wconf 70' lang='grc' dir='ltr'><strong>ἐπὶ</strong></span> <span class='ocrx_word' id='word_1_603' title='bbox 1471 1065 1543 1098; x_wconf 81' lang='grc' dir='ltr'><strong>τοὺς</strong></span> <span class='ocrx_word' id='word_1_604' title='bbox 1562 1065 1726 1098; x_wconf 75' lang='grc' dir='ltr'>ᾶρχοντας·</span> <span class='ocrx_word' id='word_1_605' title='bbox 1749 1064 1843 1099; x_wconf 73' lang='grc' dir='ltr'>ὕϐρεσι</span> 
     </span>
    </p>
   </div>
   <div class='ocr_carea' id='block_1_85' title="bbox 1060 1109 1844 1147">
    <p class='ocr_par' dir='ltr' id='par_1_85' title="bbox 1060 1109 1844 1147">
     <span class='ocr_line' id='line_1_85' title="bbox 1060 1109 1844 1147; baseline -0.003 -9"><span class='ocrx_word' id='word_1_606' title='bbox 1060 1112 1088 1138; x_wconf 81' lang='grc' dir='ltr'><strong>δὲ</strong></span> <span class='ocrx_word' id='word_1_607' title='bbox 1107 1113 1153 1138; x_wconf 80' lang='grc' dir='ltr'>καὶ</span> <span class='ocrx_word' id='word_1_608' title='bbox 1171 1112 1286 1147; x_wconf 80' lang='grc' dir='ltr'><strong>πληγαῖς</strong></span> <span class='ocrx_word' id='word_1_609' title='bbox 1310 1112 1390 1137; x_wconf 76' lang='grc' dir='ltr'>αἴτιοι</span> <span class='ocrx_word' id='word_1_610' title='bbox 1411 1110 1547 1145; x_wconf 78' lang='grc' dir='ltr'>γεγόνασι,</span> <span class='ocrx_word' id='word_1_611' title='bbox 1564 1109 1731 1145; x_wconf 68' lang='grc' dir='ltr'>συκοφαντία</span> <span class='ocrx_word' id='word_1_612' title='bbox 1751 1110 1844 1137; x_wconf 76' lang='grc' dir='ltr'>στάσιν</span> 
     </span>
    </p>
   </div>
   <div class='ocr_carea' id='block_1_86' title="bbox 1061 1156 1842 1194">
    <p class='ocr_par' dir='ltr' id='par_1_86' title="bbox 1061 1156 1842 1194">
     <span class='ocr_line' id='line_1_86' title="bbox 1061 1156 1842 1194; baseline -0.004 -10"><span class='ocrx_word' id='word_1_613' title='bbox 1061 1159 1257 1194; x_wconf 74' lang='grc' dir='ltr'>ἐπεγείροντες.</span> <span class='ocrx_word' id='word_1_614' title='bbox 1280 1158 1310 1184; x_wconf 79' lang='grc' dir='ltr'><strong>Εἰ</strong></span> <span class='ocrx_word' id='word_1_615' title='bbox 1333 1157 1422 1184; x_wconf 78' lang='grc' dir='ltr'>τοίνυν</span> <span class='ocrx_word' id='word_1_616' title='bbox 1442 1158 1456 1182; x_wconf 84' lang='grc' dir='ltr'>ὁ</span> <span class='ocrx_word' id='word_1_617' title='bbox 1477 1156 1598 1187; x_wconf 76' lang='grc' dir='ltr'>Παῦλος,</span> <span class='ocrx_word' id='word_1_618' title='bbox 1619 1157 1788 1191; x_wconf 77' lang='grc' dir='ltr'><strong>ἐπιτιμήσας</strong></span> 
     </span>
    </p>
   </div>
   <div class='ocr_carea' id='block_1_87' title="bbox 1060 1202 1843 1240">
    <p class='ocr_par' dir='ltr' id='par_1_87' title="bbox 1060 1202 1843 1240">
     <span class='ocr_line' id='line_1_87' title="bbox 1060 1202 1843 1240; baseline -0.003 -9"><span class='ocrx_word' id='word_1_619' title='bbox 1060 1207 1211 1240; x_wconf 71' lang='grc' dir='ltr'>πνεύματι,</span> <span class='ocrx_word' id='word_1_620' title='bbox 1236 1205 1281 1231; x_wconf 73' lang='grc' dir='ltr'><strong>τὸν</strong></span> <span class='ocrx_word' id='word_1_621' title='bbox 1309 1204 1358 1239; x_wconf 72' lang='grc' dir='ltr'>μὲν</span> <span class='ocrx_word' id='word_1_622' title='bbox 1384 1204 1549 1239; x_wconf 71' lang='grc' dir='ltr'>πυθόμαντιν</span> <span class='ocrx_word' id='word_1_623' title='bbox 1577 1203 1682 1239; x_wconf 75' lang='grc' dir='ltr'>ἀθρόως</span> <span class='ocrx_word' id='word_1_624' title='bbox 1712 1202 1843 1238; x_wconf 76' lang='grc' dir='ltr'>ἐξήλασεν</span> 
     </span>
    </p>
   </div>
   <div class='ocr_carea' id='block_1_88' title="bbox 1061 1249 1842 1286">
    <p class='ocr_par' dir='ltr' id='par_1_88' title="bbox 1061 1249 1842 1286">
     <span class='ocr_line' id='line_1_88' title="bbox 1061 1249 1842 1286; baseline -0.003 -10"><span class='ocrx_word' id='word_1_625' title='bbox 1061 1252 1088 1277; x_wconf 81' lang='grc' dir='ltr'>ὲν</span> <span class='ocrx_word' id='word_1_626' title='bbox 1109 1252 1176 1286; x_wconf 75' lang='grc' dir='ltr'>αὐτῇ</span> <span class='ocrx_word' id='word_1_627' title='bbox 1196 1252 1228 1286; x_wconf 82' lang='grc' dir='ltr'><strong>τῇ</strong></span> <span class='ocrx_word' id='word_1_628' title='bbox 1251 1252 1337 1286; x_wconf 77' lang='grc' dir='ltr'>ῥοπῇ,</span> <span class='ocrx_word' id='word_1_629' title='bbox 1359 1250 1389 1276; x_wconf 83' lang='grc' dir='ltr'>τὸ</span> <span class='ocrx_word' id='word_1_630' title='bbox 1409 1250 1436 1276; x_wconf 80' lang='grc' dir='ltr'>δὲ</span> <span class='ocrx_word' id='word_1_631' title='bbox 1462 1250 1570 1285; x_wconf 79' lang='grc' dir='ltr'>πνεῦμα</span> <span class='ocrx_word' id='word_1_632' title='bbox 1595 1251 1627 1284; x_wconf 82' lang='grc' dir='ltr'>τῇ</span> <span class='ocrx_word' id='word_1_633' title='bbox 1650 1249 1696 1275; x_wconf 80' lang='grc' dir='ltr'>τοῦ</span> <span class='ocrx_word' id='word_1_634' title='bbox 1722 1250 1842 1284; x_wconf 75' lang='grc' dir='ltr'><strong>ῥήματος</strong></span> 
     </span>
    </p>
   </div>
   <div class='ocr_carea' id='block_1_89' title="bbox 1060 1294 1842 1332">
    <p class='ocr_par' dir='ltr' id='par_1_89' title="bbox 1060 1294 1842 1332">
     <span class='ocr_line' id='line_1_89' title="bbox 1060 1294 1842 1332; baseline -0.003 -10"><span class='ocrx_word' id='word_1_635' title='bbox 1060 1297 1211 1332; x_wconf 73' lang='grc' dir='ltr'>ἀπέδρασεν</span> <span class='ocrx_word' id='word_1_636' title='bbox 1235 1296 1358 1331; x_wconf 69' lang='grc' dir='ltr'>ἐξουσίᾳ,</span> <span class='ocrx_word' id='word_1_637' title='bbox 1390 1295 1427 1330; x_wconf 85' lang='grc' dir='ltr'>μὴ</span> <span class='ocrx_word' id='word_1_638' title='bbox 1453 1295 1600 1330; x_wconf 72' lang='grc' dir='ltr'>δυνάμενον</span> <span class='ocrx_word' id='word_1_639' title='bbox 1625 1295 1777 1329; x_wconf 77' lang='grc' dir='ltr'><strong>ὑποστῆναι</strong></span> <span class='ocrx_word' id='word_1_640' title='bbox 1798 1294 1842 1320; x_wconf 71' lang='grc' dir='ltr'>τὸν</span> 
     </span>
    </p>
   </div>
   <div class='ocr_carea' id='block_1_90' title="bbox 1060 1339 1842 1376">
    <p class='ocr_par' dir='ltr' id='par_1_90' title="bbox 1060 1339 1842 1376">
     <span class='ocr_line' id='line_1_90' title="bbox 1060 1339 1842 1376; baseline -0.001 -9"><span class='ocrx_word' id='word_1_641' title='bbox 1060 1342 1110 1376; x_wconf 76' lang='grc' dir='ltr'>τῆς</span> <span class='ocrx_word' id='word_1_642' title='bbox 1132 1342 1256 1375; x_wconf 73' lang='grc' dir='ltr'>γλώσσης</span> <span class='ocrx_word' id='word_1_643' title='bbox 1273 1339 1353 1376; x_wconf 73' lang='grc' dir='ltr'>ἦχονι</span> <span class='ocrx_word' id='word_1_644' title='bbox 1378 1342 1480 1368; x_wconf 83' lang='grc' dir='ltr'><strong>εἰπάτω</strong></span> <span class='ocrx_word' id='word_1_645' title='bbox 1498 1341 1602 1376; x_wconf 82' lang='grc' dir='ltr'>παριὼν</span> <span class='ocrx_word' id='word_1_646' title='bbox 1630 1342 1670 1372; x_wconf 79' lang='grc' dir='ltr'><strong>είς</strong></span> <span class='ocrx_word' id='word_1_647' title='bbox 1688 1339 1842 1375; x_wconf 69' lang='grc' dir='ltr'>τούμφανὲς</span> 
     </span>
    </p>
   </div>
   <div class='ocr_carea' id='block_1_91' title="bbox 1060 1387 1842 1423">
    <p class='ocr_par' dir='ltr' id='par_1_91' title="bbox 1060 1387 1842 1423">
     <span class='ocr_line' id='line_1_91' title="bbox 1060 1387 1842 1423; baseline -0.001 -9"><span class='ocrx_word' id='word_1_648' title='bbox 1060 1389 1074 1414; x_wconf 79' lang='grc' dir='ltr'>ὁ</span> <span class='ocrx_word' id='word_1_649' title='bbox 1093 1388 1131 1423; x_wconf 82' lang='grc' dir='ltr'>τῷ</span> <span class='ocrx_word' id='word_1_650' title='bbox 1149 1387 1240 1423; x_wconf 68' lang='grc' dir='ltr'>τοιῷδε</span> <span class='ocrx_word' id='word_1_651' title='bbox 1268 1387 1460 1422; x_wconf 77' lang='grc' dir='ltr'>συνιστάμενος</span> <span class='ocrx_word' id='word_1_652' title='bbox 1480 1388 1545 1423; x_wconf 81' lang='grc' dir='ltr'><strong>ὅρῳ,</strong></span> <span class='ocrx_word' id='word_1_653' title='bbox 1571 1387 1682 1422; x_wconf 82' lang='grc' dir='ltr'>Ποταπῇ</span> <span class='ocrx_word' id='word_1_654' title='bbox 1700 1387 1842 1422; x_wconf 83' lang='grc' dir='ltr'>δυνάμεως</span> 
     </span>
    </p>
   </div>
   <div class='ocr_carea' id='block_1_92' title="bbox 1061 1432 1843 1470">
    <p class='ocr_par' dir='ltr' id='par_1_92' title="bbox 1061 1432 1843 1470">
     <span class='ocr_line' id='line_1_92' title="bbox 1061 1432 1843 1470; baseline -0.003 -10"><span class='ocrx_word' id='word_1_655' title='bbox 1061 1435 1144 1470; x_wconf 86' lang='grc' dir='ltr'>ἀρετῇ</span> <span class='ocrx_word' id='word_1_656' title='bbox 1173 1433 1219 1460; x_wconf 78' lang='grc' dir='ltr'>τὸν</span> <span class='ocrx_word' id='word_1_657' title='bbox 1247 1433 1370 1468; x_wconf 73' lang='grc' dir='ltr'>ὁμόδοξον</span> <span class='ocrx_word' id='word_1_658' title='bbox 1396 1433 1434 1469; x_wconf 77' lang='grc' dir='ltr'>τῷ</span> <span class='ocrx_word' id='word_1_659' title='bbox 1461 1433 1559 1468; x_wconf 80' lang='grc' dir='ltr'>Παύλῳ</span> <span class='ocrx_word' id='word_1_660' title='bbox 1588 1432 1714 1468; x_wconf 81' lang='grc' dir='ltr'>Σαμουὴλ</span> <span class='ocrx_word' id='word_1_661' title='bbox 1744 1433 1843 1459; x_wconf 78' lang='grc' dir='ltr'>ἄκοντα</span> 
     </span>
    </p>
   </div>
   <div class='ocr_carea' id='block_1_93' title="bbox 1063 1478 1842 1516">
    <p class='ocr_par' dir='ltr' id='par_1_93' title="bbox 1063 1478 1842 1516">
     <span class='ocr_line' id='line_1_93' title="bbox 1063 1478 1842 1516; baseline -0.003 -10"><span class='ocrx_word' id='word_1_662' title='bbox 1063 1480 1297 1516; x_wconf 73' lang='grc' dir='ltr'>μετακαλούμενος</span> <span class='ocrx_word' id='word_1_663' title='bbox 1322 1481 1335 1506; x_wconf 83' lang='grc' dir='ltr'>ὁ</span> <span class='ocrx_word' id='word_1_664' title='bbox 1353 1480 1457 1514; x_wconf 76' lang='grc' dir='ltr'>δαίμων</span> <span class='ocrx_word' id='word_1_665' title='bbox 1479 1480 1614 1515; x_wconf 73' lang='grc' dir='ltr'>ἀνήγαγεν</span> <span class='ocrx_word' id='word_1_666' title='bbox 1634 1479 1662 1511; x_wconf 76' lang='grc' dir='ltr'><strong>ἐξ</strong></span> <span class='ocrx_word' id='word_1_667' title='bbox 1682 1478 1764 1514; x_wconf 75' lang='grc' dir='ltr'>ᾇδου;</span> <span class='ocrx_word' id='word_1_668' title='bbox 1786 1478 1842 1505; x_wconf 81' lang='grc' dir='ltr'>ἀλλ’</span> 
     </span>
    </p>
   </div>
   <div class='ocr_carea' id='block_1_94' title="bbox 400 1524 1007 1562">
    <p class='ocr_par' dir='ltr' id='par_1_94' title="bbox 400 1524 1005 1562">
     <span class='ocr_line' id='line_1_94' title="bbox 400 1524 1005 1562; baseline 0.008 -12"><span class='ocrx_word' id='word_1_669' title='bbox 400 1524 523 1551; x_wconf 87' lang='lat' dir='ltr'><strong>Trilmlor</strong></span> <span class='ocrx_word' id='word_1_670' title='bbox 544 1525 628 1558; x_wconf 77' lang='lat' dir='ltr'><strong>valde,</strong></span> <span class='ocrx_word' id='word_1_671' title='bbox 644 1531 668 1553; x_wconf 82' lang='lat' dir='ltr'><strong>et</strong></span> <span class='ocrx_word' id='word_1_672' title='bbox 682 1527 833 1562; x_wconf 77' lang='lat' dir='ltr'><strong>alienigena:</strong></span> <span class='ocrx_word' id='word_1_673' title='bbox 858 1528 954 1555; x_wconf 82' lang='lat' dir='ltr'><strong>bellant</strong></span> <span class='ocrx_word' id='word_1_674' title='bbox 979 1530 1005 1556; x_wconf 87' lang='lat' dir='ltr'><strong>in</strong></span> 
     </span>
    </p>
   </div>
   <div class='ocr_carea' id='block_1_95' title="bbox 1059 1524 1842 1562">
    <p class='ocr_par' dir='ltr' id='par_1_95' title="bbox 1059 1524 1842 1562">
     <span class='ocr_line' id='line_1_95' title="bbox 1059 1524 1842 1562; baseline -0.003 -9"><span class='ocrx_word' id='word_1_675' title='bbox 1059 1527 1107 1554; x_wconf 70' lang='grc' dir='ltr'><strong>οὐχ</strong></span> <span class='ocrx_word' id='word_1_676' title='bbox 1127 1527 1158 1553; x_wconf 86' lang='grc' dir='ltr'>ἂν</span> <span class='ocrx_word' id='word_1_677' title='bbox 1178 1526 1234 1562; x_wconf 78' lang='grc' dir='ltr'>ἔχοι</span> <span class='ocrx_word' id='word_1_678' title='bbox 1255 1527 1388 1553; x_wconf 75' lang='grc' dir='ltr'>δεικνύναι</span> <span class='ocrx_word' id='word_1_679' title='bbox 1410 1526 1511 1552; x_wconf 75' lang='grc' dir='ltr'>τούτων</span> <span class='ocrx_word' id='word_1_680' title='bbox 1534 1526 1608 1552; x_wconf 67' lang='grc' dir='ltr'>οὐδὲν</span> <span class='ocrx_word' id='word_1_681' title='bbox 1631 1524 1738 1560; x_wconf 69' lang='grc' dir='ltr'>ἀληθές.</span> <span class='ocrx_word' id='word_1_682' title='bbox 1764 1525 1842 1552; x_wconf 84' lang='grc' dir='ltr'>Ὥστε</span> 
     </span>
    </p>
   </div>
   <div class='ocr_carea' id='block_1_96' title="bbox 1059 1571 1841 1607">
    <p class='ocr_par' dir='ltr' id='par_1_96' title="bbox 1059 1571 1841 1607">
     <span class='ocr_line' id='line_1_96' title="bbox 1059 1571 1841 1607; baseline -0.003 -9"><span class='ocrx_word' id='word_1_683' title='bbox 1059 1573 1104 1599; x_wconf 70' lang='grc' dir='ltr'>καὶ</span> <span class='ocrx_word' id='word_1_684' title='bbox 1124 1572 1168 1598; x_wconf 80' lang='grc' dir='ltr'><strong>διὰ</strong></span> <span class='ocrx_word' id='word_1_685' title='bbox 1188 1572 1271 1598; x_wconf 84' lang='grc' dir='ltr'>τῶνδε</span> <span class='ocrx_word' id='word_1_686' title='bbox 1296 1572 1366 1607; x_wconf 74' lang='grc' dir='ltr'>μάλα</span> <span class='ocrx_word' id='word_1_687' title='bbox 1391 1572 1489 1607; x_wconf 67' lang='grc' dir='ltr'>ρᾳὂῖως</span> <span class='ocrx_word' id='word_1_688' title='bbox 1507 1571 1579 1597; x_wconf 77' lang='grc' dir='ltr'>ἐστὶν</span> <span class='ocrx_word' id='word_1_689' title='bbox 1602 1571 1674 1602; x_wconf 80' lang='grc' dir='ltr'>ἰδεῖν,</span> <span class='ocrx_word' id='word_1_690' title='bbox 1694 1571 1736 1596; x_wconf 79' lang='grc' dir='ltr'>ὅτι</span> <span class='ocrx_word' id='word_1_691' title='bbox 1762 1579 1841 1606; x_wconf 85' lang='grc' dir='ltr'>μετα-</span> 
     </span>
    </p>
   </div>
   <div class='ocr_carea' id='block_1_97' title="bbox 1060 1615 1842 1654">
    <p class='ocr_par' dir='ltr' id='par_1_97' title="bbox 1060 1615 1842 1654">
     <span class='ocr_line' id='line_1_97' title="bbox 1060 1615 1842 1654; baseline -0.001 -10"><span class='ocrx_word' id='word_1_692' title='bbox 1060 1618 1272 1654; x_wconf 73' lang='grc' dir='ltr'>μορφωσάμενος</span> <span class='ocrx_word' id='word_1_693' title='bbox 1287 1618 1398 1653; x_wconf 69' lang='grc' dir='ltr'>ἠγόρευε</span> <span class='ocrx_word' id='word_1_694' title='bbox 1412 1617 1449 1652; x_wconf 84' lang='grc' dir='ltr'>τῷ</span> <span class='ocrx_word' id='word_1_695' title='bbox 1462 1616 1546 1643; x_wconf 75' lang='grc' dir='ltr'>Σαοὺλ</span> <span class='ocrx_word' id='word_1_696' title='bbox 1558 1617 1570 1642; x_wconf 76' lang='grc' dir='ltr'>ὁ</span> <span class='ocrx_word' id='word_1_697' title='bbox 1581 1615 1746 1651; x_wconf 74' lang='grc' dir='ltr'>ὃολομήτης·</span> <span class='ocrx_word' id='word_1_698' title='bbox 1769 1616 1842 1643; x_wconf 80' lang='grc' dir='ltr'>Ἰνα-</span> 
     </span>
    </p>
   </div>
   <div class='ocr_carea' id='block_1_98' title="bbox 1058 1661 1840 1698">
    <p class='ocr_par' dir='ltr' id='par_1_98' title="bbox 1058 1661 1840 1698">
     <span class='ocr_line' id='line_1_98' title="bbox 1058 1661 1840 1698; baseline -0.004 -8"><span class='ocrx_word' id='word_1_699' title='bbox 1058 1665 1085 1691; x_wconf 88' lang='grc' dir='ltr'>τί</span> <span class='ocrx_word' id='word_1_700' title='bbox 1105 1663 1346 1698; x_wconf 74' lang='grc' dir='ltr'><strong>πιιρηνὼχλησάς</strong></span> <span class='ocrx_word' id='word_1_701' title='bbox 1370 1671 1425 1697; x_wconf 61' lang='lat' dir='ltr'><strong>ps;</strong></span> <span class='ocrx_word' id='word_1_702' title='bbox 1450 1664 1546 1698; x_wconf 69' lang='grc' dir='ltr'>φήσας.</span> <span class='ocrx_word' id='word_1_703' title='bbox 1574 1662 1747 1697; x_wconf 76' lang='grc' dir='ltr'>Ἐπῃνίττετο</span> <span class='ocrx_word' id='word_1_704' title='bbox 1778 1661 1840 1697; x_wconf 68' lang='grc' dir='ltr'>γὰρ,</span> 
     </span>
    </p>
   </div>
   <div class='ocr_carea' id='block_1_99' title="bbox 1057 1706 1841 1745">
    <p class='ocr_par' dir='ltr' id='par_1_99' title="bbox 1057 1706 1841 1745">
     <span class='ocr_line' id='line_1_99' title="bbox 1057 1706 1841 1745; baseline -0.005 -9"><span class='ocrx_word' id='word_1_705' title='bbox 1057 1711 1098 1736; x_wconf 79' lang='grc' dir='ltr'>ὅτι</span> <span class='ocrx_word' id='word_1_706' title='bbox 1112 1710 1186 1744; x_wconf 75' lang='grc' dir='ltr'>παρὰ</span> <span class='ocrx_word' id='word_1_707' title='bbox 1203 1710 1328 1745; x_wconf 77' lang='grc' dir='ltr'>βούλησιν</span> <span class='ocrx_word' id='word_1_708' title='bbox 1345 1709 1417 1736; x_wconf 84' lang='grc' dir='ltr'>ἄκων</span> <span class='ocrx_word' id='word_1_709' title='bbox 1438 1707 1590 1739; x_wconf 78' lang='grc' dir='ltr'>ἀνέϐαινεν,</span> <span class='ocrx_word' id='word_1_710' title='bbox 1607 1707 1636 1733; x_wconf 67' lang='lat' dir='ltr'><strong>of;</strong></span> <span class='ocrx_word' id='word_1_711' title='bbox 1658 1706 1754 1738; x_wconf 82' lang='grc' dir='ltr'>Θέλων,</span> <span class='ocrx_word' id='word_1_712' title='bbox 1776 1706 1841 1733; x_wconf 74' lang='grc' dir='ltr'>ἀλλὰ</span> 
     </span>
    </p>
   </div>
   <div class='ocr_carea' id='block_1_100' title="bbox 1057 1752 1841 1791">
    <p class='ocr_par' dir='ltr' id='par_1_100' title="bbox 1057 1752 1841 1791">
     <span class='ocr_line' id='line_1_100' title="bbox 1057 1752 1841 1791; baseline -0.001 -10"><span class='ocrx_word' id='word_1_713' title='bbox 1057 1755 1164 1791; x_wconf 76' lang='grc' dir='ltr'><strong>ἀνάγκῃ</strong></span> <span class='ocrx_word' id='word_1_714' title='bbox 1183 1755 1230 1781; x_wconf 68' lang='grc' dir='ltr'>καὶ</span> <span class='ocrx_word' id='word_1_715' title='bbox 1246 1755 1300 1790; x_wconf 74' lang='grc' dir='ltr'>βίᾳ,</span> <span class='ocrx_word' id='word_1_716' title='bbox 1315 1754 1438 1790; x_wconf 78' lang='grc' dir='ltr'>καθάπερ</span> <span class='ocrx_word' id='word_1_717' title='bbox 1455 1754 1499 1779; x_wconf 74' lang='grc' dir='ltr'><strong>ὑπ’</strong></span> <span class='ocrx_word' id='word_1_718' title='bbox 1514 1753 1594 1780; x_wconf 76' lang='grc' dir='ltr'>αὑτοῦ</span> <span class='ocrx_word' id='word_1_719' title='bbox 1611 1752 1841 1788; x_wconf 78' lang='grc' dir='ltr'>μεταπεμφθῆναι</span> 
     </span>
    </p>
   </div>
   <div class='ocr_carea' id='block_1_101' title="bbox 1057 1799 1841 1837">
    <p class='ocr_par' dir='ltr' id='par_1_101' title="bbox 1057 1799 1841 1837">
     <span class='ocr_line' id='line_1_101' title="bbox 1057 1799 1841 1837; baseline -0.005 -9"><span class='ocrx_word' id='word_1_720' title='bbox 1057 1801 1103 1828; x_wconf 81' lang='grc' dir='ltr'>τοῦ</span> <span class='ocrx_word' id='word_1_721' title='bbox 1132 1802 1285 1837; x_wconf 82' lang='grc' dir='ltr'>κρείττονος</span> <span class='ocrx_word' id='word_1_722' title='bbox 1316 1801 1481 1835; x_wconf 77' lang='grc' dir='ltr'>ὲπιταχῡείς.</span> <span class='ocrx_word' id='word_1_723' title='bbox 1516 1800 1545 1826; x_wconf 83' lang='grc' dir='ltr'>Ὁ</span> <span class='ocrx_word' id='word_1_724' title='bbox 1567 1800 1595 1826; x_wconf 85' lang='grc' dir='ltr'><strong>δὲ</strong></span> <span class='ocrx_word' id='word_1_725' title='bbox 1622 1799 1757 1834; x_wconf 81' lang='grc' dir='ltr'>δυνάστης</span> <span class='ocrx_word' id='word_1_726' title='bbox 1780 1799 1841 1825; x_wconf 81' lang='grc' dir='ltr'>ἀνθ-</span> 
     </span>
    </p>
   </div>
   <div class='ocr_carea' id='block_1_102' title="bbox 1060 1845 1841 1882">
    <p class='ocr_par' dir='ltr' id='par_1_102' title="bbox 1060 1845 1841 1882">
     <span class='ocr_line' id='line_1_102' title="bbox 1060 1845 1841 1882; baseline -0.003 -8"><span class='ocrx_word' id='word_1_727' title='bbox 1060 1848 1212 1882; x_wconf 78' lang='grc' dir='ltr'>υπενέγκας</span> <span class='ocrx_word' id='word_1_728' title='bbox 1236 1847 1302 1882; x_wconf 81' lang='grc' dir='ltr'>ἔφη·</span> <span class='ocrx_word' id='word_1_729' title='bbox 1330 1848 1469 1881; x_wconf 78' lang='grc' dir='ltr'>6.-ίίϐομαι</span> <span class='ocrx_word' id='word_1_730' title='bbox 1491 1845 1623 1880; x_wconf 67' lang='grc' dir='ltr'><strong>σφόδρα,</strong></span> <span class='ocrx_word' id='word_1_731' title='bbox 1647 1846 1695 1872; x_wconf 79' lang='grc' dir='ltr'>καὶ</span> <span class='ocrx_word' id='word_1_732' title='bbox 1709 1847 1737 1872; x_wconf 84' lang='grc' dir='ltr'><em>οι</em></span> <span class='ocrx_word' id='word_1_733' title='bbox 1754 1845 1841 1872; x_wconf 68' lang='grc' dir='ltr'><em>ἀλλό-</em></span> 
     </span>
    </p>
   </div>
   <div class='ocr_carea' id='block_1_103' title="bbox 1057 1891 1838 1928">
    <p class='ocr_par' dir='ltr' id='par_1_103' title="bbox 1057 1891 1838 1928">
     <span class='ocr_line' id='line_1_103' title="bbox 1057 1891 1838 1928; baseline -0.004 -8"><span class='ocrx_word' id='word_1_734' title='bbox 1057 1896 1146 1928; x_wconf 67' lang='grc' dir='ltr'><em>φυλοι</em></span> <span class='ocrx_word' id='word_1_735' title='bbox 1161 1893 1345 1927; x_wconf 78' lang='grc' dir='ltr'><strong>πολεμοῦσιν</strong></span> <span class='ocrx_word' id='word_1_736' title='bbox 1357 1893 1391 1919; x_wconf 82' lang='grc' dir='ltr'><strong>ἐν</strong></span> <span class='ocrx_word' id='word_1_737' title='bbox 1407 1893 1482 1927; x_wconf 75' lang='grc' dir='ltr'><strong>ἐμοὶ,</strong></span> <span class='ocrx_word' id='word_1_738' title='bbox 1496 1893 1542 1919; x_wconf 75' lang='grc' dir='ltr'>καὶ</span> <span class='ocrx_word' id='word_1_739' title='bbox 1561 1893 1577 1918; x_wconf 84' lang='grc' dir='ltr'><em>ὁ</em></span> <span class='ocrx_word' id='word_1_740' title='bbox 1591 1891 1663 1924; x_wconf 75' lang='grc' dir='ltr'>Θεὸς</span> <span class='ocrx_word' id='word_1_741' title='bbox 1677 1891 1838 1926; x_wconf 64' lang='grc' dir='ltr'>ἀφέστηκε,</span> 
     </span>
    </p>
   </div>
   <div class='ocr_carea' id='block_1_104' title="bbox 1058 1936 1840 1974">
    <p class='ocr_par' dir='ltr' id='par_1_104' title="bbox 1058 1936 1840 1974">
     <span class='ocr_line' id='line_1_104' title="bbox 1058 1936 1840 1974; baseline -0.005 -8"><span class='ocrx_word' id='word_1_742' title='bbox 1058 1940 1148 1974; x_wconf 67' lang='grc' dir='ltr'>φησιν,</span> <span class='ocrx_word' id='word_1_743' title='bbox 1166 1940 1216 1966; x_wconf 72' lang='grc' dir='ltr'><strong>ἀπ’</strong></span> <span class='ocrx_word' id='word_1_744' title='bbox 1231 1939 1314 1973; x_wconf 70' lang='grc' dir='ltr'><em>ἐμοῦ,</em></span> <span class='ocrx_word' id='word_1_745' title='bbox 1330 1938 1377 1965; x_wconf 76' lang='grc' dir='ltr'><strong>καί</strong></span> <span class='ocrx_word' id='word_1_746' title='bbox 1394 1939 1450 1965; x_wconf 74' lang='grc' dir='ltr'><strong>οὐκ</strong></span> <span class='ocrx_word' id='word_1_747' title='bbox 1468 1937 1579 1970; x_wconf 76' lang='grc' dir='ltr'><strong>ἀκήκοέ</strong></span> <span class='ocrx_word' id='word_1_748' title='bbox 1588 1945 1647 1972; x_wconf 84' lang='grc' dir='ltr'><strong>μου</strong></span> <span class='ocrx_word' id='word_1_749' title='bbox 1663 1937 1717 1969; x_wconf 80' lang='grc' dir='ltr'><strong>ἔτι,</strong></span> <span class='ocrx_word' id='word_1_750' title='bbox 1730 1936 1792 1963; x_wconf 76' lang='grc' dir='ltr'><strong>οὔτ’</strong></span> <span class='ocrx_word' id='word_1_751' title='bbox 1808 1937 1840 1962; x_wconf 76' lang='grc' dir='ltr'>ἐν</span> 
     </span>
    </p>
   </div>
   <div class='ocr_carea' id='block_1_105' title="bbox 1057 1981 1839 2019">
    <p class='ocr_par' dir='ltr' id='par_1_105' title="bbox 1057 1981 1839 2019">
     <span class='ocr_line' id='line_1_105' title="bbox 1057 1981 1839 2019; baseline -0.004 -8"><span class='ocrx_word' id='word_1_752' title='bbox 1057 1985 1131 2019; x_wconf 75' lang='grc' dir='ltr'>χειρὶ</span> <span class='ocrx_word' id='word_1_753' title='bbox 1149 1984 1207 2012; x_wconf 83' lang='grc' dir='ltr'>τῶν</span> <span class='ocrx_word' id='word_1_754' title='bbox 1223 1984 1391 2019; x_wconf 60' lang='grc' dir='ltr'>προφητῶν,</span> <span class='ocrx_word' id='word_1_755' title='bbox 1405 1984 1466 2010; x_wconf 73' lang='grc' dir='ltr'><strong>οὔτ’</strong></span> <span class='ocrx_word' id='word_1_756' title='bbox 1483 1984 1517 2010; x_wconf 85' lang='grc' dir='ltr'>ἐν</span> <span class='ocrx_word' id='word_1_757' title='bbox 1529 1983 1698 2016; x_wconf 75' lang='grc' dir='ltr'><strong>ἐνυπνίοις·</strong></span> <span class='ocrx_word' id='word_1_758' title='bbox 1717 1983 1768 2009; x_wconf 77' lang='grc' dir='ltr'>καὶ</span> <span class='ocrx_word' id='word_1_759' title='bbox 1785 1981 1839 2009; x_wconf 75' lang='grc' dir='ltr'>νῦν</span> 
     </span>
    </p>
   </div>
   <div class='ocr_carea' id='block_1_106' title="bbox 1058 2026 1839 2065">
    <p class='ocr_par' dir='ltr' id='par_1_106' title="bbox 1058 2026 1839 2065">
     <span class='ocr_line' id='line_1_106' title="bbox 1058 2026 1839 2065; baseline -0.004 -7"><span class='ocrx_word' id='word_1_760' title='bbox 1058 2031 1191 2064; x_wconf 77' lang='grc' dir='ltr'>κέκληκά</span> <span class='ocrx_word' id='word_1_761' title='bbox 1210 2038 1246 2057; x_wconf 90' lang='grc' dir='ltr'>σε</span> <span class='ocrx_word' id='word_1_762' title='bbox 1267 2030 1408 2065; x_wconf 76' lang='grc' dir='ltr'><strong>γνωρίσαι</strong></span> <span class='ocrx_word' id='word_1_763' title='bbox 1425 2038 1476 2064; x_wconf 82' lang='grc' dir='ltr'><em>μοι</em></span> <span class='ocrx_word' id='word_1_764' title='bbox 1497 2030 1525 2055; x_wconf 88' lang='grc' dir='ltr'>τί</span> <span class='ocrx_word' id='word_1_765' title='bbox 1543 2028 1666 2061; x_wconf 76' lang='grc' dir='ltr'><em>ποιήσω.</em></span> <span class='ocrx_word' id='word_1_766' title='bbox 1691 2028 1778 2055; x_wconf 79' lang='grc' dir='ltr'>Πάλιν</span> <span class='ocrx_word' id='word_1_767' title='bbox 1795 2026 1839 2055; x_wconf 81' lang='grc' dir='ltr'>οὖν</span> 
     </span>
    </p>
   </div>
   <div class='ocr_carea' id='block_1_107' title="bbox 1057 2075 1840 2113">
    <p class='ocr_par' dir='ltr' id='par_1_107' title="bbox 1057 2075 1840 2113">
     <span class='ocr_line' id='line_1_107' title="bbox 1057 2075 1840 2113; baseline -0.003 -10"><span class='ocrx_word' id='word_1_768' title='bbox 1057 2076 1236 2113; x_wconf 75' lang='grc' dir='ltr'>ἀποκριτέον·</span> <span class='ocrx_word' id='word_1_769' title='bbox 1266 2077 1298 2103; x_wconf 77' lang='lat' dir='ltr'><strong>Et</strong></span> <span class='ocrx_word' id='word_1_770' title='bbox 1321 2075 1446 2112; x_wconf 85' lang='grc' dir='ltr'>Σαμουὴλ</span> <span class='ocrx_word' id='word_1_771' title='bbox 1468 2077 1481 2102; x_wconf 83' lang='grc' dir='ltr'>ὁ</span> <span class='ocrx_word' id='word_1_772' title='bbox 1502 2075 1680 2110; x_wconf 82' lang='grc' dir='ltr'>περίϐλεπτος</span> <span class='ocrx_word' id='word_1_773' title='bbox 1707 2075 1840 2110; x_wconf 69' lang='grc' dir='ltr'>ἐτύγχανε</span> 
     </span>
    </p>
   </div>
   <div class='ocr_carea' id='block_1_108' title="bbox 1058 2121 1838 2158">
    <p class='ocr_par' dir='ltr' id='par_1_108' title="bbox 1058 2121 1838 2158">
     <span class='ocr_line' id='line_1_108' title="bbox 1058 2121 1838 2158; baseline -0.004 -8"><span class='ocrx_word' id='word_1_774' title='bbox 1058 2123 1206 2158; x_wconf 68' lang='grc' dir='ltr'>προφήτης,</span> <span class='ocrx_word' id='word_1_775' title='bbox 1225 2124 1274 2149; x_wconf 84' lang='grc' dir='ltr'>οὺκ</span> <span class='ocrx_word' id='word_1_776' title='bbox 1295 2122 1327 2149; x_wconf 84' lang='grc' dir='ltr'>ἂν</span> <span class='ocrx_word' id='word_1_777' title='bbox 1343 2122 1508 2157; x_wconf 72' lang='grc' dir='ltr'>ἐσωφρόνισε</span> <span class='ocrx_word' id='word_1_778' title='bbox 1525 2122 1569 2147; x_wconf 80' lang='grc' dir='ltr'>τὸν</span> <span class='ocrx_word' id='word_1_779' title='bbox 1589 2121 1672 2157; x_wconf 77' lang='grc' dir='ltr'>ἄνδρα</span> <span class='ocrx_word' id='word_1_780' title='bbox 1692 2121 1838 2153; x_wconf 82' lang='grc' dir='ltr'>νουθετῶν;</span> 
     </span>
    </p>
   </div>
   <div class='ocr_carea' id='block_1_109' title="bbox 1057 2166 1839 2202">
    <p class='ocr_par' dir='ltr' id='par_1_109' title="bbox 1057 2166 1839 2202">
     <span class='ocr_line' id='line_1_109' title="bbox 1057 2166 1839 2202; baseline -0.001 -8"><span class='ocrx_word' id='word_1_781' title='bbox 1057 2168 1106 2195; x_wconf 85' lang='grc' dir='ltr'>οὐκ</span> <span class='ocrx_word' id='word_1_782' title='bbox 1122 2168 1154 2194; x_wconf 82' lang='grc' dir='ltr'>ἂν</span> <span class='ocrx_word' id='word_1_783' title='bbox 1172 2166 1247 2194; x_wconf 81' lang='grc' dir='ltr'>εἶπεν</span> <span class='ocrx_word' id='word_1_784' title='bbox 1269 2167 1342 2202; x_wconf 79' lang='grc' dir='ltr'>αὐτῷ</span> <span class='ocrx_word' id='word_1_785' title='bbox 1361 2168 1391 2194; x_wconf 78' lang='grc' dir='ltr'>τὸ</span> <span class='ocrx_word' id='word_1_786' title='bbox 1412 2167 1534 2201; x_wconf 82' lang='grc' dir='ltr'>πρῶτον;</span> <span class='ocrx_word' id='word_1_787' title='bbox 1556 2166 1622 2193; x_wconf 82' lang='grc' dir='ltr'><strong>Εἰπὲ</strong></span> <span class='ocrx_word' id='word_1_788' title='bbox 1647 2175 1704 2202; x_wconf 83' lang='grc' dir='ltr'>μοι,</span> <span class='ocrx_word' id='word_1_789' title='bbox 1734 2167 1839 2202; x_wconf 78' lang='grc' dir='ltr'>σχέτλιε</span> 
     </span>
    </p>
   </div>
   <div class='ocr_carea' id='block_1_110' title="bbox 1057 2212 1839 2249">
    <p class='ocr_par' dir='ltr' id='par_1_110' title="bbox 1057 2212 1839 2249">
     <span class='ocr_line' id='line_1_110' title="bbox 1057 2212 1839 2249; baseline -0.003 -9"><span class='ocrx_word' id='word_1_790' title='bbox 1057 2214 1164 2240; x_wconf 80' lang='grc' dir='ltr'>πάντων</span> <span class='ocrx_word' id='word_1_791' title='bbox 1183 2213 1342 2249; x_wconf 74' lang='grc' dir='ltr'>ἀνθρώπων,</span> <span class='ocrx_word' id='word_1_792' title='bbox 1363 2215 1386 2240; x_wconf 83' lang='grc' dir='ltr'>εἰ</span> <span class='ocrx_word' id='word_1_793' title='bbox 1412 2213 1592 2248; x_wconf 80' lang='grc' dir='ltr'>περιέστηκαν</span> <span class='ocrx_word' id='word_1_794' title='bbox 1622 2213 1646 2239; x_wconf 79' lang='grc' dir='ltr'>οἱ</span> <span class='ocrx_word' id='word_1_795' title='bbox 1673 2212 1839 2247; x_wconf 78' lang='grc' dir='ltr'>ἀλλογενεῐς,</span> 
     </span>
    </p>
   </div>
   <div class='ocr_carea' id='block_1_111' title="bbox 1057 2257 1840 2294">
    <p class='ocr_par' dir='ltr' id='par_1_111' title="bbox 1057 2257 1840 2294">
     <span class='ocr_line' id='line_1_111' title="bbox 1057 2257 1840 2294; baseline 0 -9"><span class='ocrx_word' id='word_1_796' title='bbox 1057 2259 1097 2290; x_wconf 83' lang='grc' dir='ltr'><strong>είς</strong></span> <span class='ocrx_word' id='word_1_797' title='bbox 1121 2259 1237 2294; x_wconf 84' lang='grc' dir='ltr'>πόλεμον</span> <span class='ocrx_word' id='word_1_798' title='bbox 1265 2258 1558 2294; x_wconf 82' lang='grc' dir='ltr'>ἀντιπαραταττόμενοι</span> <span class='ocrx_word' id='word_1_799' title='bbox 1588 2257 1730 2289; x_wconf 75' lang='grc' dir='ltr'>συσταδὸν,</span> <span class='ocrx_word' id='word_1_800' title='bbox 1762 2258 1840 2294; x_wconf 75' lang='grc' dir='ltr'>ειπερ</span> 
     </span>
    </p>
   </div>
   <div class='ocr_carea' id='block_1_112' title="bbox 1056 2304 1839 2339">
    <p class='ocr_par' dir='ltr' id='par_1_112' title="bbox 1056 2304 1839 2339">
     <span class='ocr_line' id='line_1_112' title="bbox 1056 2304 1839 2339; baseline 0 -9"><span class='ocrx_word' id='word_1_801' title='bbox 1056 2305 1070 2330; x_wconf 87' lang='grc' dir='ltr'><strong>ὁ</strong></span> <span class='ocrx_word' id='word_1_802' title='bbox 1087 2304 1153 2336; x_wconf 77' lang='grc' dir='ltr'>Θεὸς</span> <span class='ocrx_word' id='word_1_803' title='bbox 1178 2304 1330 2339; x_wconf 74' lang='grc' dir='ltr'>ἀφέστηκεν</span> <span class='ocrx_word' id='word_1_804' title='bbox 1355 2304 1409 2331; x_wconf 82' lang='grc' dir='ltr'><strong>ἀπὸ</strong></span> <span class='ocrx_word' id='word_1_805' title='bbox 1436 2304 1483 2330; x_wconf 82' lang='grc' dir='ltr'>σοῦ</span> <span class='ocrx_word' id='word_1_806' title='bbox 1509 2304 1556 2330; x_wconf 64' lang='grc' dir='ltr'><strong>καὶ⁷</strong></span> <span class='ocrx_word' id='word_1_807' title='bbox 1581 2304 1611 2330; x_wconf 78' lang='grc' dir='ltr'>τὸ</span> <span class='ocrx_word' id='word_1_808' title='bbox 1636 2304 1769 2339; x_wconf 81' lang='grc' dir='ltr'>παράπαν</span> <span class='ocrx_word' id='word_1_809' title='bbox 1791 2304 1839 2331; x_wconf 82' lang='grc' dir='ltr'>οὐκ</span> 
     </span>
    </p>
   </div>
   <div class='ocr_carea' id='block_1_113' title="bbox 1057 2349 1838 2386">
    <p class='ocr_par' dir='ltr' id='par_1_113' title="bbox 1057 2349 1838 2386">
     <span class='ocr_line' id='line_1_113' title="bbox 1057 2349 1838 2386; baseline 0 -9"><span class='ocrx_word' id='word_1_810' title='bbox 1057 2350 1194 2386; x_wconf 77' lang='grc' dir='ltr'>ὲπακήκοέ</span> <span class='ocrx_word' id='word_1_811' title='bbox 1211 2359 1267 2382; x_wconf 86' lang='grc' dir='ltr'>σου,</span> <span class='ocrx_word' id='word_1_812' title='bbox 1281 2350 1343 2377; x_wconf 79' lang='grc' dir='ltr'>οὕτε</span> <span class='ocrx_word' id='word_1_813' title='bbox 1358 2350 1386 2376; x_wconf 85' lang='grc' dir='ltr'>δὲ</span> <span class='ocrx_word' id='word_1_814' title='bbox 1399 2350 1535 2386; x_wconf 79' lang='grc' dir='ltr'>προφῆται</span> <span class='ocrx_word' id='word_1_815' title='bbox 1555 2349 1754 2385; x_wconf 78' lang='grc' dir='ltr'>πρεσϐεύοντες</span> <span class='ocrx_word' id='word_1_816' title='bbox 1770 2351 1838 2386; x_wconf 80' lang='grc' dir='ltr'>ὑπὲρ</span> 
     </span>
    </p>
   </div>
   <div class='ocr_carea' id='block_1_114' title="bbox 1058 2394 1838 2431">
    <p class='ocr_par' dir='ltr' id='par_1_114' title="bbox 1058 2394 1838 2431">
     <span class='ocr_line' id='line_1_114' title="bbox 1058 2394 1838 2431; baseline 0 -10"><span class='ocrx_word' id='word_1_817' title='bbox 1058 2395 1104 2422; x_wconf 79' lang='grc' dir='ltr'>σοῦ</span> <span class='ocrx_word' id='word_1_818' title='bbox 1125 2395 1298 2431; x_wconf 77' lang='grc' dir='ltr'>κατῄδεισαν,</span> <span class='ocrx_word' id='word_1_819' title='bbox 1315 2394 1376 2422; x_wconf 80' lang='grc' dir='ltr'>οὔτε</span> <span class='ocrx_word' id='word_1_820' title='bbox 1392 2395 1468 2430; x_wconf 72' lang='grc' dir='ltr'>ὄναρ,</span> <span class='ocrx_word' id='word_1_821' title='bbox 1491 2395 1551 2422; x_wconf 76' lang='grc' dir='ltr'>οὔτε</span> <span class='ocrx_word' id='word_1_822' title='bbox 1567 2394 1641 2430; x_wconf 80' lang='grc' dir='ltr'>ὕπαρ</span> <span class='ocrx_word' id='word_1_823' title='bbox 1656 2395 1838 2431; x_wconf 76' lang='grc' dir='ltr'>ἀπεκαλύφθη</span> 
     </span>
    </p>
   </div>
   <div class='ocr_carea' id='block_1_115' title="bbox 1058 2441 1838 2478">
    <p class='ocr_par' dir='ltr' id='par_1_115' title="bbox 1058 2441 1838 2478">
     <span class='ocr_line' id='line_1_115' title="bbox 1058 2441 1838 2478; baseline -0.003 -8"><span class='ocrx_word' id='word_1_824' title='bbox 1058 2451 1098 2470; x_wconf 91' lang='grc' dir='ltr'><strong>σοι</strong></span> <span class='ocrx_word' id='word_1_825' title='bbox 1115 2442 1145 2469; x_wconf 84' lang='grc' dir='ltr'>τὸ</span> <span class='ocrx_word' id='word_1_826' title='bbox 1163 2442 1231 2474; x_wconf 80' lang='grc' dir='ltr'>δέον,</span> <span class='ocrx_word' id='word_1_827' title='bbox 1250 2442 1280 2468; x_wconf 70' lang='grc' dir='ltr'>οὐ</span> <span class='ocrx_word' id='word_1_828' title='bbox 1296 2442 1383 2478; x_wconf 85' lang='grc' dir='ltr'>ταύτῃ</span> <span class='ocrx_word' id='word_1_829' title='bbox 1404 2442 1502 2478; x_wconf 76' lang='grc' dir='ltr'>μᾶλλον</span> <span class='ocrx_word' id='word_1_830' title='bbox 1525 2441 1626 2476; x_wconf 74' lang='grc' dir='ltr'>ὤφελες</span> <span class='ocrx_word' id='word_1_831' title='bbox 1652 2441 1838 2478; x_wconf 79' lang='grc' dir='ltr'>ὲξιλεούμενος</span> 
     </span>
    </p>
   </div>
   <div class='ocr_carea' id='block_1_116' title="bbox 1057 2485 1838 2523">
    <p class='ocr_par' dir='ltr' id='par_1_116' title="bbox 1057 2485 1838 2523">
     <span class='ocr_line' id='line_1_116' title="bbox 1057 2485 1838 2523; baseline 0.001 -10"><span class='ocrx_word' id='word_1_832' title='bbox 1057 2487 1179 2522; x_wconf 81' lang='grc' dir='ltr'>κλιθῆναι</span> <span class='ocrx_word' id='word_1_833' title='bbox 1199 2485 1268 2520; x_wconf 77' lang='grc' dir='ltr'>Θεῷ,</span> <span class='ocrx_word' id='word_1_834' title='bbox 1289 2487 1336 2513; x_wconf 78' lang='grc' dir='ltr'>καὶ</span> <span class='ocrx_word' id='word_1_835' title='bbox 1355 2488 1478 2523; x_wconf 83' lang='grc' dir='ltr'>πενήτων</span> <span class='ocrx_word' id='word_1_836' title='bbox 1506 2486 1702 2522; x_wconf 79' lang='grc' dir='ltr'>ὲλεημοσύναις</span> <span class='ocrx_word' id='word_1_837' title='bbox 1727 2487 1838 2514; x_wconf 80' lang='grc' dir='ltr'>ἀπολού-</span> 
     </span>
    </p>
   </div>
   <div class='ocr_carea' id='block_1_117' title="bbox 1058 2530 1837 2568">
    <p class='ocr_par' dir='ltr' id='par_1_117' title="bbox 1058 2530 1837 2568">
     <span class='ocr_line' id='line_1_117' title="bbox 1058 2530 1837 2568; baseline 0.001 -10"><span class='ocrx_word' id='word_1_838' title='bbox 1058 2531 1154 2558; x_wconf 81' lang='grc' dir='ltr'>σασθαι</span> <span class='ocrx_word' id='word_1_839' title='bbox 1180 2530 1214 2558; x_wconf 76' lang='grc' dir='ltr'><strong>τὰ</strong></span> <span class='ocrx_word' id='word_1_840' title='bbox 1243 2531 1296 2557; x_wconf 81' lang='grc' dir='ltr'>τῶν</span> <span class='ocrx_word' id='word_1_841' title='bbox 1326 2532 1504 2567; x_wconf 72' lang='grc' dir='ltr'>ἐγκλημάτων</span> <span class='ocrx_word' id='word_1_842' title='bbox 1533 2532 1624 2564; x_wconf 80' lang='grc' dir='ltr'>αῐτια,</span> <span class='ocrx_word' id='word_1_843' title='bbox 1655 2533 1720 2567; x_wconf 79' lang='grc' dir='ltr'>μήτι</span> <span class='ocrx_word' id='word_1_844' title='bbox 1748 2541 1780 2567; x_wconf 83' lang='grc' dir='ltr'>γε</span> <span class='ocrx_word' id='word_1_845' title='bbox 1807 2532 1837 2568; x_wconf 74' lang='grc' dir='ltr'><strong>δὴ</strong></span> 
     </span>
    </p>
   </div>
   <div class='ocr_carea' id='block_1_118' title="bbox 1057 2577 1838 2614">
    <p class='ocr_par' dir='ltr' id='par_1_118' title="bbox 1057 2577 1838 2614">
     <span class='ocr_line' id='line_1_118' title="bbox 1057 2577 1838 2614; baseline 0.001 -10"><span class='ocrx_word' id='word_1_846' title='bbox 1057 2578 1238 2612; x_wconf 81' lang='grc' dir='ltr'>καταφεύγειν</span> <span class='ocrx_word' id='word_1_847' title='bbox 1254 2577 1300 2604; x_wconf 75' lang='grc' dir='ltr'><strong>ἐπὶ</strong></span> <span class='ocrx_word' id='word_1_848' title='bbox 1319 2577 1415 2613; x_wconf 85' lang='grc' dir='ltr'>μάντιν</span> <span class='ocrx_word' id='word_1_849' title='bbox 1431 2577 1657 2614; x_wconf 72' lang='grc' dir='ltr'>ὲγγαττρίμυθον,</span> <span class='ocrx_word' id='word_1_850' title='bbox 1673 2578 1720 2605; x_wconf 76' lang='grc' dir='ltr'><strong>καὶ</strong></span> <span class='ocrx_word' id='word_1_851' title='bbox 1740 2578 1838 2613; x_wconf 80' lang='grc' dir='ltr'>μανιώ-</span> 
     </span>
    </p>
   </div>
   <div class='ocr_carea' id='block_1_119' title="bbox 1055 2623 1836 2659">
    <p class='ocr_par' dir='ltr' id='par_1_119' title="bbox 1055 2623 1836 2659">
     <span class='ocr_line' id='line_1_119' title="bbox 1055 2623 1836 2659; baseline 0.003 -10"><span class='ocrx_word' id='word_1_852' title='bbox 1055 2623 1094 2649; x_wconf 89' lang='grc' dir='ltr'>δει</span> <span class='ocrx_word' id='word_1_853' title='bbox 1119 2625 1233 2659; x_wconf 77' lang='grc' dir='ltr'>μαντικῇ</span> <span class='ocrx_word' id='word_1_854' title='bbox 1257 2623 1290 2650; x_wconf 76' lang='grc' dir='ltr'><strong>τὰ</strong></span> <span class='ocrx_word' id='word_1_855' title='bbox 1311 2623 1362 2658; x_wconf 85' lang='grc' dir='ltr'>τῆς</span> <span class='ocrx_word' id='word_1_856' title='bbox 1384 2624 1525 2655; x_wconf 81' lang='grc' dir='ltr'>εὐσεϐείας</span> <span class='ocrx_word' id='word_1_857' title='bbox 1545 2624 1836 2651; x_wconf 79' lang='grc' dir='ltr'>ἀντικαταλλάττεσθαι</span> 
     </span>
    </p>
   </div>
   <div class='ocr_carea' id='block_1_120' title="bbox 1057 2667 1835 2703">
    <p class='ocr_par' dir='ltr' id='par_1_120' title="bbox 1057 2667 1835 2703">
     <span class='ocr_line' id='line_1_120' title="bbox 1057 2667 1835 2703; baseline 0 -9"><span class='ocrx_word' id='word_1_858' title='bbox 1057 2667 1187 2703; x_wconf 81' lang='grc' dir='ltr'>σύμϐολα,</span> <span class='ocrx_word' id='word_1_859' title='bbox 1205 2668 1252 2694; x_wconf 76' lang='grc' dir='ltr'>καὶ</span> <span class='ocrx_word' id='word_1_860' title='bbox 1265 2667 1324 2695; x_wconf 78' lang='grc' dir='ltr'>καθ’</span> <span class='ocrx_word' id='word_1_861' title='bbox 1337 2667 1432 2694; x_wconf 79' lang='grc' dir='ltr'>ἑαυτοῦ</span> <span class='ocrx_word' id='word_1_862' title='bbox 1446 2669 1476 2694; x_wconf 77' lang='grc' dir='ltr'>τὸ</span> <span class='ocrx_word' id='word_1_863' title='bbox 1489 2667 1575 2700; x_wconf 79' lang='grc' dir='ltr'>ττάοος</span> <span class='ocrx_word' id='word_1_864' title='bbox 1587 2668 1705 2703; x_wconf 82' lang='grc' dir='ltr'>αὐξῆσαι</span> <span class='ocrx_word' id='word_1_865' title='bbox 1721 2669 1835 2700; x_wconf 58' lang='grc' dir='ltr'>διττῶς</span> 
     </span>
    </p>
   </div>
   <div class='ocr_carea' id='block_1_121' title="bbox 1055 2714 1836 2752">
    <p class='ocr_par' dir='ltr' id='par_1_121' title="bbox 1055 2714 1836 2752">
     <span class='ocr_line' id='line_1_121' title="bbox 1055 2714 1836 2752; baseline -0.004 -9"><span class='ocrx_word' id='word_1_866' title='bbox 1055 2714 1072 2752; x_wconf 83' lang='grc' dir='ltr'>ἦ</span> <span class='ocrx_word' id='word_1_867' title='bbox 1085 2717 1138 2752; x_wconf 76' lang='grc' dir='ltr'>γὰρ</span> <span class='ocrx_word' id='word_1_868' title='bbox 1152 2717 1182 2743; x_wconf 81' lang='grc' dir='ltr'>οὐ</span> <span class='ocrx_word' id='word_1_869' title='bbox 1197 2716 1360 2752; x_wconf 79' lang='grc' dir='ltr'>διανοητέον,</span> <span class='ocrx_word' id='word_1_870' title='bbox 1373 2716 1414 2742; x_wconf 85' lang='grc' dir='ltr'>ὅτι</span> <span class='ocrx_word' id='word_1_871' title='bbox 1427 2715 1462 2742; x_wconf 86' lang='grc' dir='ltr'>τὰ</span> <span class='ocrx_word' id='word_1_872' title='bbox 1473 2715 1562 2742; x_wconf 78' lang='grc' dir='ltr'>τοιάδε</span> <span class='ocrx_word' id='word_1_873' title='bbox 1584 2715 1726 2750; x_wconf 80' lang='grc' dir='ltr'>μιάσματα</span> <span class='ocrx_word' id='word_1_874' title='bbox 1750 2715 1836 2751; x_wconf 68' lang='grc' dir='ltr'>ῥητῶς</span> 
     </span>
    </p>
   </div>
   <div class='ocr_carea' id='block_1_122' title="bbox 1202 2771 1834 2807">
    <p class='ocr_par' dir='ltr' id='par_1_122' title="bbox 1202 2771 1834 2807">
     <span class='ocr_line' id='line_1_122' title="bbox 1202 2771 1834 2807; baseline -0.006 -4"><span class='ocrx_word' id='word_1_875' title='bbox 1202 2776 1223 2792; x_wconf 84' lang='grc'><strong>³⁸</strong></span> <span class='ocrx_word' id='word_1_876' title='bbox 1233 2775 1296 2803; x_wconf 82' lang='lat' dir='ltr'><strong>ibid.</strong></span> <span class='ocrx_word' id='word_1_877' title='bbox 1350 2775 1371 2790; x_wconf 79' lang='lat'><strong>&quot;</strong></span> <span class='ocrx_word' id='word_1_878' title='bbox 1383 2773 1442 2801; x_wconf 77' lang='lat' dir='ltr'><strong>Lev.</strong></span> <span class='ocrx_word' id='word_1_879' title='bbox 1457 2781 1501 2807; x_wconf 72' lang='grc' dir='ltr'>ιι,</span> <span class='ocrx_word' id='word_1_880' title='bbox 1518 2773 1571 2806; x_wconf 67' lang='lat'><strong>27;</strong></span> <span class='ocrx_word' id='word_1_881' title='bbox 1604 2772 1681 2799; x_wconf 81' lang='lat' dir='ltr'><strong>Deut.</strong></span> <span class='ocrx_word' id='word_1_882' title='bbox 1699 2779 1779 2807; x_wconf 79' lang='lat' dir='ltr'><strong>mu,</strong></span> <span class='ocrx_word' id='word_1_883' title='bbox 1792 2771 1834 2801; x_wconf 76' lang='lat' dir='ltr'><strong>ll.</strong></span> 
     </span>
    </p>
   </div>
  </div>
