1911 3073
55 116 111 143 657

525 117 567 145 DE
584 114 881 145 ENGASTHIMYTHO
901 115 1041 145 CONTRA
1060 115 1246 145 ORIGENEM.

1626 121 1677 149 658

57 176 250 210 ἀπηγόρευσεν
274 175 289 201 ὁ
307 175 371 206 Θεὸς
395 175 423 200 ὲν
445 173 483 210 τῷ
503 174 637 210 Λευῖτικῷ
659 174 702 201 διὰ
726 175 847 206 Μωσέως

901 183 955 210 grue
983 175 1121 201 subsecuta
1140 175 1219 208 fuerit
1239 176 1458 211 engastrrmytltos
1482 182 1507 203 et
1528 177 1679 205 incantato-

61 220 158 248 εἰπών·
169 221 232 247 Οὐκ
248 220 508 253 ἐπακολουθήσει-ε
521 220 582 253 τοῖς
595 221 846 255 ἐηιγτιοτριμύθοις,

61 266 111 293 καὶ
130 265 193 298 τοῖς
210 265 363 298 ἐπαοιδοῖς
383 266 418 292 οὺ
435 265 749 299 προσχολληθήσεσθε,
760 273 847 299 μιαν-

62 311 150 345 θῆναι
161 312 196 338 ἐν
210 311 324 344 αὐτοῖς.
352 311 424 346 Ἐγώ
436 312 492 345 εἰμι
509 311 616 344 Κύριος
634 312 650 337 ὁ
666 310 737 343 Θεὸς
751 311 846 345 ὑμῶν’

62 356 183 384 ἁλλ”οὺκ
196 357 282 392 ἀσεϐῆ
297 357 359 383 τάδε
375 357 409 383 τὰ
424 356 593 392 βδελύγματα
608 356 726 391 νομίζεις
742 356 849 382 ἐναντία

61 403 101 439 τῷ
121 402 191 438 Θεῷ,
207 399 423 438 δραματουργεῖν
443 402 590 438 ὲγχειρῶν;
610 403 707 429 Ἀκουε
728 402 774 428 καὶ
790 402 848 437 μεθ’

62 450 146 485 ἕτερα
168 448 215 475 τοῦ
238 448 306 474 Ε)εοῦ
329 448 552 483 χρησμῳδοῦντος
569 448 614 474 ἐπὶ
630 447 668 482 τῷ
683 447 775 483 τοιῷδε
791 447 849 474 τολ-

65 497 190 530 μήματι·
218 493 273 521 Καὶ
296 493 398 528 ψυχὴ,
429 494 520 529 φησὶν,
549 493 614 527 ἥτις
631 493 669 519 ἂν
684 493 849 520 ἐπακολου-

64 542 145 576 θιίσῃ
172 540 235 573 τοῖς
262 541 506 576 ἐγγαστριμύθως
535 539 554 574 ἣ
578 538 744 572 ἑπαοιὸοἷς,
773 538 849 565 ὥστε

63 587 265 622 ἑχπορνεῦσαι
287 587 382 613 ὀπίσω
403 586 510 613 αὐτῶν.
532 586 626 612 Ὀποῖα
649 585 696 611 καὶ
713 586 774 611 τίνα
792 585 850 611 πεί-

65 643 143 661 σεται
165 633 293 669 προσθεὶς
312 632 451 668 ἀπέφρασε
476 632 588 668 προῖὼν,
626 631 795 664 Ἑπιστήσω
818 631 849 657 τὸ

65 681 229 714 πρόσωπόν
239 688 311 714 μου,
326 680 455 714 φάμενος,
469 678 518 705 ἐπὶ
530 677 587 711 τὴν
601 677 707 712 ψυχὴν
719 677 848 710 ἐκείνην,

64 727 112 753 καὶ
138 725 244 753 ἀπολῶ
268 724 364 758 αὐτὴν
384 725 418 750 ἐκ
440 724 492 750 τοῦ
515 723 591 750 λαοῦ
614 722 718 757 αὐτῆς.
743 723 772 748 Εἰ
804 720 850 748 οὖν

64 770 184 807 ἀρχῆθεν
210 769 395 805 νομοθετήσας
419 770 433 795 ὁ
454 768 520 800 Θεὸς
541 768 686 803 αὐστηροῖς
709 766 850 793 ἀπέστειλε

65 816 267 852 ’προγράμματι
286 815 349 846 τοὺς
375 813 513 845 τοιαύταις
531 812 786 848 ἐγχαλινευομένους
804 813 849 838 ἐπ-

898 229 949 253 res,
964 220 1147 255 ut'fornicetur
1160 225 1218 254 post
1233 229 1275 248 eos
1292 231 1301 248 :
1317 229 1377 256 quae
1389 226 1416 250 et
1430 223 1520 258 qualia
1548 227 1612 251 sunt
1634 225 1679 251 illa

898 274 958 301 qua:
975 266 1100 301 patietur,
1119 266 1215 300 paucis
1233 267 1346 294 annexis
1365 268 1476 302 exponit.
1493 278 1499 296 :
1513 269 1680 297 Constituam

898 312 992 347 facient
1009 320 1093 338 meam
1105 312 1132 338 in
1144 312 1259 338 animam
1280 312 1366 345 illam,
1381 319 1405 340 et
1429 314 1537 348 perdam
1558 315 1634 342 illam
1647 315 1680 342 de

897 359 990 393 popqu
1006 358 1091 386 illius.
1119 358 1212 394 Itaque
1227 366 1290 386 cum
1316 360 1433 394 primum
1459 360 1530 388 Deus
1552 362 1624 397 leges
1639 361 1680 389 fe-

899 412 972 437 rens,
991 406 1093 432 severis
1108 405 1251 439 prmceptis
1276 405 1310 433 ab
1325 405 1554 434 incantationibus
1573 410 1600 434 et
1613 407 1681 434 divi-

899 450 1056 478 nationibus
1081 450 1215 482 inhibuit,
1242 450 1397 478 miseranda
1415 459 1480 478 vero
1508 452 1680 488 obscuraque

899 499 1096 523 tormentorum
1112 496 1170 523 loca
1183 499 1278 522 contra
1293 503 1340 523 eos
1353 496 1397 530 qui
1411 496 1506 523 talium
1517 505 1606 524 rerum
1618 505 1681 525 con-

900 542 961 569 victi
978 541 1080 569 fuerint
1096 542 1225 569 terribilis
1241 542 1379 574 minatur;
1395 550 1485 570 nonne
1498 543 1544 577 qui
1568 550 1584 569 a
1606 546 1680 571 tene-

900 588 949 620 ris,
968 591 995 614 ut
1005 588 1092 619 aiunt,
1116 587 1270 622 unguiculis
1297 586 1352 614 Deo
1380 591 1439 615 erat
1462 592 1640 616 consecratus
1654 592 1681 616 et

900 637 1029 661 constans
1044 634 1132 667 legum
1161 634 1319 661 observator
1334 633 1391 660 haec
1423 633 1450 660 in
1468 634 1569 668 ’primis
1585 633 1683 662 debue-

900 684 942 706 rat
957 679 1103 707 accusare?
1118 679 1171 706 Sed
1185 683 1212 707 et
1223 679 1270 714 qui
1294 679 1351 713 jam
1365 687 1380 706 a
1395 687 1479 714 puero
1505 680 1609 715 legibus
1624 683 1683 706 erat

900 725 1058 756 instructus,
1075 725 1173 759 quippe
1187 724 1287 759 legales
1296 724 1380 752 libros
1391 725 1565 752 exactissime
1579 732 1682 760 cogno-

900 777 976 797 scere
1006 775 1121 804 poterat,
1145 778 1279 804 nusquam
1306 778 1426 798 errorem
1450 771 1619 805 requisisset,
1649 778 1684 799 ne

902 817 998 843 misere
1015 816 1108 843 fraude
1135 817 1240 852 decepti
1255 817 1282 844 in
1305 817 1423 844 furiosas
1437 817 1561 844 nonnulli
1576 817 1683 844 divitia—

64 861 193 897 αοιδαξςῆ
210 860 359 896 μαντείαις,
375 860 481 886 ἀπειλεί
494 859 522 885 δὲ
532 858 679 894 σκυθρωπὰ
694 858 739 885 καὶ
751 857 849 892 σκιώδη

902 861 989 888 tiones
1014 866 1180 895 raperentur.
1207 862 1258 889 Sed
1277 862 1372 889 horum
1402 862 1470 888 nihil
1499 862 1540 890 vel
1555 862 1623 889 dixit
1642 862 1684 889 vel

64 908 233 947 κολαστήρια
262 907 331 933 κατὰ
357 905 411 931 τῶν
439 904 622 940 ἁλισκομένων
649 904 694 930 ἐπὶ
727 902 756 936 τῇ
789 903 850 938 δίκῃ

901 905 1066 940 cﬂlagitavit.
1082 905 1174 941 Neque
1188 907 1260 933 enim
1278 906 1387 934 Samuel
1406 911 1464 934 erat
1481 917 1489 934 ;
1507 907 1554 934 sed
1568 907 1614 941 qui
1626 907 1684 934 hac

63 953 203 989 φοϐερῶς,
232 953 262 978 οὑ
286 953 330 978 τὸν
351 952 529 986 ἀνακείμενον
553 950 583 981 ἐξ
607 949 716 976 ἁπαλῶν
747 949 849 983 ὀνύχων

901 951 990 977 omnia
1007 958 1020 976 a
1032 951 1119 985 prima
1135 951 1177 977 sui
1195 951 1298 986 origine
1320 951 1538 983 machinabatur,
1555 951 1611 978 haec
1625 958 1685 986 pro—

469 999 575 1033 βέῖαιον
599 999 649 1023 ἔδει
671 997 734 1033 περὶ
749 996 850 1024 τούτων

901 995 987 1029 phetae
1001 995 1117 1030 speciem
1132 1003 1187 1030 prae
1203 1003 1232 1023 se
1250 996 1338 1023 ferens
1353 996 1493 1031 respondit
1508 997 1530 1012 "'
1548 1006 1554 1023 :
1576 995 1683 1031 thuid,

899 1041 1004 1073 dicens,
1018 1043 1164 1076 interrogas
1180 1050 1230 1073 me,
1257 1046 1281 1068 et
1301 1042 1425 1069 Dominus
1451 1042 1572 1069 discessit
1587 1051 1602 1068 a
1615 1047 1648 1073 te,
1660 1047 1684 1068 et

900 1087 986 1121 factus
1000 1092 1037 1114 est
1052 1096 1111 1114 cum
1128 1090 1247 1122 proximo
1266 1089 1329 1115 tuo?
1345 1088 1378 1114 Et
1395 1089 1456 1123 fecit
1474 1088 1522 1115 tibi
1543 1088 1683 1119 Dominus,

903 1133 970 1158 sicut
985 1132 1086 1159 locutus
1097 1138 1135 1159 est
1151 1133 1177 1160 in
1187 1142 1264 1159 ntanu
1281 1142 1347 1160 mea.
1366 1133 1427 1161 llaec
1443 1134 1525 1169 igitur
1545 1134 1617 1160 velut
1634 1133 1685 1160 ho-

904 1178 963 1209 stis,
976 1179 1092 1206 simulet
1104 1178 1246 1206 decessum
1262 1180 1405 1211 simulans,
1420 1180 1506 1212 alfert,
1519 1179 1623 1206 libellos
1638 1186 1686 1206 ac-

903 1224 1053 1252 cusationis
1064 1226 1249 1259 prosequitur.

66 1276 139 1302 οὖδεν
156 1276 219 1302 οὔτε
240 1273 314 1301 εἶπεν
339 1273 400 1301 οὔτε
421 1275 567 1309 ἐζήτησεν·
590 1274 619 1299 οὐ
635 1273 688 1308 γὰρ
707 1271 740 1308 ἦν
767 1273 781 1298 ὁ
802 1271 943 1307 Σαμουὴλ,
959 1271 1016 1297 ἀλλ’
1040 1273 1054 1298 ὁ
1081 1271 1115 1298 τὰ
1128 1273 1217 1298 τοιάδε
1247 1273 1372 1308 δράματα
1398 1272 1519 1308 τορεύων
1543 1270 1685 1298 ἀνέκαθεν.

72 1322 131 1349 Ἐπὶ
156 1322 186 1348 δὲ
214 1322 319 1353 τούτοις
342 1321 531 1357 ἀποκρίνεται,
558 1321 588 1347 τὸ
610 1321 753 1356 πρόσωπον
772 1319 818 1346 τοῦ
844 1320 981 1355 προφήτου
1011 1320 1120 1351 ὑποδὺς,
1153 1320 1252 1352 ’1νατί,
1279 1320 1373 1354 λέγων,
1402 1319 1547 1353 ἐπερωτᾷς
1566 1327 1612 1354 με,
1636 1318 1685 1345 καὶ

66 1372 202 1404 ὀΚύριυς
224 1369 395 1404 ἀφέστηκεν
413 1368 472 1395 ἀπὸ
501 1368 574 1400 σοῦ,
600 1368 648 1394 καὶ
669 1367 773 1402 γέγονε
793 1368 868 1402 μετὰ
892 1367 946 1394 τοῦ
974 1368 1107 1401 πλησίον
1133 1375 1190 1394 σου
1204 1376 1213 1399 ;
1242 1368 1296 1395 Kal
1326 1368 1472 1402 πεποίηκέ
1499 1376 1547 1394 σοι
1573 1367 1681 1400 Κύριος

66 1416 140 1445 καθὰ
161 1416 316 1450 ἐλάλησεν
348 1416 382 1442 ἐν
411 1416 486 1451 χειρί
505 1424 574 1449 μου.
600 1414 692 1441 Ταῦτα
716 1414 763 1449 μὲν
779 1412 826 1440 οὖν
843 1414 880 1445 ὡς
899 1414 994 1449 ἐχθρὸς
1021 1414 1078 1449 ἅμα
1104 1414 1151 1441 καὶ
1172 1415 1304 1450 ἐκδημίαν
1327 1414 1546 1449 ὑποτυπούμενος
1571 1413 1686 1447 εἰσάγει,

66 1463 247 1498 ἀναγινώσκει
260 1463 294 1489 τὰ
310 1463 358 1498 τῆς
376 1462 539 1498 κατηγορίας
556 1462 749 1497 ὑπομνήματα.

63 1001 102 1036 τῷ
117 1001 177 1036 θεῴ
200 1001 247 1026 καὶ
271 999 445 1035 νομοφύλακα
469 999 575 1033 βέῖαιον
599 999 649 1023 ἔδει
671 997 734 1033 περὶ
749 996 850 1024 τούτων

65 1045 213 1079 ἐγκαλέσαι
227 1044 351 1079 πρῶτον;
367 1044 435 1070 Ἀλλ’
450 1045 463 1070 ὁ
480 1043 635 1079 νομομαῡὴς
652 1044 682 1068 ἐκ
698 1042 850 1077 μειρακίου,

65 1091 110 1117 καὶ
127 1091 179 1121 τὰς
198 1090 314 1125 νομικὰς
335 1089 486 1124 ἀκριίλῶσαι
504 1088 634 1124 γραμμὰς
655 1087 791 1123 ἀκρότατα
809 1087 852 1113 δυ-

65 1136 165 1171 νηθεὶς,
182 1136 232 1162 οὐκ
258 1136 290 1162 ἂν
311 1136 461 1170 ἐπεζήτησε
483 1135 513 1161 τὸ
535 1137 672 1169 πταῖσμα⁷
699 1134 775 1169 μήπη
799 1133 851 1169 ἄρα

65 1181 106 1208 διὰ
119 1182 215 1208 τούτου
233 1181 305 1212 τινὲς
322 1182 361 1212 εἰς
375 1181 489 1216 μανικὰς
509 1179 689 1212 εξελχυτοῶσι
711 1179 850 1214 μαντείας,

66 1227 155 1263 ἀπάτῃ
194 1227 391 1263 συλληφθέντες
424 1226 533 1258 ἀθλίως.
568 1225 646 1252 Ἀλλὰ
674 1225 775 1251 τούτων
802 1225 850 1259 μὲν

99 1520 158 1548 ΧΗ.
179 1519 336 1555 Θεωρητέον
347 1519 375 1546 δὲ
387 1518 445 1550 πῶς
459 1517 527 1544 αὐτὰ
540 1517 573 1544 τὰ
590 1517 734 1544 συνεκτικὰ
750 1517 849 1552 παρεὶς

935 1514 997 1541 XII.
1014 1514 1247 1541 Considerandum
1265 1515 1358 1549 utique
1375 1518 1416 1541 est
1437 1521 1554 1548 quanam
1576 1514 1682 1542 ratione

67 1567 147 1602 ἐγκλή
153 1575 236 1602 ματα,
245 1566 390 1593 πλάττεται
400 1566 447 1601 μὲν
454 1563 792 1600 ὑποκρίσειδεικτικωτέρᾳ
802 1563 850 1599 (lt)

68 1612 250 1648 φθέγγεσθαι·
284 1612 365 1648 μηδὲν
391 1612 418 1638 δὲ
446 1610 625 1647 προγνώσεως
659 1611 731 1643 ἄξιον
757 1609 850 1640 εἰπὼν,

68 1661 159 1686 ἐκεῖνα
172 1660 293 1694 δευτεροῖ
305 1657 503 1692 τεχνασμὲνως,
516 1657 566 1683 ὅσα
583 1656 684 1692 περιὼν
697 1657 711 1682 ὁ
727 1656 852 1690 Σαμουὴλ

68 1707 107 1733 ἔτι
123 1705 257 1741 προῦλεγε
276 1703 465 1739 συνενεχθῆναι
481 1702 520 1738 τῷ
535 1702 629 1734 Σαοὺλ,
652 1702 723 1737 ἅπερ
743 1702 780 1733 ὡς
801 1702 850 1737 ἤδη

69 1752 199 1786 γεγονότα
222 1749 407 1786 προανεφώνει
432 1748 619 1784 προφητεύων.
645 1748 724 1774 Ἀλλά
747 1756 779 1781 γε
801 1747 852 1782 μὴν

68 1799 83 1824 ὃ
97 1806 129 1832 γε
150 1798 239 1832 φήσας
255 1795 338 1831 αὐτῷ,
358 1796 387 1822 Τί
397 1803 434 1830 με
447 1794 612 1828 ἑπερωτᾷς;
627 1792 773 1829 διαρρήδην
787 1794 852 1828 ὁμο-

69 1844 144 1878 λογεῖ
156 1843 244 1869 ταῦτα
264 1843 282 1869 ἃ
296 1843 342 1869 καὶ
357 1836 487 1878 πρότερον
505 1841 609 1877 εἰρήκει
619 1849 626 1856 ·
641 1838 852 1872 διαυτολογεῖ(4¹)

68 1889 97 1915 δὲ
106 1889 138 1924 δὴ
155 1889 190 1914 τὰ.
202 1888 359 1924 πρῶτακδιὰ
375 1888 428 1914 τῶν
441 1887 534 1914 ἔπειτα
546 1885 660 1921 βεϐαιῶν
673 1885 718 1911 ἐπὶ
733 1884 852 1919 προσχή-

72 1943 135 1970 ματι
163 1934 292 1969 γοωδῶς¹
326 1934 465 1969 Ὠριγένης
490 1933 518 1959 δὲ
545 1930 696 1958 τούναντίον
725 1929 794 1956 αὐτὰ
820 1929 853 1955 τὰ

71 1980 153 2007 πάλαι
169 1980 208 2015 τῷ
223 1980 348 2015 προφήτῃ
363 1978 627 2014 προαναφωνηθὲντα
642 1977 750 2012 ῥήματα
763 1984 852 2010 παρα-

69 2025 159 2052 λαϐὼν
174 2025 220 2051 ἐπὶ
236 2025 351 2057 λέξεως,
369 2025 406 2055 ὡς
423 2024 502 2059 ἄρτια
519 2024 566 2049 καὶ
588 2023 667 2049 καινὰ
688 2021 853 2056 προφητείας

69 2072 270 2107 ἀποφθέγματα
276 2071 429 2108 διορίζεται·
441 2071 484 2097 διά
496 2078 535 2096 τοι
591 2069 633 2104 τε]
643 2068 721 2095 τοῦτο
732 2068 853 2102 βούλεται

69 2120 114 2145 τὸν
136 2118 264 2153 Σαμουὴλ
286 2117 417 2153 ἀνῆχθαι,
436 2117 525 2143 καίτοι
540 2116 588 2150 τῆς
601 2115 712 2150 Γραφῆς
725 2114 853 2148 ᾶντικρυς

70 2166 234 2201 ἐλεγχούσης
254 2165 344 2197 αὑτὸν,
365 2164 401 2196 ῶς
421 2172 451 2197 γε
470 2162 642 2197 συνομολογεϊ
661 2162 708 2188 καὶ
728 2161 808 2192 αὐτὸς
825 2161 853 2186 ὲν

902 1561 993 1588 causis
1009 1561 1036 1588 in
1051 1569 1081 1588 se
1096 1568 1203 1588 errores
1219 1560 1410 1588 cohibentibus
1425 1560 1550 1591 omissis,
1567 1560 1642 1595 ﬁngit
1657 1569 1686 1589 se

902 1607 1074 1634 simulatione
1093 1606 1178 1641 magis
1199 1608 1307 1640 patente
1329 1605 1434 1638 dicere,
1452 1613 1512 1634 cum
1529 1605 1598 1631 nihil
1612 1606 1686 1640 quod

901 1654 1067 1689 praenotione
1086 1652 1198 1687 dignum
1223 1652 1257 1678 sit
1276 1651 1386 1683 afferat;
1403 1651 1447 1677 illa
1471 1658 1505 1676 ex
1523 1654 1580 1676 arte
1605 1650 1686 1678 iterat

901 1708 962 1735 quce
977 1699 1103 1730 Samuel,
1118 1699 1181 1725 dum
1194 1698 1282 1724 adhuc
1298 1697 1325 1724 in
1338 1696 1406 1724 viris
1421 1700 1509 1729 esset,
1524 1696 1686 1731 praedicebat

903 1745 977 1772 Sauli
991 1744 1138 1779 contigisse
1148 1764 1155 1775 ,
1174 1744 1217 1770 illa
1234 1751 1265 1769 ac
1281 1743 1304 1770 si
1321 1742 1391 1769 facta
1406 1746 1498 1769 essent
1513 1742 1686 1769 vaticinando

902 1790 1109 1824 praenuntiabat.
1137 1788 1189 1815 Sed
1204 1793 1276 1815 certe
1300 1788 1347 1822 qui
1372 1787 1423 1822 ipsi
1447 1787 1570 1814 dixerat:
1588 1786 1686 1822 thuid

903 1845 943 1864 me
965 1836 1128 1870 interrogas?
1152 1836 1219 1862 satis
1234 1838 1326 1869 aperte
1352 1841 1411 1868 qua:
1433 1837 1459 1860 et
1483 1833 1559 1867 prius
1578 1833 1686 1860 dixerat

903 1882 1011 1909 fatetur.
1024 1881 1114 1907 Prima
1127 1888 1191 1907 vero
1203 1881 1246 1906 illa
1258 1887 1304 1914 per
1315 1887 1346 1907 ea
1357 1886 1417 1913 quae
1429 1883 1522 1913 postea
1534 1878 1683 1913 contigere,

904 1935 935 1955 ac
951 1928 974 1955 si
990 1927 1194 1958 vaticinaretur,
1211 1927 1307 1953 iterum
1322 1926 1427 1953 recitat.
1443 1923 1572 1959 Origenes
1587 1932 1602 1951 e
1618 1932 1669 1951 con
1685 1936 1691 1943 υ

903 1974 988 2000 trario
1007 1973 1145 2007 prophetae
1168 1972 1248 1999 verba
1273 1980 1332 2006 quae
1350 1972 1406 2007 jam
1423 1972 1486 1998 olim
1507 1970 1683 2006 praedixerat,

903 2019 936 2046 ad
952 2019 1062 2046 verbum
1080 2020 1201 2053 exposita
1213 2038 1220 2051 ,
1235 2018 1317 2046 veluti
1333 2018 1450 2053 perfecta
1466 2021 1493 2044 et
1508 2024 1577 2044 nova
1594 2016 1685 2043 vatici-

903 2066 1021 2093 nationis
1032 2065 1143 2091 oraeula
1158 2064 1305 2097 discernit;
1322 2068 1517 2099 proptereaque
1532 2062 1685 2090 Samuelcm

903 2115 1045 2139 evocatum
1063 2110 1148 2137 fuisse
1164 2110 1237 2142 vult,
1264 2110 1315 2137 etsi
1333 2110 1409 2137 illum
1435 2109 1575 2144 Scriptura
1597 2108 1686 2143 palam

904 2156 1100 2192 reprehendat,
1125 2159 1154 2182 ut
1184 2156 1242 2190 ipse
1265 2157 1345 2183 etiam
1374 2155 1473 2183 fatetur
1496 2155 1633 2182 nonnullis
1658 2154 1686 2180 in

163 2211 292 2243 τοπικῶς.
312 2210 390 2237 Ἀλλὰ
408 2210 433 2236 τί
451 2208 519 2245 μετὰ
544 2207 628 2235 ταῦτα
652 2207 780 2243 προετίθει
801 2207 854 2233 πά-

905 2203 981 2230 locis.
997 2202 1082 2230 Porro
1098 2201 1161 2236 quid
1177 2204 1270 2236 postea
1280 2220 1288 2232 ,
1303 2208 1365 2227 cum
1385 2208 1475 2236 regem
1492 2200 1685 2234 alloqueretur,

69 2257 123 2288 λιν,
149 2256 268 2292 ὁπηνίκα
298 2255 336 2291 τῷ
364 2255 480 2289 δυνάστῃ
512 2253 646 2287 διελέγετο
679 2251 708 2278 τὸ
742 2251 853 2286 φάσμα;

69 2302 226 2337 Διαρῤήξει
240 2300 344 2335 Κύριος
366 2300 423 2334 τὴν
434 2299 596 2332 βασιλείαν
615 2298 649 2324 ὲκ
668 2297 768 2331 χειρός
786 2304 853 2328 σου,

69 2349 120 2375 καὶ
147 2348 237 2374 δώσει
265 2346 361 2381 αὐτὴν
387 2345 427 2378 τῷ
453 2344 586 2378 πλησίον
615 2351 672 2370 σου
696 2342 736 2375 τῷ
754 2341 853 2374 Δαυῒδ,

69 2393 145 2420 διότι
167 2394 225 2420 οὐκ
247 2392 380 2425 ἤκουσας
401 2390 457 2425 τῆς
472 2389 573 2424 φωνῆς
588 2389 707 2423 Κυρίου,
730 2388 778 2414 καὶ
800 2388 855 2414 οὐκ

70 2440 212 2472 ἓπλησας
235 2437 329 2472 θυμὸν
351 2436 441 2472 ὀργῆς
462 2435 554 2463 αὐτοῦ
575 2435 610 2461 ἐν
636 2433 778 2468 Ἀμαλήκ.
805 2433 855 2460 Διὰ

70 2485 104 2511 τὸ
119 2485 205 2519 ῥῆμα
230 2484 317 2510 τοῦτο
342 2483 466 2516 ἐποίησε
496 2481 603 2514 Κύριος
630 2480 719 2507 τοῦτό
743 2486 791 2506 σοι
818 2477 856 2512 τῇ

70 2530 167 2565 ἡμέρᾳ
198 2530 312 2564 ταύτῃ”
335 2529 383 2556 καὶ
412 2528 501 2554 δώσει
519 2527 626 2560 Κύριος
653 2525 707 2552 τὸν
734 2524 856 2558 Ἰσραὴλ

67 2576 145 2609 μετὰ
164 2575 223 2602 σοῦ
243 2577 286 2608 εὶς
300 2575 398 2609 χεῖρας
416 2573 608 2607 ἀλλοφύλων.
626 2572 657 2598 Εἰ
673 2571 702 2597 δέ
718 2579 760 2602 τις
777 2570 855 2605 ἀκρι-

70 2622 160 2649 ϐὦσαι
176 2621 296 2657 βούλοιτο
316 2621 346 2647 τὸ
367 2620 450 2655 σαφὲς
460 2640 466 2652 ,
488 2619 605 2645 ἐπανίτω
626 2618 674 2653 μὲν
688 2617 734 2643 ἐπὶ
748 2616 797 2652 τὴν
810 2614 856 2642 τοῦ

70 2668 240 2703 Γράμματος
271 2666 399 2701 ἱστορίαν,
425 2664 506 2699 ὀλίγῳ
532 2663 648 2699 πρόσθεν
678 2661 853 2699 ἀναδραμὼν·

70 2713 137 2740 αὐτὸ
165 2713 195 2739 δὲ
218 2712 249 2738 τὸ
271 2712 367 2747 χωρίον
387 2709 552 2742 ἀναπτύξας,
582 2708 645 2735 ἔνθα
667 2708 712 2735 τὸν
733 2707 854 2745 Ἀμαλὴκ

70 2759 192 2794 ἡττήσας
220 2757 410 2792 ἐσφετερίσατο
441 2756 476 2782 τὰ
502 2755 633 2790 κράτιστα
662 2753 715 2779 τῶν
740 2752 852 2783 σκύλων,

104 2805 126 2821 ³⁷
144 2804 159 2831 1
184 2804 248 2838 Reg.
265 2812 362 2835 xxvnt,
380 2804 423 2835 16,
441 2803 483 2830 l7.
521 2802 542 2817 ³³
561 2801 626 2828 ibid.
651 2800 744 2827 17-19.

104 2851 156 2887 (4)
177 2849 396 2884 Δεικτικωτέρᾳ.
414 2848 494 2877 Forte
506 2847 709 2884 δεικτικώτερα.
726 2847 801 2875 Εοιτ.

902 2246 1015 2281 phasma
1043 2245 1175 2272 addebat?
1206 2244 1343 2271 Abscindet
1367 2244 1493 2271 Dominus
1521 2251 1628 2279 regnum
1654 2242 1687 2270 de

903 2301 983 2319 manu
1006 2296 1061 2324 tua,
1076 2296 1099 2318 et
1113 2290 1186 2317 dabit
1210 2290 1277 2317 illud
1292 2291 1412 2324 proximo
1427 2295 1471 2317 tuo
1488 2290 1573 2317 David
1591 2298 1599 2317 :
1617 2288 1685 2324 quod

904 2346 955 2365 non
969 2337 1084 2364 audieris
1098 2344 1184 2364 vocem
1203 2335 1317 2368 Domini,
1332 2340 1356 2362 et
1372 2344 1423 2362 non
1436 2335 1548 2369 implesti
1562 2334 1685 2369 indigna-

904 2384 1000 2411 tionem
1015 2384 1062 2411 irw
1072 2391 1127 2410 sua:
1140 2383 1167 2409 in
1182 2381 1298 2409 Amalec.
1317 2381 1429 2415 Propter
1443 2382 1489 2408 hoc
1505 2382 1609 2408 verbum
1625 2381 1685 2411 fecit

903 2430 1031 2457 Dominus
1042 2429 1088 2455 hoc
1100 2429 1146 2455 tibi
1157 2429 1181 2455 in
1199 2428 1241 2454 die
1249 2427 1313 2458 hac;
1327 2431 1351 2453 et
1363 2426 1448 2453 tradet
1460 2426 1587 2453 Dominus
1600 2425 1686 2453 Israel

905 2479 987 2502 tecum
1012 2475 1039 2501 in
1063 2482 1156 2501 manus
1182 2473 1386 2507 alienigenarum
1412 2471 1445 2497 ³⁸.
1467 2471 1496 2498 Si
1517 2472 1580 2506 quis
1604 2471 1686 2506 hujus

904 2523 1044 2548 veritatem
1065 2520 1200 2555 expiscari
1223 2518 1315 2553 cupit,
1332 2518 1418 2552 ipsius
1432 2515 1579 2551 Scriptum
1598 2516 1685 2544 histo-

904 2568 971 2595 riam
983 2574 1037 2594 non
1052 2567 1136 2593 multo
1152 2570 1230 2593 antea
1245 2568 1437 2601 pet-tractatam
1452 2563 1531 2590 adeat
1547 2573 1552 2590 :
1568 2564 1605 2590 ibi
1618 2571 1686 2591 enu-

906 2613 991 2641 cleate
1012 2612 1200 2644 considerato,
1218 2612 1262 2638 ubi
1283 2611 1391 2638 devicto
1404 2609 1515 2637 Amalec
1537 2609 1685 2644 spoliorum

906 2659 1048 2695 potissima
1062 2662 1256 2693 usurpaverat,
1272 2658 1388 2692 indeque
1409 2661 1536 2690 tanquam
1550 2654 1685 2690 primitias

907 2706 1065 2733 holocausta
1083 2703 1218 2732 offerenda
1240 2711 1301 2731 esse
1317 2703 1543 2736 existimabat;et
1562 2700 1685 2736 exquisi-

905 2752 967 2780 tiori
981 2752 1118 2787 diligentia
1135 2751 1252 2779 scienter
1266 2753 1293 2778 et
1308 2749 1393 2785 perite
1408 2756 1438 2777 re
1455 2749 1606 2777 examinata
1629 2748 1685 2775 hac

947 2845 997 2882 (ιη
1007 2845 1202 2881 Διαυτολοτεῒ.
1217 2845 1297 2873 Forte
1309 2843 1470 2879 ταυτολοτεῐ.
