1911 3073
209 97 260 124 639

697 96 726 124 S.
749 96 935 124 EUS'I'ATHII
955 97 1108 125 EPISCOPI
1128 95 1338 124 ANTIOCHENI

1785 98 1844 125 640

209 155 299 184 omnia
317 154 398 181 verba
420 157 485 181 tunc
508 153 636 188 temporis
659 154 692 180 ad
705 155 818 181 verbum
842 154 995 181 Samuelem

1048 155 1094 181 καὶ
1108 154 1158 186 τὰς
1171 156 1203 181 ὲκ
1216 154 1316 181 τούτων
1330 153 1397 188 ᾤετο
1412 152 1465 180 δεῖν
1478 153 1621 189 ἀναφέρειν
1636 154 1843 184 ὁλοκαυτώσεις

210 200 406 237 ρτωηιιηιίαεεο
429 200 587 234 comperiet.
612 200 685 226 Dixit
706 200 778 227 enim
797 210 803 226 :
825 200 856 226 Et
881 201 994 227 abscidit

210 247 338 274 Dominus
354 245 386 272 de
406 253 485 272 manu
500 245 555 280 ejus
574 253 679 280 regnum
695 246 734 279 a’;
748 249 813 273 tunc
828 254 889 272 cum
905 254 919 272 a
933 254 995 281 rege

209 291 403 326 apprehensam
417 291 489 326 pallii
504 291 629 318 laciniam
646 291 734 318 scidit.
751 291 789 317 Ad
806 292 862 318 haec
878 292 992 319 ulterius

209 337 372 373 praedicebat
384 345 496 372 regnum
509 338 581 364 illius
598 337 775 364 Scindendum
790 337 856 369 fore,
875 337 993 365 dandum

210 384 332 419 proximo
349 391 399 409 suo
414 383 459 417 qui
477 390 509 410 eo
530 383 624 410 melior
647 387 714 410 erat.
737 382 910 418 Prophetavit
927 391 994 418 pra?-

208 433 283 456 terea
305 436 358 463 qua
383 429 489 455 ratione
510 427 593 456 Israel
615 434 725 464 propter
751 429 804 456 hoc
831 420 995 461 scindendus

208 478 266 501 erat
277 494 284 505 .
300 481 349 501 nec
365 474 481 508 amplius
496 481 665 501 reversurus.
681 473 729 501 His
742 474 900 506 enuntiatis,
914 475 994 501 verba

208 527 291 556 opere
307 520 366 554 ipso
389 519 577 547 conﬁrmabat.
599 519 658 546 Non
679 520 725 547 diu
739 520 810 547 enim
828 524 889 554 post
902 520 995 547 divino

208 565 311 600 judicio
331 565 408 592 unxit
423 572 510 599 regem
535 564 616 592 David
626 565 659 592 ⁸ο.
682 564 774 600 Itaque
792 565 837 600 qui
854 573 902 600 per
913 573 996 599 euga-

211 610 386 646 strimythum
406 610 507 637 dicitur
525 613 654 637 evocatus
677 611 743 637 nihil
763 611 796 638 de
811 619 881 638 novo
894 611 994 642 attulit.

211 656 257 684 sed
270 664 329 691 qum
343 655 451 683 Samuel
466 655 541 690 prius
554 656 659 684 dixerat
670 657 753 684 veluti
767 657 876 692 propria
890 657 996 684 affecta-

211 702 257 730 bat
268 722 275 734 ,
291 701 387 729 fraude
398 709 429 728 ac
440 702 502 729 dolo
514 710 655 736 personam
672 710 814 730 assumens
823 723 830 735 ,
843 707 869 730 et
880 702 995 730 artificio

210 747 342 783 probabili
358 747 454 774 iterum
471 754 596 782 repetens
616 748 810 783 prophetarum
827 756 911 778 more,
926 749 995 776 vati-

211 793 296 820 cinari
305 793 461 820 simulabat.
476 793 527 820 Sed
540 797 567 820 ul
582 794 793 828 prtestigiatores
803 793 913 820 divitum
923 794 994 821 aedes

1047 202 1084 232 ὼς
1111 201 1256 236 ἀπαρχάς·
1290 199 1464 236 ἁκριϐολογίᾳ
1492 199 1520 226 δὲ
1549 200 1706 236 τρανωτὲρᾳ
1744 200 1843 236 ζητῶν

1045 247 1241 281 ἐπιστημόνως,
1267 246 1405 281 εὑρήσειεν
1426 245 1469 277 ἄν,
1488 246 1525 277 ὡς
1544 246 1648 272 ἅπαντα
1669 246 1703 272 τὰ
1724 247 1842 281 ῥήματα

1044 291 1129 318 ταῦτα
1155 293 1214 318 κατ’
1240 293 1327 318 ἐκεῖνο
1351 291 1447 327 καιροῦ
1472 293 1601 327 προεῖπεν
1626 292 1671 317 ἐπὶ
1699 291 1804 324 λέξεως
1824 294 1841 319 ὁ

1045 338 1186 373 Σαμουήλ·
1214 337 1264 373 ἔφη
1285 337 1339 372 γὰρ
1362 337 1415 363 ὅτι·
1436 337 1491 364 Καὶ
1512 337 1648 371 διέρῤηξε
1671 339 1783 371 Κύριος
1803 338 1841 364 ἐκ

1045 383 1144 417 χειρὸς
1167 383 1258 410 αὑτοῦ
1282 383 1340 417 τὴν
1358 383 1538 415 ,βασιλείαν
1563 383 1641 409 ὁπότε
1668 384 1715 410 καὶ
1736 383 1767 410 τὸ
1789 384 1839 410 τοῦ

1045 430 1188 456 διπλοῖδίου
1211 429 1356 465 πτερύγιον
1377 429 1572 463 ἐπιλαϐόμενος
1596 430 1610 455 ὁ
1625 429 1760 465 δυνάστης
1783 430 1839 456 ἐδε-

1045 483 1110 510 χασε
1123 484 1129 490 ·
1152 474 1284 511 προύλεγε
1299 474 1326 501 δὲ
1344 473 1418 509 αὐτῷ
1443 473 1510 509 πρὸς
1534 474 1580 500 ἐπὶ
1592 474 1696 506 τούτοις
1714 474 1777 510 μὲν,
1798 475 1839 506 ὡς

1046 520 1160 556 ἤμελλεν
1185 522 1201 556 ἡ
1224 520 1345 555 βασιλεία
1373 519 1532 555 δοθήσεσθαι
1553 519 1591 555 τῷ
1613 520 1726 555 πλησίον
1750 521 1836 548 αὐτοῦ

1044 565 1083 600 τῷ
1103 566 1201 601 μᾶλλον
1223 565 1293 601 ὑπὲρ
1311 565 1391 592 αὑτὸν
1411 565 1515 600 ἀγαθῷ,
1545 566 1712 601 προεφήτευε
1737 566 1766 592 δὲ
1789 567 1836 592 καὶ

1044 611 1104 637 τίνα
1122 612 1221 647 τρόπον
1238 611 1290 637 ἔδει
1305 611 1350 637 τὸν
1372 611 1478 646 Ἰσραὴλ
1502 612 1582 637 ἓνεκα
1608 611 1704 638 τούτου
1730 611 1836 646 διαπι-

1047 657 1191 692 σΟὴσεσΘαι
1208 657 1254 683 καὶ
1271 656 1367 691 μηκέτι
1387 656 1559 692 ἐπιστρέψαι.
1583 657 1674 683 Ταῦτα
1690 657 1719 683 δὲ
1733 657 1833 692 φήσας,

1045 703 1112 738 ὁμοῦ
1134 704 1189 734 τοῖς
1208 703 1299 738 ἔργοις
1319 702 1441 729 ἐϐεϐαίου
1464 702 1498 728 τὰ
1517 702 1628 729 λεκτέα’
1649 704 1707 738 μετ’
1721 704 1752 730 οὐ
1769 703 1834 729 πολὺ

1045 748 1099 783 γὰρ
1117 749 1148 774 ἐκ
1165 748 1239 779 θείας
1253 747 1414 779 ἀποσταλεὶς
1435 747 1597 782 ἐπικρίσεως
1613 747 1704 784 ἔχρισε
1722 748 1835 782 βασιλέα

1045 795 1090 821 τὸν
1115 794 1206 821 Δαυῖὀ.
1230 794 1290 830 ’Ἆρ’
1319 792 1365 820 οὖν
1385 794 1460 820 οὐδὲν
1484 794 1635 829 ἀπήγγειλε
1660 793 1734 825 ξένον
1759 795 1772 820 ὸ
1791 794 1834 820 διὰ

211 839 349 874 pulsantes
363 839 577 873 uniuscujusque
592 847 636 866 res
654 840 718 866 olim
733 843 824 875 gestas
842 839 934 866 sedula
950 840 994 866 in-

1048 839 1263 875 ὲγγαστριμιὶθου
1286 839 1431 874 λεγόμενος
1450 840 1576 875 ἀνῆχθαι,
1601 839 1635 866 τὰ
1663 840 1691 866 δὲ
1711 840 1764 866 ὑπὸ
1787 840 1833 866 τοῦ

209 884 356 919 quisitione
379 885 532 911 clanculum
561 885 720 918 odorantur,
745 893 860 920 moxque
883 884 992 912 easdem

209 929 286 964 quasi
312 937 345 957 ex
367 929 514 965 improviso
538 934 666 958 canentes
689 930 832 957 confestim
856 931 993 958 auditores

211 975 236 1001 in
259 980 396 1010 stuporem
418 976 545 1010 rapiunt,
564 976 652 1011 iisque
670 976 698 1003 in
717 975 820 1003 futilem
839 978 993 1011 opinionem

209 1020 342 1053 inductis,
364 1021 398 1048 de
422 1021 522 1048 futuris
550 1029 598 1056 pro
622 1021 736 1049 libidine
756 1022 938 1055 mentiuntur;
954 1022 994 1048 sic

158 1096 161 1099 _
209 1070 236 1093 et
257 1067 463 1103 engastrimythi
488 1072 623 1102 spectrum
648 1075 716 1094 nava
742 1067 828 1095 forma
853 1068 993 1095 inductum

209 1111 366 1146 prophetica
399 1111 533 1139 Samuelis
561 1113 684 1138 enuntiat
708 1113 836 1143 oracula,
867 1113 995 1147 opinione

209 1164 273 1184 vero
293 1157 448 1189 vaticinari,
464 1165 524 1184 cum
548 1157 614 1184 nihil
643 1165 690 1192 pro
709 1161 846 1192 comperto
868 1158 992 1188 haberet,

213 1202 372 1234 videbatur,
399 1203 494 1230 alienis
517 1203 599 1229 veluti
623 1204 741 1238 prepriis
763 1203 916 1238 praepositis
935 1203 995 1230 exi-

213 1248 312 1274 tiosum
337 1247 410 1274 illum
434 1248 616 1282 perterrebat.
642 1249 696 1275 illis
726 1248 856 1275 facillimo
885 1249 996 1283 negotio

209 1292 269 1327 ejus
291 1297 407 1320 mentem
433 1299 568 1327 arreptam
593 1294 808 1328 ilepmdabatur.
824 1294 894 1327 Quid
911 1295 994 1330 igitur

210 1338 283 1364 aliud
310 1338 352 1365 his
378 1346 514 1365 annexum
539 1339 597 1365 est?
623 1339 655 1365 Et
676 1344 722 1371 ιιι,
742 1339 848 1374 inquit,
871 1349 948 1371 cras,
972 1345 997 1367 et

211 1383 283 1417 ﬁlius
299 1389 358 1410 tuus
380 1383 515 1411 Jonallmu
530 1393 640 1412 mecum.
659 1385 693 1411 Ει
708 1390 797 1411 castra
817 1385 902 1412 Israel
924 1385 997 1412 dabit

212 1428 340 1455 Dominus
357 1430 382 1456 in
400 1438 492 1456 manus
508 1430 714 1465 alienigenarum
731 1431 762 1458 δ’.
777 1430 829 1458 Sed
845 1431 901 1459 haec
915 1439 997 1467 porro

211 1473 315 1501 dminon
331 1482 362 1501 ac
376 1477 397 1502 si
411 1477 518 1510 propria
533 1480 625 1503 essent
639 1477 788 1504 asserebat.

1043 886 1171 921 Σαμουὴλ
1192 886 1324 921 εἰρημένα
1344 885 1485 921 πρότερον,
1511 885 1548 917 ὡς
1571 886 1623 912 ἴδια
1642 887 1690 921 μὲν
1713 887 1837 921 ἐσχημά-

1043 932 1100 963 τιζε
1114 931 1328 967 προσωποποιῶν
1344 931 1552 967 ἀπάτῃ,πιθανῇ
1561 931 1588 958 δὲ
1596 931 1749 967 τεχνοποιία
1765 940 1832 957 ταυ-

1043 977 1172 1010 τολογῶν,
1189 977 1352 1012 ὑπεκρίνατο
1372 977 1404 1012 δὴ
1431 976 1605 1012 προφητικῶς
1630 976 1743 1011 ίμιλεῖν.
1762 975 1825 1002 Ἀλλ

1045 1021 1136 1057 ὥσπερ
1161 1022 1278 1057 ἀγύρται
1301 1021 1412 1056 μάντεις
1434 1022 1479 1048 ἐπὶ
1504 1021 1638 1048 πλουσίων
1662 1022 1729 1048 ἱέναι
1748 1018 1833 1057 θύρας

1045 1067 1227 1102 ἐπειγόμενοι,
1257 1067 1291 1093 τὰ
1318 1067 1367 1101 μὲν
1393 1067 1442 1102 ἤδη
1472 1067 1674 1102 παροδεύσαντα
1709 1065 1756 1092 τοῦ
1774 1066 1832 1101 βίου

1045 1111 1194 1146 πράγματα
1216 1110 1463 1142 πολυπευστοῦντες
1486 1111 1654 1146 ἀνιχνεύουσι
1672 1111 1832 1146 λεληθότως,

1046 1158 1115 1184 αὐτὰ
1133 1158 1161 1183 δὲ
1176 1157 1208 1183 τὰ
1224 1157 1275 1192 πρὸ
1290 1157 1387 1183 πολλοῦ
1401 1157 1530 1191 γεγονότα
1545 1157 1632 1191 λέγειν
1655 1157 1833 1192 αὐτοσχεδίως

1047 1203 1250 1238 ύπονοούμενοι,
1276 1204 1447 1239 παραχρῆμα
1480 1203 1528 1238 μὲν
1559 1203 1739 1238 ἐκπλήττουσι
1771 1203 1833 1233 τοὶς

1047 1251 1205 1284 αὐτηκόους,
1222 1252 1263 1281 είς
1283 1250 1365 1286 εὐήθη
1384 1250 1412 1276 δὲ
1430 1251 1519 1277 πίστιν
1538 1251 1635 1282 αὐτοὺς
1654 1250 1832 1285 ἀπαγόμενοι,

1047 1297 1110 1331 περὶ
1123 1296 1175 1322 τῶν
1185 1296 1334 1331 μελλόντων
1346 1296 1416 1332 ειπερ
1436 1296 1555 1322 ἐθέλουσι
1566 1296 1737 1323 πλάττουσιν·
1749 1295 1833 1326 οὕτως

1047 1342 1100 1377 ἄρα
1123 1342 1169 1368 καὶ
1192 1341 1222 1368 τὸ
1242 1341 1293 1376 τῆς
1315 1341 1535 1377 ἐγγαστριμύοου
1567 1343 1663 1377 φάσμα
1696 1349 1833 1377 μεταμορ-

1049 1387 1191 1422 φούμενον,
1219 1387 1289 1413 αὐτὰ
1316 1387 1364 1422 μὲν
1389 1386 1534 1423 ἐξηγόρευε
1559 1388 1593 1414 τὸ.
1618 1387 1774 1423 προφητικὰ
1787 1386 1833 1413 τοῦ

1049 1432 1174 1467 Σαμουὴλ
1195 1431 1410 1467 ἀποφθέγματα,
1436 1432 1475 1467 τῷ
1492 1433 1519 1458 δὲ
1540 1433 1628 1459 δοκεῖν
1642 1431 1711 1467 ᾤετο
1731 1439 1834 1466 προφη-

1048 1478 1146 1508 τεύειν,
1155 1477 1228 1503 οὐδὲν
1239 1476 1418 1512 ἐπιστάμενος
1428 1476 1497 1513 μή·
1508 1477 1574 1504 ἀλλὰ
1589 1477 1623 1503 τὰ
1646 1477 1695 1513 μὲν
1706 1476 1834 1512 ἀλλότρια

210 1519 377 1556 προῦταττεν
396 1522 434 1553 ὠς
454 1523 521 1553 ἴδια,
540 1522 586 1549 καὶ
605 1522 772 1557 κατέπληττε
788 1522 832 1549 τὸν
845 1523 990 1559 ἀλάστορα,
1013 1523 1057 1549 διὰ
1074 1523 1102 1549 δὲ
1120 1523 1221 1550 τούτων
1238 1522 1356 1558 εὐχερῶς
1376 1522 1498 1550 intede
1518 1526 1565 1550 καὶ
1584 1524 1627 1550 τὸν
1661 1523 1724 1550 νοῦν
1757 1522 1832 1549 ὲκλε-

213 1574 278 1592 πτεν
301 1566 414 1593 ἐκείνου.
438 1568 470 1593 Τί
491 1566 536 1594 οὖν
555 1568 618 1594 ἄλλο
640 1568 709 1603 μετὰ
727 1568 813 1596 ταῦτα
829 1569 995 1604 προσετὲοη;
1015 1570 1070 1596 Καὶ
1088 1570 1140 1603 σὺ,
1158 1570 1250 1605 φησὶν,
1279 1569 1393 1603 αὔριον,
1411 1570 1458 1597 καὶ
1481 1571 1497 1596 ὁ
1523 1571 1588 1603 υἱός
1610 1579 1668 1597 σου
1697 1569 1833 1596 Ἰωνάθην

212 1612 275 1646 μετ’
291 1613 363 1647 ἐμοῦ
383 1622 390 1629 ·

214 1659 295 1693 ὲῲκει
311 1659 400 1692 λέγειν
416 1660 430 1685 ὁ
445 1659 548 1695 δαίμων
564 1661 602 1692 ὡς
618 1660 681 1687 ἴδια.

419 1614 469 1640 καὶ
490 1615 546 1648 τὴν
570 1614 761 1649 παρεμϐολὴν
791 1615 909 1650 Ἰσραὴλ
933 1616 1023 1643 δώσει
1048 1618 1159 1650 Κύριος
1179 1618 1222 1649 εἰς
1239 1616 1339 1651 χεῖρας
1358 1616 1549 1649 ἀλλοφύλων.
1579 1615 1658 1642 Ἀλλὰ
1678 1615 1766 1641 ταῦτα
1787 1615 1834 1649 μὲν

254 1702 322 1731 XIII.
348 1704 427 1732 Prius
451 1710 540 1733 autem
563 1706 628 1733 illud
647 1706 846 1734 discutiendum
861 1716 867 1733 :
883 1714 994 1738 verane.

1082 1706 1152 1732 XIII.
1174 1704 1309 1740 Ζητητέον
1332 1705 1360 1731 δὲ
1385 1705 1496 1740 πότερον
1513 1703 1597 1739 ἀληοῆ
1621 1703 1781 1739 προῦλεγεν,
1797 1706 1834 1737 ὡς

214 1750 253 1776 uti
268 1750 326 1784 ipse
340 1750 524 1782 existimabat,
542 1743 721 1786 praedicebat;
733 1755 760 1779 et
779 1756 870 1779 utrum
883 1753 996 1779 consul-

215 1803 252 1828 te,
271 1805 306 1825 an
322 1806 385 1825 vero
407 1806 472 1826 casu
492 1803 519 1826 et
535 1799 647 1826 fortuito
664 1799 841 1832 enuntiahat;
857 1803 996 1833 praeterea,

215 1851 250 1872 an
267 1844 411 1879 praesagire
425 1845 515 1879 aliqua
536 1846 633 1879 possit.
656 1844 775 1872 Primum
796 1845 916 1879 quidem,
930 1844 1000 1872 Sau-

213 1889 267 1917 Iem
293 1890 336 1917 die
361 1891 485 1924 sequenti
511 1894 678 1925 peremptum
702 1890 796 1924 fuisse,
812 1894 843 1917 ut
860 1894 998 1925 spectrum

215 1935 379 1968 aliirmabat,
394 1944 449 1962 non
465 1940 587 1970 apparet.
602 1935 706 1970 Quippe
729 1936 752 1964 si
775 1944 901 1964 sermone
917 1944 996 1964 exce-

216 1985 274 2016 pto,
291 1989 408 2009 maerore
425 1982 624 2015 invalescente,
642 1990 696 2009 non
710 1983 827 2009 comedit
844 1990 940 2017 panem
957 1987 995 2009 to-

215 2031 243 2054 to
253 2028 296 2054 die
310 2032 337 2054 et
347 2032 403 2054 tota
417 2031 496 2054 nocte
511 2028 555 2054 illa
565 2032 610 2059 .ut
624 2027 722 2055 divina:
737 2032 873 2056 testantur
888 2028 996 2062 litterae;

215 2077 277 2107 post
293 2073 349 2099 haec
367 2073 463 2100 iterum
483 2073 582 2100 mulier
601 2072 758 2100 adhortatur
772 2074 952 2108 admonetque
969 2077 998 2101 ut

215 2118 305 2146 cibum
323 2122 510 2153 przegustaret,
523 2126 583 2145 cum
599 2119 650 2146 iter
658 2119 766 2154 aggredi
777 2119 886 2146 deberet
896 2128 903 2152 ;
913 2120 999 2146 mani-

216 2163 315 2190 festum
330 2167 383 2194 est,
399 2163 483 2190 altera
505 2163 609 2191 scilicet
624 2163 666 2191 die
691 2168 752 2198 post
777 2163 907 2191 diurnum
932 2163 998 2190 illud

215 2213 436 2243 nocturnumque
451 2213 611 2243 perpetuum
625 2209 769 2244 jejunium.
781 2209 833 2244 ipsi
849 2209 922 2236 humi
936 2216 998 2244 pro-

215 2256 300 2280 strato
316 2254 486 2287 persuasisse
512 2257 541 2279 ut
558 2254 682 2287 expedite
709 2258 874 2289 assurgeret,
897 2254 997 2281 decen—

215 2298 324 2332 tiusque
348 2298 453 2326 sederet
480 2299 507 2325 in
529 2306 665 2326 scamno:
689 2300 804 2326 vitulum
832 2307 896 2328 vero
916 2308 996 2334 quem

216 2344 334 2372 habebat
344 2345 502 2372 subrumum
518 2349 641 2380 prompte
652 2349 790 2380 arreptum
803 2346 999 2377 ocuidit.obso—

217 2390 262 2417 nia
281 2391 344 2418 item
362 2391 501 2419 instruens
516 2395 541 2418 et
559 2399 671 2426 azymos
686 2391 815 2426 subigens
823 2391 914 2418 edulia
930 2399 999 2425 praz-
1015 2384 1035 2412 D

215 2437 330 2471 paravit,
349 2445 408 2471 quze
428 2437 474 2464 ubi
495 2437 542 2464 illa
564 2437 666 2471 optime
682 2437 792 2465 condita
807 2438 998 2472 instructaque

215 2482 271 2518 regi
287 2486 314 2509 et
332 2483 392 2517 ejus
410 2483 543 2511 ministris
559 2484 719 2516 obtulisset.
737 2491 786 2511 rex
806 2483 998 2510 admonitioni—

218 2527 268 2554 bus
282 2526 410 2554 delinitus
424 2528 515 2555 cibum
527 2529 643 2563 sumpsit
658 2538 664 2555 :
685 2536 797 2556 necesse
816 2531 858 2555 est
871 2528 957 2560 illum,
975 2528 999 2556 si

218 2577 298 2600 nocte
312 2574 387 2600 illinc
404 2582 434 2601 se
451 2573 524 2601 foras
545 2575 690 2610 proripuit.
715 2574 777 2601 aliis
795 2574 935 2602 nocturnis
949 2574 1000 2601 ho-

218 2619 257 2646 ris
268 2619 295 2646 in
307 2627 383 2646 suam
397 2627 426 2648 se
442 2620 588 2648 stationem
604 2621 750 2655 recepisse.
769 2620 808 2647 Ita
825 2624 854 2647 ut
868 2619 925 2654 jam
940 2628 998 2647 ma-

1049 1750 1130 1786 ῷετο·
1152 1751 1198 1777 καὶ
1222 1751 1335 1784 πότερον
1362 1750 1415 1776 ἀπὸ
1440 1750 1533 1784 στόχου
1554 1750 1591 1785 (ὅ)
1609 1750 1656 1776 καὶ
1685 1751 1833 1786 συγκυρίας

1049 1796 1230 1831 ἀπήγγειλεν·
1249 1796 1295 1822 καὶ
1311 1796 1377 1831 πρὺς
1399 1796 1444 1822 ἐπὶ
1458 1796 1561 1828 τούτοις
1587 1797 1611 1822 εἰ
1631 1791 1833 1831 προεγνωκέναι

1048 1842 1163 1877 ὴδύνατό
1179 1851 1249 1869 τινα.
1265 1842 1374 1877 Πρῶτον
1398 1841 1447 1877 μὲν
1464 1840 1510 1868 οὖν
1529 1842 1557 1868 οὐ
1579 1842 1702 1876 φαίνεται
1722 1844 1755 1878 τῇ
1773 1843 1834 1878 ἑξῆς

1048 1888 1138 1923 ἡμέρᾳ
1162 1887 1319 1922 διαφθαρεὶς
1339 1888 1352 1913 ὁ
1370 1887 1471 1918 Σαοὺλ,
1495 1887 1531 1918 ὡς
1557 1886 1658 1920 ἔφασκε
1680 1887 1711 1913 τὸ
1739 1888 1834 1922 φάσμα

1049 1934 1247 1969 φθεγγόμενον·
1273 1934 1297 1959 εἰ
1321 1934 1375 1968 γὰρ
1390 1933 1508 1964 ἀκούσας
1527 1933 1579 1959 τῶν
1605 1932 1701 1967 λόγων,
1730 1935 1762 1960 ἐκ
1786 1934 1833 1969 τῆς

1048 1979 1117 2013 ἄγαν
1131 1979 1249 2014 ἀθυμίας
1261 1979 1310 2005 οὐκ
1322 1979 1420 2013 ἔφαγεν
1435 1979 1514 2014 ἄρτον
1527 1978 1590 2013 ὃλην
1603 1978 1651 2013 τὴν
1666 1978 1773 2014 ἡμέραν
1788 1979 1833 2005 καὶ

1048 2025 1110 2059 ὅλην
1136 2025 1185 2060 τὴν
1200 2024 1295 2055 νύκτα,
1321 2025 1412 2059 φησιν,
1436 2024 1558 2058 ἐκείνην,
1577 2024 1645 2059 ὼςὴ
1669 2023 1728 2050 Θεία
1745 2023 1832 2058 διαγο-

1050 2070 1124 2107 ρεύει
1148 2069 1252 2106 Γραφὴ,
1285 2069 1354 2105 μετὰ
1374 2069 1401 2095 δὲ
1422 2069 1499 2095 τοῦτο
1522 2069 1690 2105 παραινοῦσα
1708 2069 1787 2096 πάλιν
1814 2071 1830 2104 ἡ

1048 2114 1117 2150 γυνὴ
1128 2114 1297 2150 προῦτρεπεν
1311 2114 1410 2149 ἐδωδῆς
1423 2113 1552 2148 ἅψασθαι,
1567 2113 1750 2150 προκειμένης
1762 2114 1828 2140 ὀδοῦ·

1050 2161 1191 2196 πρόδηλον,
1210 2161 1251 2188 ὅτι
1267 2163 1299 2197 τῇ
1315 2160 1427 2195 δευτέρᾳ
1438 2160 1568 2195 δήπουθεν
1582 2159 1682 2196 ἡμέρᾳ,
1700 2161 1770 2195 μετὰ
1784 2160 1830 2195 τὴν

1049 2207 1198 2234 πάννυκτον
1210 2207 1257 2233 καὶ
1269 2208 1428 2242 πανήμερον
1441 2206 1547 2240 ἐκείνην
1555 2205 1668 2237 ἀσιτίαν,
1683 2205 1774 2232 ἔπεισε
1785 2206 1830 2240 μὲν

1049 2252 1140 2283 αὑτὸν,
1156 2253 1195 2284 εἰς
1216 2252 1345 2287 τοῦδαφος
1364 2251 1527 2287 ἐρριμμένον
1543 2251 1670 2282 ἑκλύτως,
1683 2251 1830 2286 ἀναστῆναι

1050 2298 1095 2324 καὶ
1110 2298 1273 2333 καθεσθῆναι
1290 2296 1473 2332 κοσμιώτερον
1497 2297 1542 2323 ἐπὶ
1558 2296 1604 2322 τοῦ
1623 2296 1729 2331 δίφρου·
1755 2296 1784 2323 τὸ
1803 2297 1830 2322 δὲ

1051 2345 1211 2381 μοσχάριον,
1228 2345 1296 2380 ὅπερ
1316 2342 1372 2379 εἶχε
1393 2344 1554 2379 γαλαθηνὸν,
1574 2343 1689 2379 ἀμελητὶ
1712 2342 1828 2369 λαϐοῦσα

1051 2391 1162 2424 σφάττει
1174 2399 1180 2405 ·
1197 2389 1360 2425 ὀψοποιοὼα
1371 2390 1399 2416 δὲ
1412 2390 1458 2417 καὶ
1471 2389 1604 2416 πέττουσα
1622 2389 1685 2420 τοὺς
1698 2388 1826 2424 ἀζήμονς,

1051 2436 1212 2472 ηὐτρέπιζεν
1229 2435 1341 2467 ἐδωδάς·
1359 2436 1451 2471 ἐπειδὴ
1469 2435 1497 2462 δὲ
1516 2435 1681 2470 προσέφερεν
1695 2435 1769 2469 αὑτῴ
1783 2434 1827 2460 καὶ

1050 2484 1106 2513 τοῖς
1132 2483 1200 2518 ἀμφ’
1217 2482 1297 2509 αὐτὸν
1319 2483 1549 2518 ἀριστοποιήσασα
1566 2480 1729 2512 σπουδαίως,
1750 2481 1763 2506 ὁ
1783 2480 1828 2515 μὲν

1052 2527 1143 2554 αὐτόοι
1160 2528 1251 2554 σιτίων
1266 2527 1375 2554 ἐλάϐετο
1391 2527 1570 2563 προτραπείς·
1587 2527 1692 2561 ἀνάγκη
1706 2526 1736 2552 δὲ
1752 2527 1828 2556 νοεῖν,

1051 2572 1088 2604 ὡς
1104 2574 1142 2604 εἰς
1158 2572 1239 2604 ἄλλας
1254 2573 1366 2607 ἀφίκετο
1381 2572 1535 2607 νυκτερίους
1549 2571 1622 2607 ὥρας
1632 2591 1639 2604 ,
1654 2571 1734 2606 εἴπερ
1750 2570 1829 2606 ᾠχετο

1051 2617 1146 2649 νυκτὸς
1161 2617 1262 2647 ἐκεῖθεν
1284 2617 1444 2653 ἐξορμήσας.
1468 2616 1548 2642 Ὥστε
1562 2614 1638 2641 τοῦτο
1655 2614 1704 2650 μὲν
1725 2615 1830 2641 αὐτοτε-

255 2677 279 2693 ⁸²
295 2677 385 2713 IReg.
409 2687 454 2710 xv,
467 2678 512 2706 28.
552 2678 592 2704 ⁸⁸1
608 2678 669 2713 Reg.
683 2687 736 2711 xrt,
755 2679 798 2706 15.
838 2679 859 2694 ⁸⁸
878 2678 891 2705 1
912 2677 995 2712 [ἰθέῃ]

1048 2685 1085 2709 ιιι,
1105 2678 1148 2705 19.

329 2725 547 2761 Ἐπιστάμενοᾳ
563 2726 644 2753 Forte
664 2727 850 2761 ἐπιστάμενον.
867 2725 946 2752 Enn.

267 2758 293 2792 5)
313 2759 382 2796 ’Λπρ
405 2761 526 2794 στόχου.
543 2761 621 2788 Forte
652 2761 704 2787 ἀπὸ
729 2758 889 2796 στοχασμοῦ.
918 2760 1000 2794 (Ἂπὺ

268 2801 314 2828 χω
340 2794 385 2821 καὶ
413 2796 570 2831 συγκυριας,
586 2796 734 2830 conjeclura
758 2794 861 2824 ci‘ca‘au
878 2795 997 2830 fortuito.

1059 2725 1155 2760 Στόχος
1175 2724 1336 2752 vocabulum
1355 2723 1490 2760 poeticum
1517 2726 1575 2755 est;
1607 2720 1679 2749 unde
1695 2719 1826 2754 εὔστοχος,

1053 2760 1173 2796 ἄστοχος.
1188 2760 1264 2788 Eutr.
1276 2765 1286 2799 )
