1911 3073
65 133 114 161 631

515 135 557 163 DE
571 132 867 163 ENGASTBHIYTHO
887 134 1026 162 CONTRA
1046 134 1233 164 ORIGENEM.

1641 141 1694 168 (ἱίὲ

64 194 120 225 Et;
145 193 293 228 ἐλέγχεται
315 194 484 230 ψευσάμενος
511 195 524 221 6
555 196 672 231 δαίμων·
697 197 727 222 οὐ
747 196 801 231 γὰρ
825 194 862 226 ὡς

916 193 1013 222 nifcsto
1026 194 1106 222 modo
1119 194 1253 222 mendacii
1268 195 1372 223 daemon
1397 197 1625 232 deprehendatur.
1642 198 1695 226 Ne-

69 238 154 272 εἷπεν,
173 240 287 274 Αὔριον
310 241 368 274 ἔσῃ
391 241 431 267 σὺ
450 242 512 275 μετ’
532 241 620 276 ἐμοῦ,
636 243 745 277 γέγονεν
763 242 858 274 οὕτως,

67 287 188 322 ὁπηνίκα
198 287 248 322 τὴν
269 287 334 322 ἐξῆς
350 288 446 314 auria:
469 287 602 323 διέτριψεν
623 288 728 324 ἡμέραν
752 289 858 320 ἄσιτοςο

70 331 129 359 εἶτα
143 333 175 367 τῇ
188 331 304 368 δευτέρᾳ.
317 333 366 367 τῆς
379 332 476 368 ἐδωδῆς
490 333 626 368 ἁψάμενος
641 332 762 365 ἐϐάδιζεν
778 335 816 365 εἰς
830 334 860 360 τὸ

71 377 263 413 στρατόπεδον.
280 378 347 412 Οὐχὶ
364 378 391 404 δὲ
405 378 481 404 τοῦτο
500 379 577 414 μόνον
591 379 729 405 ἁλίσκεται
744 380 818 415 παρὰ
830 380 860 406 τὺ

70 425 183 458 γεγονὸς
201 424 331 460 εἰρηκὼς,
349 425 416 452 ἀλλὰ
430 426 476 451 καὶ
496 425 540 451 τὴν
563 426 687 453 Ἰωνάοαν
703 426 753 461 ἔφη
774 426 859 461 μονώ-

71 478 154 497 τατον
167 469 236 505 ὁμοῦ
257 470 296 505 τῷ
313 471 395 506 πατρὶ
417 470 565 506 καταλῆξαι
579 472 647 506 πρὸς
663 471 758 498 αὐτόν’
780 473 811 498 ἐκ
832 472 859 498 δὲ

71 515 128 542 τῶν
145 515 274 542 ἐναντίων
291 516 307 551 ἡ
324 515 507 551 διηγηματικὴ
523 516 568 542 τοῦ
589 516 756 552 Γράμματος
770 517 860 551 διαγο-

73 561 150 597 ρεύει
167 562 254 597 φωνὴ,
271 562 316 588 τὸν
333 561 417 587 Σαοὺλ
433 561 490 596 ἃμα
504 562 591 597 τρισὶν
607 561 780 597 ἀπεσφάχθαι
796 571 859 588 παι-

73 608 128 638 σὶν.
152 607 211 634 ἀλλ¹
233 608 282 643 οὐχ
299 609 338 634 ἐνὶ
355 607 436 643 μόνῳ,
454 608 491 639 ὼς
506 608 604 644 ἔφησεν
628 610 738 640 ἐκεῖνος.
757 609 860 636 Οὐκοῦν

72 653 177 690 ἀπορίᾳ
194 653 374 690 προγνώσεως
388 654 462 680 οὐδὲν
480 653 576 690 ἀληθὲς
593 654 696 686 ἐξεῖπεν
710 655 724 681 6
739 654 841 689 δαίμων
852 663 858 669 '

71 699 104 726 οὐ
116 699 172 735 γὰρ
191 699 223 726 ἃν
239 699 343 726 ἐναντία
361 699 414 725 τῶν
430 700 578 733 γεγονότων
593 699 772 736 ἀπήγγειλεν·
793 699 861 727 ἀλλὰ

72 745 108 772 τὰ
121 745 160 780 τῷ
182 745 309 780 Σαμουὴλ
329 745 460 780 εἰρημένα
479 745 619 781 πρότερον,
645 746 682 777 ὡς
699 745 777 780 ἔφην,
793 746 859 772 ὐπο-

72 789 189 824 κλέψας,
203 789 280 823 ὀλίγα
294 790 361 817 ἄττα
377 789 522 824 προσετίϐη
539 790 654 822 τούτοις,
673 791 705 817 ὲκ
721 791 774 818 τῶν
789 791 860 818 51x6-

72 843 127 861 των
142 835 308 871 ὁμοιότροπα
324 834 492 870 συμπλέξας’
511 835 596 868 οὕτως
611 837 663 872 ἄρα
679 837 725 864 καὶ
747 837 859 864 Θάνατον

72 880 181 915 ἠπείλει
196 880 236 915 τῷ
248 880 374 917 δυνάστῃ,
391 882 449 912 ταῖς
462 880 564 908 ἐκείνου
579 883 680 916 φωναῖς
697 881 860 918 ἀποχρώμε-

72 935 134 957 νος·
153 927 212 953 ἀλλ’
233 926 272 953 ἔτι
287 935 319 961 γε
342 928 388 954 καὶ
404 927 451 963 τὴν
473 928 519 955 τοῦ
540 928 645 964 Ἰσραὴλ
667 928 789 955 ἐκδοῦναι
813 937 861 955 πα-

74 973 210 1009 ρεμϐολὴν
223 974 386 1008 ὑπισχνεῖτο,
402 975 440 1010 τῷ
452 975 497 1001 τὸν
514 976 654 1011 προφήτην
673 975 809 1011 ὲμϐριθῶς
823 977 860 1002 εἰ-

75 1019 188 1053 ρηκέναι
210 1019 481 1054 διασχισθήσεσθαι
503 1021 556 1047 τὸν
579 1022 666 1048 λαόν.
701 1021 788 1057 Ὁρῶν
814 1020 860 1049 οὖν

73 1066 312 1100 ὲπιτετειχισμένα
328 1066 445 1102 πολέμου
467 1068 663 1102 μηχανήματα,
684 1069 731 1095 καὶ
751 1069 796 1095 τὸν
812 1068 859 1095 τοῦ

73 1110 138 1137 λαοῦ
156 1112 318 1146 προεστῶτα
342 1113 462 1148 περιδεῆ,
486 1114 596 1149 προσέτι
615 1114 642 1140 δὲ
670 1115 716 1141 καὶ
742 1115 861 1142 καταλει-

74 1157 176 1191 φθέντα
202 1157 270 1193 πρὸς
297 1158 378 1184 αὐτοῦ
405 1159 450 1185 τοῦ
473 1159 539 1186 Θεοῦ
566 1160 614 1195 (δι’
633 1157 669 1187 ὧν
690 1161 704 1186 ὅ
728 1161 862 1197 δυνάστης

73 1202 208 1237 ὡμολόγει
225 1204 428 1239 στοχαζόμενος,
442 1205 482 1231 ὂτι
495 1205 573 1241 δεῦρο
591 1206 750 1242 περαιοῦται
766 1208 796 1233 τὸ
813 1207 860 1234 τοῦ

74 1250 216 1284 προφήτου
237 1250 397 1285 κήρυγμα),
416 1251 484 1286 πρὸς
509 1251 557 1284 τὰς
574 1252 723 1284 ὲνεστώςας
746 1253 846 1288 ὺπεκρί

74 1304 138 1322 νατο
169 1297 290 1332 κινήσεις
314 1297 479 1331 ἀναφωνεῖν·
502 1298 551 1324 ὅσα
578 1298 668 1333 μέντοι
693 1299 860 1334 προσέθηκεν

75 1340 128 1366 ἴδια
142 1340 204 1366 καθ’
214 1340 309 1371 ἑαυτὰ,
323 1341 445 1376 φανερῶς
457 1341 526 1368 ἑάλω
538 1342 717 1378 ψευσάμενος·
732 1344 793 1371 οὔτε
807 1345 861 1381 γὰρ

74 1386 124 1422 τὴν
149 1385 197 1412 τοῦ
223 1386 338 1412 θανάτου
358 1386 471 1421 ἠδύνατο
494 1391 632 1423 προειπεῖν
655 1389 770 1425 ἡμέραν,
800 1391 861 1417 οὔτε

75 1431 125 1463 τὰς
142 1432 196 1458 τῶν
210 1432 290 1458 υἱέων
303 1432 349 1458 τοῦ
369 1433 453 1459 Σαοὺλ
468 1433 631 1469 ἀναιρέσεις,
647 1432 685 1461 ὧν
702 1436 746 1462 ἐπὶ
762 1436 861 1471 ὀνόμα-

76 1486 121 1509 τος
135 1479 337 1514 ἐμνημόνευσεν
352 1480 367 1514 ἡ
388 1479 492 1515 ι’ραφή.
514 1480 560 1507 Ἐκ
576 1481 603 1507 δὲ
620 1481 720 1508 τούτων
736 1483 765 1508 οὐ
783 1482 861 1518 χαλε-

911 248 963 274 que
973 240 1058 272 enim,
1074 244 1103 267 ut
1131 240 1176 267 ille
1191 240 1307 271 dixerat.
1323 241 1390 268 Cras
1406 242 1458 268 eris
1474 246 1501 268 tu
1517 251 1696 274 mecum,cve-

911 287 962 319 nit,
983 295 1044 314 cum
1063 287 1099 314 ibi
1116 286 1160 314 die
1178 287 1301 322 sequenti
1315 287 1425 322 jejunus
1440 293 1624 316 commoratus
1637 289 1695 316 fue-

913 334 964 366 rit;
978 333 1106 369 deinceps
1117 334 1213 366 altera,
1226 334 1287 361 cibo
1296 334 1448 368 degustato,
1459 335 1606 362 exercitum
1618 343 1696 370 repe-

912 380 996 407 tierit.
1015 379 1107 415 Neque
1131 383 1236 406 tantum
1259 380 1311 406 hoc
1337 380 1412 406 illum
1429 381 1586 408 ementitum
1609 381 1695 408 fuisse

911 433 943 453 ac
960 426 1039 452 aliter
1054 434 1135 460 quam
1151 426 1272 453 evenerit
1294 426 1487 460 pronuntiasse
1503 427 1694 460 convincitur;

911 472 958 499 sed
973 471 1118 499 .lonatham
1146 473 1233 500 solum
1252 479 1306 498 una
1324 479 1386 497 eum
1402 475 1477 506 patre
1492 471 1524 498 ad
1551 471 1639 506 ipsum
1655 473 1695 499 di-

911 526 1053 545 versuruut
1070 518 1138 545 dixit
1155 527 1161 544 2
1178 526 1271 544 verum
1290 517 1455 544 narrationis
1479 518 1563 545 series
1587 517 1695 544 Sauletn

911 571 972 590 cum
990 564 1076 590 tribus
1107 562 1178 596 tiliis,
1200 567 1226 589 et
1253 570 1306 589 non
1338 569 1391 588 uno
1419 562 1492 593 solo,
1515 566 1545 589 ut
1560 562 1604 589 ille
1622 563 1697 590 dixe-

911 613 963 639 rat,
975 612 1123 635 mactatum
1137 607 1222 635 fuisse
1237 608 1344 634 asserit.
1359 607 1445 643 Igitur
1462 607 1639 643 prmnotionis
1653 607 1698 635 de-

911 655 983 682 fectu
997 654 1064 681 nihil
1081 654 1136 681 veri
1151 653 1255 680 dmtnon
1279 654 1370 681 retulit
1386 663 1392 681 :
1408 661 1496 688 neque
1520 653 1593 680 cnim
1618 653 1698 681 f.-.ctis

910 700 978 736 ipsis
993 699 1142 735 pugnantia
1168 699 1339 726 enuntiasset
1355 708 1361 724 ε
1381 699 1428 725 sed
1441 707 1455 725 a
1480 698 1607 726 Samuele
1621 700 1697 733 prius

910 746 1068 773 memoratis
1082 745 1226 780 surreptis,
1243 746 1338 780 paucis
1353 745 1503 776 nonnullis,
1521 745 1610 780 iisque
1624 745 1698 771 veri-

910 791 1055 821 similibus.
1080 790 1204 819 annexis.
1226 793 1340 816 mortem
1357 789 1412 823 regi
1430 789 1604 823 przenuntiat,
1622 788 1696 815 itlius

911 837 1024 864 vocibus
1039 836 1150 863 abusus.
1169 835 1297 867 Quinimo
1308 842 1369 861 cum
1386 834 1516 869 propheta
1541 834 1608 861 satis
1620 841 1697 869 aper-

913 886 940 909 te
951 881 1121 908 scindendum
1141 880 1265 915 populum
1281 879 1407 910 dixisset,
1425 880 1482 914 ipse
1506 884 1595 906 castra
1613 879 1699 907 Israel

915 927 1043 954 tradenda
1058 927 1244 962 pollicebatur.
1264 926 1357 960 Itaque
1373 933 1434 952 cutn
1455 926 1624 960 conspiceret
1649 934 1698 961 pa-

913 978 989 1001 ratas
1004 973 1067 1001 belli
1083 973 1241 1003 machinas,
1257 972 1352 999 ducem
1369 972 1461 1006 populi
1479 971 1577 999 timore
1595 976 1699 1007 perter-

913 1023 1008 1053 ritum,
1025 1021 1292 1050 eontremiscentem,
1311 1020 1342 1046 ad
1368 1020 1424 1046 lucc
1442 1019 1476 1046 ab
1497 1020 1556 1054 ipso
1575 1019 1630 1046 ι)ιο
1652 1020 1699 1047 de-

915 1068 1038 1095 relictum
1057 1066 1166 1101 (quibus
1184 1066 1312 1100 princeps
1333 1065 1489 1099 conjectura
1512 1072 1566 1092 non
1583 1065 1634 1092 levi
1651 1073 1697 1092 as-

914 1117 1024 1141 secutus
1044 1111 1195 1147 prophetiei
1212 1111 1316 1137 oraculi
1339 1111 1395 1144 jam
1411 1111 1491 1137 tinem
1505 1118 1566 1138 esse
1579 1117 1698 1138 comme-

913 1158 1058 1193 morabat),
1075 1157 1108 1183 ad
1129 1159 1278 1192 prmsentes
1294 1159 1385 1183 motus
1400 1156 1552 1183 orationem
1579 1163 1694 1183 conver-

914 1208 971 1231 tere
984 1203 1132 1230 simulavit.
1153 1202 1326 1236 Quzeeunque
1351 1201 1443 1236 itaque
1466 1202 1499 1229 de
1517 1209 1567 1229 suo
1584 1201 1697 1235 addidit,

915 1249 968 1276 illis
981 1253 1072 1283 aperte
1087 1248 1216 1275 mentitus
1224 1251 1265 1274 est
1278 1256 1284 1274 :
1296 1247 1395 1282 quippe
1411 1255 1497 1281 neque
1510 1247 1603 1274 mortis
1615 1246 1696 1279 diem,

914 1303 1003 1330 neque
1026 1294 1140 1320 ﬁliorum
1170 1292 1260 1320 Saulis
1280 1300 1394 1327 quorum
1423 1291 1567 1327 Scriptura
1589 1291 1697 1318 nomina

914 1341 992 1371 dixit,
1010 1340 1098 1375 potuit
1116 1339 1272 1373 praesagire.
1288 1337 1335 1365 llis
1356 1337 1434 1364 facile
1451 1345 1597 1373 possumus
1612 1345 1698 1372 agno-

915 1395 1001 1418 scere,
1024 1385 1091 1412 nihil
1107 1384 1257 1420 prnpriuni,
1278 1384 1344 1410 nihil
1360 1392 1453 1410 verunt
1480 1383 1604 1418 spiritum
1630 1390 1700 1417 pra:-

915 1434 1066 1464 nuntiasse,
1077 1432 1124 1459 sed
1141 1430 1275 1458 Samuelis
1286 1431 1367 1458 verba
1381 1430 1541 1458 sulfuratum
1553 1435 1580 1457 et
1596 1434 1624 1456 ut
1639 1437 1699 1464 pro-

915 1480 975 1516 pria
994 1479 1177 1506 venditantem
1206 1478 1379 1506 existimasse
1409 1485 1439 1504 se
1465 1477 1636 1512 pri-phetare,
1660 1481 1697 1508 et,

74 1524 133 1556 πῶς
145 1524 178 1551 ἂν
197 1525 239 1560 εἴη
255 1526 333 1557 νοεῖν,
348 1525 385 1557 ὡς
404 1526 478 1552 οὐδὲν
495 1526 559 1553 ἴδιον
574 1527 633 1553 οὐδὲ
654 1527 751 1562 ἀληθὲς
772 1529 862 1563 ἀπήγ-

916 1525 986 1560 quod
998 1525 1162 1560 przecipuum
1179 1528 1230 1555 est.
1241 1532 1329 1559 neque
1339 1531 1370 1551 ea
1385 1523 1487 1557 absque
1506 1522 1645 1549 mendacio
1658 1522 1700 1549 di-

79 1571 148 1605 γειλε
164 1571 196 1598 τὸ
218 1571 340 1607 πνεῦμα·
359 1573 402 1598 ὅτε
421 1572 450 1599 δὲ
467 1573 513 1600 τοῦ
534 1574 659 1609 Σαμουὴλ
679 1575 861 1606 ὑπεξὲκλεπτε

76 1617 199 1651 ῥήματα,
227 1616 312 1643 ταῦτα
336 1617 559 1653 σφετεριζόμενον
582 1618 650 1653 ᾣετο
672 1620 861 1654 προφητεύειν.

82 1662 163 1689 Ἀλλὰ
176 1662 292 1698 μάλιστα
307 1663 353 1697 μὲν
369 1663 418 1689 οὐκ
434 1663 504 1689 ἐστιν
516 1664 612 1696 εἰπεῖν,
634 1665 674 1690 ὅτι
688 1665 766 1692 τοῦτο
781 1666 864 1702 προὺ-

75 1710 193 1744 φήτευεν
217 1709 352 1743 ἁψευδῶς·
379 1711 403 1736 εἰ
425 1710 447 1735 δ’
469 1710 523 1745 ἄρα
547 1711 594 1736 καὶ
617 1711 735 1746 πολέμου
757 1711 863 1745 γένεσιν

75 1755 259 1791 ἀνεκήρυττεν
273 1755 306 1782 τὰ
314 1756 361 1791 τῆς
376 1756 571 1791 αἱματοχυσίας
581 1757 715 1791 ἀνήκεστα
730 1758 862 1793 ῥεύματα,

75 1800 117 1832 τίς
136 1801 151 1826 6
167 1800 221 1826 τῶν
239 1800 365 1826 ἁπάντων
379 1800 463 1831 αἴτιός
486 1802 541 1827 ἐστι
557 1801 699 1836 πολέμωνς
713 1802 760 1836 οὐχ
777 1803 791 1828 6
806 1803 864 1829 διά-

75 1845 169 1878 ϐολοςς
200 1846 256 1873 Οὐκ
281 1846 360 1877 αὐτὸς
388 1845 537 1882 ἐξῃτήσατο
564 1847 609 1872 τὸν
642 1846 719 1879 ’1ώ6;
746 1848 795 1874 οὐκ
815 1849 863 1874 ἐπ-

913 1573 1032 1599 vinasse.
1051 1571 1079 1598 Si
1096 1579 1159 1606 ergo
1175 1576 1201 1598 et
1225 1571 1357 1598 bellorum
1382 1575 1464 1597 astus
1481 1569 1699 1604 ctiusionumque

915 1618 1059 1653 sanguinis
1073 1617 1173 1644 ﬂuenta
1189 1616 1378 1644 crudelissima
1390 1616 1558 1650 praecineret,
1571 1614 1632 1649 quis
1640 1622 1699 1641 om-

915 1665 989 1691 nium
1015 1667 1057 1691 est
1084 1663 1160 1698 origo
1184 1663 1336 1689 bellorum?
1360 1669 1450 1688 nonne
1477 1662 1532 1696 ipse
1557 1660 1700 1688 diabolus?

914 1711 1010 1737 Nonne
1036 1709 1132 1736 Jobum
1161 1708 1217 1743 ipse
1241 1707 1380 1742 deposcit?
1404 1715 1492 1734 nonne
1515 1707 1566 1741 ipsi
1598 1706 1698 1734 bellum

917 1757 1084 1784 inexorabile
1103 1755 1251 1782 excitavit?
1268 1761 1358 1781 nonne
1375 1753 1473 1788 saepius
1486 1755 1513 1779 in
1532 1753 1621 1780 varias
1641 1752 1699 1779 for-

917 1811 976 1830 mas
988 1806 1108 1829 tnutatus
1126 1801 1183 1836 ipse
1199 1800 1310 1827 nuntius
1327 1799 1407 1826 simul
1423 1803 1450 1826 et
1464 1798 1553 1830 testis,
1568 1802 1594 1826 et
1612 1798 1699 1825 tribu-

918 1858 970 1876 nus
982 1849 1108 1879 militnm,
1119 1848 1146 1874 in
1156 1847 1295 1874 hominum
1306 1847 1410 1873 viscera
1421 1848 1567 1880 penetrans
1576 1844 1699 1872 exstitit?

75 1893 187 1928 ⁷ἤγειρεν
204 1892 277 1927 αὐτῷ
289 1893 405 1928 πόλεμον
420 1893 548 1929 ἐξαίφνης
562 1894 726 1928 ἀκήρυκτον,
744 1895 773 1920 οὐ
788 1896 1043 1932 μεταμορφούμενος
1065 1895 1155 1922 ἄλλοοι
1169 1893 1265 1926 ἄλλως,
1281 1892 1446 1927 αὐτάγγελος
1463 1892 1520 1926 ἅμα
1534 1891 1581 1917 καὶ
1597 1891 1700 1926 μάρτυς

74 1939 202 1973 ιγὶγνετο
220 1939 267 1965 καὶ
293 1938 471 1973 πολέμαρχος,
495 1939 534 1970 εἰς
561 1939 595 1965 τὰ
617 1939 669 1965 τῶν
687 1940 836 1976 ἀνθρώπιον
853 1942 976 1969 ὲντόσοια
989 1941 1155 1976 παρεισδύς;

112 1986 184 2013 XIV.
209 1985 289 2011 Ἀλλὰ
301 1985 403 2020 ἀσαφὲς
416 1983 524 2012 εἶναιτὸ
541 1986 632 2021 σχῆμα
649 1987 801 2021 νενόμισται
811 1989 867 2019 τοῖς

77 2031 201 2062 πολλοῖς·
227 2030 296 2056 ἰτέον
315 2029 360 2056 οὖν
375 2029 526 2061 ἀκολούθως
541 2032 579 2062 είς
592 2031 625 2057 τὰ
639 2031 687 2066 τῆς
702 2033 796 2068 τρίτης
811 2032 864 2058 τῶν

77 2076 230 2104 Βασιλειῶν
248 2077 317 2112 ῐχνη.
342 2077 469 2103 Φαίνεται
487 2076 576 2103 τοίνυν
598 2078 672 2109 ὃπως
693 2079 707 2104 ὁ
723 2080 864 2114 προφήτης

79 2124 253 2159 ὲπερωτᾶται
264 2123 382 2157 Μιχαίας
395 2123 446 2149 ὑπὸ
457 2123 504 2150 τοῦ
519 2123 630 2158 Ἀχαά6’
649 2123 704 2150 ἀλλ’
716 2125 864 2161 ἐπειδήπερ

78 2168 251 2205 ἠναγκάζετο
273 2168 374 2204 τάληθῆ
396 2168 484 2202 λέγειν
507 2169 755 2204 ἀπαρακαλύπτως,
775 2171 863 2204 ἑωρα-

956 1988 1026 2016 Χιν.
1045 1988 1096 2015 Sed
1112 1987 1170 2014 haec
1190 1986 1278 2014 forma
1295 1989 1376 2019 atque
1396 1984 1479 2020 tigura
1494 1984 1701 2019 quamplurimit:

917 2035 1034 2062 obscura
1050 2034 1172 2061 videtur:
1191 2033 1280 2066 itaque
1287 2031 1381 2058 ordine
1393 2037 1448 2057 non
1461 2030 1570 2056 inverso
1583 2029 1640 2064 ipsa
1648 2028 1702 2056 Re-

918 2088 1032 2116 gnorum
1055 2079 1169 2107 historia
1196 2078 1256 2105 libri
1280 2077 1352 2104 tertii
1379 2075 1564 2110 investiganda
1587 2079 1638 2103 est.
1662 2074 1700 2104 lbi

918 2128 1016 2162 quippe
1024 2126 1056 2159 ",
1072 2131 1101 2152 ut
1117 2129 1237 2160 apparet,
1257 2123 1382 2150 Michaeas
1407 2122 1537 2158 propheta
1552 2121 1587 2148 ab
1609 2121 1702 2149 Achab

918 2174 1102 2207 interrogatur
1116 2181 1122 2198 :
1140 2171 1186 2198 sed
1200 2178 1261 2197 cum
1275 2177 1339 2197 vera
1351 2168 1430 2196 fateri
1445 2172 1597 2203 cogeretur,
1613 2168 1701 2202 palam

79 2217 165 2244 κέναι
181 2216 230 2251 μὲν
247 2215 347 2249 ἔφασκε
364 2215 417 2241 τὸν
432 2216 542 2249 Κύριον
552 2216 601 2242 ἐπὶ
617 2216 724 2249 θρόνου
741 2215 867 2250 καθήμε-

919 2228 948 2247 se
966 2219 1107 2245 Dominum
1130 2217 1242 2247 vidisse,
1270 2216 1325 2248 ait,
1352 2216 1481 2242 sedentem
1505 2222 1581 2248 super
1605 2213 1700 2240 solium

78 2271 145 2295 νον,
157 2261 222 2289 εἶτα
239 2262 287 2288 καὶ
304 2261 444 2295 στρατιὰς
459 2260 581 2288 ἑστάναι
596 2261 661 2294 περὶ
674 2261 767 2287 αὑτὸν
779 2263 866 2295 οἱφα-

79 2309 166 2340 νΙους
178 2308 213 2334 ἐκ
225 2316 257 2334 τε
268 2307 374 2339 δεξιῶν
388 2307 447 2342 ἅμα
461 2307 508 2334 καὶ
523 2307 695 2341 εὐωνύμων·
708 2307 774 2342 ὁμοῦ
791 2308 818 2333 δὲ
831 2309 864 2343 τῇ

78 2355 129 2390 τῆς
145 2353 233 2388 ἅψεως
262 2353 375 2390 ἱστορίᾳ,
401 2354 447 2380 καὶ
473 2353 563 2388 φωνῆς
593 2353 691 2388 ἔφησεν
720 2353 866 2389 ἀκηκοέναι

79 2400 189 2427 τοιᾶσδέ
205 2409 289 2432 τινος·
306 2401 352 2433 Τίς
365 2399 511 2432 ἀπατήσει
524 2399 577 2426 τὸν
596 2399 708 2434 Ἀχαὰϐ,
731 2399 779 2426 καὶ
793 2400 866 2427 ἀνα-

79 2447 205 2482 ϐήσεται
220 2447 264 2479 εὶς
286 2445 412 2481 Ῥεμμὼδ
426 2445 558 2478 Γαλαὰδ,
574 2446 622 2472 καὶ
636 2446 769 2472 πεσεῖται
788 2446 867 2477 ἐκεῖ;

79 2493 232 2529 τηνικαῦτα
245 2492 273 2519 δέ
286 2501 376 2528 φησιν,
393 2491 447 2527 [ἵνα
458 2491 492 2518 τὰ
506 2493 533 2519 ὲν
546 2492 621 2527 μέσῳ
636 2491 800 2527 παραλείψας
812 2492 867 2527 ἐρῶ

82 2540 113 2567 τὸ
131 2538 326 2574 ζητούμενον]
349 2538 475 2572 Ἑξῆλοε
498 2538 625 2572 πνεῦμα,
653 2537 702 2564 καὶ
722 2537 796 2570 ἔστη
816 2537 863 2563 ἐν·

79 2586 176 2612 ώπιον
193 2585 315 2619 Κυρίου,
335 2585 382 2611 καὶ
398 2583 492 2611 εἶπενὐ
512 2584 584 2618 Ἐγὼ
600 2583 743 2616 ἀπατήσω
758 2584 864 2610 αὐτόν·

80 2633 118 2665 ὡς
137 2633 165 2659 δὲ
190 2634 204 2658 6
224 2631 325 2667 Κύριος
342 2631 545 2664 ἀνθυπενὲγκας
568 2629 699 2665 ἔφρασεν,
729 2630 776 2655 Ἐν
791 2629 868 2661 tim;

82 2678 268 2714 ἀνθυποφέρει
295 2677 390 2704 πάλιν·
430 2676 655 2710 Ἐξελεύσομαι,
683 2675 731 2702 καὶ
762 2676 868 2709 ἔσομαι

82 2723 200 2758 πνεῦμα
219 2722 331 2757 ψευδὲς
347 2723 381 2749 ἐν
400 2723 526 2757 στόματι
543 2721 662 2748 πάντων
679 2722 737 2749 τῶν
754 2730 867 2756 προφη-

83 2769 142 2796 τῶν
155 2768 259 2796 αὐτοῦ.
276 2768 346 2804 Πρὸς
359 2768 444 2795 ταῦτα
457 2768 506 2804 μὲν
517 2766 562 2796 οὖν
576 2768 685 2804 εἴρηκεν
699 2769 713 2795 6
728 2768 867 2804 κρείττωνο

120 2846 141 2862 δ’
158 2845 206 2872 III
221 2844 284 2880 Reg.
296 2853 364 2878 mi,
383 2845 416 2872 19
431 2848 457 2874 ct
473 2853 532 2880 sqq.

919 2272 1014 2295 suum;
1028 2263 1147 2297 deinceps
1162 2263 1291 2290 exercitus
1307 2262 1430 2288 assistere
1441 2262 1465 2287 ei
1482 2261 1595 2288 caelestes
1614 2264 1668 2286 tum
1686 2269 1702 2286 a

919 2309 1018 2336 dextris
1041 2313 1094 2334 tum
1120 2316 1135 2334 a
1152 2306 1284 2336 sinistris;
1307 2312 1369 2331 cum
1386 2304 1437 2331 hac
1451 2304 1554 2331 visione
1569 2306 1595 2329 et
1609 2309 1701 2328 vocem

920 2354 1029 2382 audisse
1046 2353 1129 2380 tradit
1148 2349 1337 2386 hujuscemodi
1352 2359 1357 2377 :
1375 2349 1439 2382 Quia
1465 2349 1575 2383 decipiet
1601 2346 1701 2378 Achab,

920 2406 944 2428 et
967 2400 1087 2428 ascendet
1110 2400 1137 2426 in
1154 2396 1277 2425 Remmad
1298 2394 1415 2427 Galaad,
1431 2400 1454 2422 et
1478 2395 1551 2422 cadet
1568 2394 1704 2422 ibihunc

921 2446 1024 2477 subdit,
1039 2449 1069 2473 ut
1086 2445 1183 2472 mediis
1200 2443 1307 2471 silentio
1319 2441 1454 2468 obvolutis
1467 2440 1643 2476 quaestionem
1656 2448 1704 2467 ex-

921 2494 1016 2520 tricem
1035 2502 1042 2519 :
1061 2491 1188 2527 Egressus
1209 2494 1247 2517 est
1262 2489 1381 2523 spiritus,
1395 2492 1419 2514 et
1436 2488 1506 2513 stetit
1535 2495 1624 2513 coram
1650 2485 1704 2513 Do-

922 2542 1004 2569 mina.
1022 2543 1046 2565 et
1062 2540 1099 2565 ait
1115 2547 1124 2565 .'
1149 2537 1203 2572 Ego
1220 2535 1344 2569 decipiam
1363 2533 1457 2564 illum;
1473 2540 1487 2559 a
1505 2539 1559 2567 quo
1579 2540 1640 2559 cum
1658 2539 1704 2566 pe-

920 2588 987 2611 teret
999 2583 1130 2610 Dominus
1147 2592 1153 2610 :
1173 2581 1206 2608 In
1223 2581 1297 2616 quo?
1315 2587 1423 2607 rursum
1432 2576 1576 2612 respondet
1595 2585 1602 2603 ;
1619 2575 1704 2611 Egre-

920 2631 992 2662 diar,
1008 2634 1031 2656 et
1045 2637 1089 2656 ero
1111 2629 1220 2663 spiritus
1243 2626 1356 2654 mendas;
1380 2625 1407 2652 in
1433 2632 1476 2651 ore
1501 2622 1617 2649 omnium
1642 2629 1704 2655 pro-

920 2676 1057 2711 phetarum
1074 2674 1158 2701 illius.
1178 2673 1227 2701 His
1246 2673 1335 2708 potior
1355 2671 1422 2698 dixit
1439 2679 1445 2697 :
1469 2669 1583 2702 Decipies
1596 2673 1619 2694 et
1635 2674 1703 2702 prte-

920 2721 1029 2749 valebis.
1056 2720 1089 2747 Et
1113 2727 1182 2746 nunc
1205 2719 1274 2753 jam,
1302 2718 1349 2749 ait,
1381 2715 1511 2751 egredere,
1538 2719 1562 2742 et
1592 2714 1634 2749 {ac
1653 2714 1702 2740 ita.

924 2767 989 2801 Quae
999 2775 1060 2795 cum
1075 2766 1205 2803 propheta
1220 2764 1277 2800 regi
1294 2766 1440 2795 narrasset,
1450 2762 1522 2790 illico
1530 2761 1622 2790 subdit
1634 2771 1639 2776 -
1653 2759 1709 2787 Do-
