1909 3071
215 93 267 121 645

689 91 718 119 S.
741 87 925 117 EUSTATHII
940 86 1094 114 EPlSCOPl
1115 85 1322 114 ANTIOCHENI

1787 83 1844 110 su

213 149 255 177 dit
267 149 394 176 Dominus
413 148 520 182 spiritus
543 147 672 174 mendacii
691 148 719 175 in
739 156 783 175 ore
800 148 914 174 omnium
939 154 993 180 pro-

1053 144 1236 178 Ἀπατήσεις,
1251 144 1302 171 καί
1314 152 1346 179 γε
1364 143 1496 178 δυνήσῃ.
1509 143 1563 170 Kal
1578 143 1636 169 νῦν
1650 142 1727 174 ἰδοὺ,
1742 142 1843 177 φησὶν,

213 196 350 231 pltetarum
367 199 471 220 tuorum
497 194 540 228 qui
560 193 601 220 hic
619 198 691 225 sunt,
710 197 735 220 et
751 193 878 220 Dominus
895 193 996 219 locutus

212 246 252 270 est
266 245 358 268 contra
373 244 396 266 ta
411 240 492 266 mala.
510 239 580 274 Ergo
595 239 617 266 si
634 239 760 274 spiritum
774 239 845 268 hunc
859 238 904 274 qui
920 246 997 265 men-

213 287 283 314 dacii
296 286 346 312 fuit
362 291 468 316 auctor,
485 285 596 312 minime
608 286 708 312 bonum
721 284 767 312 scd
785 292 897 319 pravum
914 283 998 311 fuisse

213 333 365 368 intelligere
379 339 491 359 necesse
501 331 546 362 sit,
563 331 695 366 sequitur.
712 330 786 357 hunc
801 330 865 357 item
882 330 996 357 creden-

212 378 276 405 dum
304 378 388 406 fuisse
410 377 510 404 diaboli
527 377 746 403 instrumentum.
771 375 837 403 Cum
862 380 952 402 autem
969 382 998 402 re

212 424 271 459 ipsa
294 424 331 451 illi
358 423 506 458 contigisse
528 426 627 457 pateat,
637 417 702 457 ergo
715 422 792 456 prius
806 421 929 448 audierat
943 427 997 456 quo

211 472 292 503 pacto
307 468 517 496 scelestissimus
527 466 662 493 Achabad
678 466 778 493 bellum
794 466 943 501 procedens
951 473 997 493 oc-

212 514 356 541 cubiturus
378 517 460 540 esset.
485 511 553 539 Nam
576 512 621 539 ille
637 512 808 539 mendacium
823 519 872 548 pro
883 512 998 539 veritate

212 557 359 586 obtrudere
388 557 483 589 voluit,
508 561 538 584 ut
557 557 620 583 belli
647 565 759 584 causam
787 557 929 584 moliretur
944 558 996 584 im-

212 604 343 639 piumque
360 603 484 637 perderet
502 602 619 637 turpius.
638 601 676 628 lla
689 607 718 629 ut
734 603 808 630 hisce
826 603 920 634 rebus.
938 611 997 629 ma-

212 650 237 676 la
255 657 314 684 qum
329 648 452 675 scelestis
476 648 631 676 inferuntur
651 648 788 676 diabolum
814 649 994 685 prtesciv-isse,

212 695 388 722 manifestum
410 695 455 727 sit,
475 702 535 721 cum
553 695 732 729 pessimorum
749 695 869 721 omnium
885 695 943 730 ipse
962 695 997 722 sit

212 741 311 777 opifex.
327 741 355 768 ln
368 740 449 767 Saule
459 748 523 767 vero
533 740 664 775 quidquid
677 748 691 767 e
705 748 734 767 re
741 741 849 775 propria
862 740 995 769 Samuelis

213 787 333 815 oraculis
343 787 444 814 addens
460 787 618 817 immiscuit,
633 794 688 813 non
704 790 807 813 tantum
821 787 996 822 probabiliter

213 833 353 865 mentitus,
368 833 415 860 scd
431 833 511 868 impie
532 832 736 867 irreligioseque
751 833 859 861 locutus
884 838 937 861 est.
961 833 996 861 At

213 879 330 914 primttm
347 879 419 906 illius
433 879 544 913 impium
558 877 659 905 dictum
673 879 715 906 vel
736 879 798 906 inde
817 879 993 914 deprehendi-

213 929 274 952 tur:
290 925 405 960 primum
421 925 529 959 quidem
547 924 633 959 quod,
650 925 878 959 quemadmodum
904 925 996 952 Domi-

212 978 264 998 nus
278 970 440 1005 latroni,qui
456 971 530 1004 regni
548 970 608 1005 ejus
624 971 772 1005 potentiam
781 971 924 998 confessus
937 971 996 999 fue-

211 1020 271 1048 rat,
289 1017 356 1043 dixit
377 1017 399 1031 ⁵³
419 1027 424 1043 :
441 1016 525 1043 Hodie
548 1025 647 1043 mecum
669 1018 721 1043 eris
746 1017 773 1043 in
796 1017 940 1052 paradiso;
959 1018 994 1044 ita

210 1067 238 1090 et
253 1062 297 1089 hic
322 1063 430 1089 illorum
456 1062 593 1093 imitator,
622 1062 697 1089 Sauli
722 1064 834 1098 magicis
858 1064 995 1092 vaticiniis

210 1109 334 1143 expletis,
357 1108 467 1135 dolosus
492 1108 589 1135 artifex
614 1109 786 1136 enuntiarit:
803 1109 870 1136 Cras
896 1110 948 1136 eris
967 1115 994 1136 tu

210 1162 320 1186 mecum,
336 1159 358 1181 et
371 1154 507 1181 Jonat/tan
521 1154 594 1191 ﬁlius
607 1159 666 1181 tuus
683 1154 714 1180 “.
739 1154 875 1187 Secundo,
889 1156 993 1190 justum

210 1201 245 1228 ab
261 1200 361 1235 injusto
382 1201 447 1227 nihil
465 1201 560 1227 abesse
576 1205 692 1227 conatur
709 1201 834 1234 probare,
849 1206 878 1227 ut
898 1201 994 1228 callide

210 1246 318 1281 piorum
337 1251 452 1273 conatus
477 1250 557 1280 atque
578 1246 695 1280 impetus
712 1246 882 1280 comprimat.
900 1246 994 1280 Nemo,

209 1291 367 1321 utvidctur,
385 1291 463 1324 plane
484 1299 538 1317 non
557 1290 641 1321 novit,
662 1290 763 1316 nullam
790 1290 861 1317 inter
889 1291 994 1318 fidelem

208 1339 237 1364 et
263 1336 401 1363 infidelem
424 1336 644 1362 communionem
674 1336 866 1364 intercedere:
889 1345 994 1364 necnon

209 1388 318 1412 rursus,
337 1388 390 1415 quo
418 1385 497 1415 pacto
523 1382 568 1416 qui
598 1382 753 1409 divitiarum
770 1383 848 1418 copia
874 1383 995 1418 profusis

209 1429 364 1452 marcuerat
379 1425 477 1459 epulis,
494 1425 572 1460 longe
590 1434 605 1452 a
628 1426 723 1453 Lazari
742 1428 922 1455 contubernio
952 1437 995 1456 se-

207 1470 321 1506 junctus
337 1475 513 1506 secretusque
529 1471 610 1498 fuerit
622 1472 655 1503 ‘5,
667 1474 791 1507 quamvis
806 1474 909 1500 nihilin
920 1475 994 1501 illum

210 1524 303 1544 ausus.
322 1516 392 1544 Sane
408 1517 475 1544 nihil
491 1518 596 1552 uspiam
609 1519 783 1554 reliquiarum
800 1524 846 1547 aut
863 1520 994 1548 micarum

209 1562 238 1589 in
253 1562 437 1597 pavimentum
455 1563 610 1590 cadentium
626 1565 765 1597 exhibuit,
781 1565 828 1592 sed
846 1574 895 1594 nec
910 1567 995 1601 plagis

207 1607 298 1635 virum
314 1608 458 1640 atllixerat,
486 1617 537 1636 nec
562 1609 653 1644 ﬂagris
679 1618 778 1638 caesum
810 1611 862 1638 alio
890 1613 995 1647 longius

208 1654 379 1681 amandarat.
392 1653 494 1681 Verum
506 1662 568 1682 cum
586 1656 666 1682 ambo
679 1656 741 1682 hinc
754 1656 904 1692 migrantes
913 1658 994 1685 vitam

208 1701 424 1725 commutassent
433 1707 494 1726 cum
510 1703 608 1731 morte,
618 1701 662 1727 hic
672 1700 782 1735 quidem
795 1702 822 1728 in
839 1702 900 1729 sinu
912 1702 995 1729 Abra—

210 1742 251 1770 hae
261 1744 368 1778 generis
377 1745 497 1772 auctoris
513 1746 625 1779 quierit,
641 1747 685 1773 ille
704 1748 869 1781 perennibus
879 1747 994 1777 flammis

208 1792 290 1824 atque
305 1790 573 1826 inexstinguibilibus
588 1796 732 1827 correptus
749 1797 789 1820 est
807 1803 812 1820 :
830 1794 873 1821 hic
886 1795 951 1821 dum
967 1796 994 1822 in

208 1835 305 1863 inferis
316 1840 405 1864 tortus
421 1838 628 1870 cremaretur“,
648 1839 720 1865 videt
737 1847 750 1866 a
773 1840 852 1874 longe
869 1842 994 1876 progeni-

207 1885 421 1915 torem,necnon
433 1888 459 1910 et
468 1882 600 1918 Lazarum
616 1884 642 1911 in
659 1884 720 1911 sinu
733 1885 792 1919 ejus
806 1895 811 1912 :
824 1890 850 1912 at
860 1887 920 1921 igne
932 1895 992 1914 cum

209 1925 329 1958 arderet,
347 1935 378 1954 ex
399 1928 491 1955 animo
507 1927 643 1955 Abraham
660 1930 774 1965 rogabat
791 1935 820 1957 ut
833 1931 865 1958 ad
877 1939 906 1959 se
917 1940 993 1959 men-

207 1970 299 1998 dicum
321 1970 441 2000 mitteret
459 1982 465 1999 :
482 1974 581 2008 quippe
603 1974 703 2002 obnixe
719 1976 881 2010 precabatur
895 1981 924 2004 ut
939 1977 992 2004 La-

208 2025 290 2044 zarus
306 2019 337 2045 ad
348 2026 409 2046 eum
421 2020 534 2047 veniens
546 2024 696 2048 extremum
710 2022 785 2058 digiti
798 2024 839 2051 sui
854 2025 880 2051 in
894 2032 991 2060 aquam

208 2063 367 2099 intingcret.
395 2065 490 2100 sicque
515 2066 634 2102 linguam
653 2075 728 2095 suam
745 2070 815 2097 roris
831 2070 992 2099 humidilate

209 2114 403 2137 contrectatam
424 2111 618 2147 refrigeraret:
639 2114 729 2149 itaque
749 2115 842 2150 ignitis
862 2117 991 2144 cruciati-

1047 190 1161 223 ἔξελθε,
1179 192 1227 218 καὶ
1242 191 1372 224 ποίησον
1386 190 1488 222 οὕτως.
1512 189 1541 215 Ὀ
1562 189 1589 215 δὲ
1607 189 1750 224 προφήτης
1768 188 1845 214 αὐτά

1047 235 1131 262 ταῦτα
1145 236 1184 271 τῷ
1201 236 1304 271 βασιλεῖ
1317 235 1492 271 διηγούμενος
1506 235 1606 266 εὐθέως
1623 235 1769 270 ἐπιφέρει-
1789 234 1844 261 Δέ-

1047 281 1141 308 δωκεν
1152 283 1168 308 ό
1186 281 1258 314 Θεὸς
1272 281 1389 315 πνεῦμα
1401 280 1513 315 ψευδὲς
1526 281 1560 307 ἐν
1573 280 1698 314 στόματι
1715 279 1844 306 πάντων

1046 327 1106 355 τῶν
1120 327 1278 362 προφητῶν
1289 336 1347 354 σου
1361 327 1483 358 τούτων,
1505 326 1554 353 καὶ
1571 326 1706 360 ἑλάλησε
1725 327 1842 360 Κύριος

1045 373 1095 399 ἐπὶ
1119 372 1156 399 σὲ
1176 373 1263 400 κακά.
1286 372 1434 408 Τοιγαροῦν
1458 372 1535 409 εἴπερ
1559 372 1664 407 ἀνάγκη
1690 374 1762 399 νοεῖν
1788 372 1841 398 οὐκ

1046 419 1156 454 ἀγαθὸν,
1170 419 1238 447 ἀλλὰ
1251 419 1368 455 πονηρὸν
1383 417 1451 446 εἶναι
1464 419 1542 446 τοῦτο
1555 419 1585 446 τὸ
1599 418 1717 454 πνεῦμα,
1737 419 1768 445 τὸ
1787 419 1839 454 τῆς

1045 465 1226 501 ψευδηγορίας
1253 466 1348 498 αἴτιον,
1375 464 1518 493 ἀκόλουθον
1545 465 1746 500 ὑπολαμϐάνειν
1770 465 1840 492 αὐτὸ

1046 511 1124 538 τοῦτο
1137 511 1167 538 τὸ
1181 511 1331 538 διαϐολικὸν
1347 511 1460 547 δργανον
1478 511 1621 546 ὑπάρχειν.
1637 511 1668 537 Εἰ
1682 511 1711 537 δὲ
1733 511 1839 547 κυρίως

1047 557 1236 584 ἀποδείκνυται
1263 557 1341 583 τοῦτο
1376 555 1455 588 εἶναι,
1486 557 1656 592 προακήκοεν
1690 557 1745 592 ἄρα
1777 556 1839 588 πῶς

1046 604 1160 639 ἤμελλεν
1185 605 1198 630 ὁ
1215 604 1310 639 μιαρὸς
1343 603 1444 638 Ἀχαάὄ
1466 604 1505 634 είς
1525 602 1640 638 πόλεμον
1656 602 1747 629 ἀπιὼν
1770 603 1837 630 ἀπο-

1048 649 1171 685 θνήσκειν
1181 658 1187 664 ·
1209 649 1273 675 αὐτὸ
1291 649 1345 684 γὰρ
1361 649 1460 684 ἠξίωσε
1474 649 1503 674 τὸ
1515 648 1611 683 ψεῦδος
1631 648 1692 675 ἀντὶ
1708 649 1760 683 τῆς
1773 649 1837 684 ἀλη-

1048 695 1122 727 θείας
1137 695 1286 727 ἐκϐάλλειν,
1302 695 1344 721 ἵνα
1356 695 1472 730 πολέμου
1485 695 1590 729 γένεσιν
1603 695 1778 731 αὑτουργὴτῃ
1790 696 1836 722 καὶ

1047 740 1187 776 διαφθείρῃ
1200 741 1245 766 τὸν
1264 740 1355 767 ἄδικον
1373 739 1495 774 αίσχίως.
1516 740 1595 766 Ὥστε
1614 740 1660 766 καὶ
1675 740 1719 766 διὰ
1735 740 1836 766 τούτων

1047 787 1236 813 ἀποδείκνυται
1253 786 1306 812 τῶν
1321 786 1418 822 ἔργων,
1443 786 1483 812 ὅτι
1508 785 1541 811 τὰ
1564 786 1636 812 κακά
1652 788 1708 817 τοῖς
1733 786 1835 818 ἀδίκοις

1012 822 1032 851 Β
1047 833 1232 868 ἐπιφερόμενα
1249 833 1460 869 προμεμάοηκεν
1483 833 1497 859 ὁ
1515 832 1647 866 διάϐολος,
1668 833 1762 867 ἐπειδὴ
1783 833 1834 859 τῶν

1047 878 1177 914 ἐχθίστων
1189 881 1203 906 ὀ
1214 879 1420 915 δραματουργὸς
1437 879 1518 910 αὐτός
1529 879 1602 906 ἐστιν
1613 879 1751 906 ἁπάντων.
1773 879 1834 906 Ἐπὶ

1048 923 1138 957 μέντοι
1150 923 1196 949 τοῦ
1209 923 1304 955 Σαοὺλ,
1318 924 1367 949 ὅσα
1384 922 1512 959 προσθεὶς
1524 923 1568 958 ἀφ’
1581 923 1676 950 ἑαυτοῦ
1691 923 1834 956 συνέζευξε

1046 971 1102 1001 τοῖς
1121 969 1166 995 τοῦ
1181 969 1306 1004 Σαμουὴλ
1326 969 1543 1005 ἀποφθέγμασιν,
1561 969 1590 995 ού
1608 970 1686 1004 μόνον
1701 968 1834 1003 ἐψεύσατο

1047 1015 1176 1046 πιθανῶς,
1198 1015 1265 1041 ἀλλά
1282 1015 1328 1041 καὶ
1347 1015 1556 1052 εϐλασφήμησεν
1573 1014 1688 1047 ἀσεϐῶς.
1713 1015 1832 1041 Ἐνθένδε

1047 1061 1128 1087 ποθὲν
1143 1061 1308 1096 διελέγχεται
1322 1063 1337 1096 ἡ
1353 1061 1446 1097 πρώτη
1469 1062 1623 1097 δυσφημία·
1642 1062 1752 1096 Πρῶτον
1773 1061 1832 1096 μὲν,

1046 1107 1086 1132 ὅτι
1102 1106 1170 1142 κατὰ
1181 1107 1305 1142 μίμησιν,
1316 1107 1353 1138 ὡς
1365 1108 1378 1133 ὁ
1389 1107 1490 1142 Κύριος
1502 1108 1553 1143 ἔφη
1565 1107 1603 1142 τῷ
1613 1107 1711 1144 λῃστῇ,
1727 1107 1757 1133 τὸ
1769 1107 1833 1143 κρά-

1045 1159 1090 1182 τος
1102 1151 1298 1186 ὁμολογήσαντι
1311 1152 1360 1187 τῆς
1374 1151 1509 1186 βασιλείας
1526 1152 1618 1184 αὑτοῦ,
1629 1152 1766 1187 Σήμερον
1775 1152 1832 1186 ἔσῃ

1043 1197 1107 1230 μετ’
1128 1197 1215 1231 ἐμοῦ,
1233 1198 1329 1232 λέγων,
1347 1198 1382 1224 ἐν
1407 1197 1447 1230 τῷ
1474 1199 1652 1232 παραδείσῳ,
1676 1200 1774 1225 ταυτὸν
1801 1198 1832 1233 δὴ

1046 1243 1123 1270 τοῦτο
1140 1244 1186 1270 καὶ
1200 1244 1237 1279 τῷ
1252 1243 1337 1270 Σαοὺλ
1352 1244 1557 1280 ὲκπληρώσαντι
1569 1246 1618 1277 τὰς
1635 1245 1768 1280 μαντικὰς
1783 1245 1831 1271 αύ-

1046 1290 1092 1315 τοῦ
1115 1290 1242 1324 μαντείας
1262 1289 1361 1326 ἔφησεν
1383 1291 1396 1316 ὁ
1411 1291 1569 1326 δολομήτης¹
1586 1290 1694 1324 Αὔριον
1714 1290 1770 1324 ἔσῃ
1790 1291 1831 1317 σὺ

1043 1335 1106 1369 μετ’
1133 1335 1215 1369 ἐμοῦ,
1241 1336 1290 1362 καὶ
1322 1335 1463 1364 Ἰωνάθαν
1483 1337 1499 1362 ὁ
1525 1337 1590 1369 υἱός
1606 1345 1674 1362 σου.
1702 1336 1832 1372 Δεύτερον

1048 1381 1168 1416 βούλεται
1187 1382 1322 1409 δεικνύναι
1340 1382 1383 1409 διὰ
1404 1383 1515 1415 τούτων,
1532 1383 1573 1409 ὅτι
1594 1383 1677 1418 μηδὲν
1695 1383 1709 1408 ὀ
1731 1383 1831 1416 δίκαιος

1046 1425 1137 1452 ἀδίκου
1161 1425 1293 1461 διαφέρει,
1316 1426 1364 1458 τὰς
1383 1426 1437 1453 τῶν
1459 1427 1577 1454 εὐσεϐῶν
1597 1427 1712 1462 ἐκκόψαι
1733 1429 1832 1463 προθυ-

1008 1491 1029 1518 C
1048 1471 1111 1506 μίας
1130 1471 1354 1507 ἐπιτεχνώμενος.
1377 1472 1470 1504 Οὐδεὶς
1485 1473 1572 1500 ἔοικεν
1592 1474 1709 1508 ἀγνοεῖν,
1725 1475 1766 1501 ὅτι
1781 1484 1832 1510 μη-

1047 1518 1126 1552 δεμία
1145 1518 1310 1553 συνυπάρχει
1329 1518 1457 1545 κοινωνία
1471 1518 1557 1554 πιστῷ
1579 1519 1646 1554 μετὰ
1667 1520 1795 1554 ἀπίστου,
1815 1521 1831 1558 ἢ

1046 1562 1078 1590 αὖ
1097 1564 1186 1596 πάλιν,
1209 1565 1281 1596 ὅπως
1303 1566 1316 1591 ὁ
1334 1564 1440 1600 πλούτῳ
1457 1567 1667 1602 κατατρυφήσας
1690 1567 1832 1604 ἀπλήστῳ,

1047 1609 1139 1644 πόρρω
1152 1610 1201 1645 τῆς
1221 1610 1345 1646 Λαζάρου
1361 1610 1467 1646 διαίτης
1482 1611 1628 1647 ἀπεκρίθη,
1645 1612 1734 1638 καίτοι
1751 1613 1832 1648 μηδὲν

1045 1656 1135 1690 ὅμοιον
1149 1654 1411 1691 ἐκείνῳ(5·)δράσας.
1421 1656 1488 1684 Ἀλλ’
1496 1653 1572 1688 οὗτος
1584 1657 1632 1692 μὲν
1640 1657 1715 1684 οὐδὲν
1723 1657 1834 1688 πώποτε

1047 1700 1180 1734 μετέδωκε
1198 1701 1235 1736 τῷ
1250 1701 1400 1737 πενομένῳ,
1414 1702 1444 1728 τὸ
1459 1696 1588 1737 παράπαν
1602 1703 1688 1734 οὐδὲν,
1703 1703 1765 1730 οὔτε
1782 1713 1833 1730 πε-

1046 1748 1240 1782 ριττευμὰτων,
1250 1747 1310 1773 οὔτε
1324 1747 1410 1783 ψιχῶν
1425 1749 1463 1779 εἰς
1476 1748 1605 1783 τοῦδαφος
1617 1750 1831 1785 ἐκριπτομιξνων⁹

1045 1793 1101 1819 ἀλλ’
1118 1793 1170 1819 οὐδ’
1188 1793 1340 1829 ἐλυμήνατο
1359 1794 1403 1820 τὸν
1419 1794 1503 1830 ἄνδρα
1518 1795 1643 1830 πληγαῖς,
1659 1796 1688 1822 οὗ
1707 1797 1833 1831 μάστιξιν

1044 1840 1219 1874 αἰκισάμενος
1240 1839 1331 1872 ἐδίωξε
1347 1840 1502 1875 περαιτέρω
1525 1849 1575 1867 που
1590 1841 1657 1876 γῆς·
1683 1842 1741 1868 ἀλλ’
1760 1843 1832 1874 ὅπως

1043 1884 1135 1919 ἐπειδὴ
1163 1884 1332 1919 μετήλλαξαν
1360 1885 1443 1919 ἄμφω
1472 1885 1637 1922 μετάραντες
1658 1887 1795 1920 ἐντεῦθεν,
1819 1889 1832 1914 ὀ

1044 1929 1092 1963 μὲν
1112 1929 1152 1960 εἰς
1174 1930 1289 1960 κόλπους
1308 1928 1385 1964 ἔληξε
1407 1928 1452 1955 τοῦ
1470 1929 1641 1965 προπάτορος
1668 1930 1802 1968 Ἀϐραὰμ,
1818 1931 1831 1956 ὁ

1042 1974 1070 2001 δὲ
1087 1976 1147 2006 ταῖς
1163 1975 1321 2010 ἀκοιμήτοις
1338 1975 1414 2009 ἐδόθη
1440 1975 1517 2010 φλοξὶ
1537 1975 1583 2003 τοῦ
1601 1977 1704 2012 πυρός·
1724 1977 1762 2008 ὡς
1785 1975 1831 2003 οὖν

1043 2020 1070 2046 ἐν
1087 2015 1126 2055 τῷ
1151 2020 1199 2056 ᾄδῃ
1225 2020 1434 2056 βασανιζόμενος
1450 2021 1592 2055 ἐφλέγετο,
1616 2021 1759 2057 πόρρωθεν
1783 2023 1830 2057 μὲν

1042 2066 1092 2101 ὁρᾷ
1112 2067 1157 2092 τὸν
1176 2066 1345 2102 προπάτορα,
1366 2066 1463 2101 θεωρεῖ
1481 2066 1508 2092 δὲ
1529 2067 1575 2093 καὶ
1594 2066 1638 2093 τὸν
1659 2067 1786 2103 Λάζαρον
1803 2068 1830 2093 ἐν

1043 2113 1098 2144 τοῖς
1115 2113 1225 2144 κόλποις
1241 2112 1323 2139 αὑτοῦ
1334 2121 1340 2126 ·
1357 2114 1388 2148 τῇ
1407 2113 1434 2139 δὲ
1451 2113 1481 2149 δὴ
1506 2114 1584 2147 φλογὶ
1600 2114 1770 2149 πυρούμενος
1786 2116 1831 2142 ἐκ-

208 2156 260 2183 bus
274 2155 344 2183 male
357 2160 470 2184 vexatus
484 2158 596 2193 supplex
612 2159 668 2186 luec
684 2160 765 2187 miser
773 2162 988 2189 exorabat.Cum

1045 2159 1135 2194 θύμως
1147 2159 1222 2195 ἠξίου
1239 2160 1283 2186 τὸν
1304 2159 1428 2195 Ἀϐραὰμ
1438 2161 1511 2191 ὅπως
1526 2160 1652 2198 ἐκπέμψῃ
1667 2161 1713 2188 τὸν
1727 2162 1830 2197 πένητα

207 2208 290 2235 porro
306 2202 464 2236 progenitor
480 2203 513 2230 ad
527 2205 665 2238 postulata
681 2206 876 2240 respondisset,
892 2215 989 2242 quem—

207 2245 272 2273 libet
297 2247 324 2272 in
340 2246 460 2281 qualibet
483 2252 561 2283 parte
584 2249 673 2284 justas
690 2251 826 2285 recepisse
850 2252 990 2279 mercedes

207 2291 311 2326 praemii
323 2292 393 2323 loco,
412 2297 478 2320 tunc
492 2295 623 2330 temporis
635 2295 757 2323 subdidit
772 2306 778 2323 :
793 2296 827 2322 Et
841 2297 868 2323 in
881 2297 919 2323 his
934 2306 991 2324 om-

207 2337 282 2364 nibus
297 2338 365 2365 inter
377 2346 424 2365 nos
444 2343 469 2366 et
493 2348 536 2366 ros
549 2340 628 2368 chaos
648 2350 772 2376 magnum
786 2343 922 2377 ﬁrmatum
940 2349 989 2377 est,

206 2388 236 2410 ut
259 2384 286 2411 Ιιὶ
303 2384 348 2419 qui
366 2384 453 2411 volunt
471 2385 530 2412 hinc
552 2387 666 2414 transire
681 2387 715 2414 ad
737 2396 781 2415 vos
802 2396 854 2415 non
876 2390 988 2423 possint,

207 2437 287 2465 neque
299 2429 358 2457 inde
372 2430 407 2457 ad
427 2439 474 2458 nos
495 2436 656 2460 transmeare
667 2433 699 2459 ".
714 2433 742 2460 Si
757 2433 849 2468 itaque
863 2441 989 2468 magnum

207 2475 290 2502 chaos
306 2480 348 2503 est
359 2476 432 2511 quod
446 2477 537 2511 justos
548 2478 582 2504 ab
592 2478 702 2513 injustis
716 2478 893 2514 sejungit,ita
906 2481 988 2516 utqui

207 2519 262 2547 illic
279 2525 343 2547 sunt
356 2529 411 2548 non
427 2522 533 2556 possint
544 2523 597 2550 huc
620 2524 770 2556 transvehi,
788 2532 877 2559 neque
886 2526 932 2559 qui
944 2526 988 2552 hic

206 2571 411 2594 commorantur
425 2567 489 2594 illuc
505 2567 603 2595 adduci
615 2577 621 2602 ;
635 2572 708 2603 patet
723 2569 866 2597 manifeste
879 2569 986 2598 Saulem

207 2610 253 2644 qui
268 2611 387 2646 injustus
401 2616 470 2645 erat,
485 2621 539 2640 una
560 2621 622 2640 cum
637 2614 767 2649 propheta
791 2614 915 2644 Samuele
933 2624 986 2644 non

207 2656 313 2692 degere.
324 2657 390 2685 Nam
407 2658 430 2686 si
450 2659 527 2686 dives
547 2663 574 2686 et
589 2667 693 2696 pauper
706 2669 761 2688 non
773 2666 888 2696 possunt
905 2663 986 2691 simul

244 2713 266 2729 "
288 2713 352 2741 Luc.
377 2722 457 2746 mu,
474 2715 518 2743 45.
555 2717 577 2732 ⁸⁸
594 2716 609 2744 1
627 2719 688 2753 Heg.
707 2727 804 2751 xxvm,
826 2720 870 2748 l9.
909 2721 932 2736 ⁴³
952 2720 991 2747 Lu

1045 2729 1092 2752 lVl,
1122 2719 1155 2747 19
1170 2727 1229 2754 sqq.
1269 2719 1292 2735 ⁸⁸
1314 2719 1379 2748 ibid.
1394 2720 1439 2748 ‘25.

241 2758 292 2800 (ὅς)
311 2760 441 2800 ’βκεείτῖοξ
455 2760 563 2790 Scilicet
573 2762 744 2800 up‘émcnp;
761 2767 803 2793 sin
814 2770 903 2793 autem
919 2767 988 2794 rere.

205 2789 251 2820 ras
267 2789 571 2831 tiatuplad'Lazarum,
592 2789 660 2827 ferte
683 2789 986 2835 tige’na'ihi'iliiiﬁio

1042 2206 1109 2240 πρὸς
1127 2206 1219 2232 αὐτόν·
1243 2206 1326 2232 ἐδεῖτο
1347 2206 1400 2242 γὰρ
1424 2207 1457 2232 ἶν’
1482 2207 1645 2242 ἀφικόμενος
1661 2208 1675 2233 ὁ
1691 2208 1828 2243 Λάζαρος,

1040 2251 1071 2276 τὺ
1088 2251 1137 2286 μὲν
1153 2252 1235 2286 ἄκρον
1252 2251 1328 2278 ὕδατι
1339 2251 1411 2288 βάψῃ
1423 2251 1468 2278 τοῦ
1479 2252 1621 2284 δακτύλου,
1641 2252 1786 2289 καταψύξῃ
1801 2252 1829 2278 δὲ

1041 2295 1090 2331 τὴν
1106 2296 1226 2330 γλῶτταν
1233 2296 1324 2327 αὐτοῦ,
1335 2297 1434 2328 νοτίδος
1448 2297 1658 2332 ἐπαρησάμενος
1751 2297 1830 2332 ἰκμά-

1041 2342 1082 2368 δα·
1099 2342 1260 2377 πυροφόροις
1280 2339 1326 2368 οὗν
1345 2342 1525 2377 ἀλγυνόμενος
1543 2342 1658 2373 ὀδύναις,
1677 2343 1828 2377 ὲπρέσῦευε

1042 2388 1153 2414 τοιαῦτα
1171 2388 1229 2422 μεθ’
1247 2388 1364 2420 ἱκετείας
1377 2391 1391 2415 ὁ
1405 2389 1498 2420 τάλας.
1519 2389 1625 2424 Ἐπειδὴ
1638 2389 1666 2415 δὲ
1680 2389 1750 2424 πρὸς
1766 2389 1828 2422 ἔπος

1042 2436 1258 2470 ἀποκρινάμενος
1273 2437 1287 2461 ὁ
1304 2436 1462 2470 προπάτωρ,
1479 2435 1593 2462 ἕκαστον
1609 2436 1638 2461 ἐν
1654 2435 1763 2470 ἑκάστῳ
1783 2435 1829 2470 μέ-

1043 2490 1083 2516 ρει
1100 2481 1148 2512 τὰς
1167 2481 1243 2514 ἀξίας
1258 2480 1365 2515 ἔφαινεν
1379 2481 1494 2516 ἀμοιϐὰς
1516 2481 1632 2507 ἐπάθλου
1656 2482 1738 2517 χάριν
1758 2481 1829 2516 εἱλη-

1042 2528 1131 2562 φέναι,
1156 2526 1305 2562 τηνικαῦτα
1330 2526 1458 2562 προσθεὶς
1479 2527 1682 2561 ἐπεφθέγξατο·
1702 2528 1756 2553 Καὶ
1780 2527 1825 2553 ἐπὶ

1041 2573 1115 2600 πᾶσι
1127 2574 1243 2605 τούτοις
1253 2572 1366 2606 μεταξὺ
1383 2571 1466 2607 ὑμῶν
1483 2572 1532 2599 καὶ
1547 2573 1630 2607 ἡμῶν
1646 2572 1761 2607 χάσμα,
1776 2581 1827 2608 φη-

1042 2620 1092 2651 σὶν,
1106 2618 1276 2652 ἐστήρικται
1290 2618 1375 2653 μέγα,
1395 2618 1474 2651 ὅπως
1488 2620 1513 2645 οἱ
1528 2618 1667 2651 θέλοντες
1686 2618 1826 2653 διαϐῆναι

1040 2663 1127 2690 ἔνθεν
1149 2663 1223 2697 πρὸς
1240 2663 1317 2698 ὑμᾶς
1332 2663 1374 2698 μὴ
1393 2663 1548 2695 δύνωνται,
1567 2663 1644 2698 μηδὲ
1665 2665 1693 2691 ol
1709 2663 1826 2691 ἐκεῖθεν

1481 2720 1504 2736 ⁸⁷
1519 2721 1582 2748 ibid.
1599 2720 1643 2748 26.

1039 2768 1139 2803 ὅμοιον.
1157 2766 1236 2803 Eprr.

1075 2803 1136 2835 (5")
1155 2801 1412 2837 Ἐπαςρησὰμενοςη
1426 2801 1733 2840 Εοτιθιπαφυσάμενος.
1744 2803 1823 2831 Eutr.
