1909 3071
57 113 114 142 645

512 115 555 143 DE
573 114 867 144 ENGASTRIMYTHO
885 113 1023 143 CONTRA
1043 113 1231 141 ORIGENEM.

1634 115 1686 142 6m

60 172 137 206 πρὸς
157 173 241 207 ἡμᾶς
262 172 453 207 διαπερῶσιν.
478 173 509 200 Εἰ
531 173 620 200 τοίνυν
639 173 698 199 ἐστὶ
720 172 857 208 χάσματος

910 179 978 203 esse,
995 171 1070 198 nulla
1093 169 1155 197 licet
1170 177 1313 204 pauperem
1338 170 1436 205 injuria
1448 170 1584 203 aﬂ‘ecerit,
1600 179 1689 206 neque

63 218 137 244 εἰδέα
151 217 312 253 διείργουσα
335 218 436 254 μεταξὺ
450 218 561 245 δικαίων
575 218 615 253 ἡδ’
629 218 740 250 ἀδίκων,
762 218 800 249 ὡς
823 217 859 253 μὴ

63 263 195 291 δύνασθαι
222 265 288 295 τοὺς
314 264 389 291 ἐνθεν
417 265 504 290 ἐκεῖσε
532 263 764 299 διαπορθμεῦσαι,
792 265 859 299 μήτε

910 217 1039 252 abegerit,
1055 212 1161 243 tantum
1185 222 1238 242 non
1259 216 1297 242 illi
1312 221 1435 251 prompte
1452 225 1511 252 qua:
1531 217 1590 253 ipse
1605 217 1690 245 habe—

908 262 955 289 bat
968 271 999 290 ex
1016 265 1092 297 parte
1109 262 1262 290 distributis
1275 272 1281 290 :
1292 266 1394 298 quanto
1406 263 1492 298 magis
1510 264 1643 292 scelestus
1658 271 1688 291 ac

65 309 148 344 δεῦρο
158 310 221 341 τοὺς
235 309 341 336 ἐκεῖθεν
352 309 509 343 ἀφικέσθαν
525 309 688 344 συνέστηκεν
701 310 737 340 ὼς
749 309 763 334 ὁ
774 308 860 336 Σαοὺλ

910 313 1055 336 contumax
1069 309 1150 336 homo
1165 308 1293 344 indignus
1312 313 1363 340 est,
1379 309 1426 344 qui
1442 314 1597 338 sanctorum
1612 317 1688 338 com-

67 355 160 386 ἄδικος
175 355 214 381 ὢν
231 355 282 382 οὐκ
303 355 360 382 ἐστι
381 355 449 390 μετὰ
460 354 508 381 τοῦ
527 355 667 390 προφήτου
687 354 820 390 Σαμουήλ-
835 354 858 380 εί

909 354 1065 381 munionem
1078 354 1239 388 participet?

67 403 123 439 γὰρ
138 404 152 430 ὁ
166 403 295 436 πλούσιος
310 404 340 430 οὐ
358 403 469 430 δύναται
492 402 560 438 μετὰ
576 402 623 429 τοῦ
641 402 755 438 πένητος
776 400 856 434 εἶναι,
872 401 919 428 καὶ
934 401 1018 427 ταῦτα
1033 402 1115 436 μηδὲν
1133 401 1263 436 ἀδικήσας
1289 400 1355 436 μηδὲ
1385 401 1481 434 διώξας
1509 402 1599 434 αὐτὸν,
1622 401 1689 429 ἀλλὰ

69 450 107 484 μὴ
123 450 256 484 μεταδοὺς
275 450 351 485 αὐτῷ
368 451 518 486 προχείρως
536 449 565 482 ἐξ
586 448 624 477 ὧν
642 449 708 485 εἶχε,
728 449 802 485 πόσῳ
821 448 853 483 δὴ
865 448 963 482 μᾶλλον
983 449 996 474 ὁ
1026 447 1145 482 σχέτλιος
1159 448 1229 483 ἀνὴρ
1246 446 1354 480 ἀνάξιός
1371 449 1429 474 ἐστι
1450 447 1500 483 τῆς
1525 448 1577 474 τῶν
1605 447 1690 481 ἁγίων

68 495 222 523 ἀπολαῦσαι
243 497 384 528 κοινωνίας
392 505 398 529 ;

104 539 165 567 XV.
188 540 257 566 Ἀλλ’
274 541 304 566 οὐ
328 540 479 577 διανοητέον
492 542 566 574 ὅπως
585 540 697 576 αἰσχροῦ
714 539 762 575 μὲν
774 539 856 566 ’ἑνεκα

68 586 183 622 κέρδους
192 587 283 614 ἀθετεῖ
289 587 319 614 τὺ
328 587 400 614 θεῖον
411 587 559 622 ἐπίταγμα,
576 588 682 628 δαίμονι
698 588 727 615 δὲ
742 586 856 622 πληγεὶς

68 633 199 664 ἀνιάτως,
216 633 356 660 ἐλαύνεται
373 634 506 670 βασκανίᾳ
521 634 627 661 διώκειν
640 633 685 660 τὸν
701 632 855 668 ἁγιοπρεπῆ

69 678 151 705 Δαυῒδ
166 679 255 705 οὐδενὶ
276 679 370 714 κόσμῳ
383 680 522 715 πρέποντι,
538 679 625 707 καίτοι
638 678 781 714 ψαλμῳδίᾳ
792 687 856 713 προ-

69 725 172 760 φητικῇ
199 724 249 758 τὴν
272 724 420 759 ἀγριότητα
438 724 484 751 τοῦ
502 724 712 760 ὲκϐακχεύοντος
733 724 762 749 ὲν
781 721 855 757 αὐτῷ

68 770 195 806 δαίμονος
210 770 362 806 ἡμεροῦντα
372 779 378 786 ·
392 771 454 802 τοὺς
466 772 548 806 ἱερεῖς
559 770 724 805 ἀποσφάττει
737 768 782 795 τοῦ
798 769 854 794 Κυ-

70 816 127 852 ρίου
157 816 330 852 τριακοσίους
356 816 435 848 ὄντας
453 816 521 852 πρὸς
546 818 603 848 τοῖς
624 816 791 850 πεντήκοντα
810 814 855 840 τὸν

68 863 186 898 ἀριθμόν
198 871 204 877 ·
223 863 365 898 ἀφίσταται
377 864 424 890 τοῦ
441 863 507 890 Θεοῦ
532 863 727 899 μαντευόμενος
740 861 854 893 ἀσεϐῶς.
872 877 892 904 Β

68 909 100 936 El
114 909 144 935 δὲ
161 909 247 936 ταῦτα
261 909 307 935 καὶ
321 910 356 936 τὰ
370 909 474 942 τούτοις
490 909 592 943 ἀδελφὰ
611 909 783 945 διεπράξατο,
797 907 855 938 πῶς

68 952 122 981 οἷόν
145 964 176 981 τε
203 954 334 989 νομίζειν,
352 956 391 981 ὅτι
413 955 480 990 μετὰ
494 955 539 981 τοῦ
564 954 768 990 θαυματουργοῦ
793 962 857 980 κατ-

69 1001 148 1036 ἐληξε
165 1001 300 1036 Σαμουὴλ,
309 1001 338 1033 ὃς
354 1002 382 1027 ἐν
396 1001 456 1036 ὥρᾳ
466 1000 560 1036 θέρους
576 1000 652 1027 ὑετὸν
668 999 766 1035 ἠξίωσε
783 1000 857 1033 γενέ-

70 1048 143 1078 σθαι,
153 1047 201 1074 καὶ
215 1048 279 1082 παρ’
292 1046 366 1082 αὑτῷ
382 1047 454 1081 (5⁵⁸⁸)
466 1046 666 1080 κατεσκεδάσθη
676 1045 775 1081 πλῆθος
790 1045 857 1080 ἁμέ-

66 1101 169 1128 τρτιτον
186 1093 308 1125 ὑδάτων;
325 1093 357 1119 Εἰ
370 1093 398 1119 δὲ
410 1093 460 1118 οὐκ
483 1092 555 1118 ἔστιν
585 1093 682 1124 εἰπεῖν,
708 1092 748 1118 ὃτι
771 1091 857 1118 Σαούλ

67 1139 127 1164 ἐστι
147 1139 204 1173 μετ’
221 1137 303 1164 αὑτοῦ
321 1137 359 1173 (6)
381 1138 516 1172 Σαμουὴλ,
536 1137 666 1172 ἐψεύσατο
685 1137 733 1172 μὲν
746 1137 856 1171 ὁλέγων

70 1185 145 1220 αὐτῷ
155 1193 162 1199 ·
178 1184 288 1218 Αὔριον
301 1185 357 1218 ἔσῃ
373 1185 412 1210 σὺ
422 1185 485 1218 μετ’
497 1184 578 1217 ἐμοῦ.
592 1183 741 1219 Τοιγαροῦν
758 1185 782 1210 εἰ
793 1184 857 1218 ψεύ-

72 1239 139 1265 στης
155 1231 169 1256 ὁ
184 1230 269 1256 ταῦτα
294 1230 412 1265 εἰρηκὼς
440 1230 567 1265 ὑπάρχει.
593 1229 735 1265 πρόδηλον,
752 1230 790 1261 ὡς
808 1230 857 1256 οὐκ

70 1276 144 1303 ἔστιν
159 1276 174 1301 ὸ
194 1276 319 1311 Σαμουὴλ
336 1274 428 1308 οὗτος·
447 1277 476 1302 οὔ
503 1276 556 1311 γὰρ
581 1275 613 1302 ἂν
632 1276 718 1307 οὕτως
736 1276 857 1311 ἀχρόνως

69 1322 84 1348 ό
99 1321 148 1348 τοῦ
164 1321 265 1356 Κυρίου
286 1321 414 1356 ψεύσαιτο
430 1322 588 1357 προφήτης·
605 1321 674 1348 ὥστε
691 1322 803 1348 τοιαῦτα
817 1321 856 1356 (7)

70 1366 131 1402 δίχα
146 1367 313 1401 πτισσόμενα
324 1368 442 1402 ῥήματα,
459 1367 559 1402 γυμνὸν
576 1366 796 1393 ὑποδεικνύειτὸν
811 1375 859 1392 πο-

71 1412 250 1448 λυπρόσωπον
281 1412 412 1439 ἐνδοτάτω
445 1413 515 1447 θῆρα
545 1412 740 1448 κρυπτόμενον.
774 1411 858 1443 Αὐτὸς

71 1457 135 1490 γοῦν
151 1458 224 1483 ἐστιν
241 1458 255 1483 ὁ
275 1457 452 1488 κατασπάσας
478 1458 517 1488 εἰς
537 1456 567 1482 τὸ
584 1455 630 1482 τοῦ
651 1456 788 1491 ταρτάρου
810 1456 858 1490 χὰ-

73 1511 127 1538 σμα
151 1503 199 1529 καὶ
223 1502 268 1530 τὸν
298 1503 407 1538 ἐμμανῆ
437 1502 537 1529 Σαούλ·
566 1502 625 1528 ὅθεν
653 1502 758 1533 οἰκείως
785 1501 858 1536 αὐτῷ

944 533 1003 560 XV.
1024 532 1078 560 Sed
1103 533 1215 560 minime
1243 533 1414 569 cogitandum
1437 539 1479 562 est
1504 535 1612 564 infamis
1627 545 1688 565 eum

909 579 977 606 iucri
993 587 1075 606 causa
1091 583 1253 613 praeceptum
1269 580 1385 608 violasse
1407 581 1528 608 divinum
1542 582 1566 598 "
1582 592 1588 609 :
1607 591 1622 610 a
1636 583 1690 611 da:-

910 633 990 652 mone
1004 633 1068 652 vero
1083 625 1227 653 insanabili
1245 625 1336 653 furore
1356 627 1474 661 percitus
1486 647 1493 659 ,
1513 627 1612 655 invidia
1627 637 1690 657 san-

908 672 1079 702 ctissimum,
1105 672 1179 698 nullo
1202 671 1310 699 decoris
1335 676 1416 707 atque
1435 672 1542 701 honesti
1566 680 1690 710 respectu

909 715 1017 748 habito,
1034 722 1193 751 persecutus
1216 721 1258 743 est
1284 715 1368 744 David
1396 717 1429 749 ⁸³,
1458 719 1504 753 qui
1526 721 1690 754 propheticis

908 761 1077 788 Psalmorum
1099 762 1277 789 concentibus
1297 762 1464 790 ferocitatem
1488 765 1514 791 in
1533 765 1580 793 illo
1593 767 1691 794 debac—

909 807 1017 834 chantis
1038 807 1168 835 dzemonis
1192 808 1369 836 demulcebat.
1399 808 1559 838 Sacerdotes
1584 811 1690 839 Domini

910 857 1044 881 trecentos
1061 858 1087 881 et
1107 854 1303 889 quinquaginta
1328 862 1441 882 numero
1463 857 1600 885 occisione
1619 858 1692 885 occi-

907 899 946 926 dit
962 900 984 914 δι’
1001 892 1118 926 :defecit
1133 907 1148 926 a
1170 899 1239 932 Deo,
1253 899 1459 928 vaticinationes
1471 908 1502 927 ac
1518 905 1606 928 vatum
1621 910 1691 938 pra:-

907 945 982 979 sagia
997 945 1079 979 impie
1096 953 1255 980 exposcens.
1275 945 1337 972 Haec
1355 949 1382 973 et
1400 946 1443 974 his
1459 946 1556 974 similia
1579 948 1602 974 si
1624 956 1691 976 con-

907 991 987 1023 fecit,
1002 999 1054 1026 qua
1070 992 1175 1018 ratione
1192 992 1302 1019 credere
1317 999 1462 1026 possumus
1477 1001 1538 1020 eum
1554 994 1691 1028 quievisse

908 1045 962 1066 una
979 1046 1039 1065 cum
1055 1038 1247 1064 miraculorum
1264 1038 1390 1066 etfectore
1406 1038 1531 1067 Samuele
1543 1059 1550 1071 ,
1568 1041 1614 1074 qui
1634 1049 1691 1068 ma-

907 1085 980 1111 ximo
994 1085 1020 1111 in
1031 1088 1097 1111 mstn
1113 1084 1211 1111 nubem
1223 1085 1375 1119 impetravit
1389 1086 1423 1117 “,
1436 1085 1503 1112 adeo
1518 1090 1546 1112 ut
1561 1086 1690 1114 immensa

907 1137 1038 1165 aquarum
1054 1131 1131 1165 copia
1157 1131 1228 1157 circa
1245 1130 1333 1166 ipsum
1353 1131 1498 1158 exundarit
1518 1132 1529 1158 ?
1549 1132 1646 1159 Verum
1668 1134 1690 1159 si

908 1176 1084 1204 asserendum
1102 1184 1154 1202 non
1171 1180 1213 1203 est
1226 1176 1334 1203 Saulem
1353 1184 1414 1203 cum
1433 1177 1557 1204 Samuele
1575 1178 1671 1213 degere
1683 1198 1690 1208 .

908 1221 1018 1248 omnino
1040 1222 1168 1248 mentitus
1194 1226 1235 1249 est
1260 1222 1306 1256 qui
1327 1222 1364 1248 illi
1387 1222 1453 1248 dixit
1477 1230 1486 1249 :
1509 1222 1575 1250 Cras
1595 1224 1645 1250 eris
1663 1230 1691 1250 ιιι

909 1276 1007 1295 mecum
1032 1268 1065 1295 δ’.
1089 1266 1173 1301 Igitur
1197 1268 1219 1294 si
1242 1268 1287 1302 qui
1310 1268 1366 1294 hazc
1387 1268 1484 1295 elfatur
1499 1269 1612 1296 mendax
1632 1273 1689 1299 est.

908 1313 1092 1344 manifestum,
1107 1313 1177 1339 hunc
1192 1312 1344 1339 Samuelem
1356 1320 1410 1340 non
1422 1321 1499 1345 esse;
1518 1322 1604 1348 neque
1618 1314 1690 1341 enim

909 1360 947 1387 sie
957 1360 1029 1386 circa
1042 1363 1161 1394 tempora
1172 1359 1302 1394 propheta
1316 1359 1422 1386 Domini
1434 1360 1564 1387 mentitus
1576 1359 1690 1388 fuisset:

908 1407 945 1433 ita
960 1411 990 1433 ut
1009 1414 1040 1433 ex
1058 1406 1100 1434 his
1119 1406 1158 1433 sic
1172 1406 1303 1440 expositis
1325 1406 1499 1433 multiformis
1514 1406 1585 1433 intra
1603 1406 1690 1441 ipsum

908 1454 1008 1487 degens
1021 1453 1109 1480 bellua
1122 1456 1258 1486 appareat.
1272 1451 1320 1479 Hic
1327 1460 1391 1487 ergo
1401 1456 1452 1484 est,
1463 1453 1508 1487 qui
1522 1456 1548 1479 et
1559 1453 1690 1480 furiosum

910 1498 1018 1526 Saulem
1036 1499 1063 1525 in
1084 1499 1191 1525 Tartari
1206 1497 1299 1526 fauces
1324 1498 1449 1526 detrusit.
1473 1499 1562 1531 Quare
1577 1506 1632 1526 non
1651 1499 1692 1526 in-

72 1548 290 1584 προσεφθέγγετο
310 1550 458 1585 κρατήσας·
475 1548 584 1582 Αὔριον
599 1548 638 1574 σὺ
655 1548 704 1574 καὶ
721 1547 858 1574 Ἰωνάθαν

910 1553 1028 1580 congrue
1038 1545 1083 1572 illo
1094 1545 1145 1572 sibi
1155 1545 1308 1580 mancipata
1321 1544 1420 1572 fatetur
1430 1553 1438 1572 :
1447 1543 1513 1571 Cras
1520 1545 1571 1571 eris
1581 1552 1690 1576 mecum,

70 1597 88 1621 ό
103 1595 170 1626 vide
190 1603 248 1622 σου
261 1596 324 1629 μετ’
337 1595 420 1629 ἐμοῦ.
437 1595 522 1628 Διττῷ
538 1595 566 1621 δὲ
576 1595 707 1630 συστῆσαι
722 1592 857 1629 προσώπῳ

72 1641 251 1678 πειρώμενος,
262 1642 299 1673 ὡς
309 1641 434 1668 οὐδέποτε
443 1641 546 1673 δίκαιος
559 1641 651 1668 ἀδίκου
663 1640 795 1674 διαφέρει,
812 1640 858 1667 καὶ

70 1687 115 1714 τὸν
139 1687 265 1714 Ὶωνάοαν
276 1687 332 1722 ἃμα
346 1687 384 1722 τῷ
401 1687 483 1722 πατρὶ
494 1687 539 1713 τὸν
556 1687 636 1713 αὐτὸν
650 1686 745 1721 ἐκείνῳ
759 1686 857 1721 κλῆρον

70 1732 272 1766 ἀπενέγκασθαι
296 1732 492 1768 συνωμολόγει,
509 1732 596 1758 καίτοι
613 1732 649 1767 μὴ
669 1731 858 1766 συνενεχθέντα

71 1777 103 1810 τῇ
127 1775 222 1802 τούτου
244 1775 375 1811 ὠμότητι.
399 1777 446 1808 Τίς
465 1777 493 1803 δὲ
513 1776 566 1802 τῶν
582 1776 665 1802 ὄντων
684 1776 857 1811 ὑποκρίνεται

73 1821 109 1856 μὴ
136 1823 216 1854 νοεῖν,
244 1822 284 1848 ὃτι
310 1822 442 1857 κράτιστα
471 1821 571 1856 βιώσας
600 1823 613 1848 ὁ
639 1821 684 1848 τοῦ
718 1822 857 1857 προφήτου

70 1867 152 1893 Δαυῖδ
171 1867 298 1902 ἐραστὴς,
329 1867 395 1894 ἀλλὰ
424 1869 459 1903 μὴ
472 1868 564 1901 διῶξαι
582 1868 683 1894 δίκαιον
704 1867 801 1898 ἀδίκως
816 1867 858 1901 ἐγ-

71 1913 205 1949 χειρίσας,
219 1914 249 1940 οὐ
264 1914 312 1949 τὴν
320 1914 403 1949 αὐτὴν
415 1914 573 1949 ἐπιφέρεται
630 1912 809 1949 ἀποφέρεται]
819 1913 857 1948 τῷ

70 1958 194 1991 διώξαντι
208 1959 438 1995 μισθοφορίανςοὺ
447 1959 500 1995 γὰρ
513 1959 697 1991 ἀποθανεῖται,
711 1959 741 1985 τὸ
749 1959 857 1994 ξύμπαν

70 2006 174 2037 εἰπεῖν,
197 2006 253 2037 υἱὸς
272 2005 342 2041 ὑπὲρ
357 2005 449 2032 ἀδίκου
471 2006 582 2041 πατρός.
606 2005 684 2032 Ἀλλὰ
708 2005 759 2041 μὴν
784 2005 858 2040 ἐλέγ-

70 2050 147 2086 χεται
171 2058 203 2084 γε
237 2050 283 2076 καὶ
302 2050 344 2076 διὰ
364 2049 438 2076 τοῦδε
460 2049 506 2076 τοῦ
528 2049 684 2085 μηνύματος
708 2049 721 2075 ὁ
746 2049 858 2085 ψευδορ-

73 2096 167 2130 ράφος.

109 2142 176 2169 XVI.
201 2142 401 2178 Ἀπαραλήπτῳ
482 2141 688 2178 ἀπαραλείπτῳ)
708 2141 735 2167 δὲ
756 2141 858 2174 τάξεως

72 2189 226 2224 ἀκολουθίᾳ,
244 2189 371 2224 προσθεὶς
390 2188 489 2223 ἔφησεν
506 2188 520 2213 ὀ
536 2188 719 2223 συγγραφεὺς,
736 2187 787 2219 ὅτι,
803 2188 855 2214 Καὶ

70 2223 209 2261 ἔσπευσε
219 2235 328 2266 Σαοὺλ,
344 2234 393 2261 καὶ
407 2234 517 2260 ἔπεσεν
524 2233 658 2267 ἑστηκὼς
665 2233 777 2267 ἐπὶτὴν
787 2233 853 2268 γῆν,
873 2223 894 2250 D

70 2281 120 2308 καὶ
135 2280 266 2316 ἐφοϐήθη
278 2281 404 2315 σφόδρα,
421 2280 516 2314 λέγων,
534 2279 592 2307 ἀπὸ
611 2280 669 2306 τῶν
684 2280 782 2314 λόγων
798 2281 853 2307 Σα-

68 2326 179 2362 μουήλ·
197 2327 316 2358 ἐκείνους
333 2327 386 2362 γὰρ
394 2325 447 2353 οἶδε
460 2326 506 2352 τοῦ
520 2324 645 2360 Σαμουὴλ
656 2322 725 2351 εἶναι
735 2326 796 2356 τοὺς
807 2325 851 2351 λό-

72 2382 146 2408 γους,
157 2372 205 2404 οὓς
220 2373 405 2408 προεφήτευσε
419 2373 467 2407 μὲν
479 2372 552 2406 αὐτῷ
568 2371 674 2406 σώματι
689 2371 735 2397 καὶ
749 2370 855 2406 γλώττῃ

72 2419 176 2455 παρών·
186 2419 217 2445 τὸ
229 2419 256 2445 δὲ
270 2419 363 2454 φάσμα
374 2418 483 2449 τούτους
499 2417 670 2450 ἀνεξελέξατο
683 2417 755 2448 τοὺς.
773 2436 780 2442 .
798 2436 805 2443 .
822 2437 829 2443 .
848 2437 853 2442 .

71 2466 117 2493 καὶ
147 2464 302 2501 προῦφερεν
327 2465 364 2496 ὡς
382 2464 479 2495 ἰδίους·
498 2461 534 2490 ὧν
551 2464 564 2489 ὁ
580 2463 712 2498 δυνάστης
733 2463 854 2496 ὑπομνη-

72 2511 155 2543 σθεὶς,
187 2511 235 2537 καὶ
250 2510 284 2536 τὰ
314 2509 360 2536 τοῦ
389 2509 507 2544 πολέμου
522 2509 641 2544 σύμϐολα
663 2507 771 2544 θεωρῶν
783 2507 855 2534 ἅντι-

72 2566 139 2594 κρυς
157 2556 298 2592 ἱδρυμένα,
322 2555 447 2591 περιδεὴς
462 2556 592 2589 ἐγεγόνει,
614 2554 644 2581 τὸ
660 2554 744 2589 πέρας
765 2553 854 2580 αὐτῶν

70 2602 179 2630 ἐννοῶν.
205 2601 275 2628 Ἀλλ’
304 2602 443 2636 Ὡριγένης
473 2600 561 2635 ἐαυτῷ
581 2600 703 2635 δόγματα
721 2599 854 2629 πλάττων,

57 2649 158 2680 εἰδὼς,
184 2650 225 2676 ὅτι
252 2648 371 2674 πλεῖστοι
395 2647 443 2682 μὲν
465 2648 520 2673 ὅσοι
542 2646 717 2681 τυγχάνουσιν
733 2647 756 2672 οἱ
770 2645 854 2672 ταῦτα

104 2707 128 2723 ⁸⁸
148 2706 164 2733 1
186 2706 249 2741 Reg.
264 2715 311 2738 xv,
325 2706 352 2733 9.
368 2706 389 2722 ’⁸⁵
406 2705 420 2732 1
448 2705 511 2740 Reg.
534 2712 591 2737 xu,
608 2704 634 2731 9.

73 2742 96 2759 ³³
112 2742 179 2768 ibid.
195 2742 241 2769 ΞΟ.

107 2788 182 2822 (5η.)
202 2788 274 2821 Πίῳ*
287 2786 375 2820 αὐτῷ.
388 2786 468 2813 Forte
483 2785 547 2819 παρ’
556 2783 631 2816 αὐτό,
644 2783 686 2811 vel
698 2782 761 2817 παρ’
772 2781 848 2808 αυτά,

71 2824 152 2897 Enati?
162 2859 231 2887 Μετ’
244 2857 347 2885 αὑτοῦ.
361 2855 440 2884 Forte
453 2855 521 2892 μετὰ
528 2854 586 2881 τοῦ.

678 2703 700 2719 ⁸ο
719 2702 738 2729 1·
750 2702 812 2737 Reg.
846 2708 913 2732 XXII,
937 2699 980 2726 18.

909 1597 935 1618 ιιι
949 1597 973 1618 et
991 1591 1061 1626 ﬁlius
1077 1597 1136 1617 tuus
1156 1590 1300 1617 Jonathan.
1319 1590 1422 1624 Duplici
1443 1597 1558 1625 persona
1573 1597 1692 1617 comme-

907 1642 1012 1665 morata
1039 1638 1199 1664 confirmare
1229 1637 1334 1668 nititur,
1363 1644 1501 1671 nunquam
1529 1636 1634 1670 justum
1657 1637 1691 1663 ab

908 1684 1009 1718 injusto
1034 1683 1156 1716 differre;
1183 1683 1317 1710 Jonathan
1350 1690 1411 1709 cum
1439 1686 1515 1717 patre
1544 1690 1629 1710 unum
1661 1687 1689 1710 et

906 1729 1031 1757 eumdem
1046 1729 1125 1756 finem
1137 1733 1163 1756 et
1177 1733 1276 1755 sortem
1290 1727 1455 1758 habiturum,
1468 1727 1530 1754 licet
1543 1728 1615 1755 illius
1628 1735 1690 1755 cru-

908 1775 1010 1802 delitati
1034 1775 1145 1802 minime
1169 1774 1356 1803 consenserit.
1373 1773 1519 1803 fatebatur,
1537 1773 1603 1806 Quis
1625 1781 1690 1801 vero

909 1820 1062 1847 mortalium
1078 1828 1107 1848 se
1118 1828 1171 1847 non
1185 1827 1282 1854 capere
1296 1818 1445 1852 simulabit,
1455 1826 1515 1846 eum
1531 1819 1576 1854 qui
1589 1819 1690 1854 optime

907 1866 1021 1898 vixerit,
1037 1866 1176 1901 propheta:
1194 1864 1277 1892 David
1292 1869 1456 1895 amatorem,
1479 1867 1506 1891 et
1521 1865 1567 1899 qui
1587 1871 1690 1899 nequa-

908 1919 988 1945 quam
1003 1912 1107 1946 justum
1123 1912 1223 1946 injuste
1241 1910 1365 1946 persequi
1382 1918 1465 1938 ausus
1486 1910 1599 1942 fuisset,
1615 1917 1689 1938 eam-

908 1957 968 1985 dem
990 1966 1051 1985 eum
1078 1962 1251 1993 persecutore
1271 1957 1421 1985 mercedem
1450 1956 1593 1991 accipere?
1614 1955 1689 1983 Nun-

908 2012 988 2039 quam
1004 2004 1092 2036 enim,
1111 2009 1140 2031 ut
1156 2004 1238 2031 verbo
1254 2004 1390 2038 expleam,
1415 2010 1464 2038 pro
1489 2002 1591 2036 injusto
1613 2005 1689 2036 patre

908 2055 1023 2078 mortem
1050 2050 1134 2078 obibit
1163 2050 1243 2077 ﬁlius.
1268 2049 1383 2085 [deoque
1409 2050 1460 2076 hoc
1483 2050 1564 2076 etiam
1589 2048 1688 2076 indicio

908 2095 1113 2123 mendaciorum
1129 2095 1221 2130 opifex
1234 2095 1456 2129 deprehenditur.

944 2140 1012 2168 XVI.
1027 2140 1126 2167 Rerum
1141 2148 1221 2174 porro
1235 2144 1371 2175 gestarum
1386 2140 1456 2167 serie
1471 2147 1525 2166 non
1539 2139 1688 2174 interrupta

909 2189 1005 2213 auctor
1018 2186 1124 2214 subdit:
1137 2185 1171 2212 Et
1183 2186 1316 2220 festinavit
1328 2185 1404 2218 Saul,
1418 2190 1442 2212 et
1454 2185 1545 2212 cecidit
1554 2189 1687 2219 porrectus

908 2239 986 2266 super
998 2236 1094 2258 terram
1106 2251 1112 2261 ,
1130 2235 1155 2257 et
1174 2231 1261 2257 timuit
1281 2230 1355 2257 valde
1369 2239 1384 2257 a
1398 2231 1559 2264 sermgnibus
1578 2229 1688 2257 Samue-

908 2278 940 2304 lis
953 2277 985 2303 ⁸³.
1002 2276 1055 2303 Eos
1069 2276 1139 2304 enim
1156 2283 1295 2303 sermones
1311 2275 1446 2303 Samuelis
1459 2283 1519 2303 esse
1532 2280 1686 2311 agnoverat,

908 2330 977 2358 quos
990 2330 1050 2349 cum
1061 2321 1150 2348 adhuc
1166 2325 1238 2348 esset
1254 2323 1280 2347 in
1297 2321 1365 2348 vivis
1378 2325 1405 2348 et
1423 2328 1536 2355 corpore
1553 2312 1582 2348 ct
1597 2321 1687 2357 lingua

909 2369 1125 2405 prophetaverat.
1143 2368 1204 2395 llzcc
1220 2375 1234 2394 a
1249 2371 1357 2402 spectro
1370 2367 1473 2394 delecta
1488 2368 1565 2401 quasi
1579 2368 1687 2402 propria

909 2414 1125 2450 proferebantur.
1156 2412 1276 2448 Quorum
1298 2420 1360 2439 eum
1384 2412 1550 2440 meminisset
1576 2420 1639 2445 rex,
1661 2417 1688 2439 et

908 2459 1095 2494 conspexisset
1117 2458 1182 2485 satis
1205 2462 1294 2492 aperte
1315 2457 1377 2484 belli
1392 2456 1468 2492 signa
1486 2460 1592 2488 erecta,
1608 2456 1687 2483 finem

908 2505 1094 2532 imminentem
1111 2503 1326 2530 animadvertens
1342 2505 1415 2529 metu
1431 2501 1533 2528 fractus
1549 2508 1580 2527 ac
1593 2501 1688 2528 debili-

909 2555 981 2577 tatus
990 2553 1041 2577 est.
1049 2550 1083 2576 At
1091 2548 1230 2584 Origenes,
1241 2549 1347 2576 sibimet
1354 2548 1403 2583 ipsi
1413 2548 1538 2583 dogmata
1546 2546 1685 2581 effingens.

909 2597 997 2624 sciens
1011 2595 1142 2630 plurimos
1155 2602 1216 2622 esse
1230 2595 1276 2629 qui
1291 2594 1348 2621 haec
1370 2594 1550 2621 determinant
1560 2613 1566 2624 ,
1590 2592 1623 2619 ad
1638 2599 1686 2619 sua

909 2642 981 2669 dicta
1008 2643 1195 2675 oppugnantes
1221 2639 1343 2666 oratione
1365 2645 1496 2665 conversa
1522 2636 1633 2664 minime
1660 2635 1686 2663 id

1020 2698 1041 2713 “
1067 2696 1082 2723 1
1107 2696 1170 2731 Reg.
1196 2704 1245 2728 xu,
1272 2695 1315 2722 l8.
1356 2695 1378 2710 “
1412 2693 1427 2721 I
1445 2693 1508 2728 Reg.
1527 2700 1623 2724 xxvm,
1639 2692 1685 2720 .49.

940 2780 978 2816 (Ἰ)
999 2779 1128 2816 Τοιαῦτα.
1143 2777 1330 2816 [onerati-ta.
1347 2776 1449 2812 (Ταῦτα
1462 2776 1568 2811 ῥήματα
1582 2783 1682 2805 nonest

908 2813 1002 2844 Graeca
1021 2814 1132 2843 locutio.
1147 2813 1244 2849 Ειιιτ.)¹
