1909 3071
47 108 109 137 649

501 111 545 138 DE
562 98 856 138 ENGAS'I'RIMYTIIO
875 109 1017 137 CONTRA
1036 109 1224 139 ORIGENEM.

1637 115 1690 143 650

48 168 102 196 τοῦ
123 168 291 205 γράμματος
310 169 405 206 ἐκδοχῇ
424 170 454 197 τὸ
471 173 525 198 πᾶν
537 170 766 203 άνατιθάντας,ὼς
783 169 851 204 Ὦρι-
868 191 871 199 .

905 169 946 196 vel
963 177 1046 204 regna
1071 170 1145 197 illius
1167 178 1216 198 sua
1242 178 1304 198 esse
1327 171 1399 200 dicat
1415 172 1448 205 “,
1468 173 1564 201 idcoue
1586 173 1690 203 diceret

48 214 141 250 γένης
164 215 338 250 εἰσηγεῖται;
363 218 409 244 καὶ
432 216 511 244 τοῦτο
534 216 588 253 γὰρ
605 218 645 249 είς
656 217 741 248 αὐτὰς
755 215 853 250 ἀναγέ-

47 268 177 295 γρατιται
192 261 243 293 τὰς
255 262 380 298 Γραφάς·
395 263 411 298 ἢ
435 260 468 290 αὖ
493 262 573 290 πάλιν
587 263 695 290 ἐπειδὰν
711 263 853 298 ὑπερηφα-

48 306 97 342 νίᾳ
128 307 273 344 χρώμενος
299 309 411 345 ἀμέτρῳ
434 310 523 337 πᾶσαν
543 309 611 345 ὁμοῦ
641 309 690 345 τὴν
710 309 786 336 τοῦδε
804 307 851 335 τοῦ

48 353 160 388 κόσμου
190 355 365 391 περιγραφὴν
388 355 448 390 ἦτοι
474 355 584 387 καὶτὰς
609 355 746 390 βασιλείας
766 353 852 388 αὐτῆς

50 399 123 431 ἰδίας
150 398 221 427 εἶναι
249 401 333 436 λέγοι,
351 401 427 437 παρὰ
453 401 531 428 τοῦτο
546 402 612 437 φαίη
627 410 667 432 τις
679 400 722 432 ἂν,
739 400 776 431 ὼς
796 400 849 435 ἄρα

52 448 196 482 προσήκει
211 449 293 479 νοεῖν,
317 449 359 475 ὅτι
380 448 544 484 δημιουργὸς
564 448 644 479 αὐτός
679 448 752 473 ἐστιν
764 446 850 472 ἀπάν-

49 501 123 525 των;
145 493 296 528 Οὕμενουν,
312 494 383 520 εῐποι
397 503 439 526 τις
451 495 496 522 ἀν’
515 495 532 529 ἠ
546 494 600 529 γάρ
611 501 652 520 τοι
664 491 850 527 διηγηματικὴ

48 538 296 576 διεχάραξελφωνὴ
318 540 366 572 τὰς
386 540 490 567 ἐκείνου
514 539 725 575 μεγαληγορίας,
742 538 773 564 οὺ
796 536 849 572 μὴν

904 215 1040 249 quispiam
1065 215 1231 243 credendum
1257 223 1319 244 esse
1346 218 1422 245 illum
1448 226 1538 246 rerum
1567 220 1688 247 omnium

904 260 1030 295 opiﬁcem
1054 261 1138 289 esse?
1155 261 1190 288 At
1208 269 1289 289 nemo
1312 269 1378 290 sane
1400 263 1427 291 id
1451 264 1558 292 dixerit.
1583 264 1689 301 Quippe

902 306 925 334 si
942 307 1108 335 narrationis
1127 307 1196 336 ordo
1224 307 1310 336 futilis
1334 309 1407 337 illius
1425 309 1582 345 jactationis
1604 312 1688 339 verba

903 354 1048 387 expressit,
1061 359 1088 381 at
1097 361 1151 381 non
1162 362 1226 382 vera
1242 355 1287 382 illa
1303 356 1388 384 fuisse
1400 356 1562 385 determinat
1578 367 1584 385 :
1599 365 1689 393 neque

903 399 930 428 id
958 401 1030 428 ullus
1055 401 1160 437 uspiam
1176 401 1293 436 probare
1320 404 1429 437 poterit.
1447 404 1501 432 Sed
1524 405 1623 432 similia
1645 405 1688 434 his

903 445 1010 472 inﬁnita
1030 449 1095 473 sunt
1110 447 1138 474 in
1157 450 1302 482 promptu,
1325 455 1385 482 qua:
1400 448 1427 475 in
1453 449 1570 477 medium
1591 449 1688 478 afferre

903 492 1016 520 minime
1032 493 1108 524 libet,
1124 501 1158 520 ne
1173 494 1317 521 verborum
1334 495 1415 530 longo
1429 495 1545 522 circuitu
1562 496 1689 530 quaestio—

903 537 946 564 nis
959 538 1061 565 nodum
1076 538 1194 574 effugere
1211 539 1361 568 videamur.
1584 545 1589 549 '

49 587 165 623 ἀληθεῖς
183 589 330 623 ἀποφαίνει
343 588 444 620 αὑτάς·
463 588 516 615 οὐδ’
529 587 587 614 ἐστὶ
601 587 639 618 δὲ,
664 586 705 612 ὅτι
721 585 799 612 τοῦτο
824 583 908 617 δεῖξαι
925 585 1072 622 δυνάμενος
1085 587 1173 619 οὐδεὶς
1186 587 1320 623 οὐδαμῶς.
1353 589 1432 616 Ἀλλὰ
1464 590 1549 624 μυρία
1565 590 1613 625 μὲν
1631 591 1688 617 ἐστι

49 634 166 661 τοιαῦτα
184 635 254 670 πρὸς
270 635 316 661 ἐπὶ
331 635 434 667 τούτοις
452 635 525 665 ἰδεῖν,
538 634 587 670 οὐχ
604 632 659 660 οἶόν
675 642 705 659 τε
729 632 758 658 δὲ
771 631 861 658 πάντα
880 633 1025 669 παράγειν,
1045 634 1089 661 ἵνα
1112 635 1151 670 μὴ
1169 636 1344 672 μακρηγορίᾳ
1366 635 1486 672 δόξωμεν
1511 637 1690 673 ὲκκρούεσθαι

49 679 96 706 τοῦ
112 679 186 716 ζητή
191 689 285 716 ματος.

84 726 173 753 XVII.
183 728 228 759 Ὠς
238 725 283 754 οὖν
292 725 377 763 ξδόκει
389 729 443 759 τοῖς
456 727 588 763 ὀρθότατα
599 724 742 761 φρονοῦσιν
753 724 783 750 οὐ
798 731 846 759 με-

49 771 135 806 τρίως
145 761 374 807 ὲπιτιμᾷνήὖθις
383 772 558 807 ὑπεκκλέψας
566 771 608 798 ἐπ’
618 771 699 805 ἄλλην
707 769 847 804 ἀπεπήδη-

49 825 95 842 σεν
111 817 231 848 ἔννοιαν,
247 817 403 844 ἐδεινοποίει
413 817 441 843 δὲ
452 816 634 852 δημαγωγῶν,
654 816 695 842 ὃτι
713 815 846 850 φάσκουσι

48 862 119 897 πρὸς
134 864 194 894 τοῖς
210 862 310 896 ἄλλοις,
326 863 363 895 ὡς
381 863 424 898 εἴη
435 862 569 898 φρικῶδες
584 861 775 893 ὑπολαϐεῖν,ὲν
784 859 847 896 ᾅδου

48 909 197 943 γεγονέναι
208 909 254 935 τὸν
263 909 359 944 εὐκλεῆ
371 908 507 944 Σαμουὴλ,
518 908 547 940 ὃς
555 908 674 943 ὲκκρίτῳ
682 905 848 943 προφητείας

49 955 116 991 ἀξίᾳ
130 955 288 991 τετίμηται.
299 954 384 982 Τοῦτο
401 955 448 991 μὲν
459 953 505 981 οὖν
516 955 571 982 άνω
580 954 660 981 δὲκαὶ
669 954 744 980 κάτω
751 961 847 979 ταυτο-

49 1001 127 1036 λογεῑ
152 1001 297 1037 γραωδῶς,
322 1001 350 1034 ἐξ
367 1000 454 1027 ἄλλων
471 1002 511 1032 εἰς
531 1000 598 1027 ἄλλα
613 997 848 1035 μεταχειρίζεσθαι

49 1048 115 1080 τοὺς
141 1047 294 1083 αὑτηκόους
325 1048 418 1083 ἀπάτῃ
429 1046 608 1082 τεχνώμενος.
627 1045 722 1080 Ἡμεῖς
736 1045 765 1071 δὲ
784 1043 848 1080 περὶ

49 1093 157 1120 τούτων
173 1093 206 1124 οὐ¹
220 1093 404 1129 διαφερόμεθα
416 1093 480 1128 περὶ
488 1090 525 1119 ὧν
538 1093 623 1119 ἅπασι
633 1090 848 1126 ωνομολογητέα

49 1139 244 1174 καθέστηκεν,
278 1139 336 1165 ἀλλ’
358 1135 396 1166 ὧν
421 1139 503 1165 ἕνεκα
533 1138 636 1173 κυρίως
666 1136 848 1172 ἀμφισϐητεῖν

49 1185 216 1221 ἐγνώκαμεν
225 1194 232 1200 ·
250 1185 281 1211 οὐ
298 1185 353 1221 γὰρ
368 1186 391 1212 εί
403 1185 528 1220 Σαμουὴλ
540 1178 636 1219 γέγονε
650 1182 778 1218 ζητητέα,
790 1182 848 1209 ἀλλ’

49 1233 74 1258 εί
89 1231 222 1267 τοιαύτην
239 1231 295 1267 ἔχει
307 1231 411 1267 δαίμων
427 1231 560 1263 ἐξουσίαν,
574 1229 645 1256 ὥστε
660 1229 772 1255 δικαίων
785 1229 849 1255 ἀνα-

50 1278 196 1305 καλεῖσθαι
223 1278 313 1313 ψυχὰς
344 1278 374 1310 ἐξ
398 1277 472 1313 ᾅδου,
488 1277 534 1303 καὶ
557 1276 637 1303 πάλιν
661 1275 846 1309 ἀποπέμπειν.

56 1325 137 1351 Ἐπεὶ
152 1324 243 1351 τοίνυν
260 1324 447 1359 ὲπαυτοφώρῳ
463 1323 575 1359 ληφθεὶς
589 1322 659 1349 ἑάλω
674 1321 848 1357 βλασφημίας

50 1370 208 1402 ἐπαντλῶν,
231 1370 299 1398 ἀλλὰ
315 1370 364 1402 τὰς
383 1370 437 1396 τῶν
458 1369 602 1406 ἀκροατῶν
619 1368 704 1399 ἀκοὶις
721 1366 849 1403 ἀπατηλῇ

52 1417 104 1452 μὲν
121 1417 282 1443 ὑπεκκλίνει
307 1417 401 1453 τέχνῃ,
423 1415 589 1450 καταφεύγει
602 1415 631 1441 δὲ
641 1413 721 1449 δῆθεν
740 1413 787 1439 ἐπὶ
802 1412 848 1439 τοῦ

50 1463 175 1498 Χριστοῦ
189 1462 345 1498 πρόσωπον,
368 1462 400 1489 ἵν’
421 1461 601 1494 ἀντεξετάσας
616 1460 681 1487 αὐτὸ
691 1460 747 1491 τοῖς
763 1458 849 1493 ἁγίοις

935 720 1016 748 XVII.
1037 720 1138 749 Verum
1156 726 1299 758 postquam
1325 724 1481 752 rectissime
1505 726 1689 756 sentientibus

900 774 955 794 non
977 768 1152 796 mediocriter
1175 769 1324 798 insultasse
1342 771 1418 798 visus
1432 775 1489 804 est,
1508 773 1606 800 iterum
1634 781 1688 801 non

865 829 885 856 Β
901 813 1018 841 obscure
1032 813 1208 842 dissimulans
1224 815 1251 842 in
1267 815 1347 842 aliam
1362 817 1492 844 transiliit
1512 819 1687 850 sententiam.

899 859 1105 895 orationemque
1129 862 1248 890 oratorie
1268 870 1387 897 augens,
1413 863 1486 891 inter
1500 864 1551 891 alia
1567 872 1627 899 quae
1644 864 1687 892 di-

898 909 979 937 cunt,
1002 906 1168 934 horrendum
1189 915 1256 936 sane
1271 908 1299 935 id
1315 916 1376 936 esse
1391 909 1545 942 intellectu,
1562 911 1686 940 indutum

899 952 1054 981 Samuelem
1084 954 1220 989 praecipua
1248 955 1371 982 vaticinii
1400 955 1531 990 dignitate
1553 957 1687 984 illustrem

899 997 986 1026 fuisse
1003 999 1075 1034 apud
1092 999 1207 1027 inferos.
1228 999 1285 1028 Hoc
1307 1001 1399 1035 itaque
1419 1002 1486 1030 satis
1508 1002 1616 1030 aniliter
1636 1011 1688 1030 sa:-

898 1043 961 1078 pius
986 1044 1066 1071 iterat
1087 1045 1249 1080 repetendo,
1276 1053 1309 1073 ex
1326 1046 1387 1073 aliis
1410 1046 1438 1074 in
1466 1047 1520 1074 alia
1547 1048 1686 1076 auditores

899 1089 1060 1125 impellens,
1082 1091 1156 1126 quod
1180 1091 1276 1119 fraude
1295 1091 1423 1127 deceptos
1452 1094 1580 1121 adversos
1607 1101 1687 1129 agere

898 1139 1024 1163 conatur.
1051 1135 1104 1164 Sed
1127 1144 1178 1164 nos
1203 1137 1237 1164 de
1259 1137 1302 1165 his
1326 1145 1386 1172 qua:
1411 1146 1466 1165 uno
1483 1139 1574 1166 animo
1591 1147 1686 1168 omnes

898 1181 1034 1216 recipiunt
1048 1189 1104 1211 non
1118 1182 1300 1215 dissidemus,
1317 1191 1411 1210 verum
1427 1184 1461 1211 de
1482 1183 1525 1212 his
1547 1192 1607 1220 qua:
1623 1193 1687 1220 pro-

898 1228 957 1262 prie
973 1227 1000 1254 in
1019 1228 1132 1256 dubium
1147 1230 1217 1257 verti
1230 1237 1312 1264 posse
1332 1230 1534 1264 cognoscimus.
1550 1230 1617 1258 Nam
1633 1232 1686 1258 mi-

899 1275 973 1302 nime
980 1274 1175 1310 disputandum
1191 1284 1225 1303 an
1245 1276 1354 1304 Samuel
1367 1276 1458 1308 fuerit,
1471 1277 1519 1304 sed
1534 1285 1568 1304 an
1580 1277 1686 1305 daemon

899 1321 981 1348 talem
997 1321 1097 1349 habeat
1111 1325 1286 1356 potestatem,
1304 1322 1442 1357 justorum
1456 1323 1562 1350 scilicet
1581 1323 1687 1351 animas

900 1367 934 1394 ab
955 1367 1051 1395 inferis
1072 1367 1222 1401 evocandi,
1238 1376 1390 1403 rursusque
1406 1369 1616 1396 transmittendi.
1633 1368 1687 1397 Ita-

900 1421 952 1448 que
972 1421 1002 1440 re
1027 1413 1172 1441 manifesta
1189 1413 1376 1449 deprehensus
1398 1414 1581 1449 blasphemias
1596 1415 1688 1442 fundi-

901 1463 968 1490 tare,
984 1458 1153 1486 audientium
1169 1466 1250 1487 aures
1266 1459 1380 1486 subdola
1395 1463 1454 1487 arte
1469 1460 1597 1491 declinat,
1613 1463 1640 1488 et
1652 1460 1687 1488 ad

50 1497 195 1544 ἀνδράσιν,
214 1497 393 1541 ἀποδείξειεν,
422 1509 462 1534 ὅτι
480 1508 526 1534 καὶ
550 1507 630 1538 αὐτὸς
645 1508 684 1538 είς
700 1505 762 1542 ᾅδου
783 1498 871 1532 κατ-(

900 1504 1003 1533 Christi
1020 1504 1153 1532 duntaxat
1180 1511 1325 1539 personam
1350 1504 1486 1540 confugit,
1509 1509 1539 1533 ut
1567 1512 1600 1532 ea
1623 1513 1686 1533 cum

51 1554 136 1590 ἦλθεν
153 1556 167 1581 ὁ
181 1554 299 1590 Χριστὸς
316 1553 383 1589 ὁμοῦ
403 1554 458 1584 τοῖς
472 1552 560 1583 ἄλλοις
573 1551 689 1578 ἅπασιν·
709 1549 775 1577 ἀλλά
792 1548 846 1585 γὰρ

51 1601 91 1632 ὡς
106 1600 270 1627 ἀπεδείκνυε
292 1598 382 1630 τοῦτο,
397 1598 444 1624 καὶ
453 1596 484 1633 δὴ
498 1597 546 1623 καὶ
560 1596 590 1622 τὸ
605 1596 665 1622 κατ’
679 1595 763 1631 ἄνδρα
781 1603 848 1630 παρ-

52 1647 140 1673 αινῶν
171 1645 367 1681 ἐπεφθέγγετο,
397 1645 428 1671 Τί
446 1642 534 1679 φοϐῇ,
552 1643 647 1677 λέγων,
671 1642 776 1674 εἰπεῖν,
802 1641 847 1668 ὅτι

51 1693 115 1726 πᾶς
127 1691 228 1727 zmifet
246 1692 338 1724 τόπος
352 1691 445 1718 αὑτοῦ
464 1699 495 1717 τε
514 1690 567 1716 τοῦ
581 1687 710 1724 Χριστοῦ
723 1687 772 1714 καὶ
787 1686 848 1713 τῶν

51 1737 237 1774 προρητῶν;
252 1737 330 1772 ὀλίγα
354 1737 421 1764 ἄττα
452 1736 603 1771 διὰ“μέσου
623 1734 737 1766 τάττων,
764 1733 846 1768 ἄλλην

52 1788 201 1814 ὲπιπλέκει
220 1787 386 1823 δυσφημίαν,
410 1786 555 1820 ὲκφαίνων,
575 1786 615 1812 ὅτι
627 1784 675 1811 καί
694 1782 772 1810 κάτω
783 1791 847 1816 τυγ-

53 1832 158 1867 χάνων
167 1834 184 1860 ὁ
194 1832 332 1866 Χριστὸς,
342 1832 374 1858 ἶν’
386 1831 472 1863 οὓτως
484 1831 562 1863 εἴπω,
575 1829 707 1865 φησὶν,ὲν·
718 1826 759 1860 τῷ
769 1827 846 1854 κάτω

52 1879 137 1910 τόπῳ
148 1878 201 1910 ὢν,
216 1877 254 1912 τῇ
277 1877 446 1912 προαιρέσει
465 1877 525 1903 ἄνω
538 1874 577 1911 ἦν
587 1884 593 1890 ·
615 1875 652 1906 ὠς
662 1875 725 1909 περὶ
741 1872 846 1908 ἀνθρώ-

54 1933 108 1952 που
123 1924 152 1951 δὲ
169 1925 250 1959 μόνου
265 1924 446 1960 προσομιλῶν,
467 1923 523 1950 ἀλλ’
536 1922 629 1949 οὐκέτι
641 1921 692 1956 τῆς
712 1920 786 1951 θείας
803 1919 847 1946 αὐ-

51 1970 102 1997 τοῦ
119 1969 316 2006 στοχαζόμενος
334 1970 450 2004 φύσεως,
462 1971 490 1996 ὲν
507 1970 562 2000 τοῖς
577 1968 724 1994 κατωτάτω
736 1966 786 2001 μὲν
798 1965 847 1992 αὒ-

53 2018 101 2045 τδν
131 2018 251 2051 ἔφασκεν
280 2015 405 2051 ἀφῖχθαι,
420 2015 578 2052 προαιρέσει
599 2014 628 2040 δὲ
644 2012 777 2049 δήπουθεν
790 2011 846 2039 ἄνω

56 2067 214 2102 βεεηκέναι,
231 2064 357 2100 καθάπερ
373 2062 419 2091 οὖν
445 2063 540 2098 ἀμέλει
554 2062 600 2088 καὶ
615 2061 677 2091 τοὺς
691 2058 788 2090 ἄλλους
804 2059 846 2085 ἀν-

55 2114 195 2150 θρώπους.
224 2112 305 2139 Οὕτω
326 2111 397 2146 γὰρ,
421 2110 483 2144 ἔφη,
509 2109 557 2136 καὶ
577 2109 604 2134 οὶ
626 2105 774 2140 προφῆται
797 2104 853 2146 καὶ,

55 2158 209 2194 Σαμουὴλ,
223 2158 280 2184 κᾶν
305 2156 472 2184 καταϐῶσιν·
488 2155 564 2182 ὅπου
584 2155 613 2180 αἱ
630 2152 737 2187 ψυχαὶ,
753 2151 844 2186 φησιν,

56 2207 86 2232 αλ
101 2205 190 2237 κάτω,
205 2205 241 2230 ἐν
262 2202 301 2236 τῷ
322 2202 399 2230 κάτω
420 2201 478 2236 μὲν
496 2201 638 2227 δύνανται
660 2196 736 2226 εἶναι
754 2197 845 2229 τόπῳ,

55 2254 92 2280 οὐ
103 2251 184 2279 κάτω
197 2251 231 2278 δέ
246 2252 305 2278 εισι
327 2249 366 2285 τῇ
386 2249 565 2284 προαιρέσει.
586 2245 757 2281 Κουφολογίᾳ
776 2245 804 2271 δὲ
816 2244 848 2280 δὴ

57 2299 230 2334 περιηχήσας
253 2296 448 2332 ἀπειροπληθεῖ
473 2295 518 2321 τὸν
541 2294 652 2329 κόσμον,
684 2292 744 2318 οὐδὲ
769 2290 848 2317 τοῦτο

57 2343 190 2379 ξυνίησιν,
206 2343 247 2370 ὅτι
260 2343 313 2373 πᾶς
327 2340 450 2368 ὁστισοῦν
473 2339 633 2375 ἀνθρώπων,
645 2339 669 2364 εί
684 2337 730 2364 καὶ
747 2336 849 2372 σφόδρα

58 2389 179 2425 σχέτλιός
192 2389 277 2420 ἐστιν,
298 2390 326 2414 ὲν
353 2388 417 2423 ᾇδου
432 2384 581 2416 κατελθὼν,
598 2385 654 2412 ἅνω
670 2385 702 2418 τῇ
720 2382 849 2418 προαιρέ-

58 2444 99 2462 οει
128 2435 314 2470 καθέστηκεψ
329 2433 416 2464 οὐδεὶς
431 2432 496 2466 γοῦν
514 2431 544 2458 ἂν
569 2431 611 2466 εἴη
623 2439 655 2464 γε
667 2430 779 2457 δικαίων
794 2430 848 2456 οὐδ’

57 2482 158 2509 ἀδίκων
172 2481 202 2513 ὃς
216 2481 246 2507 οὐ
257 2480 377 2516 γλίχεται
399 2478 529 2506 ἀνωτάτω
548 2478 595 2512 μὲν
606 2476 736 2504 ἑκάστοτε
751 2475 850 2510 διατρί-

59 2528 113 2555 ϐων
126 2529 250 2564 ἔχεσθαι,
263 2527 316 2553 τῶν
327 2526 355 2552 δὲ
368 2524 552 2560 καταχθονίων
563 2523 733 2559 ἀπηλλάχθαι
748 2522 847 2548 τόπων.

59 2575 90 2601 El
106 2576 198 2602 τοίνυν
215 2574 332 2604 ἅπαντες
348 2572 414 2608 ὁμοῦ
430 2573 452 2599 οἱ
470 2570 650 2606 καταχθέντες
663 2571 703 2602 είς
717 2570 779 2605 ᾅδου
795 2568 848 2596 τῶν

59 2621 115 2648 ἄνω
127 2619 221 2656 φορῶν
238 2619 293 2655 (Η)
309 2619 391 2656 ὲρῶσι
419 2618 590 2654 προαιρέσει,
617 2617 664 2644 καὶ
682 2617 712 2643 οὺ
732 2617 800 2643 πάνυ
814 2616 849 2643 δι-

60 2666 140 2693 καίου
155 2665 229 2697 τινὲς
243 2665 446 2700 ἐπεμελήσαντο
459 2663 526 2698 βίου,
545 2662 664 2689 ποταπὸν
678 2662 787 2698 ἀξίωμα
801 2661 848 2688 τοῦ

59 2709 233 2746 προφητικοῦ
243 2710 365 2744 διεσάφει
380 2708 460 2745 χοροῦ
474 2717 481 2741 ;
496 2707 522 2734 τί
538 2707 567 2734 δὲ
580 2707 610 2734 τὸ
626 2707 751 2743 περιττὸν
763 2707 850 2743 ἀπήγ-

60 2756 134 2790 γειλε
159 2755 208 2782 τοῦ
234 2755 348 2792 Κυρίου,
364 2756 446 2782 πᾶσιν
465 2755 557 2790 ὅμοιον
579 2753 736 2788 ἀποφαίνων
747 2754 848 2787 αὐτόν;

96 2803 121 2819 ⁵⁵
135 2801 235 2830 Matth.
251 2810 287 2834 ιν,
304 2803 330 2832 8.
347 2802 372 2829 9.

96 2849 154 2884 (Η)
170 2848 282 2882 Φορῶν.
297 2847 377 2875 Forte
393 2848 488 2883 χορῶν.

211 2895 360 2937 (Puncta
385 2894 443 2925 Gn.
467 2893 578 2924 XVIII.

900 1551 1004 1579 sanctis
1017 1550 1085 1579 viris
1099 1551 1209 1583 collata,
1225 1559 1279 1578 una
1294 1558 1357 1578 cum
1380 1551 1441 1579 aliis
1466 1551 1592 1579 omnibus
1606 1551 1687 1579 Chri-

899 1602 971 1626 stum
985 1597 1074 1632 ipsum
1092 1597 1124 1624 ad
1138 1596 1241 1625 inferos
1252 1597 1428 1625 descendisse
1440 1597 1617 1626 demonstret.
1632 1599 1686 1627 Sed

899 1644 946 1672 ubi
969 1643 1035 1671 illud
1059 1644 1202 1679 probavit,
1217 1635 1252 1671 ad
1272 1644 1410 1671 hominem
1433 1644 1587 1672 hortatione
1602 1653 1686 1680 agens

898 1691 995 1719 scribit
1012 1700 1018 1717 :
1039 1690 1109 1723 Quid
1131 1690 1221 1717 horres
1232 1710 1240 1722 ,
1256 1690 1382 1725 inquiens
1394 1709 1402 1722 ,
1418 1690 1503 1717 dicere
1520 1698 1623 1718 onmem
1646 1692 1687 1719 lo-

899 1745 959 1764 cum
969 1737 1051 1771 ipsius
1059 1736 1160 1764 Christi
1172 1741 1196 1763 et
1204 1736 1390 1771 prophetarum
1404 1735 1534 1771 indigere?
1545 1736 1578 1764 Et
1591 1738 1686 1772 paucis

899 1781 1051 1816 interjectis
1073 1789 1174 1809 novum
1190 1781 1356 1809 horrendum
1378 1782 1452 1809 dictu
1468 1783 1623 1815 connectit,
1639 1783 1687 1810 de-

899 1829 1020 1860 clarans,
1038 1828 1099 1855 licet
1122 1827 1241 1856 Christus
1257 1828 1365 1862 inferius
1381 1833 1465 1861 esset,
1483 1832 1512 1855 ut
1527 1829 1564 1855 ita
1578 1829 1667 1857 dicam
1677 1849 1684 1862 ,

898 1878 923 1900 et
939 1873 1059 1908 inferiori
1080 1873 1152 1904 loco,
1167 1873 1290 1900 electione
1305 1877 1391 1900 tamen
1404 1878 1428 1900 et
1443 1873 1576 1901 voluntate
1594 1873 1621 1900 in
1637 1882 1684 1901 su-

898 1919 998 1955 periori
1012 1924 1080 1946 erat.
1099 1918 1137 1945 De
1152 1926 1207 1954 quo
1220 1919 1299 1954 quasi
1315 1919 1349 1946 de
1362 1919 1421 1946 solo
1436 1919 1545 1946 homine
1561 1920 1687 1954 loquere-

900 1968 954 1997 tur,
972 1965 1048 1991 nulla
1063 1964 1137 1991 illius
1161 1964 1260 1991 divinae
1281 1968 1386 1992 natura
1406 1964 1512 1992 ratione
1535 1964 1642 1998 habita,
1657 1965 1685 1992 in

899 2011 992 2038 intima
1013 2010 1089 2038 illum
1110 2010 1178 2038 dixit
1192 2011 1350 2043 devenisse,
1366 2016 1393 2038 et
1407 2011 1430 2038 si
1443 2006 1583 2038 voiuntate
1602 2018 1684 2046 supra

900 2057 1084 2089 ascendisset,
1098 2064 1131 2085 eo
1148 2057 1208 2091 ipso
1235 2057 1316 2085 modo
1340 2057 1445 2085 scilicet
1472 2065 1526 2093 quo
1547 2061 1574 2085 et
1594 2057 1686 2086 exteri

900 2104 1037 2132 homines.
1051 2104 1096 2131 Sic
1110 2104 1179 2130 enim
1189 2124 1197 2136 ,
1216 2103 1320 2138 inquit,
1337 2108 1361 2131 et
1377 2103 1508 2138 propheta;
1524 2109 1548 2131 et
1559 2103 1684 2137 Samuel,

900 2151 1006 2179 tametsi
1024 2159 1053 2178 eo
1068 2149 1226 2177 descendant
1242 2150 1286 2176 ubi
1307 2150 1403 2185 degunt
1424 2150 1521 2177 animm
1540 2159 1598 2185 qum
1619 2151 1687 2186 infe-

900 2199 955 2225 rius
975 2202 1051 2230 sunt,
1067 2201 1176 2232 possunt
1190 2197 1293 2231 quidem
1309 2198 1336 2223 in
1356 2197 1402 2223 illo
1418 2197 1537 2232 inferiori
1554 2198 1609 2224 loco
1628 2206 1687 2233 per-

899 2251 1016 2275 manere,
1032 2246 1059 2269 at
1068 2241 1178 2276 inferius
1193 2241 1325 2268 voluntate
1341 2250 1393 2268 non
1408 2247 1480 2269 sunt.
1496 2243 1521 2271 Is
1533 2243 1608 2270 inani
1625 2251 1687 2271 ver-

899 2291 997 2318 borum
1020 2288 1099 2324 copia
1125 2287 1254 2322 profusa,
1281 2295 1398 2322 quorum
1417 2296 1468 2316 nec
1494 2289 1591 2317 modus
1614 2289 1687 2319 ullus

899 2343 950 2364 nec
975 2335 1038 2364 ﬁnis
1063 2333 1178 2362 inveniri
1199 2337 1304 2369 potest,
1326 2333 1399 2360 haud
1421 2334 1553 2361 intellexit
1576 2342 1686 2363 omnem
1717 2348 1721 2350 -

900 2381 1056 2414 hominem,
1075 2379 1139 2407 licet
1156 2378 1184 2406 in
1206 2378 1317 2406 miseria
1342 2378 1410 2405 alios
1431 2378 1563 2412 excedat,
1581 2379 1626 2407 ubi
1650 2380 1685 2407 ad

900 2427 1002 2455 inferos
1022 2425 1158 2462 migravit,
1176 2425 1302 2460 superius
1316 2424 1414 2459 degere
1427 2424 1577 2452 voluntate.
1593 2425 1686 2461 Itaque

900 2475 1008 2506 nullus,
1025 2473 1083 2501 sive
1104 2473 1196 2508 justus
1220 2473 1277 2500 sive
1301 2471 1418 2506 iujustus
1431 2491 1438 2503 ,
1458 2471 1564 2506 uspiam
1580 2476 1622 2499 est
1638 2472 1685 2506 qui

900 2528 954 2548 non
971 2520 1102 2547 continuo
1129 2526 1237 2554 semper
1252 2522 1377 2546 teneatur
1392 2516 1528 2545 desiderio
1544 2524 1559 2543 a
1576 2518 1686 2545 subter-

898 2566 991 2594 raneis
1005 2565 1038 2593 ad
1060 2573 1189 2601 suprema
1209 2565 1270 2592 loca
1284 2564 1427 2592 redeundi.
1444 2563 1538 2598 Itaque
1552 2564 1574 2590 si
1589 2571 1685 2592 onmes

900 2613 982 2642 simul
1003 2612 1037 2639 ad
1059 2612 1163 2640 inferos
1182 2611 1303 2643 devecti.
1324 2611 1388 2639 licet
1416 2611 1499 2638 vitam
1527 2613 1627 2638 rectam
1653 2616 1687 2636 ac

900 2661 1033 2696 integram
1049 2659 1161 2687 minime
1175 2658 1261 2686 secuti
1276 2658 1346 2690 sint,
1365 2665 1499 2693 supernas
1513 2663 1620 2692 semper
1635 2662 1684 2691 ap-

900 2709 996 2742 petunt
1022 2705 1154 2734 stationes
1173 2705 1314 2732 voluntate
1326 2724 1333 2735 ,
1347 2711 1429 2739 quam
1452 2703 1512 2738 ipse
1534 2702 1687 2738 prophetici

900 2752 977 2780 chori
997 2751 1202 2787 praerogativam
1226 2750 1368 2786 agnoscit?
1388 2757 1469 2785 quam
1488 2748 1594 2778 Domini
1618 2748 1687 2778 emid

1464 2883 1502 2914 21
