1909 3071
210 87 258 115 631

705 86 733 114 S.
756 83 939 114 EUSTATIlll
958 86 1112 115 EPISCOl’l
1132 84 1345 121 ANTIOCHENH

1765 81 1818 110 632

210 146 344 181 arripiens
370 145 455 181 palam
472 146 621 173 conabatur
641 148 796 181 ostendere,
824 148 984 176 demonium

1041 150 1105 185 ρᾶτο
1117 149 1252 176 δεικνύναι
1267 147 1370 182 σαφῶς,
1388 146 1427 172 ὅτι
1441 144 1471 172 τὺ
1488 144 1622 180 δαιμόνιον
1638 144 1681 170 ἐπ’
1696 142 1820 176 ἐξουσίας

209 193 342 220 arbitratu
356 200 406 219 suo
419 200 450 220 ac
466 195 598 226 potestate
615 201 695 228 posse
714 201 769 221 non
786 197 889 220 tantum
905 202 986 222 unam

209 239 325 264 animam
334 238 399 272 justi
417 246 541 272 evocare,
555 239 603 266 sed
618 247 712 268 omnes
737 240 817 267 simul
831 245 986 268 sanctorum

209 284 345 317 virorum;
358 284 449 319 ibique
464 285 617 313 daamouum
640 286 731 314 hostili
748 287 868 314 exercitu
884 287 986 314 instru-

207 335 260 362 cto,
276 330 387 366 ictuque
400 331 472 358 oculi
487 333 612 360 omnibus
627 333 653 360 in
666 341 749 360 unum
770 333 886 366 collatis,
903 337 986 360 ciete-

207 377 244 403 ris
254 384 301 410 per
315 377 342 404 id
355 379 505 406 conabatur
528 379 701 413 persuadere,
720 383 805 407 semet
818 379 864 414 qui
879 383 906 406 et
918 380 986 407 alios

206 425 393 455 congregarat,
421 421 505 449 Deum
531 430 600 450 esse.
622 423 689 450 Eum
708 431 771 451 vero
798 424 908 459 propria
923 431 987 459 qua-

205 466 266 492 dam
285 466 433 495 stoliditate
449 476 510 496 sese
525 468 608 495 Deum
625 468 713 497 facere
726 476 884 501 consuesse,
902 469 986 498 isaias

206 512 317 540 adversa
343 512 412 541 facie
433 522 494 541 eum
519 515 728 550 reprehendens.
757 516 920 551 propheticis
942 524 986 544 sa-

206 558 316 593 crisque
332 560 446 588 vocibus
462 561 591 596 praedicat
608 573 614 589 ί
632 562 670 589 Tu
691 571 748 589 vero
759 562 853 589 dixisti
864 564 889 589 in
909 563 986 590 corde

207 610 250 631 tuo
262 612 271 630 .'
285 605 317 632 In
332 606 424 633 caelum
438 611 588 641 ascendam,
613 617 689 643 super
698 614 770 635 astra
783 617 878 643 ponam
891 609 985 636 solium

205 658 290 676 meum
303 659 312 677 :
327 652 422 679 sedebo
438 652 466 678 in
478 659 563 680 mante
576 654 677 680 excelso
690 662 767 688 super
788 660 887 682 montes
901 656 986 682 excel-

206 705 248 724 sos
262 699 306 732 qui
318 699 457 733 respiciunt
471 700 622 734 Aquilonem
640 708 648 726 :
661 700 799 727 ascendant
809 709 885 734 super
895 701 984 734 nubes,

205 747 229 768 et
247 751 292 769 ero
305 744 400 770 similis
421 744 559 771 Allissimo
584 745 615 771 ".
643 744 691 772 His
705 753 760 772 non
783 745 925 774 dissimilia
939 754 986 782 per

205 786 371 815 lizechielem
387 789 545 824 prophetam
571 790 629 825 ipse
650 789 781 818 Dominus
798 795 890 826 aperte
908 792 986 820 testi-

206 835 326 861 monium
347 836 455 863 exhibet
481 846 487 863 :

205 884 289 912 tuum,
311 885 335 908 et
356 881 467 909 dixisti:
487 882 556 910 Deus
568 892 627 910 sum
647 891 703 918 ego,
719 884 843 912 habitabo
857 887 882 912 in
908 885 985 913 corde

204 928 305 959 maris;
315 932 342 954 ιιι
359 936 417 955 vero
430 929 505 956 homo
515 938 552 962 es,
564 935 588 957 et
603 939 654 957 non
674 930 743 958 Deus
760 931 794 958 ’⁵.
809 931 883 964 Quas
894 936 984 960 autem

205 979 313 1008 propter
326 975 352 1001 id
367 982 463 1009 poenas
480 975 518 1002 illi
536 977 664 1010 minetur,
679 984 713 1004 ex
727 977 770 1004 his
780 985 840 1012 qua:
857 978 926 1004 infra
944 979 985 1006 di-

203 1024 302 1047 cuntur
313 1020 391 1048 facile
405 1022 457 1048 erit
483 1022 584 1050 videre.
610 1023 645 1049 At
672 1023 764 1050 divino
784 1032 848 1051 sane
874 1025 985 1052 oraculo

203 1066 374 1093 manifestum
385 1071 437 1098 est,
453 1075 515 1094 eum
530 1068 649 1103 quotidie
662 1070 776 1104 superbe
789 1070 919 1104 jactando
947 1071 985 1097 si-

203 1111 311 1139 milibus
336 1113 451 1147 spectris
465 1112 553 1140 inniti.
584 1113 676 1148 Itaque
691 1114 713 1141 si
728 1114 833 1142 daemon
849 1115 894 1150 qui
920 1116 985 1144 dco-

205 1165 261 1184 rum
280 1159 388 1186 nomine
404 1158 586 1193 insigniuntur
600 1163 692 1194 posset
720 1160 847 1195 educere,
864 1170 917 1189 non
935 1170 984 1190 ne—

202 1211 279 1230 cesse
293 1207 335 1231 est
347 1204 458 1231 credere
482 1206 603 1232 evocatis
621 1212 779 1233 evocantcm
793 1207 881 1242 ipsum
897 1209 985 1243 potio-

203 1257 258 1276 rem
274 1257 344 1277 esse.
367 1249 398 1276 Et
415 1251 438 1277 si
454 1250 555 1278 sanctis
574 1251 596 1278 is
612 1256 719 1285 prmest.
743 1253 918 1280 asserendum
943 1260 984 1282 est

202 1295 283 1322 etiam
297 1295 492 1323 daemoniorum
521 1297 669 1331 principem
685 1298 723 1324 illi
743 1306 868 1333 praeesse.
883 1300 948 1332 Quae
961 1302 984 1328 si

202 1341 264 1375 quis
290 1343 466 1373 concesserit,
488 1344 654 1377 argumentis
678 1345 777 1379 quibus
810 1346 921 1373 minimc
942 1354 985 1373 re-

203 1385 329 1419 sponderi
335 1391 433 1421 potest,
446 1388 641 1415 demonstravit
650 1391 732 1418 Deum
741 1390 851 1417 deorum
860 1399 930 1424 esse,
938 1393 984 1427 qui

203 1432 343 1459 ministros
371 1440 435 1460 suos
458 1442 489 1461 ea
504 1435 587 1461 donat
609 1440 754 1470 potestate.
771 1441 802 1464 ut
816 1438 929 1472 spiritus
957 1443 984 1466 et

1037 192 1108 229 εἶχεν
1129 194 1188 229 οὐχὶ
1206 194 1270 229 μίαν
1292 193 1371 227 μόνον
1392 190 1488 222 ἁνάξαι
1511 190 1614 216 δικαίου
1636 188 1736 224 ψυχὴν,
1753 187 1821 215 ἀλλὰ

1037 240 1084 266 καὶ
1099 239 1188 271 πάσας
1205 238 1271 274 ὁμοῦ
1289 237 1337 268 τὰς
1353 236 1407 263 τῶν
1424 236 1508 271 ἁγίων
1526 235 1662 271 ἀνδρῶν-ὁ
1676 235 1703 261 δὲ
1720 235 1753 260 ἐκ
1768 233 1821 260 τῶν

1037 285 1162 313 ἐναντίων
1171 285 1219 319 τὴν
1226 284 1279 311 τῶν
1287 283 1418 318 δαιμόνων
1427 282 1540 309 ἐνταῦθα
1552 280 1678 317 στρατιὰν
1688 280 1804 312 ὁπλίσας
1812 298 1820 311 ,

1037 333 1082 358 καὶ
1104 331 1211 358 σύνοδον
1227 333 1256 357 ὲν
1266 330 1314 366 μιᾷ
1338 329 1422 365 ῥοπῆς
1444 327 1503 364 ὥρᾳ
1521 327 1721 363 συστησάμενος
1737 326 1823 361 ἐκόμ-

1038 377 1116 411 παζε,
1137 378 1231 409 πείσας
1245 376 1275 411 (l.
1293 376 1395 409 πεῖσαι)
1412 374 1457 402 καὶ
1473 375 1515 401 διὰ
1535 373 1609 400 τοῦδε
1623 374 1686 404 τοὺς
1698 373 1823 403 ἅπαντας

1037 424 1145 457 ἐθέλων,
1159 424 1196 456 ὡς
1209 423 1288 454 αὐτὸς
1302 422 1344 457 εἴη
1358 421 1423 452 Θεὸς
1441 422 1455 447 6
1471 420 1642 453 συναγωγεὺς
1654 418 1709 445 τῶν
1722 417 1819 444 ἄλλων.

1038 472 1097 498 Ὅτι
1108 471 1130 496 δ’
1143 467 1189 497 οὖν
1203 469 1290 504 οἰκείᾳ
1302 467 1440 503 χρώμενος
1454 466 1566 501 ἀπονοίᾳ
1581 465 1712 491 θεοποιεῖν
1726 463 1821 490 εἴωθεν

1036 517 1141 550 ἑαυτὸν,
1153 517 1168 542 ὁ
1185 515 1233 551 μὲν
1251 515 1363 545 Ἡσαΐας
1375 511 1587 547 ἀντιπροσώπως
1600 510 1718 545 ἐλέγχων
1729 509 1820 539 αὐτὸν,

1038 563 1182 599 ἱεροφωνίᾳ
1199 560 1327 597 κηρύττει
1346 560 1499 596 προφητικῇ
1509 567 1516 573 ·
1532 556 1570 584 Σὺ
1587 557 1621 584 δὲ
1636 558 1723 590 εἴπας
1738 557 1774 583 ἐν
1786 553 1821 590 τῇ

1037 608 1143 642 καρδίᾳ
1167 615 1243 634 σου·
1272 607 1322 638 Εἰς
1343 605 1471 639 οὐρανὸν
1496 603 1699 638 ἀναϐήσομαι,
1721 602 1822 629 ἐπάνω

1036 654 1094 681 τῶν
1117 652 1250 686 ἀστέρων
1271 652 1352 684 θήσω
1375 650 1428 676 τὸν
1448 650 1555 683 θρόνον
1578 656 1650 682 μου·
1676 647 1768 675 καί]ιῶ
1788 647 1822 673 ἐν

1036 700 1098 734 ὄρει
1112 698 1231 733 ὑψηλῷ,
1250 698 1298 724 ἐπὶ
1317 699 1352 724 τὰ
1371 696 1422 730 ὅρη
1441 695 1477 722 τὰ
1495 694 1598 729 ὑψηλὰ
1612 694 1646 720 τὰ
1657 693 1732 728 πρὸς
1747 694 1822 728 Bap-

1032 745 1106 780 ρᾶν’
1128 745 1316 778 ἀναϐήσομαι
1340 741 1438 769 ἐπάνω
1459 741 1518 768 τῶν
1537 740 1689 775 νεφελῶν
1716 739 1824 774 ἔσομαι

1037 792 1138 827 ὅμοιος
1166 791 1206 823 τῷ
1231 790 1373 824 Ὑψίστῳ.
1398 788 1538 823 Μαρτυρεῖ
1561 786 1589 813 δὲ
1611 787 1716 817 τούτοις
1742 786 1824 820 ὃμοια

516 836 658 871 Propterea
679 837 748 872 quod
761 838 859 865 elatum
875 844 914 865 est
940 848 984 866 cor

1037 839 1082 864 καὶ
1100 837 1144 864 διὰ
1164 837 1211 864 τοῦ
1229 836 1365 871 προφήτου
1392 834 1573 869 φθεγγόμενος
1596 832 1725 867 Ἰεζεκιὴλ
1742 831 1823 863 αὐτὸς

1035 885 1049 910 6
1070 883 1170 919 Κύριος
1195 882 1322 917 ἄντικρυς
1337 889 1343 895 '
1378 881 1453 907 ’Μεθ’
1477 876 1521 905 ὦν
1545 878 1649 913 ὑψώθη
1675 879 1694 911 ή
1716 877 1824 911 καρδία

1036 936 1111 959 σου,
1138 928 1186 954 καὶ
1213 925 1314 958 εἴπας·
1349 925 1419 958 Θεός
1445 925 1502 959 είμι
1525 923 1597 958 ἐγὼ,
1623 921 1764 950 marcum?)
1790 922 1824 948 ἐν

1036 975 1142 1010 καρδίᾳ
1167 974 1338 1007 θαλάσσης·
1367 972 1407 998 σὺ
1432 970 1465 998 δὲ
1486 969 1515 998 εἷ
1536 970 1700 1004 ἄνθρωπος,
1719 968 1772 995 καὶ
1787 969 1824 995 οὐ

1037 1024 1117 1055 Θεός.
1135 1022 1206 1049 Ἀντί
1219 1021 1311 1047 τούτου
1330 1019 1377 1054 μὲν
1393 1019 1456 1050 ὅσας
1473 1017 1546 1051 αύτῷ
1558 1016 1690 1052 τιμωρίας
1704 1015 1822 1047 ἀπειλεῖ,

1037 1068 1100 1104 ῥᾷόν
1123 1068 1197 1094 ἐστιν
1214 1067 1246 1093 ἐκ
1260 1065 1314 1092 τῶν
1327 1063 1514 1099 ὑποκειμένων
1537 1061 1614 1089 ἰδεῖν·
1636 1063 1676 1089 ὅτι
1691 1062 1719 1088 δὲ
1736 1061 1825 1088 τοιού-

1035 1123 1091 1146 τοις
1124 1112 1292 1148 ἐπερείδεται
1322 1110 1446 1145 φάσμασι
1476 1108 1652 1144 κομπολογῶν
1681 1107 1823 1139 ἑκάστοτε,

1036 1161 1096 1195 θείᾳ.
1114 1159 1261 1194 δεδήλωται
1280 1156 1445 1192 ιψηφοφορία.
1467 1154 1617 1190 Τοιγαροῦν
1638 1154 1716 1190 εἴπερ
1738 1155 1753 1179 ὁ
1768 1153 1825 1179 δαί-

1037 1215 1093 1240 μων
1108 1204 1163 1236 οἷός
1177 1213 1208 1230 τε
1222 1202 1255 1240 ἦν
1267 1204 1362 1235 ἀνάξαι
1376 1203 1436 1233 τοὺς
1453 1201 1562 1236 ὀνόματι
1581 1200 1657 1231 θεοὺς
1674 1199 1825 1234 ἀνακικλη-

1037 1251 1198 1286 σκομένους,
1222 1251 1272 1277 οὐκ
1292 1250 1397 1284 ἀνάγκη
1419 1249 1497 1277 νοεῖν.
1514 1248 1555 1274 ὅτι
1577 1246 1675 1282 μείζων
1695 1246 1755 1272 ἐστὶ
1770 1254 1825 1273 των

1036 1297 1211 1333 ἀναγομένων
1234 1298 1248 1323 ὁ
1269 1296 1394 1330 ἁνάγων;
1420 1295 1451 1322 Εἰ
1476 1294 1504 1320 δὲ
1526 1293 1638 1330 προύχει
1661 1293 1717 1320 τῶν
1741 1293 1824 1318 ὁσίων

1036 1342 1128 1375 οὗτος,
1167 1342 1311 1369 ἀκόλουθον
1339 1340 1558 1376 ὑπολαμϐάνειν,
1587 1340 1627 1365 ὅτι
1652 1339 1700 1365 καὶ
1727 1338 1824 1365 τούτου

1036 1389 1116 1416 πάλιν
1131 1389 1210 1421 αὐτὸς
1234 1389 1248 1415 ὀ
1263 1387 1441 1424 ἁρχιδαίμων.
1467 1387 1498 1413 Εἰ
1513 1386 1541 1412 δὲ
1556 1385 1641 1412 ταῦτά
1658 1393 1699 1416 τις
1717 1384 1825 1411 ἀποδώ-

1039 1444 1109 1462 σειεν
1135 1435 1323 1470 ἀναντιρῤήτῳ
1349 1433 1471 1468 δυνάμει,
1501 1431 1654 1467 συνίστησιν
1680 1431 1718 1462 ὡς
1742 1431 1825 1462 αὐτὸς

203 1479 457 1513 animasjustorum
484 1481 625 1509 abinferis
647 1483 752 1516 possint
773 1483 899 1511 educere.
919 1484 981 1512 Haec

1037 1483 1092 1508 ἐστι
1113 1481 1178 1512 Θεὸς
1200 1479 1279 1512 θεῶν,
1298 1481 1312 1506 ὁ
1325 1481 1379 1510 τοῖς
1401 1478 1549 1515 ὑπηρέταις
1574 1478 1628 1508 τοῖς
1646 1476 1744 1503 ἑαυτοῦ
1771 1485 1825 1503 τοι-

203 1532 293 1554 nemo,
305 1524 450 1552 dummodo
467 1533 539 1553 sana:
547 1527 644 1555 mentis
655 1529 700 1561 sit,
713 1528 981 1564 allirmabitomnino,

204 1577 238 1596 ne
249 1575 344 1596 contra
369 1571 460 1597 divina
487 1572 642 1599 testimonia
670 1573 805 1601 calculum
834 1579 921 1602 atrum
937 1575 984 1603 de-

205 1616 311 1644 mittere
327 1617 459 1645 rideatur.
475 1619 542 1645 Cum
570 1619 641 1645 enim
656 1628 750 1648 alueus
767 1621 919 1655 qumsisset,
936 1622 984 1649 ad-

203 1663 299 1690 dens"
310 1673 315 1690 2
328 1662 362 1689 Et
372 1663 548 1691 dixitmulicri
559 1673 567 1691 :
579 1665 647 1698 Quid
657 1666 767 1694 vidisti?
780 1667 871 1694 statim
887 1669 984 1694 mulier

204 1708 237 1734 ad
268 1709 433 1745 interrogata
460 1712 628 1746 respondens
655 1713 746 1740 dixit:
782 1713 840 1740 Vidi
854 1714 983 1741 hominem

204 1759 301 1780 rectum
331 1756 509 1783 ascendentem
536 1766 550 1784 e
574 1763 654 1788 terra,
682 1764 704 1785 et
715 1759 757 1785 hic
773 1760 883 1787 amictus
893 1765 930 1787 est
941 1761 983 1787 di-

202 1799 306 1834 ploide;
317 1804 344 1828 et
355 1808 416 1828 cum
427 1803 560 1829 neminem
573 1804 685 1830 omnino
701 1804 823 1836 vidisset,
840 1806 884 1832 ubi
903 1806 982 1833 verba

203 1847 334 1880 percepit,
352 1848 490 1879 coanovit,
503 1852 532 1874 ut
548 1848 605 1883 ipse
621 1848 673 1875 sibi
687 1849 896 1884 imaginabatur,
908 1851 982 1878 illum

203 1899 264 1918 esse
277 1892 440 1924 Samuelem,
457 1893 556 1928 quippe
570 1894 617 1928 qui
633 1893 706 1920 intus
721 1902 736 1920 a
750 1894 872 1922 daemone
897 1903 984 1930 oppu-

203 1943 340 1973 gnaretur.
359 1938 458 1966 Verum
480 1943 509 1966 ut
533 1940 673 1974 signorum
701 1941 811 1968 nomine
835 1941 886 1968 fuit
905 1943 984 1969 abre~

204 1991 276 2019 plus,
296 1990 362 2012 tunc
389 1985 459 2013 facie
473 1986 500 2012 in
527 1989 627 2012 terram
647 1986 777 2013 inclinata
794 1987 869 2014 illum
887 1989 985 2015 adora‘

203 2032 250 2059 vit.
263 2031 354 2058 Primo
365 2032 472 2066 quidem
498 2032 647 2059 rectissime
663 2033 689 2059 id
703 2032 756 2059 dici
775 2037 872 2067 potest.
891 2033 918 2060 Si
935 2033 985 2060 Sa-

205 2077 275 2104 muel
288 2077 332 2104 ille
360 2078 467 2109 fuisset,
485 2083 581 2105 etnon
601 2078 810 2106 transformalus
834 2079 908 2107 vafer
926 2088 985 2108 ser-

204 2130 281 2157 pens,
295 2123 408 2151 dixisset
426 2123 468 2158 pia
481 2123 588 2158 quidem
614 2130 702 2151 mente
719 2134 724 2151 :
745 2124 885 2151 Dominum
902 2125 984 2152 Deum

1037 1527 1121 1562 αύτην
1136 1526 1278 1561 ἀπονέμων
1292 1525 1424 1558 ἐξουσίαν,
1437 1524 1507 1550 ὥστε
1519 1523 1661 1558 πνεύματα
1673 1523 1719 1549 καὶ
1733 1523 1824 1558 ψυχὰς

1036 1575 1066 1608 ἐξ
1084 1575 1146 1611 ᾆδον
1168 1575 1392 1610 μεταπέμπεσθαι
1418 1574 1539 1601 δικαίων.
1565 1572 1645 1600 Ἀλλὰ
1669 1572 1757 1599 ταῦτα
1774 1572 1825 1606 μὲν

1037 1621 1123 1652 οὐδείς
1144 1630 1187 1647 πω
1208 1621 1262 1648 τῶν
1286 1619 1315 1647 εὖ
1342 1619 1508 1655 φρονούντων
1522 1619 1634 1654 ὁριεῖται
1650 1618 1681 1644 τὸ
1701 1617 1823 1648 σύνολον,

1038 1668 1082 1693 ἵνα
1103 1666 1139 1702 μὴ
1158 1668 1217 1698 ταῖς
1237 1666 1327 1701 ἁγίαις
1347 1666 1455 1693 ἐναντία
1475 1666 1614 1700 ψηφιεῖται
1644 1664 1822 1700 μαρτυρίαις.

1037 1712 1145 1747 Ἐπειδὴ
1155 1711 1183 1737 δὲ
1199 1712 1229 1738 τὸ
1247 1711 1371 1747 δεύτερον
1388 1713 1402 1738 6
1417 1710 1562 1747 παραπλὴξ
1583 1711 1663 1746 ἤρετο
1684 1709 1832 1744 συνάψας,·

1036 1758 1090 1785 Καὶ
1102 1756 1280 1794 εἷπε(5⁶“)τῇ
1294 1757 1421 1792 γυναικὶ,
1448 1758 1478 1784 Τί
1491 1757 1601 1791 ἕτνως;
1623 1756 1722 1783 αὐτίκα
1742 1755 1823 1782 πάλιν

1037 1803 1260 1838 ἀνθυπενέγκασα
1276 1803 1343 1839 πρὸς
1359 1803 1406 1838 τὴν
1425 1802 1568 1838 ἐρώτησιν,
1595 1802 1705 1837 ἔφησεν·
1732 1801 1824 1828 Εἶδον·

1037 1849 1130 1883 ἄνδρα
1146 1850 1246 1883 ὄρθιον
1261 1850 1460 1876 ἀναϐαίνοντα
1475 1849 1509 1875 ἐκ
1522 1848 1578 1882 τῆς
1590 1848 1654 1883 γῆς,
1672 1847 1723 1874 καὶ
1736 1845 1827 1878 οὗτος

1038 1895 1277 1930 ἀναϐεϐλημένος
1300 1895 1454 1922 διπλοΐδα*
1480 1895 1583 1930 μηδένα
1602 1894 1675 1921 δὲτὸ
1692 1894 1823 1930 παρὰπαν

1040 1941 1111 1973 ἰδὼν,
1135 1940 1172 1972 ὡς
1197 1941 1327 1976 αὐτήκοος
1349 1940 1456 1974 ἐγένετο
1479 1939 1531 1966 τῶν
1556 1939 1652 1974 λόγων,
1673 1938 1746 1974 ἔγνω
1774 1939 1823 1974 μὲν

1038 1987 1108 2014 κατὰ
1124 1987 1172 2022 τὴν
1185 1986 1288 2013 ἔννοιαν
1305 1986 1353 2021 τὴν
1369 1985 1465 2013 ἑαυτοῦ
1485 1985 1578 2012 τοῦτον
1599 1984 1667 2012 εἶναι
1682 1984 1821 2020 Σαμουὴλ,

1039 2033 1086 2060 ἅτε
1110 2032 1381 2068 διαπολιορκούμενος
1402 2031 1455 2058 ὑπὸ
1476 2033 1524 2058 τοῦ
1547 2031 1673 2067 δαίμονος
1698 2030 1820 2058 ἔνδοθεν·

1037 2078 1074 2110 ὡς
1088 2078 1117 2104 δὲ
1132 2079 1164 2114 τῇ
1179 2077 1233 2104 τῶν
1248 2078 1366 2113 σημείων
1385 2077 1515 2113 ὀνομασίᾳ
1531 2076 1708 2112 συνηρπάσθη
1720 2097 1727 2109 ,
1745 2085 1820 2112 τηνι-

1039 2123 1125 2150 καῦτα
1143 2124 1175 2150 τὸ
1196 2123 1340 2159 πρόσωπον
1362 2124 1507 2155 ὑποκλίνας
1538 2124 1584 2149 ἐπὶ
1604 2124 1637 2159 τῇ
1664 2124 1710 2158 γῇ,
1740 2131 1823 2158 προσ-

203 2174 276 2196 mum
293 2170 428 2202 adorabis,
441 2175 465 2196 et
488 2169 530 2196 illi
546 2170 596 2198 soli
610 2171 708 2198 cultum
735 2171 874 2206 priestabis
889 2172 921 2198 ’⁷.
935 2172 983 2200 Se-

1037 2169 1165 2205 εκύνησεν
1175 2169 1258 2205 αὐτῷ.
1270 2169 1379 2206 Πρῶτον
1393 2169 1442 2205 μὲν
1450 2167 1495 2196 οὖν
1503 2169 1633 2206 ὀρθότατα
1643 2169 1711 2204 φαίη
1723 2177 1767 2200 τις
1778 2169 1820 2200 ἂν,

203 2217 293 2244 cundo
307 2225 403 2245 rursus
418 2218 524 2250 addam,
543 2225 605 2245 cum
624 2217 732 2245 Samuel
746 2219 874 2246 universo
884 2219 983 2254 populo

203 2263 358 2297 imperaret,
388 2264 545 2299 primasque
573 2266 646 2292 inter
671 2265 817 2299 prophetas
835 2265 977 2298 obtineret,

204 2308 269 2336 Saul
286 2309 357 2337 inter
368 2310 488 2344 privatos
505 2310 592 2338 adhuc
609 2312 726 2346 parietes
753 2310 943 2343 delitescebat;
957 2315 985 2338 et

206 2356 265 2384 dum
282 2355 367 2389 patris
399 2355 491 2383 asinas
507 2357 668 2391 requireret,
693 2356 826 2383 accedens
847 2356 879 2382 ad
894 2356 984 2390 ipsum

203 2401 285 2428 veluti
312 2401 470 2436 prophetam
489 2403 708 2437 interrogaturus
734 2402 768 2430 de
778 2401 910 2436 jumenlis
937 2402 984 2429 de-

202 2446 316 2481 perditis
325 2446 357 2477 '3,
378 2454 549 2482 nequaquam
563 2447 637 2474 illum
654 2447 811 2474 adoravisse
827 2451 984 2481 compertus

200 2494 252 2523 est,
268 2491 320 2517 etsi
335 2491 407 2519 illius
424 2499 475 2526 ope
489 2491 621 2527 indigeret
636 2496 782 2526 aperteque
793 2492 830 2518 illi
845 2496 875 2518 ut
890 2492 983 2527 populi

159 2525 171 2566 ἰ,
200 2537 307 2563 ductori
323 2525 493 2564 subderetur.
509 2525 650 2570 Quomodo
671 2538 753 2573 igitur
776 2538 822 2572 qui
852 2543 916 2565 tunc
929 2546 983 2565 non

202 2583 325 2610 adoravit
341 2584 462 2618 privatus
482 2584 646 2619 principem,
663 2591 737 2610 nunc
748 2592 782 2611 ex
796 2584 922 2619 opposito
937 2592 984 2611 rex

201 2630 335 2663 privatum
365 2630 477 2658 adorat?
505 2630 552 2658 His
575 2631 654 2657 tertio
690 2630 861 2662 subnectam,
888 2631 984 2665 utquid

201 2674 261 2701 deos
287 2678 455 2703 ascendentes
482 2684 543 2703 eum
567 2676 698 2708 audisset,
729 2677 825 2703 horum
850 2677 984 2704 neminem

1038 2216 1061 2242 εί
1082 2215 1206 2252 Σαμουὴλ
1223 2215 1367 2250 ἐτύγχανεν
1391 2217 1509 2248 ἐκεῖνος,
1535 2215 1602 2242 ἀλλὰ
1622 2216 1658 2251 μὴ
1682 2224 1821 2251 μεταμορ-

1038 2261 1137 2296 φωθεὶς
1161 2262 1174 2288 6
1190 2261 1357 2298 πολύτροπος
1375 2261 1452 2296 ὄφις,
1477 2261 1680 2295 ἁνθυπενέγκας
1703 2261 1822 2296 ἔφρασεν

1038 2307 1070 2334 ἂν
1085 2307 1190 2334 εὐσεϐεῖ
1208 2307 1328 2343 λογισμῷ
1341 2316 1348 2322 ·
1372 2309 1468 2342 Κυρίῳ
1486 2307 1525 2340 τῷ
1543 2307 1603 2339 Θεῴ
1615 2315 1672 2334 σου
1687 2314 1821 2341 προσκυ-

1037 2352 1158 2385 νήσεις,
1180 2353 1228 2379 καὶ
1251 2353 1330 2385 αὐτῷ
1345 2353 1623 2387 μόνῳλιιτρεύσεις.
1647 2352 1779 2388 Δεύτερον
1793 2352 1821 2378 δὲ

1039 2399 1119 2425 πάλιν
1133 2399 1234 2434 εἴποιμ’
1248 2398 1291 2431 ἂν,
1306 2399 1422 2433 ὁπηνίκα
1437 2399 1561 2434 Σαμουὴλ
1575 2398 1622 2425 τοῦ
1637 2398 1739 2430 παντὸς
1753 2396 1821 2434 ἦρχε

1037 2445 1102 2472 λαοῦ
1129 2446 1176 2472 καὶ
1198 2445 1338 2481 προφήτης
1366 2445 1512 2481 ἐτύγχανεν
1536 2445 1672 2481 ἕγκριτος,
1697 2446 1712 2471 6
1736 2445 1821 2472 Σαοὺλ

1038 2491 1180 2517 ἰδιωτεύων
1197 2491 1236 2517 ἔτι
1253 2492 1299 2518 καὶ
1317 2491 1368 2523 τὰς
1384 2492 1430 2518 τοῦ
1452 2491 1554 2527 πατρὸς
1569 2491 1646 2522 ὅνους
1665 2490 1820 2526 ἀναζητῶν,

1037 2536 1118 2572 ἀπῄει
1132 2537 1180 2572 μὲν
1191 2536 1228 2569 ὡς
1246 2537 1325 2564 αὐτὸν
1338 2538 1492 2573 ἐρωτήσων,
1509 2534 1552 2563 οἷσι
1565 2537 1719 2572 προφήτην,
1741 2536 1822 2562 ἕνεκα

1037 2583 1090 2610 τῶν
1114 2583 1286 2619 ἀπολομένων
1318 2583 1480 2618 ὑποζυγίων,
1509 2583 1626 2618 οὐδαμοῦ
1648 2583 1677 2609 δὲ
1696 2582 1822 2616 φαίνεται

1039 2629 1228 2665 προσκυνήσας
1245 2629 1327 2665 αὐτῷ,
1344 2630 1432 2656 καίτοι
1448 2628 1556 2665 χρῄζων
1575 2628 1669 2660 αὑτοῦ,
1687 2629 1735 2654 καὶ
1753 2636 1822 2663 προσ

1041 2675 1132 2710 φανῶς
1148 2675 1326 2711 ὑποκείμενος
1341 2673 1386 2702 οία
1399 2675 1565 2711 καθηγεμόνι
1581 2673 1656 2700 λαοῦ.
1675 2673 1738 2706 Πῶς
1748 2671 1796 2700 οὖν
1807 2674 1822 2701 ό

236 2742 258 2756 ⁵³
274 2741 329 2769 lsa.
348 2751 404 2775 xw,
421 2745 464 2775 15,
483 2745 526 2772 14.
564 2746 586 2760 ’⁵
614 2744 710 2772 Ezec/i.
730 2753 826 2775 xxvm.
843 2745 869 2771 '2.
907 2745 930 2761 ’θ’
943 2744 957 2771 I
973 2745 984 2771 I

1048 2751 1144 2775 xxvtu,
1158 2743 1200 2775 13,
1221 2743 1263 2769 Η.
1300 2743 1321 2758 ’⁷
1334 2741 1428 2769 Matth.
1444 2750 1481 2774 Iv,
1498 2733 1540 2768 i0.
1581 2739 1701 2775 “lReg.
1717 2748 1755 2772 Ix,
1775 2743 1816 2772 μ,

237 2810 406 2846 (ὖ“’)Ἡ.ίετο
419 2812 568 2846 συνάψας·
586 2815 639 2842 Καὶ
657 2813 729 2842 εἷπε.
743 2814 787 2842 Sic
800 2814 969 2844 reslituiuius

1037 2815 1060 2843 id
1076 2816 1102 2843 in
1120 2815 1199 2850 impr.
1213 2814 1322 2849 legitur,
1339 2813 1419 2848 ἤρετο
1433 2813 1479 2840 καὶ
1500 2811 1629 2846 συνάψας·
1645 2809 1724 2838 Bina.
1741 2807 1810 2838 Enr
