1909 3071
51 105 106 133 833

504 104 548 132 DE
564 102 861 133 ENGASTRIMYTHO
881 102 1021 133 CONTRA
1040 104 1226 135 ORIGENEMA

1616 104 1668 132 634

53 164 115 192 τότε
129 162 167 198 μὴ
179 165 373 200 προσκυνήσας
384 163 420 196 ὡς
436 162 542 200 ίδιώτης
555 164 676 199 ἄρχοντι,
685 163 732 190 νῦν
740 163 770 190 ὲγ
784 163 837 190 τῶν
853 190 855 194 ,

900 163 1002 198 ldorat;
1016 172 1079 192 cum
1093 174 1158 194 vero
1171 166 1256 193 virum
1272 169 1369 192 rectum
1389 163 1515 198 intelligit
1528 162 1668 191 ascendens

53 209 185 236 ἐναντίων
201 210 215 235 ὁ
231 209 356 244 βασιλεὺς
382 208 542 237 ἰδιωτεύοντι
560 210 720 244 προσκυνεί;
742 209 838 244 Τρίτον

54 256 101 282 ἐπὶ
114 255 220 287 τούτοις
235 255 289 291 ἔχω
303 255 402 290 λέγειν,
416 256 443 281 τί
457 255 554 290 δήποτε
568 255 653 287 θεοὺς
666 255 840 281 ἀναϐαίνον-

54 309 108 333 τας
134 301 265 332 ἀκούσας,
285 302 371 328 οὐδενὶ
390 301 491 327 τούτων
516 301 732 336 προσεκύνησεν·
754 301 798 326 ὅτε
812 300 840 326 δὲ

54 346 108 372 τὸν·
121 345 218 379 ἄνδρα
231 346 332 380 ὄρθιον
343 346 458 381 ἀκήκοεν
470 346 682 379 ἀναϐεϐηκότα,
693 344 840 380 τηνικαῦτα

56 392 251 426 προσκυνήσας
267 391 401 425 ὑπέκυψε;
420 391 474 417 Καὶ
493 390 555 425 μὴν,
573 389 611 421 ὡς
637 388 774 425 Ὠριγένης
790 389 842 414 ὰπ-

55 437 176 471 εφήνατο
191 436 344 472 τολμηρῶς,
361 436 439 472 εἴπερ
450 435 558 470 ἄγγελοί
572 443 643 467 τινες
656 433 724 470 ἦσαν
739 435 769 460 ὲκ
779 433 841 460 τού-

55 491 110 510 των
133 482 149 517 ἢ
169 483 247 518 χοροὶ
265 482 420 518 προφητῶν,
443 481 494 508 ἔδει
517 483 572 513 τοῖς
598 481 749 517 κρείττοσιν
776 481 842 507 ὑπο-

57 529 155 564 κύψαι.
182 527 287 556 Οὐκοῦν
306 531 338 556 ἐκ
353 529 459 556 πάντων
476 528 543 565 ὁμοῦ
555 528 608 554 τῶν
623 528 710 564 ἔργων
723 526 843 563 εὐχερῶς

56 576 131 601 ἐστιν
159 574 234 607 ἰδεῖν,
252 575 293 602 ὅτι
310 575 355 602 τὸν
368 574 487 610 ἡγεμόνα
505 574 554 609 μὲν
573 573 634 600 νοῦν
650 572 816 607 ἐτύῳλωττεν
829 573 843 599 ό

58 621 156 654 Σαοὺλ,
167 622 220 648 ὑπὸ
230 621 277 648 τοῦ
288 621 411 657 δαίμονος
422 621 606 656 ἐλαυνόμενος·
617 621 630 647 ὁ
640 619 669 646 δὲ
677 619 844 650 διάόολοςείς

56 667 204 702 διαφόρους
218 666 376 702 ὲξήλλαττεν
391 666 484 693 ἑαυτὸν
494 665 575 697 ἰδέας,
590 664 641 690 ὑπὸ
651 663 698 690 τοῦ
713 663 844 690 δυνάστου

58 712 283 747 προσκυνηθῆναι
314 711 581 747 πραγματευόμενος,
616 710 658 736 ἵνα
691 711 724 736 ἐκ
751 708 844 736 τούτου

59 758 200 790 πλείστους
209 759 287 790 ὅσους
298 758 453 793 ἐξαπατήσῃ
461 757 609 791 λεληθότως
617 756 852 790 ὑποκύπτωνι5”“)

60 803 143 839 αὐτῷ.
157 803 254 830 Καίτοι
269 812 301 837 γε
314 803 342 829 δὲ
359 802 389 837 [Ῑ.
402 803 444 838 δὴ]
457 803 486 828 οὐ
500 802 574 834 ξένον
586 803 658 828 ἐστὶν
674 802 768 833 εἰπεῖν,
780 801 846 827 ὅπου

890 213 951 241 lem,
967 213 1032 238 tunc
1048 218 1081 237 eo
1092 211 1205 239 adorato
1215 210 1292 238 humi
1306 218 1336 238 se
1349 210 1465 237 stravit?
1478 209 1510 236 Et
1525 213 1626 242 tamen.
1640 217 1670 238 ut

889 253 1021 289 Origenes
1051 255 1134 283 nimis
1162 255 1292 283 audacter
1321 254 1521 286 determinavit,
1545 255 1568 283 si
1582 256 1670 290 angeli

891 299 928 326 illi
941 300 983 327 vel
998 300 1074 327 chori
1100 301 1295 335 prophetarum
1312 299 1438 331 fuissent,
1461 299 1514 334 ipsi
1542 303 1671 334 tanquam

891 346 1093 379 prmstantiores
1106 349 1184 373 erant
1204 345 1345 373 adorandi.
1371 345 1453 380 Igitur
1467 345 1509 372 his
1522 346 1602 373 rebus
1615 353 1672 374 om-

891 390 971 417 nibus
998 390 1080 417 simul
1106 391 1305 422 eonsideratis,
1329 390 1407 417 facile
1436 394 1477 417 est
1504 390 1672 425 intelligere,

893 435 982 463 Saulis
997 444 1012 463 a
1031 436 1153 464 dminone
1177 437 1263 464 vexati
1281 436 1430 471 principem
1453 436 1549 462 anima.-
1566 440 1672 470 partem

893 482 1062 515 caecutiisse;
1085 482 1224 510 diabolum
1245 490 1310 509 \ero
1323 482 1350 508 in
1368 482 1457 508 varias
1472 480 1572 508 formas
1587 486 1675 507 mula-

894 532 950 554 tum
963 547 970 558 ,
996 528 1060 555 dum
1077 535 1092 554 a
1107 537 1170 563 rege
1186 528 1293 555 adorari
1308 528 1402 558 ambit,
1419 531 1447 554 ut
1463 526 1675 562 quamplurimas

895 572 1011 605 falleret,
1039 574 1224 601 adorationem
1240 574 1292 602 sibi
1309 574 1452 601 adstruere
1474 573 1602 601 voluisse.
1619 572 1676 600 Hoc

895 627 960 646 sane
973 620 1085 647 minime
1111 621 1209 647 mirum
1226 625 1278 652 est,
1305 628 1355 648 nec
1384 623 1481 655 praeter
1498 620 1677 654 exspectatio-

895 673 977 692 nem:
1005 673 1068 692 nam
1094 666 1146 694 etsi
1163 666 1265 694 Christi
1289 674 1406 701 persona
1421 670 1577 700 conspecta,
1596 673 1677 700 quem

896 710 969 738 intus
980 718 1009 738 re
1019 714 1046 738 et
1060 711 1220 746 operatione
1236 711 1319 739 Deum
1334 713 1367 745 ν’,
1386 715 1539 747 naturaque
1555 711 1601 738 Dei
1616 711 1678 745 legi-

897 756 993 782 timum
1011 755 1109 783 Filium
1137 757 1256 789 videbat,
1277 756 1391 784 ‘homine
1410 765 1489 791 puro,
1507 757 1677 791 incorrupto.

898 800 981 828 nullis
1009 801 1136 829 sordibus
1159 802 1357 829 commaculato
1378 802 1587 835 circumdatum,
1603 807 1680 829 extra

58 856 90 882 γε
105 849 153 876 καὶ
175 848 206 875 τὸ
222 848 269 875 τοῦ
285 847 402 884 Χριστοῦ
420 847 564 884 πρόσωπόν
579 846 694 878 εἰσιδὼν,
711 846 783 882 ἔργῳ
803 846 851 881 μὲν

901 854 965 875 vero
975 849 1105 882 templum
1121 848 1344 883 pulcherrimum,
1357 852 1555 880 consecratum,
1570 849 1682 876 inviola-

59 895 163 921 ἔνδοθεν
175 893 248 930 ἐώρα
261 894 307 921 καὶ
318 894 412 929 πράξει
422 894 497 926 Θεὸν,
509 894 556 920 καὶ
569 893 647 928 φύσει
658 892 724 919 Θεοῦ
735 893 845 927 γνήσιον

59 939 134 970 Υἰον,
152 938 298 974 ἄνθρωπον
315 939 342 965 δὲ
357 937 474 974 καθαρὸν
485 958 492 967 .
512 938 660 973 ἄχραντον,
682 937 845 973 ἀκηλίδωτον

59 985 186 1017 ἐξωτάτω
213 984 403 1020 περικείμενον
421 983 588 1016 ἐποπτεύων,
603 984 660 1017 ,καὶ
674 983 738 1010 ναοῦ
753 983 846 1017 χρῆμα

61 1029 241 1066 περικαλλές,
269 1030 471 1065 ἀφιερωμένον,
498 1028 643 1064 ἀσύλητον,
668 1029 743 1055 οὐδὲν
766 1026 846 1064 ἧττον

59 1075 232 1111 ἐκπειράζων
246 1076 325 1102 αὑτὸν
338 1075 452 1111 ἀμελητὶ
468 1075 579 1111 προσείη
590 1076 619 1110 (Ι.
633 1074 768 1110 προσῄει),
786 1073 846 1100 θεο-

62 1121 155 1157 μαχῶν
164 1121 306 1152 εἰωθότως·
318 1121 354 1152 ὡς
364 1121 402 1154 δὲ,
413 1121 446 1147 τὰ
457 1121 552 1156 πρῶτα
563 1121 610 1148 καὶ
620 1121 654 1148 τὰ
662 1121 774 1156 δεύτερα
787 1120 846 1147 καθ’

60 1167 156 1194 ἑαυτοῦ
173 1166 420 1202 προκαλεσάμενος,
435 1166 537 1202 ἡττήθη
552 1167 653 1202 ραγεὶς,
668 1166 758 1198 ἄθλιος
770 1165 847 1198 αὖθις

61 1214 98 1245 εἰς
119 1213 185 1240 ἄλλο
206 1212 376 1247 μεταλλάξας
395 1210 460 1247 ’ἦθος
472 1232 479 1244 ,
497 1212 684 1238 ὑποδεικνύναι
704 1212 753 1247 μὲν
773 1212 847 1247 αὐτῷ

61 1260 151 1287 πᾶσαν
166 1259 216 1294 τὴν
232 1258 308 1285 τοῦδε
323 1257 369 1285 τοῦ
386 1259 486 1294 κόσμου
501 1258 671 1294 περιγραφὴν
686 1258 846 1294 ἐπεχείρησε

63 1305 109 1334 καὶ
131 1304 183 1335 τὰς
205 1303 344 1339 βασιλείας
364 1304 462 1339 αὐτῆς,
487 1304 599 1339 ἀπονοίᾳ
626 1304 654 1330 δὲ
676 1304 723 1331 καὶ
746 1304 847 1340 ψευδη-

63 1350 143 1386 γορίᾳ
163 1349 362 1385 θρασυνόμενος
381 1349 536 1384 ὲκόμπαζε-
568 1348 661 1376 Ταῦτα
681 1349 779 1376 πάντα
798 1358 847 1377 σοι

61 1395 164 1425 δώσω.
186 1396 239 1423 ἐὰν
260 1394 363 1421 πεσὼν
386 1395 603 1430 προσκυνήσῃς
627 1405 688 1430 μοι.
715 1397 848 1429 Τοιαύτας

65 1441 113 1476 μὲν
136 1439 183 1468 οὖν
207 1442 221 1468 ὁ
242 1441 343 1476 ἀσεϐὴς
369 1441 467 1477 ἕρῤηξε
494 1441 572 1477 δεῦρο
597 1441 701 1476 φωνὰς,
727 1443 848 1478 οἰόμενος

64 1489 102 1519 εἱς
129 1487 216 1523 ὀργὴν
241 1487 440 1514 ἐκκαλέσασθαι
462 1487 496 1514 τὰ
516 1488 565 1522 τῆς
585 1488 759 1521 ἀνεξικακίας
783 1489 847 1525 ἤθη,

899 895 973 926 tum;
1005 893 1182 920 nihilominus
1211 894 1245 920 ad
1277 894 1352 920 illum
1382 893 1515 921 accedens
1539 901 1680 928 perperam

899 938 1031 970 tentabat,
1061 945 1111 964 suo
1139 938 1220 965 modo
1236 942 1262 966 et
1287 946 1362 966 more
1377 946 1494 973 pugnam
1509 938 1563 966 Deo
1592 939 1681 966 inten-

899 985 978 1012 dens.
997 983 1048 1010 Ubi
1063 991 1127 1011 vero
1145 983 1243 1011 iterum
1271 988 1352 1019 atque
1374 985 1471 1011 iterum
1495 988 1590 1011 contra
1602 992 1631 1012 se
1647 984 1681 1012 ad

899 1038 1015 1066 pugnam
1030 1037 1182 1064 provocans
1197 1029 1319 1058 devictus
1348 1034 1400 1062 est,
1415 1030 1512 1057 misere
1529 1030 1681 1065 disruptus,

899 1084 968 1102 nova
983 1075 1035 1103 sibi
1048 1076 1137 1110 specie
1151 1075 1247 1107 ascita,
1264 1076 1420 1102 universum
1447 1081 1579 1103 terrarum
1596 1076 1683 1103 alubi-

900 1125 957 1148 tum
968 1125 994 1148 et
1010 1128 1090 1155 regna
1103 1125 1243 1148 ostentare
1260 1128 1363 1154 ausus;
1379 1121 1496 1147 amentia
1518 1120 1683 1147 mendaciis-

899 1173 952 1200 que
965 1165 1126 1200 Superbiens
1149 1165 1268 1199 iactabat
1287 1174 1292 1191 ι
1312 1164 1375 1191 Πατσ
1391 1165 1478 1190 onmia
1501 1164 1550 1190 tibi
1565 1163 1643 1196 dabo,
1659 1165 1684 1191 si

900 1211 995 1238 cadens
1016 1211 1166 1238 adorareris
1179 1219 1218 1237 me
1234 1211 1266 1237 3°.
1284 1210 1392 1237 Similes
1412 1210 1456 1237 hic
1487 1211 1586 1245 impius
1602 1218 1683 1239 voces

899 1258 1000 1289 emisit,
1026 1265 1058 1284 co
1085 1257 1176 1284 animo
1204 1260 1231 1284 ut
1255 1258 1281 1284 in
1300 1258 1368 1284 iram
1396 1257 1567 1284 clementiam
1591 1257 1680 1292 ipsam

900 1307 1081 1338 provocaret;
1101 1311 1155 1337 quo
1165 1303 1303 1330 videretur
1317 1302 1424 1337 aggredi
1442 1303 1614 1337 imparatum.
1633 1301 1684 1330 Ve-

901 1359 960 1377 rum
977 1350 1122 1378 tolerantia
1136 1349 1260 1376 maleﬁco
1282 1349 1409 1381 dazmoni,
1425 1353 1455 1376 ut
1469 1349 1524 1376 Deo
1539 1349 1685 1378 convenie-

901 1397 956 1427 bat,
974 1396 1110 1423 silentium
1126 1395 1265 1429 imposuit.
1292 1394 1384 1422 Solius
1398 1395 1498 1430 quippe
1525 1395 1570 1422 Dei
1583 1399 1626 1422 est
1643 1399 1685 1422 to-

901 1442 1020 1469 leranler
1048 1441 1140 1468 omnia
1172 1441 1251 1468 ferre.
1269 1440 1298 1467 Si
1327 1441 1408 1475 igitur
1422 1441 1472 1475 ipsi
1491 1440 1604 1468 Domino
1621 1441 1685 1468 talia

901 1488 976 1516 eﬂ‘ari
994 1495 1089 1523 parum
1118 1487 1156 1514 illi
1173 1495 1244 1514 cura:
1271 1487 1329 1520 fuit,
1345 1487 1482 1521 quomodo
1511 1486 1685 1514 manifestum

65 1532 110 1558 καὶ
122 1532 167 1558 διὰ
180 1532 227 1558 τοῦ
247 1532 351 1559 τοιοῦδε
371 1532 458 1558 δοκεῖν
479 1532 719 1567 ἐπιλαμϐάνεσθαι·
751 1524 852 1570 μακρο-

902 1543 957 1562 non
971 1534 1022 1561 erit
1033 1542 1087 1561 non
1103 1534 1195 1561 minus
1211 1533 1271 1568 ipso
1287 1533 1341 1561 Deo
1356 1533 1542 1560 adorationem
1559 1533 1685 1560 ambien-

64 1578 149 1614 θυμία
173 1579 200 1605 δὲ
223 1578 386 1612 κατεσίγασε
414 1578 460 1605 τὸν
487 1578 624 1615 ἀλάστορα
661 1579 819 1615 θεοπρεπῶς
835 1582 850 1608 ὁ

65 1624 177 1659 Κύριος”
196 1625 266 1664 ,ἴδιον
293 1624 346 1660 γὰρ
366 1625 399 1651 ἂν
428 1624 470 1659 εἴη
490 1625 549 1660 Θεῷ
571 1626 659 1652 πάντα
682 1627 849 1659 ἀνεξικάκως

66 1671 169 1706 φέρειν.
196 1671 227 1697 Et
249 1671 338 1697 τοίνυν
363 1671 437 1706 αὐτῷ
459 1672 497 1707 τῷ
518 1672 612 1708 Κυρίῳ
633 1673 744 1700 τοιαῦτα
765 1682 847 1708 προσ-

65 1718 135 1742 oin:
161 1717 270 1752 ῥήματα
295 1717 359 1752 παρ’
375 1717 450 1743 οὐδὲν
467 1717 604 1752 ἡγήσατο,
641 1717 699 1749 πῶς
719 1718 768 1745 οὐκ
788 1718 845 1745 ἔστι

902 1584 955 1608 tem
975 1581 1021 1607 illa
1049 1579 1189 1607 tentasse?
1204 1579 1259 1606 lloe
1283 1579 1329 1614 qui
1345 1587 1419 1606 sanae
1434 1579 1532 1606 mentis
1549 1582 1613 1605 sunt
1631 1586 1687 1606 om-

902 1634 950 1655 nes
969 1626 1048 1653 facile
1063 1626 1224 1660 intelligunl,
1239 1632 1254 1651 a
1268 1625 1389 1652 dmmoue
1406 1632 1452 1659 per
1466 1624 1594 1651 furiosam
1613 1624 1686 1651 illam

901 1671 1041 1698 mulierem
1064 1671 1216 1697 dementem
1238 1677 1328 1704 regem
1351 1669 1495 1704 deceptum
1522 1673 1620 1704 praeter
1641 1669 1688 1704 jus

899 1726 958 1746 sese
974 1717 1131 1744 inclinasse.

67 1764 162 1798 σαφὲς,
179 1765 219 1791 ὅτι
237 1764 444 1800 προσκυνεῖσθαι
461 1764 620 1800 βουλόμενος
647 1765 691 1791 ἶσα
705 1765 763 1801 Θεῷ
785 1766 871 1793 ταῦτα
886 1765 1075 1801 ὃιεπράττετο;
1088 1763 1171 1790 Τοῦτο
1185 1763 1242 1798 μὲν,
1255 1760 1340 1797 οἶμαι,
1354 1762 1410 1793 τοῖς
1421 1759 1450 1788 εὖ
1461 1760 1588 1796 φρονοῦσι
1603 1760 1688 1789 κατά-

64 1820 156 1846 φωρον
168 1812 284 1847 ὑπάρχει
293 1813 383 1842 πᾶσιν,
392 1813 483 1839 auara
491 1814 617 1847 γυναικὸς
626 1813 764 1849 ὲμμανοῦς
776 1814 900 1850 ὴπάτησε
915 1812 960 1839 τὸν
972 1812 1088 1847 ἔκφρονα
1104 1810 1237 1845 δυνάστην
1251 1808 1388 1843 ὑποκῦψαι
1402 1807 1476 1843 αὑτῷ
1488 1808 1562 1844 παρὰ
1575 1808 1605 1835 τὸ
1617 1809 1687 1836 δέον.

101 1869 147 1897 XI.
168 1870 229 1896 Ἔτι
245 1870 273 1896 δὲ
293 1870 453 1906 διαληπτέον
472 1870 542 1898 αὐτὰ
563 1871 597 1898 τὰ
617 1871 721 1904 τούτοις
741 1871 850 1898 ὑποκεί-

67 1925 137 1952 μενα
160 1915 287 1950 καθεξῆς.
315 1916 358 1948 Ὠς
380 1914 426 1943 οὖν
445 1916 460 1942 ὁ
475 1916 560 1943 Σαοὺλ
576 1917 722 1953 ὑπεκλίνθη
747 1917 785 1952 τῷ
799 1917 851 1951 φά-

67 1970 152 1998 σματι
174 1962 375 1997 προσκυνήσας,
394 1959 472 1994 αὖθις
494 1962 667 1998 ὑποκρίνεται
690 1963 851 1989 πεπονθέναι

68 2009 129 2044 βίαν
162 2010 177 2035 ὁ
203 2009 369 2044 δολομήτης,
404 2010 445 2041 εἰς
469 2008 500 2035 τὸ
527 2010 618 2045 σχῆμα
649 2009 697 2036 τοῦ
728 2009 852 2045 Σαμουὴλ

66 2054 190 2091 ἀμείψας
214 2054 321 2081 ἑαυτόν·
346 2053 405 2081 εἶτα
427 2055 496 2090 μετὰ
516 2055 656 2091 εἰρωνείας
676 2055 853 2091 ἀποκρίνεται

68 2101 311 2136 σκυθρωπότερον·
341 2101 432 2128 Ἱνατί
462 2101 702 2136 παρηνώχλησάς
721 2111 769 2136 με.
797 2101 853 2136 φά-

67 2155 154 2174 σκων
180 2147 346 2180 ἀναϐῆναι;
365 2147 457 2174 Ταῦτα
480 2148 508 2174 δὲ
526 2148 706 2183 πλαττόμενος
730 2148 854 2183 ἀπαρεμ-

68 2192 164 2227 φάτως
193 2191 318 2218 ἐϐούλετο
349 2192 509 2227 σημαίνειν,
539 2192 579 2219 ὅτι
610 2193 656 2218 καὶ
683 2192 782 2219 ἄκοντα
808 2192 853 2219 τὺν

69 2238 214 2274 προφήτην
238 2238 251 2263 ὁ
271 2237 375 2272 δαίμων
404 2237 516 2273 ἠδύνατο
541 2238 779 2274 μεταπέμπεσθαι,
807 2238 854 2266 καὶ

70 2283 131 2310 κατ’
149 2282 233 2309 αὑτοῦ
255 2283 383 2318 τοιαύτην
404 2282 474 2318 ἔχειν
495 2282 628 2315 ἐξουσίαν.
644 2281 709 2310 Εἶτα
729 2282 854 2310 τοσοῦτον

69 2328 269 2364 ἁμϐλυωποῦσί
289 2337 376 2361 τινες,
396 2329 433 2361 ὡς
452 2329 482 2356 οὐ
497 2329 623 2356 δύνασθαι
639 2331 720 2361 νοεῖν,
734 2329 774 2355 ὅτι
792 2329 854 2360 τοὺς

68 2374 201 2409 δαίμονας
221 2375 250 2400 ὲν
268 2373 307 2409 τῷ
324 2374 388 2410 Θείῳ
409 2374 603 2409 φυγαδεύουσιν
624 2374 734 2410 ὀνόματι
755 2374 856 2406 πάντες

69 2422 94 2447 οι
110 2420 148 2447 τὰ
168 2420 214 2447 τοῦ
233 2420 352 2456 Χριστοῦ
375 2420 534 2456 φρονοῦντες
558 2421 726 2457 εἰλικρινῶς,
745 2421 805 2456 οὐχὶ
826 2420 854 2447 δὲ

70 2467 228 2494 τούναντίον
245 2466 283 2498 ὡς
301 2467 476 2501 ὑποκείμενοι
494 2466 596 2499 τούτοις
616 2467 726 2498 ἄκοντες
744 2466 855 2493 ἀναϐαί-

71 2521 164 2538 νουσιν
186 2511 216 2544 ὲξ
233 2512 307 2547 ᾅδου,
321 2513 560 2548 μεταπεμπόμενοι
573 2512 642 2549 πρὸς
659 2512 757 2539 αὐτῶν.
779 2513 810 2538 El
826 2510 855 2537 δέ

71 2566 113 2590 τις
140 2557 228 2584 οῐεται
253 2558 283 2584 τὸ
303 2558 353 2593 τῆς
377 2558 595 2594 ἐγγαστριμύοου
623 2558 759 2593 δαιμόνιον
783 2556 857 2583 οὐδε-

73 2603 185 2630 πώποτε
206 2603 421 2637 φυγαδεύεσθαι,
443 2601 559 2638 προῦχον
575 2604 702 2630 ἁπάντων
718 2602 785 2638 ὁμοῦ
804 2601 858 2628 τῶν

72 2649 175 2681 ἄλλων,
205 2649 382 2684 ἀναδραμέτω
413 2650 460 2684 μὲν
486 2650 526 2680 είς
551 2649 600 2680 τὰς
622 2649 675 2676 τῶν
702 2648 856 2675 ἀποστόλων

72 2695 202 2730 Πράξεις,
235 2695 278 2721 ἐπ’
302 2695 390 2721 αὐτῶν
418 2694 447 2721 δὲ
467 2695 521 2721 τῶν
545 2694 650 2730 χωρίων
676 2693 856 2729 ὲμῦατεύσας,

73 2740 152 2767 ἰδέτω
174 2739 233 2771 πῶς
249 2741 264 2767 ό
278 2739 440 2778 περιοδεύων
464 2741 606 2776 ἱεροκήρυξ
628 2738 739 2773 ἀφίκετο
758 2738 860 2770 Παῦλος

109 2796 131 2812 ³⁵
148 2795 249 2830 Philip.
259 2803 290 2828 It,
302 2796 329 2822 Ε.
368 2797 389 2812 ³⁰
401 2795 497 2823 Matt/1.
511 2804 547 2828 Iv,
560 2796 586 2822 9.

935 1869 981 1897 XI.
1010 1868 1196 1897 Examinanda
1226 1867 1289 1894 item
1317 1871 1460 1900 suntquae
1484 1865 1565 1892 dictis
1592 1866 1688 1894 ordine

901 1917 1060 1944 continuato
1090 1914 1252 1942 subduntur.
1279 1911 1313 1939 Ut
1341 1910 1407 1938 Saul
1437 1911 1512 1938 humi
1543 1912 1689 1946 procubuit

902 1962 1016 1989 adorato
1027 1964 1146 1996 spectro,
1155 1960 1244 1987 denuo
1259 1958 1370 1985 dolosus
1381 1957 1436 1991 ille,
1452 1956 1586 1984 Samuelis
1601 1957 1688 1985 forma

903 2011 1054 2043 assumpta,
1069 2007 1123 2034 vim
1137 2006 1239 2042 perpeti
1255 2005 1345 2039 ﬁngit;
1372 2007 1466 2039 postea
1477 2011 1524 2038 per
1535 2003 1691 2031 dissimula-

905 2054 1006 2081 tionem
1016 2053 1148 2087 vultuque
1156 2050 1288 2078 mtestiori
1297 2049 1444 2084 respondet
1455 2058 1461 2076 :
1481 2045 1577 2083 Ulqu‘id
1586 2054 1690 2083 pertur-

906 2098 975 2126 basti
1004 2106 1055 2130 me,
1073 2097 1179 2128 dicens,
1206 2095 1327 2130 faciendo
1353 2102 1393 2120 me
1408 2094 1545 2121 ascendere
1561 2094 1603 2120 "‘2
1628 2093 1691 2121 llaec

906 2143 970 2171 dum
988 2143 1107 2173 simulat,
1125 2142 1238 2169 innuere
1263 2141 1348 2168 voluit
1365 2140 1514 2172 indefinite,
1539 2140 1689 2167 daemonem

905 2195 986 2223 posse
1015 2187 1172 2222 prophetam
1194 2186 1258 2213 licet
1282 2186 1398 2212 invitum
1426 2192 1551 2216 evocare,
1570 2188 1691 2219 potesta-

906 2238 1014 2268 temque
1028 2233 1054 2259 in
1066 2240 1128 2260 eum
1154 2231 1263 2258 habere.
1291 2230 1323 2257 Et
1341 2230 1421 2257 modo
1437 2231 1474 2256 ita
1498 2230 1622 2257 nonnulli
1638 2237 1691 2256 caeo

905 2279 1022 2311 eutiuut,
1039 2282 1069 2305 ut
1090 2277 1241 2313 intelligere
1255 2281 1401 2311 nequeant,
1425 2283 1520 2304 omnes
1542 2276 1587 2310 qui
1601 2275 1691 2302 animo

902 2333 970 2361 puro
983 2325 1147 2360 sinceroque
1157 2331 1189 2350 ea
1205 2330 1265 2357 qua:
1276 2321 1380 2349 Christi
1396 2326 1459 2348 sunt
1474 2320 1645 2355 profitentur,
1663 2320 1691 2347 in

902 2372 994 2401 divino
1007 2372 1117 2399 nomine
1129 2370 1262 2398 daemonia
1275 2369 1389 2404 ejicere;
1411 2371 1438 2394 at
1453 2375 1507 2394 non
1535 2374 1569 2394 ex
1581 2373 1692 2394 contra-

903 2420 943 2447 rio
955 2418 990 2446 ab
1002 2418 1057 2445 illis
1069 2417 1171 2444 invitos
1182 2415 1276 2451 jussos
1298 2413 1446 2441 ascendere
1457 2412 1492 2439 ab
1502 2411 1606 2444 inferis,
1620 2418 1651 2438 ac
1665 2411 1689 2439 si

903 2465 943 2492 eis
956 2462 1074 2498 subjecti
1089 2465 1192 2490 essent.
1217 2459 1319 2487 Verum
1349 2459 1372 2486 si
1388 2458 1450 2493 quis
1470 2456 1608 2484 existimat
1637 2456 1693 2483 dre-

903 2510 1025 2537 monium
1045 2506 1267 2544 engastrimythi,
1281 2512 1342 2532 cum
1360 2503 1465 2532 caeteris
1481 2502 1541 2530 aliis
1565 2501 1692 2537 superius

905 2555 952 2588 sit,
967 2563 1020 2582 non
1047 2561 1129 2589 posse
1142 2553 1211 2580 verti
1227 2553 1255 2579 in
1273 2552 1373 2586 fugam.
1400 2552 1527 2578 recurrat
1546 2548 1581 2576 ad
1606 2548 1692 2575 Actus

905 2600 1147 2636 apostolorum;et
1159 2598 1206 2625 ubi
1234 2597 1266 2625 ad
1294 2598 1353 2624 loca
1369 2595 1532 2631 pervenerit,
1557 2594 1693 2622 examinet

909 2651 938 2673 ut
958 2654 1035 2674 sacer
1055 2653 1145 2681 prmco
1162 2644 1263 2672 Paulus
1278 2644 1450 2672 errabundus
1464 2642 1603 2678 Philippos
1615 2641 1694 2669 deve-

910 2693 950 2720 nit
968 2703 974 2720 :
993 2696 1022 2720 ut
1034 2700 1097 2720 vero
1108 2691 1248 2718 mulierem
1274 2690 1382 2717 nomine
1396 2689 1507 2724 Lydiam
1523 2689 1631 2724 pietatis
1647 2695 1693 2714 co-

916 2739 1036 2775 gnitione
1068 2737 1240 2769 illuminavit,
1266 2736 1332 2763 abiit
1344 2739 1374 2763 ut
1388 2743 1482 2770 preces
1493 2735 1558 2771 _Dco
1573 2735 1693 2763 cﬂ‘unda-

625 2795 646 2810 ³¹
659 2794 672 2821 1
682 2794 742 2829 Reg.
761 2802 856 2828 xum,
867 2793 908 2822 l5.

109 2842 391 2878 (5⁸⁸⁸)’Υποκύπτων.
415 2841 493 2869 Forte
515 2841 656 2877 legendum
681 2840 855 2876 ὑποκύπτειν,

900 2839 1052 2868 trefcratur
1065 2838 1098 2866 ad
1114 2837 1253 2869 πλείστους
1269 2837 1355 2868 ὅσους.
1372 2835 1448 2862 lion.
