1909 3071
206 116 257 144 639

695 116 724 143 S.
746 115 933 143 EUS’l‘ATlllI
952 116 1105 144 EPISCOPI
1125 115 1336 143 ANTIOCHENI

1780 117 1830 144 640

207 174 297 203 omnia
316 174 396 201 verba
419 177 483 201 tunc
506 173 634 208 temporis
656 173 690 200 ad
703 174 816 200 verbum
840 174 993 200 Samuelem

1045 175 1092 200 καὶ
1106 173 1156 204 τὰς
1169 175 1200 200 ὲκ
1214 173 1314 200 τούτων
1328 172 1394 207 ᾤετο
1409 171 1463 198 δεῖν
1475 172 1619 207 ἀναφέρειν
1633 173 1830 203 ὁλοκαυτώσεις

207 220 405 256 praenuntiasse
428 220 586 254 comperiet.
610 219 682 246 Dixit
704 219 776 246 enim
795 229 801 245 ε
822 219 853 245 Et
879 220 991 246 abscidit

209 267 337 294 Dominus
353 265 385 293 de
405 273 484 292 manu
498 265 554 299 ejus
571 273 678 299 regnum
693 265 731 298 ‘9;
746 269 810 292 tunc
826 273 887 292 cum
903 273 917 291 a
930 273 992 300 rege

207 312 401 347 apprehensam
416 311 488 346 pallii
503 311 628 338 laciniam
644 310 731 338 scidit.
749 311 787 337 Ad
803 311 859 338 haec
875 311 990 338 ulterius

208 357 371 393 praedicebat
382 364 494 391 regnum
507 357 579 383 illius
596 357 773 384 Scindendum
787 356 854 388 fore,
872 357 991 384 dandum

208 404 330 439 proximo
347 410 398 429 suo
412 402 458 436 qui
475 409 507 429 eo
528 402 622 429 melior
645 406 712 429 erat.
734 401 907 437 Prophetavit
925 410 991 437 pra).-

207 453 282 477 terea
303 456 356 483 qua
381 449 487 475 ratione
508 447 590 475 lsrael
613 453 723 484 propter
749 448 801 476 hoc
828 440 993 480 scindendus

206 498 265 522 erat
275 514 282 525 .
298 501 347 521 nec
363 493 479 527 amplius
494 500 662 520 reversurus.
679 492 726 520 His
740 493 898 525 enuntiatis,
912 494 992 521 verba

206 547 289 576 opere
305 539 364 574 ipso
386 539 574 566 conﬁrmabat.
597 538 656 566 Non
677 539 723 566 diu
736 539 807 566 enim
825 543 886 574 post
900 539 993 567 divino

206 586 309 620 judicio
329 585 406 612 unxit
420 592 508 618 regem
533 583 656 611 David“.
679 583 771 619 Itaque
790 585 835 619 qui
851 592 899 619 per
911 592 994 619 enga-

209 630 383 666 strimythum
403 630 504 657 dicitur
523 633 652 657 evocatus
674 630 741 656 nihil
761 630 794 657 de
809 638 878 657 novo
892 630 991 661 attulit,

209 675 255 703 sed
267 683 326 710 quae
341 675 448 702 Samuel
463 675 538 710 prius
551 676 657 703 dixerat
668 677 751 704 veluti
764 677 873 712 propria
887 676 994 703 allecta-

208 722 255 749 bat
265 741 273 753 ,
289 721 384 748 fraude
396 729 426 748 ac
438 721 500 748 dolo
511 729 653 756 personam
670 729 812 750 assumens
822 742 828 754 ,
840 726 867 749 et
878 722 993 749 artiﬁcio

208 767 340 802 probabili
356 767 452 794 iterum
468 774 593 802 repetens
614 767 808 802 prophetarum
825 775 909 798 more,
923 769 993 795 vati-

208 813 294 839 cinari
303 813 458 839 simulabat.
473 812 525 840 Sed
537 817 565 839 ut
579 813 791 848 praestigiatores
800 812 912 840 divitum
920 813 991 841 :edes

1044 221 1082 251 ὡς
1108 220 1253 255 ἀπαρχάς·
1287 218 1462 254 ἀκριϐολογίᾳ
1490 219 1517 245 δὲ
1547 218 1704 255 τρανωτέρᾳ
1742 219 1832 254 ζητῶν

1042 265 1238 300 ἐπιστημόνως,
1265 265 1403 300 εὐρήσειεν
1423 264 1466 296 ἂν,
1485 265 1522 296 ὡς
1541 265 1645 291 ἅπαντα
1667 265 1701 291 τὰ
1722 266 1832 300 ῥήματα

1042 311 1126 337 ταῦτα
1152 312 1212 337 κατ’
1237 312 1325 336 ἐκεῖνο
1349 309 1444 346 καιροῦ
1469 312 1598 346 προεῖπεν
1623 310 1669 336 ἐπὶ
1696 310 1797 342 λέξεως
1817 313 1831 337 ὁ

1043 357 1184 392 Σαμουήλ’
1212 357 1262 392 ἔφη
1283 356 1337 391 γὰρ
1359 356 1413 382 ὄπ’
1433 356 1488 383 Καὶ
1510 355 1645 390 διέρίηξε
1668 357 1779 390 Κύριος
1797 357 1832 382 ἐκ

1043 402 1141 435 χειρὸς
1165 403 1256 429 αὑτοῦ
1280 402 1337 435 τὴν
1356 401 1535 434 ,βασιλείαν-
1560 402 1639 428 ὁπότε
1665 402 1714 428 καὶ
1734 402 1766 429 τὸ
1784 403 1831 429 τοῦ

1042 448 1186 475 διπλοῑδίου
1209 448 1354 484 πτερύγιον
1375 447 1569 482 ἐπιλαϐόμενος
1593 448 1607 473 ὁ
1623 448 1759 484 δυνάστης
1779 449 1832 475 ἐδί-

1043 503 1108 529 χασε
1121 503 1127 509 ·
1150 493 1281 530 προῦλεγε
1296 494 1324 520 δὲ
1342 493 1415 527 αὐτῴ
1441 493 1508 528 πρὸς
1532 493 1578 519 ἐπὶ
1589 493 1692 524 τούτοις
1713 493 1774 528 μὲν,
1793 494 1832 525 ὡς

1043 539 1158 575 ἤμελλεν
1183 541 1199 575 ἡ
1222 539 1342 573 βασιλεία
1370 538 1530 574 δοθήσεσθαι
1550 539 1589 574 τῷ
1611 539 1724 574 πλησίον
1747 540 1830 566 αὐτοῦ

1042 584 1080 619 τῷ
1100 585 1198 620 μᾶλλον
1221 584 1291 619 ὑπὲρ
1309 584 1389 610 αὐτὸν
1409 584 1513 619 ἀγαθῷ,
1543 585 1710 620 προεφήτευε
1734 584 1764 611 δὲ
1785 586 1831 611 καὶ

1042 631 1102 656 τίνα
1120 631 1218 665 τρόπον
1236 630 1288 656 ἔδει
1303 630 1348 656 τὸν
1371 630 1476 665 Ἰσραὴλ
1500 630 1580 656 ἕνεκα
1606 630 1702 656 τούτου
1728 630 1831 665 διασχι-

1044 676 1189 711 σοὴσεσοαι
1206 676 1251 702 καὶ
1269 675 1365 710 μηκέτι
1385 675 1556 711 ἐπιπρέψαι.
1582 675 1672 702 Ταῦτα
1687 676 1716 702 δὲ
1730 676 1830 711 φήσας,

1043 722 1110 758 ὁμοῦ
1132 723 1187 754 τοῖς
1206 722 1297 757 ἔργοις
1317 721 1439 747 ἐϐεϐαίου
1462 721 1496 748 τὰ
1515 721 1626 748 λεκτέα·
1647 723 1704 756 μετ’
1719 723 1749 748 οὗ
1765 722 1831 748 πολὺ

1043 767 1097 802 γὰρ
1115 769 1146 793 εκ
1163 767 1238 798 θείας
1251 766 1412 798 ἀποσταλεὶς
1433 766 1596 802 ἐπικρίσεως
1611 767 1701 802 ἔχρισε
1720 766 1832 801 βασιλέα

1043 814 1088 840 τὸν
1113 813 1204 840 Δαυῖὄ.
1228 813 1288 849 ’Ἆρ’
1317 811 1362 839 οὖν
1383 813 1458 839 οὐδὲν
1482 813 1632 848 ἀπήγγειλε
1657 811 1731 844 ξένον
1756 814 1770 839 ὁ
1788 813 1832 839 διὰ

209 858 346 894 pulsantes
360 858 575 893 uniuscujusque
590 867 633 886 res
651 859 716 886 olim
731 863 822 894 gestas
839 859 932 886 sedula
948 859 991 885 in-

1045 859 1261 894 ὲγγαστριμύθου
1284 859 1429 894 λεγόμενος
1448 858 1574 894 ἀνῆχθαι,
1599 858 1633 884 τὰ
1660 859 1688 885 δὲ
1708 859 1762 885 ὑπὸ
1784 858 1831 884 τοῦ

207 904 353 939 quisitione
377 905 531 931 clanculum
558 904 718 937 odorantur,
743 912 858 940 moxque
881 903 989 932 easdem

206 949 284 984 quasi
310 957 343 976 ex
365 949 512 984 improviso
536 953 664 977 canentes
687 949 830 977 confestim
854 950 990 977 auditores

208 995 234 1021 in
257 999 394 1030 stuporem
415 996 543 1030 rapiunt,
562 996 650 1030 iisque
669 996 695 1022 in
715 995 818 1023 futiletn
837 997 991 1030 opinionem

207 1040 340 1073 inductis,
362 1040 395 1068 de
420 1040 520 1068 futuris
548 1048 596 1075 pro
620 1041 734 1068 libidine
754 1041 936 1074 mentiuntur;
951 1041 992 1067 sic

156 1116 159 1119 ν
207 1090 234 1113 et
255 1087 460 1122 engastrimythi
485 1091 621 1122 spectrum
645 1095 714 1114 nova
741 1087 826 1114 forma
850 1087 991 1114 inductum

207 1131 364 1166 prophetica
397 1131 531 1158 Samuelis
559 1132 682 1158 enuntiat
706 1132 833 1162 oracula,
865 1131 992 1166 opinione

207 1183 272 1204 vero
292 1177 446 1208 vaticinari,
461 1184 522 1204 cum
546 1177 613 1204 nihil
641 1185 688 1212 pro
706 1181 845 1212 comperto
867 1177 991 1208 haberet,

211 1222 370 1254 videbatur,
397 1223 492 1250 alienis
515 1222 596 1249 veluti
621 1223 739 1258 propriis
761 1223 913 1257 praepositis
933 1223 993 1249 cxi-

211 1268 310 1294 tiosum
335 1267 408 1294 illum
432 1268 613 1301 perterrebat.
640 1268 694 1294 illis
724 1267 854 1294 facillimo
884 1268 994 1302 negotio

207 1312 267 1346 ejus
290 1317 405 1340 mentem
431 1317 565 1347 arreptam
591 1313 806 1347 «leprzedabatur.
822 1313 892 1347 Quid
909 1314 991 1349 igitur

208 1358 282 1384 aliud
308 1357 350 1385 liis
377 1365 512 1384 annexum
537 1359 594 1385 est?
621 1358 653 1384 Et
674 1363 719 1390 ιιι,
740 1358 845 1393 inquit,
869 1368 946 1391 cras,
970 1364 995 1385 et

208 1403 281 1436 ﬁlius
297 1409 356 1430 tuus
378 1403 512 1431 Jonatltau
529 1413 637 1432 meum).
658 1404 691 1430 Ει
706 1409 795 1431 castra
814 1404 900 1431 Israel
922 1405 995 1432 dabit

211 1447 338 1475 Dominus
355 1449 380 1475 in
399 1457 490 1476 atauus
506 1450 712 1484 alienigenarum
728 1450 760 1478 “.
775 1449 827 1477 Sed
844 1451 899 1478 haec
913 1459 995 1486 porro

209 1493 313 1520 dmtnon
329 1502 360 1521 ac
374 1496 395 1522 si
409 1496 517 1530 propria
531 1500 622 1522 essent
636 1496 786 1523 asserebat.

1042 905 1168 940 Σαμουὴλ
1190 905 1321 940 εἰρημένα
1342 905 1483 940 πρότερον,
1508 905 1545 936 ὡς
1569 905 1621 931 ἴδια
1639 905 1688 940 μὲν
1711 905 1834 940 ἐσχημά-

1041 951 1098 983 τιζε
1113 950 1326 986 προσωποποιῶν
1342 949 1550 986 ἁπάτῃ,πιθανῇ
1559 950 1586 976 δὲ
1594 950 1746 985 τεχνοποιίᾳ
1762 958 1830 976 ταυ-

1041 995 1170 1029 τολογῶν,
1187 996 1350 1031 ὑπεκρίνατο
1370 995 1402 1031 δὴ
1429 995 1602 1031 προφητικῶς
1627 995 1740 1030 ὁμιλεῖν.
1760 994 1822 1020 Ἀλλ

1042 1040 1135 1076 ὥσπερ
1159 1041 1276 1075 ἀγύρται
1299 1040 1410 1076 μάντεις
1432 1040 1477 1066 ἐπὶ
1502 1040 1636 1066 πλουσίων
1659 1041 1727 1066 ἱέναι
1745 1036 1832 1075 θύρας

1043 1086 1225 1120 ἐπειγόμενοι,
1255 1086 1289 1112 τὰ
1316 1086 1365 1120 μὲν
1391 1085 1440 1121 ἤδη
1470 1085 1673 1121 παροδεύσαντα
1706 1084 1753 1110 τοῦ
1772 1085 1832 1119 βίου

1043 1131 1192 1165 πράγματα
1214 1130 1462 1161 πολυπευστοῦντες
1484 1130 1652 1165 ἀνιχνεύουσι
1670 1129 1832 1164 λεληθότως,

1044 1177 1113 1203 αὐτὰ
1131 1177 1159 1202 δὲ
1174 1176 1206 1202 τὰ
1222 1176 1273 1212 πρὸ
1288 1176 1385 1202 πολλοῦ
1399 1176 1528 1210 γεγονότα
1543 1176 1630 1209 λέγειν
1653 1175 1833 1211 αὐτοσχεδίως

1045 1222 1248 1257 ὑπονοούμενοι,
1274 1223 1445 1257 παραχρῆμα
1478 1222 1526 1257 μὲν
1557 1222 1737 1256 ἐκπλήττουσι
1770 1221 1833 1252 τοὶς

1045 1269 1202 1304 αὑτηκόους,
1221 1271 1261 1300 εἰς
1281 1269 1363 1305 εὐήθη
1382 1269 1410 1295 δὲ
1428 1269 1517 1295 πίστιν
1536 1269 1633 1300 αὐτοὺς
1652 1268 1832 1304 ἀπαγόμενοι,

1045 1316 1108 1350 περὶ
1121 1315 1172 1341 τῶν
1183 1315 1332 1350 μελλόντων
1344 1315 1395 1341 ("me
1400 1323 1415 1350 ρ
1434 1315 1554 1341 ἐθέλουσι
1564 1315 1735 1342 πλάττουσιν·
1747 1314 1833 1344 οὕτως

1045 1361 1098 1396 ἄρα
1121 1361 1167 1386 καὶ
1190 1361 1219 1386 τὸ
1241 1360 1291 1394 τῆς
1313 1360 1532 1396 ἐγγαστριμύοου
1566 1362 1661 1395 φάσμα
1694 1369 1833 1395 μεταμορ-

1047 1406 1190 1441 φούμενον,
1217 1405 1287 1432 αὐτὰ
1314 1406 1362 1440 μὲν
1387 1405 1533 1442 ἐξηγόρευε
1558 1407 1591 1433 τὰ
1616 1405 1772 1442 προφητικὰ
1785 1404 1833 1432 τοῦ

1047 1451 1173 1486 Σαμουὴλ
1193 1450 1409 1485 ἀποφθέγματα,
1434 1451 1473 1486 τῷ
1490 1452 1517 1477 δὲ
1538 1451 1626 1478 δοκεῖν
1641 1450 1708 1486 ᾤετο
1728 1458 1835 1485 προφη-

1046 1497 1144 1527 τεύειν,
1154 1495 1227 1522 οὐδὲν
1237 1495 1417 1531 ἐπιστάμενος
1426 1495 1496 1532 μή·
1506 1496 1572 1523 ἀλλὰ
1588 1495 1621 1522 τὰ
1645 1496 1693 1531 μὲν
1704 1494 1834 1531 ἀλλότρια

209 1538 376 1574 προῦταττεν
395 1541 432 1572 ὠς
453 1541 520 1572 ἴδιοι,
538 1542 584 1568 καὶ
603 1542 770 1577 κατέπληττε
786 1542 830 1568 τὸν
844 1542 988 1578 ἀλάστορα,
1012 1543 1055 1569 διὰ
1073 1542 1101 1568 δὲ
1118 1542 1220 1569 τούτων
1236 1541 1355 1577 εὐχερῶς
1375 1541 1496 1569 ὐπεσύλα
1517 1544 1563 1569 καὶ
1583 1544 1626 1569 τὸν
1660 1541 1722 1569 νοῦν
1754 1541 1832 1567 ἐκλε-

211 1594 276 1611 πτεν
299 1585 412 1612 ἐκείνου.
437 1586 468 1612 Τί
489 1584 534 1614 οὖν
553 1587 616 1613 ἄλλο
637 1587 706 1623 μετὰ
725 1587 811 1615 ταῦτα
828 1588 993 1624 προσετέθη;
1013 1589 1069 1615 Καὶ
1086 1589 1138 1621 σὺ,
1157 1589 1248 1624 φησὶν,
1277 1588 1391 1622 αὔριον,
1409 1589 1457 1616 καὶ
1480 1591 1495 1616 ὀ
1522 1590 1586 1622 υἱός
1609 1598 1666 1615 σου
1695 1587 1833 1614 Ἰωνάθην

210 1632 274 1666 μετ’
290 1632 362 1666 ἐμοῦ
381 1641 389 1648 σ

212 1678 293 1712 ἐῴκει
310 1678 398 1711 λέγειν
414 1679 428 1703 ὁ
444 1678 546 1713 δαίμων
563 1680 600 1711 ὡς
616 1679 679 1706 ἴδια.

418 1633 467 1659 καὶ
488 1634 544 1667 τὴν
568 1633 759 1668 παρεμϐολὴν
789 1634 908 1668 Ἰσραὴλ
931 1635 1021 1662 δώσει
1047 1637 1157 1669 Κύριος
1177 1637 1220 1668 εὶς
1237 1635 1337 1670 χεῖρας
1357 1635 1548 1668 ἀλλοφύλων.
1577 1634 1657 1661 Ἃλλὰ
1676 1633 1764 1660 ταῦτα
1785 1634 1834 1668 μὲν

253 1722 320 1751 ΧΙΙΙ.
347 1723 426 1752 Prius
450 1729 539 1752 autem
561 1725 626 1752 illud
646 1725 865 1753 discutiendum:
882 1733 993 1758 verane,

1081 1725 1151 1750 Xlll.
1172 1723 1307 1759 Ζητητέον
1330 1723 1358 1749 δὲ
1384 1723 1494 1758 πότερον
1512 1722 1596 1758 ἀληθῆ
1619 1722 1779 1758 προῦλεγεν,
1796 1724 1833 1756 ὡς

212 1769 252 1796 uti
267 1769 324 1804 ipse
339 1769 522 1801 existimabat,
540 1762 720 1805 praedicebat;
732 1775 759 1798 et
777 1775 869 1798 utrum
882 1771 994 1798 consul-

213 1822 250 1848 te.
270 1825 304 1844 an
320 1825 384 1844 vero
405 1825 470 1845 casu
491 1822 517 1845 et
534 1818 645 1845 fortuito
662 1818 839 1851 enuntiabat;
855 1822 995 1852 praeterea,

213 1871 248 1891 an
266 1864 409 1899 praesagire
423 1864 513 1898 aliqua
534 1864 631 1899 possit.
654 1863 774 1890 Primum
795 1863 914 1898 quidem.
929 1863 998 1891 Sau-

212 1908 266 1937 lem
292 1909 335 1936 die
359 1910 483 1944 sequenti
509 1914 677 1944 peremptum
701 1909 795 1942 fuisse,
811 1913 841 1936 ut
859 1913 996 1944 spectrum

214 1954 377 1987 ailirmabat,
393 1963 447 1982 non
463 1959 585 1990 apparet.
600 1955 704 1990 Quippe
727 1955 751 1983 si
774 1963 899 1983 sermone
915 1963 995 1983 exce-

215 2004 274 2035 pto,
290 2008 407 2028 maerore
424 2001 623 2034 invalescente,
640 2009 695 2028 non
709 2001 826 2028 comedit
843 2009 939 2036 panem
956 2005 994 2028 to-

214 2050 242 2073 to
252 2046 295 2073 die
310 2051 336 2073 et
347 2050 402 2073 tota
416 2051 495 2074 nocte
509 2048 609 2078 illa,ut
623 2047 721 2074 divina:
736 2051 872 2074 testantur
887 2047 995 2081 litterae;

214 2095 276 2126 post
292 2092 349 2119 haec
365 2092 462 2119 iterum
482 2093 580 2119 mulier
599 2092 757 2119 adhortatur
771 2093 951 2128 admonetque
967 2096 997 2120 ut

214 2137 304 2164 cibum
322 2141 509 2172 praegustaret,
521 2145 582 2164 cum
597 2139 648 2165 iter
656 2139 764 2173 aggredi
776 2139 901 2172 deberet;
912 2139 997 2165 mani-

215 2182 315 2210 festum
329 2186 382 2214 est,
398 2183 482 2209 altera
503 2183 608 2210 scilicet
623 2183 665 2210 die
690 2187 751 2218 post
776 2182 905 2210 diurnum
930 2182 996 2210 illud

215 2233 436 2262 nocturnumque
450 2232 610 2262 perpetuum
624 2229 768 2263 jejunium.
779 2229 831 2263 ipsi
848 2229 921 2255 humi
934 2236 996 2263 pro-

214 2276 300 2299 strato
315 2273 486 2307 persuasisse
511 2276 541 2298 ut
557 2273 681 2307 expedite
708 2277 872 2308 assurgeret.
895 2274 996 2300 decen—

214 2317 323 2351 tiusque
347 2318 453 2345 sederet
479 2318 506 2344 in
529 2325 640 2346 scamno
659 2328 664 2345 :
688 2319 803 2346 vitulum
831 2327 895 2347 vero
915 2327 995 2354 quem

215 2364 334 2391 habebat
344 2364 502 2391 subrumum
518 2368 641 2399 prompte
651 2369 788 2399 arreptum
802 2365 997 2396 occidit,obso—

215 2409 261 2436 nia
280 2410 344 2438 item
361 2410 500 2438 instruens
515 2414 540 2438 ct
559 2417 670 2445 azymos
685 2411 813 2445 subigens
822 2410 913 2437 edulia
929 2418 997 2445 praa—
1013 2404 1034 2431 D

214 2456 330 2491 paravit,
348 2463 408 2490 quae
427 2456 474 2484 ubi
495 2456 541 2482 illa
564 2456 665 2490 optime
681 2456 790 2484 condita
805 2457 996 2491 instructaque

214 2502 271 2538 regi
286 2506 313 2529 et
331 2502 391 2536 ejus
409 2502 543 2530 ministris
559 2503 718 2534 obtulisset,
736 2510 785 2530 rex
805 2502 996 2530 admonitioni-

217 2547 268 2574 bus
281 2546 409 2574 delinitus
423 2547 515 2574 cibum
527 2547 643 2582 sumpsit
658 2557 664 2574 :
684 2555 796 2575 necesse
814 2550 857 2574 est
870 2547 956 2578 illum,
974 2547 997 2574 si

217 2596 297 2620 nocte
312 2593 386 2620 illinc
403 2601 433 2620 se
451 2593 523 2620 foras
545 2593 689 2629 proripuit,
714 2593 776 2620 aliis
794 2593 934 2621 nocturnis
948 2593 998 2620 ho-

217 2638 256 2666 ris
267 2639 294 2666 in
306 2647 382 2666 suam
396 2647 426 2667 se
441 2639 587 2667 stationem
604 2639 749 2674 recepisse.
768 2638 806 2666 Ita
824 2643 853 2666 ut
867 2639 924 2673 jam
939 2647 997 2665 ma-

1047 1769 1128 1804 ᾣετο·
1150 1770 1197 1795 καὶ
1221 1769 1333 1804 πότερον
1361 1769 1413 1795 ἀπὸ
1438 1769 1531 1803 στόχου
1552 1769 1589 1803 (ὅ)
1607 1769 1655 1794 καὶ
1683 1769 1832 1804 συγκυρίας

1047 1815 1229 1850 ἀπήγγειλεν·
1248 1815 1293 1841 καὶ
1309 1814 1376 1850 πρὸς
1397 1815 1443 1840 ἐπὶ
1457 1815 1559 1846 τούτοις
1585 1816 1609 1841 εἰ
1630 1809 1832 1850 προεγνωκέναι

1047 1861 1162 1896 ὴδύνατό
1178 1870 1248 1887 τινα.
1264 1860 1372 1896 Πρῶτον
1397 1860 1445 1895 μὲν
1463 1859 1509 1887 οὖν
1528 1861 1555 1886 οὐ
1577 1861 1700 1894 φαίνεται
1719 1863 1753 1896 τῇ
1771 1861 1833 1896 ἑξῆς

1047 1906 1137 1942 ἡμέρᾳ
1161 1906 1317 1941 διαφθαρεὶς
1337 1906 1351 1931 ὁ
1368 1906 1470 1937 Σαοὺλ,
1493 1906 1530 1936 ὠς
1555 1905 1657 1939 ἔφασκε
1678 1905 1709 1932 τὸ
1737 1907 1833 1941 φάσμα

1048 1953 1246 1988 φθεγγόμενον·
1271 1953 1295 1978 ει
1320 1953 1373 1987 γὰρ
1389 1952 1506 1983 ἀκούσας
1526 1951 1578 1978 τῶν
1603 1951 1700 1985 λόγων,
1727 1953 1760 1978 ὲκ
1784 1952 1831 1987 τῆς

1047 1998 1115 2032 ἄγαν
1129 1998 1247 2033 ἀθυμίας
1259 1998 1309 2024 οὐκ
1320 1997 1419 2032 ἔφαγεν
1433 1997 1513 2033 ἄρτον
1525 1996 1588 2031 ὃλην
1601 1997 1650 2031 τὴν
1664 1997 1772 2032 ἡμέραν
1787 1997 1831 2023 καὶ

1047 2044 1109 2078 ὅλην
1135 2044 1183 2079 τὴν
1198 2043 1293 2074 νύκτα,
1320 2043 1410 2078 φησὶν,
1435 2043 1556 2077 ἐκείνην,
1575 2042 1644 2077 ὠςὴ
1667 2041 1725 2068 θεία
1743 2042 1830 2076 διαγο-

1048 2090 1122 2126 ρεύει
1146 2088 1250 2124 Γραφὴ,
1284 2088 1352 2123 μετὰ
1372 2088 1400 2114 δὲ
1420 2088 1498 2114 τοῦτο
1521 2087 1689 2123 παραινοῦσα
1706 2087 1786 2114 πάλιν
1813 2089 1829 2123 ἡ

1047 2133 1114 2169 γυνὴ
1127 2133 1296 2169 προῦτρεπεν
1310 2133 1409 2168 ἐδωδῆς
1421 2132 1550 2167 ἅψασθαι,
1566 2132 1748 2168 προκειμένης
1761 2132 1827 2159 (5δοῦ-

1048 2180 1189 2216 πρόδηλον,
1209 2181 1249 2207 ὅτι
1266 2182 1298 2216 τῇ
1313 2179 1426 2214 δευτέρᾳ
1436 2178 1567 2214 δήπουθεν
1581 2178 1680 2214 ἡμέρᾳ,
1699 2179 1769 2214 μετὰ
1783 2179 1829 2213 τὴν

1048 2226 1197 2252 πάννυκτον
1209 2226 1255 2252 καὶ
1268 2226 1426 2261 πανήμερον
1439 2224 1545 2258 ἐκείνην
1554 2224 1668 2256 ἀσιτίαν,
1681 2223 1773 2250 ἔπεισε
1784 2225 1830 2259 μὲν

1047 2271 1138 2302 αὐτὸν,
1155 2273 1194 2303 εἰς
1214 2271 1343 2306 τοῦδαφος
1362 2270 1525 2306 ἐρριμμένον
1542 2270 1669 2301 ἐκλύτως,
1682 2270 1829 2304 ἀναστῆναι

1048 2318 1094 2343 καὶ
1109 2317 1272 2352 καθεσθῆναι
1288 2315 1472 2351 κοσμιώτερον
1495 2316 1541 2342 ἐπὶ
1557 2315 1602 2342 τοῦ
1621 2315 1727 2351 δίφρου*
1753 2315 1783 2342 τὺ
1803 2315 1830 2341 δὲ

1050 2364 1209 2400 μοσχάριον,
1227 2364 1294 2399 ὅπερ
1315 2361 1370 2398 εἶχε
1391 2363 1552 2398 γαλαθηνὸν,
1573 2362 1688 2398 ἀμελητὶ
1710 2361 1828 2388 λαϐοῦσα

1050 2410 1161 2443 σφάττει
1172 2418 1178 2424 ·
1195 2409 1358 2444 ὀψοποιοῦσα
1370 2409 1398 2435 δὲ
1411 2409 1456 2435 καὶ
1470 2408 1603 2434 πέττουσα
1621 2407 1683 2439 τοὺς
1697 2407 1748 2443 atq
1753 2416 1828 2442 μους,

1049 2454 1210 2490 ηὑτρέπιζεν
1227 2454 1340 2486 ἐδωδάς·
1358 2455 1450 2490 ἐπειδὴ
1468 2454 1496 2480 δὲ
1515 2454 1680 2489 προσέφερεν
1693 2454 1768 2488 αὺτῴ
1782 2453 1830 2480 καὶ

1049 2503 1105 2532 τοῖς
1130 2502 1198 2536 ἀμφ’
1215 2501 1296 2528 αὑτὸν
1317 2501 1548 2537 ἁριστοποιήσασα
1564 2499 1727 2530 σπουδαίως,
1749 2500 1763 2524 ὁ
1783 2499 1832 2534 μὲν

1050 2546 1142 2573 αὐτόθι
1159 2547 1250 2573 σιτίων
1264 2547 1374 2573 ἐλάϐετο
1389 2545 1569 2582 προτραπείς·
1586 2545 1691 2580 ἀνάγκη
1705 2544 1734 2570 δὲ
1751 2546 1831 2576 νοεῖν,

1050 2591 1087 2624 ὠς
1102 2593 1141 2622 εἰς
1157 2591 1238 2622 ἄλλας
1253 2592 1365 2626 ἀφίκετο
1380 2591 1534 2627 νυκτερίους
1547 2589 1620 2626 ὥρας
1631 2610 1638 2622 ,
1653 2590 1733 2625 εἴπερ
1749 2589 1834 2624 ᾤχετο

1051 2635 1145 2667 νυκτὸς
1159 2636 1261 2666 ἐκεῖθεν
1283 2635 1442 2672 ἐξορμήσας.
1466 2635 1546 2661 Ὥστε
1561 2633 1637 2660 τοῦτο
1654 2633 1704 2668 μὲν
1724 2633 1834 2659 αὐτοτε-

255 2697 278 2712 "
295 2696 385 2733 IReg.
408 2706 453 2729 xv,
467 2698 511 2725 28.
551 2697 591 2724 “’l
607 2697 669 2732 Reg.
682 2706 736 2730 xvt,
755 2698 797 2725 15.
837 2698 857 2713 δ’
877 2697 890 2724 1
911 2697 972 2732 Reg.
988 2705 993 2723 ι

1045 2704 1084 2728 lil,
1103 2697 1147 2724 19.

253 2740 546 2780 Ἐπιστάμενος.
563 2745 643 2772 Forle
663 2745 849 2780 ἐπιστάμενον.
866 2744 946 2780 Eutr.

221 2777 292 2838 Πὲὸ)
312 2778 381 2804 Ἀπὸ
405 2777 529 2813 στόχουζ
542 2779 621 2807 Forte
651 2780 703 2806 ἀπὸ
728 2777 888 2815 στοχασμοῦ.
917 2779 999 2813 (Ἀπὸ

267 2820 314 2838 νου
340 2814 385 2838 καὶ
413 2815 568 2838 σ’λνκυοίαε.
586 2815 733 2838 coniectura
757 2821 780 2838 ιιι
799 2823 861 2838 casu
879 2815 996 2838 for/uita.

268 2820 314 2847 χω
340 2815 385 2840 καὶ
413 2815 569 2850 σ’δγκυρίας,
586 2815 733 2849 conjectura
757 2821 780 2843 et
799 2823 861 2843 casu
878 2815 996 2849 fortuito.

1057 2745 1154 2779 Στόχος
1174 2743 1335 2771 vocabulum
1354 2742 1489 2779 poeticum
1516 2744 1574 2774 est;
1606 2739 1678 2768 unde
1694 2738 1831 2773 εὖστοχος,

1052 2779 1172 2814 ἄστοχος.
1186 2779 1263 2807 Ευιτ.
1275 2784 1285 2818 )
