1909 3071
64 115 122 144 645
518 119 561 146 DE
580 119 874 148 ENGASTRIMYTHO
891 119 1030 148 CONTRA
1049 118 1238 147 ORIGENE‘M.
1640 124 1692 149 om

67 174 145 208 πρὸς
165 175 246 209 ἡμᾶς
267 174 460 210 διαπερῶσιν.
485 177 515 203 Εἰ
537 177 627 203 τοίνυν
645 177 704 204 ἐστὶ
726 177 857 213 χάσματος

913 184 985 209 esse,
1001 176 1076 204 nulla
1099 175 1161 203 licet
1176 183 1319 210 pauperem
1343 177 1442 212 injuria
1454 177 1590 210 olfecerit,
1607 186 1695 214 neque

68 219 144 246 εἰδέα
159 219 316 256 διείργουσα
340 221 442 257 μεταξὺ
456 222 567 248 δικαίων
581 222 621 256 ἡδ’
636 222 746 254 ἀδίκων,
768 222 806 254 ὡς
829 222 857 258 μί

915 222 1045 258 abegerit,
1061 218 1168 249 tantum
1191 229 1244 248 non
1265 222 1303 248 illi
1318 228 1441 258 prompte
1458 233 1518 259 qua:
1537 225 1596 260 ipse
1611 225 1696 253 hahe—

68 265 203 292 δύνασθαι
228 268 292 298 τοὺς
319 267 395 294 ἐνθεν
422 269 510 294 ἐκεῖσε
538 267 770 303 διαπορθμεῦσαι,
798 269 857 304 μήτε

914 267 960 294 bat
973 276 1005 295 ex
1021 271 1098 302 parte
1115 268 1269 296 distributis
1281 278 1288 296 :
1299 274 1400 304 quanto
1412 271 1498 306 magis
1516 271 1649 300 scelestus
1664 279 1694 300 ac

70 310 156 346 δεῦρο
166 312 227 342 τοὺς
240 312 346 339 ἐκεῖθεν
356 312 514 346 ἀφικέσθαι·
530 313 693 348 συνέστηκεν
706 314 743 344 ὡς
755 314 769 339 ὁ
780 313 857 341 Σαοὺῖ

914 318 1060 341 contumax
1075 314 1156 342 homo
1170 315 1299 350 indignus
1318 320 1370 347 est,
1385 317 1431 351 qui
1447 321 1603 346 sanctorum
1617 325 1694 345 com-

71 357 167 388 ἄδικος
182 357 221 384 ὢν
236 357 287 384 οὐκ
308 358 366 385 ἐστι
387 358 454 394 μετὰ
466 358 513 384 τοῦ
532 359 672 394 προφήτου
693 359 826 394 Σαμουήλ’
841 367 854 385 ε

915 359 1071 386 munionem
1083 361 1244 395 partioipet?

71 405 128 441 γὰρ
143 406 160 432 δ
173 406 301 438 πλούσιος
315 407 346 434 οὐ
363 406 474 433 δύναται
498 406 566 441 μετὰ
582 406 629 433 τοῦ
647 407 761 443 πένητος
781 404 861 439 εἶναι,
878 406 925 433 καὶ
939 406 1024 433 ταῦτα
1038 407 1121 442 μηδὲν
1138 408 1269 442 ἀδικήσας
1294 407 1361 442 μηδὲ
1391 407 1486 441 διώξας
1515 409 1604 441 αὑτὸν,
1628 409 1694 436 ἀλλὰ

73 451 112 486 μὴ
129 452 262 486 μεταδοὺς
281 453 356 488 αὐτῷ
373 454 524 489 προχείρως
541 453 570 486 ἐξ
591 452 630 481 ὧν
647 453 713 489 εἷχε,
733 453 808 490 πόσῳ
826 453 858 488 δὴ
870 453 969 488 μᾶλλον
988 454 1002 479 ό
1031 452 1151 488 σχέτλιος
1165 454 1234 489 ἀνὴρ
1251 453 1358 486 ἀνάξιός
1376 455 1435 480 ἑστι
1456 454 1505 490 τῆς
1530 456 1582 482 τῶν
1609 455 1695 489 ἁγίων

72 498 227 525 ἀπολαῦσαι
248 500 389 532 κοινωνίας
397 508 404 533 ;

109 541 170 569 XV.
193 542 262 569 Ἀλλ’
279 543 309 569 οὐ
334 543 485 579 διανοητέον
497 545 571 577 ὅπως
589 544 703 580 αἰσχροῦ
719 544 767 579 μὲν
779 544 861 570 ἕνεκα

72 588 188 623 κέρδους
197 590 288 616 ἀθετεῖ
294 590 324 617 τὺ
332 590 405 617 θεῖον
415 591 563 626 ἐπίταγμα,
580 592 687 628 δαίμονι
703 592 731 620 δὲ
747 591 861 627 πληγεὶς

72 635 204 667 ἀνιάτως,
221 635 361 663 ἐλαύνεται
378 636 510 673 βασκανίᾳ
525 627 632 665 διώκειν
645 627 690 664 τὸν
706 637 860 673 ἁγιοπρεπῆ

73 680 156 707 Δαυῖδ
170 681 260 708 οὐδενὶ
281 682 375 717 κόσμῳ
388 683 526 718 πρέποντι,
542 683 629 710 καίτοι
642 682 785 719 ψαλμῳδία
796 691 861 718 προ.

73 727 175 762 φητικῇ
203 727 254 761 τὴν
276 727 424 762 ἀγριότητα
442 728 489 754 τοῦ
506 728 717 763 ὲκὸακχεύοντος
738 729 766 754 ἐν
785 727 859 761 αὑτῷ

71 772 199 808 δαίμονος
214 773 367 809 ἠμεροῠντα
376 782 382 789 ·
396 774 458 806 τοὺς
469 775 552 810 ἱερεῖς
563 774 728 809 ἀποσφάττει
741 773 786 800 τοῦ
802 774 859 799 Κυ-

74 818 130 853 ρίου
160 819 335 854 τριακοσίους
360 819 439 852 ὄντας
457 820 525 855 πρὸς
550 822 607 852 τοῖς
628 819 795 854 πεντήκοντα
814 818 859 845 τὺν

72 865 190 900 ἀριθμόν
202 874 208 880 ·
226 866 370 900 ἀφίσταται
381 867 427 893 τοῦ
445 867 511 894 Θεοῦ
536 867 730 903 μαντευόμενος
744 866 857 898 ἀσεϐῶς.
876 882 896 909 Β

71 911 103 938 Et
117 911 146 937 δὲ
163 911 251 938 ταῦτα
265 912 311 938 καὶ
325 913 359 939 τὰ
374 912 477 945 τούτοις
493 913 596 947 ἀδελφὰ
614 913 787 949 διεπράξατο,
801 911 859 943 πῶς

71 954 126 984 οἷόν
147 966 178 984 τε
207 956 337 991 νομίζειν,
356 959 395 985 ὅτι
417 959 484 994 μετὰ
497 958 542 985 τοῦ
567 959 772 994 θαυματουργοῦ
796 967 860 984 κατ-

73 1003 151 1039 ἐληξε
166 1004 304 1039 Σαμουὴλ,
313 1004 341 1036 ὃς
358 1005 386 1031 ἐν
400 1004 459 1040 ὥρᾳ
469 1004 563 1040 θέρους
580 1005 655 1031 ὑετὸν
671 1004 769 1040 ἠξίωσε
786 1005 860 1038 γενέ-

74 1049 145 1081 σθαι,
155 1050 204 1076 καὶ
218 1051 283 1085 παρ’
295 1049 369 1085 αὑτῷ
385 1050 457 1085 (5‘“)
469 1050 669 1085 κατεσκεδάσθη
679 1049 778 1085 πλῆθος
793 1049 860 1085 ἁμέ-

71 1103 170 1130 τρητον
189 1096 311 1128 ὑδάτωνς
329 1096 360 1122 Ei
373 1096 401 1122 δὲ
413 1096 463 1122 οὐκ
486 1095 558 1122 ἔστιν
588 1097 685 1128 εἰπεῖν,
711 1096 751 1122 ὅτι
775 1096 860 1123 Σαούλ

72 1141 129 1166 ἐστι
148 1142 207 1175 μετ’
223 1140 306 1167 αὐτοῦ
324 1141 362 1176 (6)
384 1141 519 1176 Σαμουὴλ,
538 1141 669 1176 ὲῲεύσατο
687 1142 735 1176 μὲν
749 1142 762 1167 ὀ
774 1142 859 1176 λέγων

74 1187 163 1222 αὐτῷ’
180 1187 291 1220 Αὔριον
303 1187 360 1221 ἔσῃ
375 1188 487 1222 σὺμετ’
499 1188 580 1221 ἐμοῦ.
595 1188 744 1224 Τοιγαροῦν
760 1189 784 1214 εἰ
795 1188 860 1223 ψεύ-

75 1241 140 1267 στης
156 1234 171 1259 ὁ
187 1232 271 1259 ταῦτα
296 1233 414 1268 είρηκὼς
441 1234 570 1269 ὑπάρχει,
595 1233 737 1269 πρόδηλον,
754 1234 792 1266 ὼς
810 1235 859 1261 οὐκ

74 1278 145 1304 ἔστιν
160 1279 176 1304 ὸ
196 1278 322 1314 Σαμουὴλ
339 1278 430 1311 οὗτος*
449 1280 479 1305 οὐ
505 1279 559 1315 γὰρ
583 1279 615 1306 ἂν
634 1280 720 1312 οὕτως
738 1281 859 1316 ἁχρόνως

72 1324 87 1350 ό
101 1324 149 1350 τοῦ
165 1324 267 1359 Κυρίου
288 1324 416 1358 ψεύσαιτο
432 1326 590 1360 προφήτηςι
607 1325 676 1352 ὥστε
692 1326 804 1352 τοιαῦτα
819 1326 858 1360 (7)

73 1368 133 1404 δίχα
147 1369 315 1404 πτισσόμενα
326 1371 444 1405 ῥήματα,
461 1371 561 1405 γυμνὸν
577 1370 744 1397 ὑποδεικνύει
754 1371 798 1398 τὸν
813 1380 861 1397 πο-

73 1413 251 1450 λυπρόσωπον
283 1415 414 1442 ἐνδοτάτω
446 1416 516 1450 θῆρα
547 1416 742 1451 κρυπτόμενον.
775 1416 860 1448 Αὐτὸς

74 1458 137 1492 γοῦν
152 1459 225 1485 ἐστιν
242 1460 256 1486 ὁ
277 1460 453 1492 κατασπάσας
479 1461 518 1492 εἰς
538 1460 569 1486 τὸ
586 1460 632 1486 τοῦ
653 1461 789 1496 ταρτάρου
812 1461 860 1494 χά-

75 1513 129 1540 σμα
151 1505 199 1531 καὶ
224 1505 270 1532 τὴν
299 1506 409 1541 ἐμμανῆ
439 1506 539 1533 Σαούλο
567 1505 627 1533 ὅθεν
653 1506 760 1538 οἰκείως
786 1506 859 1541 αὐτῷ

949 538 1008 566 XV.
1029 537 1083 566 Sed
1108 539 1220 567 minime
1247 540 1419 576 cogitandum
1442 546 1484 569 est
1508 543 1617 572 infamis
1632 553 1692 574 eum

913 585 982 612 lucri
997 593 1080 612 causa
1096 589 1258 620 praeceptum
1273 587 1390 615 violasse
1412 587 1533 616 divinum
1547 590 1570 605 ”
1586 599 1592 617 :
1611 599 1626 618 a
1641 592 1694 619 dm-

914 638 995 658 mone
1009 639 1073 658 vero
1089 631 1232 658 insanabili
1250 631 1341 660 furore
1360 634 1480 668 percitus
1491 655 1497 666 ,
1517 635 1617 663 invidia
1631 644 1695 665 san-

913 677 1083 708 ctissimum.
1108 678 1183 704 nullo
1207 678 1314 705 decoris
1339 683 1420 714 atque
1439 680 1546 708 honesti
1570 689 1694 717 respectu

913 721 1021 753 habito,
1038 728 1201 756 persecutus.
1220 727 1262 750 est
1288 722 1372 751 David
1400 724 1433 756 ⁸³,
1462 726 1508 760 qui
1530 728 1695 762 propheticis

913 766 1082 794 Psalmorum
1103 768 1281 796 concentibus
1301 769 1468 798 ferocitatem
1492 772 1519 799 in
1537 773 1584 800 illo
1597 775 1695 802 debac-

913 812 1021 840 chantis
1041 813 1172 840 dmmonis
1196 813 1374 842 demulcebat.
1402 815 1563 846 Sacerdotes
1588 819 1694 847 Domini

913 862 1048 886 trecentos
1064 864 1091 887 et
1110 860 1307 896 quinquaginta
1332 869 1445 890 numero
1466 865 1604 893 occisione
1623 866 1695 893 occi-

910 904 950 931 dit
966 905 988 920 ⁵⁰
1004 905 1121 932 :defecit
1137 913 1152 932 a
1174 905 1242 938 Deo,
1257 906 1462 935 vaticinationes
1475 916 1505 934 ac
1521 913 1610 937 vatum
1625 918 1694 946 pra-

911 951 985 984 sagia
1000 950 1082 985 impie
1099 959 1258 985 exposcens.
1279 951 1340 979 llaec
1358 956 1385 980 et
1404 953 1446 980 his
1463 954 1560 981 similia
1583 956 1606 982 si
1628 964 1694 984 con-

911 996 990 1028 fecit,
1005 1005 1058 1032 qua
1074 998 1178 1024 ratione
1195 998 1305 1025 credere
1320 1006 1465 1033 possumus
1480 1007 1541 1027 eum
1557 1001 1694 1036 quievisse

911 1051 965 1071 una
981 1051 1042 1070 cum
1058 1044 1251 1070 miraculorum
1267 1045 1392 1072 elfectorc
1409 1045 1534 1074 Samuele
1546 1067 1553 1078 ,
1571 1048 1616 1082 qui
1637 1057 1694 1075 ma-

910 1090 983 1116 ximo
997 1091 1023 1116 in
1034 1094 1100 1117 aestu
1115 1090 1214 1117 nubem
1226 1091 1378 1126 impetravit
1391 1093 1426 1124 δι,
1439 1092 1506 1120 adeo
1521 1097 1549 1120 ut
1563 1093 1693 1122 immensa

910 1142 1041 1170 aquarum
1057 1137 1134 1170 copia
1159 1136 1231 1163 circa
1248 1137 1335 1172 ipsum
1356 1138 1500 1165 cxundarit
1520 1139 1532 1166 ‘?
1552 1139 1649 1167 Verum
1671 1142 1692 1167 si

911 1182 1086 1209 asscrcndum
1105 1190 1157 1208 non
1175 1187 1215 1209 est
1228 1182 1336 1210 Saulem
1356 1191 1416 1210 cum
1436 1183 1559 1211 Samuele
1577 1185 1693 1220 degere,

910 1226 1020 1253 omnino
1042 1227 1170 1254 mentitus
1196 1232 1238 1255 est
1262 1229 1308 1263 qui
1329 1229 1366 1255 illi
1389 1229 1456 1255 dixit
1479 1237 1488 1256 :
1512 1229 1578 1257 Cras
1596 1232 1648 1258 eris
1666 1238 1693 1258 ιιι

910 1281 1009 1300 "rerum
1034 1273 1067 1300 ⁵³.
1091 1273 1175 1306 igitur
1199 1275 1221 1300 si
1244 1274 1289 1308 qui
1312 1274 1369 1301 haec
1389 1275 1486 1302 eﬂ'atur
1501 1276 1614 1303 mendax
1634 1281 1691 1307 est.

910 1318 1094 1350 manifestum,
1109 1319 1179 1346 hunc
1194 1318 1346 1346 Samuelenr
1358 1327 1412 1347 non
1423 1328 1501 1353 esse;
1520 1329 1606 1356 neque
1620 1322 1692 1349 enim

910 1365 949 1392 sic
959 1365 1030 1392 circa
1043 1369 1163 1400 tempora
1174 1365 1304 1400 propheta
1318 1365 1423 1393 Domini
1435 1367 1565 1395 mentitus
1577 1367 1691 1396 fuisset:

909 1412 946 1438 ita
962 1416 991 1438 ut
1011 1419 1041 1439 ex
1060 1412 1102 1439 his
1121 1412 1160 1439 sic
1174 1413 1304 1446 expositis
1326 1413 1500 1440 multiformis
1517 1414 1587 1440 intra
1605 1414 1692 1449 ipsum

909 1458 1010 1493 degens
1023 1459 1111 1485 bellua
1123 1463 1260 1492 appareat.
1274 1458 1322 1485 Hic
1329 1467 1392 1493 ergo
1402 1463 1453 1491 est,
1465 1460 1509 1494 qui
1523 1464 1549 1487 et
1561 1460 1692 1488 furiosum

912 1504 1019 1532 Saulem
1038 1504 1064 1531 in
1085 1504 1192 1531 Tartari
1208 1503 1300 1532 fauces
1325 1504 1450 1533 detrusit.
1474 1506 1562 1538 Quare
1578 1514 1633 1534 non
1652 1507 1693 1534 in-

74 1551 291 1586 προσεῳϐέγγετο
311 1553 458 1588 κρατήσας·
476 1552 585 1585 Αὔριον
599 1552 640 1578 σὺ
656 1552 705 1578 καὶ
722 1552 857 1579 Ἰωνάθαν

911 1559 1029 1586 congrue
1039 1551 1084 1578 illo
1096 1551 1146 1578 sibi
1157 1551 1309 1586 mancipata
1322 1551 1421 1578 fatetur
1431 1560 1439 1579 :
1448 1551 1514 1578 Cras
1521 1552 1572 1578 eris
1582 1561 1691 1584 mecum.

73 1598 90 1623 ό
105 1598 170 1628 υἱός
190 1605 248 1624 σου
261 1599 324 1632 μετ’
337 1598 420 1632 ἐμοῦ.
438 1598 523 1632 Διττῷ
539 1599 567 1625 δὲ
577 1599 708 1634 συστῆσαι
723 1598 859 1634 προσώπῳ

74 1643 251 1679 πειρώμενος,
263 1645 300 1676 ὡς
310 1644 434 1671 οὐδέποτε
444 1644 546 1676 δίκαιος
560 1645 652 1672 ἀδίκου
664 1644 795 1679 διαφέρει,
813 1645 858 1672 καὶ

72 1689 117 1715 τὸν
139 1689 266 1716 Ἰωνάϐαν
277 1690 333 1725 ἆμα
347 1690 384 1725 τῷ
402 1691 483 1725 πατρὶ
495 1691 540 1717 τὸν
557 1691 637 1717 αὐτὸν
651 1691 746 1725 ἐκείνῳ
760 1691 858 1726 κλῆρον

69 1735 273 1768 ἀπενέγκασθαι
296 1735 493 1770 συνωμολόγει,
509 1736 597 1762 καίτοι
613 1736 649 1771 μὴ
669 1735 858 1770 συνενεχθέντα

70 1779 103 1812 τῇ
127 1777 222 1804 τούτου
244 1778 375 1814 ὠμότητι.
400 1780 447 1811 Τίς
465 1780 493 1806 δὲ
513 1780 566 1806 τῶν
583 1780 665 1806 ὄντων
685 1781 857 1816 ὑποκρίνεται

71 1823 109 1858 μὴ
135 1825 216 1856 νοεῖν,
243 1825 284 1850 ὅτι
310 1825 442 1860 κράτιστα
471 1825 571 1860 βιώσας
600 1827 614 1852 ὸ
638 1825 685 1852 τοῦ
719 1826 857 1862 προφήτου

68 1868 151 1895 Δαυῖδ
171 1869 298 1906 ἐραστὴς,
329 1871 395 1898 ἀλλὰ
423 1872 459 1907 μὴ
472 1871 564 1905 διῶξαι
581 1872 683 1898 δίκαιον
704 1871 801 1903 ἀδίκως
817 1872 858 1906 ἐγ-

70 1915 204 1951 χειρίσας,
219 1917 249 1942 οὐ
264 1917 312 1952 τὴν
320 1917 404 1952 αὐτὴν
414 1918 573 1953 ἐπιφέρεται
629 1917 809 1953 ἀποφέρεται]
819 1917 857 1952 τῷ

69 1961 194 1993 διώξαντι
207 1962 383 1998 μισθοφορίαν
392 1971 399 1995 ;
408 1963 438 1989 οὐ
447 1962 500 1999 γὰρ
512 1963 696 1995 ἀποθανεῖται,
710 1964 740 1990 τὸ
749 1963 857 1998 ξύμπαν

68 2008 173 2039 εἰπεῖν,
196 2008 253 2040 υἱὸς
272 2008 341 2043 ὑπὲρ
357 2009 449 2035 ἀδίκου
471 2009 582 2045 πατρός.
605 2010 684 2036 Ἀλλὰ
707 2009 759 2045 μὴν
783 2009 857 2044 ἐλέγ-

68 2052 147 2087 χεται
170 2060 202 2086 γε
236 2053 283 2079 καὶ
301 2053 344 2079 διὰ
363 2053 437 2080 τοῦδε
459 2053 506 2080 τοῦ
527 2053 684 2089 μηνύματος
707 2054 721 2080 ὸ
745 2053 858 2090 ψευδορο

70 2098 166 2132 (liae;-

108 2144 175 2171 XVL
201 2145 400 2180 Ἀπαραλήπτῳ
426 2145 457 2181 (f,
480 2145 687 2181 ἀπαραλείπτῳ)
707 2145 735 2172 δὲ
755 2146 857 2178 τάξεως

70 2191 224 2226 ἀκολουθίᾳ,
243 2191 370 2226 προσθεὶς
389 2191 488 2226 ἔφησεν
505 2191 519 2217 ὀ
536 2192 718 2227 συγγραφεὺς,
735 2192 786 2223 ὅτι,
801 2192 855 2218 Καὶ

67 2236 204 2264 ἔσπευσε
218 2237 327 2269 Σαοὺλ,
343 2237 391 2264 καὶ
405 2237 515 2264 ἔπεσεν
522 2237 657 2270 ἑστηκὼς
664 2237 712 2263 ἐπὶ
720 2237 776 2271 τὴν
785 2237 852 2272 γῆν,
872 2228 892 2255 D

68 2283 118 2310 καὶ
134 2283 264 2318 ἐφοϐήθη
276 2283 402 2318 σφόδρα,
419 2284 515 2318 λέγων,
533 2283 591 2311 ἀπὸ
610 2283 668 2310 τῶν
683 2284 780 2318 λόγων
796 2285 851 2311 Σα-

65 2328 178 2364 μουήλ·
195 2330 314 2361 ἐκείνους
331 2330 384 2365 γὰρ
392 2328 445 2356 οἵδε
458 2330 504 2355 τοῦ
518 2329 644 2364 Σαμουὴλ
655 2326 795 2360 εἶναιτοὺς
805 2329 850 2355 λό-

68 2384 146 2410 γους,
156 2375 203 2407 οὒς
217 2377 403 2411 προεφήτευσε
417 2376 464 2410 μὲν
477 2375 550 2410 αὐτῷ
566 2375 672 2410 σώματι
687 2375 733 2401 καὶ
747 2374 853 2410 γλώττῃ

68 2421 174 2458 παρών·
184 2421 214 2448 τὸ
226 2422 254 2448 δὲ
268 2422 362 2457 φάσμα
372 2421 481 2453 τούτους
496 2421 668 2454 άνεξελέξατο
681 2422 753 2452 τοὺς.
771 2441 778 2447 .
796 2441 803 2447 .
820 2441 827 2448 .
846 2442 851 2447 .

67 2468 116 2494 καὶ
146 2467 299 2504 προῦςρερεν
324 2467 362 2499 ὡς
380 2467 459 2499 ἰδίους
471 2475 477 2481 ·
496 2464 532 2494 ὧν
548 2468 562 2494 ὁ
578 2467 710 2502 δυνάστης
730 2467 852 2502 ὑπομνη-

68 2514 153 2545 σθεὶς,
184 2513 232 2540 καὶ
246 2513 280 2539 τὰ
311 2513 357 2539 τοῦ
386 2512 505 2548 πολέμου
519 2513 639 2548 σύμϐολα
661 2512 768 2548 θεωρῶν
781 2513 852 2539 ἄντι-

67 2568 138 2595 κρυς
155 2559 294 2594 ἱδρυμένα,
319 2559 444 2594 περιδεὴς
459 2560 589 2593 ἐγεγόνει,
611 2558 642 2584 τὺ
657 2558 741 2594 πέρας
762 2557 851 2584 αὐτῶν

65 2605 176 2632 ἐννοῶν.
202 2604 271 2631 Ἀλλ’
301 2605 440 2640 Ὧριγὲνης
470 2604 558 2638 ἑαυτῷ
579 2604 700 2639 δόγματα
718 2604 851 2634 πλάττων,

52 2651 155 2683 ἐίδὼς,
181 2653 221 2678 ὅτι
248 2651 368 2678 πλεῖστοι
391 2651 440 2686 μὲν
462 2651 517 2677 ὅσοι
539 2650 714 2684 τυγχάνουσιν
730 2651 753 2676 οἱ
767 2650 851 2676 ταῦτα

100 2709 125 2725 ⁸⁸
145 2709 160 2736 1
183 2709 244 2744 Reg.
261 2718 307 2741 xv,
322 2709 348 2736 9.
364 2709 385 2725 ‘°
403 2708 417 2735 1
445 2708 508 2744 Reg.
531 2715 588 2740 xIx,
605 2707 632 2735 9.

67 2744 91 2761 "’
107 2744 175 2771 ibid.
191 2745 237 2772 20.

102 2791 178 2825 (5m)
197 2790 269 2824 qu‘
282 2789 371 2823 αὐτῷ.
384 2789 465 2816 Forte
479 2788 543 2823 παρ’
552 2787 628 2820 αὑτό,
641 2787 683 2815 vel
694 2786 758 2821 παρ’
768 2785 845 2813 αυτά.

66 2826 146 2900 Enati.)-
155 2863 226 2890 Μετ’
239 2860 342 2888 αὐτοῦ.
357 2858 436 2887 Forte
449 2858 517 2895 μετὰ
524 2858 582 2885 τοῦ.

675 2707 697 2723 ⁸ο
717 2706 729 2733 1
747 2706 808 2742 Reg.
842 2713 910 2738 nu,
933 2704 976 2731 18.

910 1602 936 1624 tu
950 1603 974 1624 et
992 1597 1062 1632 [ilius
1078 1602 1136 1623 tuus
1157 1596 1302 1623 Jonatlum.
1319 1596 1422 1631 Duplici
1444 1604 1559 1632 persona
1574 1605 1692 1626 comme-

909 1648 1013 1670 morata
1039 1643 1200 1670 confirmare
1229 1643 1335 1674 nititur,
1364 1651 1502 1678 nunquam
1529 1643 1634 1678 justum
1658 1644 1692 1671 ab

908 1689 1010 1723 injusto
1035 1689 1157 1722 dill‘erre;
1183 1689 1317 1716 Jonathan
1351 1697 1412 1716 cum
1440 1693 1516 1724 patre
1545 1698 1630 1717 unum
1662 1695 1690 1718 et

907 1735 1032 1762 eumdem
1047 1735 1125 1761 finem
1137 1739 1163 1762 et
1177 1738 1276 1762 sortem
1290 1734 1456 1766 habiturum,
1469 1734 1530 1762 licet
1543 1735 1615 1763 illius
1628 1743 1691 1763 cru-

908 1780 1010 1807 delitati
1034 1781 1144 1808 minime
1169 1781 1356 1809 consenserit.
1374 1780 1519 1809 fatebatur.
1537 1780 1603 1813 Quis
1626 1789 1690 1809 vero

909 1826 1062 1852 mortalium
1078 1834 1106 1854 se
1117 1834 1170 1853 non
1185 1833 1282 1861 capere
1296 1825 1445 1859 simulabit,
1455 1833 1515 1853 cum
1531 1827 1577 1861 qui
1590 1826 1690 1861 optime

908 1871 1021 1904 vixerit,
1037 1872 1176 1906 propheta
1194 1871 1276 1898 David
1292 1876 1455 1902 amatorem,
1479 1875 1506 1898 et
1521 1872 1567 1906 qui
1587 1879 1690 1907 nequa-

908 1925 988 1951 quam
1003 1917 1106 1952 justuin
1122 1918 1223 1952 injuste
1241 1917 1364 1952 persequi
1381 1925 1464 1945 ausus
1486 1917 1599 1950 fuisset,
1614 1925 1689 1945 οδω-

908 1963 968 1990 dem
990 1971 1051 1990 cum
1078 1968 1251 1999 persecutore
1271 1964 1421 1991 mercedem
1449 1964 1592 1998 aceipere?
1614 1963 1689 1991 Nun-

908 2017 988 2045 quam
1004 2009 1092 2042 enim,
1110 2015 1140 2037 ut
1155 2010 1237 2037 verbo
1253 2010 1389 2044 expleam.
1414 2017 1464 2044 pro
1488 2010 1591 2044 injusto
1612 2013 1688 2044 patre

908 2061 1022 2083 mortem
1049 2056 1133 2083 obibit
1162 2056 1242 2083 ﬁlius.
1267 2056 1382 2091 [deoque
1408 2056 1459 2083 hoc
1483 2057 1564 2084 etiam
1589 2057 1688 2084 indicio

907 2101 1112 2128 mendaciorum
1129 2101 1219 2136 opifex
1233 2101 1455 2136 deprehenditur.

943 2146 1011 2173 XVI.
1026 2145 1125 2173 Rerum
1140 2154 1220 2180 porro
1234 2151 1370 2182 gestarum
1385 2147 1455 2174 serie
1469 2154 1524 2173 non
1538 2146 1686 2181 interrupta

908 2195 1003 2218 auctor
1017 2192 1123 2220 subdit:
1136 2191 1170 2218 Et
1181 2192 1314 2226 festinavit
1326 2191 1402 2224 Saul,
1417 2197 1441 2219 et
1452 2191 1543 2218 cecidit
1552 2197 1686 2226 porrectus

906 2245 985 2271 super
997 2241 1111 2268 (errant,
1129 2241 1153 2264 et
1172 2237 1259 2263 timuit
1280 2237 1354 2264 ualde
1367 2245 1383 2264 a
1397 2237 1557 2272 sei-mgnibus
1576 2237 1686 2264 Samue-

906 2283 938 2309 lis
951 2283 984 2309 ⁸³.
1000 2282 1054 2310 Eos
1067 2282 1138 2311 enim
1155 2290 1294 2310 sermones
1310 2283 1444 2310 Samuelis
1457 2290 1517 2310 esse
1530 2287 1684 2318 agnoverat,

906 2336 975 2363 quos
987 2336 1048 2355 cum
1060 2328 1148 2355 adhuc
1165 2332 1236 2355 esset
1252 2330 1279 2355 in
1295 2328 1364 2355 vivis
1376 2332 1403 2356 et
1421 2335 1534 2363 corpore
1551 2319 1580 2355 et
1595 2328 1685 2364 lingua

907 2375 1123 2410 prophetaverat.
1141 2374 1203 2402 llmc
1218 2383 1233 2401 a
1248 2379 1355 2410 spcctro
1368 2375 1471 2402 delecta
1486 2375 1563 2409 quasi
1577 2375 1685 2409 propria

908 2419 1123 2455 proferebantur.
1154 2419 1274 2453 Quorum
1297 2427 1358 2447 cum
1382 2420 1548 2448 meminisset
1574 2428 1636 2452 rex,
1658 2424 1685 2446 et

906 2465 1093 2500 conspexisset
1114 2465 1180 2491 satis
1203 2469 1292 2499 aperte
1312 2464 1374 2492 belli
1390 2464 1466 2500 signa
1484 2468 1590 2496 erecta,
1605 2463 1683 2490 linem

906 2510 1091 2537 imminentem
1108 2509 1324 2537 animadvertens
1340 2513 1412 2536 metu
1429 2509 1531 2537 fractus
1547 2517 1578 2536 ac
1591 2509 1685 2537 debili-

906 2560 979 2583 tatus
986 2559 1038 2582 est.
1047 2556 1080 2581 At
1088 2554 1227 2590 Origenes.
1237 2555 1344 2582 sibimet
1351 2555 1400 2590 ipsi
1410 2555 1536 2591 dogmata
1544 2555 1682 2590 efﬁngens.

906 2602 995 2630 sciens
1008 2601 1139 2636 plurimos
1152 2608 1212 2628 esse
1227 2601 1273 2635 qui
1288 2600 1345 2628 haec
1366 2601 1547 2628 determinant
1557 2622 1564 2633 ,
1587 2602 1620 2628 ad
1635 2608 1683 2628 sua

906 2647 977 2674 dicta
1005 2649 1192 2680 oppugnantes
1217 2645 1339 2672 oratione
1362 2652 1493 2672 conversa
1519 2645 1630 2672 minime.
1657 2644 1683 2673 id

1016 2703 1038 2718 ἠ
1064 2701 1079 2729 1
1104 2701 1166 2737 Reg.
1193 2709 1242 2734 xu,
1268 2701 1311 2728 18.
1352 2701 1374 2716 ⁸³
1409 2700 1423 2727 Ι
1441 2700 1505 2735 Reg.
1524 2708 1619 2732 xxvm,
1636 2701 1682 2729 l9.

936 2784 975 2821 (7)
995 2785 1124 2821 Τοιαῦτα.
1140 2783 1326 2821 ξοτιθλταῦτα.
1342 2782 1445 2818 (Ταῦτα
1458 2783 1564 2818 ῥήματα
1578 2790 1678 2813 nonest

904 2819 998 2849 Graeca
1017 2819 1128 2849 locutio.
1143 2819 1240 2854 Ειιιτ.)Δ
