1909 3071
40 118 103 147 649

491 118 535 146 DE
552 104 846 146 ENGASTRIMYTHO
865 114 1007 143 CONTRA
1027 114 1214 143 ORIGENEM.

1627 117 1680 145 650

41 178 97 206 τοῦ
115 177 281 214 γράμματος
300 178 396 214 ἐκδοχῇ
414 178 444 205 τὺ
461 180 515 206 πᾶν
528 177 756 210 ἀνατιθένταςμῦς
774 175 842 210 Ὤρι-
859 178 875 206 Α

897 175 937 202 vel
954 182 1037 210 regna
1062 175 1136 202 illius
1159 182 1207 203 sua
1233 182 1294 202 esse
1318 175 1390 203 dicat
1405 176 1438 208 “,
1459 175 1555 204 ideone
1577 175 1681 205 diceret

41 224 133 260 γένης
157 225 328 260 εἰσηγεῖται;
353 226 400 252 καὶ
423 224 502 251 τοῦτο
525 224 579 260 γὰρ
596 225 636 256 εἰς
647 224 731 254 αὐτὰς
746 222 844 256 ἀναγέ-

41 278 169 306 γραπιαι
184 270 234 302 τὰς
246 271 371 307 Γραφέις·
386 271 403 306 ἦ
426 268 459 298 αὖ
483 270 564 297 πάλιν
578 270 686 297 ἐπειδὰν
701 270 844 304 ὑπερηφα-

41 317 93 352 νίᾳ
120 316 264 352 χρώμενος
290 317 402 353 ἀμέτρῳ
425 318 514 344 πᾶσαν
535 317 602 352 ὁμοῦ
633 316 681 352 τὴν
701 316 777 342 τοῦδε
795 314 843 341 τοῦ

42 363 153 398 κόσμου
181 363 357 400 περιγραφὴν
380 363 440 398 ἤτοι
465 363 576 394 καὶτὰς
601 361 737 397 βασιλείας
757 359 843 394 αὐτῆς

43 409 116 441 ἰδίας
144 407 213 436 εἶναι
241 409 325 444 λέγοι,
343 409 419 445 παρὰ
444 409 523 435 τοῦτο
537 409 604 444 φαίη
618 417 659 439 τις
671 407 714 439 ἂν,
731 406 768 438 ὡς
788 406 841 441 ἄρα

46 457 189 492 προσήκει
204 458 284 488 νοεῖν,
310 457 351 483 ὃτι
372 456 536 492 δημιουργὸς
555 455 637 486 αὐτός
671 455 743 480 ἐστιν
755 452 842 479 ἁπάν-

42 511 117 534 των;
139 502 288 538 Οὗμενουν,
304 502 376 529 εἴποι
389 511 431 534 τις
443 502 488 530 ἆν-
507 502 524 537 ἡ
539 501 592 537 γάρ
603 509 644 527 τοι
656 497 842 534 διηγηματικὴ

43 548 191 584 διεχάραξε
212 548 289 584 φωνὴ
311 549 359 580 τὰς
378 548 483 575 ἐκείνου
507 546 718 583 μεγαληγορίας,
735 544 766 570 οὺ
788 542 841 578 μὴν

895 220 1031 254 quispiam
1056 219 1222 247 credendum
1249 227 1310 247 esse
1337 221 1413 248 illum
1438 229 1529 248 rerum
1558 221 1678 249 omnium

895 265 1021 300 opiﬁcem
1045 266 1129 294 esse?
1146 266 1181 292 At
1199 273 1280 293 nemo
1303 273 1369 294 sane
1390 267 1418 294 id
1441 267 1549 295 dixerit.
1574 266 1680 303 Quippe

893 312 917 340 si
933 312 1100 340 narrationis
1118 312 1187 340 ordo
1215 312 1301 340 futilis
1325 313 1398 341 illius
1416 313 1573 348 jactationis
1596 315 1680 341 verba

894 359 1039 393 expressit,
1053 363 1080 386 at
1089 366 1143 386 non
1153 367 1218 386 vera
1233 359 1279 386 illa
1294 359 1380 388 fuisse
1391 359 1553 388 determinat
1570 370 1576 387 :
1591 368 1681 396 neque

894 405 922 434 id
950 407 1021 434 ullus
1046 406 1152 441 uspiam
1169 405 1285 440 probare
1313 407 1421 441 poterit.
1439 407 1493 435 Sed
1516 408 1615 435 similia
1637 408 1680 436 his

894 451 1002 479 inﬁnita
1022 455 1087 478 sunt
1102 451 1130 478 in
1149 455 1294 486 promptu,
1316 459 1377 486 qua:
1392 452 1419 479 in
1445 452 1562 479 medium
1583 452 1680 480 atl'erre

894 497 1008 526 minime
1024 498 1100 529 libet,
1116 506 1150 526 ne
1165 498 1309 525 verborum
1326 498 1407 533 longo
1421 498 1537 525 circuitu
1554 499 1681 533 quaestio-

895 543 939 570 uis
952 543 1053 570 nodum
1068 543 1186 579 ellugere
1203 543 1354 572 videamur.
1576 547 1581 552 ”

43 596 159 632 ἀληθεῖς
175 597 322 631 ἀποφαίνει
337 596 437 628 αὑτάς·
455 595 508 622 οὐδ’
522 595 580 621 ἐστὶ
594 594 632 625 δὲ,
657 593 697 619 ὅτι
713 591 792 618 τοῦτο
816 588 900 623 δεῖξαι
917 590 1064 627 δυνάμενος
1077 592 1165 624 οὐδεὶς
1178 592 1312 627 οὐδαμῶς.
1345 592 1425 619 Ἀλλὰ
1457 592 1542 627 μυρία
1558 593 1606 628 μὲν
1624 593 1681 620 ἐστι

44 643 159 670 τοιαῦτα
177 644 246 679 πρὸς
262 644 309 670 ἐπὶ
324 643 427 674 τούτοις
445 643 518 673 ίδεῖν,
531 641 580 677 οὐχ
597 639 652 667 οἷόν
669 649 698 666 τε
722 638 751 665 δὲ
764 637 853 664 πάντα
873 639 1018 674 παράγειν,
1037 639 1082 666 ἴνα
1105 639 1143 675 μὴ
1162 640 1337 676 μακρηγορίᾳ
1359 638 1478 675 δόξωμεν
1504 640 1683 676 ὲκκρούεσθαι

44 689 92 716 τοῦ
107 689 278 725 ζητήματος.

80 735 165 762 XVII.
175 737 220 768 Ὣς
230 733 277 762 οὖν
285 734 371 777 ἒδόκει
382 736 436 767 τοῖς
450 734 581 770 ὀρθότατα
592 731 736 768 φρονοῦσιν
746 730 776 757 οὺ
791 738 839 765 με-

44 781 129 816 τρίως
140 775 368 816 ἐπιτιμᾷν,αὖθις
377 780 551 814 ὑπεκκλέψας
560 778 602 805 ἐπ’
612 777 692 812 ἄλλην
701 775 840 810 ἀπεπήδη-

45 834 91 852 σεν
106 826 224 857 ἔννοιαν,
241 825 435 853 ἐδεινοποίειδὲ
446 823 628 859 δημαγωγῶν,
647 823 688 849 ὅτι
706 821 840 856 φάσκουσι
858 835 878 862 Β

44 871 114 907 πρὸς
129 873 188 903 τοῖς
203 871 304 903 ἄλλοις,
321 871 357 903 ὡς
375 871 418 905 εἴη
429 870 563 905 φρικῶδες
578 868 769 899 ὑπολαϐεῖν,ὲν
778 866 840 902 ᾅδου

44 918 190 953 γεγονέναι
201 918 248 944 τὸν
257 917 354 952 εὐκλεῆ
365 916 501 953 Σαμουὴλ,
512 916 541 947 ὂς
549 915 668 951 ὲκκρίτῳ
676 911 842 950 προφητείας

44 965 110 1000 ἀξία
124 964 282 1000 τετίμηται.
293 963 379 990 Τοῦτο
395 963 442 999 μὲν
453 961 499 989 οὖν
510 962 565 989 ἄνω
574 961 655 988 δὲκαὶ
664 961 738 987 κάτω
746 967 842 986 ταυτο-

45 1011 122 1044 λογεῖ
146 1009 291 1046 γραωδῶς,
316 1009 345 1042 ἐξ
362 1008 448 1035 ἄλλων
466 1010 505 1040 εἰς
526 1007 592 1035 ἄλλα
608 1003 842 1042 μεταχειρίζεσθαι

45 1057 109 1089 τοὺς
135 1056 289 1092 αὑτηκόους
320 1056 412 1091 ἀπάτῃ
424 1054 602 1090 τεχνώμενος.
622 1052 717 1087 Ἡμεῖς
731 1051 760 1078 δὲ
778 1050 842 1085 περὶ

45 1102 151 1130 τούτων
166 1102 198 1128 οὐ
215 1101 399 1137 διαφερόμεθα
411 1101 475 1136 περὶ
483 1097 519 1127 ὧν
533 1100 618 1126 ἅπασι
628 1096 843 1133 συνομολογητέα

45 1148 239 1183 καθέστηκεν,
273 1147 331 1174 ἀλλ’
353 1143 391 1174 ὧν
417 1147 498 1173 ἕνεκα
528 1145 631 1180 κυρίως
660 1142 844 1178 ἀμφισϐητεῖν

46 1194 211 1230 ἐγνώκαμεν
221 1203 227 1208 -
245 1194 276 1220 οὐ
293 1194 349 1229 γὰρ
363 1194 386 1220 εί
398 1192 524 1229 Σαμουὴλ
536 1186 631 1225 γέγονε
645 1189 773 1225 ζητητέα,
785 1188 843 1215 ἀλλ’

47 1242 70 1268 εἰ
85 1241 217 1276 τοιαύτην
235 1240 291 1276 ἔχει
303 1239 406 1275 δαίμων
422 1238 556 1271 ἐξουσίαν,
570 1236 640 1263 ὥστε
656 1235 767 1262 δικαίων
780 1235 844 1261 ἀνα-

47 1287 192 1315 καλεῖσθαι
219 1286 309 1322 ψυχὰς
341 1286 370 1318 ἐξ
394 1286 467 1321 ᾅδου,
483 1285 529 1312 καὶ
552 1283 632 1310 πάλιν
656 1281 841 1316 ἀποπέμπειν.

52 1334 131 1360 *Επεὶ
146 1333 239 1360 τοίνυν
255 1332 443 1367 ὲπαυτοφώρῳ
459 1330 571 1367 ληφθεὶς
585 1329 655 1356 ἑάλω
670 1327 844 1363 βλασφημίας

47 1379 205 1412 ἐπαντλῶν,
227 1379 296 1406 ἀλλὰ
311 1379 360 1411 τὰς
379 1377 434 1405 τῶν
454 1376 598 1413 ἀκροατῶν
615 1375 700 1406 ἀκοὰς
717 1373 845 1409 ἀπατηλῇ

49 1427 98 1462 μὲν
116 1426 278 1452 ὑπεκκλίνει
304 1425 397 1461 τέχνῃ,
419 1422 585 1457 καταφεύγει
599 1422 627 1448 δὲ
638 1420 717 1457 δῆθεν
736 1419 783 1446 ἐπὶ
798 1418 844 1445 τοῦ

47 1471 172 1508 Χριστοῦ
185 1471 342 1508 πρόσωπον,
364 1470 397 1496 ἵν’
417 1469 597 1501 ὰντεξετάσας
613 1467 678 1495 αὐτὸ
688 1467 743 1497 τοῖς
759 1464 846 1499 ἁγίοις

47 1519 192 1554 ἀνδράσιν,
214 1517 390 1550 ἀποδείξειεν,
418 1517 458 1542 ὅτι
476 1516 522 1541 καὶ
547 1515 626 1545 αὐτὸς
642 1515 681 1545 είς
697 1512 759 1549 ᾅδου
779 1519 845 1538 κατ-

48 1564 132 1600 ῆλθεν
149 1565 165 1590 ὁ
179 1562 296 1599 Χριστὸς
313 1561 380 1597 ὁμοῦ
400 1562 456 1591 τοῖς
469 1560 557 1591 ἄλλοις
570 1558 670 1585 ἆπασιν
680 1566 686 1572 ·
705 1555 772 1583 ἀλλὰ
789 1555 843 1590 γὰρ

49 1610 87 1642 ὡς
102 1609 267 1637 ἀπεδείκνυε
290 1606 379 1638 τοῦτο,
394 1605 441 1632 καὶ
449 1604 481 1640 δὴ
495 1605 542 1631 καὶ
558 1604 588 1629 τὸ
602 1602 662 1630 κατ’
676 1602 760 1638 ἄνδρα
778 1609 845 1636 παρ-

50 1656 136 1683 αινῶν
168 1654 364 1690 ἐπεφθέγγετο,
394 1653 425 1679 Τί
444 1650 531 1686 φοϐῇ,
549 1650 645 1684 λέγων,
669 1648 774 1681 εἰπεῖν,
799 1647 844 1674 ὅτι

49 1702 113 1735 πᾶς
124 1700 225 1736 χρῄζει
244 1700 336 1733 τόπος
350 1699 442 1726 αὐτοῦ
462 1706 493 1725 τε
512 1697 564 1724 τοῦ
579 1694 708 1731 Χριστοῦ
720 1693 770 1720 καί
785 1692 846 1719 τῶν

49 1747 235 1783 προρητῶν;
249 1746 328 1780 ὀλίγα
352 1745 419 1772 ἄττα
449 1743 601 1779 amnem
621 1741 735 1773 τάττων,
762 1739 844 1774 ἄλλην

51 1797 199 1824 ἑπιπλέκει
218 1796 383 1831 δυσφημίαν,
408 1794 553 1828 ὲκφαίνων,
573 1791 673 1819 ὃτικαί
692 1789 770 1817 κάτω
781 1797 846 1822 τυν-

50 1842 157 1877 χάνων
166 1843 182 1868 ὀ
192 1840 330 1875 Χριστὸς,
339 1841 372 1867 ἵν’
384 1839 471 1871 οὕτως
483 1839 561 1870 εἴπω,
573 1836 706 1872 φησὶν,ὲν·
715 1832 757 1866 τῷ
767 1834 845 1861 κάτω

50 1888 136 1919 τόπῳ
146 1887 199 1919 ὢν,
215 1886 253 1921 τῇ
275 1885 445 1920 προαιρέσει
463 1884 524 1911 ἅνω
537 1882 591 1918 ἦν’
613 1882 650 1913 ὡς
660 1881 724 1916 περὶ
739 1879 844 1915 ἀνθρώ-

52 1943 107 1961 που
121 1934 150 1960 δὲ
167 1934 248 1969 μόνου
263 1932 444 1968 προσομιλῶν,
466 1931 522 1958 ἀλλ’
535 1930 628 1956 οὐκέτι
640 1927 690 1962 τῆς
711 1927 785 1958 θείας
801 1926 846 1952 αὺ-

50 1979 101 2007 τοῦ
117 1978 315 2014 στοχαζόμενος
332 1978 449 2012 φύσεως,
461 1978 489 2004 ὲν
505 1977 561 2008 τοῖς
576 1975 724 2002 κατωτάτω
735 1973 785 2008 μὲν
797 1972 846 1998 αὺ-

51 2028 101 2054 τὸν
129 2026 250 2060 ἔφασκεν
279 2024 404 2060 ἀφῖχθαι,
419 2022 577 2060 προαιρέσει
598 2021 627 2047 δὲ
643 2019 776 2055 δήπουθεν
789 2018 846 2045 ἄνω

54 2076 214 2112 βεϐηκέναι,
231 2073 356 2108 καθάπερ
373 2070 419 2099 οὖν
445 2070 539 2106 ἀμέλει
553 2069 599 2096 καὶ
615 2068 676 2098 τοὺς
690 2065 787 2097 ἄλλους
803 2065 845 2091 ἀν-

54 2110 195 2159 θρώπους.
224 2121 305 2148 Οὕτω
326 2120 396 2154 τὰρ.
420 2118 482 2152 ἕξη,
508 2116 557 2143 καὶ
577 2117 603 2141 οἱ
626 2111 774 2159 προφῆται
796 2110 853 2159 ἴα),

53 2157 210 2204 iugavi”,
223 2167 280 2194 κᾶν
305 2163 472 2192 καταϐῶσιν
488 2163 564 2189 ὅπου
583 2162 613 2187 αἱ
629 2158 737 2204 ψυχαί,
753 2157 844 2192 φησὶν,

54 2217 86 2242 al
101 2214 191 2245 κάτω,
206 2214 241 2240 ὲν
262 2210 301 2244 τῷ
322 2211 400 2238 κάτω
420 2209 478 2245 μὲν
496 2208 638 2234 δύνανται
660 2203 736 2232 εἶναι
754 2204 845 2235 τόπῳ,

54 2263 93 2290 οὐ
104 2261 184 2288 κάτω
198 2260 232 2287 δέ
247 2261 306 2286 εισι
327 2257 365 2293 τῇ
386 2256 565 2292 προαιρέσει.
586 2252 758 2288 Κοοφολογίιξι⁵
776 2251 804 2277 δὲ
816 2250 848 2286 δὴ

56 2308 230 2343 περιηχήσας
254 2304 449 2341 ἀπειροπληθεῖ
473 2302 519 2329 τὸν
541 2301 653 2336 κόσμον,
684 2298 745 2325 οὐδὲ
769 2296 849 2323 τοῦτο

56 2353 192 2388 ξυνίησιν,
208 2352 249 2378 ὅτι
261 2351 314 2382 πᾶς
328 2348 450 2377 ὁστισοῦν
474 2346 633 2383 ἀνθρώπων,
645 2345 670 2371 εἰ
685 2344 731 2370 καὶ
747 2343 850 2378 σφόδρα

57 2398 181 2434 σχέτλιός
194 2398 278 2429 ἐστιν,
299 2398 326 2423 ὲν
354 2395 418 2431 ᾆδον
433 2391 581 2424 κατελθὼν,
599 2392 655 2419 ἄνω
671 2392 703 2426 τῇ
721 2388 850 2425 προαιρέ-

57 2454 102 2472 σει
130 2443 314 2478 καθέστηκεν·
330 2442 417 2472 οὐδεὶς
432 2440 497 2474 γοῦν
514 2439 545 2466 ἂν
570 2438 612 2473 εἴη
624 2446 656 2471 γε
668 2437 780 2464 δικαίων
795 2435 849 2462 οὐδ’

57 2491 161 2518 ἀδίκων
175 2490 204 2522 ὃς
218 2490 248 2516 οὐ
258 2488 379 2524 γλίχεται
401 2485 530 2513 ἀνωτάτω
548 2485 596 2520 μὲν
607 2483 737 2510 ἑκάστοτε
752 2481 851 2517 διατρί-

58 2537 117 2564 ϐων
130 2538 251 2573 ἔχεσθαι,
264 2535 318 2562 τῶν
328 2535 356 2561 δὲ
369 2531 553 2568 καταχθονίων
565 2530 735 2566 ἀπηλλάχθαι
750 2529 848 2555 τόπων.

59 2584 93 2610 Et
110 2584 201 2611 τοίνυν
217 2583 333 2613 ἅπαντες
349 2580 416 2617 ὁμοῦ
431 2581 454 2607 οἱ
471 2578 651 2613 καταχθέντες
665 2578 705 2608 είς
718 2576 780 2612 ᾅδου
797 2574 850 2602 τῶν

60 2631 119 2658 ἄνω
131 2628 224 2665 φορῶν
240 2628 294 2664 (Μ)
311 2627 393 2664 ἐρῶσι
421 2625 591 2662 προαιρέσει,
618 2624 666 2651 καὶ
684 2624 714 2650 οὐ
733 2624 801 2650 πάνυ
815 2623 851 2649 δι-

61 2675 142 2703 καίου
157 2674 231 2706 τινὲς
245 2673 448 2708 ὲπεμελήσαντο
461 2671 528 2706 βίου,
547 2670 665 2696 ποταπὸν
680 2668 788 2704 ἀξίωμα
803 2667 850 2694 τοῦ

61 2719 236 2756 προφητικοῦ
245 2718 368 2753 διεσάφει
382 2715 462 2752 χοροῦ
476 2724 483 2749 ;
498 2715 524 2742 τί
539 2715 569 2742 δὲ
582 2715 612 2741 τὸ
628 2714 753 2750 περιττὸν
765 2713 852 2749 ἀπήγ-

62 2766 136 2800 γειλε
161 2764 210 2791 τοῦ
237 2765 350 2801 Κυρίου,
366 2764 448 2790 πᾶσιν
467 2763 559 2798 ὄμοιω
581 2760 739 2795 ἀποφαίνων
749 2760 850 2793 αὐτύν;

98 2812 122 2829 ⁸⁸
136 2811 237 2839 Matth.
253 2819 289 2843 iv,
305 2811 332 2841 8.
349 2810 374 2837 9.

99 2859 155 2894 (ll)
171 2857 285 2891 Φαρῶν.
299 2855 380 2883 Forte
395 2856 491 2891 χορῶν.

214 2904 364 2945 ΔιἈτιιοι..
387 2902 446 2933 Gn.
470 2900 581 2932 XVlll.

928 725 1010 754 XVII.
1030 725 1131 754 Verum
1149 730 1292 762 postquam
1318 727 1475 756 rectissime
1498 729 1682 758 sentientibus

893 780 948 800 non
971 773 1146 800 mediocriter
1169 773 1317 802 insultasse
1336 775 1411 802 visus
1425 779 1483 807 est,
1502 775 1599 803 iterum
1628 784 1682 803 non

894 818 1011 846 obscure
1025 818 1202 847 dissimulans
1217 819 1245 846 in
1261 820 1341 846 aliam
1356 820 1485 847 transiliit
1505 822 1680 852 sententiam.

892 865 1098 900 orationemque
1122 866 1242 894 oratorie
1261 873 1380 901 augens.
1407 866 1479 894 inter
1494 867 1545 894 alia
1561 875 1621 902 quae
1638 866 1680 895 di-

892 914 973 942 cunt,
996 911 1162 939 horrendum
1183 919 1249 940 sane
1265 912 1293 939 id
1308 919 1370 940 esse
1385 913 1539 944 intellectu,
1556 913 1679 942 indutum

894 957 1048 987 Samuelem
1078 959 1214 994 praecipua
1242 959 1365 986 vaticinii
1395 959 1525 994 dignitate
1547 960 1681 986 illustrem

893 1003 979 1032 fuisse
997 1004 1070 1039 apud
1087 1003 1201 1032 inferos.
1222 1003 1280 1032 Hoc
1301 1005 1393 1039 itaque
1413 1005 1481 1032 satis
1503 1005 1611 1032 aniliter
1631 1013 1682 1033 sa:-

893 1049 955 1084 pius
981 1050 1061 1077 iterat
1081 1049 1244 1085 repetendo,
1270 1057 1304 1077 ex
1321 1049 1382 1076 aliis
1405 1050 1433 1077 in
1461 1050 1515 1077 alia
1542 1051 1680 1078 auditores

894 1095 1054 1130 impellens,
1077 1095 1151 1131 quod
1175 1095 1271 1122 fraude
1290 1095 1418 1131 deceptos
1446 1097 1576 1124 adversos
1602 1103 1682 1131 agere

894 1145 1020 1168 conatur.
1045 1140 1099 1168 Sed
1122 1148 1173 1169 nos
1197 1142 1231 1169 de
1254 1141 1297 1169 his
1321 1149 1382 1176 qua:
1405 1149 1462 1168 uno
1478 1141 1569 1168 animo
1585 1150 1681 1170 omnes

893 1186 1030 1221 recipiunt
1044 1194 1099 1217 non
1113 1186 1295 1218 dissidemus,
1312 1194 1406 1214 verum
1423 1187 1456 1215 dc
1476 1186 1520 1214 his
1541 1195 1602 1222 qum
1618 1195 1682 1222 pro-

894 1233 952 1268 prie
968 1233 995 1259 in
1014 1233 1127 1261 dubium
1142 1234 1212 1261 verti
1226 1241 1307 1268 posse
1327 1233 1530 1268 cognoscimus.
1545 1233 1612 1260 Nam
1628 1234 1682 1261 mi-

894 1281 968 1308 nime
976 1280 1171 1315 disputandum
1186 1288 1220 1307 an
1240 1280 1350 1308 Samuel
1362 1279 1453 1311 fuerit,
1466 1280 1514 1307 sed
1530 1287 1564 1307 an
1576 1280 1682 1308 daemon

895 1327 977 1354 talem
993 1326 1093 1354 habeat
1107 1330 1282 1361 potestatem,
1300 1326 1438 1361 iustorum
1452 1325 1558 1353 scilicet
1577 1326 1683 1354 animas

895 1372 931 1400 ab
951 1372 1047 1400 inferis
1069 1372 1218 1405 evocandi,
1234 1380 1387 1407 rursusque
1402 1372 1612 1399 transmitteudi.
1629 1370 1683 1399 Ita-

896 1426 949 1454 que
968 1426 999 1446 re
1024 1418 1168 1446 manifesta
1185 1417 1372 1453 deprehensus
1395 1418 1577 1453 hlasphemias
1593 1417 1685 1445 fundi‘

898 1469 965 1496 tare,
981 1463 1149 1491 audientium
1166 1471 1246 1492 aures
1262 1462 1376 1490 subdola
1391 1466 1450 1490 arte
1465 1463 1594 1494 declinat,
1609 1465 1637 1490 et
1648 1462 1683 1490 ad

856 1503 882 1536 ο
897 1509 1000 1538 Christi
1017 1509 1150 1537 duntaxat
1177 1516 1322 1544 personam
1346 1508 1483 1543 confugit,
1506 1512 1536 1535 ut
1564 1515 1596 1536 ea
1620 1515 1683 1535 cum

897 1556 1001 1585 sanctis
1014 1555 1082 1584 viris
1096 1555 1206 1587 collata,
1221 1563 1276 1583 una
1292 1562 1354 1582 cum
1377 1554 1438 1582 aliis
1463 1554 1589 1582 omnibus
1603 1553 1684 1582 Chri-

897 1607 968 1632 stum
982 1603 1072 1638 ipsum
1089 1602 1121 1629 ad
1135 1600 1238 1630 inferos
1249 1601 1426 1629 descendisse
1437 1600 1615 1628 demonstret.
1630 1601 1683 1629 Sed

896 1650 943 1678 ubi
966 1649 1033 1677 illud
1056 1648 1199 1684 probavit,
1215 1639 1249 1676 ad
1269 1648 1408 1675 hominem
1431 1647 1585 1674 hortatione
1600 1655 1683 1682 agens

896 1696 993 1724 scribit
1010 1705 1016 1723 :
1036 1695 1107 1728 Quid
1128 1695 1218 1722 horres
1229 1714 1237 1727 ,
1253 1694 1379 1729 inquiens
1391 1713 1399 1726 ,
1415 1693 1501 1721 dicere
1518 1701 1620 1720 omnem
1644 1693 1685 1721 lo-

897 1751 956 1769 cum
966 1742 1049 1777 ipsius
1057 1741 1158 1769 Christi
1170 1745 1194 1768 et
1201 1741 1387 1775 prophetarum
1401 1739 1532 1774 indigere?
1543 1739 1575 1767 Et
1588 1740 1684 1775 paucis

897 1787 1049 1822 interjectis
1071 1794 1172 1814 novum
1188 1785 1354 1813 horrendum
1376 1785 1450 1812 dictu
1467 1786 1622 1818 connectit,
1637 1786 1685 1813 de-

897 1835 1019 1865 clarans,
1036 1833 1098 1860 licet
1120 1832 1239 1860 Christus
1254 1832 1363 1866 inferius
1379 1836 1463 1863 esset,
1482 1835 1510 1858 ut
1525 1831 1562 1858 ita
1576 1831 1665 1859 dicam
1675 1852 1682 1864 ,

897 1884 922 1906 et
937 1878 1058 1914 inferiori
1079 1878 1134 1905 loco
1144 1897 1151 1909 ,
1166 1877 1288 1904 electione
1303 1881 1389 1904 tamen
1402 1881 1427 1903 et
1442 1876 1575 1903 voluntate
1593 1876 1620 1903 in
1636 1884 1683 1903 su-

898 1925 996 1960 periori
1011 1929 1078 1951 erat.
1098 1923 1136 1950 De
1150 1931 1205 1958 quo
1219 1923 1297 1958 quasi
1314 1922 1347 1950 de
1361 1922 1419 1950 solo
1435 1922 1544 1949 homine
1560 1922 1685 1957 loquere-

898 1974 953 2002 tur,
971 1969 1046 1997 nulla
1062 1969 1135 1996 illius
1160 1968 1258 1996 divina:
1280 1972 1384 1995 natura;
1405 1967 1510 1995 ratione
1534 1966 1640 2000 habita,
1656 1967 1684 1994 in

898 2016 992 2043 intima
1012 2015 1087 2043 illum
1109 2015 1177 2042 dixit
1191 2015 1349 2046 devenisse,
1364 2019 1391 2041 et
1405 2014 1429 2042 si
1442 2009 1582 2041 voiuntate
1601 2020 1683 2048 supra

899 2062 1083 2094 ascendisset,
1097 2069 1130 2089 eo
1148 2062 1207 2096 ipso
1234 2061 1315 2088 modo
1339 2061 1444 2088 scilicet
1471 2068 1526 2096 quo
1546 2063 1574 2088 et
1593 2059 1685 2088 caeteri

899 2110 1036 2138 homines.
1051 2109 1096 2136 Sic
1110 2108 1179 2134 enim
1189 2128 1197 2140 ,
1215 2107 1320 2142 inquit,
1336 2111 1360 2134 et
1376 2106 1508 2142 propheta:
1523 2111 1548 2133 et
1558 2106 1684 2139 Samuel,

900 2156 1006 2184 tametsi
1023 2164 1053 2183 eo
1067 2154 1225 2182 descendant
1242 2154 1286 2180 ubi
1307 2153 1403 2188 degunt
1424 2153 1520 2180 animm
1540 2161 1597 2188 quae
1618 2154 1686 2188 infe-

900 2204 955 2231 rius
975 2207 1051 2235 sunt,
1067 2206 1176 2237 possunt
1190 2202 1292 2236 quidem
1309 2202 1336 2227 in
1355 2201 1402 2227 illo
1417 2200 1536 2235 inferiori
1554 2201 1608 2227 loco
1628 2208 1687 2235 per-

900 2257 1016 2281 manere,
1032 2252 1059 2275 at
1069 2247 1179 2282 inferius
1193 2247 1325 2273 voluntate
1341 2253 1393 2272 non
1408 2250 1480 2273 sunt.
1496 2245 1520 2274 Is
1533 2245 1607 2272 inani
1625 2253 1686 2273 ver-

899 2297 998 2324 borum
1021 2294 1100 2330 copia
1126 2292 1255 2328 profusa,
1281 2299 1398 2327 quorum
1417 2299 1468 2319 nec
1494 2292 1591 2319 modus
1614 2291 1687 2320 ullus

900 2349 951 2370 nec
975 2340 1039 2369 ﬁnis
1064 2339 1178 2367 inveniri
1200 2342 1305 2374 potest,
1327 2337 1400 2365 haud
1421 2337 1554 2365 intellexit
1576 2345 1686 2367 omnem
1717 2349 1721 2352 “

901 2386 1057 2420 hominem,
1076 2385 1139 2412 licet
1156 2384 1184 2411 in
1207 2383 1318 2411 miseria
1343 2382 1411 2410 alios
1432 2381 1563 2415 excedat,
1581 2382 1627 2409 ubi
1651 2382 1685 2409 ad

901 2433 1004 2460 inferos
1023 2430 1159 2467 migravit,
1176 2429 1303 2465 superius
1316 2428 1415 2464 degere
1428 2428 1577 2456 voluntate.
1594 2428 1686 2464 Itaque

901 2481 1009 2512 nullus,
1027 2479 1084 2506 sive
1105 2477 1197 2513 justus
1221 2478 1278 2505 sive
1302 2476 1419 2510 iujustus
1432 2495 1438 2507 ,
1459 2475 1566 2509 uspiam
1581 2479 1623 2501 est
1639 2474 1686 2509 qui

901 2534 956 2554 non
972 2525 1104 2553 continuo
1130 2531 1238 2558 semper
1253 2526 1377 2550 teneatur
1393 2520 1528 2549 desiderio
1545 2527 1560 2546 a
1577 2520 1687 2547 subter-

900 2571 993 2600 raneis
1007 2570 1039 2598 ad
1062 2577 1190 2606 suprema
1210 2569 1271 2596 loca
1286 2567 1427 2596 redeundi.
1445 2566 1539 2601 itaque
1553 2567 1576 2593 si
1591 2573 1687 2594 omnes

901 2618 984 2647 simul
1004 2617 1039 2644 ad
1061 2617 1165 2644 inferos
1183 2615 1304 2647 devecti.
1325 2614 1390 2642 licet
1417 2614 1500 2641 vitam
1527 2616 1628 2640 rectam
1654 2618 1688 2638 ac

902 2667 1035 2701 integram
1051 2663 1163 2691 minime
1176 2662 1262 2690 secuti
1277 2661 1347 2693 sint,
1366 2667 1500 2696 supernas
1514 2666 1622 2694 semper
1637 2664 1686 2694 ap-

902 2714 998 2748 petunt
1024 2710 1156 2739 stationes
1176 2708 1335 2739 voluntate,
1348 2714 1431 2742 quam
1454 2705 1513 2740 ipse
1535 2703 1689 2740 prophetici

902 2757 979 2786 chori
998 2755 1204 2792 praerogativam
1228 2753 1370 2790 agnoscit?
1390 2759 1471 2788 quam
1489 2751 1596 2780 Domini
1620 2751 1690 2780 entia

1468 2887 1505 2918 21
