1909 3071
238 114 292 142 ’6711

729 114 759 142 S.
780 113 965 141 EUSTATIIII
985 113 1138 141 EPISCOPI
1157 113 1364 142 ANTIOCHENI

1813 113 1858 140 652

244 174 364 199 nentiam
388 171 557 202 manifestat.
574 178 636 198 cum
659 172 786 200 omnibus
814 172 930 200 similem
950 173 1022 199 illum

1084 173 1152 199 Ἀλλ’
1165 173 1250 205 οὕτως
1273 173 1386 209 ἀμαθῶς
1405 174 1518 209 ὲξήχησε
1533 173 1581 209 τὴν
1597 173 1699 208 φωνὴν,
1716 173 1768 200 οὐκ
1778 173 1859 209 ἐννοή-

243 217 387 245 enuntiat?
403 216 448 244 Sic
463 217 585 252 imperite
599 225 693 245 vocem
714 219 823 251 emisit,
835 222 902 245 ’non
928 219 1027 245 intelli-

243 273 308 300 gens
322 263 438 291 Verbum
454 271 515 291 esse
536 267 563 290 et
578 262 673 295 Deum,
683 264 728 298 qui
749 271 802 291 non
817 268 871 291 tam
890 264 1026 291 voluntate

238 316 323 344 'quam
345 309 496 337 divinitatis
516 309 542 335 vi
568 309 659 336 omnia
683 309 764 336 simul
791 313 925 344 penetrat.
949 309 980 336 Et
1002 310 1025 338 si

241 359 305 382 ante
320 354 412 382 omnia
432 354 580 389 spectabile
597 362 677 382 suum
695 355 825 389 templum
844 358 873 381 ut
893 354 1026 382 dissolve-

235 405 318 428 ‘retur
340 401 480 436 permisit.
503 406 564 435 post
587 400 698 427 tertium
724 400 795 427 diem
819 408 888 427 nova
908 400 1024 436 quadam

240 447 347 474 ratione
371 447 462 474 statim
491 454 523 474 ac
545 447 642 474 iterum
665 447 793 474 excitavit
814 456 820 474 :
845 448 934 474 anima
961 455 1026 475 vero

235 491 315 519 illius
336 491 462 518 humanae
477 491 652 519 habitationis
670 492 698 519 in
713 491 820 519 intimas
836 496 916 520 terra:
934 497 1025 528 partes

239 532 418 572 perveniens,
437 542 530 572 portas
543 545 603 572 quae
617 537 655 565 ibi
670 542 748 565 erant
762 538 863 573 impetu
879 539 951 566 facto
965 547 1026 573 ape.

234 585 305 617 ruit,
315 585 474 620 animasque
483 585 520 612 ibi
528 585 651 612 detentus
657 585 783 613 extraxit:
791 586 832 613 sic
838 590 926 612 autem
933 585 1023 612 divina

232 631 423 661 *corroborata.
431 631 589 658 fuitvirtute
600 635 710 666 propter
719 630 765 658 Dei
773 636 799 658 et
808 631 889 659 Verbi
905 631 1016 659 commu'

239 677 361 709 nionem,
370 680 399 704 ut
412 683 519 704 omnem
531 677 560 704 in
572 677 718 705 seomnino
731 681 889 712 potestatem
901 678 1021 706 haberet.

273 720 366 749 XVIII.
387 721 444 757 Ego
465 729 530 749 vero
556 721 637 748 credo
660 721 741 756 hujus
763 721 948 756 conjecturam
963 730 1024 750 esse

233 769 351 796 'minime
373 768 470 796 levem.
490 768 558 796 Cum
575 768 646 795 enim
674 768 702 795 in
728 769 922 797 subterraneos
948 770 1023 797 locos

239 815 375 851 pervenit,
393 815 455 843 inde
471 815 585 843 latronis
596 816 715 842 animam
730 816 823 844 eodem
841 816 885 843 die
899 816 926 844 in
943 824 1023 852 para-

239 862 327 889 disum
343 861 503 889 introduxit.
520 861 587 888 Nam
609 862 631 889 si
650 869 698 896 per
710 870 792 889 unum
808 863 941 890 hominem
958 864 1020 890 uni-

239 907 328 934 versis
355 907 517 935 mortalibus
540 907 614 934 salus
634 907 760 940 advenit,
776 908 949 936 manifestum
973 909 1019 941 ﬁt,

239 953 357 980 animam
375 953 479 980 animas
495 961 554 988 quae
573 953 696 988 ejusdem
716 957 779 981 sunt
793 955 902 989 generis
916 954 1020 982 redem-

237 1001 298 1032 ptas
323 997 473 1030 liberasse,
491 1002 557 1024 "tum
582 998 610 1025 in
637 997 876 1026 subterranearum
899 999 1020 1034 partium

232 1043 321 1070 chaos
340 1049 451 1070 accessu
461 1062 468 1074 ,
490 1046 548 1070 tum
562 1043 590 1069 in
605 1043 822 1078 antiquissimam
833 1044 951 1079 paradisi
966 1048 1021 1072 sta-

231 1087 338 1114 ‘tionem
355 1087 536 1120 restitutione,
559 1088 635 1123 regni
660 1089 852 1124 insuperabilis
877 1093 1019 1124 potestate.

232 1134 287 1162 rHis
300 1142 420 1163 consona
435 1134 482 1162 Dei
497 1135 582 1163 Filius
602 1141 746 1170 antequam
764 1137 821 1164 haec
839 1141 931 1164 essent
952 1146 1022 1172 prae-

238 1180 346 1209 dicebat
361 1191 367 1208 :
386 1180 470 1208 Nemo
486 1180 602 1207 ascendit
618 1181 646 1208 in
659 1182 751 1209 caelum
762 1202 769 1213 ,
791 1183 842 1209 nisi
858 1183 902 1217 qui
916 1182 946 1209 de
959 1183 1021 1210 caelo

239 1225 382 1258 descendit,
396 1225 482 1252 Filius
500 1225 613 1252 hominis
632 1227 676 1260 qui
693 1227 721 1253 in
741 1227 811 1254 caelis
826 1233 864 1254 est
877 1228 910 1255 ⁵⁵.
929 1228 1023 1262 Itaque

232 1273 263 1300 'si
278 1272 413 1299 fatebatur
428 1279 490 1300 eum
509 1273 555 1307 qui
571 1280 604 1301 ex
617 1273 737 1300 humano
755 1281 854 1308 genere
866 1278 955 1301 ortum
971 1275 1022 1302 du-

240 1320 325 1349 ceret,
335 1317 423 1344 solum
434 1325 466 1344 ex
479 1317 605 1345 omnibus
620 1318 649 1345 in
662 1318 761 1346 malum
773 1318 1023 1349 ascendisse.inde-

238 1370 291 1396 que
310 1370 419 1390 rursum
436 1363 489 1390 huc
504 1363 694 1396 descendisse,
711 1363 809 1398 hicque
825 1369 1022 1392 commoratum

236 1408 382 1436 in.cualum
399 1408 526 1441 tendere,
543 1412 617 1444 patet
633 1409 730 1436 animae
747 1410 772 1436 vi
789 1417 820 1437 ac
835 1410 950 1445 quadam
972 1419 1022 1438 ex-

238 1454 363 1482 cellentia
376 1454 422 1481 illa
437 1455 596 1482 absolvisse.
613 1455 712 1482 Sancta
727 1456 798 1484 enim
816 1455 918 1483 Christi
933 1457 1022 1484 anima

1080 227 1140 250 σας,
1167 219 1207 246 ὃτι
1228 220 1293 251 Θεὸς
1314 217 1347 255 ἦν
1368 220 1382 246 6
1405 219 1507 253 Λόγος·
1526 220 1557 245 οὑ
1575 220 1736 256 προαιρέσει
1753 220 1859 255 μᾶλλον,

1078 265 1135 292 ἀλλ’
1141 267 1224 301 ἀρετῇ
1235 266 1285 300 τῆς
1297 266 1422 302 θεότητος
1433 266 1586 301 ἁπανταχοῦ
1600 267 1732 302 πάρεστιν
1747 266 1860 301 ἀθρόως.

1077 313 1109 339 Et
1123 313 1151 339 δὲ
1168 313 1214 339 καὶ
1225 312 1255 339 τὸ
1273 312 1389 347 μάλιστα
1404 312 1449 338 τὸν
1466 312 1590 348 ἔκκριτον
1604 312 1702 339 ἑαυτοῦ
1720 312 1787 339 ναὸν
1800 312 1860 339 ἐά-

1075 359 1157 394 τρεψε
1174 359 1294 394 λυθῆναι,
1309 360 1455 395 τριήμερον
1469 359 1517 394 μὲν
1530 359 1627 386 αὐτίκα
1641 359 1723 385 πάλιν
1734 359 1859 394 ἀνήγειρε

1076 406 1266 441 καινοπρεπῶς
1276 414 1283 420 ·
1299 405 1351 441 ήδὲ
1363 405 1434 440 ψυχὴ
1451 405 1526 431 τοῦδε
1542 405 1587 432 τοῦ
1606 405 1779 440 ἀνθρωπείου
1796 413 1859 440 σκη-

1076 452 1199 488 νώματος
1214 454 1253 484 εἰς
1274 452 1308 479 τὰ
1320 452 1462 479 κατώτατα
1473 452 1638 478 κατελθοῦσα
1649 452 1720 487 μέρη
1735 452 1787 487 τῆς
1801 452 1858 487 γῆς,

1075 499 1225 525 ἀνεπέτασε
1252 498 1301 530 τὰς
1331 499 1419 524 ἐκεῖσε
1449 497 1534 530 πύλας
1554 498 1638 533 ἀθρόᾳ
1658 499 1740 533 ῥοπῇ,
1758 497 1859 529 καὶτὰς

1075 545 1167 571 αὐτόθι
1182 543 1380 580 καθειργμένας
1394 544 1477 579 ἀνῆκε
1493 543 1595 579 ψυχάς·
1610 543 1681 570 οὕτω
1691 541 1858 579 δὲέόεσπεσὶᾳ

1075 590 1275 625 κεκραταίωται
1300 591 1412 625 δυνάμει
1438 589 1483 616 διὰ
1506 587 1555 624 τὴν
1565 588 1611 616 τοῦ
1628 589 1695 615 Θεοῦ
1714 590 1764 616 καὶ
1776 589 1858 622 Λόγου

1076 637 1228 669 συνουσίαν,
1241 637 1310 663 ὥστε
1328 637 1375 664 καὶ
1389 636 1555 671 παντέφορον
1569 635 1639 670 ἔχειν
1654 636 1793 669 ἐξουσίαν.

1108 714 1202 742 XVIII.
1231 714 1311 741 Ἀλλά
1342 713 1395 750 μὴν
1420 713 1506 747 ἐγωγε
1536 712 1662 748 πείθομαι
1690 713 1737 740 καὶ
1768 713 1857 740 τούτου

1073 762 1220 798 τεκμήριον
1237 759 1304 788 εἶναι
1322 760 1420 794 σαφές·
1437 760 1554 796 ὁπηνίκα
1578 760 1626 795 μὲν
1643 760 1682 791 εἰς
1697 759 1763 790 τοῦς
1782 768 1858 786 κατα-

1073 807 1193 841 χθονίους
1207 807 1345 840 ἀφικνεῖτο
1358 806 1466 838 τόπους,
1482 806 1511 831 ὲν
1530 805 1619 840 ταυτῷ
1635 805 1663 831 δὲ
1683 805 1731 831 καὶ
1751 805 1802 840 τὴν
1817 805 1856 832 τοῦ

1073 852 1170 887 λῃστοῦ
1184 852 1271 888 ψυχὴν
1287 852 1438 888 αὑθήμερον
1451 851 1558 886 εἰσῆγεν
1575 852 1614 882 είς
1628 851 1672 877 τὸν
1687 851 1856 886 παράδεισον.

1072 899 1103 926 Εἰ
1115 899 1168 935 γὰρ
1185 899 1218 925 δι’
1243 899 1301 930 ἑνὸς
1323 898 1465 934 ἀνθρώπου
1481 899 1538 930 τοῖς
1561 898 1660 924 ἆπασιν
1678 897 1801 933 ὑπῆρξεν
1815 898 1856 923 ἀν-

1072 944 1219 980 θρώποιςὴ
1237 944 1368 980 σωτηρία,
1384 944 1525 980 πρόδηλον,
1547 944 1585 975 ὡς
1603 945 1619 979 ή
1642 943 1715 979 ψυχὴ
1730 943 1781 975 τὰς
1796 943 1855 978 ὁμο-

1072 992 1159 1025 γενεῖς
1174 990 1368 1025 ἀναλυτροῦται
1389 989 1487 1025 ψυχὰς,
1511 990 1568 1025 ἅμα
1590 989 1639 1025 μὲν
1660 991 1700 1021 εἰς
1721 990 1756 1016 τὰ
1778 998 1855 1016 κατα-

1071 1038 1164 1073 χθόνια
1182 1037 1312 1064 κατιοῦσα
1325 1037 1395 1072 μέρη
1414 1036 1461 1063 τοῦ
1476 1036 1568 1072 χάους,
1582 1036 1640 1071 ἅμα
1653 1036 1683 1062 δὲ
1701 1035 1750 1062 καὶ
1763 1037 1797 1071 τῇ
1813 1036 1857 1070 ἀρ-

1072 1083 1199 1118 χαιοτάτῃ
1216 1081 1262 1109 τοῦ
1279 1082 1439 1118 παραδείσου
1464 1081 1544 1109 πάλιν
1566 1081 1778 1108 ἀποκαθιστῶσα
1793 1083 1857 1116 νομῇ

1072 1129 1116 1156 τὸν
1132 1129 1324 1156 ὑπεισδύνοντα
1337 1128 1375 1164 τῷ
1390 1129 1483 1164 κράτει
1498 1128 1547 1163 τῆς
1562 1128 1694 1164 ἀηττήτου
1710 1127 1856 1163 βασιλείας.

1079 1176 1224 1203 Ἀκόλουθα
1232 1176 1260 1201 δὲ
1272 1176 1318 1202 καὶ
1329 1175 1380 1211 πρὸ
1393 1175 1493 1202 τούτων
1503 1175 1517 1201 ὁ
1525 1174 1571 1200 τοῦ
1581 1173 1648 1200 Θεοῦ
1659 1174 1727 1205 Παῖς
1743 1173 1859 1209 ἐμαρτύ-

1074 1230 1144 1257 ρετο,
1154 1221 1304 1256 προλέγων,
1320 1221 1361 1247 ὅτι
1378 1221 1423 1247 καὶ
1435 1220 1537 1253 οὐδεὶς
1554 1220 1737 1254 ἀναϐέϐηκεν
1750 1221 1794 1253 εις
1808 1219 1859 1246 τὸν

1073 1268 1211 1302 οὐρανόν,
1222 1269 1248 1294 ει
1262 1267 1303 1302 μὴ
1320 1269 1336 1294 ὁ
1352 1267 1385 1294 ὲκ
1402 1267 1454 1294 τοῦ
1471 1266 1600 1300 οὐρανοῦ
1616 1266 1757 1299 καταϐὰς,
1773 1267 1858 1299 dl‘ldc

1072 1314 1126 1341 τοῦ
1134 1314 1300 1348 ἀνθρώπου,
1312 1315 1328 1340 ὁ
1338 1314 1380 1340 ὢν
1389 1313 1423 1340 ἐν
1432 1312 1472 1346 τῷ
1481 1313 1607 1347 cupas-LI).
1619 1313 1771 1348 Τοιγαροῦν
1782 1313 1858 1347 εἴπερ

1072 1360 1174 1395 ἔφασκε
1189 1360 1233 1386 τὸν
1248 1360 1279 1386 ὲκ
1295 1359 1341 1386 τοῦ
1357 1358 1524 1394 ἀνθρωπείου
1539 1359 1633 1393 γένους
1648 1358 1807 1394 ὁρμώμενον
1820 1360 1859 1389 εἰς

1072 1407 1184 1442 οὐρανὸν
1207 1406 1255 1434 μὲν
1267 1405 1462 1440 ἀναϐεϐηκέναι
1479 1404 1630 1440 μονώτατον
1646 1406 1678 1431 ὲκ
1696 1404 1814 1435 πάντων,
1828 1405 1860 1430 ἐκ

1072 1453 1102 1480 δὲ
1111 1453 1165 1479 τῶν
1179 1453 1267 1479 ἐκεῖσε
1284 1452 1363 1479 πάλιν
1378 1451 1591 1486 καταϐεϐηκέναι
1609 1450 1710 1478 ἐνθάδε,
1723 1451 1770 1477 καὶ
1783 1449 1861 1485 δεῦρο

239 1507 302 1528 cum
316 1499 371 1527 Deo
383 1503 410 1528 et
431 1499 520 1528 Verbo
534 1501 695 1533 convivens,
711 1502 802 1528 omnia
817 1502 924 1537 quidem
939 1502 1021 1530 simul

1075 1500 1208 1536 βεϐηκότα
1226 1500 1319 1534 φοιτᾷν
1338 1500 1366 1525 ὲν
1383 1498 1499 1534 οὐρανῷ,
1517 1498 1695 1532 συνέπηκεν,
1713 1496 1756 1524 ὅτι
1774 1495 1862 1531 ψυχῆς

239 1546 348 1579 lustrat,
365 1545 393 1573 in
409 1547 497 1581 ipsum
514 1554 670 1581 supremum
685 1548 785 1575 ctelum
803 1548 942 1579 ascendit,
967 1556 1022 1583 quo

239 1599 319 1620 nemo
330 1591 470 1620 hominum
482 1592 615 1627 pervenit.
631 1591 737 1627 Quippe
752 1594 784 1619 ad
802 1593 858 1620 hrec
869 1593 971 1620 elevata
980 1597 1022 1621 est

237 1641 266 1666 et
281 1639 398 1666 humana
415 1637 501 1666 forma
515 1657 522 1669 ,
547 1645 628 1673 quam
644 1638 715 1665 Deus
729 1643 757 1666 et
770 1636 889 1666 Verbum
910 1644 1021 1667 susten-

231 1684 316 1711 tavit.
332 1683 432 1711 Verum
449 1683 496 1711 Dei
511 1683 608 1711 Filium
627 1684 727 1719 ubique
751 1687 777 1711 et
797 1687 908 1719 repente
927 1685 1023 1713 adesse

231 1730 297 1766 ~ipse
312 1730 393 1758 etiam
414 1729 532 1759 Joannes
548 1734 664 1758 testatus
687 1734 744 1762 est,
768 1731 814 1765 qui
829 1730 967 1758 Christum
982 1732 1023 1767 ip-

231 1784 299 1804 sum
314 1775 433 1808 audivit,
457 1777 613 1812 ingentique
639 1783 706 1804 voce
722 1776 822 1804 clamat
834 1777 868 1804 ad
884 1778 995 1805 verbum
1013 1788 1020 1806 :

237 1820 322 1849 Deum
333 1829 407 1849 nemo
421 1821 485 1849 uidit
500 1830 614 1857 unquam
628 1831 636 1849 :
654 1822 800 1857 unigenitus
822 1821 910 1849 Filius
925 1823 970 1858 qui
983 1828 1022 1850 est

230 1868 266 1894 in
279 1868 339 1895 sinu
352 1867 454 1900 Patris,
473 1867 517 1895 ille
530 1869 650 1902 exposuit
665 1868 698 1895 ⁸⁸.
711 1867 744 1894 Et
759 1872 848 1896 tamen
865 1875 928 1895 cum
942 1868 1023 1896 Chri-

238 1917 297 1942 stus
311 1913 355 1941 hic
366 1913 490 1949 degeret,
509 1921 623 1948 corpore
637 1913 805 1946 ambulabat,
819 1914 884 1941 dum
900 1914 951 1942 bos
961 1923 1022 1943 serv

232 1967 333 1987 moues
350 1959 469 1987 Joannes
484 1959 628 1993 eﬂ‘erebat;
644 1959 706 1994 qui,
735 1960 809 1987 illius
833 1960 924 1988 verbis
944 1969 1023 1989 exce-

237 2006 301 2040 ptis,
312 1998 488 2040 praediczibat,
499 2005 576 2033 illum
596 2006 705 2041 quidem
720 2005 748 2033 in
760 2006 823 2033 sinu
838 2005 927 2034 Patris
942 2015 1020 2040 esse,

238 2052 285 2086 qui
304 2059 386 2086 super
401 2057 470 2079 terra
487 2060 540 2079 una
554 2059 615 2079 eum
633 2052 692 2087 ipso
707 2059 821 2087 corpore
839 2053 1021 2088 convivebat;

238 2098 374 2133 quomodo
391 2106 446 2126 non
460 2098 664 2134 intelligendum
688 2102 730 2126 est
745 2102 811 2126 tunc
835 2099 916 2126 etiam
938 2099 1023 2128 caelos

238 2142 397 2176 ascendere,
413 2147 440 2170 et
453 2143 518 2170 dum
537 2143 565 2170 in
588 2144 650 2171 sinu
664 2143 754 2171 Patris
769 2143 890 2179 degeret,
906 2144 934 2171 in
949 2148 1022 2172 terra

1073 1545 1157 1580 ἀρετῇ
1173 1544 1259 1570 ταῦτα
1272 1544 1403 1578 ἔπραττεν
1419 1545 1433 1569 ὁ
1451 1543 1592 1577 ἄνθρωπος
1607 1542 1754 1577 ὲκκρίτως·
1773 1543 1788 1576 ή
1808 1542 1862 1576 γὰρ

1069 1590 1137 1624 ἁγία
1149 1589 1195 1615 τοῦ
1207 1588 1324 1624 Χριστοῦ
1335 1589 1407 1624 ψυχὴ
1418 1588 1457 1623 τῷ
1466 1587 1524 1623 Θεῴ
1538 1587 1750 1622 συνδιαιτωμένη
1759 1586 1806 1613 καὶ
1815 1587 1863 1612 Λό-

1072 1645 1123 1671 γῳ,
1133 1636 1219 1663 πάντα
1232 1636 1279 1671 μὲν
1291 1635 1465 1670 ὲκπεριπολεῖ
1473 1634 1630 1669 συλλήϐδην,
1640 1634 1680 1665 εἰς
1690 1633 1770 1659 αὑτὸν
1780 1632 1808 1659 δὲ
1823 1632 1863 1666 βέ-

1073 1681 1141 1717 ϐηκε
1162 1681 1206 1708 τὸν
1224 1680 1359 1707 ἀνώτατον
1381 1680 1503 1716 οὐρανὸν,
1521 1680 1559 1711 είς
1574 1679 1603 1705 ὃν
1620 1679 1707 1710 οὐδεὶς
1723 1678 1802 1710 ἄλλος
1816 1679 1863 1704 ἀν-

1072 1727 1137 1763 ἧλοε
1150 1727 1204 1753 τῶν
1216 1727 1365 1762 ἀνθρώπων
1373 1735 1379 1741 ⁸
1395 1726 1461 1753 ἀλλὰ
1471 1725 1555 1752 ταῦτα
1566 1726 1604 1756 εἰς
1618 1724 1703 1760 αὐτὴν
1714 1724 1863 1760 ἀνῂρτηται

1072 1774 1122 1809 τὴν
1137 1773 1307 1809 ἀνθρωπείαν
1317 1773 1412 1805 εἰδέαν,
1425 1772 1458 1807 ἣν
1469 1773 1482 1798 ὁ
1495 1772 1560 1803 Θεὸς
1574 1771 1686 1807 ὲφόρεσε
1698 1771 1747 1797 καὶ
1761 1770 1861 1804 Λόγκυ

1072 1821 1113 1846 ὃτι
1129 1820 1156 1847 δὲ
1174 1819 1309 1854 πανταχοῦ
1328 1819 1457 1854 πάρεστιν
1478 1817 1582 1853 ἀθρόως
1601 1818 1614 1843 6
1631 1816 1678 1843 τοῦ
1694 1816 1762 1843 Θεοῦ
1784 1817 1861 1849 Παῖς,

1072 1868 1121 1904 οὐχ
1135 1867 1233 1902 ἥκιστα
1243 1868 1288 1893 καὶ
1303 1866 1365 1902 περὶ
1377 1864 1470 1891 τούτου
1483 1864 1586 1900 μάρτυς
1598 1863 1711 1898 ἕστηκεν
1725 1862 1861 1898 Ἰωάννης,

1072 1915 1204 1950 αὐτήκοος
1228 1914 1276 1949 μὲν
1299 1912 1428 1947 ὑπάρχων
1444 1910 1524 1937 αὑτοῦ
1540 1909 1586 1936 τοῦ
1610 1909 1744 1944 Χριστοῦ,
1766 1909 1815 1944 βοᾷ
1835 1909 1862 1934 δὲ

1073 1960 1228 1995 γεγωνότως
1242 1957 1377 1990 αὑτολεξεί
1386 1966 1393 1972 ·
1409 1956 1484 1983 Θεὸν
1495 1955 1594 1988 οὐδεὶς
1607 1954 1715 1988 ἑώρακε
1729 1953 1860 1980 πώποτε·

1073 2009 1090 2034 ό
1111 2006 1277 2041 μονογενὴς
1300 2004 1366 2037 Υἱὸς
1380 2005 1396 2030 ό
1411 2002 1453 2029 ὢν
1466 2004 1508 2035 εις
1527 2001 1580 2028 τὸν
1593 2002 1709 2027 κόλπον
1730 1999 1783 2026 τοῦ
1805 2001 1862 2025 Περ

1073 2052 1142 2088 τρὸς
1155 2052 1269 2084 ἐκεῖνος
1284 2050 1465 2084 ἐξηγήσατο.
1480 2048 1535 2075 Καὶ
1547 2048 1599 2083 μὴν
1616 2048 1639 2073 εἱ
1663 2047 1743 2082 δεῦρο
1769 2046 1862 2082 παρὼν

1073 2098 1202 2134 ἐπεφοίτα
1225 2096 1386 2132 σωματικῶς
1414 2097 1428 2122 6
1453 2094 1585 2130 Χριστὸς,
1611 2094 1727 2128 ὁπηνίκα
1753 2093 1862 2124 τούτους

1074 2144 1238 2180 ἀπήγγειλεν
1258 2142 1384 2178 Ἰωάννης
1399 2142 1461 2172 τοὺς
1484 2141 1588 2174 λόγους,
1609 2141 1622 2166 6
1641 2139 1669 2165 δὲ
1694 2138 1744 2170 τὰς
1766 2139 1862 2166 τούτου

237 2189 465 2224 quemadmodum
481 2189 566 2217 Deum
581 2189 695 2217 decebat
706 2189 906 2224 deambulasse,
922 2195 949 2218 et
961 2199 1021 2218 om-

1075 2193 1166 2228 ῥήσεις
1182 2190 1375 2225 ὑποδεξάμενος
1390 2189 1519 2225 ἐκήρυττε
1534 2188 1582 2223 μὲν
1597 2187 1675 2213 αὐτὸν
1688 2187 1717 2212 ὲν
1730 2188 1786 2217 τοῖς
1802 2186 1861 2212 κόλ-

237 2236 318 2263 nibus
333 2235 424 2268 simul,
441 2235 525 2263 veluti
539 2235 623 2262 Deum
641 2234 780 2263 adfuisse?

1076 2246 1137 2269 ποις
1148 2235 1215 2264 εἶναι
1228 2235 1274 2262 τοῦ
1287 2235 1403 2271 Πατρὸς,
1419 2234 1580 2269 ὲστιώμενον
1597 2233 1642 2259 ἐπὶ
1654 2233 1706 2266 γῆς
1720 2231 1796 2267 αὐτῷ
1812 2230 1861 2257 σώ-

238 2291 319 2318 ματι’
337 2282 395 2315 πῶς
408 2283 458 2325 οῦκ
471 2282 618 2318 ἐννοητέον,
632 2282 672 2309 ὅτι
686 2282 733 2309 καὶ
750 2282 804 2310 τῶν
833 2283 954 2319 οὐρανῶν
971 2285 1132 2320 ὲπεὸεϐήκει
1145 2283 1198 2311 τῶν
1213 2283 1291 2310 τοῦτο
1320 2282 1376 2318 (12)
1397 2282 1444 2309 καὶ
1469 2282 1506 2313 ὡς
1528 2280 1634 2308 κόλπων
1665 2280 1731 2306 εἵσω
1754 2279 1860 2305 διαιτώ-

239 2339 319 2366 μενος
343 2331 390 2357 καὶ
412 2331 445 2365 τῇ
471 2331 506 2366 γῇ
531 2329 690 2365 θεοπρεπῶς
709 2330 857 2366 ἐπεδήμει,
883 2331 930 2358 καὶ⁵
951 2333 1032 2359 πᾶσιν
1045 2333 1112 2368 ὁμοῦ
1131 2333 1230 2368 παρῆν,
1243 2329 1286 2358 οἷα
1303 2331 1385 2362 θεὸς;

272 2377 345 2405 XIX.
366 2377 396 2405 Si
419 2378 480 2412 quis
497 2381 587 2405 autem
608 2376 722 2404 Judaica
739 2377 865 2404 laborans
881 2379 1019 2409 caecitate,

236 2423 408 2459 evangelicas
421 2430 502 2451 voces
515 2431 570 2450 non
586 2423 682 2457 recipit
692 2441 700 2454 ,
724 2422 776 2457 ipsi
794 2421 947 2451 Salomonis
959 2432 1027 2451 ora-'

237 2471 298 2498 cula
313 2470 498 2502 adducemus,
523 2474 551 2497 et
576 2470 616 2497 sic
641 2469 792 2498 orationem
822 2468 1020 2499 formabimus:

239 2517 339 2552 Quippe
358 2525 417 2543 cum
432 2517 546 2552 quietum
568 2515 702 2543 silentium
719 2515 861 2542 contineret
873 2516 962 2543 omnia
975 2537 982 2548 ,
998 2522 1022 2544 et

239 2571 291 2599 nos
306 2563 333 2589 in
351 2571 398 2589 suo
413 2570 492 2589 cursu
510 2562 624 2588 medium
643 2562 693 2588 iter
713 2561 833 2593 haberet,
860 2563 1024 2597 omnipotens

240 2613 313 2634 tuum
330 2608 442 2635 Verbum
455 2617 469 2635 e
486 2608 548 2634 satia
563 2617 579 2634 a
593 2607 724 2642 regalibus
742 2607 841 2634 throni;
855 2615 940 2635 ensem
956 2617 1019 2635 acu-

241 2659 306 2686 tum,
321 2655 450 2681 sincerum
462 2655 560 2682 scilicet
578 2654 731 2681 mandatum
748 2659 822 2681 tuum
834 2655 929 2689 ferens,
947 2660 1020 2683 stans

281 2733 304 2749 "
317 2732 398 2761 Jaan.
425 2741 465 2764 ιιι,
491 2733 534 2760 13.
573 2734 595 2749 ⁸⁸
611 2733 693 2760 Joan.
711 2741 731 2766 ι,
748 2733 793 2761 I8.

278 2812 334 2848 (12)
354 2812 414 2840 Τῶν
428 2814 524 2841 τοῦτο.
541 2812 619 2841 Forte
632 2813 686 2839 τῶν
704 2813 818 2849 τρίτων.·

1109 2379 1178 2406 XIX.
1194 2379 1225 2405 El
1238 2378 1265 2405 δέ
1276 2387 1316 2410 τις
1335 2377 1479 2411 Ἰουδαῖκὴν
1492 2373 1639 2410 ἀρρωστῶν
1663 2372 1795 2407 ἀὸλεψίσν
1814 2373 1861 2405 τὰς

1075 2425 1252 2460 εὖαγγελικὰς
1265 2424 1295 2450 οὐ
1312 2422 1450 2459 προσίεται
1473 2422 1573 2456 φωνάς,
1593 2421 1725 2448 ἐπακτέον
1739 2420 1814 2456 αὐτῷ
1829 2420 1862 2447 τὰ

1076 2473 1122 2499 τοῦ
1137 2471 1306 2506 Σολομῶντος
1321 2469 1529 2504 ἀποφθέγματα,
1546 2468 1592 2495 καὶ
1609 2468 1703 2503 ῥητέον
1717 2464 1771 2494 ὧδέ
1789 2476 1860 2499 πως·

1078 2519 1211 2553 Ἠσύχου
1227 2517 1281 2552 ’πὰρ
1301 2515 1389 2551 σιγῆς
1410 2514 1606 2549 περιεχούσης
1630 2514 1666 2540 τὰ
1686 2513 1798 2544 πάντα,
1816 2513 1861 2539 καὶ

1075 2564 1185 2596 νυκτὸς
1202 2563 1236 2590 ἐν
1251 2562 1313 2594 ὶδιῳ
1332 2561 1411 2596 τάχει
1427 2559 1626 2594 μσαζούσης,
1643 2561 1659 2586 o'
1674 2559 1860 2586 παντοδύνα-

1072 2610 1130 2643 μός
1145 2617 1202 2635 σου
1216 2608 1309 2642 Λόγος
1322 2608 1371 2634 ἀπ’
1384 2605 1511 2640 adparat?
1526 2605 1559 2632 ἐκ
1571 2606 1683 2639 θρόνων
1692 2603 1862 2637 βασιλικῶν

1075 2655 1161 2689 ξίφος
1172 2654 1225 2686 ὀξὺ
1240 2654 1296 2688 τὴν
1310 2654 1508 2688 ἀνυπόκριτον
1521 2643 1663 2685 ἐπιταγήν
1679 2659 1739 2678 σου
1756 2651 1862 2685 φέρων,
