1909 3071
51 115 106 144 65

499 117 543 145 DE
562 116 858 146 ENGASTRIMYTHO
876 117 1016 146 CONTRA
1037 117 1225 147 ORIGENEM.

1631 121 1683 149 655

49 186 125 210 στας
140 177 304 211 ἐπλήρωσε
320 176 450 204 θανάτου
472 179 508 206 τὰ
525 183 638 207 πάντα·
656 181 705 207 καὶ
720 181 849 215 οὐρανοῦ
865 184 887 212 Α
901 186 968 208 mort

901 186 983 208 marte
994 181 1082 208 omnia
1093 181 1216 215 replevit;
1229 185 1253 208 et
1270 180 1362 207 caelum
1376 178 1479 214 quidem
1491 159 1684 213 tatigebat,‘pe-

50 225 110 260 μὲν
123 224 243 258 ἥπτετο,
255 225 381 258 ,βεϐήκει
394 225 428 252 δὲ
444 227 493 253 ἐπὶ
510 226 575 261 τῆς.
595 228 626 254 Εἰ
644 228 732 255 τοίνυν
743 230 757 255 ὁ
771 238 849 264 μονο-

51 271 136 305 γενὴς
160 271 221 302 Υἱὸς
237 270 322 297 αὑτοῦ
338 271 384 298 τοῦ
405 272 472 299 Θεοῦ
493 273 578 307 Λόγος
594 275 788 310 ἀναγορεύεται
803 276 850 303 καὶ

51 316 119 348 est;
132 315 251 351 ὀμοδόξῳ
270 317 388 352 συνοδίᾳ,
405 318 438 344 δι’
456 315 487 345 οὗ
509 319 652 353 γεγόνασιν
665 321 784 355 ἄγγελοι,
804 323 848 348 οὑ-

51 364 142 398 ρανοὶ,
162 363 207 389 καὶ
224 364 272 398 γῆ.
284 365 332 391 καὶ
342 364 469 397 θάλαττα,
485 366 532 392 καὶ
547 365 634 400 βυθοὶ,
647 368 694 394 καὶ
707 369 850 404 φωστῆρες

50 409 257 444 οὐρανοδρόμοι,
276 411 323 437 καὶ
338 411 487 447 συλλήϐδην
505 413 591 439 εἰπεῖν
611 413 704 440 ἂπασα
719 414 774 441 τῶν
789 424 850 449 γεν-

50 455 142 490 νητῶν
161 457 177 490 ἡ
195 456 340 488 σύστασις·
362 454 439 488 οὗτος
453 457 481 484 δὲ
500 458 591 495 δικαίᾳ
606 460 694 496 κρίσει
719 461 849 496 σωφρονί-

51 501 106 533 ζων
122 502 247 534 ἅπαντας
263 502 357 538 θρόνου
373 504 421 539 μὲν
434 504 578 540 οὐρανόθεν
594 506 684 541 ἔχεται
699 507 748 542 τῆς
763 507 848 534 ἀϊδίου

52 547 206 590 βασιλείας,
225 549 300 585 ὀξείᾳ
325 550 352 577 δὲ
372 553 531 586 τιμωρεῖται
557 552 619 588 δίκῃ
640 554 702 584 τοὺς
725 554 846 586 ἀδίκους·

50 594 119 620 ἀλλὰ
139 595 193 630 μὴν
209 595 284 630 ἔργῳ
305 597 352 623 καὶ
366 596 461 633 πράξει
473 598 675 634 παντοδύναμος
689 598 737 631 ὢν,
754 600 800 626 ἆτε
816 599 848 635 δὴ

50 639 117 672 Θεὸς
138 641 186 668 καὶ
211 642 280 669 Θεοῦ
301 642 400 677 Λόγος,
424 643 538 677 οὐρανοῦ
561 645 609 680 μὲν
631 646 741 680 ἥπτετο,
767 646 847 681 βεϐή-

49 695 93 713 κει
112 687 142 713 δὲ
161 687 209 713 ἐπὶ
225 688 277 722 γῆς
299 688 327 714 ὲν
347 690 453 726 ταυτῷ·
478 690 603 725 θεότητος
621 691 704 726 ἀρετῇ
728 691 847 726 δηλονότι

50 733 141 759 πάντα
165 733 266 769 πληροῖ
290 734 441 769 πανταχῶς.
455 735 559 762 Οὐκοῦν
579 737 603 762 εί
624 737 752 772 τοιαύτης
771 738 845 764 ἐπεί-

49 777 152 813 ληπται
175 779 295 812 φύσεως,
313 779 439 806 ἀσεϐοῦσι
458 780 506 815 μὲν
521 781 545 806 oi
563 781 716 816 νομίζοντες
733 782 847 819 ἀϐουλίᾳ

48 825 124 859 τόπῳ
152 825 202 850 καὶ
229 825 303 860 ρητῴ
325 834 377 852 τινι
397 826 496 861 χωρίου
517 827 603 862 μορίῳ
629 828 846 864 περιγράφεσθαι

49 870 79 896 τὸ
106 870 197 897 θεῖον·
226 871 330 907 ἀμαθίᾳ
358 871 385 897 δὲ
411 871 509 907 μᾶλλον
542 873 558 908 ἢ
582 875 710 910 φρονήσει
745 877 845 911 κοσμία

49 917 201 952 φθέγγεται
215 917 367 953 προχείρως
386 918 535 954 Ὠριγένης,
551 919 592 946 ὅτι
609 920 746 948 κατελθὼν
759 923 799 953 είς
811 921 845 948 τὰ

49 962 197 990 κατώτατα
219 963 289 999 μέρη
302 964 351 998 τῆς
369 964 420 999 γῆς
442 965 455 990 ὁ
470 965 595 1000 Χριστὸς,
616 965 671 993 ἄνω
692 968 724 1002 τῇ
750 977 845 1003 προαι-

50 1010 124 1044 ρέσει
140 1009 290 1045 διέτριϐεν·
314 1009 344 1036 οὐ
361 1009 414 1046 γὰρ
432 1009 552 1045 ἐνόησεν,
569 1011 610 1038 ὅτι
627 1012 691 1044 Θεὸς
705 1012 743 1040 ὢν
757 1011 842 1046 οὗτος,

49 1056 118 1082 οὕτω
133 1055 194 1091 (15)
211 1055 351 1092 προθυμίᾳ
365 1055 476 1092 γνώμης
490 1057 545 1084 ἂνω
561 1057 599 1093 τῷ
609 1059 696 1086 δοκεῖν
711 1060 844 1097 ἐπιθυμίᾳ

48 1102 151 1138 παρῆν,
177 1103 234 1137 ὅσῳ
257 1102 391 1138 θειότητος
408 1103 531 1139 ἐνεργείᾳ
557 1105 613 1136 τοῖς
631 1104 731 1132 ἅπασιν
748 1107 786 1139 ὠς
804 1108 843 1135 ἔνι

49 1150 169 1185 μάλιστα
185 1151 274 1178 πάντα
290 1151 388 1187 πληροί
402 1151 554 1186 πανταχῶς.

81 1252 142 1279 XX.
165 1253 245 1280 Ἀλλά
257 1253 368 1282 τοιαῦτα
381 1256 429 1290 μὲν
446 1256 574 1292 ἁρμόττει
590 1258 654 1293 περὶ
667 1258 713 1285 τοῦ
726 1259 842 1296 Χριστοῦ

47 1297 170 1331 δοξάζειν
184 1300 297 1332 ἐκεῖνον,
307 1300 336 1332 ὃς
348 1301 399 1328 ὑπὸ
409 1302 534 1337 δαίμονος
550 1302 668 1339 ὁρίζεται
678 1305 766 1340 ψυχὰς
779 1306 843 1332 ἀνά-

46 1346 144 1380 γεσθαι
165 1348 346 1382 πῳφητικάς·
371 1349 388 1383 ἡ
407 1348 435 1374 δὲ
461 1348 627 1384 πυθόμαντις
650 1349 687 1382 ὠς
714 1351 843 1378 ἐθεάσατο

45 1392 109 1423 τοὺς
121 1392 323 1428 ὁμογαστρῐους
339 1393 406 1429 αὐτῇ
423 1394 560 1429 δαίμονας,
576 1393 618 1422 οἷα
635 1396 666 1432 δή
689 1405 764 1428 τινας
776 1397 842 1432 ὀμο-

46 1437 164 1469 κοιλίους
191 1437 321 1472 ἀδελφοὺς
348 1439 496 1474 ὲπαίρουσα
524 1439 558 1466 τὰ
586 1441 740 1477 ὀμομήτρια
765 1443 840 1478 γένη,

45 1481 97 1516 βοᾷ
125 1481 216 1514 θεοὺς
237 1482 395 1515 ἑωρακέναι
419 1484 634 1518 ἀναϐαίνοντας
651 1486 684 1512 ἐκ
706 1487 760 1521 τῆς
774 1487 839 1522 γῆς.

899 226 977 253 dibus
991 235 1051 254 vero
1066 226 1186 253 calcabat
1203 231 1299 252 terram
1321 226 1355 251 ⁵⁷.
1376 223 1404 251 Si
1420 225 1511 259 itaque
1528 223 1684 257 unigenitm

899 274 985 302 Filius
1001 273 1047 301 Dei
1063 273 1199 308 coaequale
1216 272 1303 307 ipsius
1323 270 1456 304 Verbum,
1477 278 1526 305 per
1539 270 1612 306 quod
1635 278 1684 298 an-

899 319 950 354 geli
966 318 1030 346 facti
1045 323 1118 350 sunt,
1134 323 1162 346 et
1182 318 1243 346 coeli
1254 338 1261 350 ,
1278 321 1305 345 et
1321 321 1410 348 terra,
1423 320 1450 344 et
1469 324 1560 348 mare,
1576 320 1602 344 et
1621 323 1684 351 pro-

899 365 1057 398 funditates,
1073 369 1099 392 et
1117 365 1261 392 luminaria
1279 371 1326 400 per
1340 363 1439 390 malum
1453 363 1582 396 errantia,
1599 367 1636 395 et,
1654 367 1684 390 ut

900 419 954 439 uno
966 412 1049 439 verbo
1062 412 1162 443 dicam,
1178 419 1270 439 rerum
1281 410 1402 437 omnium
1417 412 1566 436 creatarum
1580 409 1684 437 consti-

899 458 978 490 tutio,
997 457 1068 486 Deus
1085 457 1262 486 denuntiatur
1278 467 1284 484 :
1303 457 1348 484 hic
1363 457 1438 492 justo
1457 456 1560 491 judicio
1576 457 1683 484 caelitus

898 505 1026 532 omnibus
1040 509 1158 532 mentem
1176 505 1244 532 dans
1260 504 1399 531 meliorem
1415 504 1542 530 thronum
1562 502 1684 538 perpetui

899 551 975 585 regni
998 551 1103 578 obtinet
1117 571 1124 582 ,
1146 555 1172 578 et
1197 550 1279 578 celeri
1300 549 1436 578 sententia
1462 549 1539 584 punit
1556 549 1682 584 i'njustos.

898 596 970 629 Quin
991 604 1072 631 opera
1101 601 1128 625 et
1149 597 1275 630 actione,
1297 604 1358 624 cum
1378 597 1414 623 sit
1439 596 1609 631 omnipotens
1622 615 1629 628 ,
1654 599 1684 623 ut

898 641 969 670 Deus
983 646 1010 669 ct
1026 642 1072 670 Dei
1092 640 1223 673 Verbum,
1240 643 1352 672 caelum
1364 643 1510 677 tangebat,
1536 642 1684 676 eodemque

897 693 1019 723 tempore
1048 688 1202 716 ambulabat
1226 689 1256 716 in
1281 689 1378 722 terris,
1403 688 1554 716 divinitatis
1580 687 1684 715 scilicet

898 735 1018 770 potentia
1043 735 1135 762 omnia
1162 736 1279 771 replens.
1298 735 1369 771 Ergo
1389 736 1412 763 si
1429 736 1510 763 talem
1527 735 1625 762 retinet
1638 742 1684 762 na-

898 783 999 811 turam,
1016 780 1090 815 impii
1106 780 1215 815 quidem
1233 785 1297 808 sunt
1312 781 1359 815 qui
1377 780 1684 808 inconsiderate'existi-

898 828 973 852 mant
987 825 1046 852 loco
1062 825 1168 860 locique
1191 826 1281 860 aliqua
1304 829 1380 860 parte
1393 825 1571 853 determinata
1584 825 1683 853 divini-

861 862 979 897 Btatem
1009 870 1207 898 circumscribi.
1238 871 1271 898 Et
1299 871 1454 907 ignorantia
1482 871 1572 906 potius
1600 868 1682 906 quam

895 921 985 944 mente
1009 917 1146 944 moderata
1162 918 1363 945 inconsiderate
1381 917 1512 953 Origenes
1540 917 1660 953 loquitur
1672 937 1680 950 ,

895 963 989 990 dicens
1003 963 1153 995 Christum,
1169 964 1234 991 dum
1250 965 1283 991 ad
1303 965 1410 992 inﬁmas
1424 968 1503 993 teme
1517 969 1607 1000 partes
1620 972 1681 1000 pet-

893 1009 1022 1040 venisset,
1041 1009 1181 1036 voluntate
1207 1010 1333 1044 superius
1361 1013 1556 1037 commoratum
1583 1009 1679 1038 fuisse.

893 1053 953 1081 Non
968 1054 1040 1081 enim
1055 1054 1187 1082 intellexit
1201 1055 1272 1090 quod
1283 1075 1291 1088 ,
1318 1063 1380 1083 eum
1408 1056 1431 1084 is
1450 1060 1521 1083 esset
1537 1055 1607 1083 Deus
1618 1077 1625 1088 ,
1641 1057 1680 1083 sie

894 1100 1040 1129 voluntatis
1054 1099 1161 1133 alIeetu,
1177 1106 1206 1128 ut
1221 1101 1374 1134 videbatur,
1389 1105 1416 1129 et
1441 1102 1575 1130 desiderio
1598 1101 1681 1130 fuerit

893 1146 1030 1181 superius,
1046 1147 1093 1182 qui
1110 1147 1262 1174 divinitatis
1277 1147 1434 1182 operatione
1449 1147 1576 1175 omnibus
1589 1149 1680 1175 omnia

893 1192 995 1227 ubique
1008 1197 1140 1228 quantum
1157 1193 1212 1221 ﬁeri
1225 1197 1315 1229 potest
1327 1194 1485 1229 compleret.

929 1249 987 1277 XX.
998 1248 1051 1277 Sed
1063 1249 1245 1277 concedamus
1253 1249 1310 1277 hzec
1319 1250 1468 1278 tlerristo
1479 1251 1554 1278 illum
1566 1250 1679 1282 sentire,

892 1296 938 1332 qui
948 1296 1139 1332 prophetarum
1150 1297 1256 1324 animas
1270 1304 1285 1323 a
1300 1297 1420 1325 daemone
1430 1297 1536 1325 evocari
1546 1297 1678 1325 decernit.

892 1341 1081 1377 Pythomantis
1093 1345 1123 1369 ut
1138 1342 1190 1370 sibi
1205 1342 1310 1370 similes
1321 1347 1415 1370 ventre
1434 1343 1570 1370 daemones
1581 1343 1680 1370 intuita

892 1392 944 1420 est,
961 1389 1043 1416 veluti
1060 1388 1194 1423 quosdam
1213 1396 1246 1416 ex
1263 1388 1357 1416 eodem
1373 1393 1467 1417 ventre
1482 1389 1582 1417 fratres
1592 1390 1679 1416 extol-

892 1434 951 1462 lens
965 1435 1012 1470 qui
1036 1434 1070 1461 ab
1090 1434 1184 1461 eadem
1204 1438 1269 1462 sunt
1289 1435 1345 1461 nati
1360 1439 1463 1468 matre,
1485 1436 1600 1468 clamat,
1617 1436 1679 1463 deo:

892 1482 1056 1516 conspexisse
1078 1481 1244 1508 ascendentes
1264 1489 1279 1508 e
1295 1486 1366 1508 terra
1380 1481 1414 1509 ⁸⁸.
1433 1482 1468 1508 At
1483 1482 1688 1518 grandiloquum

51 1527 122 1553 Ἀλλ’
133 1529 148 1553 ὁ
165 1527 352 1563 μεγαληγόρος
364 1528 412 1555 οὐκ
429 1529 528 1556 ἔδεισεν
543 1530 680 1566 Ὠριγένης
695 1532 791 1563 εἰπεῖν,
803 1533 843 1559 ὅτι
857 1536 877 1564 C
895 1528 954 1563 ipse

895 1528 954 1563 ipse
976 1526 1108 1562 Origenes
1128 1535 1183 1555 non
1208 1527 1343 1555 dubitavit
1368 1527 1460 1555 dicere
1478 1537 1486 1555 ;
1510 1527 1680 1558 ὒιεηιοιιὶυω

44 1573 74 1598 τὸ
88 1573 230 1608 δαιμόνιον
241 1574 301 1608 οὐχὶ
309 1574 357 1610 τὴν
372 1574 417 1600 τοῦ
429 1577 567 1611 προφήτου
577 1576 656 1611 μόνον
666 1577 786 1613 ἀνήγαγε
794 1578 842 1613 ψυ-

44 1620 106 1655 χὴν,
125 1618 321 1656 ἀλλά-Μήτιγε
343 1621 390 1647 καὶ
407 1621 484 1648 ἄλλαι
507 1623 764 1659 συναναϐεὸήκασιν,
777 1625 840 1662 ἔφη,

42 1666 131 1701 gula!
150 1667 298 1702 προφητῶν
312 1667 401 1701 amat;
420 1668 465 1704 Μὴ
491 1668 628 1704 κορεσθεὶς
643 1670 670 1696 δὲ
683 1671 715 1705 τῇ
730 1671 840 1707 τοιαύτῃ

43 1712 195 1748 παρανοίᾳ,
203 1713 249 1739 καὶ
259 1712 320 1744 τοὺς
331 1714 462 1748 ἀγγέλους
468 1714 586 1750 ὡρίσατο
595 1716 841 1751 συναναϐεϐηκέναι

42 1759 102 1790 τοῖς
118 1758 271 1794 πνεύμασιν
289 1759 377 1785 αὐτῶν
387 1768 393 1775 ’
408 1760 501 1796 εἴρηκε
518 1761 581 1796 γὰρ,
599 1762 639 1787 ὅτι
652 1762 702 1797 τῆς
716 1763 769 1789 τῶν
783 1763 840 1789 δεο-

45 1805 138 1840 μένων
153 1805 234 1832 ἓνεκα
247 1806 382 1842 σωτηρίας
396 1807 505 1834 ἀνίεσαν
520 1807 625 1834 ἐνθάδε·
641 1809 769 1844 μεγίστας
783 1808 838 1843 οὖν,

41 1850 82 1883 ὡς
93 1850 192 1882 ἔοικεν,
210 1851 347 1888 Ὠριγένης
359 1853 468 1885 ἐλπίδας
482 1853 638 1880 ὑποτίθεται
650 1856 705 1886 τοῖς
717 1856 840 1889 ἀγγέλοις

42 1898 94 1926 καὶ
117 1898 282 1933 προφήταις,
302 1899 360 1934 ῆτοι
380 1899 425 1925 καὶ
438 1900 519 1926 παντὶ
540 1899 578 1935 τῷ
593 1900 646 1927 τῶν
662 1901 746 1935 ἁγίων
759 1902 840 1937 ὁμόσε

43 1943 134 1980 χορῷ·
150 1943 257 1978 πρῶτον
269 1944 317 1979 μὲν
329 1945 446 1979 εἰσάγων
461 1945 498 1976 ὠς
512 1945 564 1972 ὑπὸ
574 1946 700 1981 δαίμονος
716 1947 840 1979 ἐξουσίαν

43 1988 128 2019 εἰσὶν,
144 1989 239 2016 ἔπειτα
253 1989 281 2015 δὲ
297 1989 416 2025 μηνύων,
432 1990 471 2016 ὅτι
486 1990 530 2017 διὰ
547 1991 672 2026 μαινάδος
685 1992 840 2028 ἀνήχθησαν

42 2035 164 2062 ἐνταῦθα
178 2035 305 2070 γυναικὸς
323 2036 462 2072 ἰατρεῦσαι
484 2037 546 2068 τοὺς
567 2037 729 2072 πάσχοντας,
745 2035 788 2065 οἷα
802 2039 841 2065 δε-

43 2082 155 2117 σμῶται
172 2081 368 2116 προαχθέντες·
384 2081 441 2108 οὔτι
454 2082 486 2116 γέ
500 2091 544 2118 μοι
558 2083 632 2109 δοκεῖ
649 2086 722 2118 μεῖον
733 2085 839 2120 ἐκείνης

41 2127 269 2162 ἀποφθέγγεσθαι
287 2128 486 2163 φρενοϐλαϐῶς.
506 2130 594 2155 Ἔστω
609 2130 662 2165 γὰρ
684 2130 784 2162 οὕτως·
802 2133 840 2158 οἰ-

42 2174 136 2210 κτρῶς
154 2173 313 2208 εξεψαύλιτε
336 2175 398 2206 τοὺς
423 2175 517 2209 ἁγίους
537 2175 644 2211 ἄνδρας,
661 2176 721 2202 οὐδὲ
740 2177 770 2203 τὺ
785 2176 838 2202 τῶν

43 2221 236 2256 οἰρεινοπετῶν
245 2220 367 2255 ἀγγέλων
379 2221 498 2257 ᾐσχύνθη
510 2222 601 2257 τάγμα
611 2222 761 2249 διαλλαϐεῖν
769 2227 775 2255 (
784 2223 833 2256 M)‘
853 2214 874 2241 θ

42 2267 58 2300 ἢ
79 2266 212 2293 δεικνύτω
227 2266 332 2302 τρανῶς
352 2267 366 2294 ὁ
384 2267 422 2302 τῷ
440 2267 551 2302 τοιούτῳ
569 2269 760 2303 συνιστάμενος
783 2269 838 2304 ὅρῳ

42 2312 129 2339 πόθεν
143 2311 233 2338 λαϐὼν
249 2313 280 2338 ἐκ
294 2312 343 2347 τῆς
360 2312 411 2346 γῆς
427 2312 527 2347 ἔφησεν
544 2313 646 2339 ἀνιέναι
659 2314 721 2344 τοὺς
740 2315 768 2340 ὲν
783 2315 838 2346 τοῖς

42 2359 169 2393 οὐρανοῖς
186 2358 366 2393 ἑστιωμένους
381 2358 524 2392 ἀγγέλους⁵
543 2359 573 2385 οὐ
597 2359 650 2395 γὰρ
666 2356 737 2386 οὗτοι
758 2369 838 2386 κατε-

42 2404 193 2440 ληλύθασιν
208 2405 248 2436 είς
263 2404 325 2439 ᾅδου
340 2404 481 2440 λυτηρίους
495 2405 659 2440 ἐπαγόμενοι
671 2407 726 2437 τοῖς
739 2407 837 2441 αἰχμα-

42 2449 141 2481 λώτοις
157 2449 278 2484 ἀφέσεις,
290 2449 347 2476 ἀλλ’
358 2451 372 2476 ὁ
383 2451 507 2486 Χριστὸς,
523 2451 615 2486 ἐπειδὴ
630 2451 677 2478 καὶ
691 2453 836 2488 νικηφόρον

42 2493 121 2527 οὗτος
143 2495 234 2531 ῖδρυσε
258 2495 327 2522 κατὰ
350 2496 396 2522 τοῦ
417 2496 544 2532 πολεμίου
567 2497 705 2532 τρόπαιον,
726 2497 836 2529 καὶτὰς

41 2543 98 2569 τῶν
112 2541 294 2578 αἰχμαλώτων
308 2542 468 2574 ἀποσπάσας
481 2543 554 2575 λείας
569 2543 642 2578 αὐτῷ
655 2543 758 2578 σώματι
774 2552 838 2579 μετ-

42 2589 148 2625 αρσίως
167 2588 282 2623 ἀνῆλθεν
306 2589 345 2620 είς
365 2588 510 2624 οὐρανούς·
536 2589 645 2623 ἄγγελοι
667 2589 695 2616 δὲ
718 2590 756 2625 τῷ
778 2589 837 2625 Θεῷ

42 2634 219 2671 παρεστῶσιν
232 2634 372 2666 ἑκάστοτε,
386 2635 434 2667 τὰς
451 2635 626 2670 ὀφειλομένας
640 2635 756 2662 ἐκτελεῖν
767 2636 839 2663 ὲπει-

41 2681 153 2716 γόμενοι
165 2680 305 2716 λατρείας,
322 2681 378 2708 ἀλλ’
386 2682 446 2717 οὐχὶ
461 2681 506 2708 τὸν
519 2681 584 2717 ᾆδην
598 2681 726 2709 οἰκοῦσιν.

95 2773 118 2789 ³⁷
137 2777 204 2808 δαρ.
226 2781 306 2805 xvm,
328 2772 420 2800 M-l6.
448 2773 471 2789 "
484 2771 500 2800 Ι
514 2772 576 2808 Reg.
593 2781 692 2806 xxvm,
706 2773 749 2801 15.

77 2868 134 2902 (l3)
153 2868 247 2895 οὕτω.
262 2867 304 2895 An
323 2866 460 2900 τοσούτῳ;

892 1581 947 1601 non
965 1578 1071 1601 tantum
1093 1574 1231 1608 prophetae
1246 1574 1363 1600 animam
1374 1573 1478 1606 eduxit,
1494 1574 1541 1601 sed
1553 1573 1638 1602 :Num
1652 1580 1680 1602 et

893 1620 952 1647 alia:
964 1627 1017 1646 una
1032 1620 1112 1646 simul
1126 1619 1308 1647 ascenderunt
1329 1620 1427 1647 animae
1447 1624 1548 1647 sanctte
1561 1621 1679 1656 prophe-

892 1668 999 1694 tarum?
1012 1665 1098 1694 Porro
1110 1674 1170 1694 cum
1183 1666 1221 1693 illi
1241 1670 1316 1693 tanta
1328 1666 1464 1693 dementia
1478 1674 1531 1693 non
1547 1672 1620 1694 esset
1634 1675 1679 1694 sa-

891 1715 938 1745 tis,
953 1714 1063 1748 angelos
1078 1713 1142 1740 item
1158 1712 1262 1740 deliniit
1276 1712 1356 1739 simul
1374 1712 1530 1740 ascendisse
1541 1720 1603 1740 cum
1619 1713 1678 1740 illo-

891 1767 952 1786 rum
965 1759 1108 1795 spiritibus
1123 1767 1130 1786 :
1147 1758 1216 1786 dixit
1225 1758 1324 1793 quippe
1335 1758 1470 1794 egentium
1481 1759 1579 1787 salutis
1595 1766 1678 1787 causa

891 1806 956 1833 illuc
979 1806 1130 1834 advenisse.
1155 1804 1258 1840 Itaque,
1275 1808 1306 1831 ut
1328 1808 1455 1840 apparet,
1482 1805 1600 1832 maxima
1629 1812 1678 1840 spe

892 1853 1002 1887 angelos
1019 1852 1220 1888 et-prophetas,
1235 1855 1322 1879 totum
1336 1851 1452 1886 denique
1468 1855 1626 1879 sanctorum
1638 1851 1677 1879 si-

891 1899 947 1926 mul
964 1899 1096 1931 chorum,
1114 1898 1230 1931 excitat;
1247 1898 1334 1933 primo
1358 1896 1426 1924 illud
1438 1897 1587 1924 decernens
1600 1917 1608 1930 ,
1628 1903 1677 1924 eos

890 1945 942 1972 sub
968 1949 1100 1980 potestate
1124 1945 1256 1972 daemonis
1281 1951 1360 1978 esse;
1388 1943 1508 1971 secundo
1536 1951 1677 1978 exponens

891 1991 1021 2018 mzenadis
1038 1991 1161 2018 mulieris
1178 1998 1259 2025 opera
1276 1990 1341 2017 illuc
1353 1989 1476 2021 eductos.
1493 1989 1575 2016 veluti
1586 1989 1675 2024 capti-

890 2044 938 2064 vos
954 2036 1115 2067 conductos.
1132 2041 1162 2062 ut
1183 2035 1371 2063 laborantibus
1388 2035 1571 2062 mederentur.
1586 2034 1677 2068 Quare

889 2090 944 2109 non
956 2082 1046 2108 minus
1060 2088 1141 2116 quam
1156 2081 1201 2107 illa
1216 2086 1306 2108 mente
1328 2081 1409 2109 laesus
1436 2080 1580 2108 enuntiare
1600 2081 1675 2109 vlde-

889 2132 944 2155 tur.
964 2127 1009 2154 Sic
1022 2127 1093 2153 enim
1108 2135 1137 2154 se
1162 2127 1261 2154 habet:
1279 2127 1379 2154 misere
1393 2126 1497 2154 sanctis
1519 2126 1676 2154 hominibus

890 2173 1046 2206 insultavit;
1065 2173 1221 2208 angelorum
1239 2173 1302 2200 item
1314 2172 1439 2199 ordinem
1458 2172 1503 2207 qui
1519 2180 1566 2207 per
1577 2172 1676 2199 coelum

889 2221 997 2251 volant,
1025 2220 1094 2246 male
1111 2223 1228 2247 tractare
1248 2227 1302 2246 non
1323 2223 1365 2246 est
1380 2220 1492 2246 veritus.
1509 2218 1556 2246 Vel
1579 2219 1676 2246 saltem

888 2271 981 2301 aperte
997 2266 1069 2292 dicat
1090 2266 1136 2301 qui
1160 2266 1321 2293 sententiam
1341 2265 1410 2292 hanc
1425 2265 1560 2298 defendit,
1589 2265 1676 2293 unde-

889 2321 951 2340 nam
969 2313 1074 2342 habuit.
1096 2320 1111 2339 e
1128 2316 1201 2339 terra
1216 2313 1326 2347 angelos
1342 2312 1369 2339 in
1384 2312 1461 2339 caelis
1473 2315 1675 2340 commorautes

889 2360 1046 2388 ascendere.
1058 2359 1150 2395 Neque
1165 2360 1236 2387 enim
1250 2358 1485 2387 hidescenderunt
1499 2359 1525 2385 in
1538 2359 1674 2386 infernum

889 2415 981 2435 secum
993 2407 1163 2435 liberatrices
1173 2406 1290 2434 ferentes
1310 2405 1426 2441 captivis
1436 2405 1612 2438 emissiones;
1625 2406 1674 2433 sed

888 2454 1025 2486 Christus,
1041 2454 1088 2486 qui
1112 2461 1145 2481 ex
1175 2454 1253 2480 hoste
1278 2457 1386 2487 raptum
1401 2451 1488 2478 victor
1512 2451 1565 2478 sibi
1587 2451 1674 2478 erexit

887 2503 1030 2535 tropaeum,
1046 2503 1073 2527 et
1090 2499 1257 2534 captivorum
1277 2499 1368 2533 praeda
1389 2501 1465 2533 parta
1479 2505 1593 2532 corpore
1614 2498 1673 2532 ipso

889 2545 923 2572 ad
937 2545 1021 2572 caelos
1039 2545 1163 2573 sublimis
1180 2545 1313 2572 ascendit.
1335 2543 1435 2571 Verum
1450 2543 1538 2578 angeli
1558 2543 1612 2570 Deo
1627 2544 1673 2578 ju-

889 2590 959 2625 giter
974 2594 1122 2624 praesentes
1137 2590 1227 2617 cultus
1242 2589 1348 2617 debitos
1363 2589 1516 2624 persolvere
1527 2592 1674 2622 conantur,

889 2643 939 2664 nec
952 2635 1054 2664 inferos
1064 2635 1198 2663 habitant.

923 2863 979 2899 (ﬂ)
996 2864 1179 2892 Διαλλαϐεῖν.
1194 2863 1274 2893 Forte
1289 2863 1452 2893 διαϐάλλειν.
