1909 3071
240 116 296 147 655

726 110 754 138 S.
777 110 961 138 EUSTATHII
981 109 1135 138 EPISCOPI
1153 110 1360 139 ANTIOCHENI

1817 115 1867 143 656

278 173 348 203 XXI.
369 172 420 200 Sed
438 172 578 208 Origenes,
597 177 627 199 ut
639 173 756 205 videtur,
773 172 829 200 hac
848 179 878 200 se
892 180 945 200 non
965 180 1016 207 per.

1114 172 1183 200 XXI.
1198 173 1276 205 Ἀλλ’,
1297 173 1335 204 ὡς
1355 172 1452 206 ἔοικεν,
1473 173 1610 209 Ὦριγένης
1632 174 1811 210 ὑποκρίνεται
1831 176 1868 211 μή

239 223 330 257 cipere
358 219 484 251 simulat,
510 222 540 246 ut
565 219 769 254 superstitiosas
785 219 902 247 inculcet
918 219 1024 254 praesti-

239 268 306 304 gias.
323 265 465 297 Praeterea,
483 264 529 300 qui
545 265 636 292 omnia
662 263 809 299 Scriptura:
827 265 909 293 verba
925 265 1024 299 allego-

239 314 288 341 riis
300 318 434 347 exponere
448 319 532 339 ausus
546 315 598 343 est,
616 310 668 338 hoc
687 311 776 338 solum
792 310 825 338 ad
838 311 954 338 litteram
966 315 1023 337 tra-

235 359 303 386 dere
319 366 373 385 non
389 357 545 389 erubescit,
562 364 611 392 per
625 356 827 385 simulationem
851 361 879 384 et
895 356 978 384 veluti
991 365 1024 384 ex

239 404 350 432 oraculo
364 403 560 434 determinans,
573 410 622 430 nec
639 403 721 430 etiam
735 403 768 430 de
779 403 840 438 ipso
851 410 965 438 corpore
982 411 1025 431 re-

238 456 281 480 cte
295 450 432 486 judicans.
447 448 574 482 Quinimo
597 448 631 476 de
652 449 780 484 paradiso
807 457 887 484 quem
908 449 981 477 Deus
996 451 1023 478 in

237 497 322 525 Edem
339 497 508 532 plantaverat
518 495 541 512 "
555 495 636 523 verba
648 495 761 527 faciens,
772 503 824 523 nec
839 503 894 523 non
910 503 963 530 qua
979 503 1023 522 ra-

236 545 311 572 tione
327 545 399 580 ligna
415 542 555 570 fructifera
567 543 752 578 germinarunt
761 550 890 570 enarrare
903 547 1021 576 tentans,

237 595 309 618 inter
322 591 374 618 alia
395 590 487 618 subdit
501 599 507 616 :
523 589 590 616 Cum
613 589 740 624 legentes,
755 590 863 625 inquit,
885 598 901 616 α
925 589 1022 624 fabulis

237 638 352 672 serieque
378 644 437 671 qua:
465 634 607 663 secundum
636 636 752 663 litteram
775 641 815 663 est
839 636 923 671 gradu
950 637 1022 671 facto

237 683 414 716 ascendimus,
429 691 551 718 quamam
576 682 625 710 illa
649 683 720 718 ligna
734 683 786 710 sint
800 691 858 718 quw
875 683 944 710 Deus
959 684 1021 710 colit

236 730 396 765 qumrimus:
410 729 520 756 dicimus
530 729 559 756 in
575 737 604 756 eo
620 729 676 756 loco
692 729 763 764 ligna
775 737 832 764 quia
846 737 924 756 sensu
938 730 1020 764 accipi

235 781 354 811 possunt,
373 785 424 803 non
438 776 557 811 reperiri.
583 775 647 803 Haec
673 783 734 804 cum
752 783 800 811 per
816 776 1020 805 translationem

235 825 362 858 exponat,
379 830 433 850 non
464 822 556 850 horret
582 822 689 857 fabulas
710 822 846 857 appellare
866 830 926 857 qua:
948 821 1020 850 Deus

237 874 327 898 creata
342 869 489 904 perfecisse
498 869 625 902 traditur,
638 869 842 904 fidissimusque
849 868 910 904 ejus
925 877 1021 897 servus

237 914 342 951 Moyses
366 915 476 950 scriptis
501 915 684 950 consignavit.
707 914 740 941 Et
765 921 798 942 ex
818 915 960 950 opposito,
988 923 1021 943 ea

236 969 296 996 quae
315 960 404 988 fabula
418 961 445 987 in
462 964 554 988 ventre
563 960 667 996 efﬁngit
682 964 709 987 et
719 960 836 988 obscure
853 961 973 995 insonat,
988 969 1020 988 ac

180 1023 185 1027 ~
234 1009 257 1036 si
272 1008 398 1043 dogmata
413 1011 522 1041 essent,
539 1011 738 1042 programmate
754 1007 870 1040 stabilit,
884 1015 948 1035 vera
960 1015 1021 1036 esse

235 1054 435 1083 demonstrans.
464 1053 497 1080 Et
529 1053 610 1081 verba
635 1052 847 1089 Engastrimythi
872 1061 888 1081 a
916 1053 1020 1089 Spiritu

235 1105 329 1129 sancto
338 1101 438 1128 dictata
452 1099 631 1130 contendens,
642 1107 684 1131 ca,
698 1103 727 1126 ut
742 1099 794 1128 sibi
807 1100 923 1133 videtur,
936 1101 1021 1129 ascri-

233 1145 302 1175 bens
311 1148 463 1182 scripturae,
474 1147 530 1173 vult
542 1146 653 1173 immota
664 1153 838 1181 permanere;
847 1146 947 1174 divinis
956 1154 1020 1174 vero

234 1193 354 1221 oraculis
365 1201 379 1219 a
388 1192 479 1228 Moyse
488 1191 593 1219 traditis
601 1191 752 1226 fabularum
761 1192 872 1220 nomine
883 1193 1020 1228 insignitis

233 1248 344 1268 sensum
357 1239 483 1271 invertit,
505 1239 655 1273 litteraeque
679 1238 821 1266 traditioni
842 1247 897 1267 non
918 1241 975 1267 vult
991 1244 1020 1267 ut

233 1287 294 1321 quis
311 1286 431 1313 animum
456 1284 587 1312 intendat.
607 1283 703 1312 Nonne
732 1284 796 1312 item
821 1285 855 1313 ab
881 1285 1018 1313 Abraham

233 1337 330 1369 puteos
343 1332 457 1360 effossos
465 1332 498 1364 ‘°,
509 1332 616 1368 aliaque
630 1332 663 1359 ad
678 1339 725 1359 eos
736 1332 908 1367 pertinentia,
917 1333 1018 1368 allego-

233 1380 283 1407 riis
297 1379 419 1414 exponit,
439 1382 569 1413 tantaque
588 1386 745 1406 sermonum
762 1378 840 1413 copia
860 1378 889 1405 in
904 1379 1018 1406 immen-

233 1432 294 1454 sum
307 1427 442 1459 protracta
458 1431 539 1451 omne
561 1424 594 1451 de
610 1423 664 1451 illis
687 1424 825 1459 negotium
847 1423 1018 1450 disterminat

234 1471 261 1498 in
275 1471 354 1498 aliam
368 1470 530 1498 sententiam
544 1469 717 1502 translatum,
734 1469 797 1498 licet
812 1469 845 1496 ad
860 1470 917 1496 haec
933 1477 1018 1504 usque

232 1521 356 1553 tempora
373 1516 400 1544 in
416 1516 526 1552 regione
536 1516 582 1543 illa
597 1516 683 1544 oculis
696 1515 784 1543 adhuc
794 1516 1017 1552 conspiciantur?

231 1563 327 1591 Nonne
349 1563 424 1591 isaac
445 1566 473 1590 et
487 1562 616 1590 Rebeccae
632 1570 676 1590 res
693 1566 783 1598 gestas
797 1563 818 1578 ⁶¹
844 1563 1014 1596 immutavit,

232 1611 342 1637 inaures
355 1613 381 1636 et
397 1609 517 1636 armillas
534 1616 665 1636 sermones
680 1615 741 1636 esse
754 1616 846 1635 aureos
859 1607 953 1636 dicens
963 1627 970 1640 ,
989 1612 1017 1636 et

232 1656 390 1684 universum
409 1654 525 1690 denique
550 1657 739 1690 argumentum
769 1661 818 1689 per
839 1654 893 1682 vim
915 1655 1017 1682 distor-

232 1706 301 1735 tum,
318 1701 351 1729 ad
364 1709 395 1729 ea
414 1709 474 1736 qum
487 1702 577 1728 animo
593 1706 743 1728 cernuntur
755 1704 781 1728 et
795 1701 901 1728 ratione
918 1701 1016 1729 intelli-

231 1754 332 1785 guntur
343 1748 508 1781 traductum,
521 1747 739 1775 cavillationibus
749 1747 917 1782 deturpavit?
930 1747 1014 1775 Porro

231 1795 264 1822 de
290 1794 341 1822 Job
362 1794 408 1830 qui
437 1794 522 1821 multa
552 1801 651 1829 passus
679 1797 722 1822 est
750 1793 773 1809 "
804 1794 1014 1822 commentarios

230 1841 330 1873 edens,
355 1849 410 1868 non
440 1841 591 1869 admiratur
613 1840 800 1872 tolerantiam,
830 1848 884 1868 non
909 1840 1014 1868 extollit

229 1887 349 1918 labores,
364 1894 418 1913 non
433 1886 606 1914 commendat
621 1885 746 1913 virtutem
759 1905 766 1917 ,
786 1893 839 1913 non
864 1887 960 1921 probat
981 1886 1013 1913 fl-

229 1932 301 1964 dem,
314 1939 369 1960 non
384 1931 551 1959 fortitudinis
565 1931 648 1958 animi
665 1931 787 1966 exempla
799 1931 939 1963 describit,
958 1939 1012 1959 non

230 1978 333 2006 tirones
349 1979 449 2006 milites
470 1978 656 2013 magnitudine
677 1978 760 2006 animi
784 1979 929 2014 vigoreque
948 1986 1013 2013 pru-

229 2023 327 2050 dentia:
339 2023 372 2050 ad
385 2023 511 2050 virtutem
527 2022 667 2056 hortatur,
690 2030 745 2050 non
762 2028 849 2050 armat
864 2027 1012 2051 certatores

231 2072 259 2093 ut
281 2067 386 2094 fortiter
412 2075 461 2103 pro
486 2069 585 2103 pietate
605 2073 738 2104 pugnent;
769 2069 816 2097 sed
840 2069 896 2098 hate
920 2070 1011 2097 omnia

230 2117 437 2148 praetergressus
449 2113 557 2141 sublimi
571 2114 677 2142 dicendi
693 2115 774 2142 modo
791 2115 906 2142 filiarum
923 2115 1012 2142 nomi-

230 2159 310 2187 nibus
325 2159 494 2194 exponendis
512 2160 620 2187 aniliter
644 2161 726 2188 multa
743 2169 809 2189 sane
830 2161 1009 2196 consumpsit.

229 2203 327 2232 Verum
342 2213 402 2239 qua:
411 2205 444 2233 de
458 2205 517 2233 Diei
530 2206 649 2238 nomine,
663 2211 690 2234 et
701 2206 803 2234 Caerite
816 2210 898 2242 atque
908 2206 1012 2234 Cornu-
1028 2214 1050 2241 ι)

227 2251 307 2285 copim
326 2254 442 2286 negatus
469 2255 521 2284 est,
538 2252 582 2279 hic
596 2260 809 2280 commemorare
823 2253 933 2281 difﬁcile
947 2258 989 2281 est
1003 2262 1010 2286 ;

227 2296 371 2332 multiplici
387 2304 504 2332 namque
520 2302 626 2326 scatent
637 2299 772 2326 futilitate.
788 2299 828 2326 Ad
838 2298 972 2326 Lazarum
989 2299 1012 2314 "

227 2343 337 2371 accedo.
352 2343 421 2371 Cum
435 2344 574 2373 debuisset
588 2344 689 2372 Christi
705 2345 800 2380 ingens
822 2352 891 2380 opus
907 2345 1011 2380 magni-

225 2389 332 2422 facere,
350 2389 450 2425 illoque
465 2391 553 2426 palam
569 2390 757 2418 demonstrare
778 2390 864 2417 Deum
877 2398 948 2421 esse,
964 2391 1011 2424 qui

225 2439 363 2462 mortuum
375 2435 432 2471 jam
450 2435 577 2464 fetentem
603 2444 618 2463 e
642 2439 820 2463 monumento
848 2435 1011 2463 auctoritate

225 2484 404 2514 evocaverat,
426 2484 453 2508 et
476 2481 551 2509 verbi
567 2480 714 2509 emissione
732 2486 847 2515 corpora
864 2478 1009 2507 tumefacta

225 2527 453 2560 animaverat,liis
464 2527 592 2556 omnibus
605 2526 714 2555 silentio
729 2525 1009 2559 involutis,Lazarum

226 2572 342 2600 amicum
357 2572 475 2605 Domini,
490 2580 570 2609 quem
588 2580 642 2600 non
654 2572 701 2600 abs
713 2579 744 2599 re
754 2576 864 2608 propter
880 2572 1008 2600 virtutem

226 2617 363 2654 diligebat,
374 2619 401 2646 in
415 2619 535 2654 peccatis
550 2619 718 2646 laborantem
728 2622 755 2646 et
769 2622 907 2645 mortuum
919 2622 1007 2646 trans-

260 2699 283 2714 ”
295 2697 360 2727 Gen.
377 2707 407 2731 ll,
423 2699 467 2726 ‘21.
506 2700 528 2715 “
544 2699 607 2727 Gen.
625 2707 683 2732 ut,
704 2699 748 2726 25.
788 2699 809 2715 ⁶¹
826 2699 889 2726 Gen.
903 2707 977 2732 μιν,
993 2698 1039 2726 22.

261 2776 318 2812 (15)
335 2777 405 2803 Τῶν.
425 2778 466 2804 An
483 2779 532 2811 τά;

240 2844 247 2850 _
260 2812 314 2850 (ili)
332 2813 401 2845 Περὶ
414 2812 447 2850 cs
460 2814 513 2850 τοῦ
524 2813 655 2850 Λαξᾴρου
665 2814 774 2850 γρὰξω.
786 2813 899 2850 Huctius
912 2814 938 2840 in
956 2820 1006 2839 no-

229 2847 265 2872 tis
281 2848 312 2873 ad
326 2847 462 2880 exegetica
479 2848 613 2881 Origenis,
625 2857 689 2882 .pag.
710 2849 768 2881 ΗΞ,
789 2857 837 2881 pro
851 2849 948 2881 γράφω
965 2856 1006 2875 re-

1030 1542 1051 1571 C

1077 219 1155 247 νοεῖν,
1172 218 1214 244 ἵνα
1230 218 1411 254 δεισιδαίμονα
1430 220 1626 257 παρασκευάσῃ
1645 221 1778 256 μαντείαν
1788 230 1795 236 ⁸
1810 220 1869 248 εἶτα

1075 264 1166 296 πάσας
1180 264 1362 301 ἀλληγορῆσαι
1376 265 1424 297 τὰς
1439 265 1548 301 Γραφάς
1559 267 1725 302 ἐγχειρίσας,
1739 268 1790 294 οὐκ
1806 269 1870 304 ἐρυ-

1076 311 1138 348 θριᾷ
1154 311 1231 338 τοῦτο
1243 312 1322 347 μόνον
1337 313 1383 339 ἐπὶ
1401 312 1448 340 τοῦ
1459 313 1619 349 γράμματος
1631 313 1802 348 ἐκδέχεσθαι,
1825 314 1870 341 θε-

1075 357 1178 390 σπίζων
1202 358 1354 394 ὑποκρίσει,
1369 359 1455 386 καίτοι
1479 360 1539 395 μηδ’
1557 359 1631 395 αὐτῷ
1654 359 1762 395 σώματι
1783 369 1867 396 προσ-

1074 403 1144 440 έχων
1159 405 1351 440 εὐγνωμόνωςι
1365 405 1433 432 ἀλλὰ
1447 405 1478 441 δὴ
1496 406 1559 441 περὶ
1573 405 1617 432 τοῦ
1634 406 1801 440 παραδείσου
1813 407 1866 433 δια-

1074 450 1218 486 λεγόμενος
1237 451 1266 478 ὃν
1285 451 1431 486 ἐφύτευσεν
1455 452 1469 478 ό
1489 451 1555 483 Θεὸς
1577 452 1606 478 ἐν
1625 452 1719 487 Ἐδὲμ,
1737 449 1796 478 εἷτα
1819 453 1865 479 καὶ

1073 497 1132 523 τίνα
1143 497 1242 533 τρόπον
1254 496 1404 530 ὲξανέτειλε
1417 497 1451 524 τὰ
1464 497 1625 534 καρποφόρα
1638 497 1704 530 ξύλα
1714 497 1865 533 διηγεῖσθαι

1073 543 1242 579 βουλόμενος,
1260 544 1377 580 ἐπέφερε
1391 544 1458 580 πρὸς
1477 545 1533 576 τοῖς
1555 544 1660 576 ἄλλοις·
1686 545 1774 571 Ὅταν
1792 545 1865 572 dra-

1071 590 1269 624 τινώσκοντες
1292 591 1490 625 ἀναϐαίνομεν
1508 591 1568 618 ἀπὸ
1586 590 1645 618 τῶν
1661 591 1775 625 μύθων,
1800 591 1863 626 ἔφη,

1073 635 1122 662 καὶ
1135 634 1189 669 τῆς
1208 636 1283 662 κατὰ
1302 636 1335 662 τὸ
1357 635 1473 671 γράμμα
1491 635 1628 670 ὲκδοχῆς,
1648 636 1778 670 ζητῶμεν
1797 637 1864 663 τίνα

1072 681 1107 707 τὰ
1123 681 1210 714 ξύλα,
1229 681 1319 717 φησὶν,
1345 681 1432 708 ἐστὶν
1445 681 1545 708 ἐκεῖνα
1564 681 1584 708 ἂ
1604 684 1620 709 d
1638 681 1710 716 Θεὸς
1725 682 1861 717 rem?

1070 727 1208 762 λέγομεν,
1222 727 1267 755 ὅτι
1278 729 1333 755 οὐκ
1352 728 1398 755 ἔνι
1421 729 1550 762 αἰσθητὰ
1567 728 1644 761 ξύλα
1659 729 1694 756 ἐν
1714 729 1755 762 τῷ
1771 730 1861 764 τόπῳ.

1071 774 1162 801 Ταῦτα
1180 775 1208 801 δὲ
1226 774 1258 810 δὴ
1281 775 1450 810 τροπολογῶν
1464 776 1494 802 οὐ
1512 776 1616 811 φρίττει
1633 777 1750 811 μύθους
1763 777 1863 815 ὀνρμά-

1071 820 1127 853 ζειν
1143 821 1193 848 ὅσα
1207 821 1468 858 δεδημιουργηκέναι
1484 823 1532 858 μὲν
1551 824 1697 858 ἱστορεῖται
1713 823 1791 856 Θεὸς,
1806 825 1820 851 ὁ
1834 824 1861 851 δὲ

1036 863 1057 890 Β
1072 867 1229 899 πιστότατος
1245 867 1290 895 τοῦ
1307 868 1373 895 Θεοῦ
1391 868 1517 904 θεράπων
1535 869 1638 905 ἔγραψε
1652 870 1774 905 Μωῡσῆς
1784 879 1790 884 ·
1805 870 1861 896 ἀλλ’

1071 915 1104 940 ἐκ
1117 913 1171 941 τῶν
1184 914 1320 946 ἐναντίων,
1337 915 1407 951 ἅπερ
1421 917 1434 942 ό
1452 915 1535 951 μῦθος
1551 917 1580 943 ὲν
1595 916 1695 952 γαστρὶ
1714 916 1863 952 πλαττόμε-

1070 969 1116 992 νος
1132 960 1242 995 ἀφανῶς
1262 961 1371 997 ὑπηχεῖ,
1393 961 1480 989 ταῦτα
1499 962 1656 998 δογματικῷ
1676 963 1781 997 βεόαιοῖ
1797 972 1862 999 προ-

1071 1006 1225 1042 γράμματι,
1238 1007 1366 1034 δεικνύων
1379 1007 1476 1043 ἀληθῆ.
1492 1008 1532 1035 Τὰ
1546 1008 1596 1044 μέν
1611 1017 1643 1043 γε
1654 1009 1705 1044 τῆς
1718 1011 1862 1045 ἐγγαστριο

1073 1053 1156 1088 μύθου
1172 1054 1282 1089 ῥήματα
1291 1053 1335 1080 διά
1348 1053 1395 1080 τοῦ
1408 1054 1486 1088 ἁγίου
1497 1055 1654 1090 Πνεύματος
1666 1056 1793 1092 εἰρῆσθαι
1806 1065 1863 1083 ταν-

1069 1099 1162 1131 ιστῶν,
1191 1099 1326 1126 ἀσάλευτα
1349 1100 1438 1135 μένειν
1461 1101 1530 1133 ἀξιοῖ
1551 1103 1584 1137 τῇ
1608 1102 1703 1138 Γραφῇ
1722 1103 1752 1129 τὺ
1774 1103 1862 1130 δοκεῖν

1070 1145 1179 1176 ἀναθείς
1187 1154 1194 1160 ”
1209 1145 1278 1172 αὐτὰ
1289 1146 1316 1172 δὲ
1328 1145 1360 1172 τὰ
1371 1146 1418 1173 τοῦ
1432 1147 1499 1174 Θεοῦ
1513 1146 1558 1174 διὰ
1568 1148 1707 1180 Μωῡσέως
1717 1149 1862 1176 ἐκδοθέντα

1072 1191 1140 1226 μηνύ
1145 1200 1216 1226 ματα
1221 1192 1335 1226 μύθους
1343 1192 1488 1228 ὀνομάσας,
1498 1193 1676 1221 ὲνδιαλλὰττει
1687 1195 1735 1230 τήν
1746 1195 1861 1227 ἔννοιαν,

1069 1237 1099 1263 οὐ
1116 1236 1226 1264 δικαιῶν
1242 1237 1370 1272 ἐμμένειν
1386 1239 1417 1274 τῇ
1430 1238 1476 1264 τοῦ
1491 1239 1653 1274 γράμματος
1667 1240 1773 1275 ὲκδοχῇ.
1791 1240 1862 1266 Ἀλλ’

1069 1282 1129 1317 οὐχ).
1147 1282 1182 1308 τὰ
1203 1282 1257 1308 ὑπὸ
1275 1282 1320 1309 τοῦ
1340 1283 1463 1320 Ἀϐραὰμ
1482 1284 1660 1320 όρωρυγμένα
1682 1286 1798 1322 φρέατα,
1813 1287 1862 1312 καὶ

1069 1329 1122 1355 τῶν
1204 1330 1272 1365 ἀμφ’
1285 1330 1374 1356 αὐτῶν
1391 1331 1550 1367 ἀλληγορεῖ,
1577 1333 1623 1359 καὶ
1641 1332 1767 1359 τοσοῦτον
1791 1334 1861 1359 ἀπο-

1069 1373 1158 1406 τείνας
1174 1374 1251 1409 λόγου
1271 1374 1363 1409 ἐσμὸν,
1381 1375 1489 1402 ἅπασαν
1510 1376 1576 1412 όμοῦ
1598 1377 1646 1412 τὴν
1668 1377 1862 1413 πραγματείαν

1069 1422 1156 1448 αὐτῶν
1169 1422 1285 1458 ἀναιρεῖ,
1302 1422 1427 1458 μεταθεὶς
1441 1424 1480 1455 είς
1503 1424 1594 1459 ἕτερον
1609 1423 1682 1456 νοῦν,
1703 1425 1792 1451 καίτοι
1806 1425 1861 1451 τῶν

1069 1468 1192 1504 φρεάτων
1214 1468 1259 1495 ἐπὶ
1279 1467 1371 1504 χώρας
1391 1468 1431 1495 ἔτι
1452 1468 1499 1496 καὶ
1522 1469 1569 1496 νῦν
1588 1469 1647 1505 ὄψει
1670 1471 1860 1506 φαινομένωνξ

1069 1515 1136 1550 Οὐχὶ
1152 1514 1186 1541 τὰ
1198 1513 1245 1541 τοῦ
1267 1514 1359 1541 Ἰσαὰκ
1374 1514 1421 1541 καὶ
1437 1515 1470 1542 τὰ.
1483 1515 1532 1550 τῆς
1551 1515 1697 1548 Ῥεϐέκκας
1715 1517 1861 1552 ὲτροπολό-

1067 1569 1135 1596 γησε
1149 1561 1308 1597 πράγματα,
1327 1561 1361 1587 τὰ
1382 1561 1432 1596 μὲν
1448 1561 1544 1588 ἐνώτια
1568 1562 1615 1588 καὶ
1637 1562 1735 1596 ψέλλια
1749 1564 1861 1598 λόγοι-ς

1067 1606 1136 1634 εἶναι
1148 1607 1283 1642 χρυσοῦς
1296 1606 1424 1643 εἰρηκὼς,
1439 1608 1547 1635 ἅπασαν
1563 1608 1591 1634 δὲ
1607 1608 1655 1644 τὴν
1670 1608 1800 1636 ὑπόθεσιν
1815 1611 1861 1636 ὲκ-

1066 1653 1239 1688 6ιασάμενος,
1255 1652 1362 1687 ἐκείνην
1376 1652 1422 1678 ἐπὶ
1436 1652 1482 1679 τοῦ
1503 1652 1597 1688 νοητοῦ
1612 1653 1782 1688 παραλαϐὼν
1797 1655 1858 1681 ἐσυ-

1066 1698 1237 1733 κοφάντησε,
1259 1697 1326 1734 Περὶ
1347 1697 1374 1724 δέ
1392 1706 1424 1731 γε
1443 1697 1489 1724 τοῦ
1514 1697 1631 1724 πολύτλα
1653 1699 1858 1735 προσομιλήσας

1072 1743 1142 1777 Ἰὼϐ,
1163 1744 1223 1770 ἀντὶ
1247 1743 1293 1770 τοῦ
1317 1743 1453 1779 θαυμάσαι
1474 1743 1523 1778 τὴν
1545 1743 1692 1780 ὑπομονὴν,
1717 1745 1857 1772 ἐπαινέσαι

1064 1790 1127 1821 τοὺς
1143 1789 1249 1822 πόνους,
1268 1789 1426 1825 εὐφημῆσαι
1442 1789 1491 1825 τὴν
1509 1789 1657 1825 ἀριστείαν,
1676 1790 1857 1825 ἀποδέξασθαι

1064 1835 1112 1872 τὴν
1126 1835 1226 1868 πίστιν,
1242 1835 1377 1871 ἐκφράσαι
1399 1834 1433 1862 τὰ
1448 1836 1496 1871 τῆς
1514 1836 1735 1872 καρτεροψυχίας
1751 1838 1857 1864 ὑποδεί-

1064 1890 1166 1917 γματα,
1184 1881 1387 1917 προτρέψασθαι
1400 1880 1443 1908 διὰ
1459 1882 1552 1908 τούτου
1566 1883 1627 1914 τοὺς
1645 1883 1807 1915 νεολέκτους
1819 1885 1856 1915 εἰς

1063 1926 1164 1962 ἀρετὴν
1177 1926 1291 1961 εὐψυχίᾳ
1311 1926 1357 1953 καὶ
1381 1925 1461 1963 ῥώμῃ
1482 1928 1648 1964 φρονήσεως,
1667 1928 1781 1955 ὁπλίσαι
1795 1930 1857 1961 τοὺς

1063 1973 1214 2007 ἀγωνιστὰς
1230 1973 1359 2009 ἀνδρείως
1373 1973 1443 2009 ὑπὲρ
1456 1974 1507 2009 τῆς
1521 1974 1659 2007 εὐσεϐείας
1675 1975 1780 2008 ἀθλεῖν,
1794 1976 1857 2011 ἀφέ-

1064 2027 1143 2054 μενος
1159 2019 1273 2051 ἐκείνου,
1288 2018 1432 2055 μετεώρως
1450 2020 1491 2051 εἰς
1514 2020 1548 2047 τὰ
1565 2019 1618 2047 τῶν
1638 2020 1797 2057 θυγατέρων
1811 2023 1855 2057 όρ-

1064 2065 1152 2100 μήσας
1168 2065 1287 2100 ὀνόματα
1312 2065 1457 2101 κατετρίΰη
1480 2065 1620 2101 γραωόὦς.
1640 2066 1710 2092 Ἀλλ’
1738 2065 1784 2094 οἷα
1807 2069 1855 2103 μὲν

1063 2111 1231 2147 ἐφλυάρησεν
1247 2111 1287 2143 είς
1302 2112 1332 2138 τὺ
1347 2111 1402 2145 τῆς
1416 2111 1537 2146 Ἡμέρας
1552 2112 1636 2147 δνομα
1648 2113 1785 2149 ὁρμήσας,
1809 2115 1855 2140 καί

1061 2157 1198 2190 Κασσίιις
1214 2157 1283 2193 ἤτοι,
1308 2158 1355 2184 καὶ
1373 2157 1405 2184 τὸ
1421 2157 1476 2192 τῆς
1494 2158 1661 2192 Ἀμαλθείας
1677 2159 1778 2194 κέρας,
1795 2161 1853 2187 οὺᾶὲ

1063 2202 1151 2236 λέγειν
1165 2201 1219 2229 οἷόν
1236 2211 1280 2229 τε’
1298 2202 1396 2238 χλεύης
1415 2203 1469 2238 γὰρ
1489 2203 1547 2230 ἐστι
1567 2205 1698 2237 παντοίας
1719 2207 1852 2235 ἀνάπλεα.

1063 2249 1130 2284 Περὶ
1141 2249 1169 2275 δὲ
1185 2248 1231 2275 τοῦ
1244 2248 1369 2284 Λαζάρου
1387 2249 1485 2285 γράφω
1499 2249 1566 2286 (i6).
1586 2251 1657 2278 Ἀντὶ
1680 2252 1728 2279 τοῦ
1743 2253 1852 2286 δοξάσαι

1061 2295 1111 2331 τὴν
1126 2295 1172 2322 τοῦ
1188 2295 1305 2331 Χριστοῦ
1327 2295 1525 2332 μεγαλουργίαν
1541 2298 1588 2324 καὶ
1602 2297 1644 2324 διὰ
1660 2298 1764 2326 τούτων
1787 2301 1853 2328 ἀπο-

1061 2341 1145 2374 δεῖξαι
1161 2341 1263 2376 σαφῶς,
1273 2341 1314 2368 ὅτι
1327 2342 1391 2374 Θεός
1404 2343 1486 2375 ἐστιν,
1497 2343 1511 2369 ό
1525 2343 1570 2371 τὸν
1585 2344 1700 2372 ὀδωδότα
1712 2346 1809 2382 νεκρὸν
1821 2348 1852 2373 ἐκ

1061 2387 1115 2414 τῶν
1130 2388 1278 2424 μνημάτων
1291 2387 1399 2424 ἐξουσίᾳ
1416 2389 1671 2425 μεταπεμψάμενος,
1691 2392 1741 2419 καὶ
1758 2394 1791 2428 τῇ
1807 2393 1852 2420 τοῦ

1065 2434 1186 2469 ῥήματος
1209 2435 1306 2469 ἀφέσει
1329 2434 1363 2461 τὰ
1389 2435 1536 2471 διῳδηκότα
1562 2436 1675 2471 σώματα
1700 2438 1831 2474 ψυχώσας
1844 2461 1851 2471 ,

1063 2481 1138 2507 οὐδὲν
1154 2481 1203 2516 μὲν
1226 2481 1306 2508 ἕνεκα
1329 2481 1424 2508 τούτου
1440 2481 1537 2516 λέγων,
1555 2482 1677 2519 Λάζαρον
1694 2484 1724 2511 δὲ
1747 2485 1792 2511 τὸν
1806 2485 1850 2512 τοῦ

1063 2527 1165 2562 Κυρίου
1182 2527 1268 2562 φίλον,
1287 2527 1316 2553 ὃν
1335 2528 1383 2554 οὐκ
1406 2527 1558 2560 ἀπεικότως
1572 2528 1666 2564 ἠγάπα
1684 2530 1718 2557 δι’
1741 2532 1849 2567 ἀρετὴν,

1062 2573 1102 2604 είς
1127 2571 1172 2599 τὸν
1194 2572 1356 2600 ἀσθενοῦντα
1381 2573 1427 2600 καὶ
1446 2573 1592 2602 τεθνειῶτα
1615 2577 1675 2605 ταῖς
1702 2576 1851 2612 ἁμαρτίαις

1061 2618 1209 2653 ἀνήγαγεν.
1230 2618 1322 2651 οὐδεὶς
1341 2618 1368 2645 δὲ
1390 2618 1461 2646 κατὰ
1473 2619 1520 2647 τοῦ
1539 2620 1640 2648 δικαίου
1656 2622 1748 2649 τιῡτα
1765 2620 1849 2654 εἶπεν,

1075 2699 1097 2714 ⁴¹
1111 2697 1162 2725 Job
1174 2706 1240 2732 xui,
1257 2699 1300 2726 ﬂ.
1340 2699 1362 2715 "
1376 2698 1457 2726 Joan.
1482 2707 1509 2727 xi
1526 2719 1532 2731 ,
1548 2700 1592 2727 45.

1063 2778 1158 2816 scribit
1172 2778 1340 2816 ypdtpwv,_de
1348 2777 1464 2816 Qrigene
1478 2784 1590 2804 vernum
1605 2779 1676 2816 istud
1692 2781 1848 2816 accipiens;

1061 2813 1155 2853 sicque
1167 2813 1254 2853 reddit
1269 2822 1275 2840 :
1295 2813 1332 2839 De
1347 2813 1451 2840 Lazaro
1471 2819 1557 2840 autent
1576 2815 1691 2842 scribens
1705 2813 1851 2853 Origenes,

1060 2857 1117 2876 cum
1133 2849 1272 2880 debuisset,
1286 2852 1337 2876 etc.
