1909 3071
64 101 131 129 657

531 103 576 131 DE
595 103 889 132 ENGASTRIMYTIIO
908 102 1047 131 CONTRA
1068 101 1255 130 ORIGENEM.

1660 99 1712 128 658

63 159 133 187 οὒτ’
153 159 290 195 ἔγραψεν·
306 161 337 187 οὐ
357 161 412 198 γὰρ
434 162 467 189 ἂν
481 161 566 194 οὕτως
585 163 704 198 ἀκρίτως
719 163 773 198 (17)
788 162 871 198 ἔστερ

914 162 1002 194 ,tulit.
1020 161 1086 195 Qum
1101 168 1181 188 nemo
1195 160 1229 189 de
1240 160 1315 195 justo
1329 164 1375 188 aut
1388 159 1466 193 dixit,
1489 163 1535 187 aut
1554 159 1624 187 dicta
1643 160 1711 186 scri-

63 214 124 233 γεν
137 207 156 232 ὁ
168 205 271 241 Κύριος
279 206 371 239 αὑτὸν,
384 207 408 233 εί
420 206 457 243 μὴ
469 207 613 240 θεσπεσίας
623 208 724 244 ἐξῆπτο
732 208 876 240 πολιτείας.

64 252 136 279 υῦκ
153 251 267 278 ἔλαττον
279 252 307 278 δὲ
321 253 368 280 καὶ
383 253 413 280 τὸ
425 254 475 289 τῆς
489 254 639 286 λιθοϐολίας
653 255 744 290 δρᾶμα
758 255 876 291 θεωρῶν,

65 298 179 334 ἐπειδὴ
198 299 245 325 καὶ
263 299 342 326 τοῦτο
363 301 489 336 πειρᾶται
509 301 716 338 τροπολογῆσαι,
735 301 781 328 τοῦ
798 302 878 336 εὐαγ-

65 345 194 378 γελικοῦ
210 346 406 382 καταψεύδεται
422 349 598 384 γράμματος·
617 350 658 376 οὺ
682 348 761 375 πάνυ
778 357 815 380 τι,
832 349 876 375 λέ-

64 398 144 424 γων,
161 390 298 426 εὕρομεν,
310 391 490 426 ζητήσαντες
503 393 537 420 ἐν
551 393 613 427 τοῖς
628 394 686 428 πρὸ
701 394 817 426 τούτου,
832 395 876 422 ὅτι

64 435 256 464 ἐϐάστασαν
270 439 297 464 οι
318 438 449 465 Ἰουδαῖοι
461 441 566 472 λίθους
577 440 628 466 ἵνα
642 439 809 467 λιθάσωσιν
821 441 875 468 αὐ-

66 482 145 508 τόν·
164 479 225 509 εἶτα
243 484 302 518 μετ’
316 483 394 518 ὀλίγα
405 484 486 520 φησίν
496 493 502 499 ”
517 485 550 511 Et
568 485 623 520 γὰρ
638 485 732 512 πάλιν
748 485 875 513 ἐϐάστα-

66 535 149 559 σαν,
170 529 319 563 πρότερον
332 530 513 558 ἐϐάστασαν
531 532 586 559 ἀνω
598 532 626 558 δὲ
638 532 684 559 καὶ
695 533 769 559 κάτω
784 532 875 568 βούλε-

65 582 116 600 ται
132 575 344 602 κατασκεύασαι
360 576 396 612 μὴ
418 577 596 613 προηγεῖσθαι
617 579 663 605 καὶ
678 578 760 614 ἄλλην
774 579 874 614 ὁμοίως

65 620 205 655 ἐκδοχὴν,
219 621 263 648 ἵνα
276 622 445 656 συστήσειεν,
456 624 497 650 ὅτι
509 623 614 658 λόγους,
628 624 684 651 ἀλλ’
698 625 757 660 οὐχὶ
772 625 871 658 λίθους,

65 666 234 694 ἐϐάστασαν
249 667 364 703 ἀμελητὶ
384 669 445 695 κατ’
467 669 565 696 αὑτοῦ·
587 670 674 697 καίτοι
695 670 742 697 τοῦ
759 671 873 706 εὐαγγε-

65 711 168 739 λιστοῦ
196 713 315 748 πρόσθεν
336 714 490 750 εἰρηκότος·
508 713 600 749 Ἦραν
622 714 679 744 οὖν
696 717 801 750 λίθους
822 718 875 744 ἵνα·

61 757 217 790 ,ϐάλωσιν
227 760 275 786 ἐπ’
290 761 392 788 αὐτόν.
409 761 452 793 Ὧς
464 761 492 788 δὲ
504 762 591 789 ταῦτα
606 763 779 799 προῦγραφεν
792 764 820 790 ὲν
832 763 870 799 τῷ

66 804 178 840 μεταξὺ
194 805 275 832 πέντε
288 815 339 833 που
352 807 398 834 καὶ
408 808 553 844 τριάκοντα
565 809 632 845 πρὸς
641 811 697 841 τοῖς
709 809 804 844 ἑκατὸν
818 810 870 837 στί-

64 859 136 885 χους
157 850 294 886 ὑπερϐὰς,
318 852 442 888 ἐπιφέρει
461 853 800 887 προσθείς-Ἐϐάστασαν
813 852 870 882 οὖν

64 898 93 923 ol
114 897 255 924 Ἰουδαῖοι
276 898 381 932 λίθους
402 899 451 926 ἵνα
477 900 644 927 λιθάσωσιν
665 901 767 928 αὐτόν.
790 901 869 928 Ἀλλὰ

62 942 157 970 ταῦτα
176 943 227 979 μὲν
243 943 342 976 διττοῖς
364 944 570 980 ἀναγέγραπται
590 946 708 982 χωρίοις,
731 947 759 973 ὲν
777 947 869 982 διαφό-

64 997 126 1023 ροις
140 989 170 1015 δὲ
187 989 312 1024 φαίνεται
325 991 505 1026 πεπραγμένα
518 993 623 1026 καιροῖς
642 992 695 1019 ἀπὸ
706 992 753 1019 τοῦ
769 992 806 1029 μὴ
819 993 867 1024 τὰς

64 1035 156 1066 αὑτὰς
174 1035 248 1070 ἔχειν
270 1036 324 1063 τῶν
349 1036 477 1072 ῥημάτων
502 1037 652 1069 ἐπιπλοκὰς
679 1037 695 1073 ἢ
720 1037 864 1072 συζυγίας’

63 1081 124 1107 ἀλλ’
143 1081 298 1117 Ὠριγένηςι
322 1084 336 1109 ὸ
357 1082 446 1114 πάσας
467 1083 589 1118 οἰόμενος
610 1081 709 1110 έίδέναι
727 1084 777 1116 τὰς
797 1085 867 1120 Γρα-

64 1126 131 1160 φεὶς,
147 1127 200 1153 οὐκ
221 1127 325 1161 ἀνέγνω
341 1128 419 1154 τοῦτο
435 1128 482 1154 καὶ
503 1128 590 1155 ταῦτα
610 1128 723 1164 γράφων
747 1129 784 1161 ὡς
807 1129 866 1156 ὅλον

62 1173 136 1208 ὁμοῦ
151 1173 186 1199 τὸ
198 1174 363 1208 Εὑαγγέλιον
377 1175 424 1201 ὲπὶ
439 1174 547 1208 λέξεως.

100 1262 188 1290 XXII.
205 1263 238 1290 Εἰ
251 1263 279 1290 δέ
293 1273 335 1296 τις
346 1264 530 1300 ὑπολαμϐάνει
541 1264 628 1291 ταῦτα
641 1264 767 1291 πλάττειν
779 1265 861 1300 ἡμᾶς,

63 1311 164 1342 αὑταῖς
172 1312 233 1342 ταῖς
244 1311 435 1346 εὐαγγελικαῖς
446 1311 565 1346 ἐντυχὼν
579 1312 741 1346 ἀποφάσεσι,
750 1311 864 1343 καὶτοῖς

64 1356 261 1392 ἐμπονηθεῖσιν
272 1357 345 1393 αὑτῷ
357 1358 420 1394 περὶ
431 1357 510 1385 τοῦτο
524 1358 736 1393 σπουδάσμασιν,
751 1358 863 1394 εὑρήσει

66 1403 151 1438 μηδὲν
161 1404 237 1438 ἡμᾶς
249 1403 388 1439 εἰρηκέναι
399 1403 506 1439 ψευδές.
524 1404 604 1431 Ἀλλὰ
616 1414 642 1432 τι
652 1405 691 1431 δεῖ
707 1405 862 1442 περαιτέρω

63 1448 174 1482 λέγειν;
194 1449 321 1476 Ἀπαντα
334 1449 394 1485 μὲν,
410 1449 448 1482 ὡς
459 1449 523 1482 ἔπος
538 1451 634 1484 εἰπεῖν,
650 1452 682 1478 ὲκ
692 1451 747 1478 τῶν
761 1451 861 1486 ὀνομά-

64 1502 119 1521 ⁴των
134 1495 305 1531 ἀλληγορῶν,
318 1496 425 1532 ἀναιρεί
442 1497 491 1529 τὰς
503 1498 558 1524 τῶν
577 1497 747 1533 πραγμάτων
765 1498 862 1524 ὑποθέ-

67 1549 134 1573 σεις,
151 1541 214 1568 οὐδὲ
232 1541 310 1568 τοῦτο
328 1542 437 1575 ἐννοῶν,
454 1544 495 1570 ὅτι
510 1543 606 1571 πολλαὶ
630 1544 680 1579 μέν
699 1545 767 1571 εἰσιν
788 1545 861 1580 ὁμω-

66 1587 159 1622 νυμίαι
176 1587 288 1615 δικαίων
305 1588 345 1623 ἡδ’
361 1589 471 1621 ἀδίκων,
489 1590 539 1620 οὐχ
559 1589 615 1617 οἷόν
635 1599 665 1617 τε
680 1591 715 1626 ξδὲ
731 1591 779 1623 τὰς
797 1592 860 1618 ἀνο-

67 1634 159 1669 μοίους
174 1634 222 1660 τοῦ
236 1634 294 1670 βίου
318 1635 455 1668 πολιτείας
473 1636 507 1663 ὲκ
519 1635 565 1663 τοῦ
586 1636 645 1669 ἑνὸς
656 1637 786 1669 ὡσαύτως
802 1637 860 1664 ὀνό-

67 1689 151 1715 ματος
168 1680 323 1715 κρίνεσθαι·
345 1680 403 1707 ἔστι
419 1681 485 1715 γοῦν
510 1681 608 1714 Ἰούδας
625 1684 639 1709 ὁ
654 1683 796 1718 προδότης,
811 1683 858 1710 καὶ

66 1726 178 1762 θάτερος
197 1726 298 1758 Ἰούδας
317 1727 478 1760 ἀπόστολος·
507 1728 524 1763 ἢ
549 1725 583 1755 αὗ
613 1729 694 1756 πάλιν
723 1730 858 1765 Ζαχαρίας

65 1770 232 1803 ἀδικώτατος
257 1771 392 1806 βασιλεὺς,
415 1774 462 1800 καὶ
485 1773 624 1809 Ζαχαρίας
641 1774 734 1810 ἕτερος
753 1775 768 1801 6
791 1784 857 1811 προ-

65 1817 163 1852 φήτης.
185 1818 221 1843 Οὔ
236 1817 289 1853 μὴν
301 1818 368 1845 ἀλλά
383 1820 428 1846 καὶ
444 1820 459 1846 6
473 1819 581 1855 βληθεὶς
597 1821 626 1846 ὲν
692 1821 799 1856 καμίνῳ
811 1822 857 1848 τοῦ

65 1863 150 1899 πυρὸς
169 1863 306 1896 Ἀνανίας·
321 1863 418 1891 ἔστιδὲ
441 1865 516 1901 παρὰ
528 1865 621 1891 τοῦτον
639 1865 718 1897 ἄλλος
734 1866 857 1898 ’Λνανίας

64 1911 79 1936 ὁ
95 1908 200 1937 διώκων
224 1911 272 1946 μὲν
294 1910 343 1946 τὴν
365 1911 528 1946 Ἐκκλησίαν
549 1911 608 1938 ἀντὶ
634 1911 681 1938 τοῦ
701 1911 855 1944 διώκεσθαι,

65 1955 240 1990 προστάττων
268 1955 297 1981 δὲ
318 1955 466 1982 τύπτεσθαι
492 1956 538 1983 τὸν
557 1956 735 1989 Ἀπόστειλον,
763 1954 786 1991 ᾧ
811 1958 857 1985 καὶ

65 2002 228 2037 καταντικρὺ
243 2001 311 2037 πρὸς
323 2001 388 2033 ἔπος
406 2003 421 2028 6
445 2001 551 2034 Παῦλος
568 2002 783 2037 ἁντεφθὲγξατο’
805 2004 856 2030 Τύ-

65 2054 150 2074 πτειν
167 2056 203 2075 σε
214 2048 320 2083 μέλλει
342 2050 359 2075 ὁ
375 2048 458 2082 Θεὸς,
474 2049 556 2083 τοῖχε
578 2049 786 2084 κεκονιαμένε·
806 2050 855 2078 καὶ

65 2092 105 2119 σὺ
119 2092 193 2128 κάθῃ
208 2093 307 2127 κρῖναί
319 2102 358 2128 με
373 2095 448 2129 μετὰ
466 2094 520 2121 τὸν
538 2095 644 2130 νόμον,
659 2095 709 2122 καὶ
724 2102 854 2130 παρανο-

65 2138 128 2174 μῶν
137 2147 174 2172 με
185 2139 320 2172 κελεύεις
333 2140 514 2172 τύπτεσθαι;
530 2139 679 2176 Τοιγαροῦν
700 2140 779 2177 εἴπερ
797 2141 854 2168 ὀνό-

931 208 984 243 ptis
999 207 1154 242 mandavit;
1171 215 1259 242 neque
1273 206 1345 234 enim
1360 214 1419 234 eum
1436 211 1490 234 tam
1516 206 1605 234 valido
1618 213 1711 234 amore

929 253 1061 282 Dominus
1077 257 1238 290 prosecutus
1260 253 1356 281 fuisset
1368 273 1375 285 .
1402 253 1455 280 nisi
1469 253 1530 281 vita:
1545 253 1614 280 ratio
1628 260 1710 288 quam

928 300 1106 335 proﬁtebatur
1121 301 1212 328 divina
1228 300 1333 328 fuisset.
1349 298 1441 334 Neque
1455 300 1545 328 minus
1565 301 1624 332 his,
1644 300 1709 327 dum

927 346 1100 381 Iapidationis
1124 346 1225 374 factum
1245 346 1419 382 speculatur,
1443 346 1509 373 illud
1527 347 1608 374 etiam
1630 354 1662 373 ac
1684 346 1706 374 si

927 400 974 427 per
987 397 1080 428 tropos
1094 392 1195 420 factum
1212 392 1240 419 in
1254 392 1333 419 aliam
1348 392 1507 420 sententiam
1532 392 1645 419 educere
1659 393 1709 420 ob—

926 439 1026 471 nitens,
1043 438 1071 466 in
1085 438 1247 474 evangelicis
1267 438 1358 465 verbis
1374 437 1442 465 mire
1459 438 1588 465 mentitur
1602 448 1607 465 ι
1625 438 1706 470 Licet,

925 484 1014 519 inquit
1025 504 1032 516 ,
1053 484 1164 510 multum
1181 485 1338 518 perscrutati
1354 484 1492 519 fuerimus,
1508 483 1621 510 nondum
1636 484 1708 510 inve.

925 531 1012 557 nimus
1027 531 1054 557 in
1073 530 1113 557 liis
1128 538 1185 565 qua:
1198 531 1295 564 scripta
1307 537 1379 561 sunt,
1391 529 1499 557 Judazos
1514 530 1655 564 arripuisse
1665 530 1706 556 Ia-

923 575 996 610 pides
1013 580 1041 602 ut
1055 576 1082 603 in
1098 575 1173 602 illum
1189 576 1334 610 injicerent.
1352 576 1384 602 Et
1397 576 1490 611 paucis
1502 577 1619 604 additis:
1637 576 1708 604 Nam

923 624 947 650 si
962 623 1056 650 iterum
1069 627 1265 656 (resumpserunt
1278 642 1286 653 .
1314 623 1388 656 prius
1415 627 1623 657 assumpserunt.
1646 622 1709 650 Vult

923 673 1012 698 autem
1028 675 1083 696 tum
1098 670 1124 696 in
1140 669 1327 704 superioribus
1349 673 1405 695 tum
1427 669 1455 696 in
1478 669 1653 698 inferioribus
1669 671 1708 698 nil

922 715 976 743 tale
984 715 1167 750 praecessisse,
1177 719 1205 741 ut
1213 714 1308 749 probet
1315 722 1360 742 eos
1369 713 1461 746 verba,
1473 713 1520 741 sed
1527 722 1582 742 non
1592 714 1706 750 lapides,

922 760 1103 795 assumpsisse
1122 766 1265 794 perperam
1290 759 1318 786 in
1335 758 1426 792 illum;
1444 762 1472 786 et
1486 763 1576 786 tamen
1591 767 1707 795 evange-

922 805 984 833 lista
1004 805 1081 841 prius
1099 805 1182 832 dixit:
1196 803 1322 830 Tulerunt
1334 804 1417 839 igitur
1430 803 1530 838 lapides
1548 809 1577 831 ut
1588 804 1707 838 jacerent

886 840 906 867 Β
920 850 947 877 in
961 849 1036 877 illum
1050 850 1082 876 ⁸⁵.
1111 849 1176 883 Quae
1190 849 1234 877 ubi
1253 849 1418 884 scripsisset,
1434 854 1543 877 centum
1555 854 1582 878 et
1597 851 1706 886 triginta

920 897 1040 932 quinque
1055 895 1198 924 versiculis
1211 896 1359 931 interjectis
1370 916 1377 928 ,
1401 896 1492 923 subdit
1508 905 1514 924 :
1535 896 1706 924 Sustulerunt

919 945 1006 980 itaque
1030 942 1120 971 Juda'i
1145 942 1243 977 Lapides
1268 948 1296 969 ut
1311 942 1459 977 lapidurent
1475 943 1561 977 ipsum
1584 943 1617 970 "‘.
1642 943 1705 971 "(ec

918 989 1027 1024 quidem
1042 989 1142 1023 duplici
1155 990 1214 1016 loco
1225 988 1361 1023 descripta
1370 992 1445 1021 sunt,
1455 989 1626 1024 diversisque
1636 993 1704 1017 tem-

918 1036 1030 1071 poribus
1046 1039 1122 1071 gesta
1137 1040 1277 1071 apparent,
1290 1035 1362 1070 quod
1378 1043 1434 1062 non
1456 1035 1574 1063 habeant
1590 1036 1701 1063 eosdem

918 1081 1062 1110 verborum
1089 1089 1175 1109 nexus
1202 1082 1244 1109 vel
1260 1082 1477 1116 conjunctiones.
1495 1082 1548 1109 Sed
1570 1080 1702 1118 Origenes

916 1129 986 1163 ipse,
997 1128 1043 1163 qui
1061 1135 1090 1156 se
1103 1127 1259 1163 Scripturas
1271 1135 1365 1155 omnes
1378 1131 1471 1156 tenere
1485 1129 1632 1159 existimat.
1645 1129 1702 1156 haec

916 1174 1051 1206 scribens,
1066 1182 1121 1202 non
1132 1174 1258 1209 cognovit
1270 1178 1355 1200 totum
1372 1173 1399 1201 id
1417 1174 1553 1209 Evangelii
1570 1176 1701 1210 scriptum

916 1220 948 1247 ad
963 1219 1092 1247 litteram.

950 1265 1032 1293 XXII.
1053 1265 1138 1293 Porro
1155 1266 1177 1293 si
1192 1265 1253 1301 quis
1267 1265 1324 1293 IRBC
1338 1274 1388 1294 nos
1405 1266 1533 1301 efﬁngere
1542 1266 1679 1294 existimat
1691 1286 1699 1298 ,

915 1312 1057 1340 sententiis
1087 1311 1252 1348 evangelicis
1282 1312 1427 1347 perlectis,
1454 1312 1581 1348 illiusque
1607 1313 1701 1340 ineas

913 1358 1132 1390 commentariis,
1148 1358 1183 1386 ab
1206 1358 1282 1385 omni
1298 1365 1349 1385 nos
1369 1358 1534 1386 abstinuisse
1559 1357 1700 1385 mendacio

913 1404 1070 1439 comperiet.
1086 1403 1156 1437 Quid
1171 1403 1233 1431 inde
1247 1412 1316 1439 opus
1327 1408 1370 1432 est
1386 1405 1457 1432 ultra
1473 1404 1621 1440 progredi?
1634 1404 1700 1432 0m-

912 1449 968 1481 nia,
982 1453 1011 1476 ut
1034 1448 1118 1477 verbo
1138 1448 1297 1484 expediam,
1327 1450 1463 1484 allegoriis
1481 1457 1514 1477 ex
1541 1449 1698 1477 nominibus

913 1495 1063 1530 desumptis
1077 1494 1198 1529 exponit,
1214 1502 1306 1522 rerum
1323 1500 1482 1530 argumenta
1498 1496 1530 1523 de
1543 1496 1631 1523 medio
1645 1497 1698 1523 tol-

912 1540 957 1574 lit;
981 1548 1071 1576 neque
1091 1540 1158 1568 illud
1177 1541 1340 1576 percipiens,
1358 1541 1458 1569 multas
1477 1550 1538 1570 esse
1560 1542 1697 1577 justoruni

910 1590 937 1614 et
954 1586 1119 1622 injustorum
1133 1586 1243 1615 easdem
1259 1587 1495 1616 denominationes
1506 1608 1513 1620 ,
1534 1596 1621 1623 neque
1639 1588 1697 1616 ﬁeri

910 1640 991 1667 posse
1005 1637 1035 1660 ut
1044 1633 1158 1661 diversae
1169 1636 1231 1661 vitae
1246 1633 1367 1662 rationes
1383 1634 1417 1661 ab
1431 1642 1484 1661 uno
1499 1635 1609 1662 nomine
1619 1635 1696 1662 simi~

910 1680 972 1707 liter
984 1679 1178 1715 dijudicentur.
1189 1679 1235 1707 Est
1248 1679 1339 1715 itaque
1346 1679 1360 1707 J
1364 1680 1430 1708 udas
1439 1680 1571 1715 proditor,
1587 1686 1615 1709 et
1628 1682 1696 1709 alter

908 1724 994 1753 Judas
1008 1726 1163 1761 apostolus;
1182 1725 1224 1753 vel
1243 1733 1364 1759 rursum,
1383 1725 1528 1754 Zacharias
1544 1734 1592 1754 rex
1623 1727 1695 1761 inju-

909 1772 1057 1804 stissimus,
1073 1775 1100 1799 et
1117 1771 1264 1799 Zacharias
1285 1771 1353 1798 aller
1373 1771 1514 1806 propheta.
1539 1771 1573 1799 Et
1598 1773 1644 1808 qui
1666 1773 1694 1800 in

908 1819 1046 1846 fornacem
1072 1817 1142 1853 ignis
1165 1818 1282 1852 injectus
1296 1821 1357 1849 est,
1378 1817 1500 1846 Ananias
1525 1815 1691 1852 vocabatur;

908 1864 975 1890 alter
989 1867 1079 1890 autem
1093 1867 1135 1891 est
1148 1867 1246 1898 prmter
1260 1863 1332 1890 hunc
1347 1862 1467 1890 Ananias
1479 1863 1526 1898 qui
1541 1862 1693 1890 Ecclesium

907 1909 1130 1944 persequebatur,
1143 1915 1204 1936 cum
1221 1908 1280 1945 ipse
1297 1908 1387 1944 potius
1401 1909 1617 1944 persecutionem
1635 1910 1691 1944 pati

907 1954 1056 1988 debuisset,
1076 1955 1279 1991 imperabatque
1295 1959 1325 1983 ιιι
1342 1954 1434 1990 ﬂagris
1448 1955 1595 1983 caederetur
1618 1956 1691 1991 Apo-

907 2001 1004 2033 stolus,
1023 2001 1066 2028 cui
1082 2001 1109 2028 in
1121 2001 1217 2028 faciem
1234 2002 1267 2028 ad
1281 2001 1395 2029 verbum
1408 2000 1510 2028 Paulus
1523 2002 1563 2029 sic
1575 2009 1692 2036 respon-

906 2046 945 2073 dit
962 2055 968 2073 :
985 2045 1165 2073 Percussurus
1181 2051 1219 2073 est
1237 2050 1260 2073 te
1277 2045 1357 2078 Deus,
1375 2054 1449 2073 mure
1466 2042 1595 2074 dealbate.
1612 2046 1646 2074 Et
1662 2052 1690 2074 ιιι

905 2092 978 2120 sedes
989 2097 1013 2119 et
1023 2092 1132 2128 judicas
1145 2101 1186 2120 me
1199 2093 1342 2121 secundum
1357 2094 1448 2130 legem,
1466 2097 1491 2121 ει
1510 2098 1601 2120 contra
1623 2095 1690 2130 leges

904 2147 944 2166 me
952 2139 1030 2174 jubes
1041 2139 1142 2174 percuti
1158 2140 1201 2167 εει
1217 2139 1302 2175 Igitur
1315 2141 1338 2168 si
1352 2141 1463 2169 nomine
1486 2149 1531 2169 res
1554 2141 1619 2176 ipsa:
1633 2142 1690 2169 dis-

68 2193 129 2220 ματι
153 2185 185 2212 τὰ
210 2185 361 2221 πράγματα
385 2186 523 2222 κρίνεται,
554 2186 708 2221 λεγέτωσαν
742 2189 767 2216 οἱ
793 2188 871 2220 ταῖς]

914 2190 1065 2219 :ernuntur,
1081 2187 1128 2221 qui
1139 2187 1274 2216 similibus
1288 2188 1447 2224 tropologiis
1461 2188 1631 2219 incumbunt.
1646 2188 1688 2216 di-

66 2230 196 2263 τοιαύταις
215 2231 414 2267 ὲπερειδόμενοι
433 2232 637 2268 τροπολογίαις,
649 2233 728 2269 ὁποίᾳ
748 2233 850 2270 μεθόδῳ

66 2276 113 2308 τὰς
124 2277 263 2312 ἀνομοίους
280 2278 433 2314 ἐπιστήμας
451 2278 468 2314 ἢ
491 2278 633 2305 πολιτειῶν
655 2279 801 2314 ἀναγωγὰς
818 2280 850 2306 ἐκ

66 2323 114 2357 τῆς
127 2323 282 2358 ὁμωνυμίας
298 2324 419 2357 ἀξιοῦσιν
438 2325 609 2360 ἑρμηνεύειν.
631 2325 737 2360 Ἀμέλει
757 2325 848 2352 πολλοὶ

68 2369 114 2403 μὲν
124 2369 161 2395 ἔτι
174 2370 222 2396 καὶ
236 2370 354 2406 τήμερον
371 2371 489 2398 Ἰουδαῖοι
507 2372 685 2408 προπατόρων
707 2372 724 2407 ἢ
743 2380 848 2408 προφη-

66 2413 116 2441 τῶν
131 2414 246 2449 ὀνόματα
268 2414 425 2451 βαλλόμενοι
441 2417 540 2452 δρῶσιν
558 2417 688 2449 ἀθέμιτα·
714 2417 806 2444 πολλοὶ
819 2418 846 2445 δὲ

67 2460 110 2486 καὶ
120 2461 178 2496 παρ’
192 2460 304 2496 Ἕλλησι
315 2462 412 2498 Πέτροι
429 2463 476 2489 καὶ
486 2463 585 2491 Παῦλοι
595 2463 754 2499 καλούμενοι
764 2464 846 2500 πράτ-

66 2514 150 2533 τουσιν
167 2508 314 2542 ἀνήκεστα.
334 2509 374 2535 Τὰ
397 2509 447 2544 μὲν
458 2511 546 2537 τοίνυν
562 2511 680 2537 ὑπόκενα
692 2510 746 2537 τῶν
759 2510 846 2544 λόγων

73 2549 215 2585 Ὧριγένους
231 2551 280 2586 οὐχ
296 2551 395 2587 ἥκιστα
413 2554 458 2580 καὶ
474 2555 518 2582 διὰ
535 2555 585 2590 τῆς
598 2555 725 2591 τοιαύτης
739 2555 846 2583 ἁλίσκε-

67 2602 108 2620 ται
123 2595 297 2630 κουφολογίας
307 2606 313 2611 ·
336 2598 386 2624 ὃσα
404 2598 432 2625 δὲ
446 2599 494 2634 τῆς
510 2600 683 2633 ἀναστάσεως
700 2601 782 2629 ἕνεκα
795 2611 844 2628 κα-

903 2235 966 2259 cant
978 2239 1031 2267 qua
1051 2232 1178 2260 methodo
1192 2232 1314 2261 diversas
1326 2234 1455 2262 scientias
1467 2238 1513 2261 aut
1528 2234 1589 2261 vita:
1605 2234 1689 2262 ratio-

903 2285 954 2304 nes
965 2284 997 2305 ex
1018 2278 1113 2306 eodem
1128 2279 1239 2306 nomine
1258 2280 1403 2314 explicant.
1429 2281 1504 2308 Multi
1528 2281 1632 2308 scilicet
1659 2280 1686 2307 in

902 2323 974 2351 hunc
988 2323 1059 2351 diem
1076 2325 1279 2360 progenitorum
1297 2329 1343 2353 aut
1358 2326 1552 2361 prophetarum
1568 2326 1686 2353 nomini-

902 2369 953 2398 bus
981 2370 1103 2406 insigniti
1123 2370 1209 2400 Judaei
1230 2371 1276 2406 jus
1297 2373 1399 2399 violant
1422 2377 1448 2400 et
1477 2374 1559 2408 impie
1573 2374 1684 2406 vivunt;

899 2417 978 2444 multi
991 2417 1055 2445 item
1070 2421 1097 2445 et
1111 2418 1182 2454 apud
1191 2422 1285 2453 gentes
1299 2417 1372 2445 Petri
1388 2423 1414 2445 et
1429 2418 1505 2446 Pauli
1523 2419 1683 2454 nuneupati.

899 2463 1002 2492 nefarie
1016 2472 1072 2492 rem
1087 2472 1163 2492 suam
1179 2469 1285 2500 gerunt.
1299 2464 1390 2500 Itaque
1405 2465 1517 2493 Iutilitas
1534 2465 1684 2500 levitasque

900 2517 1057 2537 sermonum
1066 2508 1190 2545 Origenis
1201 2517 1254 2537 non
1265 2510 1356 2537 minus
1367 2518 1415 2545 per
1428 2511 1498 2537 hanc
1507 2510 1684 2546 vaniloquen-

899 2555 963 2582 tiam
976 2555 1196 2590 deprehenditur.
1208 2555 1273 2588 Qum
1289 2563 1370 2595 porro
1383 2557 1591 2584 resurrectionis
1601 2565 1682 2585 causa

899 2602 969 2630 male
981 2602 1102 2630 sentiens
1119 2602 1243 2635 intrudit,
1256 2603 1395 2637 publicare
1407 2611 1460 2631 non
1480 2607 1521 2631 est
1542 2606 1683 2638 praesentis

67 2640 172 2673 κώόξως
190 2642 349 2678 εἰσηγεῖται,
365 2644 481 2679 δηλῶσαι
506 2645 555 2680 μὲν
577 2647 622 2673 ἐπὶ
645 2647 691 2673 τοῦ
711 2648 843 2683 παρόντος

914 2649 1009 2685 ηθεοιὶί.
1030 2649 1189 2678 Methodius
1203 2651 1276 2678 enim
1292 2654 1394 2679 sanctae
1418 2651 1555 2679 memoriae
1571 2651 1598 2678 in
1615 2651 1682 2679 illud

101 2729 208 2757 “Jaan.
223 2738 283 2763 vtii,
297 2731 341 2759 59.
385 2732 407 2748 "
422 2732 503 2760 Joan.
519 2742 546 2766 ι,
563 2735 607 2763 51.
645 2736 736 2764 “Act.
754 2745 834 2770 xxiii,
850 2737 877 2765 3.

97 2821 147 2856 (I7)
165 2821 397 2855 ‘Axpttwcj'oi'te
413 2824 553 2857 ἐκκρίτως,
