  <div class='ocr_page' id='page_1' title='image "/cluster/home/n/w/nwhite01/storage/ocr_20150623/18/njp.32101077772455/535.png"; bbox 0 0 1909 3071; ppageno 0'>
   <div class='ocr_carea' id='block_1_1' title="bbox 240 127 292 154">
    <p class='ocr_par' dir='ltr' id='par_1_1' title="bbox 240 127 292 154">
     <span class='ocr_line' id='line_1_1' title="bbox 240 127 292 154; baseline 0 0"><span class='ocrx_word' id='word_1_1' title='bbox 240 127 292 154; x_wconf 81' lang='grc'><strong>659</strong></span> 
     </span>
    </p>
   </div>
   <div class='ocr_carea' id='block_1_2' title="bbox 713 125 1344 155">
    <p class='ocr_par' dir='ltr' id='par_1_2' title="bbox 713 125 1344 155">
     <span class='ocr_line' id='line_1_2' title="bbox 713 125 1344 155; baseline 0.002 -2"><span class='ocrx_word' id='word_1_2' title='bbox 713 126 741 154; x_wconf 91' lang='lat' dir='ltr'><strong>S.</strong></span> <span class='ocrx_word' id='word_1_3' title='bbox 763 125 947 154; x_wconf 82' lang='lat' dir='ltr'><strong>EUS&#39;l&#39;ATIIlI</strong></span> <span class='ocrx_word' id='word_1_4' title='bbox 967 126 1120 154; x_wconf 86' lang='lat' dir='ltr'><strong>EPISCOPI</strong></span> <span class='ocrx_word' id='word_1_5' title='bbox 1138 127 1344 155; x_wconf 82' lang='lat' dir='ltr'><strong>ANTIOCHENI</strong></span> 
     </span>
    </p>
   </div>
   <div class='ocr_carea' id='block_1_3' title="bbox 1811 127 1861 155">
    <p class='ocr_par' dir='ltr' id='par_1_3' title="bbox 1811 127 1861 155">
     <span class='ocr_line' id='line_1_3' title="bbox 1811 127 1861 155; baseline 0.02 -1"><span class='ocrx_word' id='word_1_6' title='bbox 1811 127 1861 155; x_wconf 78' lang='lat'><strong>660</strong></span> 
     </span>
    </p>
   </div>
   <div class='ocr_carea' id='block_1_4' title="bbox 241 183 1013 222">
    <p class='ocr_par' dir='ltr' id='par_1_4' title="bbox 241 184 1013 221">
     <span class='ocr_line' id='line_1_4' title="bbox 241 184 1013 221; baseline 0.003 -9"><span class='ocrx_word' id='word_1_7' title='bbox 241 185 382 220; x_wconf 77' lang='lat' dir='ltr'><strong>quaesitum</strong></span> <span class='ocrx_word' id='word_1_8' title='bbox 402 184 468 212; x_wconf 88' lang='lat' dir='ltr'><strong>satis</strong></span> <span class='ocrx_word' id='word_1_9' title='bbox 483 184 589 212; x_wconf 83' lang='lat' dir='ltr'><strong>abunde</strong></span> <span class='ocrx_word' id='word_1_10' title='bbox 613 185 732 220; x_wconf 78' lang='lat' dir='ltr'><strong>scripsit,</strong></span> <span class='ocrx_word' id='word_1_11' title='bbox 745 190 891 221; x_wconf 83' lang='lat' dir='ltr'><strong>aperteque</strong></span> <span class='ocrx_word' id='word_1_12' title='bbox 903 187 1013 214; x_wconf 57' lang='lat' dir='ltr'><strong>ostendit</strong></span> 
     </span>
    </p>
   </div>
   <div class='ocr_carea' id='block_1_5' title="bbox 1066 183 1862 222">
    <p class='ocr_par' dir='ltr' id='par_1_5' title="bbox 1072 183 1862 222">
     <span class='ocr_line' id='line_1_5' title="bbox 1072 183 1862 222; baseline 0.001 -10"><span class='ocrx_word' id='word_1_13' title='bbox 1072 187 1121 222; x_wconf 71' lang='grc' dir='ltr'><strong>οὐχ</strong></span> <span class='ocrx_word' id='word_1_14' title='bbox 1132 183 1187 213; x_wconf 76' lang='grc' dir='ltr'><strong>οἶόν</strong></span> <span class='ocrx_word' id='word_1_15' title='bbox 1204 195 1242 213; x_wconf 86' lang='grc' dir='ltr'>τε.</span> <span class='ocrx_word' id='word_1_16' title='bbox 1257 186 1382 218; x_wconf 85' lang='grc' dir='ltr'>Μεθόδιος</span> <span class='ocrx_word' id='word_1_17' title='bbox 1398 185 1450 222; x_wconf 75' lang='grc' dir='ltr'>γὰρ</span> <span class='ocrx_word' id='word_1_18' title='bbox 1470 186 1484 212; x_wconf 76' lang='grc' dir='ltr'>ὁ</span> <span class='ocrx_word' id='word_1_19' title='bbox 1500 186 1549 221; x_wconf 84' lang='grc' dir='ltr'>τῆς</span> <span class='ocrx_word' id='word_1_20' title='bbox 1563 186 1643 220; x_wconf 86' lang='grc' dir='ltr'>ἁγίας</span> <span class='ocrx_word' id='word_1_21' title='bbox 1659 186 1734 218; x_wconf 74' lang='grc' dir='ltr'>ἄξιος</span> <span class='ocrx_word' id='word_1_22' title='bbox 1753 184 1862 220; x_wconf 76' lang='grc' dir='ltr'>μνήμης</span> 
     </span>
    </p>
   </div>
   <div class='ocr_carea' id='block_1_6' title="bbox 240 230 1022 266">
    <p class='ocr_par' dir='ltr' id='par_1_6' title="bbox 240 230 1022 266">
     <span class='ocr_line' id='line_1_6' title="bbox 240 230 1022 266; baseline 0.003 -9"><span class='ocrx_word' id='word_1_23' title='bbox 240 231 311 266; x_wconf 86' lang='lat' dir='ltr'><strong>quod</strong></span> <span class='ocrx_word' id='word_1_24' title='bbox 325 230 447 258; x_wconf 69' lang='lat' dir='ltr'><strong>bmresim</strong></span> <span class='ocrx_word' id='word_1_25' title='bbox 462 230 650 258; x_wconf 82' lang='lat' dir='ltr'><strong>aﬂ‘ectantibus</strong></span> <span class='ocrx_word' id='word_1_26' title='bbox 668 238 762 259; x_wconf 83' lang='lat' dir='ltr'><strong>ansam</strong></span> <span class='ocrx_word' id='word_1_27' title='bbox 786 233 931 266; x_wconf 63' lang='lat' dir='ltr'><strong>prmbuerit</strong></span> <span class='ocrx_word' id='word_1_28' title='bbox 952 234 1022 260; x_wconf 79' lang='lat' dir='ltr'><strong>male</strong></span> 
     </span>
    </p>
   </div>
   <div class='ocr_carea' id='block_1_7' title="bbox 240 276 1022 312">
    <p class='ocr_par' dir='ltr' id='par_1_7' title="bbox 240 276 1022 312">
     <span class='ocr_line' id='line_1_7' title="bbox 240 276 1022 312; baseline 0.003 -9"><span class='ocrx_word' id='word_1_29' title='bbox 240 276 383 308; x_wconf 82' lang='lat' dir='ltr'><strong>sentiendi,</strong></span> <span class='ocrx_word' id='word_1_30' title='bbox 400 276 427 303; x_wconf 91' lang='lat' dir='ltr'><strong>in</strong></span> <span class='ocrx_word' id='word_1_31' title='bbox 442 276 541 310; x_wconf 87' lang='lat' dir='ltr'><strong>specie.</strong></span> <span class='ocrx_word' id='word_1_32' title='bbox 555 283 609 303; x_wconf 89' lang='lat' dir='ltr'><strong>non</strong></span> <span class='ocrx_word' id='word_1_33' title='bbox 632 276 692 312; x_wconf 87' lang='lat' dir='ltr'><strong>ipso</strong></span> <span class='ocrx_word' id='word_1_34' title='bbox 712 284 826 312; x_wconf 85' lang='lat' dir='ltr'><strong>corpore</strong></span> <span class='ocrx_word' id='word_1_35' title='bbox 843 279 1022 305; x_wconf 87' lang='lat' dir='ltr'><strong>resurrectio-</strong></span> 
     </span>
    </p>
   </div>
   <div class='ocr_carea' id='block_1_8' title="bbox 239 322 1022 359">
    <p class='ocr_par' dir='ltr' id='par_1_8' title="bbox 239 322 1022 359">
     <span class='ocr_line' id='line_1_8' title="bbox 239 322 1022 359; baseline 0.005 -11"><span class='ocrx_word' id='word_1_36' title='bbox 239 331 299 350; x_wconf 88' lang='lat' dir='ltr'><strong>nem</strong></span> <span class='ocrx_word' id='word_1_37' title='bbox 315 323 372 350; x_wconf 87' lang='lat' dir='ltr'><strong>ﬁeri</strong></span> <span class='ocrx_word' id='word_1_38' title='bbox 392 322 585 350; x_wconf 81' lang='lat' dir='ltr'><strong>delerminans.</strong></span> <span class='ocrx_word' id='word_1_39' title='bbox 597 322 687 357; x_wconf 92' lang='lat' dir='ltr'><strong>Ipsum</strong></span> <span class='ocrx_word' id='word_1_40' title='bbox 704 331 767 350; x_wconf 91' lang='lat' dir='ltr'><strong>vero</strong></span> <span class='ocrx_word' id='word_1_41' title='bbox 781 324 918 359; x_wconf 83' lang='lat' dir='ltr'><strong>allegoriis</strong></span> <span class='ocrx_word' id='word_1_42' title='bbox 931 325 1022 352; x_wconf 83' lang='lat' dir='ltr'><strong>omnia</strong></span> 
     </span>
    </p>
   </div>
   <div class='ocr_carea' id='block_1_9' title="bbox 238 363 1022 404">
    <p class='ocr_par' dir='ltr' id='par_1_9' title="bbox 238 363 1022 404">
     <span class='ocr_line' id='line_1_9' title="bbox 238 363 1022 404; baseline 0.004 -9"><span class='ocrx_word' id='word_1_43' title='bbox 238 368 382 396; x_wconf 74' lang='lat' dir='ltr'><strong>invertisse</strong></span> <span class='ocrx_word' id='word_1_44' title='bbox 393 388 400 400; x_wconf 87' lang='lat'><strong>,</strong></span> <span class='ocrx_word' id='word_1_45' title='bbox 426 363 568 403; x_wconf 58' lang='lat' dir='ltr'><strong>pravaque</strong></span> <span class='ocrx_word' id='word_1_46' title='bbox 594 369 730 404; x_wconf 83' lang='lat' dir='ltr'><strong>opinionis</strong></span> <span class='ocrx_word' id='word_1_47' title='bbox 745 370 845 404; x_wconf 86' lang='lat' dir='ltr'><strong>ubique</strong></span> <span class='ocrx_word' id='word_1_48' title='bbox 860 371 964 398; x_wconf 80' lang='lat' dir='ltr'><strong>semina</strong></span> <span class='ocrx_word' id='word_1_49' title='bbox 979 371 1022 398; x_wconf 92' lang='lat' dir='ltr'><strong>in-</strong></span> 
     </span>
    </p>
   </div>
   <div class='ocr_carea' id='block_1_10' title="bbox 238 414 1021 450">
    <p class='ocr_par' dir='ltr' id='par_1_10' title="bbox 238 414 1021 450">
     <span class='ocr_line' id='line_1_10' title="bbox 238 414 1021 450; baseline 0.004 -9"><span class='ocrx_word' id='word_1_50' title='bbox 238 415 365 449; x_wconf 83' lang='lat' dir='ltr'><strong>gessisse,</strong></span> <span class='ocrx_word' id='word_1_51' title='bbox 383 414 462 441; x_wconf 81' lang='lat' dir='ltr'><strong>facile</strong></span> <span class='ocrx_word' id='word_1_52' title='bbox 476 414 587 449; x_wconf 84' lang='lat' dir='ltr'><strong>cognitu</strong></span> <span class='ocrx_word' id='word_1_53' title='bbox 615 419 673 448; x_wconf 92' lang='lat' dir='ltr'><strong>est;</strong></span> <span class='ocrx_word' id='word_1_54' title='bbox 699 415 851 450; x_wconf 65' lang='lat' dir='ltr'><strong>saepiusque</strong></span> <span class='ocrx_word' id='word_1_55' title='bbox 872 415 936 444; x_wconf 89' lang='lat' dir='ltr'><strong>hinc</strong></span> <span class='ocrx_word' id='word_1_56' title='bbox 958 417 1021 444; x_wconf 91' lang='lat' dir='ltr'><strong>inde</strong></span> 
     </span>
    </p>
   </div>
   <div class='ocr_carea' id='block_1_11' title="bbox 237 460 1020 496">
    <p class='ocr_par' dir='ltr' id='par_1_11' title="bbox 237 460 1020 496">
     <span class='ocr_line' id='line_1_11' title="bbox 237 460 1020 496; baseline 0.004 -9"><span class='ocrx_word' id='word_1_57' title='bbox 237 460 330 488; x_wconf 80' lang='lat' dir='ltr'><strong>eadem</strong></span> <span class='ocrx_word' id='word_1_58' title='bbox 346 461 528 488; x_wconf 89' lang='lat' dir='ltr'><strong>revolventem</strong></span> <span class='ocrx_word' id='word_1_59' title='bbox 545 467 577 488; x_wconf 90' lang='lat' dir='ltr'><strong>ac</strong></span> <span class='ocrx_word' id='word_1_60' title='bbox 604 465 769 496; x_wconf 88' lang='lat' dir='ltr'><strong>repetentem</strong></span> <span class='ocrx_word' id='word_1_61' title='bbox 781 481 789 494; x_wconf 92' lang='lat'><strong>,</strong></span> <span class='ocrx_word' id='word_1_62' title='bbox 816 466 903 489; x_wconf 84' lang='lat' dir='ltr'><strong>totum</strong></span> <span class='ocrx_word' id='word_1_63' title='bbox 927 463 1020 490; x_wconf 84' lang='lat' dir='ltr'><strong>orbem</strong></span> 
     </span>
    </p>
   </div>
   <div class='ocr_carea' id='block_1_12' title="bbox 236 506 1019 542">
    <p class='ocr_par' dir='ltr' id='par_1_12' title="bbox 236 506 1019 542">
     <span class='ocr_line' id='line_1_12' title="bbox 236 506 1019 542; baseline 0.003 -8"><span class='ocrx_word' id='word_1_64' title='bbox 236 506 381 534; x_wconf 86' lang='lat' dir='ltr'><strong>immodica</strong></span> <span class='ocrx_word' id='word_1_65' title='bbox 397 514 519 541; x_wconf 85' lang='lat' dir='ltr'><strong>vanaque</strong></span> <span class='ocrx_word' id='word_1_66' title='bbox 545 507 683 541; x_wconf 75' lang='lat' dir='ltr'><strong>loquentia</strong></span> <span class='ocrx_word' id='word_1_67' title='bbox 700 507 837 542; x_wconf 85' lang='lat' dir='ltr'><strong>implesse.</strong></span> <span class='ocrx_word' id='word_1_68' title='bbox 867 507 923 535; x_wconf 89' lang='lat' dir='ltr'><strong>Hac</strong></span> <span class='ocrx_word' id='word_1_69' title='bbox 949 509 1019 537; x_wconf 89' lang='lat' dir='ltr'><strong>dun-</strong></span> 
     </span>
    </p>
   </div>
   <div class='ocr_carea' id='block_1_13' title="bbox 236 552 1020 588">
    <p class='ocr_par' dir='ltr' id='par_1_13' title="bbox 236 552 1020 588">
     <span class='ocr_line' id='line_1_13' title="bbox 236 552 1020 588; baseline 0.004 -10"><span class='ocrx_word' id='word_1_70' title='bbox 236 557 310 578; x_wconf 82' lang='lat' dir='ltr'><strong>taxat</strong></span> <span class='ocrx_word' id='word_1_71' title='bbox 323 552 450 579; x_wconf 88' lang='lat' dir='ltr'><strong>methodo</strong></span> <span class='ocrx_word' id='word_1_72' title='bbox 464 560 495 579; x_wconf 81' lang='lat' dir='ltr'><strong>ex</strong></span> <span class='ocrx_word' id='word_1_73' title='bbox 513 560 587 580; x_wconf 90' lang='lat' dir='ltr'><strong>more</strong></span> <span class='ocrx_word' id='word_1_74' title='bbox 604 553 695 579; x_wconf 82' lang='lat' dir='ltr'><strong>omnia</strong></span> <span class='ocrx_word' id='word_1_75' title='bbox 711 553 812 588; x_wconf 87' lang='lat' dir='ltr'><strong>ubique</strong></span> <span class='ocrx_word' id='word_1_76' title='bbox 826 554 962 588; x_wconf 84' lang='lat' dir='ltr'><strong>allegoriis</strong></span> <span class='ocrx_word' id='word_1_77' title='bbox 977 555 1020 582; x_wconf 93' lang='lat' dir='ltr'><strong>in-</strong></span> 
     </span>
    </p>
   </div>
   <div class='ocr_carea' id='block_1_14' title="bbox 236 596 1021 635">
    <p class='ocr_par' dir='ltr' id='par_1_14' title="bbox 236 596 1021 635">
     <span class='ocr_line' id='line_1_14' title="bbox 236 596 1021 635; baseline 0.005 -12"><span class='ocrx_word' id='word_1_78' title='bbox 236 596 364 629; x_wconf 87' lang='lat' dir='ltr'><strong>farciens,</strong></span> <span class='ocrx_word' id='word_1_79' title='bbox 377 601 481 624; x_wconf 86' lang='lat' dir='ltr'><strong>tantum</strong></span> <span class='ocrx_word' id='word_1_80' title='bbox 492 597 703 633; x_wconf 86' lang='lat' dir='ltr'><strong>Engastrimythi</strong></span> <span class='ocrx_word' id='word_1_81' title='bbox 720 598 800 625; x_wconf 90' lang='lat' dir='ltr'><strong>verba</strong></span> <span class='ocrx_word' id='word_1_82' title='bbox 814 599 927 635; x_wconf 86' lang='lat' dir='ltr'><strong>ﬁgurate</strong></span> <span class='ocrx_word' id='word_1_83' title='bbox 940 601 1021 627; x_wconf 86' lang='lat' dir='ltr'><strong>extri-</strong></span> 
     </span>
    </p>
   </div>
   <div class='ocr_carea' id='block_1_15' title="bbox 234 643 1020 680">
    <p class='ocr_par' dir='ltr' id='par_1_15' title="bbox 234 643 1020 680">
     <span class='ocr_line' id='line_1_15' title="bbox 234 643 1020 680; baseline 0.006 -11"><span class='ocrx_word' id='word_1_84' title='bbox 234 650 297 669; x_wconf 86' lang='lat' dir='ltr'><strong>care</strong></span> <span class='ocrx_word' id='word_1_85' title='bbox 310 650 363 669; x_wconf 90' lang='lat' dir='ltr'><strong>non</strong></span> <span class='ocrx_word' id='word_1_86' title='bbox 378 643 474 677; x_wconf 88' lang='lat' dir='ltr'><strong>potuit,</strong></span> <span class='ocrx_word' id='word_1_87' title='bbox 491 651 579 678; x_wconf 87' lang='lat' dir='ltr'><strong>neque</strong></span> <span class='ocrx_word' id='word_1_88' title='bbox 594 643 652 679; x_wconf 85' lang='lat' dir='ltr'><strong>ipsa</strong></span> <span class='ocrx_word' id='word_1_89' title='bbox 663 652 755 671; x_wconf 86' lang='lat' dir='ltr'><strong>rerum</strong></span> <span class='ocrx_word' id='word_1_90' title='bbox 771 649 909 680; x_wconf 85' lang='lat' dir='ltr'><strong>gestarum</strong></span> <span class='ocrx_word' id='word_1_91' title='bbox 923 654 1020 674; x_wconf 85' lang='lat' dir='ltr'><strong>conse-</strong></span> 
     </span>
    </p>
   </div>
   <div class='ocr_carea' id='block_1_16' title="bbox 233 688 778 725">
    <p class='ocr_par' dir='ltr' id='par_1_16' title="bbox 233 688 778 725">
     <span class='ocr_line' id='line_1_16' title="bbox 233 688 778 725; baseline 0.006 -11"><span class='ocrx_word' id='word_1_92' title='bbox 233 688 345 722; x_wconf 75' lang='lat' dir='ltr'><strong>quentia</strong></span> <span class='ocrx_word' id='word_1_93' title='bbox 360 689 388 715; x_wconf 88' lang='lat' dir='ltr'><strong>in</strong></span> <span class='ocrx_word' id='word_1_94' title='bbox 404 689 492 716; x_wconf 87' lang='lat' dir='ltr'><strong>lucem</strong></span> <span class='ocrx_word' id='word_1_95' title='bbox 506 690 628 716; x_wconf 81' lang='lat' dir='ltr'><strong>veritatis</strong></span> <span class='ocrx_word' id='word_1_96' title='bbox 645 690 778 725; x_wconf 83' lang='lat' dir='ltr'><strong>proferre.</strong></span> 
     </span>
    </p>
   </div>
   <div class='ocr_carea' id='block_1_17' title="bbox 268 733 1019 771">
    <p class='ocr_par' dir='ltr' id='par_1_17' title="bbox 268 733 1019 771">
     <span class='ocr_line' id='line_1_17' title="bbox 268 733 1019 771; baseline 0.008 -11"><span class='ocrx_word' id='word_1_97' title='bbox 268 733 362 761; x_wconf 76' lang='lat' dir='ltr'>XXIII.</span> <span class='ocrx_word' id='word_1_98' title='bbox 383 734 453 767; x_wconf 86' lang='lat' dir='ltr'><strong>Quid</strong></span> <span class='ocrx_word' id='word_1_99' title='bbox 479 739 607 770; x_wconf 63' lang='lat' dir='ltr'><strong>prmterea</strong></span> <span class='ocrx_word' id='word_1_100' title='bbox 623 736 713 762; x_wconf 83' lang='lat' dir='ltr'><strong>attulit</strong></span> <span class='ocrx_word' id='word_1_101' title='bbox 733 736 863 771; x_wconf 80' lang='lat' dir='ltr'><strong>religione</strong></span> <span class='ocrx_word' id='word_1_102' title='bbox 879 738 932 765; x_wconf 83' lang='lat' dir='ltr'><strong>sibi</strong></span> <span class='ocrx_word' id='word_1_103' title='bbox 954 739 1019 766; x_wconf 90' lang='lat' dir='ltr'><strong>sub-</strong></span> 
     </span>
    </p>
   </div>
   <div class='ocr_carea' id='block_1_18' title="bbox 233 779 1019 816">
    <p class='ocr_par' dir='ltr' id='par_1_18' title="bbox 233 779 1019 816">
     <span class='ocr_line' id='line_1_18' title="bbox 233 779 1019 816; baseline 0.008 -10"><span class='ocrx_word' id='word_1_104' title='bbox 233 779 349 815; x_wconf 84' lang='lat' dir='ltr'><strong>terfugia</strong></span> <span class='ocrx_word' id='word_1_105' title='bbox 365 780 489 815; x_wconf 82' lang='lat' dir='ltr'><strong>ﬁngens?</strong></span> <span class='ocrx_word' id='word_1_106' title='bbox 504 781 571 808; x_wconf 89' lang='lat' dir='ltr'><strong>Cum</strong></span> <span class='ocrx_word' id='word_1_107' title='bbox 584 785 721 816; x_wconf 88' lang='lat' dir='ltr'><strong>spectrum</strong></span> <span class='ocrx_word' id='word_1_108' title='bbox 739 781 813 810; x_wconf 86' lang='lat' dir='ltr'><strong>Sauli</strong></span> <span class='ocrx_word' id='word_1_109' title='bbox 825 783 927 812; x_wconf 87' lang='lat' dir='ltr'><strong>dixisse</strong></span> <span class='ocrx_word' id='word_1_110' title='bbox 943 785 1019 812; x_wconf 87' lang='lat' dir='ltr'><strong>vide-</strong></span> 
     </span>
    </p>
   </div>
   <div class='ocr_carea' id='block_1_19' title="bbox 233 824 1016 860">
    <p class='ocr_par' dir='ltr' id='par_1_19' title="bbox 233 824 1016 860">
     <span class='ocr_line' id='line_1_19' title="bbox 233 824 1016 860; baseline 0.005 -9"><span class='ocrx_word' id='word_1_111' title='bbox 233 831 309 851; x_wconf 80' lang='lat' dir='ltr'><strong>retur</strong></span> <span class='ocrx_word' id='word_1_112' title='bbox 324 834 330 852; x_wconf 86' lang='lat'>:</span> <span class='ocrx_word' id='word_1_113' title='bbox 347 824 489 852; x_wconf 78' lang='lat' dir='ltr'><strong>Abscindet</strong></span> <span class='ocrx_word' id='word_1_114' title='bbox 501 825 629 852; x_wconf 77' lang='lat' dir='ltr'><strong>Dominus</strong></span> <span class='ocrx_word' id='word_1_115' title='bbox 643 834 749 860; x_wconf 83' lang='lat' dir='ltr'><strong>regnum</strong></span> <span class='ocrx_word' id='word_1_116' title='bbox 762 826 794 853; x_wconf 88' lang='lat' dir='ltr'><strong>de</strong></span> <span class='ocrx_word' id='word_1_117' title='bbox 812 835 892 854; x_wconf 83' lang='lat' dir='ltr'><strong>manu</strong></span> <span class='ocrx_word' id='word_1_118' title='bbox 917 833 962 855; x_wconf 86' lang='lat' dir='ltr'><strong>tua</strong></span> <span class='ocrx_word' id='word_1_119' title='bbox 975 828 1016 860; x_wconf 74' lang='lat'><strong>‘7;</strong></span> 
     </span>
    </p>
   </div>
   <div class='ocr_carea' id='block_1_20' title="bbox 1072 231 1863 268">
    <p class='ocr_par' dir='ltr' id='par_1_20' title="bbox 1072 231 1863 268">
     <span class='ocr_line' id='line_1_20' title="bbox 1072 231 1863 268; baseline -0.001 -10"><span class='ocrx_word' id='word_1_120' title='bbox 1072 232 1188 267; x_wconf 72' lang='grc' dir='ltr'>ἔγραψεν</span> <span class='ocrx_word' id='word_1_121' title='bbox 1202 232 1383 268; x_wconf 80' lang='grc' dir='ltr'><strong>ἀποχρώντως</strong></span> <span class='ocrx_word' id='word_1_122' title='bbox 1397 233 1437 263; x_wconf 73' lang='grc' dir='ltr'><strong>εἰς</strong></span> <span class='ocrx_word' id='word_1_123' title='bbox 1451 232 1508 258; x_wconf 85' lang='grc' dir='ltr'>τόδε</span> <span class='ocrx_word' id='word_1_124' title='bbox 1528 232 1559 258; x_wconf 79' lang='grc' dir='ltr'><strong>τὸ</strong></span> <span class='ocrx_word' id='word_1_125' title='bbox 1582 231 1724 267; x_wconf 78' lang='grc' dir='ltr'>θεώρημα,</span> <span class='ocrx_word' id='word_1_126' title='bbox 1747 232 1795 258; x_wconf 81' lang='grc' dir='ltr'><strong>καὶ</strong></span> <span class='ocrx_word' id='word_1_127' title='bbox 1815 231 1863 258; x_wconf 78' lang='grc' dir='ltr'>διέ-</span> 
     </span>
    </p>
   </div>
   <div class='ocr_carea' id='block_1_21' title="bbox 1069 277 1863 312">
    <p class='ocr_par' dir='ltr' id='par_1_21' title="bbox 1069 277 1863 312">
     <span class='ocr_line' id='line_1_21' title="bbox 1069 277 1863 312; baseline 0.001 -9"><span class='ocrx_word' id='word_1_128' title='bbox 1069 277 1140 310; x_wconf 77' lang='grc' dir='ltr'>δειξε</span> <span class='ocrx_word' id='word_1_129' title='bbox 1153 286 1185 311; x_wconf 87' lang='grc' dir='ltr'><strong>γε</strong></span> <span class='ocrx_word' id='word_1_130' title='bbox 1200 278 1308 312; x_wconf 81' lang='grc' dir='ltr'>φανδὺν,</span> <span class='ocrx_word' id='word_1_131' title='bbox 1323 278 1363 304; x_wconf 86' lang='grc' dir='ltr'>ὅτι</span> <span class='ocrx_word' id='word_1_132' title='bbox 1382 279 1438 308; x_wconf 81' lang='grc' dir='ltr'>τοῖς</span> <span class='ocrx_word' id='word_1_133' title='bbox 1459 277 1631 312; x_wconf 77' lang='grc' dir='ltr'>αἱρεσιώταις</span> <span class='ocrx_word' id='word_1_134' title='bbox 1649 277 1734 303; x_wconf 79' lang='grc' dir='ltr'>ἔδωκε</span> <span class='ocrx_word' id='word_1_135' title='bbox 1746 277 1863 312; x_wconf 77' lang='grc' dir='ltr'>πάροδον</span> 
     </span>
    </p>
   </div>
   <div class='ocr_carea' id='block_1_22' title="bbox 1071 323 1862 359">
    <p class='ocr_par' dir='ltr' id='par_1_22' title="bbox 1071 323 1862 359">
     <span class='ocr_line' id='line_1_22' title="bbox 1071 323 1862 359; baseline -0.003 -9"><span class='ocrx_word' id='word_1_136' title='bbox 1071 323 1190 355; x_wconf 80' lang='grc' dir='ltr'>ἀϐούλως</span> <span class='ocrx_word' id='word_1_137' title='bbox 1204 324 1250 350; x_wconf 77' lang='grc' dir='ltr'><strong>ἐπὶ</strong></span> <span class='ocrx_word' id='word_1_138' title='bbox 1262 323 1357 355; x_wconf 84' lang='grc' dir='ltr'>εἴδους,</span> <span class='ocrx_word' id='word_1_139' title='bbox 1378 323 1435 350; x_wconf 72' lang='grc' dir='ltr'>ἀλλ’</span> <span class='ocrx_word' id='word_1_140' title='bbox 1448 324 1497 349; x_wconf 82' lang='grc' dir='ltr'>οὐκ</span> <span class='ocrx_word' id='word_1_141' title='bbox 1516 324 1561 350; x_wconf 75' lang='grc' dir='ltr'>ἐπὶ</span> <span class='ocrx_word' id='word_1_142' title='bbox 1576 323 1700 359; x_wconf 84' lang='grc' dir='ltr'>σώματος</span> <span class='ocrx_word' id='word_1_143' title='bbox 1714 323 1798 349; x_wconf 79' lang='grc' dir='ltr'>αὑτοῦ</span> 
     </span>
    </p>
   </div>
   <div class='ocr_carea' id='block_1_23' title="bbox 1071 368 1863 404">
    <p class='ocr_par' dir='ltr' id='par_1_23' title="bbox 1071 368 1863 404">
     <span class='ocr_line' id='line_1_23' title="bbox 1071 368 1863 404; baseline -0.001 -9"><span class='ocrx_word' id='word_1_144' title='bbox 1071 369 1216 395; x_wconf 81' lang='grc' dir='ltr'><strong>ἀνάστασιν</strong></span> <span class='ocrx_word' id='word_1_145' title='bbox 1237 368 1407 404; x_wconf 84' lang='grc' dir='ltr'>ὁρισάμενος.</span> <span class='ocrx_word' id='word_1_146' title='bbox 1423 368 1495 394; x_wconf 81' lang='grc' dir='ltr'>Ἀλλ’</span> <span class='ocrx_word' id='word_1_147' title='bbox 1513 369 1553 394; x_wconf 86' lang='grc' dir='ltr'>ὃτι</span> <span class='ocrx_word' id='word_1_148' title='bbox 1574 368 1623 403; x_wconf 81' lang='grc' dir='ltr'>μὲν</span> <span class='ocrx_word' id='word_1_149' title='bbox 1640 368 1748 394; x_wconf 70' lang='grc' dir='ltr'>ἅπαντα</span> <span class='ocrx_word' id='word_1_150' title='bbox 1765 376 1863 403; x_wconf 63' lang='lat' dir='ltr'><strong>790m-</strong></span> 
     </span>
    </p>
   </div>
   <div class='ocr_carea' id='block_1_24' title="bbox 1071 413 1861 450">
    <p class='ocr_par' dir='ltr' id='par_1_24' title="bbox 1071 413 1861 450">
     <span class='ocr_line' id='line_1_24' title="bbox 1071 413 1861 450; baseline -0.001 -10"><span class='ocrx_word' id='word_1_151' title='bbox 1071 414 1174 448; x_wconf 85' lang='grc' dir='ltr'>λογίαις</span> <span class='ocrx_word' id='word_1_152' title='bbox 1195 414 1325 450; x_wconf 78' lang='grc' dir='ltr'><strong>ἀνέτρεψε</strong></span> <span class='ocrx_word' id='word_1_153' title='bbox 1338 434 1345 446; x_wconf 90' lang='grc'>,</span> <span class='ocrx_word' id='word_1_154' title='bbox 1366 414 1413 440; x_wconf 72' lang='grc' dir='ltr'><strong>καὶ</strong></span> <span class='ocrx_word' id='word_1_155' title='bbox 1424 413 1459 440; x_wconf 79' lang='grc' dir='ltr'>τὰ</span> <span class='ocrx_word' id='word_1_156' title='bbox 1481 414 1530 448; x_wconf 85' lang='grc' dir='ltr'>τῆς</span> <span class='ocrx_word' id='word_1_157' title='bbox 1550 414 1708 447; x_wconf 74' lang='grc' dir='ltr'><strong>κακοδοξίας</strong></span> <span class='ocrx_word' id='word_1_158' title='bbox 1736 414 1861 449; x_wconf 70' lang='grc' dir='ltr'>ἔσπειρεν</span> 
     </span>
    </p>
   </div>
   <div class='ocr_carea' id='block_1_25' title="bbox 1071 459 1862 496">
    <p class='ocr_par' dir='ltr' id='par_1_25' title="bbox 1071 459 1862 496">
     <span class='ocr_line' id='line_1_25' title="bbox 1071 459 1862 496; baseline 0 -10"><span class='ocrx_word' id='word_1_159' title='bbox 1071 460 1221 495; x_wconf 77' lang='grc' dir='ltr'>ἑκασταχοῦ</span> <span class='ocrx_word' id='word_1_160' title='bbox 1240 460 1394 496; x_wconf 79' lang='grc' dir='ltr'>σπέρματα,</span> <span class='ocrx_word' id='word_1_161' title='bbox 1411 459 1475 494; x_wconf 72' lang='grc' dir='ltr'><strong>ῥᾷόν</strong></span> <span class='ocrx_word' id='word_1_162' title='bbox 1494 460 1566 486; x_wconf 80' lang='grc' dir='ltr'>ἐστιν</span> <span class='ocrx_word' id='word_1_163' title='bbox 1591 460 1669 486; x_wconf 59' lang='grc' dir='ltr'>ἰδεῖν</span> <span class='ocrx_word' id='word_1_164' title='bbox 1692 461 1749 487; x_wconf 82' lang='grc' dir='ltr'><strong>ἄνω</strong></span> <span class='ocrx_word' id='word_1_165' title='bbox 1769 460 1798 486; x_wconf 78' lang='grc' dir='ltr'>δὲ</span> <span class='ocrx_word' id='word_1_166' title='bbox 1816 460 1862 486; x_wconf 86' lang='grc' dir='ltr'><strong>καὶ</strong></span> 
     </span>
    </p>
   </div>
   <div class='ocr_carea' id='block_1_26' title="bbox 1070 506 1861 542">
    <p class='ocr_par' dir='ltr' id='par_1_26' title="bbox 1070 506 1861 542">
     <span class='ocr_line' id='line_1_26' title="bbox 1070 506 1861 542; baseline 0 -10"><span class='ocrx_word' id='word_1_167' title='bbox 1070 506 1144 533; x_wconf 80' lang='grc' dir='ltr'>κάτω</span> <span class='ocrx_word' id='word_1_168' title='bbox 1159 506 1326 540; x_wconf 86' lang='grc' dir='ltr'>ταυτολογῶν</span> <span class='ocrx_word' id='word_1_169' title='bbox 1342 506 1483 542; x_wconf 77' lang='grc' dir='ltr'><strong>ἐπλήρωσε</strong></span> <span class='ocrx_word' id='word_1_170' title='bbox 1506 506 1554 542; x_wconf 85' lang='grc' dir='ltr'><strong>τὴν</strong></span> <span class='ocrx_word' id='word_1_171' title='bbox 1570 507 1732 542; x_wconf 80' lang='grc' dir='ltr'><strong>οἰκουμένην</strong></span> <span class='ocrx_word' id='word_1_172' title='bbox 1750 507 1861 542; x_wconf 76' lang='grc' dir='ltr'>ἀμέτρῳ</span> 
     </span>
    </p>
   </div>
   <div class='ocr_carea' id='block_1_27' title="bbox 1071 552 1860 588">
    <p class='ocr_par' dir='ltr' id='par_1_27' title="bbox 1071 552 1860 588">
     <span class='ocr_line' id='line_1_27' title="bbox 1071 552 1860 588; baseline 0 -10"><span class='ocrx_word' id='word_1_173' title='bbox 1071 552 1198 588; x_wconf 71' lang='grc' dir='ltr'>φλυαρίᾳ..</span> <span class='ocrx_word' id='word_1_174' title='bbox 1230 552 1347 588; x_wconf 78' lang='grc' dir='ltr'>Τοιαὺτῃ</span> <span class='ocrx_word' id='word_1_175' title='bbox 1375 552 1403 578; x_wconf 83' lang='grc' dir='ltr'><strong>δὲ</strong></span> <span class='ocrx_word' id='word_1_176' title='bbox 1431 553 1534 588; x_wconf 81' lang='grc' dir='ltr'>μεθόδῳ</span> <span class='ocrx_word' id='word_1_177' title='bbox 1559 553 1678 588; x_wconf 76' lang='grc' dir='ltr'><strong>συνήθως</strong></span> <span class='ocrx_word' id='word_1_178' title='bbox 1705 552 1860 588; x_wconf 79' lang='grc' dir='ltr'>ἀλληγορῶν</span> 
     </span>
    </p>
   </div>
   <div class='ocr_carea' id='block_1_28' title="bbox 1070 596 1862 634">
    <p class='ocr_par' dir='ltr' id='par_1_28' title="bbox 1070 596 1862 634">
     <span class='ocr_line' id='line_1_28' title="bbox 1070 596 1862 634; baseline 0.001 -10"><span class='ocrx_word' id='word_1_179' title='bbox 1070 598 1175 625; x_wconf 77' lang='grc' dir='ltr'>ἅπαντα</span> <span class='ocrx_word' id='word_1_180' title='bbox 1193 598 1345 633; x_wconf 77' lang='grc' dir='ltr'><strong>πανταχῶς,</strong></span> <span class='ocrx_word' id='word_1_181' title='bbox 1360 599 1408 634; x_wconf 75' lang='grc' dir='ltr'><strong>οὐχ</strong></span> <span class='ocrx_word' id='word_1_182' title='bbox 1424 596 1478 630; x_wconf 79' lang='grc' dir='ltr'>οἷός</span> <span class='ocrx_word' id='word_1_183' title='bbox 1493 607 1522 625; x_wconf 87' lang='grc' dir='ltr'><strong>τε</strong></span> <span class='ocrx_word' id='word_1_184' title='bbox 1539 599 1646 633; x_wconf 80' lang='grc' dir='ltr'>ἐγένετο</span> <span class='ocrx_word' id='word_1_185' title='bbox 1665 599 1699 625; x_wconf 83' lang='grc' dir='ltr'><strong>τά</strong></span> <span class='ocrx_word' id='word_1_186' title='bbox 1717 599 1768 633; x_wconf 80' lang='grc' dir='ltr'>τῆς</span> <span class='ocrx_word' id='word_1_187' title='bbox 1783 599 1862 633; x_wconf 74' lang='grc' dir='ltr'>ἐγγα-</span> 
     </span>
    </p>
   </div>
   <div class='ocr_carea' id='block_1_29' title="bbox 1071 644 1860 681">
    <p class='ocr_par' dir='ltr' id='par_1_29' title="bbox 1071 644 1860 681">
     <span class='ocr_line' id='line_1_29' title="bbox 1071 644 1860 681; baseline 0.001 -11"><span class='ocrx_word' id='word_1_188' title='bbox 1071 644 1217 680; x_wconf 86' lang='grc' dir='ltr'>στριμύθου</span> <span class='ocrx_word' id='word_1_189' title='bbox 1246 644 1444 680; x_wconf 79' lang='grc' dir='ltr'>τροπολογῆσαι</span> <span class='ocrx_word' id='word_1_190' title='bbox 1470 646 1578 681; x_wconf 80' lang='grc' dir='ltr'>ῥήματα.</span> <span class='ocrx_word' id='word_1_191' title='bbox 1605 645 1696 679; x_wconf 86' lang='grc' dir='ltr'>μόνον,</span> <span class='ocrx_word' id='word_1_192' title='bbox 1722 645 1778 671; x_wconf 77' lang='grc' dir='ltr'>οὐδ’</span> <span class='ocrx_word' id='word_1_193' title='bbox 1797 645 1860 672; x_wconf 76' lang='grc' dir='ltr'>αὐτὸ</span> 
     </span>
    </p>
   </div>
   <div class='ocr_carea' id='block_1_30' title="bbox 1070 688 1702 725">
    <p class='ocr_par' dir='ltr' id='par_1_30' title="bbox 1070 688 1702 725">
     <span class='ocr_line' id='line_1_30' title="bbox 1070 688 1702 725; baseline 0 -11"><span class='ocrx_word' id='word_1_194' title='bbox 1070 689 1162 723; x_wconf 82' lang='grc' dir='ltr'><strong>σαφῶς</strong></span> <span class='ocrx_word' id='word_1_195' title='bbox 1174 688 1203 722; x_wconf 75' lang='grc' dir='ltr'><strong>ἐξ</strong></span> <span class='ocrx_word' id='word_1_196' title='bbox 1218 689 1303 724; x_wconf 83' lang='grc' dir='ltr'>αὐτῆς</span> <span class='ocrx_word' id='word_1_197' title='bbox 1317 689 1456 725; x_wconf 78' lang='grc' dir='ltr'>ἱστορῆσαι</span> <span class='ocrx_word' id='word_1_198' title='bbox 1470 689 1518 724; x_wconf 84' lang='grc' dir='ltr'>τῆς</span> <span class='ocrx_word' id='word_1_199' title='bbox 1533 688 1702 720; x_wconf 76' lang='grc' dir='ltr'><strong>ἀκολουθίας.</strong></span> 
     </span>
    </p>
   </div>
   <div class='ocr_carea' id='block_1_31' title="bbox 1103 747 1859 782">
    <p class='ocr_par' dir='ltr' id='par_1_31' title="bbox 1103 747 1859 782">
     <span class='ocr_line' id='line_1_31' title="bbox 1103 747 1859 782; baseline -0.001 -9"><span class='ocrx_word' id='word_1_200' title='bbox 1103 747 1197 774; x_wconf 79' lang='lat' dir='ltr'>XXIII.</span> <span class='ocrx_word' id='word_1_201' title='bbox 1214 747 1293 774; x_wconf 85' lang='grc' dir='ltr'>Ἀλλά</span> <span class='ocrx_word' id='word_1_202' title='bbox 1312 747 1338 773; x_wconf 85' lang='grc' dir='ltr'><strong>τί</strong></span> <span class='ocrx_word' id='word_1_203' title='bbox 1361 747 1428 782; x_wconf 82' lang='grc' dir='ltr'>πρὸς</span> <span class='ocrx_word' id='word_1_204' title='bbox 1443 747 1489 774; x_wconf 76' lang='grc' dir='ltr'><strong>ἐπὶ</strong></span> <span class='ocrx_word' id='word_1_205' title='bbox 1509 747 1612 778; x_wconf 80' lang='grc' dir='ltr'><strong>τούτοις</strong></span> <span class='ocrx_word' id='word_1_206' title='bbox 1627 747 1775 782; x_wconf 81' lang='grc' dir='ltr'>εἰσήγαγεν</span> <span class='ocrx_word' id='word_1_207' title='bbox 1795 747 1859 780; x_wconf 77' lang='grc' dir='ltr'>ἀφο-</span> 
     </span>
    </p>
   </div>
   <div class='ocr_carea' id='block_1_32' title="bbox 1069 792 1860 829">
    <p class='ocr_par' dir='ltr' id='par_1_32' title="bbox 1069 792 1860 829">
     <span class='ocr_line' id='line_1_32' title="bbox 1069 792 1860 829; baseline -0.003 -9"><span class='ocrx_word' id='word_1_208' title='bbox 1069 793 1160 820; x_wconf 84' lang='grc' dir='ltr'>σιώσει</span> <span class='ocrx_word' id='word_1_209' title='bbox 1177 793 1358 829; x_wconf 80' lang='grc' dir='ltr'><strong>πλαττόμενος</strong></span> <span class='ocrx_word' id='word_1_210' title='bbox 1374 792 1532 827; x_wconf 55' lang='grc' dir='ltr'>ἀποφυγὰς</span> <span class='ocrx_word' id='word_1_211' title='bbox 1554 792 1717 828; x_wconf 79' lang='grc' dir='ltr'>Ἐπειδήπερ</span> <span class='ocrx_word' id='word_1_212' title='bbox 1732 792 1820 818; x_wconf 78' lang='grc' dir='ltr'>ἐδόκει</span> <span class='ocrx_word' id='word_1_213' title='bbox 1831 792 1860 818; x_wconf 78' lang='grc' dir='ltr'>τὸ</span> 
     </span>
    </p>
   </div>
   <div class='ocr_carea' id='block_1_33' title="bbox 1070 837 1860 874">
    <p class='ocr_par' dir='ltr' id='par_1_33' title="bbox 1070 837 1860 874">
     <span class='ocr_line' id='line_1_33' title="bbox 1070 837 1860 874; baseline -0.001 -9"><span class='ocrx_word' id='word_1_214' title='bbox 1070 838 1165 874; x_wconf 83' lang='grc' dir='ltr'>φάσμα</span> <span class='ocrx_word' id='word_1_215' title='bbox 1177 838 1216 873; x_wconf 85' lang='grc' dir='ltr'>τῷ</span> <span class='ocrx_word' id='word_1_216' title='bbox 1230 838 1314 864; x_wconf 80' lang='grc' dir='ltr'>Σαοὺλ</span> <span class='ocrx_word' id='word_1_217' title='bbox 1332 838 1479 873; x_wconf 82' lang='grc' dir='ltr'><strong>εἰρηκέναι·</strong></span> <span class='ocrx_word' id='word_1_218' title='bbox 1499 837 1653 871; x_wconf 78' lang='grc' dir='ltr'>Διαρῤήξει</span> <span class='ocrx_word' id='word_1_219' title='bbox 1675 839 1783 870; x_wconf 71' lang='grc' dir='ltr'>Κύριος</span> <span class='ocrx_word' id='word_1_220' title='bbox 1805 837 1860 871; x_wconf 67' lang='grc' dir='ltr'>τὴν</span> 
     </span>
    </p>
   </div>
   <div class='ocr_carea' id='block_1_34' title="bbox 234 870 1013 919">
    <p class='ocr_par' dir='ltr' id='par_1_34' title="bbox 234 870 1013 909">
     <span class='ocr_line' id='line_1_34' title="bbox 234 870 1013 909; baseline 0.009 -13"><span class='ocrx_word' id='word_1_221' title='bbox 234 870 277 898; x_wconf 91' lang='lat' dir='ltr'><strong>his</strong></span> <span class='ocrx_word' id='word_1_222' title='bbox 289 871 463 905; x_wconf 84' lang='lat' dir='ltr'><strong>probabiliter</strong></span> <span class='ocrx_word' id='word_1_223' title='bbox 478 871 572 898; x_wconf 82' lang='lat' dir='ltr'><strong>dicens</strong></span> <span class='ocrx_word' id='word_1_224' title='bbox 601 872 763 905; x_wconf 86' lang='lat' dir='ltr'><strong>subintulit,</strong></span> <span class='ocrx_word' id='word_1_225' title='bbox 790 881 846 901; x_wconf 87' lang='lat' dir='ltr'><strong>non</strong></span> <span class='ocrx_word' id='word_1_226' title='bbox 866 881 934 909; x_wconf 87' lang='lat' dir='ltr'><strong>opus</strong></span> <span class='ocrx_word' id='word_1_227' title='bbox 955 883 1013 904; x_wconf 87' lang='lat' dir='ltr'><strong>esse</strong></span> 
     </span>
    </p>
   </div>
   <div class='ocr_carea' id='block_1_35' title="bbox 1066 870 1860 919">
    <p class='ocr_par' dir='ltr' id='par_1_35' title="bbox 1066 882 1860 919">
     <span class='ocr_line' id='line_1_35' title="bbox 1066 882 1860 919; baseline -0.001 -9"><span class='ocrx_word' id='word_1_228' title='bbox 1066 884 1228 917; x_wconf 79' lang='grc' dir='ltr'>βασιλείαν</span> <span class='ocrx_word' id='word_1_229' title='bbox 1240 884 1274 910; x_wconf 79' lang='grc' dir='ltr'>ἐκ</span> <span class='ocrx_word' id='word_1_230' title='bbox 1291 885 1389 919; x_wconf 82' lang='grc' dir='ltr'>χειρός</span> <span class='ocrx_word' id='word_1_231' title='bbox 1406 892 1474 915; x_wconf 82' lang='grc' dir='ltr'>σου,</span> <span class='ocrx_word' id='word_1_232' title='bbox 1489 884 1556 919; x_wconf 73' lang='grc' dir='ltr'>πρὸς</span> <span class='ocrx_word' id='word_1_233' title='bbox 1574 884 1660 910; x_wconf 83' lang='grc' dir='ltr'>ταῦτα</span> <span class='ocrx_word' id='word_1_234' title='bbox 1676 882 1860 916; x_wconf 82' lang='grc' dir='ltr'>πιθανολογῶν</span> 
     </span>
    </p>
   </div>
   <div class='ocr_carea' id='block_1_36' title="bbox 233 915 1018 953">
    <p class='ocr_par' dir='ltr' id='par_1_36' title="bbox 233 915 1018 953">
     <span class='ocr_line' id='line_1_36' title="bbox 233 915 1018 953; baseline 0.006 -11"><span class='ocrx_word' id='word_1_235' title='bbox 233 915 384 951; x_wconf 79' lang='lat' dir='ltr'><strong>intelligere</strong></span> <span class='ocrx_word' id='word_1_236' title='bbox 399 915 561 944; x_wconf 71' lang='lat' dir='ltr'><strong>daemonium</strong></span> <span class='ocrx_word' id='word_1_237' title='bbox 578 917 611 945; x_wconf 89' lang='lat' dir='ltr'><strong>de</strong></span> <span class='ocrx_word' id='word_1_238' title='bbox 629 926 711 953; x_wconf 88' lang='lat' dir='ltr'><strong>regno</strong></span> <span class='ocrx_word' id='word_1_239' title='bbox 723 918 905 946; x_wconf 86' lang='lat' dir='ltr'><strong>Israelitarum</strong></span> <span class='ocrx_word' id='word_1_240' title='bbox 921 921 1018 947; x_wconf 85' lang='lat' dir='ltr'><strong>vatici-</strong></span> 
     </span>
    </p>
   </div>
   <div class='ocr_carea' id='block_1_37' title="bbox 233 962 1019 998">
    <p class='ocr_par' dir='ltr' id='par_1_37' title="bbox 233 962 1019 998">
     <span class='ocr_line' id='line_1_37' title="bbox 233 962 1019 998; baseline 0.009 -10"><span class='ocrx_word' id='word_1_241' title='bbox 233 965 326 988; x_wconf 88' lang='lat' dir='ltr'><strong>natum</strong></span> <span class='ocrx_word' id='word_1_242' title='bbox 339 962 432 991; x_wconf 88' lang='lat' dir='ltr'><strong>fuisse.</strong></span> <span class='ocrx_word' id='word_1_243' title='bbox 448 962 507 990; x_wconf 73' lang='lat' dir='ltr'><strong>lam</strong></span> <span class='ocrx_word' id='word_1_244' title='bbox 520 963 645 998; x_wconf 82' lang='lat' dir='ltr'><strong>superius</strong></span> <span class='ocrx_word' id='word_1_245' title='bbox 657 965 814 993; x_wconf 83' lang='lat' dir='ltr'><strong>dicebamus</strong></span> <span class='ocrx_word' id='word_1_246' title='bbox 827 967 909 994; x_wconf 90' lang='lat' dir='ltr'><strong>verba</strong></span> <span class='ocrx_word' id='word_1_247' title='bbox 922 967 956 994; x_wconf 91' lang='lat' dir='ltr'><strong>ab</strong></span> <span class='ocrx_word' id='word_1_248' title='bbox 970 966 1019 994; x_wconf 88' lang='lat' dir='ltr'><strong>Sa-</strong></span> 
     </span>
    </p>
   </div>
   <div class='ocr_carea' id='block_1_38' title="bbox 232 1008 1018 1045">
    <p class='ocr_par' dir='ltr' id='par_1_38' title="bbox 232 1008 1018 1045">
     <span class='ocr_line' id='line_1_38' title="bbox 232 1008 1018 1045; baseline 0.009 -11"><span class='ocrx_word' id='word_1_249' title='bbox 232 1008 320 1035; x_wconf 90' lang='lat' dir='ltr'><strong>muele</strong></span> <span class='ocrx_word' id='word_1_250' title='bbox 348 1009 452 1043; x_wconf 88' lang='lat' dir='ltr'><strong>prolata</strong></span> <span class='ocrx_word' id='word_1_251' title='bbox 483 1009 632 1037; x_wconf 69' lang='lat' dir='ltr'><strong>daemonem</strong></span> <span class='ocrx_word' id='word_1_252' title='bbox 659 1010 821 1038; x_wconf 79' lang='lat' dir='ltr'><strong>suﬂ‘uratum</strong></span> <span class='ocrx_word' id='word_1_253' title='bbox 851 1011 953 1045; x_wconf 86' lang='lat' dir='ltr'><strong>fuisse,</strong></span> <span class='ocrx_word' id='word_1_254' title='bbox 989 1017 1018 1041; x_wconf 89' lang='lat' dir='ltr'><strong>ut</strong></span> 
     </span>
    </p>
   </div>
   <div class='ocr_carea' id='block_1_39' title="bbox 232 1055 1018 1091">
    <p class='ocr_par' dir='ltr' id='par_1_39' title="bbox 232 1055 1018 1091">
     <span class='ocr_line' id='line_1_39' title="bbox 232 1055 1018 1091; baseline 0.006 -10"><span class='ocrx_word' id='word_1_255' title='bbox 232 1058 338 1082; x_wconf 88' lang='lat' dir='ltr'><strong>amente</strong></span> <span class='ocrx_word' id='word_1_256' title='bbox 351 1055 432 1083; x_wconf 89' lang='lat' dir='ltr'><strong>Saule</strong></span> <span class='ocrx_word' id='word_1_257' title='bbox 447 1055 559 1090; x_wconf 90' lang='lat' dir='ltr'><strong>decepto</strong></span> <span class='ocrx_word' id='word_1_258' title='bbox 572 1064 604 1084; x_wconf 77' lang='lat' dir='ltr'><strong>ex</strong></span> <span class='ocrx_word' id='word_1_259' title='bbox 623 1057 739 1091; x_wconf 88' lang='lat' dir='ltr'><strong>propriis</strong></span> <span class='ocrx_word' id='word_1_260' title='bbox 754 1065 909 1085; x_wconf 85' lang='lat' dir='ltr'><strong>sermonem</strong></span> <span class='ocrx_word' id='word_1_261' title='bbox 925 1063 1018 1086; x_wconf 77' lang='lat' dir='ltr'><strong>texere</strong></span> 
     </span>
    </p>
   </div>
   <div class='ocr_carea' id='block_1_40' title="bbox 232 1099 1017 1131">
    <p class='ocr_par' dir='ltr' id='par_1_40' title="bbox 232 1099 1017 1131">
     <span class='ocr_line' id='line_1_40' title="bbox 232 1099 1017 1131; baseline 0.006 -5"><span class='ocrx_word' id='word_1_262' title='bbox 232 1099 378 1127; x_wconf 84' lang='lat' dir='ltr'><strong>videretur.</strong></span> <span class='ocrx_word' id='word_1_263' title='bbox 404 1099 439 1126; x_wconf 82' lang='lat' dir='ltr'><strong>At.</strong></span> <span class='ocrx_word' id='word_1_264' title='bbox 459 1100 504 1127; x_wconf 89' lang='lat' dir='ltr'><strong>hic</strong></span> <span class='ocrx_word' id='word_1_265' title='bbox 526 1101 637 1128; x_wconf 88' lang='lat' dir='ltr'><strong>simulat</strong></span> <span class='ocrx_word' id='word_1_266' title='bbox 651 1102 754 1130; x_wconf 89' lang='lat' dir='ltr'><strong>similes</strong></span> <span class='ocrx_word' id='word_1_267' title='bbox 778 1103 878 1130; x_wconf 89' lang='lat' dir='ltr'><strong>diaboli</strong></span> <span class='ocrx_word' id='word_1_268' title='bbox 901 1109 1017 1131; x_wconf 89' lang='lat' dir='ltr'><strong>conatus</strong></span> 
     </span>
    </p>
   </div>
   <div class='ocr_carea' id='block_1_41' title="bbox 231 1146 1017 1183">
    <p class='ocr_par' dir='ltr' id='par_1_41' title="bbox 231 1146 1017 1183">
     <span class='ocr_line' id='line_1_41' title="bbox 231 1146 1017 1183; baseline 0.006 -11"><span class='ocrx_word' id='word_1_269' title='bbox 231 1153 287 1173; x_wconf 87' lang='lat' dir='ltr'><strong>non</strong></span> <span class='ocrx_word' id='word_1_270' title='bbox 304 1146 404 1173; x_wconf 86' lang='lat' dir='ltr'><strong>habere</strong></span> <span class='ocrx_word' id='word_1_271' title='bbox 418 1152 582 1181; x_wconf 89' lang='lat' dir='ltr'><strong>compertos.</strong></span> <span class='ocrx_word' id='word_1_272' title='bbox 599 1146 633 1173; x_wconf 87' lang='lat' dir='ltr'><strong>Ut</strong></span> <span class='ocrx_word' id='word_1_273' title='bbox 647 1155 711 1183; x_wconf 86' lang='lat' dir='ltr'><strong>ergo</strong></span> <span class='ocrx_word' id='word_1_274' title='bbox 722 1148 863 1176; x_wconf 88' lang='lat' dir='ltr'><strong>vaticinari</strong></span> <span class='ocrx_word' id='word_1_275' title='bbox 875 1149 1017 1177; x_wconf 86' lang='lat' dir='ltr'><strong>videbatur</strong></span> 
     </span>
    </p>
   </div>
   <div class='ocr_carea' id='block_1_42' title="bbox 231 1190 1016 1228">
    <p class='ocr_par' dir='ltr' id='par_1_42' title="bbox 231 1190 1016 1228">
     <span class='ocr_line' id='line_1_42' title="bbox 231 1190 1016 1228; baseline 0.006 -12"><span class='ocrx_word' id='word_1_276' title='bbox 231 1190 366 1218; x_wconf 86' lang='lat' dir='ltr'><strong>dementis</strong></span> <span class='ocrx_word' id='word_1_277' title='bbox 382 1198 489 1225; x_wconf 84' lang='lat' dir='ltr'><strong>regnum</strong></span> <span class='ocrx_word' id='word_1_278' title='bbox 503 1190 721 1224; x_wconf 74' lang='lat' dir='ltr'><strong>abscindendum,</strong></span> <span class='ocrx_word' id='word_1_279' title='bbox 733 1197 798 1219; x_wconf 81' lang='lat' dir='ltr'><strong>tunc</strong></span> <span class='ocrx_word' id='word_1_280' title='bbox 819 1193 942 1228; x_wconf 83' lang='lat' dir='ltr'><strong>adjunin</strong></span> <span class='ocrx_word' id='word_1_281' title='bbox 958 1204 964 1221; x_wconf 94' lang='lat'>:</span> <span class='ocrx_word' id='word_1_282' title='bbox 981 1194 1016 1222; x_wconf 82' lang='lat' dir='ltr'><strong>Et</strong></span> 
     </span>
    </p>
   </div>
   <div class='ocr_carea' id='block_1_43' title="bbox 230 1236 1016 1277">
    <p class='ocr_par' dir='ltr' id='par_1_43' title="bbox 230 1236 1016 1277">
     <span class='ocr_line' id='line_1_43' title="bbox 230 1236 1016 1277; baseline 0.006 -13"><span class='ocrx_word' id='word_1_283' title='bbox 230 1236 304 1264; x_wconf 84' lang='lat' dir='ltr'><strong>dabit</strong></span> <span class='ocrx_word' id='word_1_284' title='bbox 320 1237 387 1264; x_wconf 81' lang='lat' dir='ltr'><strong>illud</strong></span> <span class='ocrx_word' id='word_1_285' title='bbox 402 1238 521 1272; x_wconf 70' lang='lat' dir='ltr'><strong>proximo</strong></span> <span class='ocrx_word' id='word_1_286' title='bbox 541 1243 584 1265; x_wconf 89' lang='lat' dir='ltr'><strong>tuo</strong></span> <span class='ocrx_word' id='word_1_287' title='bbox 599 1239 693 1266; x_wconf 82' lang='lat' dir='ltr'><strong>David.</strong></span> <span class='ocrx_word' id='word_1_288' title='bbox 709 1239 742 1265; x_wconf 87' lang='lat' dir='ltr'><strong>At</strong></span> <span class='ocrx_word' id='word_1_289' title='bbox 755 1240 906 1275; x_wconf 83' lang='lat' dir='ltr'><strong>polyhistor</strong></span> <span class='ocrx_word' id='word_1_290' title='bbox 923 1241 1016 1277; x_wconf 89' lang='lat' dir='ltr'><strong>Orige-</strong></span> 
     </span>
    </p>
   </div>
   <div class='ocr_carea' id='block_1_44' title="bbox 230 1284 1016 1322">
    <p class='ocr_par' dir='ltr' id='par_1_44' title="bbox 230 1284 1016 1322">
     <span class='ocr_line' id='line_1_44' title="bbox 230 1284 1016 1322; baseline 0.006 -12"><span class='ocrx_word' id='word_1_291' title='bbox 230 1291 280 1311; x_wconf 82' lang='lat' dir='ltr'><strong>nes</strong></span> <span class='ocrx_word' id='word_1_292' title='bbox 295 1284 339 1310; x_wconf 87' lang='lat' dir='ltr'><strong>hic</strong></span> <span class='ocrx_word' id='word_1_293' title='bbox 353 1290 443 1312; x_wconf 89' lang='lat' dir='ltr'><strong>motus</strong></span> <span class='ocrx_word' id='word_1_294' title='bbox 455 1284 523 1312; x_wconf 85' lang='lat' dir='ltr'><strong>dixit</strong></span> <span class='ocrx_word' id='word_1_295' title='bbox 541 1294 547 1312; x_wconf 88' lang='lat'><strong>:</strong></span> <span class='ocrx_word' id='word_1_296' title='bbox 563 1284 729 1312; x_wconf 67' lang='lat' dir='ltr'><strong>Daemonium</strong></span> <span class='ocrx_word' id='word_1_297' title='bbox 746 1293 798 1313; x_wconf 86' lang='lat' dir='ltr'><strong>non</strong></span> <span class='ocrx_word' id='word_1_298' title='bbox 819 1290 908 1321; x_wconf 87' lang='lat' dir='ltr'><strong>potest</strong></span> <span class='ocrx_word' id='word_1_299' title='bbox 933 1295 1016 1322; x_wconf 77' lang='lat' dir='ltr'><strong>agno-</strong></span> 
     </span>
    </p>
   </div>
   <div class='ocr_carea' id='block_1_45' title="bbox 231 1330 1014 1366">
    <p class='ocr_par' dir='ltr' id='par_1_45' title="bbox 231 1330 1014 1366">
     <span class='ocr_line' id='line_1_45' title="bbox 231 1330 1014 1366; baseline 0.005 -9"><span class='ocrx_word' id='word_1_300' title='bbox 231 1337 307 1357; x_wconf 87' lang='lat' dir='ltr'><strong>scere</strong></span> <span class='ocrx_word' id='word_1_301' title='bbox 334 1338 448 1365; x_wconf 80' lang='lat' dir='ltr'><strong>regnum</strong></span> <span class='ocrx_word' id='word_1_302' title='bbox 464 1330 547 1357; x_wconf 83' lang='lat' dir='ltr'><strong>David</strong></span> <span class='ocrx_word' id='word_1_303' title='bbox 562 1330 656 1358; x_wconf 86' lang='lat' dir='ltr'><strong>divino</strong></span> <span class='ocrx_word' id='word_1_304' title='bbox 680 1331 808 1366; x_wconf 79' lang='lat' dir='ltr'><strong>suffragio</strong></span> <span class='ocrx_word' id='word_1_305' title='bbox 836 1333 1014 1362; x_wconf 86' lang='lat' dir='ltr'><strong>destinatum.</strong></span> 
     </span>
    </p>
   </div>
   <div class='ocr_carea' id='block_1_46' title="bbox 231 1375 1015 1414">
    <p class='ocr_par' dir='ltr' id='par_1_46' title="bbox 231 1375 1015 1414">
     <span class='ocr_line' id='line_1_46' title="bbox 231 1375 1015 1414; baseline 0.006 -12"><span class='ocrx_word' id='word_1_306' title='bbox 231 1375 295 1402; x_wconf 84' lang='lat' dir='ltr'><strong>Mihi</strong></span> <span class='ocrx_word' id='word_1_307' title='bbox 312 1383 375 1403; x_wconf 88' lang='lat' dir='ltr'><strong>vero</strong></span> <span class='ocrx_word' id='word_1_308' title='bbox 389 1376 433 1403; x_wconf 92' lang='lat' dir='ltr'><strong>hic</strong></span> <span class='ocrx_word' id='word_1_309' title='bbox 453 1376 547 1404; x_wconf 84' lang='lat' dir='ltr'><strong>subest</strong></span> <span class='ocrx_word' id='word_1_310' title='bbox 563 1377 716 1410; x_wconf 81' lang='lat' dir='ltr'><strong>admiratio,</strong></span> <span class='ocrx_word' id='word_1_311' title='bbox 734 1385 851 1413; x_wconf 83' lang='lat' dir='ltr'><strong>quonam</strong></span> <span class='ocrx_word' id='word_1_312' title='bbox 876 1379 920 1406; x_wconf 90' lang='lat' dir='ltr'><strong>hic</strong></span> <span class='ocrx_word' id='word_1_313' title='bbox 936 1384 1015 1414; x_wconf 88' lang='lat' dir='ltr'><strong>pacto</strong></span> 
     </span>
    </p>
   </div>
   <div class='ocr_carea' id='block_1_47' title="bbox 231 1421 1014 1460">
    <p class='ocr_par' dir='ltr' id='par_1_47' title="bbox 231 1421 1014 1460">
     <span class='ocr_line' id='line_1_47' title="bbox 231 1421 1014 1460; baseline 0.008 -13"><span class='ocrx_word' id='word_1_314' title='bbox 231 1421 302 1456; x_wconf 82' lang='lat' dir='ltr'><strong>apud</strong></span> <span class='ocrx_word' id='word_1_315' title='bbox 321 1423 412 1456; x_wconf 90' lang='lat' dir='ltr'><strong>plures</strong></span> <span class='ocrx_word' id='word_1_316' title='bbox 428 1422 487 1449; x_wconf 82' lang='lat' dir='ltr'><strong>sani</strong></span> <span class='ocrx_word' id='word_1_317' title='bbox 502 1423 609 1450; x_wconf 88' lang='lat' dir='ltr'><strong>consilii</strong></span> <span class='ocrx_word' id='word_1_318' title='bbox 624 1423 748 1457; x_wconf 80' lang='lat' dir='ltr'><strong>gloriam,</strong></span> <span class='ocrx_word' id='word_1_319' title='bbox 762 1432 793 1451; x_wconf 89' lang='lat' dir='ltr'><strong>ac</strong></span> <span class='ocrx_word' id='word_1_320' title='bbox 808 1425 830 1452; x_wconf 90' lang='lat' dir='ltr'><strong>si</strong></span> <span class='ocrx_word' id='word_1_321' title='bbox 843 1426 962 1460; x_wconf 89' lang='lat' dir='ltr'><strong>prudens</strong></span> <span class='ocrx_word' id='word_1_322' title='bbox 977 1426 1014 1453; x_wconf 91' lang='lat' dir='ltr'><strong>si-</strong></span> 
     </span>
    </p>
   </div>
   <div class='ocr_carea' id='block_1_48' title="bbox 231 1467 1014 1503">
    <p class='ocr_par' dir='ltr' id='par_1_48' title="bbox 231 1467 1014 1503">
     <span class='ocr_line' id='line_1_48' title="bbox 231 1467 1014 1503; baseline 0.006 -10"><span class='ocrx_word' id='word_1_323' title='bbox 231 1467 286 1493; x_wconf 91' lang='lat' dir='ltr'><strong>mul</strong></span> <span class='ocrx_word' id='word_1_324' title='bbox 297 1471 324 1494; x_wconf 89' lang='lat' dir='ltr'><strong>et</strong></span> <span class='ocrx_word' id='word_1_325' title='bbox 340 1467 367 1494; x_wconf 91' lang='lat' dir='ltr'><strong>in</strong></span> <span class='ocrx_word' id='word_1_326' title='bbox 388 1468 527 1495; x_wconf 87' lang='lat' dir='ltr'><strong>sententiis</strong></span> <span class='ocrx_word' id='word_1_327' title='bbox 540 1467 658 1495; x_wconf 84' lang='lat' dir='ltr'><strong>ferendis</strong></span> <span class='ocrx_word' id='word_1_328' title='bbox 675 1469 795 1503; x_wconf 88' lang='lat' dir='ltr'><strong>optimus</strong></span> <span class='ocrx_word' id='word_1_329' title='bbox 807 1473 889 1502; x_wconf 86' lang='lat' dir='ltr'><strong>esset,</strong></span> <span class='ocrx_word' id='word_1_330' title='bbox 903 1478 1014 1498; x_wconf 87' lang='lat' dir='ltr'><strong>assecu-</strong></span> 
     </span>
    </p>
   </div>
   <div class='ocr_carea' id='block_1_49' title="bbox 230 1512 1013 1549">
    <p class='ocr_par' dir='ltr' id='par_1_49' title="bbox 230 1512 1013 1549">
     <span class='ocr_line' id='line_1_49' title="bbox 230 1512 1013 1549; baseline 0.008 -11"><span class='ocrx_word' id='word_1_331' title='bbox 230 1516 275 1539; x_wconf 76' lang='lat' dir='ltr'><strong>tus</strong></span> <span class='ocrx_word' id='word_1_332' title='bbox 291 1513 336 1540; x_wconf 88' lang='lat' dir='ltr'><strong>sit.</strong></span> <span class='ocrx_word' id='word_1_333' title='bbox 357 1512 441 1548; x_wconf 83' lang='lat' dir='ltr'><strong>Igitur</strong></span> <span class='ocrx_word' id='word_1_334' title='bbox 467 1513 490 1541; x_wconf 92' lang='lat' dir='ltr'><strong>si</strong></span> <span class='ocrx_word' id='word_1_335' title='bbox 514 1521 625 1549; x_wconf 81' lang='lat' dir='ltr'><strong>regnum</strong></span> <span class='ocrx_word' id='word_1_336' title='bbox 651 1518 722 1542; x_wconf 87' lang='lat' dir='ltr'><strong>esset</strong></span> <span class='ocrx_word' id='word_1_337' title='bbox 735 1516 898 1549; x_wconf 89' lang='lat' dir='ltr'><strong>obscurum,</strong></span> <span class='ocrx_word' id='word_1_338' title='bbox 923 1517 1013 1544; x_wconf 83' lang='lat' dir='ltr'><strong>forsan</strong></span> 
     </span>
    </p>
   </div>
   <div class='ocr_carea' id='block_1_50' title="bbox 230 1549 1048 1595">
    <p class='ocr_par' dir='ltr' id='par_1_50' title="bbox 230 1549 1048 1595">
     <span class='ocr_line' id='line_1_50' title="bbox 230 1549 1048 1595; baseline 0.009 -11"><span class='ocrx_word' id='word_1_339' title='bbox 230 1565 284 1585; x_wconf 88' lang='lat' dir='ltr'><strong>non</strong></span> <span class='ocrx_word' id='word_1_340' title='bbox 302 1558 451 1594; x_wconf 78' lang='lat' dir='ltr'><strong>incongrue</strong></span> <span class='ocrx_word' id='word_1_341' title='bbox 475 1567 504 1586; x_wconf 87' lang='lat' dir='ltr'><strong>se</strong></span> <span class='ocrx_word' id='word_1_342' title='bbox 519 1559 586 1587; x_wconf 93' lang='lat' dir='ltr'><strong>illud</strong></span> <span class='ocrx_word' id='word_1_343' title='bbox 610 1559 700 1595; x_wconf 85' lang='lat' dir='ltr'><strong>aliquo</strong></span> <span class='ocrx_word' id='word_1_344' title='bbox 715 1561 794 1588; x_wconf 91' lang='lat' dir='ltr'><strong>modo</strong></span> <span class='ocrx_word' id='word_1_345' title='bbox 811 1562 918 1590; x_wconf 88' lang='lat' dir='ltr'><strong>nescire</strong></span> <span class='ocrx_word' id='word_1_346' title='bbox 932 1563 1014 1590; x_wconf 89' lang='lat' dir='ltr'><strong>dissi—</strong></span> <span class='ocrx_word' id='word_1_347' title='bbox 1027 1549 1048 1577; x_wconf 68' lang='grc' dir='ltr'><strong>δ</strong></span> 
     </span>
    </p>
   </div>
   <div class='ocr_carea' id='block_1_51' title="bbox 229 1605 1014 1641">
    <p class='ocr_par' dir='ltr' id='par_1_51' title="bbox 229 1605 1014 1641">
     <span class='ocr_line' id='line_1_51' title="bbox 229 1605 1014 1641; baseline 0.008 -11"><span class='ocrx_word' id='word_1_348' title='bbox 229 1605 379 1632; x_wconf 79' lang='lat' dir='ltr'><strong>nudasset:</strong></span> <span class='ocrx_word' id='word_1_349' title='bbox 396 1613 457 1632; x_wconf 88' lang='lat' dir='ltr'><strong>cum</strong></span> <span class='ocrx_word' id='word_1_350' title='bbox 473 1613 537 1633; x_wconf 89' lang='lat' dir='ltr'><strong>vero</strong></span> <span class='ocrx_word' id='word_1_351' title='bbox 557 1607 590 1634; x_wconf 87' lang='lat' dir='ltr'><strong>de</strong></span> <span class='ocrx_word' id='word_1_352' title='bbox 607 1607 653 1634; x_wconf 93' lang='lat' dir='ltr'><strong>illo</strong></span> <span class='ocrx_word' id='word_1_353' title='bbox 672 1611 787 1635; x_wconf 87' lang='lat' dir='ltr'><strong>testatus</strong></span> <span class='ocrx_word' id='word_1_354' title='bbox 804 1608 840 1635; x_wconf 86' lang='lat' dir='ltr'><strong>sit</strong></span> <span class='ocrx_word' id='word_1_355' title='bbox 853 1607 939 1641; x_wconf 83' lang='lat' dir='ltr'><strong>Deus,</strong></span> <span class='ocrx_word' id='word_1_356' title='bbox 961 1609 1014 1636; x_wconf 76' lang='lat' dir='ltr'><strong>Da~</strong></span> 
     </span>
    </p>
   </div>
   <div class='ocr_carea' id='block_1_52' title="bbox 229 1650 1013 1690">
    <p class='ocr_par' dir='ltr' id='par_1_52' title="bbox 229 1650 1013 1690">
     <span class='ocr_line' id='line_1_52' title="bbox 229 1650 1013 1690; baseline 0.006 -13"><span class='ocrx_word' id='word_1_357' title='bbox 229 1651 328 1685; x_wconf 89' lang='lat' dir='ltr'><strong>vidquc</strong></span> <span class='ocrx_word' id='word_1_358' title='bbox 343 1658 357 1677; x_wconf 90' lang='lat' dir='ltr'><strong>a</strong></span> <span class='ocrx_word' id='word_1_359' title='bbox 377 1650 501 1678; x_wconf 86' lang='lat' dir='ltr'><strong>Samuele</strong></span> <span class='ocrx_word' id='word_1_360' title='bbox 520 1656 618 1680; x_wconf 86' lang='lat' dir='ltr'><strong>unctus</strong></span> <span class='ocrx_word' id='word_1_361' title='bbox 631 1673 639 1685; x_wconf 85' lang='lat'><strong>,</strong></span> <span class='ocrx_word' id='word_1_362' title='bbox 656 1658 683 1680; x_wconf 91' lang='lat' dir='ltr'><strong>et</strong></span> <span class='ocrx_word' id='word_1_363' title='bbox 707 1661 814 1688; x_wconf 86' lang='lat' dir='ltr'><strong>semper</strong></span> <span class='ocrx_word' id='word_1_364' title='bbox 826 1655 854 1681; x_wconf 94' lang='lat' dir='ltr'><strong>in</strong></span> <span class='ocrx_word' id='word_1_365' title='bbox 869 1655 939 1682; x_wconf 85' lang='lat' dir='ltr'><strong>bello</strong></span> <span class='ocrx_word' id='word_1_366' title='bbox 957 1656 1013 1690; x_wconf 91' lang='lat' dir='ltr'><strong>pri-</strong></span> 
     </span>
    </p>
   </div>
   <div class='ocr_carea' id='block_1_53' title="bbox 228 1697 1013 1737">
    <p class='ocr_par' dir='ltr' id='par_1_53' title="bbox 228 1697 1013 1737">
     <span class='ocr_line' id='line_1_53' title="bbox 228 1697 1013 1737; baseline 0.009 -14"><span class='ocrx_word' id='word_1_367' title='bbox 228 1705 287 1724; x_wconf 88' lang='lat' dir='ltr'><strong>mas</strong></span> <span class='ocrx_word' id='word_1_368' title='bbox 300 1697 398 1731; x_wconf 88' lang='lat' dir='ltr'><strong>ferens,</strong></span> <span class='ocrx_word' id='word_1_369' title='bbox 416 1700 488 1734; x_wconf 82' lang='lat' dir='ltr'><strong>regis</strong></span> <span class='ocrx_word' id='word_1_370' title='bbox 502 1708 584 1735; x_wconf 87' lang='lat' dir='ltr'><strong>gener</strong></span> <span class='ocrx_word' id='word_1_371' title='bbox 598 1701 633 1728; x_wconf 94' lang='lat' dir='ltr'><strong>sit</strong></span> <span class='ocrx_word' id='word_1_372' title='bbox 646 1701 769 1733; x_wconf 80' lang='lat' dir='ltr'><strong>eﬂ&#39;ectus,</strong></span> <span class='ocrx_word' id='word_1_373' title='bbox 784 1701 821 1728; x_wconf 88' lang='lat' dir='ltr'><strong>ita</strong></span> <span class='ocrx_word' id='word_1_374' title='bbox 833 1705 862 1728; x_wconf 91' lang='lat' dir='ltr'><strong>ut</strong></span> <span class='ocrx_word' id='word_1_375' title='bbox 875 1702 939 1729; x_wconf 88' lang='lat' dir='ltr'><strong>huic</strong></span> <span class='ocrx_word' id='word_1_376' title='bbox 952 1704 1013 1737; x_wconf 87' lang='lat' dir='ltr'><strong>qui-</strong></span> 
     </span>
    </p>
   </div>
   <div class='ocr_carea' id='block_1_54' title="bbox 227 1744 1012 1782">
    <p class='ocr_par' dir='ltr' id='par_1_54' title="bbox 227 1744 1012 1782">
     <span class='ocr_line' id='line_1_54' title="bbox 227 1744 1012 1782; baseline 0.009 -12"><span class='ocrx_word' id='word_1_377' title='bbox 227 1744 288 1770; x_wconf 87' lang='lat' dir='ltr'><strong>dem</strong></span> <span class='ocrx_word' id='word_1_378' title='bbox 307 1745 484 1779; x_wconf 87' lang='lat' dir='ltr'><strong>tripudiantes</strong></span> <span class='ocrx_word' id='word_1_379' title='bbox 502 1746 650 1782; x_wconf 83' lang='lat' dir='ltr'><strong>myriadas,</strong></span> <span class='ocrx_word' id='word_1_380' title='bbox 665 1747 741 1774; x_wconf 81' lang='lat' dir='ltr'><strong>Sauli</strong></span> <span class='ocrx_word' id='word_1_381' title='bbox 763 1747 895 1776; x_wconf 86' lang='lat' dir='ltr'><strong>chiliadas</strong></span> <span class='ocrx_word' id='word_1_382' title='bbox 912 1749 1012 1776; x_wconf 90' lang='lat' dir='ltr'><strong>decan-</strong></span> 
     </span>
    </p>
   </div>
   <div class='ocr_carea' id='block_1_55' title="bbox 226 1789 1010 1830">
    <p class='ocr_par' dir='ltr' id='par_1_55' title="bbox 226 1789 1010 1830">
     <span class='ocr_line' id='line_1_55' title="bbox 226 1789 1010 1830; baseline 0.01 -16"><span class='ocrx_word' id='word_1_383' title='bbox 226 1789 326 1823; x_wconf 86' lang='lat' dir='ltr'><strong>tarint;</strong></span> <span class='ocrx_word' id='word_1_384' title='bbox 352 1790 374 1817; x_wconf 91' lang='lat' dir='ltr'><strong>si</strong></span> <span class='ocrx_word' id='word_1_385' title='bbox 392 1791 447 1818; x_wconf 50' lang='lat' dir='ltr'><strong>haec</strong></span> <span class='ocrx_word' id='word_1_386' title='bbox 464 1795 490 1819; x_wconf 87' lang='lat' dir='ltr'><strong>et</strong></span> <span class='ocrx_word' id='word_1_387' title='bbox 513 1792 555 1819; x_wconf 91' lang='lat' dir='ltr'><strong>bis</strong></span> <span class='ocrx_word' id='word_1_388' title='bbox 577 1792 675 1820; x_wconf 84' lang='lat' dir='ltr'><strong>similia</strong></span> <span class='ocrx_word' id='word_1_389' title='bbox 699 1792 921 1827; x_wconf 87' lang='lat' dir='ltr'><strong>manifestarant,</strong></span> <span class='ocrx_word' id='word_1_390' title='bbox 945 1795 1010 1830; x_wconf 88' lang='lat' dir='ltr'><strong>quid</strong></span> 
     </span>
    </p>
   </div>
   <div class='ocr_carea' id='block_1_56' title="bbox 226 1835 1010 1877">
    <p class='ocr_par' dir='ltr' id='par_1_56' title="bbox 226 1835 1010 1877">
     <span class='ocr_line' id='line_1_56' title="bbox 226 1835 1010 1877; baseline 0.009 -16"><span class='ocrx_word' id='word_1_391' title='bbox 226 1835 323 1862; x_wconf 89' lang='lat' dir='ltr'><strong>mirum</strong></span> <span class='ocrx_word' id='word_1_392' title='bbox 338 1841 384 1863; x_wconf 91' lang='lat' dir='ltr'><strong>aut</strong></span> <span class='ocrx_word' id='word_1_393' title='bbox 399 1842 496 1872; x_wconf 68' lang='lat' dir='ltr'><strong>praeter</strong></span> <span class='ocrx_word' id='word_1_394' title='bbox 510 1839 741 1873; x_wconf 81' lang='lat' dir='ltr'><strong>exspectationem</strong></span> <span class='ocrx_word' id='word_1_395' title='bbox 758 1841 824 1872; x_wconf 89' lang='lat' dir='ltr'><strong>erit,</strong></span> <span class='ocrx_word' id='word_1_396' title='bbox 848 1841 871 1868; x_wconf 87' lang='lat' dir='ltr'><strong>si</strong></span> <span class='ocrx_word' id='word_1_397' title='bbox 896 1849 1010 1877; x_wconf 88' lang='lat' dir='ltr'><strong>regnum</strong></span> 
     </span>
    </p>
   </div>
   <div class='ocr_carea' id='block_1_57' title="bbox 226 1881 1009 1919">
    <p class='ocr_par' dir='ltr' id='par_1_57' title="bbox 226 1881 1009 1919">
     <span class='ocr_line' id='line_1_57' title="bbox 226 1881 1009 1919; baseline 0.009 -11"><span class='ocrx_word' id='word_1_398' title='bbox 226 1881 318 1909; x_wconf 89' lang='lat' dir='ltr'><strong>divino</strong></span> <span class='ocrx_word' id='word_1_399' title='bbox 348 1883 475 1918; x_wconf 82' lang='lat' dir='ltr'><strong>squragio</strong></span> <span class='ocrx_word' id='word_1_400' title='bbox 503 1892 551 1919; x_wconf 86' lang='lat' dir='ltr'><strong>per</strong></span> <span class='ocrx_word' id='word_1_401' title='bbox 573 1884 731 1919; x_wconf 86' lang='lat' dir='ltr'><strong>prophetam</strong></span> <span class='ocrx_word' id='word_1_402' title='bbox 752 1887 885 1914; x_wconf 85' lang='lat' dir='ltr'><strong>munitum</strong></span> <span class='ocrx_word' id='word_1_403' title='bbox 903 1887 1009 1915; x_wconf 68' lang='lat' dir='ltr'><strong>daemon</strong></span> 
     </span>
    </p>
   </div>
   <div class='ocr_carea' id='block_1_58' title="bbox 225 1928 1009 1966">
    <p class='ocr_par' dir='ltr' id='par_1_58' title="bbox 225 1928 1009 1966">
     <span class='ocr_line' id='line_1_58' title="bbox 225 1928 1009 1966; baseline 0.011 -13"><span class='ocrx_word' id='word_1_404' title='bbox 225 1929 404 1962; x_wconf 79' lang='lat' dir='ltr'><strong>agnosceret!</strong></span> <span class='ocrx_word' id='word_1_405' title='bbox 417 1928 484 1956; x_wconf 89' lang='lat' dir='ltr'><strong>Nam</strong></span> <span class='ocrx_word' id='word_1_406' title='bbox 508 1930 531 1956; x_wconf 83' lang='lat' dir='ltr'><strong>si</strong></span> <span class='ocrx_word' id='word_1_407' title='bbox 547 1938 640 1957; x_wconf 87' lang='lat' dir='ltr'><strong>verum</strong></span> <span class='ocrx_word' id='word_1_408' title='bbox 658 1930 748 1959; x_wconf 89' lang='lat' dir='ltr'><strong>dicere</strong></span> <span class='ocrx_word' id='word_1_409' title='bbox 758 1933 883 1966; x_wconf 87' lang='lat' dir='ltr'><strong>velimus,</strong></span> <span class='ocrx_word' id='word_1_410' title='bbox 898 1942 952 1961; x_wconf 90' lang='lat' dir='ltr'><strong>non</strong></span> <span class='ocrx_word' id='word_1_411' title='bbox 967 1935 1009 1961; x_wconf 80' lang='lat' dir='ltr'><strong>in-</strong></span> 
     </span>
    </p>
   </div>
   <div class='ocr_carea' id='block_1_59' title="bbox 225 1973 1005 2015">
    <p class='ocr_par' dir='ltr' id='par_1_59' title="bbox 225 1973 1005 2015">
     <span class='ocr_line' id='line_1_59' title="bbox 225 1973 1005 2015; baseline 0.014 -17"><span class='ocrx_word' id='word_1_412' title='bbox 225 1973 397 2008; x_wconf 86' lang='lat' dir='ltr'><strong>telligendum</strong></span> <span class='ocrx_word' id='word_1_413' title='bbox 432 1975 506 2002; x_wconf 92' lang='lat' dir='ltr'><strong>illum</strong></span> <span class='ocrx_word' id='word_1_414' title='bbox 541 1976 628 2004; x_wconf 87' lang='lat' dir='ltr'><strong>solum</strong></span> <span class='ocrx_word' id='word_1_415' title='bbox 666 1985 796 2013; x_wconf 85' lang='lat' dir='ltr'><strong>corporea</strong></span> <span class='ocrx_word' id='word_1_416' title='bbox 823 1987 1005 2015; x_wconf 80' lang='lat' dir='ltr'><strong>cognoscere,</strong></span> 
     </span>
    </p>
   </div>
   <div class='ocr_carea' id='block_1_60' title="bbox 225 2018 1007 2058">
    <p class='ocr_par' dir='ltr' id='par_1_60' title="bbox 225 2018 1007 2058">
     <span class='ocr_line' id='line_1_60' title="bbox 225 2018 1007 2058; baseline 0.014 -14"><span class='ocrx_word' id='word_1_417' title='bbox 225 2020 451 2053; x_wconf 80' lang='lat' dir='ltr'><strong>quemadmodum</strong></span> <span class='ocrx_word' id='word_1_418' title='bbox 467 2021 518 2048; x_wconf 90' lang='lat' dir='ltr'><strong>olei</strong></span> <span class='ocrx_word' id='word_1_419' title='bbox 534 2029 611 2054; x_wconf 89' lang='lat' dir='ltr'><strong>usus,</strong></span> <span class='ocrx_word' id='word_1_420' title='bbox 622 2023 700 2058; x_wconf 89' lang='lat' dir='ltr'><strong>cujus</strong></span> <span class='ocrx_word' id='word_1_421' title='bbox 715 2025 811 2053; x_wconf 81' lang='lat' dir='ltr'><strong>eﬂusio</strong></span> <span class='ocrx_word' id='word_1_422' title='bbox 821 2030 910 2054; x_wconf 87' lang='lat' dir='ltr'><strong>tactus</strong></span> <span class='ocrx_word' id='word_1_423' title='bbox 925 2018 1007 2055; x_wconf 81' lang='lat' dir='ltr'><strong>sensu</strong></span> 
     </span>
    </p>
   </div>
   <div class='ocr_carea' id='block_1_61' title="bbox 226 2065 1008 2105">
    <p class='ocr_par' dir='ltr' id='par_1_61' title="bbox 226 2065 1008 2105">
     <span class='ocr_line' id='line_1_61' title="bbox 226 2065 1008 2105; baseline 0.014 -15"><span class='ocrx_word' id='word_1_424' title='bbox 226 2065 382 2099; x_wconf 80' lang='lat' dir='ltr'><strong>percipitur.</strong></span> <span class='ocrx_word' id='word_1_425' title='bbox 400 2065 452 2093; x_wconf 82' lang='lat' dir='ltr'><strong>Sed</strong></span> <span class='ocrx_word' id='word_1_426' title='bbox 468 2067 559 2095; x_wconf 89' lang='lat' dir='ltr'><strong>nullus</strong></span> <span class='ocrx_word' id='word_1_427' title='bbox 572 2069 688 2105; x_wconf 88' lang='lat' dir='ltr'><strong>ambiget</strong></span> <span class='ocrx_word' id='word_1_428' title='bbox 706 2070 762 2098; x_wconf 72' lang='lat' dir='ltr'><strong>haec</strong></span> <span class='ocrx_word' id='word_1_429' title='bbox 779 2073 906 2101; x_wconf 91' lang='lat' dir='ltr'><strong>omnibus</strong></span> <span class='ocrx_word' id='word_1_430' title='bbox 920 2074 1008 2101; x_wconf 88' lang='lat' dir='ltr'><strong>mani-</strong></span> 
     </span>
    </p>
   </div>
   <div class='ocr_carea' id='block_1_62' title="bbox 225 2109 1003 2152">
    <p class='ocr_par' dir='ltr' id='par_1_62' title="bbox 225 2109 1003 2152">
     <span class='ocr_line' id='line_1_62' title="bbox 225 2109 1003 2152; baseline 0.017 -17"><span class='ocrx_word' id='word_1_431' title='bbox 225 2109 293 2136; x_wconf 84' lang='lat' dir='ltr'><strong>feste</strong></span> <span class='ocrx_word' id='word_1_432' title='bbox 309 2111 488 2139; x_wconf 88' lang='lat' dir='ltr'><strong>innotescere.</strong></span> <span class='ocrx_word' id='word_1_433' title='bbox 501 2113 604 2140; x_wconf 83' lang='lat' dir='ltr'><strong>Addam</strong></span> <span class='ocrx_word' id='word_1_434' title='bbox 621 2123 684 2142; x_wconf 87' lang='lat' dir='ltr'><strong>vero</strong></span> <span class='ocrx_word' id='word_1_435' title='bbox 695 2118 766 2152; x_wconf 91' lang='lat' dir='ltr'><strong>quod</strong></span> <span class='ocrx_word' id='word_1_436' title='bbox 779 2119 884 2146; x_wconf 78' lang='lat' dir='ltr'><strong>excedit</strong></span> <span class='ocrx_word' id='word_1_437' title='bbox 897 2125 1003 2148; x_wconf 70' lang='lat' dir='ltr'><strong>caetera.</strong></span> 
     </span>
    </p>
   </div>
   <div class='ocr_carea' id='block_1_63' title="bbox 226 2154 1004 2200">
    <p class='ocr_par' dir='ltr' id='par_1_63' title="bbox 226 2154 1004 2200">
     <span class='ocr_line' id='line_1_63' title="bbox 226 2154 1004 2200; baseline 0.017 -19"><span class='ocrx_word' id='word_1_438' title='bbox 226 2154 254 2182; x_wconf 91' lang='lat' dir='ltr'><strong>Si</strong></span> <span class='ocrx_word' id='word_1_439' title='bbox 266 2156 323 2183; x_wconf 70' lang='lat' dir='ltr'><strong>haec</strong></span> <span class='ocrx_word' id='word_1_440' title='bbox 339 2158 481 2186; x_wconf 85' lang='lat' dir='ltr'><strong>manifesta</strong></span> <span class='ocrx_word' id='word_1_441' title='bbox 496 2168 550 2187; x_wconf 90' lang='lat' dir='ltr'><strong>non</strong></span> <span class='ocrx_word' id='word_1_442' title='bbox 568 2165 669 2194; x_wconf 86' lang='lat' dir='ltr'><strong>essent,</strong></span> <span class='ocrx_word' id='word_1_443' title='bbox 686 2163 822 2198; x_wconf 86' lang='lat' dir='ltr'><strong>quodnam</strong></span> <span class='ocrx_word' id='word_1_444' title='bbox 845 2166 933 2200; x_wconf 80' lang='lat' dir='ltr'><strong>majus</strong></span> <span class='ocrx_word' id='word_1_445' title='bbox 948 2172 1004 2199; x_wconf 82' lang='lat' dir='ltr'><strong>est,</strong></span> 
     </span>
    </p>
   </div>
   <div class='ocr_carea' id='block_1_64' title="bbox 224 2204 1005 2246">
    <p class='ocr_par' dir='ltr' id='par_1_64' title="bbox 224 2204 1005 2246">
     <span class='ocr_line' id='line_1_64' title="bbox 224 2204 1005 2246; baseline 0.014 -17"><span class='ocrx_word' id='word_1_446' title='bbox 224 2207 254 2229; x_wconf 92' lang='lat' dir='ltr'><strong>ut</strong></span> <span class='ocrx_word' id='word_1_447' title='bbox 272 2204 353 2230; x_wconf 87' lang='lat' dir='ltr'><strong>simul</strong></span> <span class='ocrx_word' id='word_1_448' title='bbox 368 2204 556 2239; x_wconf 85' lang='lat' dir='ltr'><strong>conferamus,</strong></span> <span class='ocrx_word' id='word_1_449' title='bbox 579 2215 690 2242; x_wconf 83' lang='lat' dir='ltr'><strong>regnum</strong></span> <span class='ocrx_word' id='word_1_450' title='bbox 707 2209 791 2237; x_wconf 81' lang='lat' dir='ltr'><strong>David</strong></span> <span class='ocrx_word' id='word_1_451' title='bbox 816 2219 864 2246; x_wconf 83' lang='lat' dir='ltr'><strong>per</strong></span> <span class='ocrx_word' id='word_1_452' title='bbox 888 2213 940 2239; x_wconf 88' lang='lat' dir='ltr'><strong>olei</strong></span> <span class='ocrx_word' id='word_1_453' title='bbox 955 2221 1005 2239; x_wconf 88' lang='lat' dir='ltr'><strong>un-</strong></span> 
     </span>
    </p>
   </div>
   <div class='ocr_carea' id='block_1_65' title="bbox 224 2247 1006 2288">
    <p class='ocr_par' dir='ltr' id='par_1_65' title="bbox 224 2247 1006 2288">
     <span class='ocr_line' id='line_1_65' title="bbox 224 2247 1006 2288; baseline 0.014 -14"><span class='ocrx_word' id='word_1_454' title='bbox 224 2247 341 2276; x_wconf 81' lang='lat' dir='ltr'><strong>ctionem</strong></span> <span class='ocrx_word' id='word_1_455' title='bbox 356 2257 514 2284; x_wconf 79' lang='lat' dir='ltr'><strong>agnoscere,</strong></span> <span class='ocrx_word' id='word_1_456' title='bbox 531 2259 565 2278; x_wconf 89' lang='lat' dir='ltr'><strong>an</strong></span> <span class='ocrx_word' id='word_1_457' title='bbox 585 2253 777 2288; x_wconf 77' lang='lat' dir='ltr'><strong>prophetarum</strong></span> <span class='ocrx_word' id='word_1_458' title='bbox 794 2257 897 2284; x_wconf 88' lang='lat' dir='ltr'><strong>animas</strong></span> <span class='ocrx_word' id='word_1_459' title='bbox 914 2258 947 2285; x_wconf 92' lang='lat' dir='ltr'><strong>ab</strong></span> <span class='ocrx_word' id='word_1_460' title='bbox 962 2258 1006 2285; x_wconf 89' lang='lat' dir='ltr'><strong>in-</strong></span> 
     </span>
    </p>
   </div>
   <div class='ocr_carea' id='block_1_66' title="bbox 223 2293 1006 2338">
    <p class='ocr_par' dir='ltr' id='par_1_66' title="bbox 223 2293 1006 2338">
     <span class='ocr_line' id='line_1_66' title="bbox 223 2293 1006 2338; baseline 0.014 -18"><span class='ocrx_word' id='word_1_461' title='bbox 223 2293 290 2321; x_wconf 83' lang='lat' dir='ltr'><strong>feris</strong></span> <span class='ocrx_word' id='word_1_462' title='bbox 304 2294 453 2323; x_wconf 80' lang='lat' dir='ltr'><strong>eduxisse?</strong></span> <span class='ocrx_word' id='word_1_463' title='bbox 474 2297 507 2323; x_wconf 89' lang='lat' dir='ltr'><strong>Et</strong></span> <span class='ocrx_word' id='word_1_464' title='bbox 523 2302 612 2325; x_wconf 87' lang='lat' dir='ltr'><strong>tamen</strong></span> <span class='ocrx_word' id='word_1_465' title='bbox 636 2299 701 2326; x_wconf 88' lang='lat' dir='ltr'><strong>illud</strong></span> <span class='ocrx_word' id='word_1_466' title='bbox 721 2300 754 2327; x_wconf 84' lang='lat' dir='ltr'><strong>de</strong></span> <span class='ocrx_word' id='word_1_467' title='bbox 772 2302 869 2336; x_wconf 75' lang='lat' dir='ltr'><strong>potiori</strong></span> <span class='ocrx_word' id='word_1_468' title='bbox 891 2311 1006 2338; x_wconf 86' lang='lat' dir='ltr'><strong>persona</strong></span> 
     </span>
    </p>
   </div>
   <div class='ocr_carea' id='block_1_67' title="bbox 223 2343 1004 2382">
    <p class='ocr_par' dir='ltr' id='par_1_67' title="bbox 223 2343 1004 2382">
     <span class='ocr_line' id='line_1_67' title="bbox 223 2343 1004 2382; baseline 0.014 -16"><span class='ocrx_word' id='word_1_469' title='bbox 223 2346 464 2370; x_wconf 86' lang='lat' dir='ltr'><strong>commonstratum</strong></span> <span class='ocrx_word' id='word_1_470' title='bbox 478 2348 529 2371; x_wconf 89' lang='lat' dir='ltr'><strong>est.</strong></span> <span class='ocrx_word' id='word_1_471' title='bbox 550 2343 616 2371; x_wconf 86' lang='lat' dir='ltr'><strong>Nam</strong></span> <span class='ocrx_word' id='word_1_472' title='bbox 629 2353 642 2371; x_wconf 87' lang='lat' dir='ltr'><strong>a</strong></span> <span class='ocrx_word' id='word_1_473' title='bbox 655 2345 764 2373; x_wconf 85' lang='lat' dir='ltr'><strong>Christo</strong></span> <span class='ocrx_word' id='word_1_474' title='bbox 778 2347 913 2376; x_wconf 63' lang='lat' dir='ltr'><strong>daemones</strong></span> <span class='ocrx_word' id='word_1_475' title='bbox 931 2351 1004 2382; x_wconf 89' lang='lat' dir='ltr'><strong>torti,</strong></span> 
     </span>
    </p>
   </div>
   <div class='ocr_carea' id='block_1_68' title="bbox 224 2387 1005 2428">
    <p class='ocr_par' dir='ltr' id='par_1_68' title="bbox 224 2387 1005 2428">
     <span class='ocr_line' id='line_1_68' title="bbox 224 2387 1005 2428; baseline 0.013 -16"><span class='ocrx_word' id='word_1_476' title='bbox 224 2387 301 2413; x_wconf 86' lang='lat' dir='ltr'><strong>inviti</strong></span> <span class='ocrx_word' id='word_1_477' title='bbox 323 2388 440 2416; x_wconf 85' lang='lat' dir='ltr'><strong>clamant</strong></span> <span class='ocrx_word' id='word_1_478' title='bbox 459 2389 500 2417; x_wconf 90' lang='lat' dir='ltr'><strong>his</strong></span> <span class='ocrx_word' id='word_1_479' title='bbox 516 2390 605 2417; x_wconf 83' lang='lat' dir='ltr'><strong>verbis</strong></span> <span class='ocrx_word' id='word_1_480' title='bbox 621 2400 627 2417; x_wconf 91' lang='lat'>:</span> <span class='ocrx_word' id='word_1_481' title='bbox 646 2391 716 2423; x_wconf 79' lang='lat' dir='ltr'><strong>Quid</strong></span> <span class='ocrx_word' id='word_1_482' title='bbox 728 2392 801 2419; x_wconf 84' lang='lat' dir='ltr'><strong>nobis</strong></span> <span class='ocrx_word' id='word_1_483' title='bbox 826 2398 850 2419; x_wconf 79' lang='lat' dir='ltr'><strong>et</strong></span> <span class='ocrx_word' id='word_1_484' title='bbox 865 2394 928 2428; x_wconf 80' lang='lat' dir='ltr'><strong>tibi,</strong></span> <span class='ocrx_word' id='word_1_485' title='bbox 949 2395 1005 2422; x_wconf 79' lang='lat' dir='ltr'><strong>Fili</strong></span> 
     </span>
    </p>
   </div>
   <div class='ocr_carea' id='block_1_69' title="bbox 223 2432 1006 2470">
    <p class='ocr_par' dir='ltr' id='par_1_69' title="bbox 223 2432 1006 2470">
     <span class='ocr_line' id='line_1_69' title="bbox 223 2432 1006 2470; baseline 0.013 -11"><span class='ocrx_word' id='word_1_486' title='bbox 223 2432 293 2461; x_wconf 81' lang='lat' dir='ltr'><strong>Dei?</strong></span> <span class='ocrx_word' id='word_1_487' title='bbox 317 2434 416 2461; x_wconf 77' lang='lat' dir='ltr'><strong>Veniin</strong></span> <span class='ocrx_word' id='word_1_488' title='bbox 430 2441 490 2462; x_wconf 83' lang='lat' dir='ltr'><strong>ante</strong></span> <span class='ocrx_word' id='word_1_489' title='bbox 505 2441 605 2470; x_wconf 81' lang='lat' dir='ltr'><strong>tempus</strong></span> <span class='ocrx_word' id='word_1_490' title='bbox 624 2438 709 2465; x_wconf 82' lang='lat' dir='ltr'><strong>delere</strong></span> <span class='ocrx_word' id='word_1_491' title='bbox 725 2447 771 2465; x_wconf 80' lang='lat' dir='ltr'><strong>nos</strong></span> <span class='ocrx_word' id='word_1_492' title='bbox 787 2439 827 2465; x_wconf 72' lang='grc'><strong>⁸⁸⁸2</strong></span> <span class='ocrx_word' id='word_1_493' title='bbox 845 2439 879 2466; x_wconf 80' lang='lat' dir='ltr'><strong>At</strong></span> <span class='ocrx_word' id='word_1_494' title='bbox 901 2442 1006 2469; x_wconf 87' lang='lat' dir='ltr'><strong>animas</strong></span> 
     </span>
    </p>
   </div>
   <div class='ocr_carea' id='block_1_70' title="bbox 222 2478 1007 2520">
    <p class='ocr_par' dir='ltr' id='par_1_70' title="bbox 222 2478 1007 2520">
     <span class='ocr_line' id='line_1_70' title="bbox 222 2478 1007 2520; baseline 0.014 -16"><span class='ocrx_word' id='word_1_495' title='bbox 222 2478 258 2505; x_wconf 90' lang='lat' dir='ltr'><strong>ab</strong></span> <span class='ocrx_word' id='word_1_496' title='bbox 273 2479 367 2507; x_wconf 89' lang='lat' dir='ltr'><strong>inferis</strong></span> <span class='ocrx_word' id='word_1_497' title='bbox 378 2481 518 2513; x_wconf 86' lang='lat' dir='ltr'><strong>evocandi,</strong></span> <span class='ocrx_word' id='word_1_498' title='bbox 528 2486 554 2509; x_wconf 90' lang='lat' dir='ltr'><strong>et</strong></span> <span class='ocrx_word' id='word_1_499' title='bbox 569 2487 656 2510; x_wconf 60' lang='lat' dir='ltr'><strong>coetus</strong></span> <span class='ocrx_word' id='word_1_500' title='bbox 667 2485 823 2519; x_wconf 85' lang='lat' dir='ltr'><strong>angelorum</strong></span> <span class='ocrx_word' id='word_1_501' title='bbox 836 2486 881 2520; x_wconf 92' lang='lat' dir='ltr'><strong>qui</strong></span> <span class='ocrx_word' id='word_1_502' title='bbox 893 2494 941 2520; x_wconf 89' lang='lat' dir='ltr'><strong>per</strong></span> <span class='ocrx_word' id='word_1_503' title='bbox 952 2495 1007 2515; x_wconf 76' lang='lat' dir='ltr'><strong>cae-</strong></span> 
     </span>
    </p>
   </div>
   <div class='ocr_carea' id='block_1_71' title="bbox 222 2523 1006 2568">
    <p class='ocr_par' dir='ltr' id='par_1_71' title="bbox 222 2523 1006 2568">
     <span class='ocr_line' id='line_1_71' title="bbox 222 2523 1006 2568; baseline 0.014 -19"><span class='ocrx_word' id='word_1_504' title='bbox 222 2523 278 2550; x_wconf 92' lang='lat' dir='ltr'><strong>lum</strong></span> <span class='ocrx_word' id='word_1_505' title='bbox 297 2525 388 2552; x_wconf 88' lang='lat' dir='ltr'><strong>volant</strong></span> <span class='ocrx_word' id='word_1_506' title='bbox 408 2528 532 2554; x_wconf 88' lang='lat' dir='ltr'><strong>eumdem</strong></span> <span class='ocrx_word' id='word_1_507' title='bbox 554 2529 581 2555; x_wconf 94' lang='lat' dir='ltr'><strong>in</strong></span> <span class='ocrx_word' id='word_1_508' title='bbox 604 2529 692 2556; x_wconf 90' lang='lat' dir='ltr'><strong>locum</strong></span> <span class='ocrx_word' id='word_1_509' title='bbox 709 2531 886 2563; x_wconf 82' lang='lat' dir='ltr'><strong>convocandi,</strong></span> <span class='ocrx_word' id='word_1_510' title='bbox 906 2541 934 2559; x_wconf 86' lang='lat' dir='ltr'><strong>re</strong></span> <span class='ocrx_word' id='word_1_511' title='bbox 948 2533 1006 2568; x_wconf 90' lang='lat' dir='ltr'><strong>ipsa</strong></span> 
     </span>
    </p>
   </div>
   <div class='ocr_carea' id='block_1_72' title="bbox 221 2571 1007 2613">
    <p class='ocr_par' dir='ltr' id='par_1_72' title="bbox 221 2571 1007 2613">
     <span class='ocr_line' id='line_1_72' title="bbox 221 2571 1007 2613; baseline 0.013 -17"><span class='ocrx_word' id='word_1_512' title='bbox 221 2574 326 2597; x_wconf 80' lang='lat' dir='ltr'><strong>tantum</strong></span> <span class='ocrx_word' id='word_1_513' title='bbox 343 2571 414 2600; x_wconf 87' lang='lat' dir='ltr'><strong>Deus</strong></span> <span class='ocrx_word' id='word_1_514' title='bbox 436 2578 463 2600; x_wconf 84' lang='lat' dir='ltr'><strong>et</strong></span> <span class='ocrx_word' id='word_1_515' title='bbox 486 2574 672 2603; x_wconf 88' lang='lat' dir='ltr'><strong>divinissimus</strong></span> <span class='ocrx_word' id='word_1_516' title='bbox 696 2576 756 2609; x_wconf 85' lang='lat' dir='ltr'><strong>ejus</strong></span> <span class='ocrx_word' id='word_1_517' title='bbox 779 2576 863 2605; x_wconf 87' lang='lat' dir='ltr'><strong>Filius</strong></span> <span class='ocrx_word' id='word_1_518' title='bbox 887 2583 1007 2613; x_wconf 86' lang='lat' dir='ltr'><strong>potesta-</strong></span> 
     </span>
    </p>
   </div>
   <div class='ocr_carea' id='block_1_73' title="bbox 222 2617 1005 2661">
    <p class='ocr_par' dir='ltr' id='par_1_73' title="bbox 222 2617 1005 2661">
     <span class='ocr_line' id='line_1_73' title="bbox 222 2617 1005 2661; baseline 0.015 -20"><span class='ocrx_word' id='word_1_519' title='bbox 222 2619 275 2642; x_wconf 80' lang='lat' dir='ltr'><strong>tem</strong></span> <span class='ocrx_word' id='word_1_520' title='bbox 293 2617 381 2649; x_wconf 85' lang='lat' dir='ltr'><strong>habet,</strong></span> <span class='ocrx_word' id='word_1_521' title='bbox 399 2623 550 2655; x_wconf 71' lang='lat' dir='ltr'><strong>praeterque</strong></span> <span class='ocrx_word' id='word_1_522' title='bbox 563 2629 610 2649; x_wconf 86' lang='lat' dir='ltr'><strong>eos</strong></span> <span class='ocrx_word' id='word_1_523' title='bbox 625 2623 716 2649; x_wconf 90' lang='lat' dir='ltr'><strong>nullus</strong></span> <span class='ocrx_word' id='word_1_524' title='bbox 735 2624 856 2651; x_wconf 90' lang='lat' dir='ltr'><strong>omnino.</strong></span> <span class='ocrx_word' id='word_1_525' title='bbox 873 2624 901 2652; x_wconf 89' lang='lat' dir='ltr'><strong>Si</strong></span> <span class='ocrx_word' id='word_1_526' title='bbox 913 2625 1005 2661; x_wconf 84' lang='lat' dir='ltr'><strong>itaque</strong></span> 
     </span>
    </p>
   </div>
   <div class='ocr_carea' id='block_1_74' title="bbox 221 2661 1003 2705">
    <p class='ocr_par' dir='ltr' id='par_1_74' title="bbox 221 2661 1003 2705">
     <span class='ocr_line' id='line_1_74' title="bbox 221 2661 1003 2705; baseline 0.017 -18"><span class='ocrx_word' id='word_1_527' title='bbox 221 2661 358 2690; x_wconf 85' lang='lat' dir='ltr'><strong>invisibile</strong></span> <span class='ocrx_word' id='word_1_528' title='bbox 382 2663 427 2691; x_wconf 86' lang='lat' dir='ltr'><strong>Dei</strong></span> <span class='ocrx_word' id='word_1_529' title='bbox 453 2673 566 2701; x_wconf 82' lang='lat' dir='ltr'><strong>regnum</strong></span> <span class='ocrx_word' id='word_1_530' title='bbox 593 2674 625 2694; x_wconf 89' lang='lat' dir='ltr'><strong>ac</strong></span> <span class='ocrx_word' id='word_1_531' title='bbox 648 2672 743 2695; x_wconf 89' lang='lat' dir='ltr'><strong>sancto</strong></span> <span class='ocrx_word' id='word_1_532' title='bbox 763 2668 864 2705; x_wconf 85' lang='lat' dir='ltr'><strong>Spiritu</strong></span> <span class='ocrx_word' id='word_1_533' title='bbox 892 2676 1003 2699; x_wconf 90' lang='lat' dir='ltr'><strong>unctum</strong></span> 
     </span>
    </p>
   </div>
   <div class='ocr_carea' id='block_1_75' title="bbox 258 2739 862 2782">
    <p class='ocr_par' dir='ltr' id='par_1_75' title="bbox 258 2739 862 2782">
     <span class='ocr_line' id='line_1_75' title="bbox 258 2739 862 2782; baseline 0.015 -16"><span class='ocrx_word' id='word_1_534' title='bbox 258 2741 282 2758; x_wconf 69' lang='lat'><strong>‘7</strong></span> <span class='ocrx_word' id='word_1_535' title='bbox 295 2739 309 2766; x_wconf 93' lang='grc'><em>1</em></span> <span class='ocrx_word' id='word_1_536' title='bbox 324 2740 386 2776; x_wconf 81' lang='lat' dir='ltr'><strong>Reg.</strong></span> <span class='ocrx_word' id='word_1_537' title='bbox 403 2749 499 2775; x_wconf 80' lang='lat' dir='ltr'><strong>xxvm,</strong></span> <span class='ocrx_word' id='word_1_538' title='bbox 517 2744 559 2772; x_wconf 85' lang='lat' dir='ltr'><strong>I7.</strong></span> <span class='ocrx_word' id='word_1_539' title='bbox 604 2745 627 2761; x_wconf 75' lang='lat'><strong>&quot;</strong></span> <span class='ocrx_word' id='word_1_540' title='bbox 643 2745 740 2775; x_wconf 79' lang='lat' dir='ltr'><strong>Matth.</strong></span> <span class='ocrx_word' id='word_1_541' title='bbox 759 2746 862 2782; x_wconf 65' lang='lat'><strong>“11,29</strong></span> 
     </span>
    </p>
   </div>
   <div class='ocr_carea' id='block_1_76' title="bbox 258 2829 668 2863">
    <p class='ocr_par' dir='ltr' id='par_1_76' title="bbox 258 2829 668 2863">
     <span class='ocr_line' id='line_1_76' title="bbox 258 2829 668 2863; baseline 0.02 -9"><span class='ocrx_word' id='word_1_542' title='bbox 258 2829 314 2863; x_wconf 74' lang='grc'><strong>(18)</strong></span> <span class='ocrx_word' id='word_1_543' title='bbox 335 2830 464 2859; x_wconf 79' lang='grc' dir='ltr'><strong>Τοιαῦτα.</strong></span> <span class='ocrx_word' id='word_1_544' title='bbox 479 2832 560 2861; x_wconf 82' lang='lat' dir='ltr'><strong>Forte</strong></span> <span class='ocrx_word' id='word_1_545' title='bbox 574 2834 668 2862; x_wconf 84' lang='grc' dir='ltr'>ταῦτα.</span> 
     </span>
    </p>
   </div>
   <div class='ocr_carea' id='block_1_77' title="bbox 1070 929 1860 966">
    <p class='ocr_par' dir='ltr' id='par_1_77' title="bbox 1070 929 1860 966">
     <span class='ocr_line' id='line_1_77' title="bbox 1070 929 1860 966; baseline -0.003 -10"><span class='ocrx_word' id='word_1_546' title='bbox 1070 930 1266 965; x_wconf 73' lang='grc' dir='ltr'>ἀνθυπὲφερεν,</span> <span class='ocrx_word' id='word_1_547' title='bbox 1284 929 1321 961; x_wconf 80' lang='grc' dir='ltr'><strong>ὡς</strong></span> <span class='ocrx_word' id='word_1_548' title='bbox 1341 930 1370 956; x_wconf 78' lang='grc' dir='ltr'>οὐ</span> <span class='ocrx_word' id='word_1_549' title='bbox 1394 929 1480 966; x_wconf 86' lang='grc' dir='ltr'>χρεὼν</span> <span class='ocrx_word' id='word_1_550' title='bbox 1499 929 1541 964; x_wconf 70' lang='grc' dir='ltr'>εἴη</span> <span class='ocrx_word' id='word_1_551' title='bbox 1565 931 1644 961; x_wconf 85' lang='grc' dir='ltr'>νοεῖν,</span> <span class='ocrx_word' id='word_1_552' title='bbox 1663 930 1703 955; x_wconf 71' lang='grc' dir='ltr'>ὅτι</span> <span class='ocrx_word' id='word_1_553' title='bbox 1725 929 1860 963; x_wconf 78' lang='grc' dir='ltr'>δαιμόνιον</span> 
     </span>
    </p>
   </div>
   <div class='ocr_carea' id='block_1_78' title="bbox 1070 975 1859 1011">
    <p class='ocr_par' dir='ltr' id='par_1_78' title="bbox 1070 975 1859 1011">
     <span class='ocr_line' id='line_1_78' title="bbox 1070 975 1859 1011; baseline -0.001 -10"><span class='ocrx_word' id='word_1_554' title='bbox 1070 975 1234 1011; x_wconf 79' lang='grc' dir='ltr'><strong>προφητεύει</strong></span> <span class='ocrx_word' id='word_1_555' title='bbox 1259 976 1324 1011; x_wconf 77' lang='grc' dir='ltr'>περὶ</span> <span class='ocrx_word' id='word_1_556' title='bbox 1348 975 1485 1010; x_wconf 76' lang='grc' dir='ltr'><strong>βασιλείας</strong></span> <span class='ocrx_word' id='word_1_557' title='bbox 1506 975 1712 1011; x_wconf 81' lang='grc' dir='ltr'>Ἰσραηλιτικῆς.</span> <span class='ocrx_word' id='word_1_558' title='bbox 1736 975 1805 1010; x_wconf 85' lang='grc' dir='ltr'>Ἤδη</span> <span class='ocrx_word' id='word_1_559' title='bbox 1832 975 1859 1000; x_wconf 75' lang='grc' dir='ltr'><strong>δὲ</strong></span> 
     </span>
    </p>
   </div>
   <div class='ocr_carea' id='block_1_79' title="bbox 1068 1020 1859 1057">
    <p class='ocr_par' dir='ltr' id='par_1_79' title="bbox 1068 1020 1859 1057">
     <span class='ocr_line' id='line_1_79' title="bbox 1068 1020 1859 1057; baseline -0.003 -9"><span class='ocrx_word' id='word_1_560' title='bbox 1068 1022 1116 1048; x_wconf 73' lang='grc' dir='ltr'>καὶ</span> <span class='ocrx_word' id='word_1_561' title='bbox 1132 1021 1246 1057; x_wconf 82' lang='grc' dir='ltr'>πρόσθεν</span> <span class='ocrx_word' id='word_1_562' title='bbox 1262 1022 1365 1057; x_wconf 75' lang='grc' dir='ltr'>ἔφαμεν</span> <span class='ocrx_word' id='word_1_563' title='bbox 1388 1022 1429 1047; x_wconf 78' lang='grc' dir='ltr'>ὅτι</span> <span class='ocrx_word' id='word_1_564' title='bbox 1449 1021 1534 1048; x_wconf 84' lang='grc' dir='ltr'>ταῦτα</span> <span class='ocrx_word' id='word_1_565' title='bbox 1556 1021 1590 1047; x_wconf 76' lang='grc' dir='ltr'>τὰ</span> <span class='ocrx_word' id='word_1_566' title='bbox 1612 1022 1722 1056; x_wconf 73' lang='grc' dir='ltr'>ῥήματα</span> <span class='ocrx_word' id='word_1_567' title='bbox 1745 1020 1784 1055; x_wconf 76' lang='grc' dir='ltr'><strong>τῷ</strong></span> <span class='ocrx_word' id='word_1_568' title='bbox 1807 1021 1859 1047; x_wconf 81' lang='grc' dir='ltr'><strong>Σα-</strong></span> 
     </span>
    </p>
   </div>
   <div class='ocr_carea' id='block_1_80' title="bbox 1070 1067 1859 1103">
    <p class='ocr_par' dir='ltr' id='par_1_80' title="bbox 1070 1067 1859 1103">
     <span class='ocr_line' id='line_1_80' title="bbox 1070 1067 1859 1103; baseline -0.004 -9"><span class='ocrx_word' id='word_1_569' title='bbox 1070 1067 1154 1103; x_wconf 83' lang='grc' dir='ltr'>μουὴλ</span> <span class='ocrx_word' id='word_1_570' title='bbox 1175 1068 1306 1103; x_wconf 82' lang='grc' dir='ltr'>είρημένα</span> <span class='ocrx_word' id='word_1_571' title='bbox 1328 1068 1444 1103; x_wconf 78' lang='grc' dir='ltr'>πρόσθεν</span> <span class='ocrx_word' id='word_1_572' title='bbox 1464 1067 1574 1101; x_wconf 70' lang='grc' dir='ltr'>ἔκλεψεν</span> <span class='ocrx_word' id='word_1_573' title='bbox 1595 1068 1608 1093; x_wconf 85' lang='grc' dir='ltr'>ὁ</span> <span class='ocrx_word' id='word_1_574' title='bbox 1624 1067 1738 1102; x_wconf 77' lang='grc' dir='ltr'>δαίμων,</span> <span class='ocrx_word' id='word_1_575' title='bbox 1762 1067 1804 1092; x_wconf 79' lang='grc' dir='ltr'><strong>ἵνα</strong></span> <span class='ocrx_word' id='word_1_576' title='bbox 1827 1067 1859 1102; x_wconf 78' lang='grc' dir='ltr'>δὴ</span> 
     </span>
    </p>
   </div>
   <div class='ocr_carea' id='block_1_81' title="bbox 1067 1112 1858 1149">
    <p class='ocr_par' dir='ltr' id='par_1_81' title="bbox 1067 1112 1858 1149">
     <span class='ocr_line' id='line_1_81' title="bbox 1067 1112 1858 1149; baseline -0.001 -9"><span class='ocrx_word' id='word_1_577' title='bbox 1067 1113 1112 1140; x_wconf 78' lang='grc' dir='ltr'><strong>τὸν</strong></span> <span class='ocrx_word' id='word_1_578' title='bbox 1139 1113 1257 1149; x_wconf 73' lang='grc' dir='ltr'>ἔκφρονα</span> <span class='ocrx_word' id='word_1_579' title='bbox 1280 1114 1365 1139; x_wconf 86' lang='grc' dir='ltr'>Σαοὺλ</span> <span class='ocrx_word' id='word_1_580' title='bbox 1397 1113 1569 1148; x_wconf 77' lang='grc' dir='ltr'><strong>ἐξαπατήσας</strong></span> <span class='ocrx_word' id='word_1_581' title='bbox 1594 1112 1646 1138; x_wconf 73' lang='grc' dir='ltr'>ἴδια</span> <span class='ocrx_word' id='word_1_582' title='bbox 1667 1112 1729 1147; x_wconf 71' lang='grc' dir='ltr'><strong>δόξῃ</strong></span> <span class='ocrx_word' id='word_1_583' title='bbox 1759 1112 1858 1146; x_wconf 76' lang='grc' dir='ltr'>λέγειν.</span> 
     </span>
    </p>
   </div>
   <div class='ocr_carea' id='block_1_82' title="bbox 1074 1157 1858 1194">
    <p class='ocr_par' dir='ltr' id='par_1_82' title="bbox 1074 1157 1858 1194">
     <span class='ocr_line' id='line_1_82' title="bbox 1074 1157 1858 1194; baseline -0.001 -9"><span class='ocrx_word' id='word_1_584' title='bbox 1074 1159 1142 1185; x_wconf 83' lang='grc' dir='ltr'>Ἀλλ’</span> <span class='ocrx_word' id='word_1_585' title='bbox 1156 1157 1232 1191; x_wconf 77' lang='grc' dir='ltr'>οὗτος</span> <span class='ocrx_word' id='word_1_586' title='bbox 1251 1160 1281 1185; x_wconf 84' lang='grc' dir='ltr'>οὐ</span> <span class='ocrx_word' id='word_1_587' title='bbox 1296 1160 1482 1194; x_wconf 78' lang='grc' dir='ltr'>προσποιεῖται</span> <span class='ocrx_word' id='word_1_588' title='bbox 1504 1158 1539 1184; x_wconf 81' lang='grc' dir='ltr'>τὰ</span> <span class='ocrx_word' id='word_1_589' title='bbox 1559 1159 1647 1185; x_wconf 85' lang='grc' dir='ltr'>τοιάδε</span> <span class='ocrx_word' id='word_1_590' title='bbox 1667 1158 1714 1185; x_wconf 75' lang='grc' dir='ltr'>τοῦ</span> <span class='ocrx_word' id='word_1_591' title='bbox 1735 1158 1858 1185; x_wconf 69' lang='grc' dir='ltr'>διαϐόλου</span> 
     </span>
    </p>
   </div>
   <div class='ocr_carea' id='block_1_83' title="bbox 1067 1204 1858 1241">
    <p class='ocr_par' dir='ltr' id='par_1_83' title="bbox 1067 1204 1858 1241">
     <span class='ocr_line' id='line_1_83' title="bbox 1067 1204 1858 1241; baseline -0.003 -9"><span class='ocrx_word' id='word_1_592' title='bbox 1067 1205 1191 1241; x_wconf 82' lang='grc' dir='ltr'>δράματα</span> <span class='ocrx_word' id='word_1_593' title='bbox 1216 1205 1374 1240; x_wconf 74' lang='grc' dir='ltr'>γινώσκειν·</span> <span class='ocrx_word' id='word_1_594' title='bbox 1404 1206 1441 1237; x_wconf 85' lang='grc' dir='ltr'>ὡς</span> <span class='ocrx_word' id='word_1_595' title='bbox 1465 1204 1511 1232; x_wconf 79' lang='grc' dir='ltr'><strong>οὖν</strong></span> <span class='ocrx_word' id='word_1_596' title='bbox 1535 1205 1620 1231; x_wconf 83' lang='grc' dir='ltr'>ὲδὸκει</span> <span class='ocrx_word' id='word_1_597' title='bbox 1643 1205 1797 1240; x_wconf 80' lang='grc' dir='ltr'>προλέγειν,</span> <span class='ocrx_word' id='word_1_598' title='bbox 1818 1205 1858 1231; x_wconf 75' lang='grc' dir='ltr'>ὅτι</span> 
     </span>
    </p>
   </div>
   <div class='ocr_carea' id='block_1_84' title="bbox 1066 1251 1858 1287">
    <p class='ocr_par' dir='ltr' id='par_1_84' title="bbox 1066 1251 1858 1287">
     <span class='ocr_line' id='line_1_84' title="bbox 1066 1251 1858 1287; baseline -0.003 -9"><span class='ocrx_word' id='word_1_599' title='bbox 1066 1251 1259 1286; x_wconf 77' lang='grc' dir='ltr'>διαρῤαγήσοι</span> <span class='ocrx_word' id='word_1_600' title='bbox 1279 1251 1325 1278; x_wconf 73' lang='grc' dir='ltr'><strong>τοῦ</strong></span> <span class='ocrx_word' id='word_1_601' title='bbox 1355 1251 1533 1287; x_wconf 85' lang='grc' dir='ltr'>παραπλῆγος</span> <span class='ocrx_word' id='word_1_602' title='bbox 1556 1252 1574 1285; x_wconf 78' lang='grc' dir='ltr'>ἡ</span> <span class='ocrx_word' id='word_1_603' title='bbox 1598 1251 1760 1283; x_wconf 76' lang='grc' dir='ltr'>βασιλεία,</span> <span class='ocrx_word' id='word_1_604' title='bbox 1785 1260 1858 1285; x_wconf 83' lang='grc' dir='ltr'>τηνι-</span> 
     </span>
    </p>
   </div>
   <div class='ocr_carea' id='block_1_85' title="bbox 1067 1297 1858 1333">
    <p class='ocr_par' dir='ltr' id='par_1_85' title="bbox 1067 1297 1858 1333">
     <span class='ocr_line' id='line_1_85' title="bbox 1067 1297 1858 1333; baseline 0 -9"><span class='ocrx_word' id='word_1_605' title='bbox 1067 1297 1154 1324; x_wconf 86' lang='grc' dir='ltr'>καῦτα</span> <span class='ocrx_word' id='word_1_606' title='bbox 1177 1298 1340 1333; x_wconf 82' lang='grc' dir='ltr'>προσετίθει·</span> <span class='ocrx_word' id='word_1_607' title='bbox 1355 1298 1408 1324; x_wconf 81' lang='grc' dir='ltr'><strong>Καὶ</strong></span> <span class='ocrx_word' id='word_1_608' title='bbox 1423 1297 1511 1324; x_wconf 87' lang='grc' dir='ltr'>δώσει</span> <span class='ocrx_word' id='word_1_609' title='bbox 1534 1297 1630 1331; x_wconf 75' lang='grc' dir='ltr'>αὐτὴν</span> <span class='ocrx_word' id='word_1_610' title='bbox 1658 1297 1698 1330; x_wconf 80' lang='grc' dir='ltr'>τῷ</span> <span class='ocrx_word' id='word_1_611' title='bbox 1724 1298 1858 1330; x_wconf 73' lang='grc' dir='ltr'>πλησίον</span> 
     </span>
    </p>
   </div>
   <div class='ocr_carea' id='block_1_86' title="bbox 1066 1343 1858 1379">
    <p class='ocr_par' dir='ltr' id='par_1_86' title="bbox 1066 1343 1858 1379">
     <span class='ocr_line' id='line_1_86' title="bbox 1066 1343 1858 1379; baseline -0.001 -9"><span class='ocrx_word' id='word_1_612' title='bbox 1066 1351 1123 1370; x_wconf 82' lang='grc' dir='ltr'><strong>σου</strong></span> <span class='ocrx_word' id='word_1_613' title='bbox 1146 1344 1186 1376; x_wconf 83' lang='grc' dir='ltr'>τῷ</span> <span class='ocrx_word' id='word_1_614' title='bbox 1210 1344 1309 1371; x_wconf 83' lang='grc' dir='ltr'>Δαυΐδ.</span> <span class='ocrx_word' id='word_1_615' title='bbox 1333 1345 1360 1371; x_wconf 94' lang='lat'><strong>&#39;0</strong></span> <span class='ocrx_word' id='word_1_616' title='bbox 1387 1344 1508 1379; x_wconf 83' lang='grc' dir='ltr'>μέντοιγε</span> <span class='ocrx_word' id='word_1_617' title='bbox 1535 1343 1687 1378; x_wconf 77' lang='grc' dir='ltr'>πολυῖστωρ</span> <span class='ocrx_word' id='word_1_618' title='bbox 1717 1343 1858 1379; x_wconf 72' lang='grc' dir='ltr'>Ὠριγένης</span> 
     </span>
    </p>
   </div>
   <div class='ocr_carea' id='block_1_87' title="bbox 1065 1388 1858 1426">
    <p class='ocr_par' dir='ltr' id='par_1_87' title="bbox 1065 1388 1858 1426">
     <span class='ocr_line' id='line_1_87' title="bbox 1065 1388 1858 1426; baseline -0.003 -10"><span class='ocrx_word' id='word_1_619' title='bbox 1065 1389 1181 1416; x_wconf 76' lang='grc' dir='ltr'>ἐνταῦθα</span> <span class='ocrx_word' id='word_1_620' title='bbox 1208 1390 1327 1426; x_wconf 77' lang='grc' dir='ltr'>κινηθεὶς</span> <span class='ocrx_word' id='word_1_621' title='bbox 1343 1389 1410 1425; x_wconf 77' lang='grc' dir='ltr'>ἔφη·</span> <span class='ocrx_word' id='word_1_622' title='bbox 1438 1390 1579 1425; x_wconf 64' lang='grc' dir='ltr'>Δαιμόνιον</span> <span class='ocrx_word' id='word_1_623' title='bbox 1595 1390 1622 1415; x_wconf 82' lang='grc' dir='ltr'>δὲ</span> <span class='ocrx_word' id='word_1_624' title='bbox 1645 1389 1744 1423; x_wconf 83' lang='grc' dir='ltr'>λέγων,</span> <span class='ocrx_word' id='word_1_625' title='bbox 1761 1389 1791 1415; x_wconf 75' lang='grc' dir='ltr'>οὐ</span> <span class='ocrx_word' id='word_1_626' title='bbox 1813 1388 1858 1415; x_wconf 72' lang='grc' dir='ltr'><strong>δύ-</strong></span> 
     </span>
    </p>
   </div>
   <div class='ocr_carea' id='block_1_88' title="bbox 1065 1435 1855 1471">
    <p class='ocr_par' dir='ltr' id='par_1_88' title="bbox 1065 1435 1855 1471">
     <span class='ocr_line' id='line_1_88' title="bbox 1065 1435 1855 1471; baseline -0.003 -9"><span class='ocrx_word' id='word_1_627' title='bbox 1065 1445 1142 1463; x_wconf 87' lang='grc' dir='ltr'>ναται</span> <span class='ocrx_word' id='word_1_628' title='bbox 1158 1436 1254 1463; x_wconf 78' lang='grc' dir='ltr'>εἰδέναι</span> <span class='ocrx_word' id='word_1_629' title='bbox 1266 1436 1315 1471; x_wconf 79' lang='grc' dir='ltr'>τὴν</span> <span class='ocrx_word' id='word_1_630' title='bbox 1332 1435 1467 1470; x_wconf 76' lang='grc' dir='ltr'>βασιλείαν</span> <span class='ocrx_word' id='word_1_631' title='bbox 1483 1435 1563 1462; x_wconf 78' lang='grc' dir='ltr'>Δαυῒδ</span> <span class='ocrx_word' id='word_1_632' title='bbox 1580 1435 1632 1461; x_wconf 76' lang='grc' dir='ltr'><strong>ὑπὸ</strong></span> <span class='ocrx_word' id='word_1_633' title='bbox 1646 1436 1750 1470; x_wconf 82' lang='grc' dir='ltr'>Κυρίου</span> <span class='ocrx_word' id='word_1_634' title='bbox 1765 1443 1855 1470; x_wconf 82' lang='grc' dir='ltr'>χειρο-</span> 
     </span>
    </p>
   </div>
   <div class='ocr_carea' id='block_1_89' title="bbox 1064 1480 1858 1517">
    <p class='ocr_par' dir='ltr' id='par_1_89' title="bbox 1064 1480 1858 1517">
     <span class='ocr_line' id='line_1_89' title="bbox 1064 1480 1858 1517; baseline -0.003 -8"><span class='ocrx_word' id='word_1_635' title='bbox 1064 1482 1237 1517; x_wconf 81' lang='grc' dir='ltr'>τονηθεῖσαν·</span> <span class='ocrx_word' id='word_1_636' title='bbox 1268 1482 1325 1508; x_wconf 79' lang='grc' dir='ltr'>ἀλλ’</span> <span class='ocrx_word' id='word_1_637' title='bbox 1353 1481 1446 1517; x_wconf 76' lang='grc' dir='ltr'>ἔμοιγε</span> <span class='ocrx_word' id='word_1_638' title='bbox 1475 1480 1623 1517; x_wconf 78' lang='grc' dir='ltr'>θαυμάζειν</span> <span class='ocrx_word' id='word_1_639' title='bbox 1649 1481 1754 1508; x_wconf 78' lang='grc' dir='ltr'>ἔπεισιν</span> <span class='ocrx_word' id='word_1_640' title='bbox 1783 1482 1858 1513; x_wconf 77' lang='grc' dir='ltr'>ὅπως</span> 
     </span>
    </p>
   </div>
   <div class='ocr_carea' id='block_1_90' title="bbox 1065 1525 1857 1563">
    <p class='ocr_par' dir='ltr' id='par_1_90' title="bbox 1065 1525 1857 1563">
     <span class='ocr_line' id='line_1_90' title="bbox 1065 1525 1857 1563; baseline -0.003 -8"><span class='ocrx_word' id='word_1_641' title='bbox 1065 1525 1141 1559; x_wconf 75' lang='grc' dir='ltr'>οὗτος</span> <span class='ocrx_word' id='word_1_642' title='bbox 1153 1528 1318 1563; x_wconf 76' lang='grc' dir='ltr'>ἀποφέρεται</span> <span class='ocrx_word' id='word_1_643' title='bbox 1331 1527 1409 1559; x_wconf 76' lang='grc' dir='ltr'>δόξαν</span> <span class='ocrx_word' id='word_1_644' title='bbox 1425 1528 1468 1553; x_wconf 73' lang='grc' dir='ltr'><strong>ἐπ’</strong></span> <span class='ocrx_word' id='word_1_645' title='bbox 1485 1527 1609 1562; x_wconf 69' lang='grc' dir='ltr'>εὐϐουλία</span> <span class='ocrx_word' id='word_1_646' title='bbox 1626 1527 1701 1563; x_wconf 83' lang='grc' dir='ltr'><strong>παρά</strong></span> <span class='ocrx_word' id='word_1_647' title='bbox 1718 1529 1775 1558; x_wconf 83' lang='grc' dir='ltr'>τοῖς</span> <span class='ocrx_word' id='word_1_648' title='bbox 1791 1527 1857 1553; x_wconf 85' lang='grc' dir='ltr'>πολ-</span> 
     </span>
    </p>
   </div>
   <div class='ocr_carea' id='block_1_91' title="bbox 1065 1573 1857 1610">
    <p class='ocr_par' dir='ltr' id='par_1_91' title="bbox 1065 1573 1857 1610">
     <span class='ocr_line' id='line_1_91' title="bbox 1065 1573 1857 1610; baseline 0 -10"><span class='ocrx_word' id='word_1_649' title='bbox 1065 1574 1130 1606; x_wconf 82' lang='grc' dir='ltr'>λοῖς,</span> <span class='ocrx_word' id='word_1_650' title='bbox 1147 1575 1184 1606; x_wconf 88' lang='grc' dir='ltr'><strong>ὡς</strong></span> <span class='ocrx_word' id='word_1_651' title='bbox 1205 1574 1317 1610; x_wconf 76' lang='grc' dir='ltr'>ἔμφρων</span> <span class='ocrx_word' id='word_1_652' title='bbox 1339 1575 1396 1609; x_wconf 77' lang='grc' dir='ltr'>ἅμα</span> <span class='ocrx_word' id='word_1_653' title='bbox 1415 1575 1461 1600; x_wconf 77' lang='grc' dir='ltr'><strong>καὶ</strong></span> <span class='ocrx_word' id='word_1_654' title='bbox 1477 1573 1588 1610; x_wconf 79' lang='grc' dir='ltr'>γνώμης</span> <span class='ocrx_word' id='word_1_655' title='bbox 1610 1575 1729 1610; x_wconf 84' lang='grc' dir='ltr'>ἄριστος.</span> <span class='ocrx_word' id='word_1_656' title='bbox 1753 1575 1785 1600; x_wconf 84' lang='grc' dir='ltr'>Εἰ</span> <span class='ocrx_word' id='word_1_657' title='bbox 1808 1575 1857 1609; x_wconf 81' lang='grc' dir='ltr'><strong>μὲν</strong></span> 
     </span>
    </p>
   </div>
   <div class='ocr_carea' id='block_1_92' title="bbox 1065 1618 1856 1655">
    <p class='ocr_par' dir='ltr' id='par_1_92' title="bbox 1065 1618 1856 1655">
     <span class='ocr_line' id='line_1_92' title="bbox 1065 1618 1856 1655; baseline 0 -9"><span class='ocrx_word' id='word_1_658' title='bbox 1065 1618 1111 1647; x_wconf 80' lang='grc' dir='ltr'>οὖν</span> <span class='ocrx_word' id='word_1_659' title='bbox 1127 1620 1223 1655; x_wconf 78' lang='grc' dir='ltr'>ἄδηλος</span> <span class='ocrx_word' id='word_1_660' title='bbox 1234 1618 1268 1655; x_wconf 82' lang='grc' dir='ltr'>ἦν</span> <span class='ocrx_word' id='word_1_661' title='bbox 1285 1621 1301 1655; x_wconf 80' lang='grc' dir='ltr'>ἡ</span> <span class='ocrx_word' id='word_1_662' title='bbox 1316 1619 1447 1654; x_wconf 82' lang='grc' dir='ltr'>βασιλεία,</span> <span class='ocrx_word' id='word_1_663' title='bbox 1462 1618 1525 1655; x_wconf 79' lang='grc' dir='ltr'>ἐξῆν</span> <span class='ocrx_word' id='word_1_664' title='bbox 1538 1620 1570 1646; x_wconf 87' lang='grc' dir='ltr'>ἂν</span> <span class='ocrx_word' id='word_1_665' title='bbox 1585 1621 1648 1652; x_wconf 76' lang='grc' dir='ltr'>ἴσως</span> <span class='ocrx_word' id='word_1_666' title='bbox 1664 1621 1776 1654; x_wconf 82' lang='grc' dir='ltr'>ἄγνοιαν</span> <span class='ocrx_word' id='word_1_667' title='bbox 1791 1621 1856 1646; x_wconf 77' lang='grc' dir='ltr'>ὑπο-</span> 
     </span>
    </p>
   </div>
   <div class='ocr_carea' id='block_1_93' title="bbox 1065 1664 1856 1701">
    <p class='ocr_par' dir='ltr' id='par_1_93' title="bbox 1065 1664 1856 1701">
     <span class='ocr_line' id='line_1_93' title="bbox 1065 1664 1856 1701; baseline 0.001 -11"><span class='ocrx_word' id='word_1_668' title='bbox 1065 1664 1203 1699; x_wconf 81' lang='grc' dir='ltr'>κρίνεσθαί</span> <span class='ocrx_word' id='word_1_669' title='bbox 1217 1673 1279 1691; x_wconf 86' lang='grc' dir='ltr'>τινα</span> <span class='ocrx_word' id='word_1_670' title='bbox 1291 1665 1492 1700; x_wconf 81' lang='grc' dir='ltr'>σκηπτόμενον·</span> <span class='ocrx_word' id='word_1_671' title='bbox 1510 1666 1533 1691; x_wconf 82' lang='grc' dir='ltr'><strong>εἰ</strong></span> <span class='ocrx_word' id='word_1_672' title='bbox 1550 1665 1578 1692; x_wconf 78' lang='grc' dir='ltr'>δὲ</span> <span class='ocrx_word' id='word_1_673' title='bbox 1598 1666 1794 1701; x_wconf 71' lang='grc' dir='ltr'>μεμαρτύρητο</span> <span class='ocrx_word' id='word_1_674' title='bbox 1809 1666 1856 1700; x_wconf 76' lang='grc' dir='ltr'>μὲν</span> 
     </span>
    </p>
   </div>
   <div class='ocr_carea' id='block_1_94' title="bbox 1066 1710 1855 1745">
    <p class='ocr_par' dir='ltr' id='par_1_94' title="bbox 1066 1710 1855 1745">
     <span class='ocr_line' id='line_1_94' title="bbox 1066 1710 1855 1745; baseline 0.001 -9"><span class='ocrx_word' id='word_1_675' title='bbox 1066 1711 1118 1736; x_wconf 77' lang='grc' dir='ltr'>ὑπὸ</span> <span class='ocrx_word' id='word_1_676' title='bbox 1133 1710 1179 1736; x_wconf 75' lang='grc' dir='ltr'>τοῦ</span> <span class='ocrx_word' id='word_1_677' title='bbox 1195 1710 1272 1742; x_wconf 75' lang='grc' dir='ltr'>Θεοῦ,</span> <span class='ocrx_word' id='word_1_678' title='bbox 1290 1710 1416 1745; x_wconf 79' lang='grc' dir='ltr'>κέχριστο</span> <span class='ocrx_word' id='word_1_679' title='bbox 1432 1710 1454 1736; x_wconf 84' lang='grc' dir='ltr'>δ’</span> <span class='ocrx_word' id='word_1_680' title='bbox 1471 1710 1517 1737; x_wconf 72' lang='grc' dir='ltr'>ἐπὶ</span> <span class='ocrx_word' id='word_1_681' title='bbox 1538 1710 1641 1741; x_wconf 81' lang='grc' dir='ltr'>τούτοις</span> <span class='ocrx_word' id='word_1_682' title='bbox 1659 1711 1712 1737; x_wconf 78' lang='grc' dir='ltr'>ὑπὸ</span> <span class='ocrx_word' id='word_1_683' title='bbox 1736 1711 1783 1737; x_wconf 72' lang='grc' dir='ltr'>τοῦ</span> <span class='ocrx_word' id='word_1_684' title='bbox 1807 1711 1855 1737; x_wconf 74' lang='grc' dir='ltr'><strong>Σα-</strong></span> 
     </span>
    </p>
   </div>
   <div class='ocr_carea' id='block_1_95' title="bbox 1065 1755 1855 1792">
    <p class='ocr_par' dir='ltr' id='par_1_95' title="bbox 1065 1755 1855 1792">
     <span class='ocr_line' id='line_1_95' title="bbox 1065 1755 1855 1792; baseline 0.001 -10"><span class='ocrx_word' id='word_1_685' title='bbox 1065 1755 1159 1791; x_wconf 80' lang='grc' dir='ltr'>μουὴλ,</span> <span class='ocrx_word' id='word_1_686' title='bbox 1180 1755 1207 1782; x_wconf 76' lang='grc' dir='ltr'><strong>ἒν</strong></span> <span class='ocrx_word' id='word_1_687' title='bbox 1230 1764 1258 1781; x_wconf 80' lang='grc' dir='ltr'><strong>τε</strong></span> <span class='ocrx_word' id='word_1_688' title='bbox 1281 1757 1337 1787; x_wconf 87' lang='grc' dir='ltr'>τοῖς</span> <span class='ocrx_word' id='word_1_689' title='bbox 1355 1755 1481 1791; x_wconf 79' lang='grc' dir='ltr'>πολέμοις</span> <span class='ocrx_word' id='word_1_690' title='bbox 1501 1757 1650 1792; x_wconf 80' lang='grc' dir='ltr'>ἀριστεύων</span> <span class='ocrx_word' id='word_1_691' title='bbox 1671 1757 1715 1783; x_wconf 77' lang='grc' dir='ltr'><strong>ἀεὶ</strong></span> <span class='ocrx_word' id='word_1_692' title='bbox 1732 1757 1855 1792; x_wconf 74' lang='grc' dir='ltr'>γαμϐρὸς</span> 
     </span>
    </p>
   </div>
   <div class='ocr_carea' id='block_1_96' title="bbox 1064 1802 1856 1839">
    <p class='ocr_par' dir='ltr' id='par_1_96' title="bbox 1064 1802 1856 1839">
     <span class='ocr_line' id='line_1_96' title="bbox 1064 1802 1856 1839; baseline 0.001 -11"><span class='ocrx_word' id='word_1_693' title='bbox 1064 1802 1233 1829; x_wconf 76' lang='grc' dir='ltr'>ἀναδέδεικτο</span> <span class='ocrx_word' id='word_1_694' title='bbox 1243 1802 1289 1828; x_wconf 79' lang='grc' dir='ltr'>τοῦ</span> <span class='ocrx_word' id='word_1_695' title='bbox 1303 1802 1444 1838; x_wconf 83' lang='grc' dir='ltr'>βασιλέως,</span> <span class='ocrx_word' id='word_1_696' title='bbox 1458 1802 1528 1829; x_wconf 81' lang='grc' dir='ltr'>ὥστε</span> <span class='ocrx_word' id='word_1_697' title='bbox 1538 1803 1624 1838; x_wconf 86' lang='grc' dir='ltr'>τούτῳ</span> <span class='ocrx_word' id='word_1_698' title='bbox 1638 1803 1687 1838; x_wconf 83' lang='grc' dir='ltr'>μὲν</span> <span class='ocrx_word' id='word_1_699' title='bbox 1701 1803 1751 1834; x_wconf 82' lang='grc' dir='ltr'>τὰς</span> <span class='ocrx_word' id='word_1_700' title='bbox 1766 1811 1856 1839; x_wconf 85' lang='grc' dir='ltr'>χορευ-</span> 
     </span>
    </p>
   </div>
   <div class='ocr_carea' id='block_1_97' title="bbox 1062 1847 1855 1884">
    <p class='ocr_par' dir='ltr' id='par_1_97' title="bbox 1062 1847 1855 1884">
     <span class='ocr_line' id='line_1_97' title="bbox 1062 1847 1855 1884; baseline 0.003 -11"><span class='ocrx_word' id='word_1_701' title='bbox 1062 1847 1144 1879; x_wconf 80' lang='grc' dir='ltr'>ούσας</span> <span class='ocrx_word' id='word_1_702' title='bbox 1153 1848 1284 1883; x_wconf 81' lang='grc' dir='ltr'>ἀναϐῆναι</span> <span class='ocrx_word' id='word_1_703' title='bbox 1297 1849 1345 1880; x_wconf 80' lang='grc' dir='ltr'>τὰς</span> <span class='ocrx_word' id='word_1_704' title='bbox 1361 1848 1501 1884; x_wconf 82' lang='grc' dir='ltr'>μυριάδας,</span> <span class='ocrx_word' id='word_1_705' title='bbox 1517 1847 1555 1883; x_wconf 80' lang='grc' dir='ltr'><strong>τῷ</strong></span> <span class='ocrx_word' id='word_1_706' title='bbox 1569 1848 1596 1875; x_wconf 77' lang='grc' dir='ltr'>δὲ</span> <span class='ocrx_word' id='word_1_707' title='bbox 1611 1848 1696 1875; x_wconf 80' lang='grc' dir='ltr'>Σαοὺλ</span> <span class='ocrx_word' id='word_1_708' title='bbox 1709 1849 1855 1875; x_wconf 80' lang='grc' dir='ltr'>ἀποδοῦναι</span> 
     </span>
    </p>
   </div>
   <div class='ocr_carea' id='block_1_98' title="bbox 1061 1893 1855 1931">
    <p class='ocr_par' dir='ltr' id='par_1_98' title="bbox 1061 1893 1855 1931">
     <span class='ocr_line' id='line_1_98' title="bbox 1061 1893 1855 1931; baseline 0.001 -11"><span class='ocrx_word' id='word_1_709' title='bbox 1061 1893 1110 1925; x_wconf 76' lang='grc' dir='ltr'>τὰς</span> <span class='ocrx_word' id='word_1_710' title='bbox 1122 1894 1240 1929; x_wconf 80' lang='grc' dir='ltr'>χιλιάδας</span> <span class='ocrx_word' id='word_1_711' title='bbox 1251 1903 1257 1909; x_wconf 89' lang='grc'><strong>·</strong></span> <span class='ocrx_word' id='word_1_712' title='bbox 1279 1896 1303 1920; x_wconf 86' lang='grc' dir='ltr'>εἰ</span> <span class='ocrx_word' id='word_1_713' title='bbox 1320 1894 1347 1920; x_wconf 80' lang='grc' dir='ltr'>δὲ</span> <span class='ocrx_word' id='word_1_714' title='bbox 1358 1894 1441 1921; x_wconf 83' lang='grc' dir='ltr'>ταῦτα</span> <span class='ocrx_word' id='word_1_715' title='bbox 1453 1895 1499 1921; x_wconf 81' lang='grc' dir='ltr'>καὶ</span> <span class='ocrx_word' id='word_1_716' title='bbox 1514 1894 1676 1921; x_wconf 79' lang='grc' dir='ltr'>τὰ.τοιαῦτα</span> <span class='ocrx_word' id='word_1_717' title='bbox 1690 1895 1855 1931; x_wconf 82' lang='grc' dir='ltr'>καθεστήκει</span> 
     </span>
    </p>
   </div>
   <div class='ocr_carea' id='block_1_99' title="bbox 1063 1938 1855 1976">
    <p class='ocr_par' dir='ltr' id='par_1_99' title="bbox 1063 1938 1855 1976">
     <span class='ocr_line' id='line_1_99' title="bbox 1063 1938 1855 1976; baseline 0.001 -10"><span class='ocrx_word' id='word_1_718' title='bbox 1063 1940 1146 1975; x_wconf 79' lang='grc' dir='ltr'>σαφῆ,</span> <span class='ocrx_word' id='word_1_719' title='bbox 1157 1940 1183 1967; x_wconf 83' lang='grc' dir='ltr'><strong>τί</strong></span> <span class='ocrx_word' id='word_1_720' title='bbox 1200 1940 1271 1972; x_wconf 79' lang='grc' dir='ltr'>ξένον</span> <span class='ocrx_word' id='word_1_721' title='bbox 1286 1940 1338 1976; x_wconf 79' lang='grc' dir='ltr'>ἦτί</span> <span class='ocrx_word' id='word_1_722' title='bbox 1355 1940 1504 1976; x_wconf 73' lang='grc' dir='ltr'>παράδοξον</span> <span class='ocrx_word' id='word_1_723' title='bbox 1518 1938 1561 1975; x_wconf 83' lang='grc' dir='ltr'><strong>ἦν,</strong></span> <span class='ocrx_word' id='word_1_724' title='bbox 1574 1941 1597 1966; x_wconf 79' lang='grc' dir='ltr'><strong>εί</strong></span> <span class='ocrx_word' id='word_1_725' title='bbox 1613 1940 1661 1976; x_wconf 79' lang='grc' dir='ltr'><strong>τὴν</strong></span> <span class='ocrx_word' id='word_1_726' title='bbox 1670 1939 1756 1967; x_wconf 77' lang='grc' dir='ltr'>οὖσαν</span> <span class='ocrx_word' id='word_1_727' title='bbox 1768 1950 1855 1976; x_wconf 79' lang='grc' dir='ltr'>κεχει-</span> 
     </span>
    </p>
   </div>
   <div class='ocr_carea' id='block_1_100' title="bbox 1063 1986 1853 2023">
    <p class='ocr_par' dir='ltr' id='par_1_100' title="bbox 1063 1986 1853 2023">
     <span class='ocr_line' id='line_1_100' title="bbox 1063 1986 1853 2023; baseline 0.001 -11"><span class='ocrx_word' id='word_1_728' title='bbox 1063 1987 1241 2022; x_wconf 83' lang='grc' dir='ltr'>ροτονημένην</span> <span class='ocrx_word' id='word_1_729' title='bbox 1253 1986 1305 2014; x_wconf 84' lang='grc' dir='ltr'>ὑπὸ</span> <span class='ocrx_word' id='word_1_730' title='bbox 1318 1987 1364 2013; x_wconf 85' lang='grc' dir='ltr'>τοῦ</span> <span class='ocrx_word' id='word_1_731' title='bbox 1378 1987 1480 2022; x_wconf 80' lang='grc' dir='ltr'>Κυρίου</span> <span class='ocrx_word' id='word_1_732' title='bbox 1499 1986 1542 2013; x_wconf 71' lang='grc' dir='ltr'>διὰ</span> <span class='ocrx_word' id='word_1_733' title='bbox 1558 1987 1604 2013; x_wconf 83' lang='grc' dir='ltr'>τοῦ</span> <span class='ocrx_word' id='word_1_734' title='bbox 1617 1988 1758 2023; x_wconf 74' lang='grc' dir='ltr'>προφήτου</span> <span class='ocrx_word' id='word_1_735' title='bbox 1778 1987 1853 2022; x_wconf 79' lang='grc' dir='ltr'>βασι-</span> 
     </span>
    </p>
   </div>
   <div class='ocr_carea' id='block_1_101' title="bbox 1060 2033 1852 2069">
    <p class='ocr_par' dir='ltr' id='par_1_101' title="bbox 1060 2033 1852 2069">
     <span class='ocr_line' id='line_1_101' title="bbox 1060 2033 1852 2069; baseline 0 -9"><span class='ocrx_word' id='word_1_736' title='bbox 1060 2033 1133 2060; x_wconf 84' lang='grc' dir='ltr'>λείαν</span> <span class='ocrx_word' id='word_1_737' title='bbox 1150 2034 1333 2068; x_wconf 83' lang='grc' dir='ltr'>ὲπεγίνωσκεν</span> <span class='ocrx_word' id='word_1_738' title='bbox 1353 2034 1367 2060; x_wconf 88' lang='grc' dir='ltr'>ὁ</span> <span class='ocrx_word' id='word_1_739' title='bbox 1386 2034 1505 2069; x_wconf 82' lang='grc' dir='ltr'>δαίμων;</span> <span class='ocrx_word' id='word_1_740' title='bbox 1520 2035 1552 2060; x_wconf 84' lang='lat' dir='ltr'><strong>Et</strong></span> <span class='ocrx_word' id='word_1_741' title='bbox 1568 2033 1621 2069; x_wconf 86' lang='grc' dir='ltr'>γὰρ</span> <span class='ocrx_word' id='word_1_742' title='bbox 1637 2034 1667 2060; x_wconf 85' lang='grc' dir='ltr'><strong>οὐ</strong></span> <span class='ocrx_word' id='word_1_743' title='bbox 1684 2034 1852 2069; x_wconf 81' lang='grc' dir='ltr'>διανοητέον,</span> 
     </span>
    </p>
   </div>
   <div class='ocr_carea' id='block_1_102' title="bbox 1060 2078 1852 2115">
    <p class='ocr_par' dir='ltr' id='par_1_102' title="bbox 1060 2078 1852 2115">
     <span class='ocr_line' id='line_1_102' title="bbox 1060 2078 1852 2115; baseline 0.003 -10"><span class='ocrx_word' id='word_1_744' title='bbox 1060 2078 1117 2112; x_wconf 78' lang='grc' dir='ltr'>εἴγε</span> <span class='ocrx_word' id='word_1_745' title='bbox 1130 2079 1170 2106; x_wconf 86' lang='grc' dir='ltr'><strong>δεῖ</strong></span> <span class='ocrx_word' id='word_1_746' title='bbox 1182 2079 1269 2113; x_wconf 78' lang='grc' dir='ltr'>λέγειν</span> <span class='ocrx_word' id='word_1_747' title='bbox 1283 2079 1313 2111; x_wconf 81' lang='grc' dir='ltr'>ὲξ</span> <span class='ocrx_word' id='word_1_748' title='bbox 1324 2079 1486 2115; x_wconf 79' lang='grc' dir='ltr'>ὑπερὸολῆς,</span> <span class='ocrx_word' id='word_1_749' title='bbox 1502 2080 1542 2107; x_wconf 83' lang='grc' dir='ltr'><strong>ὅτι</strong></span> <span class='ocrx_word' id='word_1_750' title='bbox 1562 2080 1596 2106; x_wconf 79' lang='grc' dir='ltr'>τὰ</span> <span class='ocrx_word' id='word_1_751' title='bbox 1611 2080 1757 2115; x_wconf 83' lang='grc' dir='ltr'>σωματικά</span> <span class='ocrx_word' id='word_1_752' title='bbox 1775 2081 1852 2115; x_wconf 85' lang='grc' dir='ltr'>μόνον</span> 
     </span>
    </p>
   </div>
   <div class='ocr_carea' id='block_1_103' title="bbox 1059 2122 1853 2162">
    <p class='ocr_par' dir='ltr' id='par_1_103' title="bbox 1059 2122 1853 2162">
     <span class='ocr_line' id='line_1_103' title="bbox 1059 2122 1853 2162; baseline 0.003 -12"><span class='ocrx_word' id='word_1_753' title='bbox 1059 2122 1138 2156; x_wconf 78' lang='grc' dir='ltr'>εἶδεν,</span> <span class='ocrx_word' id='word_1_754' title='bbox 1153 2125 1190 2156; x_wconf 86' lang='grc' dir='ltr'>ὡς</span> <span class='ocrx_word' id='word_1_755' title='bbox 1206 2126 1222 2160; x_wconf 88' lang='grc' dir='ltr'>ὴ</span> <span class='ocrx_word' id='word_1_756' title='bbox 1240 2124 1287 2151; x_wconf 85' lang='grc' dir='ltr'>τοῦ</span> <span class='ocrx_word' id='word_1_757' title='bbox 1302 2125 1393 2152; x_wconf 75' lang='grc' dir='ltr'>ἐλαίου</span> <span class='ocrx_word' id='word_1_758' title='bbox 1408 2126 1505 2161; x_wconf 87' lang='grc' dir='ltr'>χρῆσις</span> <span class='ocrx_word' id='word_1_759' title='bbox 1518 2124 1648 2161; x_wconf 71' lang='grc' dir='ltr'>αἰσθητὴν</span> <span class='ocrx_word' id='word_1_760' title='bbox 1665 2125 1722 2161; x_wconf 81' lang='grc' dir='ltr'>ἔχει</span> <span class='ocrx_word' id='word_1_761' title='bbox 1737 2127 1789 2162; x_wconf 80' lang='grc' dir='ltr'><strong>τὴν</strong></span> <span class='ocrx_word' id='word_1_762' title='bbox 1806 2127 1853 2162; x_wconf 85' lang='grc' dir='ltr'>τῆς</span> 
     </span>
    </p>
   </div>
   <div class='ocr_carea' id='block_1_104' title="bbox 1059 2170 1853 2207">
    <p class='ocr_par' dir='ltr' id='par_1_104' title="bbox 1059 2170 1853 2207">
     <span class='ocr_line' id='line_1_104' title="bbox 1059 2170 1853 2207; baseline 0.001 -10"><span class='ocrx_word' id='word_1_763' title='bbox 1059 2170 1129 2205; x_wconf 73' lang='grc' dir='ltr'>ἀφῆς</span> <span class='ocrx_word' id='word_1_764' title='bbox 1155 2171 1301 2206; x_wconf 75' lang='grc' dir='ltr'>ἐπιφοράνο</span> <span class='ocrx_word' id='word_1_765' title='bbox 1327 2171 1392 2197; x_wconf 84' lang='grc' dir='ltr'><strong>ἀλλά</strong></span> <span class='ocrx_word' id='word_1_766' title='bbox 1414 2172 1500 2199; x_wconf 83' lang='grc' dir='ltr'>ταῦτα</span> <span class='ocrx_word' id='word_1_767' title='bbox 1526 2173 1575 2207; x_wconf 77' lang='grc' dir='ltr'><strong>μὲν</strong></span> <span class='ocrx_word' id='word_1_768' title='bbox 1597 2172 1683 2204; x_wconf 68' lang='grc' dir='ltr'>οὐδεὶς</span> <span class='ocrx_word' id='word_1_769' title='bbox 1708 2172 1853 2207; x_wconf 77' lang='grc' dir='ltr'>ἀμφιλέξει</span> 
     </span>
    </p>
   </div>
   <div class='ocr_carea' id='block_1_105' title="bbox 1059 2215 1853 2253">
    <p class='ocr_par' dir='ltr' id='par_1_105' title="bbox 1059 2215 1853 2253">
     <span class='ocr_line' id='line_1_105' title="bbox 1059 2215 1853 2253; baseline 0.003 -12"><span class='ocrx_word' id='word_1_770' title='bbox 1059 2215 1177 2250; x_wconf 82' lang='grc' dir='ltr'>πρόδηλα</span> <span class='ocrx_word' id='word_1_771' title='bbox 1198 2215 1359 2243; x_wconf 79' lang='grc' dir='ltr'>καθεστάναι</span> <span class='ocrx_word' id='word_1_772' title='bbox 1385 2217 1482 2244; x_wconf 80' lang='grc' dir='ltr'>πᾶσιν·</span> <span class='ocrx_word' id='word_1_773' title='bbox 1512 2218 1555 2244; x_wconf 79' lang='grc' dir='ltr'>ἵνα</span> <span class='ocrx_word' id='word_1_774' title='bbox 1576 2217 1604 2243; x_wconf 82' lang='grc' dir='ltr'>δὲ</span> <span class='ocrx_word' id='word_1_775' title='bbox 1626 2217 1656 2243; x_wconf 78' lang='grc' dir='ltr'><strong>τὸ</strong></span> <span class='ocrx_word' id='word_1_776' title='bbox 1681 2217 1853 2253; x_wconf 75' lang='grc' dir='ltr'>ὑπερϐάλλον</span> 
     </span>
    </p>
   </div>
   <div class='ocr_carea' id='block_1_106' title="bbox 1058 2258 1852 2299">
    <p class='ocr_par' dir='ltr' id='par_1_106' title="bbox 1058 2258 1852 2299">
     <span class='ocr_line' id='line_1_106' title="bbox 1058 2258 1852 2299; baseline 0.004 -13"><span class='ocrx_word' id='word_1_777' title='bbox 1058 2261 1112 2296; x_wconf 71' lang='grc' dir='ltr'><strong>ἐρῶ</strong></span> <span class='ocrx_word' id='word_1_778' title='bbox 1125 2261 1260 2296; x_wconf 82' lang='grc' dir='ltr'>προσθείς.</span> <span class='ocrx_word' id='word_1_779' title='bbox 1278 2263 1309 2289; x_wconf 83' lang='grc' dir='ltr'><strong>Εἰ</strong></span> <span class='ocrx_word' id='word_1_780' title='bbox 1319 2258 1372 2298; x_wconf 84' lang='grc' dir='ltr'>γὰρ</span> <span class='ocrx_word' id='word_1_781' title='bbox 1389 2263 1436 2290; x_wconf 79' lang='grc' dir='ltr'>καὶ</span> <span class='ocrx_word' id='word_1_782' title='bbox 1453 2263 1488 2299; x_wconf 87' lang='grc' dir='ltr'>μὴ</span> <span class='ocrx_word' id='word_1_783' title='bbox 1500 2263 1610 2290; x_wconf 77' lang='grc' dir='ltr'>τοιαῦτα</span> <span class='ocrx_word' id='word_1_784' title='bbox 1624 2263 1679 2298; x_wconf 76' lang='grc'><strong>(18)</strong></span> <span class='ocrx_word' id='word_1_785' title='bbox 1695 2264 1852 2298; x_wconf 73' lang='grc' dir='ltr'>καθέστηκε</span> 
     </span>
    </p>
   </div>
   <div class='ocr_carea' id='block_1_107' title="bbox 1058 2307 1851 2345">
    <p class='ocr_par' dir='ltr' id='par_1_107' title="bbox 1058 2307 1851 2345">
     <span class='ocr_line' id='line_1_107' title="bbox 1058 2307 1851 2345; baseline 0.005 -13"><span class='ocrx_word' id='word_1_786' title='bbox 1058 2307 1140 2342; x_wconf 85' lang='grc' dir='ltr'>σαφῆ,</span> <span class='ocrx_word' id='word_1_787' title='bbox 1156 2307 1268 2343; x_wconf 79' lang='grc' dir='ltr'>πότερον</span> <span class='ocrx_word' id='word_1_788' title='bbox 1285 2309 1317 2335; x_wconf 86' lang='grc' dir='ltr'>ἂν</span> <span class='ocrx_word' id='word_1_789' title='bbox 1330 2309 1371 2345; x_wconf 83' lang='grc' dir='ltr'><strong>εῐη</strong></span> <span class='ocrx_word' id='word_1_790' title='bbox 1389 2308 1471 2344; x_wconf 84' lang='grc' dir='ltr'>μείζω</span> <span class='ocrx_word' id='word_1_791' title='bbox 1486 2309 1553 2345; x_wconf 75' lang='grc' dir='ltr'>πρὸς</span> <span class='ocrx_word' id='word_1_792' title='bbox 1570 2309 1712 2345; x_wconf 82' lang='grc' dir='ltr'>σύγκρισιν</span> <span class='ocrx_word' id='word_1_793' title='bbox 1732 2310 1764 2335; x_wconf 76' lang='grc' dir='ltr'><strong>τὸ</strong></span> <span class='ocrx_word' id='word_1_794' title='bbox 1782 2310 1851 2344; x_wconf 76' lang='grc' dir='ltr'><strong>γνὼ-</strong></span> 
     </span>
    </p>
   </div>
   <div class='ocr_carea' id='block_1_108' title="bbox 1056 2352 1852 2391">
    <p class='ocr_par' dir='ltr' id='par_1_108' title="bbox 1056 2352 1852 2391">
     <span class='ocr_line' id='line_1_108' title="bbox 1056 2352 1852 2391; baseline 0.005 -13"><span class='ocrx_word' id='word_1_795' title='bbox 1056 2360 1099 2378; x_wconf 87' lang='grc' dir='ltr'><strong>ναι</strong></span> <span class='ocrx_word' id='word_1_796' title='bbox 1113 2352 1160 2388; x_wconf 84' lang='grc' dir='ltr'>τὴν</span> <span class='ocrx_word' id='word_1_797' title='bbox 1174 2353 1218 2379; x_wconf 78' lang='grc' dir='ltr'>τοῦ</span> <span class='ocrx_word' id='word_1_798' title='bbox 1234 2354 1314 2380; x_wconf 78' lang='grc' dir='ltr'>Δαυῒδ</span> <span class='ocrx_word' id='word_1_799' title='bbox 1329 2354 1475 2389; x_wconf 85' lang='grc' dir='ltr'>βασιλείαν,</span> <span class='ocrx_word' id='word_1_800' title='bbox 1489 2355 1602 2390; x_wconf 79' lang='grc' dir='ltr'>ἢψυχὰς</span> <span class='ocrx_word' id='word_1_801' title='bbox 1620 2355 1648 2388; x_wconf 75' lang='grc' dir='ltr'>ἐξ</span> <span class='ocrx_word' id='word_1_802' title='bbox 1664 2355 1728 2391; x_wconf 79' lang='grc' dir='ltr'>ᾷδου</span> <span class='ocrx_word' id='word_1_803' title='bbox 1745 2364 1852 2391; x_wconf 80' lang='grc' dir='ltr'>προφη-</span> 
     </span>
    </p>
   </div>
   <div class='ocr_carea' id='block_1_109' title="bbox 1055 2397 1850 2437">
    <p class='ocr_par' dir='ltr' id='par_1_109' title="bbox 1055 2397 1850 2437">
     <span class='ocr_line' id='line_1_109' title="bbox 1055 2397 1850 2437; baseline 0.005 -13"><span class='ocrx_word' id='word_1_804' title='bbox 1055 2397 1134 2429; x_wconf 82' lang='grc' dir='ltr'>τικὰς</span> <span class='ocrx_word' id='word_1_805' title='bbox 1153 2399 1265 2432; x_wconf 80' lang='grc' dir='ltr'>ἀνάξαι;</span> <span class='ocrx_word' id='word_1_806' title='bbox 1285 2401 1380 2427; x_wconf 82' lang='grc' dir='ltr'>Καίτοι</span> <span class='ocrx_word' id='word_1_807' title='bbox 1397 2401 1475 2429; x_wconf 82' lang='grc' dir='ltr'>τοῦτο</span> <span class='ocrx_word' id='word_1_808' title='bbox 1497 2402 1543 2429; x_wconf 78' lang='grc' dir='ltr'><strong>καὶ</strong></span> <span class='ocrx_word' id='word_1_809' title='bbox 1561 2402 1607 2428; x_wconf 78' lang='grc' dir='ltr'>ἐπὶ</span> <span class='ocrx_word' id='word_1_810' title='bbox 1625 2401 1671 2428; x_wconf 84' lang='grc' dir='ltr'>τοῦ</span> <span class='ocrx_word' id='word_1_811' title='bbox 1694 2401 1850 2437; x_wconf 79' lang='grc' dir='ltr'>κρείττονος</span> 
     </span>
    </p>
   </div>
   <div class='ocr_carea' id='block_1_110' title="bbox 1058 2445 1849 2484">
    <p class='ocr_par' dir='ltr' id='par_1_110' title="bbox 1058 2445 1849 2484">
     <span class='ocr_line' id='line_1_110' title="bbox 1058 2445 1849 2484; baseline 0.004 -13"><span class='ocrx_word' id='word_1_812' title='bbox 1058 2445 1243 2473; x_wconf 81' lang='grc' dir='ltr'>ἀποδέδεικται</span> <span class='ocrx_word' id='word_1_813' title='bbox 1255 2448 1399 2482; x_wconf 84' lang='grc' dir='ltr'>προσώπου</span> <span class='ocrx_word' id='word_1_814' title='bbox 1409 2457 1415 2463; x_wconf 93' lang='grc'>·</span> <span class='ocrx_word' id='word_1_815' title='bbox 1429 2449 1475 2475; x_wconf 77' lang='grc' dir='ltr'>καὶ</span> <span class='ocrx_word' id='word_1_816' title='bbox 1487 2449 1542 2484; x_wconf 85' lang='grc' dir='ltr'>γὰρ</span> <span class='ocrx_word' id='word_1_817' title='bbox 1554 2449 1600 2475; x_wconf 77' lang='grc' dir='ltr'><strong>καὶ</strong></span> <span class='ocrx_word' id='word_1_818' title='bbox 1614 2449 1659 2474; x_wconf 69' lang='grc' dir='ltr'><strong>ἐπὶ</strong></span> <span class='ocrx_word' id='word_1_819' title='bbox 1670 2448 1717 2474; x_wconf 75' lang='grc' dir='ltr'><strong>τοῦ</strong></span> <span class='ocrx_word' id='word_1_820' title='bbox 1730 2448 1849 2484; x_wconf 75' lang='grc' dir='ltr'>Χριστοῦ</span> 
     </span>
    </p>
   </div>
   <div class='ocr_carea' id='block_1_111' title="bbox 1058 2491 1849 2529">
    <p class='ocr_par' dir='ltr' id='par_1_111' title="bbox 1058 2491 1849 2529">
     <span class='ocr_line' id='line_1_111' title="bbox 1058 2491 1849 2529; baseline 0.005 -12"><span class='ocrx_word' id='word_1_821' title='bbox 1058 2491 1263 2527; x_wconf 71' lang='grc' dir='ltr'>στρεϐλούμενοι</span> <span class='ocrx_word' id='word_1_822' title='bbox 1276 2494 1322 2520; x_wconf 76' lang='grc' dir='ltr'><strong>καὶ</strong></span> <span class='ocrx_word' id='word_1_823' title='bbox 1336 2495 1446 2526; x_wconf 80' lang='grc' dir='ltr'>ἄκοντες</span> <span class='ocrx_word' id='word_1_824' title='bbox 1458 2495 1587 2521; x_wconf 79' lang='grc' dir='ltr'>ὲκὸοῶσιν</span> <span class='ocrx_word' id='word_1_825' title='bbox 1599 2496 1622 2521; x_wconf 89' lang='grc' dir='ltr'>οἱ</span> <span class='ocrx_word' id='word_1_826' title='bbox 1634 2494 1764 2529; x_wconf 78' lang='grc' dir='ltr'>δαίμονες</span> <span class='ocrx_word' id='word_1_827' title='bbox 1776 2495 1849 2521; x_wconf 76' lang='grc' dir='ltr'>αὺτο-</span> 
     </span>
    </p>
   </div>
   <div class='ocr_carea' id='block_1_112' title="bbox 1057 2536 1847 2576">
    <p class='ocr_par' dir='ltr' id='par_1_112' title="bbox 1057 2536 1847 2576">
     <span class='ocr_line' id='line_1_112' title="bbox 1057 2536 1847 2576; baseline 0.004 -13"><span class='ocrx_word' id='word_1_828' title='bbox 1057 2536 1138 2569; x_wconf 78' lang='grc' dir='ltr'>λεξεὶ,</span> <span class='ocrx_word' id='word_1_829' title='bbox 1155 2539 1185 2565; x_wconf 86' lang='grc' dir='ltr'>Τί</span> <span class='ocrx_word' id='word_1_830' title='bbox 1200 2538 1331 2572; x_wconf 74' lang='grc' dir='ltr'>ἡμῖνκαὶ</span> <span class='ocrx_word' id='word_1_831' title='bbox 1343 2540 1402 2571; x_wconf 80' lang='grc' dir='ltr'><strong>σοὶ,</strong></span> <span class='ocrx_word' id='word_1_832' title='bbox 1423 2540 1597 2576; x_wconf 84' lang='grc' dir='ltr'>κεκραγότες,</span> <span class='ocrx_word' id='word_1_833' title='bbox 1617 2540 1663 2567; x_wconf 78' lang='grc' dir='ltr'><strong>Υἱὲ</strong></span> <span class='ocrx_word' id='word_1_834' title='bbox 1679 2540 1734 2567; x_wconf 83' lang='grc' dir='ltr'>τοῦ</span> <span class='ocrx_word' id='word_1_835' title='bbox 1758 2540 1847 2572; x_wconf 77' lang='grc' dir='ltr'><strong>Θεοῦ;</strong></span> 
     </span>
    </p>
   </div>
   <div class='ocr_carea' id='block_1_113' title="bbox 1053 2580 1845 2621">
    <p class='ocr_par' dir='ltr' id='par_1_113' title="bbox 1053 2580 1845 2621">
     <span class='ocr_line' id='line_1_113' title="bbox 1053 2580 1845 2621; baseline 0.003 -12"><span class='ocrx_word' id='word_1_836' title='bbox 1053 2580 1162 2616; x_wconf 75' lang='grc' dir='ltr'>Ἦλθε-ς</span> <span class='ocrx_word' id='word_1_837' title='bbox 1177 2583 1232 2616; x_wconf 81' lang='grc' dir='ltr'>πρὸ</span> <span class='ocrx_word' id='word_1_838' title='bbox 1252 2585 1356 2618; x_wconf 75' lang='grc' dir='ltr'>καιροῦ</span> <span class='ocrx_word' id='word_1_839' title='bbox 1374 2586 1521 2612; x_wconf 77' lang='grc' dir='ltr'>ἀπολέσαι</span> <span class='ocrx_word' id='word_1_840' title='bbox 1536 2585 1632 2621; x_wconf 53' lang='lat' dir='ltr'><strong>ﬁnde;</strong></span> <span class='ocrx_word' id='word_1_841' title='bbox 1646 2585 1683 2611; x_wconf 83' lang='grc' dir='ltr'><strong>Τὸ</strong></span> <span class='ocrx_word' id='word_1_842' title='bbox 1708 2585 1739 2612; x_wconf 67' lang='grc' dir='ltr'>δὲ</span> <span class='ocrx_word' id='word_1_843' title='bbox 1758 2585 1845 2620; x_wconf 69' lang='grc' dir='ltr'>ψυχὰς</span> 
     </span>
    </p>
   </div>
   <div class='ocr_carea' id='block_1_114' title="bbox 1054 2627 1845 2667">
    <p class='ocr_par' dir='ltr' id='par_1_114' title="bbox 1054 2627 1845 2667">
     <span class='ocr_line' id='line_1_114' title="bbox 1054 2627 1845 2667; baseline 0.004 -14"><span class='ocrx_word' id='word_1_844' title='bbox 1054 2627 1083 2660; x_wconf 76' lang='grc' dir='ltr'><strong>ἐξ</strong></span> <span class='ocrx_word' id='word_1_845' title='bbox 1098 2627 1159 2663; x_wconf 81' lang='grc' dir='ltr'>ᾇδου</span> <span class='ocrx_word' id='word_1_846' title='bbox 1175 2630 1410 2665; x_wconf 82' lang='grc' dir='ltr'>μεταπέμπεσθαι,</span> <span class='ocrx_word' id='word_1_847' title='bbox 1426 2631 1473 2658; x_wconf 74' lang='grc' dir='ltr'><strong>καὶ</strong></span> <span class='ocrx_word' id='word_1_848' title='bbox 1485 2632 1580 2667; x_wconf 77' lang='grc' dir='ltr'>χοροὺς</span> <span class='ocrx_word' id='word_1_849' title='bbox 1593 2630 1718 2664; x_wconf 81' lang='grc' dir='ltr'>ἀγγέλων</span> <span class='ocrx_word' id='word_1_850' title='bbox 1733 2631 1845 2667; x_wconf 76' lang='grc' dir='ltr'>οὐρανο-</span> 
     </span>
    </p>
   </div>
   <div class='ocr_carea' id='block_1_115' title="bbox 1054 2675 1845 2713">
    <p class='ocr_par' dir='ltr' id='par_1_115' title="bbox 1054 2675 1845 2713">
     <span class='ocr_line' id='line_1_115' title="bbox 1054 2675 1845 2713; baseline 0.003 -13"><span class='ocrx_word' id='word_1_851' title='bbox 1054 2675 1145 2705; x_wconf 84' lang='grc' dir='ltr'>πετεῖς</span> <span class='ocrx_word' id='word_1_852' title='bbox 1159 2675 1188 2702; x_wconf 81' lang='grc' dir='ltr'>ἐν</span> <span class='ocrx_word' id='word_1_853' title='bbox 1207 2676 1281 2712; x_wconf 81' lang='grc' dir='ltr'>αὐτῷ</span> <span class='ocrx_word' id='word_1_854' title='bbox 1299 2677 1516 2712; x_wconf 82' lang='grc' dir='ltr'>μετακαλεϊσθαι,</span> <span class='ocrx_word' id='word_1_855' title='bbox 1543 2677 1621 2713; x_wconf 78' lang='grc' dir='ltr'>μόνος</span> <span class='ocrx_word' id='word_1_856' title='bbox 1643 2676 1769 2709; x_wconf 79' lang='grc' dir='ltr'>ἐξουσίαν</span> <span class='ocrx_word' id='word_1_857' title='bbox 1789 2677 1845 2712; x_wconf 68' lang='grc' dir='ltr'>ἔχει</span> 
     </span>
    </p>
   </div>
  </div>
