1909 3071
70 84 136 112 66!

557 88 602 115 DE
620 88 920 117 ENGASTRIMYTHO
935 87 1076 117 CONTRA
1093 88 1282 117 ORIGENEM.

1676 89 1731 118 662

71 143 307 191 διαπράττεσθαι
319 146 385 178 Θεὸς
399 147 444 174 καὶ
457 149 471 174 ὁ
485 148 620 180 θειότατος
631 148 714 176 αὐτοῦ
725 149 802 181 Παῖς,
813 149 885 181 duo;

943 159 1123 191 agnoverunt,
1134 163 1225 183 nonne
1241 155 1327 182 multo
1343 155 1430 190 magis
1450 155 1521 183 scire
1536 159 1663 190 poterant
1686 163 1730 184 re-

72 188 108 216 δὲ
135 189 236 216 καὶτὸ
253 192 385 227 παράπαν
408 194 504 226 οὐδείς.
520 195 552 221 Et
569 192 615 221 οὖν
635 195 683 230 τὴν
706 195 819 230 ἀόρατον
839 195 886 221 τοῦ

73 233 157 260 θεοῦ
176 235 314 270 βασιλείαν
336 238 457 272 ἔγνωσαν
474 240 544 275 ἁγίῳ
566 240 703 275 Πνεύματι
719 240 886 276 χρισθεῖσαν,

73 280 111 307 οὐ
137 281 233 317 πολλῷ
250 282 332 310 πλέον
348 284 493 319 ἐπιγνῶναι
515 285 564 322 τὴν
587 286 633 312 τοῦ
656 285 737 313 Δαυῖδ
762 286 887 313 ἐδύναντο

73 326 125 353 διὰ
158 328 312 363 χρίσματος
340 331 469 366 αἰσθητοῦ
493 331 539 358 καὶ
569 331 741 364 καταλύσεως
766 332 884 368 ὁρατῆς;

81 372 166 399 Ἀλλ’
179 373 229 400 οὐκ
243 375 303 410 ᾔδει
322 375 357 402 τὰ
371 377 551 412 πεπραγμένα
576 377 623 404 καὶ
641 378 762 413 Γραφαῖς
777 378 886 404 ἀνακεί-

76 428 159 453 μενα.
176 420 241 454 περὶ
257 421 304 447 τοῦ
320 422 400 449 Δαυῒδ
413 424 427 448 ὁ
442 423 588 459 ἀλιτήριος,
601 425 615 450 ὅ
628 432 660 458 γε
676 425 723 451 καὶ
740 423 778 459 τῷ
791 423 885 459 Κυρίῳ

74 465 315 502 περιϐαλλομένη)
327 467 358 494 τὸ
368 468 446 504 σῶμα
456 469 610 502 προσελθὼν
624 470 675 505 ἔφη
687 469 839 506 τολμηρῶς·
851 471 886 496 El

79 511 158 544 Υἱὸς
174 509 206 538 εἷ
215 512 271 552 ,τοῦ
284 513 473 546 Θεοῦ,,βάλλε
484 515 613 542 σεαυτὸν
624 515 710 542 κάτω·
726 515 885 550 γέγραπται

76 556 152 590 γὰρ,
171 557 219 584 ὅτι
236 557 298 592 τοῖς
317 559 455 594 ἀγγέλοις
476 561 579 593 αὑτοῦ,
603 562 703 596 φησὶν,
722 561 884 588 ἐντελεῖται

74 602 152 636 περὶ
168 603 240 637 σοῦ,
251 604 300 631 καὶ
313 604 362 631 ἐπὶ
374 605 479 640 χειρῶν
487 606 596 640 ἀροῦσί
610 615 656 640 σε,
666 607 782 642 μήποτε
795 615 885 641 προσ-

76 659 92 675 λ
101 650 188 684 όψῃς
210 650 285 684 πρὸς
298 652 386 678 λίθον
397 652 451 680 τὸν
463 653 542 679 πόδα
556 662 625 681 σου.
639 654 744 680 Οὐκοῦν
760 654 839 689 εἴπερ
851 654 884 680 ὲκ

75 695 135 721 τῶν
156 696 246 730 ἁγίων
267 697 449 725 ὑποτυποῖνται
473 699 589 735 Γραφῶν
610 700 723 735 ὁμιλεῖν,
739 697 809 726 οἶδεν
829 699 882 735 ἄρα

76 741 112 768 τὰ
125 743 314 778 γεγραμμένα
334 745 512 780 κακομαθῶς·
532 747 555 773 εἰ
575 746 603 773 δὲ
624 746 726 773 τούτων
742 746 771 772 ἐν
783 744 882 780 γνώσει

77 787 267 824 καθέστηκεν,
277 790 327 816 οὐκ
340 790 393 825 ἄρα
406 790 455 827 τὴν
468 791 515 818 τοῦ
530 792 611 819 Δαυῖδ
625 793 716 827 ἠγνόει
733 791 881 827 βασιλείαν,

940 215 1023 243 gnum
1035 208 1120 236 David
1135 206 1184 243 p'er
1199 207 1335 236 visibilem
1359 208 1516 236 unctionem
1538 208 1729 244 visibilemque

939 255 1180 282 commutationem
1193 255 1205 280 ?
1220 253 1320 281 Verum
1331 261 1375 281 res
1393 258 1483 288 gestas
1496 258 1521 280 et
1535 254 1563 281 in
1579 253 1730 289 Scripturis

938 300 1089 336 descriptas
1114 301 1148 328 dc
1174 300 1273 328 Davide
1284 300 1484 335 perditissimus
1506 308 1561 327 non
1582 301 1660 333 vidit,
1680 301 1728 336 qui

938 345 1083 373 Dominum
1098 353 1214 380 corpore
1226 345 1426 372 circumdatum
1442 351 1586 380 aggressus
1597 346 1728 374 audacter

937 392 1025 420 dixit:
1041 391 1071 419 Si
1085 391 1172 419 Filius
1190 391 1236 419 Dei
1255 400 1292 426 es,
1309 392 1382 418 mitte
1395 396 1419 418 te
1434 391 1574 423 deorsum;
1600 393 1728 427 scriptum

936 448 975 470 est
988 444 1057 470 enim
1069 452 1078 471 :
1089 443 1196 478 Angelis
1213 444 1267 469 suis
1281 442 1416 469 mandavit
1428 442 1459 469 de
1474 447 1514 474 te;
1531 443 1592 470 etin
1606 443 1727 470 manibus

937 490 1059 517 atlollent
1084 495 1127 523 te,
1152 498 1183 517 ne
1205 490 1272 524 forte
1298 489 1416 524 ojfendas
1441 489 1475 515 ad
1497 489 1609 524 lapidem
1638 491 1727 524 pedem

938 548 1012 570 tuum
1028 544 1059 570 '9.
1079 542 1164 578 Igitur
1190 543 1212 571 si
1238 551 1272 570 ex
1295 542 1395 569 divinis
1411 542 1508 570 litteris
1520 542 1654 576 colloquia
1680 550 1725 569 ne-

937 593 1009 617 ctere
1023 590 1115 625 lingit,
1132 590 1184 617 scit
1205 597 1264 625 quae
1283 588 1385 624 scripta
1403 592 1478 621 sunt,
1496 589 1605 615 tametsi
1629 596 1726 623 prave;

935 644 996 671 quae
1008 637 1031 664 si
1045 637 1182 672 cognovit,
1199 636 1322 671 profecto
1341 643 1456 670 regnum
1472 634 1556 662 David
1577 642 1631 662 non
1647 635 1725 670 igno-

935 688 1021 720 rabat,
1034 688 1107 723 quod
1128 687 1228 715 divinis
1242 687 1342 716 litteris
1357 691 1417 716 erat
1433 688 1583 723 scriptum;
1601 689 1636 714 ita
1654 693 1681 714 ut
1695 697 1725 714 ea

934 746 994 777 quae
1007 738 1109 773 scripta
1121 742 1184 765 sunt
1204 737 1311 766 daemon
1322 737 1504 773 pronuntians
1527 738 1594 769 nihil
1615 740 1727 765 onnmm

933 791 1098 819 vaticinatus
1111 791 1155 818 sit.

79 837 170 870 ἦτοῖς
189 837 273 873 ἱεροῖς
287 838 490 875 ἐγκεχάρακται
517 840 677 876 γράμμασιν
701 849 708 855 ·
729 839 799 867 ὥστε
816 838 850 866 τὰ
881 839 1061 875 γεγραμμένα
1083 839 1168 872 λέγων
1185 839 1199 865 ό
1229 838 1344 874 δαίμων,
1363 838 1438 865 οὐδὲν
1460 839 1663 873 προεφήτευσεν
1681 839 1726 865 οὐ-

79 881 110 908 5a
115 882 190 917 μῶς.

115 938 217 966 XXIV.
246 940 315 967 Ἀλλ’
332 942 346 968 ὁ
369 941 528 978 πολύφημος
550 943 700 980 Ὠριγένης,
716 943 770 970 οὐδ’
787 942 876 968 ὁτιοῦν

971 937 1064 965 XXIV.
1087 937 1139 965 Sed
1164 937 1243 965 multi
1263 937 1382 964 nominis
1413 936 1555 972 Origenes,
1576 946 1638 965 cum
1669 946 1724 966 non

81 985 222 1020 εὑρίσκων
235 987 331 1020 εἰπεῖν,
345 988 386 1020 εἰς
399 988 478 1015 τοῦτο
492 989 629 1024 κατέφυγε
643 988 875 1024 τετεχνασμένως,

77 1031 198 1066 ἑτέρωθι
216 1033 285 1068 πρὸς
299 1035 345 1060 ἐπὶ
365 1035 470 1066 τούτοις
485 1035 648 1070 ἐπαγαγών·
673 1035 743 1070 Ἐγὼ
760 1035 804 1066 δὲ,
825 1043 877 1070 φη-

80 1075 134 1107 σὶν,
148 1078 189 1103 οὺ
204 1077 331 1113 δύναμαι
346 1079 459 1106 διδόναι
473 1080 613 1115 δαιμονίῳ
624 1081 809 1114 τηλικαύτην
823 1079 876 1106 δύ-

77 1129 184 1156 ναμιν,
202 1123 252 1149 ἵνα
271 1126 444 1160 προφητεύῃ
463 1127 529 1160 περὶ
545 1127 645 1154 Σαοὺλ
665 1126 715 1153 καὶ
730 1126 784 1153 τοῦ
798 1125 875 1153 λαοῦ

78 1167 133 1194 τοῦ
152 1168 241 1199 Θεοῦ,
259 1170 307 1196 καὶ
325 1172 497 1206 προφητεύῃ
516 1172 582 1206 περὶ
593 1172 755 1204 βασιλείας
774 1171 874 1204 Δαυῒδ,

79 1212 126 1239 δτι
144 1213 255 1247 μέλλει
268 1214 458 1246 βασιλεύειν.
477 1214 542 1243 Εἶτα
559 1216 624 1252 φαίη
640 1225 682 1248 τις
693 1217 734 1244 ἂν·
751 1217 783 1242 Ὢ
796 1217 877 1251 ἀνοη-

78 1257 177 1288 τάτατε
195 1259 310 1295 ἀνδρῶν,
323 1260 352 1286 οὐ
364 1261 441 1292 δίδως
457 1262 505 1297 μὲν
516 1261 591 1296 αὐτῷ
605 1261 798 1298 προφητεύειν,
816 1263 877 1289 ἑπι-

78 1303 194 1338 τρέπεις
220 1305 249 1331 δὲ
273 1306 348 1341 αὐτῷ
370 1308 513 1343 προφήτας
538 1308 648 1342 ἀνάγειν
675 1309 704 1342 ἐξ
728 1308 803 1344 ᾅδου,
827 1309 875 1335 καὶ

80 1349 246 1382 ἁγγελικοὺς
261 1351 339 1385 ἄφνω
356 1352 582 1386 μεταστέλλεσθαι
599 1354 706 1389 χοροὺς,
723 1354 793 1389 ὅπερ
816 1354 875 1380 ἐστὶ

82 1395 177 1429 μεῖζον
193 1396 239 1422 καὶ
254 1395 372 1432 προῦχον
384 1398 430 1424 καὶ
445 1398 582 1434 θειοτέρας
592 1400 721 1434 ἐχόμενον
733 1399 873 1433 ἐξουσίας;

81 1439 138 1476 ἄρα
152 1449 185 1474 γε
200 1441 243 1472 τίς
254 1441 338 1474 οὕτως
351 1443 460 1479 ἐνόησεν
471 1444 591 1476 ἀσθενῶς
606 1444 622 1480 ἦ
640 1445 774 1480 τπωχῶς;
795 1444 876 1471 Ἀλλὰ

82 1486 202 1521 μάλιστα
219 1488 268 1522 μὲν
283 1488 369 1523 ἔγωγε
385 1491 468 1526 φαίην
484 1490 517 1517 ἂν
534 1491 749 1526 ἀνθυπενέγχας,
764 1492 805 1518 ὅτι
821 1500 874 1527 μη-

81 1532 125 1558 ὂεν
140 1534 345 1569 προεφήτευσεν
359 1536 372 1562 ὁ
384 1535 498 1571 δαίμων,
517 1536 554 1569 ὥς
566 1546 597 1572 γε
614 1538 661 1564 καὶ
676 1537 793 1573 πρόσθεν
808 1538 875 1564 ἐδείμ

82 1577 185 1613 ξαμεν·
212 1581 234 1606 εξ
254 1579 276 1606 δ’
299 1580 353 1617 ἄρα
374 1582 420 1608 καὶ
445 1583 613 1618 προφητείας
638 1583 702 1617 ἄξια
722 1583 874 1619 διαλεχθεὶς

928 984 1042 1012 haberet
1065 985 1130 1019 quid
1155 985 1268 1016 diceret,
1283 985 1317 1012 ad
1337 984 1389 1011 hoc
1407 983 1554 1011 artiﬁciose
1581 985 1721 1020 conﬁngit,

928 1031 1039 1059 aliunde
1063 1031 1234 1066 argumentis
1249 1031 1412 1066 excogitatis
1427 1040 1433 1058 :
1456 1030 1511 1066 Ego
1528 1039 1602 1063 sane,
1619 1030 1719 1066 inquit.

928 1077 995 1104 tales
1011 1077 1127 1104 dwmoni
1151 1078 1219 1104 vires
1250 1076 1391 1104 concedere
1419 1085 1527 1112 nequeo,
1544 1082 1572 1104 ut
1588 1077 1620 1104 de
1638 1077 1721 1105 Sauls

927 1128 952 1151 et
967 1124 1064 1158 populo
1078 1123 1187 1150 Domini
1207 1124 1335 1151 vaticinia
1349 1122 1426 1156 edat,
1445 1123 1508 1150 item
1523 1123 1555 1150 de
1569 1132 1649 1158 regno
1663 1123 1719 1151 Da-

927 1170 980 1202 vid,
995 1170 1072 1197 illum
1097 1170 1197 1197 scilicet
1213 1178 1292 1204 regno
1311 1170 1469 1203 potiturum.
1489 1168 1543 1197 Sed
1559 1169 1630 1197 dicet
1638 1170 1719 1204 quis.-

927 1216 1000 1252 piam
1019 1226 1026 1244 :
1057 1215 1079 1244 0
1107 1216 1229 1244 omnium
1253 1216 1445 1244 stolidissime!
1465 1216 1512 1244 illi~
1524 1217 1653 1244 vaticinia
1669 1225 1719 1244 ne-

927 1271 985 1299 gas,
1015 1267 1042 1291 et
1071 1263 1218 1298 prophetas
1239 1263 1274 1290 ab
1300 1262 1395 1290 inferis
1419 1262 1545 1294 educere,
1575 1266 1718 1297 cmtusque

927 1309 1074 1343 derepente
1088 1309 1258 1343 angelorum,
1273 1306 1346 1342 quod
1360 1307 1449 1341 majus
1464 1311 1508 1334 est
1521 1307 1719 1343 diviniorisque

926 1355 1055 1390 potentia:
1077 1358 1279 1389 argumentum,
1293 1353 1441 1381 concedis?
1456 1352 1524 1386 Quis
1547 1353 1584 1380 ita
1611 1353 1719 1382 inﬁrme

926 1404 974 1428 aut
987 1401 1094 1428 exiliter
1109 1408 1167 1427 rem
1184 1400 1338 1428 intellexit?
1353 1400 1400 1428 Nai
1421 1408 1471 1436 ego
1484 1400 1657 1434 potissimum
1674 1407 1718 1428 re-

926 1446 1100 1482 sponderem,
1124 1445 1287 1478 daemonem,
1317 1450 1347 1472 ut
1368 1450 1396 1473 et
1420 1450 1501 1473 antea
1517 1445 1717 1473 demonstravi-

926 1500 998 1525 mus,
1014 1492 1084 1519 nihil
1108 1491 1288 1519 vaticinatum
1308 1491 1411 1525 fuisse;
1428 1492 1475 1527 qui
1495 1492 1558 1519 licet
1573 1491 1715 1526 prophetia

925 1546 981 1565 non
1008 1538 1120 1573 indigna
1143 1538 1297 1565 collocutus
1320 1536 1428 1571 fuisset,
1454 1545 1510 1564 non
1537 1537 1598 1565 ideo
1625 1542 1716 1565 tamen

925 1584 1138 1611 existimandum
1165 1588 1234 1615 erat,
1250 1582 1364 1618 spiritus
1391 1588 1420 1610 et
1445 1583 1583 1618 justorum
1609 1583 1716 1611 animas

60 1660 62 1662 ἱ
81 1624 243 1660 ἐτύγχανεν,
253 1626 306 1652 οὐδ’
321 1626 406 1659 οὕτως
420 1628 503 1663 ἐχρῆν
516 1628 725 1664 ὑπολαμϐάνειν,
737 1630 777 1656 ὅτι
792 1628 874 1656 πνεύ-

927 1638 989 1657 eum
1006 1630 1039 1657 ab
1057 1629 1152 1657 inieris
1173 1637 1313 1657 evocasse.
1332 1629 1439 1657 Etenim
1460 1633 1487 1656 et
1515 1629 1634 1664 Caiphas
1652 1637 1714 1657 cum

84 1680 157 1706 ματα
173 1672 221 1698 καὶ
235 1671 323 1707 ψυχὰς
338 1673 448 1709 δικαίων
460 1676 473 1700 ὁ
486 1675 591 1710 δαίμων
605 1676 742 1711 ἀνήγαγεν
755 1676 784 1708 ἐξ
797 1676 872 1711 ᾆδον

82 1719 129 1744 καὶ
145 1718 200 1754 γὰρ
217 1720 230 1745 ὁ
245 1720 371 1754 Καϊάφας
388 1721 434 1747 ὲπί
445 1722 479 1756 τῇ
494 1722 565 1748 κατὰ
578 1722 624 1748 τοῦ
637 1721 757 1758 Χριστοῦ
773 1723 873 1750 συστά-

84 1771 124 1789 σει
142 1765 356 1800 προεφήτευσεν,
370 1766 499 1801 εἰρηκὼς,
513 1767 554 1792 ὄτι
572 1767 720 1802 Συμφέρει
735 1768 808 1802 ἡμῖν
822 1768 872 1796 ἵνα

84 1807 123 1842 εἷς
145 1810 305 1849 Δἄνθρωπος
325 1811 460 1847 ἀποθάνῃ
483 1813 560 1848 ὑπὲρ
579 1814 632 1841 τοῦ
652 1814 740 1846 λαοῦ,
765 1814 814 1841 καὶ
828 1814 871 1849 μὴ

85 1855 160 1883 ὅλον
183 1856 216 1882 τὸ
239 1857 325 1890 ἔθνος
346 1858 502 1893 ἀπόληται.
524 1860 620 1886 Ταῦτα
639 1860 698 1895 μὲν
711 1862 767 1888 οὐκ
788 1861 872 1888 εἶπεν

85 1901 134 1936 ἀφ’
151 1902 269 1929 ἑαυτοῦ
288 1903 413 1939 καθάπερ
425 1905 439 1931 ὁ
455 1904 609 1939 σοφώτατος
625 1905 755 1939 ἐξέδωκεν
781 1907 872 1934 Ἰωάν-

85 1956 149 1983 νης·
167 1948 322 1982 ἀρχιερεὺς
336 1949 370 1975 δὲ
392 1949 548 1984 τυγχάνων
566 1951 684 1979 ἐκείνου
700 1952 753 1978 τοῦ
771 1952 870 1985 ἔτους,

86 1994 319 2028 προεφήτευσεν.
337 1995 369 2022 ΕΞ
382 1995 410 2021 δὲ
424 1992 530 2028 οὗτοςξὸ
549 1997 620 2023 κατὰ
637 1997 683 2023 τοῦ
695 1997 797 2032 Κυρίου
815 1997 871 2032 βου-

84 2040 132 2072 λὰς
147 2041 253 2072 ἀδίκους
267 2042 415 2077 ἀράμενος,
430 2044 505 2079 ὅμως
524 2044 575 2070 οὐκ
589 2044 636 2079 ἀφ’
653 2043 749 2070 ἑαυτοῦ
765 2053 871 2080 προφη-

84 2088 165 2118 τεύει,
181 2087 337 2123 κινούμενος
350 2089 379 2115 δὲ
393 2089 525 2124 δήπουθεν
537 2090 582 2123 ὑφ’
593 2090 687 2126 ἑτέρου
701 2090 762 2117 καθ’
774 2091 870 2118 ἑαυτοῦ

86 2135 197 2160 ποιεῖται
216 2133 262 2160 τὸν
278 2134 400 2170 ἔλεγχον)
416 2135 477 2162 οὐδὲ
498 2137 524 2162 ετ
534 2145 577 2168 τις
600 2136 678 2168 ἄλλος
696 2137 750 2173 ἄρα
765 2137 870 2165 τοιοῦτό

87 2188 111 2205 τι
131 2180 190 2215 δρᾷ,
212 2181 386 2215 προσεκτέον,
403 2181 444 2207 ὄτι
462 2182 536 2218 παρὰ
552 2181 631 2209 τοῦτο
652 2182 791 2219 θειοτέρας
807 2183 870 2219 ἐξῆ-

87 2235 149 2252 mat
165 2226 317 2261 δυνάμεως.
343 2227 410 2253 Οὐδὲ
435 2228 607 2264 ἀνασχετέον,
634 2230 659 2256 εί
682 2229 806 2264 λέγοντες
829 2231 870 2257 ὅτι

89 2272 196 2308 μαντείᾳ
208 2272 380 2308 δαιμονιώδει
399 2273 488 2309 ψυχὰς
504 2275 614 2309 ἀνάγειν
642 2275 728 2303 ἔοικεν
751 2276 780 2310 ἐξ
805 2277 869 2313 ᾇδου

88 2319 132 2345 καὶ
152 2319 279 2354 στρατιὰς
298 2320 430 2354 ἀγγέλων,
453 2318 497 2347 οἷα
514 2321 596 2353 θεός·
618 2323 801 2350 ἐπακουστέον
815 2323 870 2360 γὰρ

87 2362 127 2391 οἷα
142 2365 203 2400 περὶ
221 2365 276 2391 τῶν
296 2365 424 2392 τοιούτων
445 2365 600 2402 ἐξαγορεύει
616 2368 763 2404 προφητῶν
780 2370 809 2396 ἐν
829 2369 868 2405 τῷ

88 2411 282 2446 Δευτερονομίῳ
297 2411 432 2444 θεσπίζων
442 2413 457 2438 ὁ
467 2414 599 2448 Μωῦσῆςε
617 2414 684 2441 Ἐὰν
695 2415 729 2441 δὲ
738 2415 868 2450 ἀναστῇ,

89 2457 203 2491 φάσκων,
223 2458 257 2484 ἐν
274 2458 325 2485 σοὶ
346 2459 512 2493 προφήτης,
533 2460 552 2494 ἢ
573 2461 822 2496 ὲνυπνιαζόμενος
834 2462 869 2488 τὸ

88 2503 234 2536 ἐνύπνιον,
243 2503 343 2537 καὶτδῷ
352 2512 401 2532 σοι
416 2505 542 2539 σημεῖον
550 2506 569 2540 ἢ
580 2506 678 2540 τέρας,
688 2508 737 2534 καὶ
749 2508 823 2543 ἔλθῃ
836 2508 869 2535 τὸ

89 2549 206 2584 σγυιεῖον
221 2549 240 2584 ἢ
257 2550 291 2577 τὸ
307 2551 394 2584 τέρας
410 2550 425 2578 ὂ
442 2551 577 2586 ἐλάλησε·
597 2553 672 2586 προς
689 2554 736 2585 σὲ,
760 2554 866 2589 λέγων·

89 2594 284 2629 Πορευθῶμεν,
299 2596 349 2622 καὶ
363 2596 575 2631 λατρεύσωμεν
587 2599 666 2631 θεοῖς
680 2598 802 2632 ἑτέροις,
817 2599 870 2632 οὒς

90 2642 138 2668 οὐκ
155 2641 269 2673 οἴδατε,
290 2643 346 2668 οὐκ
370 2642 540 2669 ἀκούσεσθε
561 2642 620 2670 τῶν
634 2645 733 2678 λόγων
751 2645 870 2672 ἐκείνου

89 2687 137 2714 τοῦ
157 2687 321 2722 προφήτου,
338 2689 430 2724 φησὶν,
450 2689 469 2723 ἣ
494 2689 548 2716 τοῦ
562 2689 816 2725 ἑνυπνιαζομένου
835 2691 869 2718 τὸ

89 2734 224 2761 ἐνύπνιον
232 2734 341 2768 ἐκεῖνο,
356 2735 400 2761 ὅτι
409 2735 536 2770 πειράζει
549 2736 655 2769 Κύριος
667 2737 683 2763 ὀ
695 2737 767 2770 Θεὸς
780 2736 867 2771 ὑμᾶς,

378 2778 392 2790 V

927 1676 960 1704 de
975 1675 1086 1703 Christo
1111 1675 1313 1710 prophetasset,
1337 1675 1430 1702 dixit:
1447 1674 1560 1710 Empedit
1589 1675 1663 1702 nobis
1686 1679 1715 1702 ut

926 1731 994 1750 unus
1010 1723 1087 1749 homo
1102 1722 1232 1748 moriatur
1241 1729 1289 1756 pro
1296 1721 1403 1756 populo,
1415 1725 1439 1747 et
1450 1729 1501 1747 non
1518 1725 1574 1748 tota
1582 1730 1643 1756 gens
1655 1729 1715 1756 per-

926 1774 969 1796 eat
981 1769 1014 1795 7°.
1044 1768 1108 1794 Παιε
1128 1772 1215 1794 autem
1231 1776 1282 1794 non
1305 1766 1373 1793 dixit
1396 1774 1429 1793 e1:
1447 1767 1595 1801 semetipso,
1614 1770 1644 1793 ut
1661 1767 1715 1796 sci—

926 1814 1050 1842 tissimus
1072 1813 1185 1840 tradidit
1201 1812 1336 1846 Joannes;
1358 1812 1402 1839 sed
1419 1820 1478 1839 cum
1504 1819 1569 1839 esset
1595 1813 1714 1847 pontifex

927 1861 989 1887 anni
1003 1860 1076 1887 illius
1091 1859 1265 1894 prop/letavit.
1281 1858 1309 1886 Si
1326 1859 1381 1891 hic,
1396 1859 1442 1894 qui
1458 1863 1554 1886 contra
1567 1859 1713 1887 Dominum

926 1907 1090 1934 sententiam
1107 1905 1239 1940 injustam
1261 1905 1333 1944 tulit,
1352 1909 1442 1932 tamen
1459 1911 1515 1932 non
1529 1913 1545 1932 a
1563 1905 1711 1940 semetipso

926 1952 1102 1985 vaticinatur,
1120 1951 1169 1980 sed
1194 1955 1285 1978 motus
1301 1950 1435 1978 duntaxat
1455 1951 1489 1978 ah
1517 1951 1571 1978 alio
1585 1951 1713 1986 coargui-

925 2001 985 2031 tur;
1000 2005 1088 2033 neque
1104 2005 1169 2033 ergo
1196 1997 1220 2025 si
1235 1997 1299 2032 quis
1321 1997 1393 2024 alius
1413 1997 1486 2024 idem
1505 1996 1637 2030 eﬂecerit,
1652 1997 1713 2024 ideo

925 2047 1069 2079 propterea
1093 2043 1237 2072 divinioris
1260 2051 1325 2071 eum
1336 2051 1397 2071 esse
1412 2047 1517 2071 natura:
1535 2043 1712 2071 censendum.

924 2090 1017 2126 Neque
1029 2090 1219 2119 sustinendum
1234 2095 1275 2118 est
1293 2090 1317 2118 si
1344 2091 1437 2118 dicant
1463 2090 1608 2126 praestigiis
1619 2090 1715 2118 diabo-

925 2137 986 2164 licis
1001 2137 1107 2164 animas
1132 2136 1166 2164 ab
1185 2136 1281 2165 inferis
1294 2137 1484 2171 exercitusque
1499 2136 1667 2171 angelorum,
1684 2140 1714 2163 ut

924 2179 1042 2212 videtur,
1061 2180 1143 2208 veluti
1154 2179 1250 2212 Deum,
1269 2179 1407 2207 eduxisse.
1427 2179 1599 2212 Attendenda
1613 2180 1712 2215 quippe

925 2230 1066 2261 suntquae
1088 2226 1121 2253 de
1142 2226 1185 2258 his
1214 2226 1355 2261 prophetis
1380 2226 1540 2261 praecipiens
1566 2227 1672 2262 Moyses
1685 2227 1712 2253 in

925 2272 1145 2301 Deuteronomio.
1159 2271 1257 2302 eifatur
1274 2281 1280 2298 :
1301 2271 1332 2299 Si
1359 2272 1502 2298 surrexerit
1520 2273 1547 2299 in
1563 2272 1647 2299 medio
1674 2273 1713 2300 tui

923 2320 1060 2355 propheta,
1086 2328 1132 2346 seu
1160 2321 1289 2346 somniant
1314 2319 1460 2350 somnians,
1488 2323 1513 2346 et
1535 2319 1637 2346 dederit
1664 2320 1712 2347 tibi

923 2366 1028 2401 signant
1044 2365 1083 2393 vel
1104 2366 1264 2401 prodigium,
1278 2369 1304 2392 et
1321 2366 1433 2392 evenerit
1459 2366 1562 2400 signum
1581 2366 1634 2392 sive
1650 2374 1712 2400 pro-

921 2413 1023 2448 digium
1034 2413 1105 2448 quod
1119 2413 1221 2440 locutus
1236 2417 1274 2439 est
1285 2413 1320 2438 ad
1335 2417 1370 2445 te,
1386 2412 1474 2440 dicens
1487 2419 1496 2438 :
1509 2410 1610 2443 Eamus
1627 2416 1652 2438 et
1668 2420 1710 2438 co-

922 2460 1008 2487 lamus
1021 2460 1082 2486 deos
1094 2460 1193 2486 alienos
1203 2466 1267 2493 quos
1279 2458 1425 2493 ignoratis;
1438 2465 1490 2484 non
1504 2457 1618 2484 audietis
1632 2457 1710 2484 verba

920 2506 1053 2541 propheta!
1068 2506 1151 2538 illius,
1167 2505 1215 2537 ait,
1228 2509 1275 2531 aut
1294 2504 1452 2533 somniantis
1471 2504 1603 2530 somnium
1630 2503 1708 2534 illud,

921 2552 983 2586 quia
996 2556 1077 2578 tentat
1097 2560 1141 2578 vos
1158 2550 1288 2580 Dominus
1304 2549 1384 2582 Deus,
1402 2554 1429 2577 ut
1447 2551 1536 2583 patum
1549 2549 1596 2583 ﬁat
1616 2553 1709 2575 utrum

920 2597 1039 2632 diligatis
1067 2596 1209 2624 Dominum
1236 2596 1320 2624 Deum
1349 2601 1463 2622 vestrum
1484 2596 1516 2623 τ’.
1539 2595 1638 2622 Verum
1665 2594 1709 2621 hic

919 2644 1078 2671 dualitatem
1094 2642 1185 2670 Patris
1197 2648 1224 2670 et
1244 2643 1303 2677 ejus
1319 2642 1452 2678 unigeniti
1474 2641 1535 2669 Filii
1557 2649 1708 2676 repraesen-

919 2694 992 2721 tans.
1008 2690 1124 2717 alterum
1149 2689 1259 2724 quidem
1279 2689 1423 2717 Dominum
1444 2692 1593 2717 tentantem
1618 2689 1697 2724 appet

918 2737 966 2770 lat,
981 2738 1096 2766 alterum
1109 2744 1170 2764 esse
1186 2735 1331 2764 Dominum
1347 2735 1412 2763 item
1431 2739 1459 2764 et
1470 2735 1553 2764 Deum
1565 2735 1706 2767 dilectum.

122 2812 244 2843 "Matth.
268 2821 305 2847 ιν,
327 2814 354 2843 6.
388 2815 409 2830 ⁷³
424 2814 503 2842 Joun.
525 2823 562 2848 xl,
576 2815 620 2843 50.
659 2816 679 2831 ⁷¹
699 2815 775 2844 Deut.
792 2824 852 2850 xm,
869 2817 922 2846 1-5,
