1909 3071
203 73 257 100 6θὸ

698 73 728 101 s.
748 73 936 101 EUSTATHII
956 73 1110 102 EPISCOPI
1129 64 1338 104 ANTiocuENi

1785 76 1834 106 σοι

203 137 235 161 ut
250 136 301 161 hoc
320 140 433 160 numero
459 133 566 160 binario
590 141 673 161 unam
698 133 832 162 Deitatem
854 135 992 169 probaret,

1046 135 1097 163 τοᾶ
1119 135 1192 163 ίδεῖν
1212 138 1238 163 sl
1263 135 1398 171 ἀγαπᾶτε
1423 136 1533 170 Κύριον
1556 136 1611 163 τὸν
1637 136 1714 163 Θεὸν
1736 135 1834 170 ίζμῶν,

204 188 352 216 veramque
379 179 426 207 Dei
452 180 667 214 generationem.
694 181 723 208 Si
751 186 841 208 aulem
857 181 991 216 propheta

204 227 250 254 ille
273 227 320 261 qui
339 226 446 260 signum
478 229 525 252 aut
541 229 699 260 portentum
725 226 870 254 ostendere
889 227 992 262 promi-

204 275 288 301 serat.
299 271 427 299 omnibus
442 271 530 299 modis
545 271 719 306 abjiciendus
727 277 780 304 est,
789 273 850 300 ideo
862 273 934 308 quod
944 281 992 300 ne-

205 317 301 345 farium
329 318 464 345 idolorum
492 318 595 345 cultum
622 318 818 351 introduceret,
835 319 899 346 licet
919 318 990 354 signi

203 364 324 400 potentia
341 365 521 399 praecesserit,
531 368 634 399 quanto
646 366 733 401 magis
750 365 877 397 daamoni,
894 366 940 400 qui
957 366 992 393 ab

203 409 299 436 inferis
315 409 429 444 spiritus
453 409 592 444 justorum
609 418 725 438 evocare
744 411 900 445 pollicetur,
917 411 992 438 nulla

203 455 271 483 ﬁdes
285 459 328 483 est
351 455 523 483 adhibenda?
541 455 626 483 Nemo
643 460 773 491 prazterea
800 457 925 492 quamvis
941 457 993 484 ini-

202 502 264 536 pius
284 501 395 533 diceret,
409 502 462 530 illis
475 503 586 529 oracula
599 503 816 535 consulentibus,
832 503 918 531 Deum
933 507 993 531 ten-

203 552 306 575 tantem
330 548 454 582 impium,
481 548 632 576 suscitasse
656 548 824 583 Samuelem;
842 554 871 577 ut
891 550 992 577 factum

203 598 297 628 postea
326 594 503 622 subsecutum
520 594 651 622 daemonis
666 596 841 630 promissioni
872 596 993 624 ascribe-

202 642 288 670 retur,
303 647 389 674 eoque
413 641 524 668 nomine
551 649 600 676 per
614 641 735 669 fraudem
757 642 859 670 deleret
872 643 990 677 aliquos.

202 685 270 712 Nam
286 687 398 714 omnino
422 687 573 714 cavendum
592 692 661 721 erat,
674 693 704 715 ut
719 688 806 723 legum
832 689 902 716 lator
915 697 994 717 man-

202 731 325 764 daverat,
341 736 370 759 'a
386 732 507 760 vaticinii
540 733 650 761 scelere.
669 732 710 760 An
740 742 793 761 non
817 735 930 770 auguria
947 742 994 762 eo-

203 784 319 811 rumque
347 785 446 805 causas
461 779 644 805 exsecrandas
667 779 764 813 putas?
778 787 870 807 nonne
894 781 989 808 vatici-

203 823 328 850 nationes
350 823 558 859 engastriinythi
579 829 606 851 et
625 824 740 851 sortium
764 825 907 860 symbola?
922 827 993 854 Audi

203 876 263 903 quae
275 869 353 902 paulo
365 874 425 903 post
436 869 534 896 iterum
545 870 691 904 prtecepit:
704 869 735 897 Si
747 870 879 898 introieris
895 871 922 898 in
942 876 994 899 ter-

202 923 260 941 ram
277 923 355 950 quant
368 914 497 942 Dominus
507 915 578 942 Deus
589 920 649 942 tuus
661 915 707 942 dat
724 917 781 948 tibi,
792 925 843 944 non
855 917 939 944 disces
951 918 994 952 fa-

202 966 256 986 cere
266 958 408 986 secundum
417 959 625 987 abominationes
635 961 744 988 illarum
753 962 879 997 gentium.
889 962 949 989 Non
957 964 994 990 in-

201 1005 320 1032 veniatur
331 1006 358 1032 in
368 1010 392 1032 te
403 1006 448 1041 qui
457 1006 549 1033 lustret
558 1006 643 1041 ﬁlium
654 1015 730 1034 suum
740 1008 869 1042 vel/ilium
881 1017 957 1035 suam
966 1009 994 1036 in

201 1052 270 1086 igne,
279 1056 303 1078 et
315 1053 462 1080 vaticinans
473 1053 610 1085 vaticinia,
620 1057 644 1080 et
656 1054 760 1081 mittens
769 1059 864 1086 sortes,
873 1059 897 1081 et
909 1063 994 1089 augu-

201 1105 265 1125 rans
280 1098 507 1126 incantationibus
529 1100 748 1133 incautationem,
764 1101 952 1136 ventriloquus,
968 1106 993 1128 et

201 1150 381 1179 portentorum
401 1146 542 1180 inspector,
563 1151 587 1174 et
603 1147 769 1183 interrogans
799 1153 915 1175 mortuos
931 1156 941 1175 :
955 1152 994 1175 est

201 1192 271 1219 enim
299 1191 461 1220 abominalio
486 1193 601 1220 Domino
625 1194 711 1220 omnis
732 1194 778 1229 qui
798 1194 863 1228 facit
883 1194 939 1221 Iiwc
956 1195 991 1222 ".

202 1237 267 1265 Post
281 1239 339 1266 liiec
353 1239 471 1267 innitens
485 1240 568 1267 etiam
579 1239 742 1275 alienigenis
763 1245 906 1275 propterea
923 1248 995 1268 mor-

201 1287 255 1311 tem
286 1288 312 1311 et
341 1284 554 1312 internecionem
585 1284 694 1316 minari,
726 1285 818 1312 statim
846 1286 992 1313 subdidit:

204 1329 315 1364 Propter
327 1331 397 1356 enim
411 1330 479 1357 tales
500 1331 709 1358 abominationes
725 1331 854 1359 Dominus
873 1333 995 1360 extermi-

203 1375 277 1402 nabit
292 1375 356 1403 illos
373 1385 388 1403 a
407 1380 440 1403 te.
464 1376 640 1404 Manifestum
667 1377 759 1412 itaque
781 1382 838 1409 est,
857 1378 994 1413 engastri-

203 1420 289 1456 inytlii
300 1421 522 1450 vaticinationem
544 1430 607 1449 cum
630 1423 737 1450 caneris
758 1422 919 1451 idololatria:
934 1432 994 1451 cau-

202 1467 242 1494 sis
264 1466 439 1501 coniunctam
455 1476 525 1496 esse.
544 1467 582 1495 Ita
599 1468 670 1496 enim
689 1468 717 1495 in
733 1468 856 1497 febribus
877 1470 994 1498 interna:

202 1513 298 1540 sordes
322 1513 448 1540 morbum
478 1514 638 1545 incendunt.
665 1514 833 1550 vitiososque
864 1517 992 1545 humores

203 1563 352 1592 exacuunt,
375 1559 443 1587 adeo
460 1564 490 1587 ut
509 1568 542 1588 ex
560 1564 667 1588 tumore
695 1567 722 1590 et
748 1563 925 1596 corruptione
939 1564 994 1598 ple-

203 1614 319 1642 rumque
337 1610 439 1642 pestem
455 1606 584 1634 inferant.
604 1606 636 1634 Et
662 1607 726 1635 dum
751 1612 938 1643 portentorum
955 1610 994 1636 in-

204 1653 360 1688 spectiones
381 1653 475 1681 tristes
492 1653 613 1681 visiones
629 1654 747 1686 vocavit,
764 1662 824 1689 qua:
847 1663 895 1689 per
909 1655 993 1689 Euga-

204 1698 365 1734 striinythos
392 1698 470 1726 facta;
494 1698 610 1726 historia
637 1699 794 1731 traduntur,
811 1699 938 1734 probavit
965 1701 993 1727 in

204 1744 259 1772 illis
273 1743 341 1771 nihil
360 1745 417 1771 veri
438 1744 583 1773 contineri.
600 1745 672 1778 Ideo,
697 1749 725 1772 ut
738 1745 876 1778 existimo,
896 1754 993 1774 rursus

204 1791 231 1818 in
242 1790 364 1819 Levitico
382 1791 546 1819 atrociorem
564 1795 660 1819 contra
671 1799 719 1819 eos
732 1792 895 1819 sententiam
911 1792 991 1825 dixit,

204 1838 248 1865 his
276 1837 344 1872 ipsis
369 1837 461 1865 verbis
486 1841 625 1872 peractam
643 1846 649 1864 :
666 1836 700 1863 Et
723 1838 762 1864 vir
785 1842 832 1864 aut
847 1837 951 1870 mulier,
969 1838 992 1865 si

204 1884 270 1918 facti
291 1884 389 1918 fuerint
412 1883 566 1918 ventriloqui
584 1884 623 1910 vel
646 1884 827 1911 incantatores
848 1884 918 1918 apud
937 1893 993 1915 vos,

205 1935 289 1957 morte
322 1931 497 1961 moriantur;
532 1930 665 1964 lapidibus
696 1931 757 1958 illos
790 1931 893 1958 obruite
921 1939 930 1957 :
956 1931 994 1957 rei

204 1981 266 2002 sunt
285 1976 319 2003 ".

205 2022 248 2049 διὰ
261 2022 315 2049 τῶν
330 2023 557 2059 ἐγγαστριμύθων
571 2023 748 2060 ἱστοροῦνται,
766 2025 937 2060 συνέστησεν,
950 2025 990 2052 ὅτι
1008 2025 1089 2060 μηδὲν
1102 2025 1175 2051 ἐστιν
1187 2023 1285 2059 ἀληθὲς
1299 2024 1327 2049 ἐν
1340 2023 1430 2054 αὐτοῖς

1048 181 1118 208 Ἀλλ’
1141 181 1257 209 ἐνταῦθα
1281 182 1330 217 μὲν
1351 182 1400 217 τὴν
1424 182 1506 209 δυάδα
1527 181 1633 218 Πατρός
1655 190 1685 208 τε
1713 181 1764 211 καὶ
1785 182 1834 208 τοῦ

1044 226 1204 262 μονογενοῦς
1220 227 1286 253 Υίοῦ
1301 227 1453 263 παριστῶν,
1468 227 1547 254 ἄλλον
1571 228 1620 263 μὲν
1637 228 1683 253 τὸν
1714 226 1832 262 κπειρὰ-

1042 271 1122 304 ζοντα
1140 271 1241 306 Κύριον
1262 272 1399 307 ὀνομάζει,
1417 271 1496 299 ἄλλον
1513 271 1541 298 δὲ
1556 271 1632 307 παρὰ
1651 270 1748 298 τοῦτον
1763 269 1835 300 εἶναι

1042 316 1087 343 τὸν
1100 316 1281 352 ἀγαπώμενον
1300 317 1400 352 Κύριόν
1415 325 1445 343 τε
1465 318 1510 344 καὶ
1525 317 1600 348 Θεὸν,
1619 317 1662 343 ἵνα
1683 317 1717 342 ἐκ
1736 316 1833 348 δυάδος

1041 364 1091 398 τὴν
1105 363 1169 398 μίαν
1181 363 1307 399 ἀποδείξῃ
1325 363 1438 398 θεότητα
1451 364 1497 390 καὶ
1509 363 1558 398 τὴν
1575 362 1660 398 ἀληθῆ
1678 361 1833 395 θεογονίαν.

1042 411 1074 436 Εί
1093 410 1120 436 δὲ
1135 411 1148 436 ὁ
1163 411 1306 445 προφήτης
1320 410 1422 441 ἐκεῖνος
1436 411 1450 435 ὁ
1464 409 1493 436 τὸ
1513 410 1625 444 σημεῖον
1644 408 1834 443 ὑποσχόμενος

1043 456 1059 492 ἢ
1075 456 1106 482 τὸ
1125 455 1207 492 τέρας
1222 454 1359 488 ὑποδεῖξαι
1381 455 1553 482 παντάπασιν
1574 454 1740 490 ἀποκριτέος
1764 455 1834 485 ἐστὶ,

1042 501 1081 537 τῷ
1104 502 1153 538 τὴν
1169 501 1298 537 ἀθέμιτον
1312 500 1531 536 εἰδωλολατρεων
1546 500 1726 536 εἰσηγεῖσθαι,
1749 500 1803 526 κᾶν
1818 502 1834 534 ἡ

1042 547 1088 574 τοῦ
1104 548 1216 584 σημείου
1231 547 1345 582 δύναμις
1366 546 1514 583 ὲνεργοῦσα
1529 546 1667 582 προτρέχῃ
1677 554 1684 560 ·
1709 545 1789 580 πόσῳ
1804 545 1835 580 δὴ

1045 593 1144 629 μᾶλλον
1170 593 1201 620 οὑ
1222 593 1275 629 χρὴ
1299 593 1405 628 δαίμονι
1436 592 1571 619 πιστεύειν
1602 591 1834 626 ἐπαγγελλομένῳ

1042 639 1132 675 ψυχὰς
1157 639 1186 673 ἐξ
1210 640 1273 675 ᾷδου
1301 639 1528 675 μεταπέμπεσθαι
1551 639 1597 666 καὶ
1622 638 1771 674 πνεύματα
1796 638 1835 664 δι-

1043 685 1144 717 καίων;
1167 685 1236 712 Ἀλλ’
1253 685 1313 712 οὐδὲ
1328 686 1393 721 φαίη
1410 694 1452 717 τις
1466 685 1498 712 ἂν
1511 685 1628 716 ἀσεϐῶν,
1643 685 1684 711 ὅτι
1699 693 1835 720 μαντευσ-

1045 733 1133 767 μένων
1149 732 1260 759 ἐκείνων
1272 734 1287 759 ὁ
1301 732 1367 764 Θεὸς
1383 732 1516 767 ἀνέστησε
1532 732 1578 759 τὸν
1592 732 1721 768 Σαμουὴλ
1738 733 1835 759 ἐκπει-

1044 779 1126 814 ράσαι
1142 779 1187 805 τὸν
1201 779 1293 806 ἄδικον
1317 778 1428 810 ὲθέλων,
1448 779 1491 805 ἵνα
1509 779 1648 815 ἐπιγράψῃ
1662 780 1696 814 τῇ
1714 779 1764 805 τοῦ
1779 779 1835 805 δαί-

1046 833 1125 860 μονος
1141 825 1291 860 ἐπαγγελίᾳ
1305 824 1336 851 τὸ
1355 824 1456 860 δρᾶμα,
1473 825 1520 851 καὶ
1535 825 1579 851 διὰ
1595 825 1673 860 τῆσδε
1689 825 1742 859 τῆς
1766 833 1834 860 προ-

1045 870 1152 905 φάσεως
1184 871 1276 906 ἀπάτῃ
1312 870 1410 906 φθείρῃ
1450 871 1540 902 τινάς·
1573 871 1678 906 ἀνάγκη
1718 870 1777 906 γὰρ
1807 871 1834 902 ἐξ

1044 917 1163 948 ἅπαντος
1187 916 1367 951 φυλάττεσθαι
1386 916 1417 942 τὸ
1438 917 1488 952 τῆς
1511 916 1638 952 μαντείας
1662 917 1741 950 ἄγος,
1767 916 1833 948 ὡςὸ

1044 962 1191 998 νομοθέτης
1205 962 1357 989 ἐθέσπισεν·
1371 961 1427 988 ἀλλ’
1445 962 1475 988 οὐ
1492 962 1602 998 μυσαρά
1618 971 1659 994 τις
1673 963 1785 997 ἡγεῖται
1801 963 1832 989 τὰ

1043 1008 1094 1043 τῆς
1114 1007 1308 1039 οἰωνοσκοπίας
1328 1006 1411 1038 αἴτια,
1427 1007 1476 1034 καὶ
1490 1007 1525 1034 τὰ
1539 1007 1590 1042 τῆς
1610 1007 1831 1044 ὲγγαστριμύθτιν

1046 1055 1160 1089 μαντεῖα
1174 1054 1220 1080 καὶ
1233 1053 1353 1089 σύμϐολα
1369 1055 1517 1091 κλῃδόνων;
1537 1053 1672 1081 Ἀκουέτω
1683 1054 1743 1086 πῶς
1756 1054 1833 1088 ὀλίγα

1045 1099 1163 1135 πρόσθεν
1175 1100 1297 1135 ὑπερϐὰς
1310 1100 1469 1135 ἐδογμάτισε
1482 1100 1575 1127 πάλιν·
1597 1100 1664 1126 Ἐὰν
1675 1100 1720 1131 δὲ,
1737 1100 1832 1134 φησὶν,

1044 1146 1184 1181 εἰσέλθῃς
1200 1148 1243 1180 εὶς
1258 1146 1316 1180 τὴν
1335 1146 1393 1182 γῆν
1408 1146 1448 1180 ἦν
1472 1148 1579 1180 Κύριος
1592 1148 1609 1173 ὁ
1627 1147 1699 1180 Θεός
1715 1154 1775 1174 σου
1795 1147 1833 1172 δί-

1044 1192 1119 1219 δωσί
1131 1200 1190 1224 σοι,
1205 1193 1241 1219 οὺ
1255 1191 1379 1227 μαθήσῃ
1390 1192 1488 1219 ποιεῖν
1497 1192 1572 1219 κατὰ
1587 1192 1621 1219 τὰ
1634 1192 1833 1227 ,βδελύπψλιτα

1044 1239 1103 1266 τῶν
1126 1239 1221 1268 ἐθνῶν
1243 1239 1382 1266 ἐκείνων·
1415 1240 1470 1273 οὐχ
1498 1238 1690 1273 εὑρεθήσεται
1719 1240 1756 1265 ἐν
1783 1239 1831 1266 σοὶ

1044 1285 1260 1318 περικαθαίρων
1277 1284 1332 1310 τὸν
1352 1283 1420 1310 υίὸν
1438 1283 1531 1310 αὐτοῦ
1547 1283 1597 1310 καί
1610 1284 1666 1318 τὴν
1685 1284 1833 1318 θυγαῖέρα

1044 1330 1138 1357 αὐτοῦ
1155 1330 1190 1357 ἐν
1213 1330 1296 1364 πυρὶ,
1315 1330 1364 1356 καί
1381 1330 1601 1364 μαντευόμενος
1611 1330 1767 1364 μαντείαν,
1785 1330 1832 1356 καί

1044 1374 1304 1410 κλῃδονιζόμενος,
1347 1375 1396 1401 καὶ
1431 1374 1630 1409 οἰωνιζόμενος
1662 1375 1831 1409 φαρμάκοις

1044 1420 1199 1454 ἐπαοιδὴν,
1215 1421 1459 1456 ὲγγαστρίμυθος,
1477 1421 1707 1454 τερατοσκόπος,
1725 1420 1832 1455 ἐπερω-

1045 1468 1104 1494 τῶν
1117 1468 1188 1500 τοὺς
1198 1468 1334 1501 νεκρούς
1348 1467 1414 1494 ἐστι
1427 1468 1482 1502 γὰρ
1493 1466 1651 1502 βδέλυπιια
1662 1467 1761 1500 Iit-pla)
1777 1466 1833 1500 πᾶς

1046 1517 1061 1542 ὁ
1084 1515 1177 1542 ποιῶν
1196 1515 1300 1542 ταῦτα.
1324 1513 1402 1541 Μετὰ
1421 1513 1500 1540 τοῦτο
1523 1513 1642 1549 μηνύων,
1659 1514 1700 1540 ὃτι
1718 1514 1832 1545 καὶτοῖς

1046 1561 1202 1596 ἀλλογενέσι
1224 1561 1268 1587 διὰ
1290 1560 1377 1588 ταῦτα
1398 1559 1513 1587 Θανάτου
1535 1560 1640 1594 γένεσιν
1661 1559 1769 1586 ἀπειλεῖ
1789 1560 1833 1586 καὶ

1047 1608 1165 1643 φθορὰν,
1189 1608 1328 1642 ἐπήγαγεν
1348 1606 1449 1638 εὐθέως
1462 1615 1469 1622 ⁸
1487 1607 1597 1634 Ἕνεκα
1613 1606 1667 1640 γὰρ
1686 1605 1748 1632 τῶν
1763 1605 1833 1637 ,εδε-

1045 1655 1064 1680 λ
1069 1652 1204 1688 ιιτμάτων
1213 1653 1324 1679 τούτων
1330 1653 1435 1686 Κύριος
1442 1651 1649 1686 ἐξολοθρεύσει
1658 1652 1770 1684 αὐτοὺς
1777 1651 1833 1678 ἀπὸ

1046 1699 1113 1726 σοῦ.
1131 1699 1257 1725 Φαίνεται
1279 1697 1378 1730 τοίνυν,
1400 1698 1438 1729 ὡς
1455 1699 1471 1733 ἡ
1491 1698 1604 1733 μαντεία
1624 1698 1672 1733 τῆς
1688 1698 1833 1732 ἐγγαστρι-

1049 1744 1133 1780 μύθου
1154 1744 1330 1776 συνέζευκται
1349 1743 1417 1778 μετὰ
1441 1743 1549 1770 πάντων
1564 1742 1631 1776 ὁμοῦ
1649 1742 1704 1768 τῶν
1729 1743 1779 1777 τῆς
1796 1743 1832 1768 εἰ-

1045 1789 1242 1826 δωλολατρείας
1265 1788 1376 1816 αἰτιῶν·
1402 1789 1496 1823 ὥσπερ
1514 1789 1543 1815 ὲν
1563 1788 1672 1823 πυρετῷ
1694 1788 1833 1814 σκυὸάλων

1046 1837 1150 1863 ἔνδοθεν
1183 1837 1371 1872 ὑποκειμένων
1405 1835 1554 1872 ἑγερτικῶν
1589 1835 1637 1871 μὲν
1665 1834 1831 1870 ἀρρωστίας,

1046 1883 1266 1919 ὑπεκκαυμάτων
1282 1883 1311 1909 δὲ
1329 1882 1482 1917 μοχθηρῶν,
1501 1881 1601 1917 οίδήσει
1618 1881 1665 1907 καὶ
1682 1880 1771 1916 φθορᾷ
1785 1881 1831 1915 τὴν

1047 1929 1156 1965 λυμώδη
1177 1929 1252 1956 νόσον
1274 1928 1404 1955 ἀποκύειν
1420 1927 1564 1954 είωθότων.
1583 1927 1614 1953 Εἰ
1630 1927 1657 1953 δὲ
1673 1926 1705 1961 δὴ
1723 1927 1771 1953 καὶ
1791 1935 1832 1952 τε-

1048 1976 1232 2012 ρατοσκοπίας
1257 1975 1380 2010 ὠνόμασε
1401 1974 1450 2006 τὰς
1470 1974 1591 2010 ἁμειδεῖς
1611 1973 1756 2004 ὀπτασίας,
1773 1973 1831 1999 ὅσαι

1455 2031 1462 2037 ·
1479 2022 1612 2053 ἐντεῦθεν,
1641 2019 1728 2055 οἶμαι,
1755 2020 1832 2046 πάλιν

206 2071 235 2096 ὲν
250 2069 289 2105 τῷ
305 2070 440 2106 Λευῖτικῷ
461 2071 688 2108 σκυθρωποτέραν
707 2073 843 2107 ἀπόφασιν
871 2074 1000 2109 ἐξήνεγκε
1030 2074 1089 2100 κατ’
1106 2072 1204 2105 αὐτῶν,
1223 2070 1370 2106 ἐπαγαγὼν
1391 2071 1481 2101 αὐτοῖς
1499 2071 1612 2105 ῥήμασι’
1641 2069 1695 2096 Καὶ
1718 2068 1798 2102 ἀνὴρ
1815 2069 1830 2102 ἡ

180 2149 185 2154 ,
205 2118 294 2152 γυνὴ,
308 2118 438 2153 φάμενος,
452 2118 490 2146 ἂν
503 2118 622 2153 γένηται
637 2121 871 2157 ἐγγαστρίμυθος
884 2122 903 2157 ἢ
917 2121 1053 2153 ἐπαοιδός
1079 2121 1115 2148 ἐν
1138 2121 1219 2156 ὑμῖν,
1245 2119 1360 2150 θανάτῳ
1386 2118 1649 2147 θανατούσθωσαν,
1669 2117 1767 2148 λίθοις
1794 2117 1824 2142 .lt'

205 2167 383 2194 θοϐολίσατε
397 2168 508 2201 αὐτούς
517 2177 523 2183 ·
540 2168 642 2204 ἔνοχοί
655 2170 745 2196 εἰσιν.

241 2211 326 2240 XXV.
347 2212 418 2245 Quid
432 2213 478 2241 hic
506 2214 590 2249 igitur
616 2215 708 2243 dicent
731 2216 777 2251 qui
798 2224 883 2244 novas
903 2216 993 2252 Orige-

1081 2213 1164 2240 XXV.
1185 2213 1218 2238 Τί
1243 2211 1334 2238 τοίνυν
1358 2211 1438 2245 φασὶν
1456 2211 1480 2237 oi
1494 2209 1544 2240 τὰς
1570 2208 1725 2243 Ὠριγὲνους
1746 2208 1831 2234 dum.

206 2260 250 2288 nis
284 2259 436 2288 sententias
474 2260 677 2295 amplecteiidas
714 2270 774 2290 esse
809 2262 995 2290 contendunt?

206 2304 306 2332 Utrum
318 2303 403 2331 veluti
415 2304 598 2338 pessimarum
619 2306 718 2333 artium
732 2312 891 2341 operatores
906 2307 996 2343 Enga-

207 2350 369 2386 strimythos
385 2350 465 2385 jubet
489 2351 589 2383 occidi,
606 2352 648 2379 vel
669 2360 684 2378 e
703 2353 842 2379 contrario
863 2353 997 2380 bonorum

207 2405 320 2433 operum
337 2398 537 2432 prmceptores?
558 2397 626 2424 Nam
659 2398 682 2425 si
706 2398 852 2433 impiorum
872 2402 936 2425 sunt
947 2406 997 2426 au-

208 2448 299 2472 ctores
311 2444 475 2477 facinorum,
485 2444 547 2478 jure
560 2444 649 2479 legum
668 2444 739 2471 lator
748 2444 936 2476 detestandos,
951 2444 998 2479 qui

210 2490 278 2517 nihil
301 2491 358 2518 veri
384 2490 576 2526 pronuntiant,
598 2490 742 2523 eliminat;
769 2490 811 2517 sin
834 2490 998 2525 optimarum

210 2537 349 2564 actionum
375 2536 498 2572 magistri
517 2539 592 2568 sunt,
610 2536 712 2563 frustra
737 2536 765 2563 in
788 2544 836 2565 eos
852 2536 894 2564 lex
914 2536 997 2563 anim-

211 2583 337 2610 advertit.
365 2581 471 2617 Quippe
497 2583 520 2610 si
543 2583 578 2610 ab
610 2582 706 2610 inferis
742 2582 847 2610 animas
878 2583 999 2610 educunt

210 2635 272 2662 quae
285 2636 347 2655 eum
369 2627 423 2655 huc
437 2628 598 2656 adveneriut
615 2628 707 2656 futura
721 2628 882 2663 przedicant,
905 2636 999 2657 neces-

211 2674 285 2701 saria
301 2674 485 2709 indigentibus
508 2675 611 2702 utiliter
631 2678 798 2710 suggerunt;
816 2675 917 2710 injuste
932 2682 998 2710 ergo

211 2721 350 2756 lapidibus
366 2719 445 2747 obrui
459 2720 648 2749 benefactores
660 2721 749 2756 legum
762 2721 831 2749 lator
846 2722 975 2757 praecepit
989 2730 996 2748 :

248 2811 272 2828 "
284 2811 363 2839 Deut.
376 2819 455 2845 xviii,
475 2811 548 2840 9-12.
578 2810 694 2840 "Lavit.
714 2820 760 2846 xx,
777 2812 820 2840 27.

1050 2261 1130 2292 στὲας
1145 2258 1214 2286 εἶναι
1230 2258 1366 2293 τιθέμενοι
1384 2256 1558 2289 δοξοκοπίας;
1575 2255 1692 2291 Πότερον
1707 2254 1745 2286 ὡς
1766 2254 1830 2289 ἐχθί-

1050 2316 1119 2334 στων
1137 2305 1360 2341 ἐπιτηδευμάτων
1374 2303 1477 2334 αἰτίους
1492 2301 1662 2337 ἀναιρεῖσθαι
1675 2301 1830 2336 προστάττει

1049 2354 1113 2385 τοὺς
1130 2351 1376 2388 ἐγγαστριμύθους,
1395 2350 1412 2386 ἢ
1425 2348 1578 2376 τούναντίον
1593 2347 1630 2379 ὡς
1645 2346 1758 2381 ἀγαθῶν
1775 2347 1830 2372 ὑπο-

1049 2399 1170 2435 θήμονας
1186 2398 1293 2434 ἕργων;
1309 2398 1340 2423 Εἰ
1359 2396 1407 2431 μὲν
1427 2393 1473 2421 οὖν
1493 2393 1600 2421 ἀσεϐῶν
1617 2392 1671 2419 εἰσὶ
1692 2392 1830 2428 δραμάτων

1050 2445 1206 2480 αὐτουργοὶ,
1221 2443 1331 2474 δικαίως
1345 2443 1359 2469 ὁ
1373 2441 1521 2477 νομοθέτης
1535 2439 1685 2467 ἀπελαύνει
1697 2444 1761 2470 τοὺς
1775 2440 1830 2464 ἐνα-

1050 2493 1119 2526 γεῖς,
1135 2491 1211 2517 οὒδὲν
1227 2488 1452 2523 εἰσαγγέλλοντας
1471 2485 1583 2522 ἀληθές·
1606 2486 1631 2511 εἰ
1645 2485 1674 2511 δὲ
1689 2484 1830 2511 καλλίστων

1051 2537 1162 2572 εύρεταὶ
1179 2534 1304 2570 πράξεών
1325 2535 1388 2565 εἱσι,
1404 2532 1538 2568 περιττῶς
1559 2533 1574 2559 ὀ
1587 2531 1668 2566 νόμος
1687 2530 1829 2566 ἐψηφίσατο

1052 2582 1110 2609 κατ’
1129 2581 1227 2608 αὐτῶν.
1243 2581 1273 2606 Et
1294 2579 1348 2615 γὰρ
1363 2579 1493 2613 ἀνάγουσι
1509 2578 1558 2613 μὲν
1578 2577 1608 2610 ἐξ
1622 2576 1684 2612 ᾅδου
1697 2575 1793 2611 ψυχὰς,
1806 2574 1829 2601 αι

1050 2628 1079 2654 δὲ
1088 2627 1284 2662 ἀφικνούμεναι
1300 2626 1379 2662 δεῦρο
1393 2625 1555 2661 κηρύττουσι
1569 2624 1600 2650 τὸ
1615 2623 1722 2658 μέλλον,
1734 2620 1820 2656 ὲφοδιά

1052 2674 1128 2707 ζουσι
1157 2674 1221 2704 τοὺς
1244 2673 1386 2709 δεομένους
1412 2671 1571 2706 ὲπωφελῶς,
1593 2670 1623 2696 ού
1647 2669 1761 2700 δικαίως
1783 2667 1828 2700 ἄρα

1050 2719 1246 2747 λιθοϐολεῖσθαι
1260 2721 1321 2752 τοὺς
1333 2719 1480 2755 εὐεργέτας
1492 2717 1634 2745 ὲθέστ-ισεν
1650 2717 1664 2743 ὁ
1680 2715 1827 2752 νομοθέτης
