1909 3071
69 127 118 155 665

524 126 569 153 DE
585 125 880 154 ENGASTRIMYTHO
891 125 1031 154 CONTRA
1045 124 1230 154 ORIGENEM.

1637 125 1691 156 668

68 189 132 216 ὣστε
143 188 216 215 δυοῖν
233 188 343 224 ἀνάγκη
358 188 481 223 θάτερον,
494 188 510 224 ἢ
528 187 630 220 ταύτας
645 187 794 223 ἁχρειῶσαι
804 187 836 214 τὰ

889 189 942 218 ,ἱιο
961 191 990 214 ut
1005 195 1089 214 unum
1110 195 1144 214 ex
1165 187 1272 214 duobus
1296 194 1407 215 necesse
1421 185 1495 214 factu
1514 186 1561 218 sit,
1575 190 1622 214 aut
1639 187 1689 215 has

68 235 163 271 φωνὰς,
180 235 196 270 ἢ
215 234 252 261 τὰ
274 235 326 270 τῆς
349 234 567 269 ὲγγαστριμύθου
591 234 701 269 ῥήματα
719 233 852 260 διαϐαλεῖν

68 281 101 313 ὡς
115 281 182 307 ἒωλα
201 281 250 307 καὶ
268 281 366 316 ψευδῆ.
390 280 469 308 Ἀλλὰ
484 281 510 307 τί
523 280 635 316 φῶμεν;
658 280 852 314 Ἀντιδοᾷοὖσιν

68 327 169 358 ἑαυταῖς
185 327 212 353 αἱ
228 327 303 354 θεῖαι
318 327 423 363 Γραφαί
435 335 443 360 ;
456 329 515 359 ταῖς
530 327 558 353 δὲ
575 326 684 358 πολλαῖς
698 327 714 362 ἡ
736 326 783 362 μία
801 326 852 362 μά-

67 381 136 408 χεται
155 373 267 408 ψῆφος;
291 373 324 400 Ei
347 373 369 400 δ’
392 373 447 408 ἄρα
466 373 513 399 καὶ
536 372 609 408 μάχη
630 373 671 404 τίς
691 373 774 404 ἐστιν,
791 372 851 398 ἐπι-

66 418 189 454 κρατοῦσι
216 418 328 446 πολλαί.
348 419 403 445 Καὶ
429 418 481 454 μὴν
502 419 535 445 ὲκ
549 419 604 444 τῶν
621 417 750 444 ἐναντίων
765 416 850 449 οὕτως

65 464 187 500 ὁμοφώνῳ
210 464 324 500 συνοδίᾳ
340 464 573 500 καταψηφίζονται
589 464 642 491 τῶν
664 463 849 500 ἐγγαστριμύ-

66 511 112 538 θων
125 511 161 543 ὡς
175 511 273 538 ἀνόσια
290 511 422 548 δρῶνται·
445 512 520 538 οὐδὲν
534 509 615 549 ἦττον
633 511 672 538 ἑτι
689 512 740 538 κάν
757 513 789 547 τῇ
804 520 848 538 τε-

64 558 140 594 τάρτῃ
161 557 215 584 τῶν
230 557 385 585 Βασιλειῶν
404 559 601 594 ἀνειλημμένον
621 559 706 590 ἐστὶν,
731 559 772 585 ὅτι
786 559 849 585 Μα-

63 603 154 638 νασσῆς
171 603 220 638 μὲν
239 604 372 635 ἀσεϐείας
388 604 523 640 ὑπερσολῇ
538 604 605 640 πρὸς
621 601 664 636 οἷς
684 603 848 631 ὲδικαιοκτό-

63 657 106 680 νει,
127 649 172 675 καὶ
188 649 324 681 παντοίας
339 649 506 686 ὲθρήσκευεν
528 650 745 686 είδωλομόρφους
770 650 846 681 ὕλας·

67 693 215 726 Ἐποίησεν
244 694 355 727 ἑαυτῷ,
388 695 480 730 φησὶν,
509 686 763 730 ἐγγαστριμύθους
797 694 847 721 καὶ

61 739 201 774 πιὼστας·
226 740 417 776 ἀντιστρόφως
437 740 460 767 δ’
486 739 518 767 αὖ
537 740 617 768 πάλιν
640 742 654 767 ὁ
674 740 846 776 δικαιοσύνης

60 786 133 821 ἀρετῇ
157 786 316 822 διαπρέψας
345 787 450 819 Ἰωσίας
473 787 487 813 ὁ
514 786 640 822 βασιλεὺς
665 786 772 813 ἅπαντα
796 786 845 821 μὲν

60 831 118 866 ὁμοῦ
138 831 171 858 τὰ
190 832 373 868 χειρότευκτα
390 832 514 859 καθεῖλεν
530 832 715 868 ἀφιδρύματα,
737 832 803 868 πυρὶ
816 831 844 858 δὲ

59 876 191 912 τεφρώσας
219 876 370 912 ἠφάνισεν·
393 879 422 905 οὺ
449 878 502 914 μὴν
518 878 587 905 ἀλλά
607 887 639 913 γε
656 878 724 914 πρὸς
738 878 843 909 τούτοις

59 922 180 958 ἀφεῖλεν,
207 923 281 960 ἔφη,
311 925 382 958 τοὺς
403 925 676 960 ἐγγαστριμύθους,
700 924 748 951 καὶ
770 923 842 957 τοὺς

58 970 191 1003 τνώστας,
215 971 268 998 καὶ
298 971 336 998 τὰ
351 971 486 1006 θεραέρὶμ,
512 971 560 998 καὶ
585 971 622 998 τὰ
647 970 766 1002 εἴδωλα,
792 971 841 998 καὶ

58 1015 89 1042 τὰ
111 1017 284 1049 καρασαείνο
315 1015 375 1044 εἶτα
405 1017 452 1044 καὶ
486 1017 545 1052 μετ’
579 1016 656 1051 ὀλίγα
679 1016 771 1051 φησιν,
798 1017 840 1044 ὅτι

58 1060 97 1086 καὶ
107 1061 299 1095 ἐνεπύρισεν,
313 1063 352 1094 ὡς
369 1062 485 1098 ἀθέμιτα
508 1061 619 1097 δηλαδή.
636 1061 785 1096 Τοιγαροῦν
802 1061 841 1088 el-

58 1108 129 1141 περὸ
151 1108 232 1140 αὑτός
256 1109 318 1135 ἐστι
335 1109 511 1144 συγγραφεὺς
532 1107 662 1143 ἐκατέρου
687 1108 733 1134 τοῦ
750 1109 841 1144 γράμε

59 1161 139 1187 ματος,
161 1154 281 1181 ἐνταῦθα
303 1155 331 1182 δὲ
348 1155 394 1181 δύο
410 1155 544 1191 πρόσωπα
561 1153 676 1189 βιολογεῖ
697 1153 837 1189 βασιλέων,

57 1196 107 1225 εἶτα
126 1200 228 1227 τούτοιν
240 1201 273 1227 τὸ
292 1201 341 1236 μὲν
355 1201 447 1228 ἄδικον
461 1201 566 1236 εἰσάγει
581 1201 633 1238 [ὅτι
654 1202 734 1239 πρδςι
748 1202 838 1234 ἄλλοις

57 1246 131 1272 εἵλετο
144 1247 189 1273 καὶ
205 1246 261 1273 τῶν
274 1246 514 1282 ἐγγαστριμύθων,
530 1247 560 1274 τὸ
572 1248 599 1274 δὲ
612 1248 684 1284 ζήλῳ
693 1249 837 1284 διεγηγερ-

59 1293 127 1327 μένον
143 1293 258 1324 ἐπαινεῖ,
279 1292 320 1328 τῷ
338 1294 385 1319 καὶ
403 1294 466 1325 τοὺς
487 1294 721 1330 ἐγγαστριμύθους
742 1294 836 1328 ἐξᾶραι

57 1339 115 1373 πρὸς
132 1338 215 1365 ἄπεισι
234 1340 296 1371 τοῖς
318 1339 434 1375 ἐχθροῖς.
452 1340 483 1366 Et
506 1340 534 1366 δὲ
550 1339 637 1367 ταῦτα
660 1340 745 1372 οὕτως
769 1339 834 1375 ἔχει,

58 1383 215 1419 συνέστηκεν,
237 1385 282 1411 ὅτι
297 1385 347 1420 οὐχ
367 1385 455 1421 ἐαυτῷ
473 1385 628 1421 μαχομένας
643 1384 758 1418 ἐξεδίδου
780 1394 836 1420 φω-

56 1429 104 1460 νάς.
124 1429 181 1456 Οὐδ’
199 1428 233 1457 αὖ
250 1430 285 1456 τὸ
299 1429 412 1466 Πνεῦμα
427 1431 458 1457 τὸ
472 1431 548 1465 ἀγιον
568 1430 686 1465 ἔφασκεν
701 1431 835 1466 ἀναϐεϐη-

56 1474 121 1502 κέναι
140 1476 185 1502 τὸν
207 1476 349 1511 Σαμουὴλ,
372 1476 440 1503 ἀλλά
458 1477 522 1508 τοὺς
545 1477 594 1512 τῆς
614 1477 833 1513 ἐγγαστριμύοου

54 1521 158 1557 διηγεῖτο
171 1522 280 1557 λόγους,
298 1523 336 1555 ὡς
357 1522 426 1558 ᾣετο
444 1523 491 1550 καὶ
512 1523 542 1550 τὺ
566 1523 654 1550 δοκεῖν
677 1524 834 1559 ἐκόμπαζεν

55 1568 134 1604 ἐκείνη
155 1569 400 1604 φαντασιοκοπίαις
425 1569 616 1605 ἀνα-πτεροῦσα
640 1570 685 1597 τὸν
702 1570 835 1606 δυνάστην

55 1614 156 1650 ἀδήλοιςί
181 1616 210 1642 οὐ
229 1616 288 1651 γὰρ
310 1615 343 1642 ἂν
363 1615 451 1651 ἑαυτῷ
468 1616 514 1642 καὶ
527 1616 587 1648 ταῖς
607 1616 700 1648 ἄλλαις
715 1617 835 1649 ἀπάσαις

55 1661 156 1695 ἐμάχετό
170 1669 227 1694 πως
241 1661 378 1698 Γραφαῖς.
399 1661 469 1688 Ἀλλ’
484 1661 544 1697 οὐχὶ
562 1662 642 1697 μόνον
657 1659 737 1689 αὗται
750 1662 834 1689 ταῦτα

55 1705 221 1741 διελέγχουσιν
243 1707 276 1732 αἱ
300 1707 402 1742 ῥήσεις,
427 1706 485 1732 ἀλλ’
500 1705 540 1732 ἔτι
556 1715 587 1741 γε
609 1706 715 1739 τούτοις
734 1708 834 1742 ἐπιψη-

55 1749 149 1784 φίζεται
172 1751 217 1778 καὶ
244 1750 353 1786 μάρτυς
374 1750 452 1782 ἄλλος
476 1751 633 1786 ἀξιοφανὴς,
657 1751 672 1777 ὁ
692 1752 833 1787 προφήτης

58 1796 169 1830 Ἡσαΐας,
186 1799 224 1834 πὴ
241 1798 293 1832 μὲν
311 1797 491 1834 ἀπαγορεύων
513 1798 547 1824 τὰ
570 1797 659 1824 τοιάδε
687 1798 771 1833 μύση,
795 1799 832 1834 πὴ

54 1841 78 1869 δὲ
91 1844 221 1880 παραινῶν
241 1845 376 1881 ὀρθότατα
396 1846 452 1876 τοῖς
473 1844 603 1880 ὑπηκόοις
624 1844 699 1880 αὐτῷ
713 1845 830 1871 κελαδεῖ·

56 1888 100 1914 Kal
115 1889 165 1916 ἐὰν
182 1890 290 1917 simum
316 1890 391 1923 πρὸς
410 1889 498 1925 ὑμᾶς’
519 1889 674 1924 Ζητήσατε
694 1890 765 1924 τοὺς
785 1891 833 1925 ἐτ-

56 1937 269 1971 πτιστριμύθους,
284 1936 332 1963 καὶ
345 1936 417 1969 τοὺς
431 1936 490 1963 ἀπὸ
506 1935 562 1970 τῆς
576 1935 634 1970 γῆς
646 1936 829 1971 φωνοῦντας,

55 1981 115 2014 τοὺς
124 1982 370 2017 κενολογοῦντας,
384 1982 412 2008 οἳ
423 1982 457 2008 ἐκ
472 1981 527 2015 τῆς
539 1982 654 2015 κοιλίας
666 1982 829 2016 φωνοῦσιν·

55 2028 113 2062 οὐχὶ
125 2029 207 2063 ἔθνος
220 2029 296 2063 πρὸς
309 2029 392 2055 Θεόν.
408 2026 475 2055 Εἷτά
485 2037 510 2054 τι
524 2028 594 2063 μετά
603 2029 689 2055 ταῦτα
704 2029 832 2066 προσθεὶς

56 2074 176 2111 ἐπιφέρει·
202 2077 232 2103 Τί
263 2075 449 2110 ἐκζητοῦσιν,
472 2075 534 2111 ἔφη,
553 2075 619 2109 περὶ
642 2075 701 2102 τῶν
718 2075 831 2106 ζώντων

57 2122 117 2155 τοὺς
139 2123 281 2157 νεκρούς;
302 2123 402 2158 Νόμον
417 2122 472 2157 γὰρ
489 2123 532 2155 εις
547 2122 692 2156 ,βοήθειαν
708 2122 829 2156 ἔδωκεν,

56 2167 98 2194 ἵνα
111 2169 230 2196 εἴπωσιν
246 2171 304 2203 οὺχ
319 2169 358 2202 ὡς
375 2168 408 2195 τὸ
419 2168 502 2203 ῥῆμα
517 2167 616 2199 τοῦτο,
633 2167 700 2202 περὶ
720 2166 756 2195 οὗ
775 2169 830 2194 οὐκ

904 241 985 261 voces
1003 237 1134 268 tanquam
1150 233 1261 260 inutiles
1281 233 1410 267 abjicere,
1423 233 1465 261 vel
1479 233 1688 270 engastrimythi

904 280 986 307 verba
1013 283 1144 315 tanquam
1169 279 1237 306 falsa
1264 283 1345 314 atque
1371 287 1442 306 vana
1461 280 1613 308 criminari.
1633 280 1686 308 Sed

902 326 967 361 quid
992 325 1134 354 dicemus?
1150 326 1310 362 Pugnanlne
1333 326 1403 353 inter
1418 334 1447 354 se
1466 334 1549 354 sacra:
1572 327 1688 354 litterae?

902 378 936 398 an
957 379 1010 398 una
1026 371 1160 398 sententia
1180 371 1274 398 multis
1289 370 1468 398 adversatur?
1482 371 1510 399 Si
1525 379 1584 406 quae
1595 376 1686 399 tamen

901 418 973 444 inter
995 425 1042 444 eas
1071 416 1258 444 controversia
1281 420 1340 449 est,
1364 417 1463 451 potiori
1492 424 1585 445 eorum
1613 418 1685 453 parti

900 465 990 500 palma
1011 463 1101 491 danda
1128 467 1180 490 est.
1212 462 1244 489 Et
1267 465 1357 489 tamen
1389 464 1533 490 contrariae
1558 464 1685 492 omnibus

900 509 1044 538 sententiis
1081 509 1109 536 in
1140 509 1417 544 engastrimytborum
1448 509 1682 542 condcmnatione,

899 560 1029 591 tanquam
1044 562 1139 583 eorum
1159 555 1204 590 qui
1228 555 1311 589 impie
1325 558 1419 590 agunt,
1436 561 1612 582 concurrunt.
1628 556 1684 584 ΙΝοο

899 601 990 629 minus
1006 606 1135 636 praeterea
1151 601 1179 628 in
1192 606 1291 636 quarto
1305 601 1407 637 Regum
1425 602 1539 629 relatum
1558 606 1610 634 est,
1627 603 1685 630 Ma-

898 655 1007 674 nassem
1023 647 1171 682 impietatis
1185 655 1311 679 excessu,
1330 651 1428 682 praeter
1440 647 1577 682 justorum
1590 657 1682 682 neces,

897 691 1024 719 omnibus
1048 692 1130 719 rebus
1152 699 1211 726 quae
1227 692 1298 719 idola
1315 700 1371 727 pra:
1400 701 1430 720 se
1448 692 1573 720 ferebant
1595 694 1682 722 servi-

897 735 970 765 visse
987 747 992 764 :
1011 737 1086 764 Fecit
1101 737 1152 765 sibi
1170 737 1232 771 ipsi,
1249 738 1287 764 ait
1298 738 1331 770 7‘,
1347 738 1570 773 engastrimytltas
1583 743 1607 766 et
1617 747 1683 774 gno-

896 789 964 811 stu.
984 783 1021 810 Ex
1040 784 1129 811 altera
1152 791 1216 811 vero
1239 788 1328 819 parte,
1353 784 1399 819 qui
1419 784 1533 819 justitiae
1553 785 1633 812 laude
1648 785 1682 812 il-

897 829 976 860 luxit,
993 828 1083 856 Josias
1100 837 1148 856 rex
1169 836 1264 857 omnes
1287 828 1368 856 simul
1386 828 1557 857 manuractas
1577 833 1681 857 statuas

858 862 879 890 Β
896 875 1027 909 dejectas,
1046 875 1108 910 igne
1124 879 1300 910 consumptas
1317 875 1427 903 delevit.
1447 873 1521 902 lnter
1534 878 1632 903 caetera
1653 879 1681 903 et

895 921 922 948 id
939 926 1088 948 memoratu
1103 921 1214 956 dignum
1235 921 1290 956 egit
1305 930 1312 947 :
1329 921 1456 954 Sustulit,
1469 921 1556 956 inquit
1567 922 1601 956 ",
1623 930 1682 950 uen-

895 967 1034 1003 triloquos,
1050 973 1075 994 et
1089 972 1208 1003 gnostas,
1224 973 1249 995 et
1260 967 1418 1002 therapltim,
1428 971 1453 994 et
1468 967 1552 1000 idola,
1562 972 1587 994 et
1602 976 1679 994 cara-

894 1014 963 1040 saim
977 1021 988 1040 :
1001 1017 1028 1041 et
1044 1014 1140 1049 paucis
1153 1013 1316 1048 interjectis,
1329 1022 1360 1041 ea
1370 1014 1522 1046 combussit,
1535 1013 1583 1046 ait,
1594 1014 1679 1042 veluti

893 1059 1006 1087 nefaria.
1035 1059 1128 1095 Itaque
1149 1060 1173 1088 si
1189 1060 1333 1095 utriusque
1358 1056 1516 1095 scriptionis
1537 1067 1609 1087 unus
1635 1063 1679 1087 est

893 1109 998 1139 auctor,
1023 1106 1051 1133 in
1075 1106 1174 1142 quibus
1197 1106 1314 1133 duorum
1343 1114 1437 1141 regum
1461 1106 1532 1134 vitas
1555 1105 1676 1141 scripsit,

892 1151 989 1178 horum
1011 1152 1128 1179 alterum
1145 1152 1277 1187 injustum
1297 1151 1383 1179 fuisse
1410 1151 1458 1184 ait,
1483 1151 1556 1187 quod
1578 1155 1677 1186 praeter

891 1198 944 1225 alia
955 1198 1142 1234 ventriloquos
1156 1199 1305 1231 induxerit,
1323 1199 1438 1226 alterum
1449 1198 1575 1226 laudibus
1593 1198 1678 1225 extol-

891 1244 921 1271 lit
936 1245 1008 1279 quod
1023 1245 1117 1273 divino
1129 1245 1188 1273 zelo
1201 1245 1336 1273 excitatus
1348 1246 1532 1280 ventriloquos
1552 1252 1607 1280 prae
1620 1251 1676 1272 om-

891 1291 971 1318 nibus
996 1291 1116 1319 inimicis
1130 1291 1269 1318 deleverit.
1287 1290 1349 1318 llaec
1364 1291 1387 1319 si
1409 1291 1446 1318 ita
1460 1298 1489 1318 se
1501 1291 1611 1322 habent,
1627 1297 1676 1325 pa-

889 1340 927 1364 tet
955 1344 1011 1364 non
1033 1338 1085 1365 sibi
1111 1337 1288 1365 adversantes
1310 1344 1391 1365 voces
1416 1337 1552 1365 emisisse.
1581 1335 1673 1372 Neque

889 1383 1009 1419 Spiritus
1019 1389 1131 1413 sanctus
1146 1384 1259 1413 dixisset
1270 1384 1423 1413 Samuelem
1445 1384 1611 1416 ascendisse,
1626 1383 1672 1411 sed

887 1431 1094 1466 engastrimythi
1118 1430 1252 1458 referebat
1280 1438 1432 1463 sermones,
1456 1431 1542 1463 illam,
1567 1430 1606 1457 uti
1622 1430 1674 1458 sibi

888 1477 1030 1504 videbatur
1047 1482 1129 1512 atque
1144 1477 1317 1512 opinabatur,
1342 1478 1484 1513 magniﬁce
1500 1484 1530 1505 se
1543 1477 1673 1511 jactasse,

887 1523 1004 1558 spectris
1021 1530 1081 1557 quae
1098 1527 1205 1550 tantum
1225 1523 1420 1558 imaginatione
1436 1523 1554 1551 obscure
1574 1523 1673 1559 depre-

887 1569 1087 1601 hendebantur,
1110 1576 1201 1604 regem
1225 1577 1274 1605 spe
1300 1569 1371 1597 bona
1398 1570 1556 1598 extollendi.
1581 1570 1674 1607 Neque

887 1616 961 1642 enim
975 1614 1085 1642 sibimet
1106 1614 1158 1649 ipsi
1174 1615 1289 1649 aliisque
1306 1614 1456 1650 Scripturis
1483 1616 1610 1644 omnibus
1624 1616 1672 1644 ad-

887 1664 1052 1688 versaretur.
1081 1659 1175 1696 Neque
1202 1665 1307 1688 tantum
1338 1661 1381 1688 ha:
1407 1661 1586 1690 auctoritates
1618 1662 1671 1690 ista

887 1706 1028 1738 damnant,
1043 1706 1090 1734 sed
1106 1711 1204 1742 praeter
1224 1706 1274 1733 has
1291 1706 1362 1734 alius
1379 1707 1443 1734 item
1469 1707 1549 1735 testis
1565 1707 1616 1735 [ide
1630 1708 1672 1736 di-

887 1760 957 1788 gnus
972 1751 1056 1780 Isaias
1074 1752 1217 1787 propheta,
1234 1752 1368 1779 calculum
1386 1752 1470 1779 addit.
1492 1752 1542 1780 Hic
1562 1753 1670 1788 quidem

887 1797 990 1825 similes
1014 1797 1231 1825 abominationes
1258 1801 1416 1825 exsecratus
1443 1798 1499 1825 haec
1522 1798 1623 1831 subdit,
1642 1803 1672 1826 ut

886 1844 924 1871 ita
944 1844 1073 1877 sentiant,
1089 1845 1241 1872 rectissime
1267 1844 1425 1873 adhortatus
1444 1853 1451 1872 :
1470 1844 1504 1871 Et
1520 1845 1543 1871 si
1555 1845 1670 1871 dixerint

885 1889 956 1917 vobis
968 1897 977 1916 :
991 1889 1106 1922 Qua’rite
1131 1890 1316 1925 ventriloquos,
1327 1895 1352 1917 et
1369 1900 1412 1918 eos
1427 1892 1472 1927 qui
1496 1901 1511 1918 ιι
1526 1898 1595 1920 terra
1617 1893 1671 1920 cia-

886 1942 969 1969 mant,
984 1937 1029 1972 qui
1047 1945 1111 1964 vane
1129 1937 1281 1972 loquuntur,
1305 1939 1346 1965 vel
1361 1948 1374 1966 ε
1389 1944 1476 1966 ventre
1496 1940 1603 1966 dicunt:
1618 1948 1670 1967 non

885 1989 923 2010 est
952 1992 1014 2019 gens
1034 1983 1068 2010 ad
1091 1983 1186 2011 Deum.
1213 1984 1315 2012 Deinde
1340 1986 1435 2020 paucis
1465 1986 1582 2014 additis:
1600 1987 1669 2019 Quid

884 2035 1005 2065 quierunt
1018 2029 1050 2057 de
1074 2030 1137 2057 uitiis
1157 2031 1296 2058 mortuos?
1310 2030 1401 2067 Legem
1421 2032 1512 2067 quippe
1537 2033 1565 2059 in
1593 2034 1670 2059 auxi-

884 2075 950 2102 lium
978 2075 1059 2108 dedit,
1082 2080 1111 2102 ut
1126 2075 1226 2108 dicant,
1243 2085 1295 2103 non
1323 2077 1361 2104 sic
1375 2082 1404 2103 ut
1422 2077 1528 2104 verbum
1548 2078 1605 2111 hoc,
1621 2087 1668 2113 pro

883 2130 934 2157 quo
946 2126 1047 2149 nonest
1064 2121 1128 2148 dare
1148 2130 1258 2149 munera
1273 2130 1319 2156 pro
1339 2131 1368 2150 eo
1381 2123 1414 2157 ⁷⁵,
1431 2124 1503 2150 clara
1521 2129 1670 2160 sanctaque

883 2175 951 2196 voce
980 2175 1066 2203 genus
1093 2175 1174 2195 omne
1203 2169 1438 2204 ventriloquorum
1453 2169 1578 2204 explosit.
1596 2170 1628 2197 Et
1644 2170 1668 2197 si

55 2213 111 2240 ἔστι
128 2214 203 2249 δῶρα
227 2215 342 2242 δοῦναι·
361 2214 487 2250 προδήλῳ
507 2213 556 2249 μὲν
573 2213 717 2249 ἱεροερωνίᾳ
733 2213 762 2240 τὺ
777 2213 830 2240 τῶν

889 2215 1091 2250 vaniloquorum
1117 2215 1233 2242 similem
1257 2223 1416 2243 consessum
1432 2215 1590 2250 declaravit,
1607 2217 1668 2246 sine

56 2260 268 2297 ἐγγαστριμύθων
292 2260 449 2298 ἀπεκήρυξε
470 2260 556 2295 γένος.
577 2260 609 2286 Εἰ
630 2259 657 2286 δὲ
681 2259 829 2294 κενολόγων

55 2305 165 2342 ἀπέφηνε
178 2307 208 2334 τὸ
222 2308 327 2335 τοιοῦτο
348 2307 495 2343 συνέδριον.
516 2305 707 2340 ἀναμφιλόγως
723 2304 829 2332 ἀπέδει-

56 2349 101 2383 ξεν.
119 2353 157 2379 ὅτι
177 2353 280 2380 τούτων
300 2354 375 2380 οὐδὲν
395 2353 482 2384 οὐδεὶς
508 2351 680 2378 οὐδεπώποτε
701 2350 775 2385 λέγει
798 2351 829 2377 τὸ

55 2398 171 2432 παράπαν
201 2399 311 2435 ἀληθὲς,
338 2399 406 2426 ἀλλὰ
435 2397 603 2435 ψευδηγηρίᾳ
633 2397 681 2434 μὲν
705 2397 829 2432 ὑποκένῳ

56 2441 186 2470 πλάττουσι
207 2445 256 2480 τὴν
276 2445 394 2481 ἀπάτην,
417 2444 493 2480 ἐὼλῳ
510 2445 538 2472 δὲ
559 2442 699 2478 κενολογίᾳ
716 2443 827 2477 φενακί-

55 2485 120 2517 ζοντι
142 2490 204 2523 τοὺς
225 2491 351 2526 ἀμαθεῖς.
373 2491 455 2519 Ὅθεν
475 2490 629 2521 ἀκολούθως
649 2489 827 2516 ἐπέσκωπτεν

55 2533 154 2568 ἐκείνοις
170 2537 226 2564 ὅσοι
237 2537 300 2573 περὶ
310 2537 363 2564 τῶν
374 2537 482 2570 ζώντων
495 2536 616 2572 ἐρωτῶσι
627 2536 690 2567 τοὺς
703 2535 826 2571 νεκρούς·

55 2578 121 2606 αὐτοὶ
134 2582 196 2618 γὰρ,
212 2583 266 2610 ὅλοι
283 2583 374 2620 νεκροὶ
387 2582 433 2610 καὶ
448 2583 531 2618 πηροὶ
542 2581 729 2617 τυγχάνοντες,
741 2581 767 2607 οἱ
781 2590 827 2607 κε-

54 2624 146 2660 νολογοι
160 2629 207 2660 τὰς
231 2629 284 2655 τῶν
299 2629 404 2665 νεκρῶν
427 2627 628 2654 ὑπτυποῦνται
646 2627 827 2654 διακονεῖσθαι

55 2673 135 2704 φωνάς
144 2682 150 2688 ⁸
161 2675 209 2701 όδὲ
222 2676 361 2711 προφήτης
377 2674 583 2711 ἐπεμαρτύρετο
600 2674 678 2709 βοῶν,
691 2674 731 2700 ὅτι
746 2673 827 2709 νόμος

56 2713 165 2753 ἀῤῥαγὴς
180 2719 299 2746 ἔκκειται
310 2721 374 2756 περὶ
382 2720 493 2750 τούτων,
504 2720 546 2746 ἵνα
561 2719 598 2756 μὴ
611 2720 681 2747 κατὰ
687 2720 749 2752 τοὺς
759 2720 826 2746 ἁπο-

56 2760 241 2799 φθεγγομένους
255 2766 398 2802 ὑπαχθῶσι
416 2767 605 2802 κουφολογίαις
620 2764 728 2798 ἑώλοις·
743 2767 825 2802 ἀκρο-

882 2261 965 2288 dubio
978 2261 1175 2288 demonstravit
1188 2261 1285 2289 horum
1298 2263 1434 2290 neminem
1451 2263 1531 2290 ullam
1546 2271 1666 2299 unquam

882 2307 994 2334 omnino
1014 2306 1137 2342 proferre
1156 2307 1309 2340 veritatem,
1323 2309 1370 2336 sed
1397 2309 1556 2342 mendaciis,
1579 2310 1667 2345 iisque

883 2352 1021 2386 inanibus,
1039 2353 1153 2389 ingestis
1180 2353 1289 2381 fraudes
1314 2362 1486 2390 componere,
1514 2356 1619 2391 levique
1633 2365 1666 2384 ac

883 2398 980 2427 frivolo
996 2407 1123 2428 sermone
1145 2400 1264 2427 indoctis
1278 2400 1428 2436 imponere.
1448 2402 1536 2435 Quare
1553 2410 1608 2430 non
1628 2403 1666 2430 in-

882 2452 1003 2479 congrue
1016 2445 1070 2474 illis
1085 2447 1267 2481 exprobrabat
1283 2447 1329 2482 qui
1345 2447 1379 2475 de
1393 2448 1464 2476 vivis
1483 2453 1606 2477 mortuos
1621 2449 1665 2476 in-

882 2495 1032 2526 terrogant.
1048 2492 1101 2527 Ipsi
1116 2493 1189 2520 enim
1203 2493 1353 2527 vaniloqui,
1372 2501 1434 2520 cum
1455 2496 1555 2522 mortui
1570 2496 1624 2523 sint
1638 2499 1666 2523 et

881 2538 957 2569 caeci,
969 2541 1137 2565 mortuorum
1152 2545 1231 2566 voces
1243 2539 1350 2567 deferre
1363 2547 1393 2568 se
1406 2540 1545 2568 simulant.
1563 2542 1664 2570 Contra

881 2589 949 2616 quos
963 2582 1148 2610 testimonium
1159 2583 1267 2611 dicebat
1281 2584 1412 2620 propheta
1427 2586 1558 2619 clamans,
1578 2588 1663 2623 legem

878 2628 935 2663 jam
953 2628 986 2656 de
997 2628 1041 2656 his
1055 2628 1139 2656 fuisse
1154 2629 1247 2662 latam,
1265 2638 1299 2657 ne
1320 2630 1395 2658 inani
1411 2632 1548 2660 sermonis
1561 2632 1663 2661 dicaci-

881 2677 935 2700 tate
951 2673 1147 2707 subducantur,
1163 2676 1390 2710 quemadmodum
1404 2680 1432 2704 et
1455 2677 1481 2703 hi
1504 2677 1551 2712 qui
1569 2679 1663 2706 talium

879 2728 970 2748 rerum
993 2725 1056 2757 sunt
1079 2725 1215 2750 auctores.
1247 2722 1295 2750 Est
1319 2723 1391 2751 enim
1417 2723 1572 2753 ﬁrmissima
1596 2726 1663 2761 legis

878 2766 1013 2798 custodia,
1032 2767 1142 2796 cmlestc
1152 2768 1282 2796 auxilium
1302 2769 1458 2805 implorare,
1473 2774 1500 2798 et
1517 2778 1571 2798 non
1586 2779 1602 2799 e
1621 2779 1663 2799 re-

53 2860 56 2870 .
86 2839 104 2854 ⁷⁸
120 2840 158 2868 ιγ
169 2842 230 2876 Reg.
244 2851 300 2876 xxI.
317 2843 343 2873 6.
381 2846 403 2862 7'
420 2845 462 2873 IV
478 2845 539 2877 ch.
554 2853 632 2876 xxul.
648 2845 695 2873 2i.
732 2846 754 2861 "
777 2845 834 2873 lca.
848 2853 906 2876 VIII.
926 2846 968 2876 l9.
985 2846 1026 2875 20.
