1909 3071
227 107 280 136 067

711 107 741 136 S.
762 107 948 137 LUS‘TA‘I‘HII
967 106 1121 135 EPISCOPI
1140 103 1346 134 ANTIOCHENI

1808 101 1858 129 668

228 167 280 195 bus
293 167 418 200 terrenis,
433 167 462 195 in
476 167 543 202 ipsis
556 168 742 197 subterraneis
751 169 872 196 animum
887 168 1010 204 ﬁgentes,

1070 166 1129 201 ιάτη
1141 167 1205 201 γὰρ,
1222 163 1309 200 οἶμαι,
1327 164 1434 200 φυλακὴ
1446 163 1527 199 νόμου
1542 162 1721 198 καθέστηκεν,
1739 160 1858 197 οὐρανό-

228 220 307 248 opem
318 214 502 242 emendicare.

262 345 357 377 XXVI.
379 345 432 373 Sed
447 346 495 382 qui
512 347 676 382 omnesjam
702 346 860 383 Scripturas
880 348 1015 383 interpre-

227 395 312 419 tatum
325 399 354 419 se
368 399 429 425 esse
452 393 590 420 existimat
612 393 753 430 Origenes,
776 394 834 422 haec
859 395 1014 422 testimonia

226 436 352 471 ignorare
368 436 489 470 simulat,
504 445 592 473 neque
606 439 646 465 uti
657 439 735 466 decet
751 445 874 475 usurpat,
895 441 942 468 sed
954 449 1015 476 qua:

227 481 262 508 ad
277 482 447 517 propositum
467 483 579 511 minime
595 484 699 511 faciunt
711 485 830 518 infarcit,
845 486 879 514 iis
904 492 1015 522 practer-

227 527 272 556 itis
285 536 346 563 qua
360 534 458 556 natura
476 538 525 558 sua
540 531 733 566 congruebant.
751 531 828 565 Quod
850 533 873 560 si
887 533 1014 568 ignoran-

227 575 277 607 tia,
292 574 391 602 stolide
412 575 531 610 quidem,
550 580 579 604 ut
605 577 721 610 videtur,
737 578 841 611 eﬁ‘ecit;
853 579 876 605 si
893 579 1016 614 maligni-

228 624 293 653 tate,
321 621 459 657 negotium
492 622 624 650 audacter
649 623 745 651 obivit.
763 623 833 656 Quin
849 632 911 651 cum
928 626 1015 653 ambi-

228 674 298 701 guus
313 672 341 695 et
356 675 456 703 anceps
471 668 587 697 dixisset
602 679 608 696 :
622 669 693 702 Quid
708 671 790 705 igitur
805 671 847 697 In'c
865 671 931 705 facit
953 680 1013 699 ven—

230 712 366 748 triluqua?
378 713 448 746 Quid
463 715 544 749 igitur
567 715 632 750 facit
651 716 814 751 ventriloqua
833 717 904 744 circa
919 718 1015 745 aniuue

228 758 294 793 fusti
323 759 505 788 educlionem?
533 761 667 789 sermonis
693 761 832 790 dubietate
860 763 1014 791 sublimiter

229 804 334 839 eﬁ‘ugit,
351 805 423 840 quod
436 806 493 840 ipse
508 805 610 834 fecerat
622 807 683 834 aliis
695 808 800 835 donans
819 818 825 836 :
843 813 930 836 totum
949 818 1015 837 vero

231 849 378 885 Scriptura:
398 852 561 885 attribuens,
592 852 746 881 Samuelem
771 854 901 882 eductum
930 855 1016 883 fuisse

231 898 397 926 conﬁdenter
412 904 560 931 asseverat,
585 905 613 927 at
635 908 689 928 non
706 902 826 929 secundo
842 903 925 930 audet
939 911 1015 939 repe-

232 948 308 971 tere:
324 945 389 977 Quis
412 945 498 979 ipsum
516 946 626 975 eduxit?
647 946 704 983 Ego
726 956 808 983 porro
826 949 953 977 existimo
966 958 1015 985 pro

230 991 318 1025 prima
338 992 562 1026 interpretatione
579 1001 595 1020 τι
611 994 762 1023 rectissime
777 1003 885 1031 semper
896 997 1017 1024 sentien-

230 1035 304 1063 tibus
324 1037 530 1071 reprehensum,
555 1039 675 1066 secunda
702 1042 873 1075 expOsitione
894 1050 955 1069 cum
972 1050 1016 1070 re-

231 1081 392 1116 sponderet,
416 1083 519 1112 dixisse
548 1084 721 1112 observatum
744 1087 950 1122 engastrimytbi
976 1087 1016 1114 lo-

231 1135 303 1155 cum.
329 1126 460 1164 Deinceps
483 1129 575 1157 subdit
598 1131 752 1165 scriptum:
769 1131 1016 1168 Engastrimythum

231 1170 344 1205 aliquem
358 1172 497 1205 eduxisse;
511 1174 641 1209 itemque,
658 1174 766 1203 Saulem
777 1175 896 1204 Samueli
907 1178 1015 1211 dixisse,

231 1214 340 1244 Litteris
352 1218 488 1252 proditum
501 1227 572 1247 esse.
594 1219 640 1247 (iis
663 1221 763 1248 similia
787 1223 927 1258 complura
942 1224 1016 1251 inani

231 1262 377 1289 verborum
399 1264 502 1291 ambitu
514 1265 612 1292 iterum
627 1269 708 1300 atque
723 1266 821 1294 iterum
840 1270 946 1302 repetit,
959 1273 1017 1296 tum

230 1307 322 1335 denuo
335 1309 393 1336 inﬁt
410 1319 416 1336 :
435 1309 497 1337 Non
513 1316 602 1338 autem
614 1313 769 1346 enunliavit,
780 1314 804 1341 si
822 1314 910 1342 volens
924 1324 1016 1342 ascert-

231 1353 280 1380 dit.
299 1353 360 1381 Non
377 1356 445 1382 enim
465 1356 552 1389 habes,
565 1357 663 1393 inquit,
677 1363 786 1392 textum,
800 1361 823 1387 si
839 1361 929 1388 eduxit
941 1361 1017 1389 illum

230 1400 462 1435 cnguurimythus.
487 1401 517 1429 Si
543 1403 644 1436 minus,
671 1403 837 1440 Scriptura")
863 1415 1017 1441 percurrens

232 1445 330 1479 aliquis
346 1453 386 1473 me
399 1447 579 1480 reprehendat.
596 1449 682 1484 igitur
692 1459 726 1477 ex
742 1451 856 1480 adverso
871 1454 1018 1488 reprehen-

232 1498 281 1518 sus
291 1496 383 1526 aperte
399 1495 507 1529 negavit
521 1503 582 1530 qua:
597 1497 673 1531 prius
694 1499 779 1526 sensit
802 1499 1014 1529 inconsiderate.
1030 1518 1051 1546 ε

232 1535 268 1546 ,υ
291 1545 298 1546 κ
323 1537 328 1542 .
387 1538 393 1546 .
414 1544 419 1546 _
485 1540 490 1545 .
549 1543 555 1546 .
597 1541 612 1546 μ
650 1543 654 1546 .
840 1545 843 1546 ν

230 1535 270 1563 Ibi
286 1537 358 1565 enim
378 1538 569 1569 determinavit
596 1541 765 1578 Scripturam
789 1545 882 1580 potius
901 1546 1015 1580 dixisse,

232 1590 287 1610 non
299 1583 440 1612 mulierem
454 1596 460 1613 :
477 1586 559 1620 Quem
578 1589 687 1616 evocabo
706 1590 772 1618 tibi?
789 1590 838 1618 ilic
848 1600 914 1619 vero
928 1592 1016 1619 mani-

231 1628 301 1657 feste
315 1631 456 1660 convictus
471 1633 607 1662 oblivione
628 1637 830 1664 accusationem
852 1638 939 1669 vitare
959 1642 1017 1666 stu-

232 1674 302 1703 duit.
321 1676 366 1704 Sic
382 1679 483 1715 ubique
505 1680 557 1708 sibi
573 1681 750 1710 adversantes
774 1683 920 1718 opiniones
933 1692 1017 1719 expo-

232 1721 284 1754 nit,
296 1725 521 1757 quemadmodum
535 1731 562 1754 et
587 1728 632 1755 hic
648 1736 789 1763 perperam
815 1729 886 1756 inter
911 1730 1018 1764 opinio-

232 1775 297 1794 num
315 1777 420 1804 pugnas
442 1779 473 1799 ac
497 1773 591 1801 turbas
615 1775 738 1803 criminis
756 1777 889 1804 actionem
905 1783 1018 1806 coactus

232 1813 283 1842 fuit
305 1815 432 1851 eﬂugere.
448 1818 563 1851 Quando
592 1821 674 1856 igitur
691 1822 717 1848 vi
742 1822 859 1857 quadam
883 1824 1018 1852 adductus

232 1861 375 1889 mulierem
393 1864 531 1898 propheta:
555 1866 672 1892 animam
692 1874 748 1894 non
773 1875 902 1897 evocasse
927 1869 1018 1898 fassus

232 1910 285 1938 est,
300 1908 372 1935 dicat
384 1910 446 1943 quis
455 1918 514 1938 eam
534 1911 637 1939 eduxit.
654 1912 713 1948 Ipse
729 1914 800 1941 enim
814 1915 842 1943 in
857 1923 890 1943 eo
906 1915 1019 1945 ﬁrmiter

233 1955 469 1984 stetit.evocatam
492 1963 598 1986 tantum
614 1967 672 1987 eam
697 1961 818 1989 tradens.
845 1962 905 1998 ipsa
928 1963 1019 1998 itaque

233 2001 290 2026 sola
313 2003 496 2037 pythomantis
520 2009 588 2038 erat,
611 2011 638 2033 et
659 2006 723 2034 Saul
739 2013 866 2037 exorator
884 2010 969 2042 illius,
985 2015 1016 2038 ut

234 2046 392 2080 prophetam
405 2049 542 2078 educeret.
562 2051 596 2077 At
609 2052 654 2080 hic
669 2062 839 2089 nequaquam
856 2056 937 2083 fuerit
965 2064 1015 2083 au-

234 2094 294 2116 ctor
309 2091 406 2120 tabula:
422 2103 528 2131 :nequc
548 2098 619 2125 enim
633 2104 714 2126 noctu
727 2100 762 2127 ad
777 2101 850 2128 illam
866 2101 1013 2130 deveniens

234 2139 477 2175 cngastrimythum
497 2148 663 2176 precaretur.
684 2144 713 2172 Si
726 2154 792 2173 vero
804 2146 904 2174 factum
926 2148 1020 2175 subse-

1064 213 1109 238 θεν
1124 212 1309 240 ἐπικαλεῖσθαι
1321 211 1370 246 τὴν
1384 211 1519 246 βοήθειαν,
1533 210 1600 236 ἀλλὰ
1615 209 1654 245 μὴ
1667 209 1701 235 ἐκ
1717 208 1779 234 τῶν
1797 207 1859 242 γηΐ-

1063 267 1116 284 νων
1130 257 1302 293 ὲρανίζεσθαι
1316 257 1364 293 τὴν
1384 256 1554 291 ἐπικουρίαν,
1569 256 1609 287 εἰς
1629 254 1700 281 αὐτὰ
1719 253 1756 279 τὰ
1775 262 1861 279 κατα-

1064 303 1157 338 χθόνια
1171 303 1326 337 βλέποντας.

1100 347 1195 374 XXVI.
1223 348 1292 374 Ἀλλ’
1307 348 1320 373 ὁ
1333 347 1422 378 πάσας
1436 345 1602 382 ἑρμηνεῦσαι
1612 345 1661 377 τὰς
1675 344 1796 380 Γραφὰς
1809 345 1862 379 οἰη-

1065 395 1121 426 θεὶς
1144 394 1282 429 Ὡριγένης
1297 394 1327 419 οὺ
1354 394 1540 428 προσποιεῖται
1557 392 1659 423 ταύτας
1680 390 1789 417 εἰδέναι
1811 389 1863 421 τὰς

1066 439 1227 476 μαρτυρίας,
1250 439 1310 466 οὐδὲ
1331 438 1435 475 τίθησιν
1450 438 1545 470 αὐτὰς,
1563 438 1601 469 ὡς
1621 437 1691 469 δέον,
1711 436 1774 463 ἀλλ’
1801 436 1864 462 ἐπεὶ

1066 486 1195 520 συγκαλεῖ
1209 485 1257 521 μὲν
1278 485 1384 516 ὲκείνας
1405 485 1465 511 ὅσαι
1489 484 1571 519 μηδὲν
1589 485 1616 510 ἐν
1638 481 1735 518 μηδενὶ
1751 481 1797 516 τῷ
1815 480 1863 517 ζη-

1064 531 1166 566 τήματι
1180 530 1363 566 διαφέρουσιν,
1387 529 1544 565 ὑπερϐαίνει
1563 529 1591 555 δὲ
1614 528 1664 560 τὰς
1679 528 1750 563 αὐτῇ
1779 526 1863 561 φύσει

1066 575 1271 612 προσηκούσας·
1290 576 1349 611 ἤτοι
1362 575 1416 611 γὰρ
1431 575 1535 611 ἀμαθίᾳ.
1553 574 1632 601 τοῦτο
1653 574 1792 610 πράττειν
1808 574 1861 600 ἑοι-

1065 632 1113 650 κεν
1128 623 1263 659 ἀφρόνως,
1285 622 1301 658 ἢ
1320 622 1464 658 κακοθελίᾳ
1486 621 1731 657 πραγματεύεσθαι
1754 620 1860 655 τολμη-

1067 668 1135 704 ρῶς·
1161 668 1229 695 ἀλλὰ
1254 668 1301 694 καὶ¹
1328 667 1453 703 καθάπερ
1472 666 1698 702 ἐπαμφοτερίςων
1723 665 1860 700 εἰρηκὼς.

1065 715 1115 748 ὃτι,
1136 715 1166 742 Τί
1178 713 1235 742 οὖν
1253 714 1334 741 ποιεῖ
1350 714 1586 748 ἐγγαστρίμυθος
1605 711 1730 743 ὲνθάδε;
1746 712 1778 738 Τί
1804 708 1861 737 οὖν

1065 760 1145 788 ποιεῖ
1153 761 1388 796 ἐγγαστρίμυθος
1401 760 1467 793 περὶ
1481 759 1538 793 τὴν
1551 757 1712 793 ἀναγωγὴν
1724 755 1783 789 τῆς
1800 757 1859 790 Ξίύτ

1066 807 1124 842 χῆς
1138 807 1192 833 τοῦ
1211 806 1327 833 δικαίου
1338 813 1348 837 ;
1360 805 1439 840 λόγου
1452 805 1500 840 μὲν
1513 803 1613 839 ἀπορίᾳ
1627 802 1776 838 μετεώρως
1793 801 1859 828 ἁπέ-

1066 860 1160 886 φυγεν·
1179 851 1235 878 ἀλλ’
1254 852 1268 877 ὁ
1280 850 1359 877 τοῦτο
1376 850 1535 886 ἐπιγράφων
1551 851 1619 884 ὅπερ
1636 849 1747 884 ἔδρασεν
1766 848 1856 879 αὑτός·

1066 897 1133 932 αὐτῇ
1153 897 1181 924 δὲ
1198 898 1230 932 τῇ
1247 897 1341 932 Γραφῇ
1358 895 1389 922 τὺ
1412 897 1466 922 πᾶν
1483 895 1602 927 ἀναθεὶς,
1621 895 1793 931 ἰσχυρίζεται
1811 895 1858 930 μὲν

1065 943 1181 979 ἀνῆχθαι
1200 943 1244 969 τὸν
1268 942 1404 978 Σαμουὴλ,
1420 943 1471 969 οὐκ
1488 942 1527 968 ἑτι
1542 941 1570 968 δὲ
1587 941 1674 976 τολμᾷ
1689 941 1857 976 δευτερῶσαι

1065 990 1104 1015 16'
1124 990 1171 1021 Τίς
1185 987 1336 1023 ἀνήγαγεν
1355 988 1464 1020 αὺτόν;
1482 986 1566 1023 Οἶμαι
1587 987 1626 1020 δὲ,
1649 987 1690 1013 ὅτι
1712 987 1761 1013 καὶ
1780 987 1858 1022 μετέ-

1066 1042 1146 1059 πειτα
1163 1032 1365 1068 διελεγχόμενος
1389 1033 1442 1060 ὑπὸ
1457 1032 1510 1059 τῶν
1532 1032 1664 1068 ὀρθότατα
1686 1032 1858 1068 φρονούντων

1065 1079 1119 1111 ἀεὶ,
1142 1079 1255 1115 δευτέρᾳ
1277 1079 1356 1106 πάλιν
1377 1078 1592 1114 ἀπολογούμενος
1612 1079 1753 1115 ἐξηγήσει,
1777 1088 1857 1115 τετη-

1067 1125 1163 1161 ρῆσθαι
1182 1126 1230 1161 μὲν
1247 1125 1298 1161 ἔφη
1317 1126 1362 1152 τὸν
1378 1125 1428 1160 τῆς
1444 1126 1664 1161 ἐγγαστριμύθου
1680 1126 1763 1152 τόπον
1774 1135 1781 1141 ⁸
1798 1124 1856 1152 εἶτα

1066 1171 1139 1206 λέγει
1154 1172 1200 1198 καὶ
1218 1173 1258 1199 ὅτι
1277 1172 1326 1207 μὲν
1347 1173 1366 1206 ἡ
1386 1172 1622 1206 ἐῃεαστρίμυθός
1640 1181 1707 1199 τινα
1723 1172 1858 1207 ἀνήγαγε

1066 1219 1219 1255 γέγραπται
1231 1228 1237 1234 ·
1256 1219 1303 1246 καὶ
1313 1219 1356 1245 ὅτι
1371 1218 1470 1245 Σαοὺλ
1487 1217 1551 1244 εἷπε
1567 1217 1606 1250 τῷ
1624 1220 1769 1253 Σαμουὴλ
1794 1219 1858 1245 ἀνα-

1067 1265 1232 1300 γέγραπται.
1256 1265 1377 1301 Φλυαρίςι
1398 1264 1426 1290 δὲ
1450 1264 1534 1300 πολλῇ
1556 1264 1668 1291 τοιαῦτα
1688 1264 1774 1300 συχνά
1795 1274 1857 1292 τινα

1066 1312 1276 1347 ταυτολογήσας,
1290 1312 1413 1346 ἐπιφέρει
1424 1311 1515 1338 πάλιν·
1529 1312 1590 1345 Οὺχ
1598 1311 1700 1345 εἴρηκε
1708 1311 1752 1342 δὲ,
1764 1312 1856 1347 φησὶν,

1067 1360 1091 1385 εὶ
1108 1359 1253 1391 ἑκουσίως
1267 1358 1468 1392 ἀναϐέϐηκεν·
1485 1358 1521 1384 οὺ
1535 1358 1588 1392 τὰρ
1605 1357 1695 1392 ἔχεις,
1715 1358 1778 1393 ἔφη,
1803 1359 1859 1385 χεί-

1065 1413 1158 1439 μενον
1171 1406 1197 1431 εὶ
1212 1405 1362 1439 ἀνήγαγεν
1378 1404 1471 1431 αὑτὸν
1487 1405 1506 1438 ἠ
1523 1404 1771 1439 ἐγγαστρίμυθες·
1792 1405 1856 1431 ἐπεὶ

1067 1450 1217 1485 ἐλεγξάτω
1233 1451 1271 1485 μέ
1287 1459 1333 1483 τις
1349 1450 1501 1484 ἀναγνοὺς
1522 1449 1578 1484 τὴν
1593 1450 1730 1484 Γραερήν.
1754 1451 1858 1477 Οὐκοῦν

1068 1497 1281 1533 ἀντιπροσώπως
1305 1497 1484 1532 ἐλεγχόμενος
1508 1497 1645 1532 ἠρνήσατο
1666 1497 1772 1529 λευκῶς
1789 1498 1857 1533 ἅπερ

1069 1543 1181 1579 ἀϐουλίᾳ
1197 1543 1313 1579 πρόσθεν
1330 1543 1468 1576 ἐδόξασεν·
1486 1543 1544 1569 ἐκεῖ
1559 1543 1612 1578 γὰρ
1636 1543 1722 1579 αὐτὴν
1735 1543 1854 1579 ὡρίσατο

1067 1589 1117 1625 τὴν
1133 1589 1244 1625 Γραφὴν
1259 1589 1397 1624 εἰρηκέναι
1416 1588 1526 1624 μᾶλλον,
1544 1588 1602 1615 ἀλλ’
1616 1589 1646 1615 οὗ
1664 1589 1713 1624 τὴν
1732 1592 1856 1624 γυναῖκα

1067 1636 1107 1662 τό·
1132 1636 1203 1662 Τίνα
1224 1634 1363 1670 ὰναγάγω
1384 1643 1452 1666 σοι;
1473 1635 1557 1670 Δεῦρο
1576 1635 1604 1661 δὲ
1617 1636 1784 1670 καταφανῶς
1802 1637 1857 1663 ἁλι-

1070 1682 1200 1717 σκόμενος
1212 1682 1341 1715 ἐκφυγεῖν
1352 1681 1501 1708 ἐσπούδασε
1512 1681 1582 1717 λήθῃ
1593 1681 1641 1717 τὴν
1651 1682 1742 1709 αἰτίαν
1752 1691 1758 1697 ·
1775 1683 1857 1715 οὕτως

1069 1728 1220 1763 ἑκασταχοῦ
1236 1727 1392 1764 μαχομένας
1402 1727 1490 1763 ἐαυτῷ
1501 1727 1579 1760 δόξας
1590 1728 1726 1755 ἐκτιθέναι
1738 1729 1856 1764 γυμνῶς,

1070 1774 1163 1810 ῶσπερ
1175 1772 1221 1800 οὖν
1237 1773 1332 1809 ἀμέλει
1345 1773 1483 1800 κάνταῦθα
1497 1774 1710 1809 γνωσιμαχήσας
1726 1775 1797 1801 ἑάλω
1810 1775 1857 1810 τὴν

1069 1819 1274 1856 ὲγκληματικὴν
1294 1820 1446 1855 ἀποδρᾶναι
1463 1819 1539 1854 δίκην
1561 1819 1713 1854 ἐπειχθείς·
1731 1821 1792 1846 ἐπεὶ
1806 1820 1857 1846 τοί-

1069 1875 1116 1893 νυν
1138 1866 1211 1893 ἄκων
1233 1866 1378 1901 ἑλκόμενος
1399 1865 1573 1901 ὡμολόγησεν
1592 1865 1629 1896 ὡς
1653 1866 1704 1892 οὐκ
1723 1866 1857 1901 ἀνήγαγεν

1069 1914 1086 1948 ή
1103 1913 1172 1948 γυνὴ
1187 1913 1236 1947 τὴν
1250 1911 1297 1938 τοῦ
1315 1912 1456 1947 προφήτου
1472 1912 1571 1947 ψυχὴν,
1592 1912 1696 1938 εἰπάτω
1710 1913 1754 1944 τίς
1769 1914 1782 1939 ό
1798 1913 1856 1939 ταύ-

1068 1967 1118 1994 την
1134 1957 1293 1992 ἀναγαγών·
1317 1958 1438 1993 ἐνέμεινε
1453 1957 1508 1994 γὰρ
1524 1958 1722 1994 ἁμεταστὰτως
1739 1959 1855 1994 ἀνῆφθαι

1071 2004 1151 2040 μόνον
1175 2004 1260 2040 αὐτὴν
1281 2004 1451 2039 ὁρισάμενος·
1478 2004 1547 2039 αὕτη
1567 2004 1633 2038 γοῦν
1651 2005 1668 2040 ἡ
1693 2004 1856 2040 πυθόμαντις

1071 2049 1203 2085 ἐτύγχανε
1221 2049 1300 2085 μόνη,
1316 2049 1363 2076 καὶ
1387 2049 1472 2076 Σαοὺλ
1492 2049 1506 2075 ὁ
1525 2050 1649 2085 δεόμενος
1670 2051 1779 2086 ἐκείνης
1795 2051 1856 2077 ἀνα-

1071 2095 1114 2127 ξαι
1127 2095 1172 2121 τὸν
1185 2095 1336 2131 προφήτην.
1359 2095 1428 2122 Ἀλλ’
1444 2093 1521 2127 οὗτος
1535 2095 1584 2131 μὲν
1598 2097 1648 2126 οὐκ
1662 2095 1695 2122 ἂν
1712 2096 1755 2132 εἴη
1767 2105 1798 2130 γε
1811 2096 1854 2123 τοῦ

1070 2141 1207 2177 δράματος
1229 2142 1390 2177 αὑτουργός-
1415 2142 1446 2168 οὐ
1470 2142 1524 2177 γὰρ
1549 2142 1581 2169 ἂν
1606 2142 1690 2170 ὲδεῖτο
1709 2143 1759 2178 τῆς
1779 2144 1855 2177 ἐγγα-

233 2187 327 2211 cutum
354 2191 412 2220 est,
436 2188 503 2216 nulli
530 2190 575 2216 alii
599 2199 681 2226 quam
709 2193 924 2229 engastrimytho
948 2201 1017 2229 opus

1072 2188 1220 2223 στριμύθου
1244 2188 1351 2224 νύκτωρ
1377 2187 1576 2223 ἀφικνούμενος
1600 2188 1637 2220 ὡς
1658 2189 1762 2224 αὐτήν·
1784 2190 1808 2218 εἰ
1829 2189 1854 2215 δὲ

234 2230 335 2257 ascribi
351 2231 439 2260 debet.
463 2233 501 2261 ita
524 2239 552 2262 ut
568 2244 601 2263 ex
616 2237 658 2264 his
666 2237 772 2265 duobus
785 2246 868 2265 unum
885 2238 1019 2266 atltrniare

233 2283 346 2305 necesse
361 2278 408 2310 sit,
430 2280 472 2307 vel
488 2281 540 2308 hoc
556 2290 696 2318 nunquam
722 2285 834 2311 omnino
849 2292 931 2319 opere
952 2293 1019 2319 prae-

233 2323 328 2350 stitum
353 2324 447 2358 fuisse,
477 2328 519 2355 vel
541 2329 575 2356 ab
602 2330 818 2365 engastrimytho
844 2334 871 2357 et
897 2330 1020 2358 daemone

234 2367 370 2397 hominem
386 2376 489 2400 rectum
516 2374 643 2402 eductum
664 2376 759 2403 fuisse.
782 2375 878 2403 Nonne
893 2376 940 2409 qui
957 2376 1020 2403 reli-

232 2415 312 2450 gione
327 2425 407 2446 voces
429 2420 555 2455 proprias
575 2421 640 2448 dum
655 2430 754 2457 negare
776 2422 893 2454 videtur,
913 2422 1020 2449 diversa

234 2462 362 2491 methodo
376 2466 499 2493 eamdem
511 2467 667 2501 opinionem
684 2468 872 2495 fraudulenter
882 2468 1020 2495 obtrudit?

206 2521 219 2542 ς
236 2506 287 2534 Sed
299 2516 347 2543 per
362 2511 514 2539 orationem
529 2520 582 2547 qua
596 2521 625 2541 se
646 2513 793 2541 defendere
807 2513 922 2546 videtur,
939 2522 1018 2542 men-

236 2554 352 2588 dacium,
384 2563 416 2583 ac
444 2557 467 2584 si
500 2558 600 2586 veritas
617 2563 701 2590 esset,
724 2559 854 2587 inculcat.
866 2559 960 2594 Neque
980 2559 1020 2588 illi

235 2600 366 2633 pudorem
393 2603 530 2631 incutiunt
555 2609 594 2632 tot
622 2608 753 2640 tantaque
789 2607 876 2641 legum
905 2607 1020 2634 latorum

236 2646 358 2680 decreta,
386 2656 506 2677 consona
541 2652 736 2687 prophetarum
768 2653 935 2685 testimonia,
959 2653 1022 2682 reli-

236 2701 362 2728 quusque
377 2697 456 2724 seriei
471 2697 610 2725 historica:
626 2707 698 2726 unus
719 2706 751 2725 ac
772 2699 842 2726 idem
858 2707 1019 2727 consensus.

238 2738 308 2771 Quin
325 2741 505 2770 sanctissimis
521 2744 641 2772 oraculis
655 2752 738 2780 prava
752 2745 858 2772 ratione
874 2741 1022 2779 perversis,

237 2784 321 2813 libere
347 2789 554 2824 engastrimythi
577 2791 659 2817 verba
682 2791 844 2823 conﬁrmat,
870 2792 1022 2818 recentiora

237 2831 372 2861 idolorum
400 2834 490 2863 cultus
504 2836 686 2865 instrumenta
699 2837 872 2872 decernens,
888 2845 948 2871 qua:
965 2838 1023 2871 pla-

1070 2234 1179 2268 γέγονεν
1198 2235 1215 2269 ἡ
1234 2234 1343 2269 πρᾶξις,
1363 2235 1412 2269 οὐχ
1428 2234 1512 2270 ἑτέρῳ
1527 2235 1580 2260 τινὶ
1591 2235 1621 2261 τὸ
1636 2234 1735 2270 δραθὲν
1747 2236 1853 2271 ἐπιγρα-

1072 2279 1162 2305 πτέον·
1186 2278 1256 2305 ὥστε
1271 2279 1343 2308 δυοῖν
1365 2280 1471 2314 ἀνάγκη
1499 2279 1611 2315 θάτερόν
1630 2281 1705 2306 ἐστιν
1724 2281 1818 2314 εἰπεῖν,
1838 2281 1852 2316 ἦ

1070 2325 1150 2352 τοῦτο
1174 2325 1353 2361 μηδεπώποτε
1375 2326 1516 2361 γεγονεναι
1539 2326 1682 2362 μηδαμῶς,
1707 2327 1724 2362 ἦ
1748 2327 1792 2354 διὰ
1810 2328 1853 2363 τῆς

1076 2372 1298 2409 ἐγγαστριμύθου
1314 2373 1361 2399 καὶ
1374 2372 1421 2398 τοῦ
1437 2373 1564 2408 δαίμονος
1580 2373 1698 2407 ἀνῆχθαι
1720 2373 1765 2399 τὸν
1779 2373 1853 2409 ἄνδρα

1071 2419 1116 2445 τὸν
1130 2418 1230 2454 ὄρθιον.
1254 2416 1318 2453 'Ap’
1341 2416 1387 2445 οὖν
1411 2419 1559 2454 ἁφοσιώσει
1577 2419 1627 2451 τὰς
1651 2419 1749 2446 ἑαυτοῦ
1772 2421 1853 2455 φωνὰς

1072 2465 1213 2502 ἀρνεῖσθαι
1230 2465 1315 2492 δοκῶν
1333 2465 1401 2502 ἄλλῃ
1422 2465 1525 2501 μεθόδῳ
1546 2465 1594 2501 τὴν
1612 2466 1697 2502 αὐτὴν
1712 2468 1851 2502 εἰσηγεῖται

1072 2511 1230 2544 δοξοκοπίαν
1246 2511 1407 2546 ἀπατηλῶς;
1431 2505 1510 2538 Ἀλλὰ
1524 2511 1557 2538 δι’
1575 2507 1612 2538 ὧν
1628 2511 1677 2547 μὲν
1692 2512 1780 2539 ἔοικεν
1793 2514 1852 2539 ἀπο-

1072 2558 1220 2592 λογεῖσθαι,
1245 2557 1288 2584 διὰ
1308 2557 1410 2585 τούτων
1433 2558 1470 2590 ὡς
1491 2557 1622 2593 ἀλήθειαν
1651 2559 1801 2594 εἰσηγεῖται
1826 2559 1852 2585 τὸ

1072 2605 1179 2639 ψεῦδος.
1210 2605 1246 2630 Οὐ
1279 2603 1434 2631 καταιδοῦσι
1461 2604 1488 2630 δὲ
1515 2603 1596 2630 αὐτὸν
1618 2604 1646 2630 αἱ
1668 2604 1796 2632 τοσαῦται
1812 2605 1853 2632 καὶ

1073 2649 1196 2676 τοιαῦται
1212 2649 1385 2684 νομοθετικαὶ
1396 2649 1575 2685 ψηφοφορίαι,
1589 2650 1619 2676 οὑ
1636 2650 1780 2685 σύμφωνοι
1795 2660 1842 2687 προ

1074 2696 1187 2730 φητικαὶ
1204 2695 1362 2732 μαρτυρίαι,
1374 2697 1422 2731 οὐχ
1438 2697 1465 2723 αἱ
1477 2696 1568 2723 λοιπαὶ
1579 2697 1628 2731 τῆς
1639 2697 1854 2733 ἱστοριογραφίας

1073 2742 1193 2778 ὁμόδοξοι
1211 2743 1329 2769 συνοδίαι
1339 2752 1345 2758 ·
1362 2743 1396 2769 τὰ
1411 2743 1438 2769 δὲ
1453 2743 1485 2778 δὴ
1505 2744 1625 2777 πανάγια
1640 2743 1852 2779 παραλογισάμε-

1074 2798 1117 2820 νος
1141 2787 1349 2824 ἀποφθέγματα,
1368 2788 1525 2823 προαιρέσει
1544 2787 1648 2822 βεΰαιοῖ
1665 2788 1700 2814 τὰ
1716 2788 1765 2823 τῆς
1780 2789 1853 2822 ἐγγα-

1076 2834 1223 2870 στριμύθου
1249 2836 1368 2871 ῥήματα,
1394 2835 1538 2870 καινότερα
1566 2833 1616 2870 μὲν
1640 2833 1851 2869 εἰδωλολατρείας
