1909 3071
64 113 117 142 669

544 120 587 145 ΒΕ
608 119 902 149 LNGASTIIIMYTIIO
922 121 1060 149 CONTRA
1079 123 1264 153 ORIGENEM.

1655 129 1707 156 670

64 173 170 207 δργανα
194 172 359 207 θεσπίζων,
380 176 471 202 ἀσεϐεῖ
490 176 517 203 δὲ
534 179 647 214 μαντείᾳ
667 179 801 214 δαιμόνων
814 181 867 207 ὲπι-

923 181 1010 216 giaria
1034 182 1188 209 daemonum
1216 183 1410 213 vaticinatione
1434 185 1595 213 obtrudunt.
1616 186 1707 221 Ipsum

64 217 184 245 πυλῶν.
203 219 244 245 Οὐ
265 221 364 248 πείθει
379 221 407 248 δὲ
424 223 503 249 αὐτὸν
519 223 577 249 οὐδὲ
598 224 627 250 τὸ
645 224 770 253 σύνοετον
788 226 872 262 ὁνομα

65 265 193 300 ποταπὴν
215 265 279 301 ἔχει
310 267 461 304 διαγωγήν,
491 269 523 296 Ἠ
544 269 597 306 γὰρ
622 270 870 306 Ἐγγαστρίμυθὸς

64 311 253 347 ἑρμηνεύεται
272 314 358 350 παρὰ
374 315 405 341 τὸ
418 316 515 350 μῦθον
526 316 560 343 ἐν
576 318 681 352 γαστρὶ
699 319 870 353 πεπλασμέ-

65 367 119 384 νον
134 359 309 392 ἐμφαίνειν
321 370 328 376 ·
353 362 369 396 ή
388 361 416 388 δὲ
434 361 481 388 τοῦ
503 363 586 398 μύθου
609 364 730 396 σύνθεσις
747 365 869 400 ἐσχημά-

65 411 152 430 τισται
167 407 444 442 σκηνοπηγουμένου
462 407 581 441 πιθανῶς
598 409 663 436 εἵσω
676 409 802 445 γαστρὸς,
820 410 870 436 οὐκ

64 449 205 484 ἀλήθειαν,
224 451 304 478 ἀλλὰ
331 453 361 479 τὸ
384 448 481 488 ψεῖῖδος
501 454 630 490 ἄντικρυς
657 456 783 490 ἐκφωνεί.
809 456 870 482 Μα-

65 494 121 531 κρῷ
137 496 208 530 γοῦν
233 497 358 532 ἄμεινον
381 499 468 526 ἴσασιν
489 501 512 526 οἱ
535 496 669 533 ποικίλαις
691 501 869 537 ὁμιλήσαντες

64 541 149 575 λόγων
163 543 342 579 ἀναφοραῖς,
356 546 445 572 ὁποῖόν
457 547 514 573 ἐστι
530 547 559 573 τὺ
572 547 647 582 γένος
663 547 758 574 αὐτοῦ’
773 547 824 574 κᾶν
834 547 869 574 τὰ

66 587 182 622 μάλιστα
198 589 230 615 δὲ
244 589 463 626 δεισιδαιμονίαν
476 593 616 629 πυρέττων
633 593 788 630 Ἑλληνικὴν
803 602 869 628 μαν-

63 634 136 660 τείαν
152 635 322 670 εἰσηγεῖται
341 637 499 673 λεληθότως.

96 680 209 708 XXVII.
242 683 320 710 Ἀλλ’
335 685 410 720 ὅμως
423 686 453 712 οὐ
468 687 651 722 παραιτητέον
665 687 785 723 ἠγοῦμαι
802 688 866 714 κάν-

63 726 156 753 τεῦθεν
179 728 302 762 ἐλέγξαι
319 730 368 766 τὴν
384 731 523 764 ἀξυνεσίαν
546 732 629 759 αὐτοῦ
650 733 683 760 δι’
699 733 807 768 ὀλίγων,
828 732 865 765 ὡς

63 772 129 798 δέον.
147 773 182 799 AI
195 774 256 809 γάρ
272 784 318 802 τοι
334 777 475 812 ῥητορικαὶ
488 778 596 813 δηλοῦσι
609 779 801 815 τεχνογραφίαι
818 788 865 805 σα-

65 819 130 852 φῶς,
142 820 185 846 ὅτι
203 821 298 856 μῦοός
322 823 380 849 ἐστι
401 824 512 859 πλάσμα
536 825 710 861 συγκείμενον
727 825 796 861 μετὰ
815 825 865 860 ψυ-

65 867 206 901 χαγωγίας
230 869 310 904 πρός
324 878 349 896 τι
365 870 418 898 τῶν
432 872 461 897 ἐν
485 871 522 907 τῷ
542 872 591 907 βίῳ
608 873 703 908 χρήσει
721 873 862 908 διαφέρον·

65 913 177 948 πλάσμα
206 914 237 941 δὲ
264 915 403 951 δήπουθεν
431 917 536 953 εἴρηται
557 918 631 953 παρὰ
653 919 683 945 τὸ
699 919 862 952 πεπλάσθαι,

67 959 156 993 φασὶν,
173 961 263 987 αὑτὸν
290 963 581 999 συνομολογουμένως·
605 965 634 991 οὐ
659 965 712 1000 γὰρ
729 965 768 991 ἔτι
790 967 864 1001 νομί-

68 1003 136 1035 ζοιτο
153 1004 264 1039 μῦθος,
285 1007 312 1033 εξ
335 1007 452 1041 γεγονὼς
473 1009 514 1044 εἴη
534 1009 605 1036 κατὰ
628 1009 774 1045 ἀλήθειαν·
789 1011 813 1036 εἰ
836 1010 864 1036 δε

68 1049 227 1085 πλάσματος
249 1052 429 1088 αὐτοσχεδίου
447 1054 570 1086 σύνθεσίς
586 1056 657 1082 ἐστιν
673 1057 689 1091 ἡ
710 1056 861 1091 μυθοποιία,

70 1097 159 1132 πόρρω
175 1098 228 1131 μὲν
243 1097 323 1134 ἔργῳ
335 1099 385 1134 τῆς
402 1099 529 1135 ἀληθείας
543 1101 703 1136 ὲλήλεγκται
713 1122 720 1134 ,
733 1102 803 1137 λόγῳ
816 1103 863 1129 καὶ

69 1143 239 1178 πραγμάτων
259 1145 329 1177 ὕλας
342 1146 468 1177 είκονίζει
481 1149 514 1182 τῇ
530 1147 627 1183 πράξει
643 1148 804 1184 λειπομένη·
828 1149 862 1176 τὰ

70 1188 119 1223 γὰρ
140 1189 190 1215 οὐκ
207 1190 279 1217 ὄντα
299 1191 482 1227 πιθανολογεῖν
498 1193 584 1220 ἔοικεν
599 1194 636 1225 ὡς
652 1194 724 1227 ὄντα,
740 1196 786 1222 καὶ
803 1196 861 1230 διη-

69 1233 144 1267 γήσει
169 1234 295 1271 μίμησιν
318 1238 420 1271 εἰσάγει
446 1238 659 1274 πεπλασμένηνε
688 1239 861 1267 ἀνυπόστατα

71 1279 155 1306 τοίνυν
177 1281 314 1308 εἰδοποιεί
334 1283 496 1317 πράγματα,
521 1285 656 1321 μηδεμιᾶς
680 1286 861 1321 ὑποκειμένης

71 1323 155 1359 ἕδρας,
182 1327 222 1358 ὼς
240 1325 301 1353 οἷόν
320 1337 348 1354 τε
363 1322 488 1363 βεϐαίως.
508 1330 589 1357 Οὐδὲν
609 1331 636 1357 δέ
652 1340 696 1366 μοι
716 1331 788 1358 δοκεῖ
805 1331 861 1358 δια-

73 1371 160 1405 φέρειν
175 1372 287 1408 ἀψύχου
306 1375 490 1410 σκιαγραφίας
513 1376 530 1410 ἡ
548 1376 594 1402 τοῦ
611 1377 694 1411 μύθου
712 1377 861 1413 πλαστουρ-

72 1416 130 1448 γία*
154 1417 217 1444 καθ’
241 1419 390 1454 ὁμοιότητα
409 1421 473 1457 γὰρ,
491 1419 578 1456 οἴμαι,
596 1422 642 1448 τοῦ
662 1423 775 1454 πίνακος
791 1424 858 1460 αὐτῇ

72 1459 283 1496 διαχαράττεται
294 1466 326 1500 τῇ
341 1467 472 1502 γραμμῇ·
487 1467 668 1504 παραπλησίῳ
683 1468 715 1503 γέ
730 1478 770 1495 τοι
782 1478 860 1504 προσ-

73 1508 203 1543 εμιρερείᾳ
226 1513 436 1545 προσωποποιεῖ
460 1513 508 1548 μὲν
522 1513 659 1546 ὑπόθεσιν,
675 1514 716 1546 εἴς
734 1524 759 1540 τι
778 1515 859 1551 μέρος

74 1551 273 1587 ἀποϐλέπουσα,
291 1556 361 1584 αὐτὰ
384 1557 411 1583 δὲ
437 1559 597 1593 σχηματίζει
623 1561 656 1595 τῇ
685 1561 796 1596 μιμήσει
825 1562 860 1588 τὰ

74 1597 219 1642 πράγματα
235 1604 380 1637 γραμμαῖς
397 1604 597 1639 ἐντεταμέναις,
615 1606 791 1641 ἀνομολογίαν
811 1607 859 1642 μὲν

74 1641 115 1669 οὖν
132 1645 173 1678 ἐφ’
197 1647 325 1674 ἑκάστων
341 1649 369 1680 ἐς
383 1649 415 1676 τὰ
434 1650 548 1685 μάλιστα
568 1653 647 1687 τηρεί
666 1652 718 1678 τῶν
737 1653 856 1688 ῥυθμῶν.

77 1689 159 1725 Ἄκρα
175 1700 205 1718 τε
222 1693 345 1728 πολέμου
367 1696 466 1731 γράφει
480 1697 526 1723 καὶ
544 1697 629 1729 τέλος,
650 1698 756 1725 ἐοικότα
772 1699 856 1734 βάσει,

75 1735 118 1761 καὶ
139 1738 214 1774 χείλη
243 1739 430 1776 φθεγγόμενα,
456 1742 503 1768 καὶ
527 1743 623 1777 φωνῶν
646 1743 786 1779 ἰδιώματα,
810 1745 858 1771 καὶ

76 1781 197 1817 γέλωτας,
221 1785 272 1811 καὶ
286 1785 449 1822 κλαυθμοὺς,
466 1787 482 1823 ἢ
501 1788 670 1824 δημηγορίας
685 1790 855 1826 ἀρχοντικὰς,

77 1825 92 1860 ἦ
111 1828 246 1862 συμπόσια
270 1831 317 1856 καὶ
336 1830 455 1866 κώμους,
472 1832 488 1868 ἢ
515 1832 640 1867 βακχίας,
662 1833 677 1868 ἢ
702 1825 821 1867 τελετὰς,
837 1835 853 1870 ἢ

79 1871 154 1906 μέθας
169 1875 347 1908 ἀκολάστους,
362 1877 378 1912 ἢ
395 1877 535 1912 παροινίας
555 1879 699 1914 ἐρωτικὰς,
716 1879 732 1914 ἢ
748 1880 856 1916 λῃστρι-

78 1915 123 1946 κὰς
137 1918 276 1953 ἁρπαγὰς,
292 1919 421 1956 ἣφθορὰς
436 1922 610 1956 ἀνηκέστους,
625 1924 640 1958 ἢ
658 1915 857 1961 σφαγὰςγὰκρί-

80 1969 145 2007 ξους,
169 1964 184 1999 ἢ
209 1966 307 1997 πενίας
331 1967 499 2002 ὑποκρίσεις,
519 1969 535 2003 ἢ
558 1969 681 1996 πλούτων
703 1971 853 2007 ἐπιρροίας.

80 2005 245 2046 Εἰκοτολογίςι
263 2011 311 2046 μὲν
334 2009 380 2038 οὖν
405 2011 510 2038 ἅπαντα
526 2014 729 2049 χαρακτηρίζει,
750 2005 856 2051 προσω-

82 2055 171 2080 ποποία
184 2055 212 2082 δὲ
235 2058 437 2092 προσεμφερεῖς
458 2057 609 2093 διαγορεύει
631 2061 744 2096 πράξεις
759 2061 856 2097 ἀνδρα-

81 2101 143 2131 νεῐς·
158 2102 181 2127 οἱ
193 2103 248 2138 γάρ
266 2112 306 2129 τοι
323 2103 464 2138 μυθοποιοὶ
485 2105 534 2136 τὰς
554 2105 673 2141 ἁνθηρὰς
689 2107 854 2143 ἀναλεγόμε-

83 2154 117 2172 νοι
128 2147 209 2180 λέξεις
231 2151 411 2186 αὑτουργοῦσι
427 2151 533 2178 ποικίλα
555 2154 707 2188 χρωμάτων
719 2154 786 2189 εἴδη,
808 2155 854 2182 καὶ

923 234 1024 254 nomen
1050 228 1233 263 compositum
1261 230 1405 264 persuadet
1431 238 1548 266 quanam
1577 232 1605 259 in
1629 237 1707 267 parte

922 276 1058 299 versatur.
1072 271 1303 307 Engastrimytlms
1318 274 1389 300 enim
1406 274 1600 310 interpretatur
1615 283 1630 302 a
1646 284 1707 303 ven-

925 321 963 343 tre
978 321 1005 343 et
1019 316 1122 350 fabula,
1142 318 1220 351 quasi
1233 318 1353 352 fabulam
1369 319 1396 345 in
1411 324 1496 347 ventre
1510 321 1649 355 conﬁctam
1663 320 1707 347 da-

922 360 1084 389 monstram'.
1100 361 1267 397 Compositio
1283 368 1372 390 autem
1388 363 1485 391 fabula
1497 365 1568 391 intra
1583 369 1704 392 ventrem

922 408 1100 443 probabiliter
1116 409 1342 443 quemadmodum
1365 413 1391 436 et
1412 410 1528 437 tentoria
1549 411 1702 444 eﬂ‘ormata,

922 461 977 481 non
993 454 1146 486 veritatem,
1160 454 1208 482 sed
1234 455 1405 481 mendacium
1424 459 1516 490 aperte
1530 459 1698 490 pronuntiat.

921 499 1117 527 .Multo'melius
1134 500 1226 535 itaque
1243 501 1288 535 qui
1306 501 1381 528 varia
1398 501 1478 535 periti
1497 505 1560 529 sunt
1576 502 1702 535 lectione,

922 551 1055 574 noverunt
1073 546 1208 581 quodnam
1225 547 1299 574 illius
1312 555 1398 582 genus
1412 558 1418 575 :
1436 547 1483 582 qui
1497 555 1551 574 non
1567 549 1646 576 modo
1658 549 1703 576 ille

923 593 1124 628 superstitiosis
1142 593 1287 628 praestigiis
1306 594 1428 628 apprime
1445 594 1564 627 deditus,
1582 594 1702 630 gentium

921 639 1128 674 superstitiones
1140 640 1294 666 clanculum
1315 640 1473 667 introducit.

955 685 1062 713 XXVII.
1083 685 1266 713 Nihilominus
1278 686 1341 714 inde
1357 686 1439 714 etiam
1454 687 1548 721 paucis
1562 686 1622 722 ejus
1648 691 1702 715 sto-

919 732 1059 764 liditatem,
1081 732 1120 759 ut-i
1149 740 1198 767 par
1214 736 1266 764 est,
1297 733 1503 767 reprehendere,
1520 734 1700 762 omittendum

917 786 973 805 non
986 782 1038 806 est.
1054 778 1160 805 Etenim
1178 779 1323 806 rhetoricae
1349 779 1416 806 artis
1445 780 1607 807 traditiones
1633 781 1701 812 satis

917 825 1057 852 commode
1073 829 1220 859 exponunt,
1238 825 1356 852 fabulam
1378 833 1438 853 esse
1454 826 1588 854 ﬁctionem
1603 835 1700 862 quam-

915 869 976 895 dam
994 877 1054 896 cum
1070 869 1250 896 delectatione
1270 870 1304 896 ad
1317 870 1434 904 aliquem
1464 871 1525 897 vitm
1552 880 1631 899 usum
1651 880 1699 899 ne-

914 915 1074 941 cessarium.
1089 913 1175 941 Fictio
1201 923 1265 942 vero
1285 915 1356 942 dicta
1385 921 1426 943 est
1448 916 1531 951 quod,
1550 920 1579 944 ut
1602 925 1698 945 omnes

913 968 990 994 aeque
1010 960 1140 993 fatentur,
1159 960 1273 987 conﬁcta
1287 961 1333 988 sit.
1353 960 1445 996 Neque
1461 963 1533 989 enim
1548 963 1640 997 fabula
1655 964 1698 991 di-

913 1009 1030 1038 ceretur,
1044 1007 1067 1033 si
1083 1014 1112 1033 re
1131 1006 1189 1041 ipsa
1201 1011 1276 1042 gesta
1293 1006 1397 1034 fuisset.
1412 1007 1501 1040 Quare
1515 1009 1537 1036 si
1553 1008 1643 1036 fabula
1658 1011 1697 1037 rei

914 1053 983 1080 ﬁcta!
996 1061 1027 1080 ex
1048 1053 1194 1088 improviso
1225 1054 1386 1088 compositio
1402 1059 1454 1085 est,
1469 1062 1497 1082 re
1511 1055 1619 1089 quidem
1638 1055 1697 1091 ipsa

912 1098 992 1133 longe
1007 1098 1084 1125 abest
1100 1106 1114 1125 a
1130 1099 1255 1130 veritate,
1271 1103 1299 1125 at
1322 1107 1412 1126 rerum
1438 1100 1544 1127 ratione
1568 1101 1698 1128 materias

913 1145 1111 1180 suppeditando
1126 1150 1303 1180 representat
1319 1146 1426 1173 actione
1437 1146 1577 1174 destituta.
1591 1147 1696 1182 Quippe

912 1199 971 1226 qua:
985 1200 1038 1219 non
1061 1195 1134 1225 sunt,
1150 1192 1399 1225 verisimilitudine,
1418 1193 1495 1227 quasi
1511 1197 1611 1226 essent,
1632 1201 1697 1228 pro-

912 1237 997 1272 ponit,
1019 1235 1231 1272 n'arrationeque
1252 1238 1431 1265 imitationem
1449 1238 1592 1265 conﬁctam
1610 1239 1696 1266 intro-

912 1283 995 1310 ducit.
1009 1282 1062 1311 lIes
1076 1284 1166 1318 itaque
1178 1291 1237 1319 quae
1249 1291 1302 1310 non
1316 1284 1480 1314 subsistunt,
1499 1283 1595 1311 formis
1610 1288 1692 1318 atque

912 1328 1006 1363 ﬁguris
1029 1333 1156 1360 ornatas,
1182 1329 1255 1355 nulla
1280 1328 1405 1355 suﬂ'ultas
1430 1328 1576 1360 ﬁrmitate,
1605 1329 1694 1364 quoad

912 1375 969 1401 ﬁeri
981 1378 1081 1409 potest,
1098 1374 1213 1401 stabilit.
1232 1373 1296 1401 Mihi
1312 1381 1376 1401 vero
1393 1373 1500 1400 videtur
1516 1373 1613 1401 fabula:
1630 1381 1696 1400 con-

913 1420 987 1447 ﬁctio
1003 1419 1072 1446 nihil
1087 1420 1121 1447 ab
1138 1419 1293 1446 inanimatae
1313 1419 1416 1446 umbrae
1437 1418 1620 1447 delineatione
1640 1419 1694 1446 dif-

912 1465 992 1493 ferre.
1010 1465 1050 1492 Ad
1067 1465 1273 1492 similitudinem
1288 1466 1388 1500 quippe
1414 1465 1511 1492 tabula
1526 1465 1604 1493 lineis
1626 1465 1694 1500 ipsis

873 1517 894 1546 ο
911 1511 1112 1546 (Ιοεὶεηίιιεε,-θι
1127 1510 1186 1545 pari
1202 1511 1358 1545 aequalitate
1372 1514 1543 1545 argumento,
1565 1510 1593 1537 in
1609 1518 1692 1537 unam

912 1561 1017 1591 partem
1040 1556 1205 1590 respiciens,
1231 1562 1374 1590 personam
1399 1555 1539 1590 contingit,
1562 1555 1692 1582 imitatio-

909 1609 997 1637 neque
1014 1609 1057 1628 res
1081 1601 1154 1636 ipsas
1178 1601 1258 1627 lineis
1284 1600 1404 1628 inductis
1419 1600 1526 1635 ﬁgurat,
1547 1604 1575 1628 et
1589 1600 1617 1627 in
1633 1608 1693 1628 om-

909 1649 991 1676 nibus
1003 1648 1187 1682 inaequalitate
1201 1655 1345 1674 numerum
1358 1647 1484 1674 observat
1501 1647 1690 1682 potissimum;

910 1695 1005 1729 sicque
1020 1699 1097 1721 ortus
1112 1698 1139 1721 et
1154 1693 1221 1721 ﬁnes
1238 1693 1371 1720 bellorum
1383 1701 1437 1719 non
1456 1693 1568 1720 dissona
1579 1693 1691 1720 basibus

909 1741 1005 1776 pingit,
1028 1740 1099 1767 labia
1120 1739 1254 1774 loquacia,
1271 1746 1370 1765 vocum
1386 1739 1577 1773 proprietates,
1605 1739 1690 1771 risus,

908 1786 1045 1821 planctus,
1068 1790 1115 1812 aut
1140 1785 1286 1812 conciones
1303 1784 1467 1820 principum,
1484 1784 1619 1817 convivia,
1636 1784 1691 1811 sal.

907 1831 1037 1863 taliones,
1064 1830 1172 1858 furores
1191 1829 1347 1862 bacchicos,
1374 1829 1516 1864 mysteria,
1540 1829 1690 1856 ebrietates

907 1877 1091 1912 turpissimus,
1107 1875 1273 1911 petulantias
1295 1876 1452 1907 amatorias,
1466 1875 1628 1910 {praedonum
1646 1874 1689 1901 di-

907 1923 1056 1957 reptiones,
1074 1919 1230 1956 deploratas
1245 1921 1343 1952 cades,
1360 1920 1451 1947 clades
1470 1927 1606 1951 enormes,
1626 1927 1691 1954 pan-

907 1968 1020 2003 pertatis
1046 1967 1246 1999 simulationes,
1272 1967 1429 1994 divitiarum
1451 1966 1614 1994 atlluentias.
1637 1966 1689 1993 De—

906 2014 978 2041 eenti
998 2013 1080 2048 igitur
1103 2013 1227 2041 oratione
1255 2017 1334 2040 notas
1359 2013 1486 2048 apponit,
1508 2015 1534 2040 et
1557 2019 1688 2047 persona-

906 2067 968 2086 rum
993 2059 1102 2086 ﬁctione
1130 2059 1163 2086 ad
1191 2059 1312 2086 actiones
1342 2059 1445 2086 similes
1470 2066 1529 2093 quae
1552 2059 1625 2085 viros
1640 2058 1689 2085 de-

905 2110 978 2136 cent,
996 2105 1130 2144 designat.
1149 2104 1328 2132 Fabulatores
1343 2105 1444 2140 quippe
1456 2104 1559 2131 ﬂoridis
1575 2104 1689 2131 vocibus

906 2151 1013 2179 selectis
1028 2151 1118 2178 varias
1133 2151 1256 2178 colorum
1281 2151 1387 2185 species
1411 2150 1552 2182 adhibent,
1575 2149 1688 2183 compli-

81 2193 110 2226 τῇ
127 2197 317 2232 προσωποποίᾳ
332 2197 542 2232 συμπλέκουσινθ
556 2196 615 2224 εἶτα
635 2199 722 2232 λόγοις
738 2201 856 2235 ἐπιχρώ-

912 2202 1024 2232 :antque
1049 2205 1227 2232 personarum
1252 2196 1374 2229 ﬁctioni;
1402 2196 1531 2231 deinceps
1556 2195 1689 2223 orationis

84 2245 167 2272 σαντες
178 2242 264 2276 ἡδέσι,
283 2243 372 2269 πᾶσαν
387 2244 435 2278 μὲν
446 2245 640 2278 ὲπισυνάγουσι
651 2245 699 2281 τὴν
709 2246 756 2272 τοῦ
770 2246 855 2281 μύθου

84 2283 209 2321 διήγησιν·
223 2288 318 2324 ὥσπερ
333 2289 360 2315 δὲ
376 2289 556 2326 ζωδιογράφοι
576 2291 624 2326 τὴν
648 2291 696 2326 τῆς
712 2291 799 2326 ὅψεως
818 2294 855 2319 εἱ-

85 2332 220 2364 κονίζουσιν
236 2335 320 2371 ὦραν,
335 2336 459 2372 ὲρυθροῖς
474 2337 514 2371 ἠδ’
528 2337 643 2369 ἀνθινοῖς
665 2338 790 2374 χρώμασι
803 2348 854 2374 κη-

85 2381 284 2414 ρογραῳοὼτες·
309 2383 411 2417 ῥήμασι
438 2383 465 2409 δὲ
490 2384 537 2410 καὶ
561 2385 681 2420 σχήμασι
704 2386 854 2420 μελοποιεῖν

85 2423 251 2461 ἐπειγόμενοι,
267 2429 443 2464 χαρακτῆρας
455 2429 562 2462 ὑλικοὺς
577 2431 648 2466 ἔργῳ
665 2432 715 2467 τῆς
726 2432 853 2467 ἀληθείας

85 2469 158 2505 αὐτῆς
180 2474 346 2501 ἀποδέουσιν.
370 2474 440 2500 Ἀλλ’
464 2471 536 2502 οὗτοι
556 2476 605 2510 μέν
626 2485 666 2503 τοι
689 2477 775 2512 τούτῳ
792 2485 852 2503 ποι-

87 2514 190 2545 κίλλουσι
203 2521 295 2556 τρόπῳ
308 2521 356 2553 τὰς
370 2521 424 2547 τῶν
440 2521 531 2556 μύθων
548 2522 653 2554 είκὸνας
664 2531 670 2538 ·
687 2523 809 2550 ἐντεῦθεν
824 2524 853 2550 δὲ

87 2565 187 2599 μουσική
204 2574 245 2597 τις
262 2566 378 2601 ἁρμονία
394 2567 560 2600 συνίσταται,
577 2569 625 2594 καὶ
639 2569 782 2604 ποιητικῆς
795 2569 853 2604 οἰη-

89 2609 195 2642 σικιτπίας
211 2611 328 2647 εὒρεσις.

115 2693 220 2725 XXVIII.
241 2699 349 2735 Ἀμέλει
362 2700 428 2735 γοῦν
445 2701 619 2736 ἐρωτώμενος
632 2703 646 2729 ὁ
659 2703 770 2729 Πλάτων
784 2711 850 2739 μου·

89 2740 154 2785 ιξικῆς
174 2744 219 2778 μὲν
234 2743 302 2772 εἶναι
323 2746 418 2780 λόγους
431 2746 561 2782 ὁρίζεται,
584 2747 668 2782 λέγων
678 2757 684 2763 ·
701 2749 802 2785 Λόγων
816 2747 850 2774 δὲ

88 2783 172 2814 διττὸν
190 2788 283 2824 εἶδος,
300 2791 366 2828 ἔφη,
395 2793 427 2819 τὸ
450 2793 509 2827 μὲν
534 2794 660 2827 ἀληθὲς,
677 2783 789 2828 ψεῦδος
816 2794 852 2820 δὲ

89 2830 205 2864 θάτερον·
222 2837 395 2865 παιδευτέον
413 2838 447 2865 δὲ
464 2839 499 2865 ὲν
520 2839 706 2873 ἀμφοτέροις,
724 2840 802 2868 ἀλ.ίὰ
818 2849 850 2873 γε

907 2244 1040 2271 suavitate
1057 2242 1253 2281 adumbrantes
1270 2250 1379 2270 omnem
1393 2242 1502 2277 quidem
1519 2242 1615 2268 fabula
1625 2249 1689 2268 nar-

905 2290 1038 2317 rationem
1066 2289 1223 2323 expediunt.
1250 2288 1283 2315 Et
1301 2288 1384 2315 veluti
1412 2289 1552 2322 signorum
1571 2287 1688 2323 pictores

910 2340 1036 2371 aspectus
1054 2335 1284 2370 pulchritudinem
1303 2334 1395 2361 rubeis
1410 2333 1568 2368 ﬂoridisque
1589 2333 1689 2360 colori—

905 2381 968 2413 bus,
984 2388 1016 2408 ac
1031 2381 1052 2408 si
1069 2387 1131 2407 cera
1147 2380 1299 2415 pingerent,
1315 2378 1504 2413 distinguunt;
1520 2379 1610 2405 verbis
1623 2379 1686 2406 item

905 2428 1054 2462 ﬁgurisque
1066 2427 1129 2453 dum
1146 2433 1290 2452 numerum
1311 2425 1520 2452 accommodare
1540 2429 1685 2460 coguntur,

905 2473 1112 2501 characteribus
1133 2472 1300 2507 pinguibus,
1327 2471 1451 2498 veritatis
1477 2479 1577 2503 causa,
1606 2473 1685 2507 quasi

905 2520 1080 2554 compedibus
1101 2519 1234 2546 vinciunt.
1264 2518 1298 2544 At
1324 2518 1352 2544 hi
1376 2517 1485 2552 quidem
1509 2517 1558 2543 hac
1580 2519 1686 2545 ratione

904 2565 1057 2593 fabularum
1075 2565 1207 2600 imagines
1228 2568 1372 2591 exornant.
1396 2563 1464 2590 Hinc
1487 2563 1589 2590 musica
1610 2571 1686 2597 quae-

905 2613 966 2639 dam
988 2611 1131 2638 harmonia
1154 2611 1343 2642 constituitur,
1366 2617 1397 2636 ac
1415 2609 1528 2644 poetica:
1550 2609 1684 2644 imagina-

905 2658 987 2686 tionis
1004 2657 1133 2684 inventio.

938 2702 1057 2731 XXVIII.
1077 2702 1171 2737 Itaque
1187 2702 1264 2729 Plato
1286 2702 1469 2737 interrogatus
1495 2701 1605 2729 musica:
1622 2701 1684 2736 qui-

903 2750 963 2777 dem
986 2748 1134 2776 orationem
1161 2755 1223 2775 esse
1247 2747 1420 2778 determinat,
1441 2747 1535 2775 dicens
1556 2747 1683 2774 orationis

903 2796 1041 2822 duasesse
1055 2794 1162 2828 species,
1187 2801 1267 2819 unum
1282 2801 1380 2824 verum,
1396 2793 1507 2819 atteram
1522 2793 1637 2827 falsam;
1654 2793 1681 2819 in

904 2840 1021 2874 ulria’que
1037 2847 1095 2866 t'ero
1108 2837 1296 2865 instituendum
1309 2838 1438 2874 (civitatis
1453 2838 1616 2875 custodem),
1636 2839 1681 2866 sed
