1909 3071
203 98 252 126 671

695 94 724 123 S.
746 91 930 123 EUSTATHII
945 90 1098 120 EPISCOPI
1117 90 1326 119 ANTIOCHENI

1783 90 1842 118 672

203 159 317 192 primum
327 155 431 192 quidem
446 155 473 183 in
494 153 650 182 mendaciis.
666 153 747 182 Prius
759 154 860 189 quippe
879 153 987 180 dixerat

1053 151 1181 184 rpdzepor
1190 150 1224 176 ἐν
1236 150 1297 183 τοῖς
1313 149 1453 184 ψεύδεσι·
1470 150 1682 185 προηγουμέιως
1692 147 1754 183 γὰρ
1773 146 1843 174 εἷπε

204 211 304 240 pueros
318 202 471 230 fabularum
487 204 570 227 cantu
583 200 704 228 deliniri.
721 199 816 234 Itaque
827 200 855 225 in
866 206 987 233 unaqua-

203 258 252 285 que
260 257 287 276 re
304 248 450 275 maximum
470 252 509 274 est
527 251 603 282 atque
618 245 868 281 prwstantissimum
886 243 987 279 princi-

203 303 294 330 pium;
307 294 471 327 potissimum
482 301 541 320 vero
547 293 637 327 juveni
650 295 675 318 et
686 295 772 318 tenero
784 289 899 317 cuilibet.
916 289 988 316 Tunc

203 343 274 368 enim
294 340 408 367 maxime
425 339 558 374 formatur
572 342 596 365 et
613 337 749 364 inducitur
765 337 852 372 ﬁgura
868 336 925 370 ejus
939 335 987 368 rei,

204 394 284 421 quam
303 385 361 420 quis
377 384 518 418 unicuique
533 382 682 417 imprimere
702 386 778 416 atque
799 380 937 416 obsignare
952 388 990 407 ve-

205 432 245 460 lit.
258 431 362 465 Quibus
376 430 457 458 dictis
479 429 546 457 illud
561 433 678 457 conatur
698 428 853 461 ostendere,
876 427 988 455 minime

206 485 268 506 csse
279 477 465 505 necessarium
477 475 631 503 immodicis
640 474 772 510 purisque
782 473 932 501 mendaciis
940 473 971 507 ju
980 487 987 493 -

206 531 308 551 venum
321 522 429 550 animos
442 529 594 557 occupare;
609 528 671 548 cum
687 527 749 555 quae
758 519 881 554 puerulis
893 527 988 547 recen-

207 567 321 595 tioribus
337 575 428 602 prava).
439 567 576 602 opinionis
589 570 661 594 notae
672 565 875 600 imprimuntur,
891 565 936 592 vix
947 564 989 591 di-

207 612 271 640 velli
290 617 337 639 aut
357 613 459 640 aboleri
482 612 598 647 possint.
614 610 785 646 Quapropter
807 610 913 638 ratione
934 617 989 637 non

208 658 360 692 interrupta
374 657 466 685 subdit
479 665 485 683 :
498 657 601 684 Adeone
619 657 697 691 facile
715 655 895 690 permittemus
913 663 990 690 quas-

208 701 270 728 libet
280 701 385 736 fabulas
395 711 410 728 a
416 702 572 737 quibuslibet
582 709 628 736 pro
636 700 767 727 arbitratu
775 701 891 727 inventas
899 699 990 726 audire

208 756 313 782 pueros,
329 757 423 783 easque
434 749 523 775 animo
536 748 665 782 suscipere
676 748 808 782 opiniones
819 755 877 783 qum
891 751 918 773 ut
931 747 990 781 plu«

210 794 304 820 rimam
325 799 386 822 sunt
404 795 436 821 iis
452 795 602 827 contrarite,
626 803 692 829 quas
713 793 757 820 ubi
772 794 805 820 ad
828 797 990 820 constantem

1037 196 1073 223 τὰ
1096 197 1191 224 παιδία
1216 195 1413 231 καταλέγεσθαι
1441 195 1531 231 μύθων
1556 195 1678 231 ἐπαοιδῇ.
1707 195 1842 222 οὐκοῦν

1038 242 1116 277 ἀρχὴ
1142 242 1254 276 παντὸς
1276 243 1364 278 ἔργου
1376 241 1519 276 μέγιστον
1529 249 1536 257 ’
1550 240 1650 273 ἄλλως
1662 248 1694 267 τε
1704 241 1759 267 καὶ
1777 239 1842 273 νέῳ

1039 288 1088 315 καὶ
1104 287 1209 320 ἀπα.λῷ
1225 283 1338 321 ὁτῳοῦν
1348 296 1354 303 ·
1369 287 1503 322 μάλιστα
1518 287 1571 322 γὰρ
1588 286 1626 320 δὴ
1645 286 1714 313 τότε
1735 286 1842 313 πλάτ-

1038 343 1117 361 τεται
1139 334 1188 361 καὶ
1214 333 1350 360 ἐνδύεται
1376 334 1479 366 τύπος,
1495 332 1530 359 ὃν
1545 332 1585 360 ἄν
1612 342 1657 369 τις
1681 332 1842 365 ,βούλεται

1039 379 1265 414 ἐνσημήνασθαι
1283 379 1409 412 ἑκάστῳ.
1430 379 1478 405 Διὰ
1500 379 1529 405 δὲ
1546 378 1600 405 τῶν
1620 378 1755 405 τοιούτων
1775 386 1841 404 πει-

1041 426 1120 462 ρᾶται
1147 426 1251 461 ῥήσεων
1278 425 1435 460 ἐκφαίνειν,
1457 425 1495 456 ὡς
1510 425 1538 451 οὐ
1563 424 1651 461 χρεὼν
1674 424 1709 452 ἂν
1726 425 1775 460 εἴη
1806 433 1840 459 γε

1039 472 1231 507 ψευδηγορίαις
1253 471 1393 498 ὲπαντλείν
1409 471 1537 506 ἀκράτοις
1552 470 1600 502 τὰς
1617 470 1671 498 τῶν
1691 470 1839 506 νεηλύδων

1040 518 1141 550 ἀκοάς·
1156 518 1248 553 ἐπειδὴ
1267 519 1323 549 τοῖς
1338 517 1436 552 ἀρτίως
1457 517 1686 552 ἐνσημαινόμενοι
1704 515 1838 552 μείραξιν

1039 565 1064 592 οἱ
1082 565 1179 592 κτύποι
1206 565 1256 598 τῆς
1279 563 1437 597 κακοδοξίας
1453 564 1633 599 ἀμετάστατοι
1655 563 1770 597 φιλοῦσι
1793 562 1837 596 γί-

1041 610 1133 637 νεσθαι
1154 610 1201 636 καὶ
1216 610 1386 636 δυσέκνιπτοι
1396 617 1402 624 ·
1426 609 1520 644 διόπερ
1535 608 1687 640 ἀκολούθως
1703 607 1838 643 ὲπιιρέρει

1041 656 1136 683 πάλιν·
1156 654 1216 690 Ἆρ’
1239 653 1295 682 οὖν
1315 655 1424 689 ῥᾳδίως
1445 655 1521 681 οὕτω
1545 654 1742 689 παρήσομεν,
1764 654 1836 689 ἔφη,

1041 701 1112 735 τοὺς
1130 702 1326 735 ἐπιτυχόντας
1340 701 1399 729 ὑπὸ
1421 701 1480 728 τῶν
1495 701 1698 735 ἐπιτυχόντων
1714 700 1838 735 μύθους

1042 747 1233 780 πλασθέντας
1243 747 1364 773 ἀκούειν
1378 745 1448 779 τοὺς
1465 740 1581 778 παῖδας,
1598 746 1646 772 καὶ
1663 744 1838 779 λαμϐάνειν

1043 793 1077 819 ἐν
1096 793 1160 826 ταῖς
1177 792 1299 826 ψυχαῖς,
1311 792 1350 824 ὡς
1366 791 1414 818 ἐπὶ
1433 791 1467 818 τὸ
1484 791 1562 818 πολὺ
1583 791 1725 823 ἐναντίας
1739 790 1837 823 δόξας

209 845 312 867 wtatem
327 841 497 875 pervenerint.
513 840 606 867 habere
620 840 680 868 illos
700 840 791 868 debere
810 840 992 868 arbitramur?

1053 838 1168 870 ’κείναις
1179 837 1225 871 ἂς,
1235 837 1356 865 ἐπειδὰν
1366 836 1569 869 τελειωθῶσιν,
1578 836 1660 871 ἐχειν
1667 836 1837 871 οἰησόμεθα
1887 834 1889 837 ’

211 885 294 912 Νιιίίο
310 887 337 912 id
354 886 457 922 quidem
470 885 558 919 modo,
573 886 652 918 dixit,
664 888 854 921 permittemus.
870 886 991 913 Primum

209 932 312 967 quidem
329 932 503 959 constituendi
514 936 574 959 sunt
586 932 779 967 fabulatoribus
793 932 848 959 illis
861 940 991 965 censores,

209 979 264 1014 qui,
281 979 304 1005 si
323 987 400 1014 quam
415 979 456 1006 illi
471 979 566 1006 bonum
580 979 700 1013 fabulam
715 979 833 1014 fecerint,
851 984 991 1006 ercernant

209 1028 288 1059 atque
298 1024 420 1059 seligant.
436 1024 522 1051 malas
538 1029 626 1051 autem
640 1024 776 1059 repudient
790 1024 878 1051 eodem
892 1024 938 1050 illo
946 1024 993 1058 ju-

209 1069 278 1096 dicio
293 1074 369 1104 atque
383 1070 512 1097 examine.
528 1069 601 1102 Quas
616 1078 673 1096 vero
689 1069 795 1104 fabulas
809 1077 822 1095 e
835 1073 992 1096 cwterarum

211 1121 316 1140 numero
333 1115 514 1146 exemerimus,
533 1113 654 1140 dabimus
672 1122 778 1148 operam
793 1119 857 1140 utet
878 1114 992 1140 nutrices

210 1165 235 1187 et
257 1164 353 1187 matres
368 1161 456 1195 pueris
477 1169 522 1188 eas
539 1165 761 1188 commemorent:
772 1165 802 1187 ut
825 1160 878 1187 illis
894 1159 993 1194 fabulis

209 1206 296 1239 potius
316 1206 490 1240 informentur
510 1211 586 1241 atque
603 1206 776 1232 instituantur
791 1206 993 1238 eorum'animi,

210 1261 290 1287 quam
300 1261 410 1287 corpora
428 1252 549 1279 manibus
560 1256 693 1279 curentur.
708 1252 742 1278 Αι
756 1260 788 1279 ea;
800 1253 832 1279 iis
844 1260 910 1287 quas
925 1260 994 1280 nunc

209 1302 426 1330 commemorant,
438 1298 527 1325 multae
539 1291 614 1325 erunt
626 1298 804 1332 repudiandw.
819 1298 921 1326 Deinde
929 1305 994 1325 cum

212 1343 246 1370 de
266 1351 359 1369 earum
386 1350 434 1378 pro
450 1343 555 1370 ratione
580 1343 741 1370 diﬂ'erentiis
766 1343 995 1378 interrogaretur,

214 1388 248 1415 In
260 1388 414 1422 majoribus,
427 1388 544 1421 dicebat,
562 1389 659 1423 fabulis
670 1393 694 1415 et
715 1389 827 1416 minores
839 1389 996 1416 videbimus.

212 1432 282 1460 Cum
299 1440 395 1459 rursus
414 1432 586 1464 Adimantus,
607 1440 654 1460 eas
667 1441 696 1460 se
711 1441 765 1460 non
781 1433 929 1468 intelligere
950 1433 994 1460 in-

214 1486 313 1510 nuens,
333 1483 478 1513 quaereret,
501 1479 662 1507 subintulit:
680 1480 753 1513 Quas
771 1484 795 1507 et
818 1479 948 1506 Hesiodus
971 1484 995 1506 et

215 1525 346 1552 Homerus
373 1525 447 1552 nobis
473 1531 721 1553 commemorarunt.
755 1525 791 1553 Ili
812 1526 881 1553 enim
910 1525 995 1560 falsas

212 1571 342 1607 quasdam
365 1571 471 1606 fabulas
482 1571 633 1605 e/ﬁnxerunt
651 1580 716 1606 quas
737 1571 885 1599 hominibus
900 1579 998 1606 propo-

213 1623 315 1648 nerent.
338 1622 362 1644 et
381 1625 439 1652 qua:
452 1617 512 1652 jam
528 1617 590 1644 olim
614 1617 792 1651 incoluerunt,
818 1622 896 1652 atque
916 1617 998 1644 etiam

214 1671 285 1690 nunc
299 1663 425 1690 obtinent.

252 1708 347 1737 XXIX.
368 1708 460 1744 Itaque
479 1708 502 1736 si
519 1707 628 1735 Ilomcri
644 1708 766 1735 carmina
782 1711 864 1743 atque
887 1707 997 1736 Hesiodi

214 1755 323 1783 fabulas
338 1754 421 1783 falsas
436 1754 545 1787 fatetur,
569 1762 629 1790 qua:
646 1754 816 1789 potissimum
836 1754 998 1783 eruditionis

215 1795 303 1830 causa
315 1802 453 1830 auditores
466 1802 611 1834 delectant,
628 1802 696 1836 quin
711 1805 739 1829 et
759 1802 888 1830 dictionis
899 1807 999 1830 ornatu

217 1852 335 1876 mentem
349 1848 382 1875 ad
395 1848 541 1884 perfectam
557 1849 737 1883 eloquentiam
753 1848 884 1881 excitant,
896 1853 1000 1883 quanto

218 1896 303 1931 magis
319 1903 459 1924 sermones
475 1895 537 1922 illos
552 1903 621 1929 quos
641 1894 760 1922 fanatica
774 1895 873 1922 mulier
889 1895 998 1926 etIutiit,

218 1943 304 1970 maias
332 1943 439 1970 fabulas
470 1950 547 1973 esse.
571 1950 671 1977 easque
692 1942 822 1976 fallaces,
851 1943 998 1977 fatebitur,

219 1987 329 2022 quando
340 1993 366 2016 et
388 1988 597 2023 Engastrimythi
612 1996 711 2016 nomen
728 1990 818 2024 ipsum
833 1990 886 2018 hoc
902 1991 1001 2025 praedi-

219 2037 273 2061 cat.
293 2033 378 2061 Graeci
392 2035 476 2066 enim,
489 2035 535 2070 qui
552 2035 690 2062 nominum
707 2037 840 2071 cujusque
854 2037 894 2064 rei
915 2037 1002 2072 impo-

220 2080 347 2108 sitinuem
372 2084 500 2107 accurata
525 2081 715 2117 exquisitaque
740 2083 878 2118 diligentia
899 2083 1002 2111 exami-

221 2131 296 2157 nant,
313 2126 340 2152 in
355 2134 386 2154 ea
403 2127 492 2162 lingua
509 2127 631 2155 ﬁctiones
645 2128 727 2156 falsas
741 2129 851 2164 μύθους,
865 2129 892 2157 id
903 2133 945 2157 est
960 2129 1001 2164 fa-

1009 1511 1028 1538 C

1040 884 1104 912 δεῖν
1119 884 1230 917 αὐτάς;
1244 875 1312 911 Obb"
1327 883 1507 916 ὁπωστιοῦν,
1519 883 1628 919 εἰρηκε,
1639 882 1835 918 παρήσομεν.

1041 931 1162 966 Πρῶτον
1185 931 1244 966 μὲν
1265 931 1337 966 ἡμῖν
1360 931 1399 964 ὡς
1421 930 1519 957 ἔοικεν
1537 928 1758 963 ὲπισταττῖτέον
1775 929 1837 962 τοῖς

1038 977 1228 1013 ,μυθοποιοῖς-
1251 977 1299 1004 καὶ
1323 977 1358 1004 ὃν
1370 977 1438 1011 μὲν,
1458 977 1497 1004 ἂν
1512 977 1606 1004 καλὸν
1623 976 1723 1010 μῦθον
1746 975 1836 1008 ποιή-

1042 1031 1148 1056 σωσιν,
1171 1023 1337 1059 ἐγκριτέον·
1354 1023 1390 1050 ὃν
1414 1023 1448 1050 δὲ
1464 1023 1524 1058 μὴ,
1541 1023 1737 1057 ἀποκριτέον
1765 1022 1835 1054 τοὺς

1042 1070 1076 1096 δὲ
1090 1070 1279 1105 ἐγκριθέντας
1305 1069 1470 1104 ποιήσομεν
1495 1069 1548 1102 τὰς
1570 1069 1700 1102 τροφούς
1725 1076 1759 1094 τε
1785 1068 1834 1095 καί

1040 1117 1172 1152 μητέρας
1203 1117 1303 1152 λέγειν
1329 1116 1391 1149 τοῖς
1419 1115 1518 1148 παισὶ,
1543 1115 1590 1142 καὶ
1614 1114 1762 1142 πλάττειν
1783 1114 1835 1146 τὰς

1042 1163 1145 1198 ψυχὰς
1169 1163 1268 1190 αὐτῶν
1295 1162 1356 1196 τοῖς
1371 1163 1487 1197 μύθοις,
1505 1161 1583 1188 πολὺ
1606 1160 1729 1196 μᾶλλον
1751 1160 1772 1195 ἣ
1799 1160 1833 1187 τὰ

1043 1208 1164 1243 σώματα
1188 1209 1252 1241 ταῖς
1268 1209 1387 1242 χερσίν·
1411 1205 1454 1235 ὧν
1473 1207 1506 1234 δὲ
1534 1207 1592 1234 νῦν
1617 1206 1742 1241 λέγουσι
1762 1205 1832 1238 τοὺς

1043 1255 1178 1288 πολλοὺς
1191 1254 1363 1288 ἐκϐλητέον.
1375 1252 1442 1281 Εἶτα
1458 1253 1551 1289 ἐπειδὴ
1567 1253 1632 1288 περὶ
1644 1253 1694 1287 τῆς
1710 1252 1831 1278 ἑκάστων

1044 1298 1176 1332 ἀναλόγου
1193 1299 1324 1334 διαφορᾶς
1337 1298 1522 1334 ἐρωτώμενος,
1547 1299 1597 1325 Ἐν
1613 1297 1675 1331 τοῖς
1687 1297 1831 1332 μείζοσιν,

1044 1343 1163 1378 ἔφασκε,
1186 1346 1292 1379 μύθοις
1312 1344 1559 1380 ἀναγνωρίζεσθαι
1584 1345 1654 1377 τοὺς
1670 1344 1830 1376 ἐλάττους·

1044 1389 1082 1422 ὡς
1099 1390 1181 1426 ἤρετο
1195 1390 1276 1417 πάλιν
1295 1391 1309 1417 ὁ
1328 1391 1511 1425 ’Δδείμαντος,
1526 1390 1586 1416 οὐδὲ
1605 1389 1716 1421 τούτους
1737 1388 1831 1415 εἰδέναι

1044 1434 1141 1470 δηλῶν,
1159 1433 1237 1466 αὖθις
1258 1434 1461 1469 ἁνθυπενέγκας
1487 1435 1594 1469 ἔφησεν·
1621 1434 1680 1467 Οὓς
1700 1433 1831 1466 Ἡσίοδός

1044 1489 1086 1513 τε,
1115 1478 1210 1512 εἷπον,
1223 1481 1272 1508 καὶ
1294 1482 1423 1515 ’Όμηρος
1438 1480 1509 1515 ἡμῖν
1519 1480 1669 1515 ἐλεγέτην·
1685 1478 1769 1507 οὗτοι
1781 1479 1830 1513 γάρ

1046 1534 1103 1552 που
1118 1526 1232 1560 μύθους
1248 1525 1412 1560 ἀνθρώποις
1423 1525 1544 1560 ψευδεῖς
1559 1523 1754 1557 συντιθέντες
1770 1524 1830 1550 ἕλει

1047 1572 1100 1606 γέν
1114 1580 1145 1598 τε
1157 1572 1206 1598 καὶ
1220 1572 1374 1603 λέγουσιν.

1083 1714 1178 1742 XXIX.
1199 1715 1229 1741 Ei
1246 1715 1273 1741 δὲ
1285 1715 1373 1741 τοίνυν
1393 1715 1512 1750 Ὀμήρου
1527 1714 1562 1740 τὰ
1577 1713 1629 1751 έπη
1645 1713 1693 1739 καὶ
1713 1713 1829 1740 Ἠσιόδου

1051 1760 1149 1795 μύθους
1159 1760 1304 1795 ἀποφαίνει
1320 1759 1436 1795 ψευδεῖς,
1451 1759 1469 1786 ἃ.
1483 1759 1510 1786 δὲ
1522 1759 1569 1786 καὶ
1583 1759 1699 1794 μάλιστα
1711 1759 1758 1786 καὶ
1773 1768 1831 1785 παι-

1048 1805 1122 1837 δείας
1133 1805 1213 1832 ἓνεκα
1227 1805 1385 1840 ψυχαγωγεί
1402 1805 1464 1836 τοὺς
1476 1804 1634 1839 αὺτηκόους,
1650 1804 1680 1830 οὐ
1701 1804 1753 1839 μὴν
1768 1803 1831 1831 am

1049 1860 1080 1885 γε
1094 1853 1140 1878 καὶ
1154 1851 1308 1886 καλλιλεξίᾳ
1319 1851 1447 1886 διεγείρει
1456 1850 1486 1876 τὸ
1496 1850 1622 1886 φρόνημα
1639 1849 1707 1884 πρὸς
1720 1849 1831 1883 εὐγλωτ-

1049 1897 1110 1924 τίαν
1129 1897 1238 1932 ὲντελῆ’
1261 1897 1337 1932 πόσῳ
1363 1896 1394 1932 δὴ
1410 1896 1509 1932 μᾶλλον
1534 1896 1613 1927 ὅσους
1637 1896 1654 1930 ἡ
1679 1894 1830 1930 δαιμονῶσα

1050 1943 1136 1978 γραῦς
1155 1942 1345 1978 ἀπεφθέγξατο
1366 1942 1461 1977 λόγους
1477 1941 1536 1976 οὐχὶ
1559 1941 1717 1976 μυθοποιίας
1733 1940 1830 1976 ὀρεῖται

1051 2000 1092 2023 τις
1107 1988 1175 2017 εἶναι
1190 1990 1305 2025 ψευδεῖς,
1326 1989 1442 2024 ὁπηνίκα
1463 1989 1509 2015 καὶ
1528 1988 1645 2024 τοῦνομα
1661 1988 1711 2023 τῆς
1737 1988 1830 2024 Ἐπα-

1051 2037 1212 2070 στριμύθου
1244 2035 1338 2061 τοῦτον
1364 2034 1528 2069 ὑπαγορεύει
1554 2035 1600 2061 τὸν
1622 2034 1704 2066 νοῦν;
1728 2034 1757 2061 Οί
1781 2034 1830 2069 γὰρ

1058 2081 1190 2117 Ἐλλήνων
1212 2082 1314 2114 παῖδες,
1331 2083 1356 2108 οἱ
1373 2083 1419 2108 καὶ
1435 2082 1483 2114 τὰς
1501 2080 1707 2116 ὀνοματοποιίας
1722 2081 1828 2106 ἑκάστου

1053 2128 1215 2164 πράγματος
1238 2127 1414 2163 ἀκριϐοῦντες
1433 2129 1461 2154 ὲν
1483 2129 1515 2162 τῇ
1535 2126 1637 2153 Ἐλλάδι
1663 2127 1753 2161 φωνῇ,
1771 2126 1830 2153 πλά-

221 2172 309 2204 bulas,
333 2173 479 2208 appellant.
498 2173 627 2208 Sequitur
638 2182 703 2210 ergo
716 2183 773 2202 rem
789 2176 876 2211 ipsam
897 2184 931 2203 ex
952 2184 996 2204 uo-

1055 2181 1145 2209 σματα
1156 2173 1241 2208 ψευδῆ
1251 2173 1313 2204 τοὺς
1331 2173 1430 2208 μύθους
1444 2172 1630 2208 ὀνομάζουσιν,
1646 2172 1790 2199 ἀκόλουθον
1803 2173 1830 2199 ἐκ

221 2218 295 2246 mine
317 2227 371 2253 quo
395 2220 503 2254 proprie
520 2220 688 2254 nominatur,
712 2223 881 2257 conspicere.
905 2221 1000 2257 Esopi

221 2264 329 2300 quidem
346 2264 449 2291 ludicra
463 2264 566 2292 similes
580 2273 635 2300 pra:
653 2273 682 2293 se
697 2265 787 2294 ierunt
802 2266 955 2294 fabularum
973 2265 1004 2292 ti-

222 2311 338 2342 ctiones,
361 2318 430 2346 quas
452 2311 528 2346 pueri
544 2311 570 2338 in
594 2311 665 2340 ludis
681 2312 772 2340 facere
795 2312 953 2348 urbaneque
965 2311 1004 2347 jo-

221 2358 309 2385 cando
333 2358 459 2389 recitant,
483 2362 510 2386 et
533 2366 602 2386 anus
621 2359 805 2395 Corybantum
831 2366 908 2386 more
929 2360 1004 2386 insa-

221 2404 329 2432 Lientes
356 2405 467 2440 garrulo
491 2412 618 2432 sermone
647 2405 811 2437 decantant;
840 2404 1005 2439 quandoque

222 2450 305 2477 etiam
320 2449 383 2477 dum
401 2450 459 2478 haec
476 2455 568 2485 agunt,
585 2451 660 2486 larga
675 2451 737 2478 vina
756 2451 861 2487 gutturi
876 2451 1004 2482 fundunt,

223 2496 357 2530 calicique
373 2499 400 2524 et
418 2496 521 2531 potioni
537 2497 649 2524 intentu:
671 2497 771 2524 mirum
795 2501 928 2531 quantum
945 2496 1006 2524 blo—

225 2545 325 2569 terant.
341 2541 391 2575 Qui
406 2549 472 2569 vero
486 2542 666 2578 philosophia:
683 2550 773 2570 mores
789 2543 909 2578 apprime
925 2543 1007 2578 proﬁ-

225 2593 326 2620 tentur,
341 2591 368 2614 ct
383 2595 461 2615 veras
484 2589 623 2616 Musarum
649 2589 800 2620 cantiones.
829 2590 910 2617 veluti
928 2590 1008 2617 falso-

226 2642 285 2661 rum
302 2635 547 2663 l'abulamentorum
563 2634 680 2670 species,
705 2634 744 2660 uti
761 2642 809 2669 par
823 2639 876 2666 est,
896 2642 1008 2662 accusa-

226 2681 302 2707 bant.

262 2726 346 2754 XXX.
368 2727 396 2754 Si
420 2735 518 2754 nomen
542 2728 634 2762 itaque
651 2727 739 2763 ipsum
756 2731 829 2755 recte
852 2727 886 2755 de
904 2735 934 2754 re
949 2727 1007 2762 ipsa

228 2772 346 2806 positum
359 2778 412 2804 est.
428 2774 673 2809 engastrimythum,
690 2774 784 2808 utique
804 2773 861 2801 hac
875 2773 1009 2808 engastri-

228 2817 338 2850 mythus
359 2818 500 2847 eil‘ormare
525 2819 642 2848 videtur.
664 2820 754 2855 Neque
772 2821 844 2847 cnim
861 2827 875 2846 a
892 2818 1010 2846 naturali

1054 2219 1099 2246 τοῦ
1116 2219 1246 2254 ὀνόματος
1267 2218 1434 2246 ἐποπτεῦσαι
1450 2219 1481 2246 τὺ
1495 2220 1611 2255 πρᾶγμα
1629 2219 1690 2246 καθ’
1707 2217 1737 2245 οὒ
1757 2219 1828 2246 τέτα-

1054 2274 1116 2292 κται
1127 2265 1228 2301 κυρίως
1237 2273 1243 2279 ⁸
1259 2265 1315 2291 ἀλλ’
1327 2265 1356 2291 αἱ
1371 2265 1419 2300 μὲν
1431 2265 1556 2292 Αἰσώπου
1568 2266 1716 2300 λογοποιίαι
1727 2265 1829 2292 τοιαῦτα

1056 2311 1147 2346 μύθων
1162 2312 1234 2338 ἴσασι
1247 2311 1404 2347 πλάσματα,
1417 2309 1462 2339 οἷα.
1480 2312 1527 2338 καὶ
1543 2312 1578 2339 τὰ
1595 2312 1723 2347 μειράκια
1739 2312 1828 2338 πολλα-

1054 2357 1109 2392 χῶς
1127 2359 1155 2383 ἐν
1168 2358 1227 2388 ταῖς
1244 2357 1362 2389 παιδιαῖς
1381 2357 1558 2393 ἀστεῖζόμενα
1573 2357 1674 2390 παίζει,
1688 2357 1736 2384 καὶ
1749 2359 1827 2393 Κορυ-

1056 2404 1203 2431 ϐαντιῶσαι
1220 2404 1314 2439 γραῖαι
1333 2404 1455 2435 κωτίλοις
1472 2404 1598 2440 ἐπᾴδουσι
1612 2403 1701 2438 λόγοις
1711 2413 1717 2418 ·
1730 2404 1781 2430 ἐσθ’
1791 2405 1828 2431 ὅτε

1056 2450 1142 2477 ταῦτα.
1157 2450 1255 2486 δρῶσιν
1272 2450 1334 2486 οἴνῳ
1350 2450 1398 2485 μὲν
1427 2450 1618 2486 ὲπιΰρέχουσαι
1642 2451 1688 2477 τὸν
1715 2451 1827 2487 φάρυγγα

1058 2496 1160 2532 συχνῷ·
1186 2497 1275 2523 κύλικι
1297 2496 1325 2522 δὲ
1353 2496 1533 2532 προσέχουσαι
1555 2497 1648 2532 ποτῷ,
1678 2498 1827 2533 φλυαροῦσιν

1057 2542 1196 2577 ἀμέτρως·
1224 2542 1248 2568 οἱ
1271 2541 1394 2576 μέντοιγε
1417 2540 1573 2576 φιλοσοφίας
1602 2541 1654 2576 ἤθη
1679 2541 1826 2577 πρεσϐεύειν

1057 2587 1217 2622 ἡγούμενοι,
1239 2586 1285 2613 καὶ
1312 2586 1360 2618 τὰς
1373 2585 1526 2622 ὲμμούσους
1548 2587 1671 2621 ποιήσεις
1697 2583 1740 2613 οἶα
1756 2586 1826 2622 ψευδῆ

1059 2632 1150 2667 μύθων
1168 2632 1226 2667 εἴδη
1246 2632 1393 2666 διέϐαλλον,
1407 2632 1445 2663 ὼς
1457 2632 1524 2659 δέον.

1094 2723 1178 2750 XXX.
1199 2724 1229 2750 Εί
1243 2721 1289 2750 οὖν
1307 2724 1372 2750 αὐτὸ
1386 2722 1503 2758 τοῦνομα
1525 2722 1595 2749 κατά
1614 2722 1660 2749 τοῦ
1681 2722 1824 2758 πράγματός

1060 2772 1117 2797 ἐστι
1132 2770 1295 2806 τεταγμένον
1305 2769 1401 2806 ὀρθῶς,
1418 2770 1653 2805 ἐγγαστρίμυθον
1673 2768 1758 2795 ἔοικεν
1772 2769 1824 2794 ἁνα-

1062 2817 1187 2844 πλάττειν
1207 2818 1222 2852 ἡ
1240 2815 1466 2851 ὲγγαστρίμυθος.
1479 2816 1515 2842 Οὐ
1536 2815 1589 2850 γὰρ
1610 2816 1642 2842 ἐκ
1662 2815 1709 2842 τοῦ
1729 2813 1824 2848 φυσικοῦ
