1909 3071
60 112 108 141 675

589 102 784 132 ALLOCUTIO
804 102 850 129 AD
869 98 1151 129 CONSTANTINUM.

1621 97 1674 125 67‘

62 169 197 207 φθέγγεται
209 165 256 193 νοῦ
272 165 416 200 σωφρόνως
426 172 432 178 ·
448 162 503 194 ἀλλῗ
519 162 547 189 ὲν
563 163 619 193 τοῖς
636 161 768 188 ἐνδοτάτω
789 168 836 195 μο-

901 163 1011 191 unaque
1031 159 1120 182 mente
1139 155 1270 189 loquitur,
1291 153 1339 181 sed
1355 154 1382 181 in
1400 153 1505 180 intimis
1520 153 1672 182 visceribus

63 206 123 253 ρὶοις
136 211 303 248 ὲμφωλεύων
318 211 332 236 ό
354 210 474 245 δαίμων,
498 208 583 243 αὐτὴν
601 207 776 243 ἐπινέμεται,
790 206 836 234 καὶ

63 262 165 299 βλάπτει
182 259 232 294 τὴν
255 258 402 294 φρόνησιν·
426 258 458 284 ὲκ
480 256 509 282 δὲ
533 255 582 290 τῆς
607 254 725 290 γαστρὸς
747 254 839 289 ἑξηχεῖ

63 307 161 345 μυθώδη
179 306 330 342 πλάσματα
343 303 515 340 συγκροτῶν·
535 302 574 334 εἰς
588 301 697 328 ποικίλα
713 301 741 327 δὲ
758 309 839 337 μετα-

63 353 238 392 μορφούμενος
256 351 326 387 εῖδη,
345 351 482 387 διαφόροις
500 350 656 385 ίνδάλμασιν
670 348 770 383 ὑπάγει
790 348 838 384 τὴν

62 402 149 437 ψυχήν.
159 399 270 434 Ἐπειδὴ
284 399 313 425 δὲ
324 397 502 428 παντοδαποῖς
514 395 705 423 ὲναλλάττεται
720 395 769 430 σκιή
775 402 839 430 μασι

64 446 267 482 πολυπρόσωπος
289 443 342 475 ὢν,
358 444 433 470 οὐδὲν
448 440 527 478 ἦττον
548 442 588 468 ἔτι
613 441 659 468 καὶ
678 442 710 467 ὲκ
726 440 776 475 τῆς
788 439 840 474 γῆς

64 492 207 520 ἀναϐαίνειν
229 490 406 525 ὑποκρίνεται
426 489 474 516 καὶ
486 488 584 523 φωνεῖν
595 495 601 502 ·
621 485 680 514 εἶτα
696 487 761 522 παρ’
777 485 842 512 ἑκά-

63 548 121 575 τερα
144 537 191 570 τὰς
217 537 357 568 διακονίας
383 535 503 571 ἀμείϐων
529 533 597 569 ὁμοῦ
625 534 686 565 ταῖς
707 533 840 569 μορφαῖς,

64 586 132 612 ἀλλον
150 585 198 620 μὲν
215 584 262 611 τὸν
281 583 460 611 ἀναϐαίνοντα
477 581 553 617 παρὰ
568 581 613 608 τὸν
628 581 675 608 τοῦ
698 580 842 612 καλοῦντος

64 633 127 659 δοκεῖ
139 631 276 667 παριστᾷν
288 639 294 645 ·
314 631 328 657 ὁ
345 629 425 661 αὑτὸς
444 629 483 661 δὲ,
501 629 564 665 τῇδε
582 629 693 655 κάκεῖσε
716 627 843 664 περιτρέ-

65 687 121 713 χων,
137 677 262 704 ἀλλάττει
275 676 325 708 τὰς
344 676 428 707 ἰδέας,
448 675 491 701 ἵνα
504 674 595 710 ἔργοις
612 673 783 700 ἀποδεικνύοι
798 674 844 700 κα)⁸

65 723 158 758 λόγοις,
177 723 218 750 δτι
239 722 362 757 ψεύστης
376 721 465 748 ἐστίν’
485 718 669 747 ὑποτυποῦται
688 719 753 753 γοῦν
774 719 844 746 αὑτά

66 770 95 796 τὰ
111 770 241 804 πρόσωπα
254 768 360 804 νεκρῶν
378 768 502 802 ἀνάγειν,
517 767 555 798 ὡς
576 766 649 798 εἰκός
665 767 737 792 ἐστιν
749 767 781 793 ὲκ
796 765 843 793 τοῦ

67 815 158 842 τοιοῦδε
171 815 312 850 δράματος
329 813 473 840 ὑπολαϐεῖν
485 821 491 828 ·
509 813 613 848 ἀμειδεῖ
627 812 675 847 μὲν
692 811 762 847 ὄψει,
778 820 843 838 σκυ-

68 860 153 897 Spuma
175 860 203 886 δὲ
226 860 359 894 φάσματα
382 858 580 894 πεπλασμένως
600 857 732 892 εἰσάγων·
754 858 802 884 ὅλα
813 857 845 894 ,δὲ

68 905 167 941 κατηῳῆ
181 905 228 932 καὶ
241 906 345 941 νεκρᾶς
360 904 445 940 ὀδμῆς
460 904 582 931 ἀνάπλεα
598 903 748 939 παριστῶν,
761 904 799 935 ὠς
816 903 845 937 ἐξ

69 953 124 982 ᾅδου
137 951 364 988 μετακεκλημένα
376 952 528 983 δεινοποιεῖ,
540 951 586 978 καὶ
599 950 723 986 καθάπερ
735 949 846 986 εἱρκτῆς

69 998 84 1033 ἢ
97 997 195 1033 δεσμῶν
208 997 344 1033 ἀνειμένα
359 997 427 1033 πρὸς
444 997 542 1031 ὀλίγον,
556 994 615 1022 εἶτα
629 996 709 1023 πάλιν
723 994 847 1022 ἐντεῦθεν

72 1045 150 1070 ἐκεῖσε
163 1043 347 1071 διαΰαίνοντα.
368 1043 512 1079 Τοιγάρτοι
527 1042 573 1069 καὶ
594 1042 776 1077 καταπλήττει
792 1043 847 1073 τοῖς

70 1089 167 1125 δείμασι
183 1089 231 1126 τὴν
247 1089 339 1125 ψυχὴν
364 1090 396 1116 ἐκ
420 1089 474 1116 τῶν
488 1089 592 1124 ὄψεων·
617 1088 693 1124 ὠχρά
720 1087 768 1124 μὲν
789 1087 846 1123 εἴδη

73 1135 204 1161 πλάττων
230 1135 310 1170 ὅμμα
336 1135 364 1162 δὲ
389 1135 516 1171 βλοσυρὸν
542 1134 559 1170 ἢ
583 1134 720 1170 κατηφὲς,
746 1133 793 1160 ἅτε
816 1134 848 1169 δὴ

72 1181 164 1216 νεκρῶν
178 1181 279 1216 ἀρτίως
297 1182 411 1217 ἐμπνεῖν
423 1201 430 1214 ,
451 1181 498 1208 καὶ
518 1180 598 1207 πάλιν
619 1179 846 1215 ὑπισχνουμένων.

74 1227 149 1254 Εῖωθε
160 1227 212 1263 γὰρ
228 1227 374 1263 ὑποκρίσει
389 1226 636 1263 συσχηματίζεσθαι
654 1228 709 1258 τοῖς
727 1226 823 1257 δεινοῖς
835 1226 849 1252 ό

75 1274 281 1310 πλαστογράφος.
309 1274 378 1301 Ἀλλ’
397 1273 453 1300 ἔσθ’
469 1275 512 1300 ὅτε
535 1273 563 1300 δὲ
586 1275 726 1308 συνεργοῖς
748 1272 849 1300 ἀποκέ-

75 1329 163 1356 χρηται
176 1322 231 1353 τοῖς
243 1321 391 1356 όμοηθέτιν
405 1320 477 1355 αὐτῷ
490 1320 614 1355 δαίμοσιν
623 1328 629 1334 ·
642 1319 704 1346 οὔτε
717 1318 746 1345 δὲ
762 1318 851 1353 ψυχὰς

76 1366 101 1398 ἐξ
124 1366 182 1401 ᾅδου
207 1367 417 1402 μεταπέμπεται
439 1365 600 1401 προφητῶν·
627 1364 688 1391 οὔτε
710 1363 850 1398 πνεύματα

77 1412 186 1444 δικαίων,
200 1412 263 1439 οὔτε
283 1412 334 1444 τὰς
347 1412 492 1447 ἀγγελικάς
507 1412 594 1444 ἀξίας,
614 1410 681 1438 ἀλλὰ
698 1410 851 1437 τούναντίον

77 1459 174 1493 ἐγένετο
191 1461 240 1496 μὲν
264 1462 306 1493 εἰς
326 1461 355 1487 τὸ
380 1459 592 1492 καταπιέςεσθαι
614 1460 682 1495 πρὸς
698 1459 752 1485 τῶν
768 1458 852 1492 ἀγγέ-

78 1506 138 1535 low
152 1506 257 1543 ἐξεδόθη
272 1508 302 1534 δὲ
315 1509 371 1539 τοῖς
394 1507 515 1543 ἀρίστοις
536 1505 680 1542 ἀνδράσιν,
708 1505 776 1532 ὥστε
800 1513 853 1531 πα-

887 204 994 231 daemon
1006 202 1160 234 diversans,
1175 206 1292 228 mentem
1308 200 1394 235 ipsam
1415 200 1570 235 depascitur
1585 205 1612 228 et
1626 201 1672 228 lae-

888 249 939 281 dit,
959 253 986 276 et
1008 256 1042 275 ex
1069 251 1165 275 ventre
1190 245 1329 274 fabulosas
1356 245 1479 273 ﬁctiones
1504 253 1672 281 componens

890 295 1033 331 strepitum
1048 294 1114 326 edit,
1131 301 1182 321 nec
1198 299 1250 320 non
1266 292 1295 319 in
1315 292 1404 319 varias
1420 295 1604 320 commutatus
1616 292 1673 320 for-

889 350 949 370 mas
967 341 1052 369 variis
1067 339 1183 376 spectris
1200 338 1308 367 seducit
1332 339 1460 366 animam.
1476 339 1591 372 Quando
1606 346 1674 367 vero

891 389 984 416 multis
997 387 1104 419 formis,
1124 387 1183 422 ipse
1197 385 1374 413 multiformis
1391 393 1452 412 cum
1475 386 1521 418 sit,
1539 386 1673 419 varietur,

891 442 945 462 non
961 434 1050 461 minus
1077 436 1104 460 et
1120 440 1192 459 nunc
1216 439 1232 460 e
1254 435 1325 459 terra
1343 431 1491 459 ascendere
1507 439 1536 460 se
1551 433 1674 465 simulat,

891 480 1042 508 et-clamat.
1067 478 1099 505 Et
1125 477 1160 505 ad
1181 477 1326 505 ministerii
1350 477 1414 504 bina
1437 477 1558 504 membra
1581 477 1676 513 ﬁguris
1697 465 1705 472 ’

892 525 1077 557 commutatis,
1095 525 1178 552 alium
1193 524 1304 559 quidem
1322 524 1525 556 ascendentem,
1539 524 1574 553 ab
1587 532 1619 552 eo
1629 524 1675 560 qui

893 573 920 600 in
941 576 1057 600 vocante
1080 575 1132 602 est,
1153 571 1263 599 videtur
1277 570 1312 598 ob
1326 570 1422 597 oculos
1448 570 1586 598 exhibere.
1603 569 1676 598 Idem

893 625 958 646 vero
971 618 1025 646 huc
1039 617 1157 652 illucque
1175 616 1334 644 discurrens
1349 616 1456 650 species
1476 619 1574 649 mutat,
1592 621 1622 643 ut
1638 616 1678 643 fa-

894 663 946 690 ctis
967 662 1193 697 sermonibusque
1216 661 1343 689 ostendat
1366 668 1396 688 se
1419 668 1481 688 esse
1507 661 1676 689 mendacem.

896 708 1011 736 Simulat
1024 709 1113 743 itaque
1125 715 1256 743 personas
1271 707 1346 742 ipsas
1359 710 1530 734 mortuorum
1547 707 1677 738 educere,

895 760 925 782 ut
945 762 977 782 ex
1002 754 1041 782 rei
1056 758 1138 789 gesta:
1155 753 1225 781 serie
1248 752 1342 780 videre
1365 756 1417 780 est.
1445 751 1477 778 Et
1499 759 1561 779 cum
1582 750 1680 778 tetrico

895 801 971 828 vultu
983 801 1071 827 tristia
1086 803 1192 836 spectra
1204 799 1266 826 ﬁcte
1278 798 1400 830 inducat,
1415 798 1598 832 universaque
1611 804 1680 824 mm-

897 851 950 879 sta,
970 848 1195 881 mortuorumque
1210 848 1307 879 putore
1325 844 1405 878 plena
1427 844 1584 875 ostendens,
1600 842 1680 877 quasi

900 893 934 919 ab
949 891 1044 920 inferis
1061 895 1174 920 evocata
1191 889 1301 918 horride
1318 892 1507 924 repraesentat,
1528 892 1556 916 et
1568 888 1652 915 veluti
1665 895 1680 915 a

899 947 1011 967 carcere
1021 938 1193 972 vinculisque
1209 937 1308 969 soluta,
1323 943 1377 963 non
1391 935 1437 963 diu
1452 940 1513 970 post
1527 943 1635 962 rursum
1647 943 1682 962 ex

897 985 949 1013 hoc
962 986 1023 1013 loco
1041 985 1106 1012 illuc
1123 988 1302 1010 transmeare.
1328 982 1399 1015 Quin
1417 981 1473 1009 imo
1489 985 1516 1009 et
1532 981 1599 1008 visis
1616 980 1682 1015 ipsis

898 1035 1006 1059 terrore
1022 1030 1140 1065 percutit
1153 1029 1286 1060 animum,
1308 1027 1424 1063 pallidas
1440 1027 1543 1054 formas
1565 1027 1680 1061 ﬁngens,

898 1081 924 1105 ct
944 1078 1039 1105 oculos
1055 1075 1207 1103 horrendos
1227 1079 1309 1110 atque
1334 1073 1481 1106 demissos,
1497 1073 1593 1108 quales
1609 1079 1682 1098 mor-

899 1129 1008 1151 tuorum
1025 1131 1088 1151 esse
1102 1123 1202 1155 solent,
1218 1121 1264 1156 qui
1279 1120 1393 1156 jamjum
1410 1119 1528 1146 animam
1543 1118 1631 1146 eﬁlare
1643 1117 1684 1145 vi-

899 1171 1007 1198 dentur.
1025 1169 1092 1196 Nam
1111 1168 1240 1196 similium
1265 1174 1356 1194 rerum
1375 1166 1453 1194 ﬁctor
1466 1173 1515 1200 per
1531 1164 1684 1193 simulatio-

900 1225 962 1244 nem
976 1215 1146 1244 terribilibus
1162 1213 1289 1242 omnibus
1304 1220 1365 1241 sese
1380 1211 1576 1240 accommodat.
1592 1211 1685 1244 Quan-

900 1264 989 1299 doque
1013 1263 1095 1290 etiam
1118 1269 1173 1289 non
1196 1259 1376 1287 dissimilibus
1399 1258 1441 1286 sui
1461 1257 1629 1285 daemonibus
1650 1255 1685 1282 ad

900 1319 968 1346 opus
981 1310 1094 1338 ascitis:
1113 1309 1161 1337 sed
1183 1314 1272 1342 neque
1293 1305 1486 1341 prophetarum
1499 1305 1614 1337 animas,
1636 1311 1686 1331 ne-

901 1365 954 1393 que
970 1357 1108 1392 justorum
1131 1355 1259 1390 spiritus,
1283 1360 1373 1388 neque
1388 1351 1533 1386 dignitates
1549 1350 1687 1385 angelicas

902 1404 936 1431 ab
953 1403 1048 1430 inferis
1071 1402 1181 1435 educit;
1196 1402 1263 1437 quin
1282 1408 1316 1428 ex
1341 1400 1457 1427 adverso
1474 1398 1508 1425 ab
1523 1397 1626 1432 angelis
1638 1396 1687 1424 de~

903 1449 1040 1484 primitur,
1067 1449 1202 1482 datusque
1227 1451 1271 1475 est
1295 1445 1406 1482 optimis
1427 1444 1505 1476 viris,
1528 1447 1558 1470 ut
1581 1442 1616 1469 ab
1634 1442 1687 1476 illis

867 1515 887 1542 ρ
905 1496 1114 1524 conculcaretur
1133 1494 1207 1522 humi
1223 1493 1326 1521 ellusus
1341 1492 1549 1526 disruptusque.
1576 1488 1689 1542 sedliic

79 1534 293 1590 τείσθαι-πρηνὴς
308 1555 347 1585 είς
360 1534 491 1588 τοὺδαφος
501 1534 678 1588 ἀπορρέαγείςί
695 1551 763 1577 ’Δλλ“
777 1548 850 1582 οὗτος

905 1552 920 1570 a
935 1542 1070 1578 supremis
1083 1542 1136 1568 illis
1153 1545 1231 1575 raptu
1248 1540 1366 1567 violento
1380 1538 1497 1569 deletus,
1513 1539 1590 1570 terga
1601 1534 1688 1562 illisit.

81 1599 123 1633 μὲν
138 1600 168 1626 ὲκ
190 1599 242 1626 τῶν
257 1600 387 1626 ἀνωτάτω
397 1620 404 1632 ,
425 1598 568 1635 ῥοιζήματι
590 1598 668 1634 βιαίῳ
684 1597 854 1633 κατενεχθεὶς

80 1645 233 1681 ὑπεστόρεσε
244 1645 279 1673 τὰ
291 1646 372 1672 νῶτα·
392 1646 463 1681 μόνῳ
477 1646 505 1673 δὲ
517 1645 554 1681 τῷ
570 1644 767 1681 παντοκράτορι
785 1643 855 1679 πάρ-

81 1699 131 1717 εστι
150 1691 206 1727 Θεῷ
228 1692 275 1718 καὶ
301 1691 340 1727 τῷ
366 1692 494 1727 Θειοτάτῳ
522 1691 616 1718 τούτου
641 1691 720 1717 nam
745 1690 855 1724 ἀνάγειν

81 1736 158 1772 ψυχὰς
171 1739 200 1771 ἐξ
215 1739 280 1774 ᾅδου
292 1747 298 1754 ·
314 1739 361 1766 καὶ
373 1739 469 1775 χοροὺς
491 1738 613 1772 ἀγγέλων
630 1738 659 1764 ὲν
678 1736 754 1769 τάξει
773 1745 857 1772 παρε-

83 1781 177 1814 στῶτας
192 1783 274 1819 ἔχειν,
293 1784 361 1820 ὅπερ
381 1784 445 1811 ἴδιον
463 1783 587 1820 ἔκκριτον
607 1783 724 1818 ὑπάρχει
745 1782 793 1818 τῆς
809 1781 855 1809 τοῦ

82 1828 146 1855 θείου
161 1830 275 1865 φύσεως.

95 1907 202 1914 ———

908 1589 999 1616 Solius
1012 1596 1076 1616 vero
1092 1587 1140 1615 Dei
1159 1585 1353 1621 omnipotentis
1373 1588 1425 1617 est,
1442 1583 1557 1618 ejusque
1574 1580 1690 1608 divinis-

909 1636 970 1664 simi
988 1634 1048 1662 Filii
1065 1635 1171 1662 animas
1186 1633 1220 1660 ab
1235 1631 1330 1660 inferis
1341 1631 1468 1661 educere,
1481 1632 1625 1663 uetusque
1640 1634 1690 1653 an-

909 1683 1030 1717 gelorum
1043 1681 1138 1709 ordine
1158 1683 1279 1708 astantes
1301 1679 1411 1710 habere,
1435 1677 1507 1712 quod
1522 1675 1621 1703 divina
1641 1680 1690 1701 na-

909 1732 978 1756 tura:
991 1727 1144 1763 proprium,
1163 1725 1293 1754 eximium
1305 1732 1337 1752 ac
1354 1723 1493 1759 singulare
1505 1726 1556 1751 est.

228 1897 1677 1916 _______________________________.____———

457 1971 460 1978 ’
498 1978 780 2045 SANCTI
839 1973 1271 2040 EUSTATHII

665 2096 844 2129 EPISCOPI
860 2093 1109 2126 ANTIOCHENI

163 2190 507 2240 ALLOCUTIO
544 2190 618 2234 AD
659 2185 1095 2233 IMPERATOBEM
1133 2182 1609 2231 CONSTANTINUM

718 2293 749 2314 IN
766 2293 911 2315 CONCILIO
930 2292 1066 2314 NICENO.

137 2374 214 2406 (Apud
228 2375 375 2408 Gregorium
387 2374 559 2406 presbyterum
570 2372 754 2402 Cesarlensem,
768 2371 836 2396 Orat.
848 2367 874 2393 in
884 2365 998 2392 Nicanor
1009 2366 1112 2396 Patres;
1126 2371 1158 2390 ex
1169 2364 1306 2390 Combeﬁsil
1319 2365 1417 2389 Auctor.
1431 2361 1530 2392 novin,
1543 2361 1576 2393 ll,
1585 2361 1652 2394 555.)

122 2486 336 2523 Εὑχαριστοῦμεν
363 2484 432 2520 Θεῷ,
460 2484 588 2520 κράτιστε
615 2481 736 2517 βασιλεῦ,
757 2481 795 2516 τῷ
814 2482 849 2517 τὴ

901 2493 903 2503 ι
954 2480 1009 2507 Deo
1024 2478 1125 2514 gratias
1141 2477 1257 2512 agimus,
1274 2474 1375 2510 optime
1398 2473 1557 2508 imperator,
1579 2472 1626 2507 qui
1643 2475 1695 2500 lcr-

95 2533 202 2567 ὲπίγειον
223 2531 376 2560 συνθύνοντί
392 2539 432 2558 σοι
456 2529 592 2566 βασιλείαν
605 2537 611 2544 ·
634 2528 674 2564 τῷ
688 2528 737 2564 τὴν
762 2527 865 2563 πλάνην

95 2578 141 2605 τῶν
154 2579 264 2606 εἰδώλων
278 2578 322 2605 διὰ
339 2576 386 2604 σοῦ
407 2575 618 2610 καταργήσαντι,
633 2574 681 2601 καὶ
695 2573 749 2600 τῶν
764 2572 865 2600 πιστῶν

96 2627 282 2662 καταστήσαντι
303 2625 331 2651 ὲν
355 2622 495 2659 παρρησίᾳ
512 2621 558 2647 τὸν
582 2619 707 2654 εὑῦυμον.
725 2618 865 2645 Πέπαυται

97 2671 184 2699 κνίσσα
199 2671 329 2707 δαιμόνων
338 2679 344 2686 ·
359 2668 537 2697 καταλέλυται
551 2666 694 2697 πολυθεῖας
710 2664 866 2700 Ἑλληνικῆς

97 2716 128 2742 τὰ
136 2717 285 2752 σεϐάσματα
294 2725 300 2732 ·
317 2716 346 2742 τὸ
359 2715 409 2750 τῆς
423 2712 559 2748 ἀγνωσίας
574 2710 751 2738 ἀπελαύνεται
763 2709 866 2740 σκότος·

98 2762 132 2798 τῷ
144 2763 189 2797 τῆς
207 2762 367 2796 θεογνωσίας
381 2759 450 2795 φωτὶ
465 2760 482 2794 ἡ
496 2756 639 2792 οἰκουμένη
656 2753 866 2789 καταυγάζεται·

100 2807 185 2843 Πατὴρ
196 2808 370 2842 δοξολογείται
378 2814 385 2821 ο
400 2805 463 2836 Υἱὸς
473 2802 718 2839 συμπροσκυνεῖται
727 2807 733 2815 ·
747 2801 777 2826 τὸ
789 2799 870 2826 Πνεῦ-

103 2859 133 2886 μα
156 2852 184 2878 τὸ
204 2852 277 2887 ἆγιον
301 2849 524 2885 καταγγέλλεται·
541 2847 625 2883 Τριὰς
643 2846 798 2882 ὁμοούσιος,
820 2845 870 2880 μία

918 2533 1015 2554 renum
1031 2525 1078 2552 tibi
1094 2523 1236 2558 imperium
1248 2521 1340 2556 dirigit
1357 2529 1363 2548 :
1380 2519 1426 2555 qui
1436 2518 1644 2546 simulacrorum
1656 2527 1696 2546 er-

919 2579 1008 2599 rorem
1022 2578 1070 2606 per
1083 2575 1111 2597 te
1124 2568 1251 2599 abolevit,
1268 2574 1300 2594 ac
1316 2573 1408 2601 atquos
1423 2565 1540 2592 ﬁdelium
1555 2563 1661 2591 animos
1671 2564 1699 2591 in

920 2619 1045 2646 libertate
1072 2616 1225 2645 collocavit.
1256 2612 1380 2642 Cessavit
1406 2611 1560 2639 dremonum
1585 2609 1664 2638 nidor
1691 2618 1699 2638 :

919 2663 1064 2698 multiplici
1078 2663 1191 2691 deorum
1207 2661 1284 2688 cultu
1309 2666 1405 2688 eversa
1428 2662 1471 2686 est
1485 2657 1629 2693 gentilium
1653 2664 1702 2684 su-

919 2708 1046 2744 perstitio
1065 2717 1072 2735 :
1089 2707 1263 2742 expelluntur
1284 2705 1402 2733 tenebrae
1432 2703 1580 2738 impietatis
1605 2711 1612 2730 :
1639 2702 1703 2730 illu-

920 2757 1023 2782 stratur
1040 2752 1116 2780 orbis
1129 2755 1264 2778 terrarum
1280 2751 1342 2777 luce
1358 2749 1456 2777 divina
1469 2748 1599 2776 scientiae.
1622 2746 1697 2775 Pate.

919 2797 1098 2834 gloriﬁcatur,
1129 2795 1215 2823 Filius
1245 2795 1326 2823 simul
1350 2794 1490 2825 adoratur,
1524 2792 1702 2819 annuntiatur

921 2843 1040 2878 Spiritus
1054 2845 1189 2871 sanctus:
1217 2838 1337 2867 Trinitas
1366 2837 1621 2870 consubstantialis,
1648 2842 1701 2863 una
