1909 3071
214 103 267 130 675

722 103 751 131 S.
769 101 956 131 EUSTATH"
976 102 1129 130 EPISCOPI
1148 101 1357 130 ANTIOCHENI

1780 100 1834 128 676

213 161 343 189 divinitas
358 161 385 188 in
395 161 486 188 tribus
496 161 623 196 personis
645 165 673 189 et
687 160 881 197 hypostasibus
893 163 991 197 praedi-

1045 161 1139 197 θεότης
1155 161 1183 187 ὲν
1197 161 1270 197 τρισὶ
1287 160 1442 196 προσώποις
1460 161 1507 188 καὶ
1519 161 1681 188 ὑποστάσεσι
1695 157 1834 194 κηρύττε-

214 210 303 234 catur.
329 205 380 234 Per
404 214 476 238 eam,
501 207 659 240 imperator,
681 208 804 234 munitur
819 212 871 235 tua
885 209 994 243 pietatis

214 252 373 287 imperium;
388 259 447 278 eam
463 251 542 279 nobis
553 260 631 279 serva
647 253 814 281 inviolatam.
832 253 929 281 Nullus
940 254 994 281 hac~

213 299 315 325 reticus
339 297 366 324 in
387 296 537 325 Ecclesiam
561 298 720 326 subintrans
747 307 831 326 unum
854 299 956 334 aliquid
978 307 994 327 a

214 341 348 369 Trinitate
363 341 481 374 auferat,
494 342 553 369 sine
565 342 668 369 honore
684 343 864 377 all‘ectumque
879 342 994 377 ignomi—

213 388 260 415 nia
275 388 444 424 relinquens,
456 387 530 422 quod
544 392 586 415 est
597 388 742 423 reliquum.
758 388 840 415 Arius
856 388 936 415 nobis
946 388 993 423 qui

213 442 229 461 a
244 434 336 461 furore
347 442 447 462 nomen
464 435 579 469 accepit,
595 434 727 462 orationis
736 441 819 461 causa
835 438 877 462 est
889 438 915 462 ct
927 442 994 461 con-

213 483 332 513 ventus;
355 479 402 515 qui
416 480 510 507 nescio
524 479 671 514 quomodo,
688 479 715 506 in
731 478 860 506 Ecclesia:
878 479 994 506 Alexan-

214 526 301 553 drinae
322 526 524 561 presbyterium
548 526 672 557 allectus,
693 526 878 553 nescientibus
901 525 992 557 nobis,

214 571 320 598 alienus
342 578 356 597 a
377 571 502 598 doctrina
515 571 735 598 beatissimorum
749 571 942 606 prophetarum
965 576 993 599 et

213 617 400 652 apostolorum
418 617 543 645 inventus
566 617 627 644 fuit.
655 616 830 652 Unigcnitum
853 618 924 645 enim
948 617 994 644 Fi-

214 663 280 690 lium
297 668 323 690 et
340 663 458 691 Verbum
473 662 563 691 Patris
583 671 637 690 non
659 669 768 691 veretur
791 663 913 698 ejusdem
930 671 992 691 cum

213 708 303 736 Patris
316 709 476 737 substantiae
497 710 636 738 consortio
651 711 767 745 privare,
783 714 810 737 et
824 709 991 742 Creatorem,

213 759 345 782 creaturae
358 755 457 787 cultor,
473 756 614 783 contendit
628 757 727 784 creatis
750 764 905 784 accensere,
925 755 993 783 Eum

214 804 304 828 autcm
329 802 509 836 persuaseris,
533 802 691 837 imperator,
723 806 826 830 mutata
859 802 992 830 sententia

1044 215 1098 233 ται.
1114 205 1205 242 Ταύτῃ
1218 207 1373 242 τειχίζεται,
1391 206 1508 241 βασιλεῦ,
1521 206 1552 233 τὸ
1568 207 1615 242 τῆς
1629 205 1773 236 εὐσεϐείας
1788 213 1833 233 σου

1045 253 1161 288 κράτος·
1189 252 1290 288 ταύτην
1318 254 1385 288 ἡμῖν
1407 253 1504 280 ἄσυλον
1529 252 1701 288 διαφύλαττε.
1729 251 1834 286 Μηδεὶς

1043 298 1189 335 αἱρετικὺς,
1205 298 1304 336 ὑποδὺς
1328 299 1377 334 τὴν
1396 298 1566 334 Ἐκκλησίαν,
1587 298 1616 325 ἓν
1637 307 1663 324 τι
1682 298 1732 333 τῆς
1747 298 1834 333 Τριά-

1043 345 1087 377 δος
1100 345 1260 380 ἀφαιρείτω,
1277 345 1487 380 καταλιμπάνων
1503 345 1534 372 τὸ
1543 344 1701 379 λειπόμενον
1722 344 1832 378 ἄτιμον.

1046 389 1155 425 ’Δρειος
1174 390 1238 424 ἡμῖν
1251 390 1265 416 ὁ
1281 389 1331 424 τῆς
1349 390 1447 425 μανίας
1468 389 1609 425 ἐπώνυμος
1625 389 1672 416 τοῦ
1689 389 1771 423 λόγου
1787 388 1833 414 καὶ

1044 436 1093 470 τῆς
1110 435 1290 467 συνελεύσεως
1307 435 1407 467 αἴτιος·
1426 436 1466 467 ὃς,
1485 435 1521 467 ὡς
1532 435 1582 462 οὐκ
1599 435 1677 470 ἴσμεν
1693 436 1780 466 ὅπως,
1794 434 1833 469 τῷ

1045 481 1231 516 πρεσϐυτερίῳ
1254 481 1304 516 τῆς
1330 481 1521 518 Ἀλεξανδρέων
1545 481 1738 515 ὲγκαταλεγεὶς
1772 481 1833 507 Ἐκ-

1044 525 1166 560 κλησίας,
1191 526 1334 553 ἐλάνθανεν
1357 527 1445 562 ἡμᾶς,
1470 527 1520 562 τῆς
1542 527 1596 553 τῶν
1624 526 1832 562 τρώει-σικαρίων

1043 572 1190 608 προφητῶν
1205 573 1252 599 καὶ
1267 573 1421 600 ἀποστόλων
1433 573 1603 604 διδασκαλίας
1613 573 1745 608 ὑπάρχων
1757 573 1832 599 ἁλλό-

1042 627 1127 653 τριος.
1140 618 1190 645 Τὸν
1203 618 1257 653 γὰρ
1271 619 1398 653 μονογενῆ
1419 618 1482 644 Υἱὸν
1496 619 1543 645 καὶ
1557 618 1643 652 Λόγον
1656 618 1703 644 τοῦ
1725 617 1830 653 Πατρὺς

1043 664 1202 699 ἀποστερεῖν
1216 664 1265 699 τῆς
1279 665 1485 699 όμοουσιότητος
1497 664 1542 690 τοῦ
1557 664 1663 700 Πατρος
1678 664 1730 690 οὐκ
1742 663 1830 698 ἐντρέ-

1044 719 1135 743 πεται,
1152 711 1198 736 καὶ
1209 711 1240 745 τῇ
1256 709 1342 737 κτίσει
1357 711 1402 737 τὸν
1413 710 1547 745 κτίστηνό
1562 710 1758 745 κτιστολάτρης
1772 718 1831 735 συν-

1043 756 1168 792 αριθμεῖν
1183 755 1332 790 ἐπείγεται.
1345 755 1442 782 Τοῦτον
1453 756 1485 783 ἄν
1499 756 1627 788 πείσειας,
1639 756 1828 791 αὐτοκράτωρ,

1045 803 1272 839 μεταφρονοῦντα,
1292 804 1347 834 τοῖς
1362 803 1548 834 ἀποστολικοῖς
1565 803 1600 838 μὴ
1616 802 1777 829 ἀντιτείνειν
1792 802 1829 828 δι-

214 853 268 872 non
283 854 434 881 repugnare
454 847 613 882 apostolicis
628 847 776 882 doctrinis;
801 852 848 875 aut
869 848 893 876 si
909 849 936 875 in
954 848 991 875 si-

1042 849 1175 884 δάγμασιν
1185 857 1191 863 θ
1213 849 1229 884 ἢ
1246 850 1300 881 τοῖς
1317 849 1346 875 ὲν
1360 846 1399 881 οἷς
1415 848 1484 876 ἑάλω
1498 849 1655 881 κακοδοξίας
1673 848 1828 882 ἐγκείμενον

213 892 307 919 nistrae
319 892 455 927 opinionis
471 893 550 928 cujus
563 898 604 921 est
613 894 766 927 convictus,
781 885 918 930 impietate
930 902 993 930 pero

213 937 324 969 stiterit,
339 946 354 966 ι
368 938 470 966 Christi
486 944 512 966 et
525 945 620 967 nostro
633 943 704 967 coetu
729 947 842 975 prorsus
861 940 991 968 extermi-

213 985 332 1019 naveris,
344 993 378 1012 ne
389 986 584 1021 simpliciorum
599 988 706 1015 animus
718 987 836 1015 turbidis
847 986 991 1015 verborum

213 1037 324 1057 suorum
342 1030 485 1059 lenociniis
496 1031 646 1067 depraadari
655 1032 809 1067 contingat.

1045 896 1223 931 ἀσεϐήμασιν,
1235 895 1318 931 ἄρδην
1330 895 1379 929 τῆς
1393 895 1509 931 Χριστοῦ
1523 896 1569 922 καὶ
1579 895 1657 930 ἡμῶν
1671 894 1829 929 ἀφανίσειας

1045 941 1193 973 ἐπαύλεως,
1213 940 1250 972 ὡς
1267 939 1299 967 ἂν
1316 940 1353 976 μὴ
1368 941 1416 976 τῆς
1430 940 1541 977 θολερᾶς
1554 940 1635 967 αὺτοῦ
1647 939 1828 974 λογοοωπείας

1043 987 1093 1018 τὰς
1106 987 1160 1014 τῶν
1173 986 1362 1023 ἁπλουστέρων
1376 986 1464 1022 ψυχὰς
1479 987 1627 1023 ἐργάσηται
1645 986 1765 1022 Θέραμα.

805 1193 1241 1252 FRAGMENTA

398 1314 453 1345 EX
470 1313 596 1344 LIBRIS
618 1313 650 1344 S.
672 1312 885 1343 EUSTATHII
916 1311 1090 1343 EPISCOPI
1126 1311 1375 1343 ANTIOCHENI
1389 1312 1628 1344 DEPERDITIS

282 1435 311 1462 ln
325 1435 391 1462 illud
405 1434 534 1462 Proverb.
551 1442 611 1466 vui,
623 1434 669 1467 22,
686 1434 812 1462 Dominus
827 1435 924 1462 creavit
941 1444 990 1462 me.
1005 1450 1040 1456 -—
1056 1434 1133 1470 Apud
1151 1434 1356 1468 Theodoritum,
1378 1435 1426 1463 lib.
1447 1443 1454 1462 l
1474 1434 1545 1462 Hist.
1560 1435 1634 1467 θαι,
1652 1442 1712 1471 cap.
1728 1436 1755 1463 8.

247 1491 359 1520 Veniam
375 1496 466 1519 autent
481 1499 552 1519 nunc
566 1492 600 1519 ad
615 1500 645 1520 ea
661 1501 721 1528 quze
734 1497 810 1528 gesta
829 1498 902 1521 sunt.
919 1493 989 1527 Quid

1078 1492 1226 1528 Βαδιοῦμαι
1249 1493 1277 1519 δὲ
1303 1492 1426 1520 ἐντεῦθεν
1451 1493 1500 1529 ἤδη
1523 1493 1568 1519 καὶ
1590 1493 1636 1519 ἐπὶ
1664 1493 1698 1519 τὰ
1719 1501 1827 1529 πεπραο

211 1538 316 1574 igitur?
340 1538 408 1566 Cum
425 1539 460 1566 ob
472 1546 519 1566 eas
535 1546 579 1566 res
596 1539 713 1566 maxima
737 1539 857 1575 synodus
873 1539 990 1567 Nicaeam

211 1585 393 1617 convenisset,
420 1585 546 1612 ducentis
561 1585 671 1612 circiter
687 1593 718 1612 ac
735 1586 906 1621 septuaginta
932 1586 990 1621 epi-

211 1632 301 1666 scopis
317 1632 417 1666 (neque
431 1631 503 1658 enim
518 1639 661 1658 numerum
678 1635 754 1659 certo
764 1631 865 1659 referre
881 1639 991 1667 possum

211 1679 246 1706 ob
261 1679 396 1713 ingentem
408 1682 559 1705 conventus
574 1678 647 1705 illius
667 1678 878 1710 multitudinem,
892 1679 992 1713 quippe

209 1731 272 1751 cum
287 1732 337 1751 nec
347 1723 373 1750 in
392 1731 424 1751 eo
435 1724 621 1759 investigando
635 1723 713 1751 valde
727 1724 855 1752 cttriosus
871 1724 990 1759 fuerim),

210 1775 355 1805 postquam
368 1771 401 1798 de
413 1770 493 1797 modo
511 1770 571 1798 ﬁdei
587 1771 671 1805 quaeri
683 1774 802 1805 coeptum
817 1775 868 1804 est,
884 1769 991 1797 libellus

210 1816 321 1844 Eusebii
340 1815 462 1850 prolatus
478 1819 520 1842 est
537 1815 565 1842 in
590 1815 719 1847 medium,
744 1815 803 1849 ejus
817 1815 991 1850 blasphemiae

209 1861 391 1888 certissimum
407 1864 606 1895 argumentum.
624 1860 751 1893 Quicum
769 1861 857 1895 palam
879 1860 991 1888 audien-

209 1908 282 1934 tibus
298 1907 405 1934 cunctis
435 1906 565 1933 recitatus
582 1906 693 1940 fuisset}
713 1907 803 1934 statim
821 1906 991 1934 auditoribus

209 1955 317 1990 quidem
337 1955 500 1982 immensum
531 1954 653 1981 dolorem
681 1955 772 1982 attulit
799 1955 834 1981 ob
859 1955 991 1982 doctrina:

209 2003 368 2037 pravitatem
385 2011 391 2028 :
410 2005 547 2028 auctorem
562 2005 652 2028 autem
670 2001 759 2036 ipsum
774 2001 874 2036 ingenti
887 2001 990 2036 pudore

209 2056 242 2076 ac
265 2048 396 2075 dedecore
412 2047 511 2075 aﬂ‘ecit.
539 2048 624 2075 Porro
640 2055 701 2074 cum
718 2047 932 2075 Eusebianorum
948 2048 989 2075 of-

210 2095 289 2122 ﬁcina
302 2094 358 2128 jam
370 2094 475 2121 detecta
491 2098 574 2127 esset,
588 2099 614 2122 et
626 2094 725 2129 impius
742 2094 849 2122 libellus
870 2094 897 2121 in
922 2101 989 2121 con-

209 2145 302 2175 spectu
319 2138 440 2166 omnium
469 2138 645 2174 discerptus;
677 2139 786 2173 quidam
812 2139 989 2166 nihilominus

1044 1539 1142 1575 γμένα.
1161 1539 1193 1566 Τί
1210 1536 1272 1571 οὗν;
1288 1539 1380 1574 ἐπειδὴ
1391 1539 1434 1565 διὰ
1447 1539 1531 1565 ταῦτα
1547 1539 1652 1570 σύνοδος
1663 1540 1703 1570 εἰς
1715 1538 1766 1574 τὴν
1780 1539 1828 1564 Νι-

1044 1587 1132 1614 καέων
1147 1587 1300 1621 ἀφικνεῖται
1316 1586 1444 1622 μεγίστη,
1467 1587 1610 1613 διακοσίων
1628 1586 1692 1621 μήτι
1718 1595 1751 1620 γε
1782 1587 1828 1613 καὶ

1044 1632 1227 1667 ἐϐδομήκοντα
1241 1632 1285 1658 τὸν
1298 1632 1412 1667 ἀριθμὸν
1425 1632 1506 1668 ὁμόσε
1520 1632 1712 1668 συναχθέντων
1729 1633 1760 1659 τὸ
1774 1632 1826 1668 γὰρ

1045 1678 1128 1712 σαφὲς
1147 1677 1191 1703 διὰ
1213 1677 1258 1704 τὸν
1281 1677 1331 1712 τῆς
1353 1678 1530 1713 πολυανδρίας
1552 1678 1627 1713 ὄχλον
1644 1679 1693 1713 οὐχ
1719 1675 1775 1710 οἷός
1797 1679 1826 1710 τὲ

1043 1724 1101 1758 ειμι
1113 1723 1237 1757 γράφειν,
1246 1723 1338 1758 ἐπειδὴ
1351 1722 1386 1758 μὴ
1401 1723 1488 1759 πάντη
1500 1723 1577 1750 τοῦτο
1588 1724 1826 1759 περισπουδάστως

1043 1769 1197 1803 ἀνίχνευον·
1216 1768 1253 1799 ὡς
1270 1768 1298 1794 δὲ
1323 1768 1445 1803 ἐζητεῖτο
1466 1769 1515 1804 τῆς
1543 1769 1659 1800 πίστεως
1683 1770 1697 1795 ό
1716 1769 1826 1804 τρόπος,

1043 1812 1158 1848 ἐναργὴς
1175 1812 1226 1848 μὴν
1244 1813 1353 1848 ἔλεγχος
1368 1813 1398 1839 τὸ
1412 1813 1527 1849 γράμμα
1540 1814 1589 1849 τῆς
1603 1814 1732 1840 Εὑσεϐίου
1749 1815 1827 1850 πρού-

1044 1857 1154 1884 ϐάλλετο
1171 1858 1353 1893 βλασφημίας.
1385 1859 1446 1885 Ἐπὶ
1468 1860 1575 1886 πάντων
1596 1859 1625 1886 δὲ
1641 1860 1825 1893 ἁναγνωσθὲν,

1043 1904 1141 1930 αὐτίκα
1169 1904 1309 1939 συμφορὰν
1337 1904 1389 1940 μὴν
1418 1904 1589 1940 ἀστάθμητον
1614 1906 1662 1942 τῆς
1689 1906 1826 1942 ἐκτροπῆς

1043 1951 1124 1977 ἕνεκα
1150 1952 1206 1982 τοῖς
1222 1951 1365 1986 αὑτηκόοις
1383 1951 1539 1987 προὺξένει’
1563 1953 1695 1988 αἰσχύνην
1717 1952 1739 1979 δ’
1761 1953 1825 1988 ἀνή-

1043 2004 1137 2022 κεστον
1152 1996 1190 2031 τῷ
1207 1996 1343 2031 γράψαντι
1363 1998 1502 2032 παρεῖχεν.
1527 1997 1634 2033 Ἐπειδὴ
1652 1998 1680 2024 δὲ
1695 1998 1725 2024 τὸ
1743 1999 1826 2034 ἐργα-

1044 2043 1153 2077 στήριον
1167 2043 1221 2069 τῶν
1233 2043 1304 2078 ἀμφὶ
1317 2042 1362 2069 τὸν
1374 2043 1502 2069 Εὑσέϐιον
1514 2044 1605 2078 σαφῶς
1618 2044 1698 2075 ἑάλω,
1712 2045 1760 2071 τοῦ
1776 2054 1826 2071 πα-

1044 2089 1160 2124 ρανόμου
1176 2089 1337 2125 γράμματος
1357 2089 1549 2124 διαρῤαγέντος
1565 2090 1610 2116 ὑπ’
1630 2090 1688 2125 ὕψει
1705 2091 1825 2122 πάντων,

1043 2135 1110 2169 ὁμοῦ
1127 2143 1197 2166 τινες
1215 2136 1246 2161 ἐκ
1262 2135 1405 2170 συσκευῆς,
1417 2135 1535 2171 τοῦνομσ.
1550 2136 1762 2172 προϐαλλόμενοι
1779 2138 1826 2173 τῆς

208 2194 242 2214 ex
258 2186 409 2220 composito
427 2193 524 2212 nomen
540 2187 616 2220 pacis
643 2185 859 2220 praetendentes,
877 2185 990 2219 reliquis

1044 2181 1164 2216 εἰρήνης,
1182 2181 1362 2215 κατεσίγησαν
1383 2181 1431 2216 μὲν
1452 2181 1574 2213 ἅπαντας
1590 2183 1652 2213 τοὺς
1669 2183 1770 2218 ἄριστα
1785 2183 1826 2210 λέ-

207 2232 335 2259 omnibus
349 2231 395 2266 qui
413 2231 514 2266 optima
534 2231 624 2259 dicere
653 2234 875 2263 consueverant,
907 2231 990 2258 silen-

208 2277 276 2305 tium
295 2278 492 2313 imposuerunt.
509 2277 602 2304 Ariani
617 2285 692 2309 vero,
710 2280 861 2304 metuentes
889 2285 934 2308 ne,
951 2280 990 2303 tot

207 2325 343 2360 episcopis
366 2324 394 2351 in
412 2332 496 2351 unum
509 2324 689 2359 congregatis,
707 2323 760 2358 ipsi
777 2323 897 2350 Ecclesia
909 2323 991 2357 ejice-

207 2374 312 2403 rentur,
324 2370 350 2396 in
363 2370 481 2397 medium
496 2370 680 2405 prosilientes.
692 2369 789 2404 dogma
804 2368 874 2403 quod
889 2368 990 2403 impro—

207 2416 299 2443 batum
312 2415 410 2447 fuerat,
425 2415 598 2443 anathemate
609 2415 785 2445 damnarunt,
796 2418 822 2440 et
838 2413 929 2440 libello
943 2414 989 2448 qui

208 2462 331 2490 unanimi
342 2462 462 2489 omnium
477 2469 614 2489 consensu
631 2461 804 2495 conscriptus
817 2459 912 2491 fuerat,
928 2468 990 2494 pro-

208 2509 265 2543 pria
280 2515 362 2535 manu
371 2507 604 2542 subscripserunt.
619 2505 719 2534 Verum
737 2506 886 2541 episcopali
901 2507 990 2542 digiti-

207 2556 264 2581 tate
280 2561 327 2588 per
349 2553 480 2580 ambitum
494 2556 521 2580 et
534 2552 662 2580 assiduas
687 2551 917 2586 interpellationes
945 2559 988 2578 re-

208 2603 293 2632 tenta,
313 2607 375 2627 cum
391 2606 439 2626 eos
457 2598 642 2634 pmnitentiam
657 2605 736 2633 agere
751 2601 897 2632 oporteret,
913 2598 990 2625 dam-

207 2649 287 2672 natas
314 2645 456 2680 opiniones
477 2652 550 2672 nunc
574 2644 656 2676 clam,
682 2651 757 2670 nunc
779 2649 871 2678 aperte
895 2644 989 2671 defen—

207 2690 286 2721 dunt,
298 2691 381 2718 variis
391 2689 672 2726 argumentationibus
686 2689 858 2716 insidiantes.
875 2689 991 2724 Cupien-

207 2740 250 2763 tes
266 2740 354 2763 autem
368 2736 537 2763 zizaniorum
553 2736 656 2763 semina
670 2735 802 2766 stabilire,
826 2736 928 2770 peritos
940 2735 989 2762 ho-

207 2782 294 2808 mines
302 2780 489 2812 reformidant,
502 2786 528 2808 et
539 2789 650 2816 sagaces
659 2782 826 2815 inspectores
834 2781 986 2815 refugiunt:

207 2830 288 2862 atque
306 2825 406 2854 idcirco
422 2826 530 2860 pietatis
545 2834 685 2860 praecones
698 2826 768 2853 bello
782 2829 920 2860 appetunt.
938 2824 988 2852 Ve-

1041 2236 1099 2261 γειν
1113 2227 1249 2258 εἰωθότας.
1266 2228 1296 2253 Οἱ
1314 2227 1334 2254 δ’
1356 2228 1554 2263 ’Δρειομανῖται
1568 2228 1713 2260 δείσαντες,
1728 2230 1826 2266 μήπως
1849 2221 1856 2231 ’

1041 2274 1094 2308 ἄρα
1119 2272 1250 2308 τοσαύτης
1274 2274 1303 2299 ὲν
1325 2273 1413 2308 ταύτῷ
1437 2274 1543 2301 συνόδου
1569 2277 1825 2311 συγκεκροτημένης

1041 2317 1283 2354 ἐξοστρακισθεῖεν,
1298 2317 1522 2353 ἀναθεματίζουσι
1538 2318 1586 2354 μὲν
1601 2319 1826 2354 προπηδήσαντες

1040 2365 1070 2391 τὸ
1103 2364 1323 2400 ἀπηγορευμένον
1352 2364 1449 2399 δόγμα,
1481 2364 1635 2399 συμφώνοις
1663 2365 1824 2400 γράμμασιν

1041 2410 1246 2446 ὑπογράψαντες
1278 2411 1423 2446 αὑτοχειρί.
1459 2410 1518 2437 Τῶν
1548 2411 1576 2436 δὲ
1605 2411 1754 2446 προεδριῶν
1783 2410 1825 2437 διὰ

1042 2455 1169 2490 πλείστης
1185 2455 1249 2490 ὅσης
1263 2455 1429 2490 περιδρομῆς
1444 2456 1639 2490 κρατήσαντες,
1653 2455 1712 2482 δέον
1726 2456 1825 2487 αὐτοὺς

1041 2501 1196 2529 ὗπόπτωσιν
1216 2502 1374 2536 λαμϐάνειν,
1391 2501 1452 2527 τοτὲ
1476 2501 1525 2536 μὲν
1542 2500 1700 2536 λεληθότως,
1723 2502 1783 2527 τοτέ
1797 2501 1824 2527 δὲ

1041 2549 1185 2584 προφανῶς
1205 2548 1254 2580 τὰς
1274 2548 1509 2584 ἀποψηφισοείσας
1535 2547 1713 2583 πρεσϐεύουσι
1728 2548 1821 2580 δόξας,

1040 2594 1177 2629 διαφόροις
1194 2593 1410 2625 ἐπιϐουλεύοντες
1430 2595 1485 2625 τοῖς
1509 2593 1637 2627 ἐλέγχοις.
1661 2592 1822 2627 Βουλόμενοι

1039 2640 1067 2666 δὲ
1087 2639 1225 2673 παγιῶσαι
1241 2639 1275 2665 τὰ
1291 2639 1433 2674 ζιζανιώδη
1448 2639 1670 2674 φυτουργήματα,
1688 2638 1821 2665 δεδοίκασι

1039 2687 1102 2718 τοὺς
1118 2686 1315 2720 ἐπιγνώμονας,
1326 2686 1371 2712 καὶ
1384 2685 1534 2712 ἐκκλίνουσι
1551 2686 1612 2716 τοὺς
1627 2686 1741 2721 ἐφόρους
1751 2694 1757 2700 ·
1777 2686 1822 2712 καὶ

1038 2732 1125 2768 ταύτῃ
1147 2732 1209 2763 τοὺς
1233 2732 1281 2767 τῆς
1308 2731 1446 2763 εὐσεϐείας
1467 2732 1589 2767 κήρυκας
1612 2732 1819 2766 ἐκπολεμοῦσιν.

1039 2779 1095 2814 Οὐχ
1112 2779 1181 2805 οὕτω
1197 2778 1225 2804 δὲ
1242 2778 1413 2813 πιστεύομεν,
1434 2778 1471 2809 ὡς
1490 2777 1648 2813 ἀνθρώπους
1661 2778 1761 2810 ἀθέους
1776 2777 1820 2804 δύ-

1040 2824 1135 2851 νασθαι
1157 2823 1290 2860 κρατῆσαι
1313 2824 1420 2850 πώποτε
1447 2823 1492 2850 τοῦ
1516 2823 1597 2850 θείου.
1613 2823 1676 2850 ,Κᾶν
1697 2824 1752 2856 γὰρ
1771 2825 1821 2851 πὼ-
