1909 3071
51 111 101 140 S77

757 106 982 134 FRAGMENTA.

1617 107 1669 134 878

53 171 91 198 λιν
106 169 245 205 ἰσχύσωσι,
268 169 315 195 καὶ
328 168 409 195 πάλιν
427 168 621 204 ἡττηθήσονται
643 167 712 194 κατὰ
724 168 769 194 τὸν
791 176 834 194 σε-

901 174 946 193 um
961 174 995 194 ne
1012 166 1053 194 sic
1067 166 1176 201 quidem
1191 167 1338 200 credimus,
1365 167 1464 202 impios
1491 166 1617 194 homines
1629 168 1672 194 dl-

55 216 184 254 μνόφωνον
199 216 344 252 προφήτην
360 216 482 242 Ἡσαΐαν.

887 213 978 240 vinum
997 221 1099 240 numen
1126 212 1245 247 unq'uam
1272 221 1354 248 posse
1383 221 1521 249 superare.
1541 212 1670 246 Quamvis

885 259 956 286 enim
966 258 1038 285 vires
1047 259 1136 286 denuo
1147 263 1316 293 comparent,
1330 259 1419 287 denuo
1427 260 1581 294 vincentur,
1591 259 1670 294 juxta

885 304 1058 339 magniﬁcum
1073 304 1234 340 prophetam
1249 303 1359 333 Isaiam.

399 358 473 394 Apud
491 358 616 386 eumdem
627 356 833 386 Theodoritum.
854 360 924 388 Dial.
943 360 1042 396 LOpp.
1058 366 1123 389 tom.
1135 361 1181 394 IV,
1196 369 1258 397 pag.
1274 361 1319 390 ⁸58.

59 414 107 443 Τοῦ
121 413 211 442 αὑτοῦ
236 413 273 441 ἐκ
291 413 344 440 τοῦ
357 414 448 448 λόγου
465 415 508 446 είς
523 414 566 440 τό·
582 423 591 439 ι
615 414 721 447 Κύριος
735 415 836 442 ἔκτισέ

237 469 278 494 με
299 459 397 495 ἀρχὴν
412 461 490 487 ὁδῶν
503 459 608 487 αὐτοῦ.
631 469 640 486 ›

87 507 115 533 Εἰ
128 506 174 541 μὲν
188 504 235 532 οὖν
253 506 342 542 ἀρχὴν
356 506 405 541 τῆς
418 506 568 541 γεννήσεως
583 503 693 541 εἴληφεν
709 508 723 533 ό
739 507 834 541 Λόγος,

58 555 97 588 ἀφ’
109 551 137 580 οὗ
155 553 199 580 διὰ
215 554 267 589 τῆς
292 553 420 588 μητρῴας
434 553 571 584 διοδεύσας
585 553 702 589 γαστρὸς
718 553 767 585 τὰς
782 563 834 580 σω-

60 599 165 634 ματικὰς
185 599 318 634 ἐφόρεσεν
340 598 483 634 ἁρμονίας,
507 599 684 634 συνέστηκεν,
701 599 741 625 ὅτι
755 599 834 633 γέγο-

60 652 96 670 νεν
110 644 139 670 ὲκ
152 643 297 677 γυναικός’
315 644 340 669 εἰ
356 643 384 669 δὲ
402 643 487 676 Λόγος
509 643 556 669 καὶ
570 641 636 674 Θεὸς
650 640 684 677 ἦν
704 642 834 669 ἀνέκαθεν

61 691 126 726 παρὰ
139 689 177 725 τῷ
193 690 295 725 Πατρὶ,
320 689 365 716 καὶ
385 688 419 715 τὰ
440 688 584 724 σύμπαντα
603 688 635 714 δι’
657 688 739 715 αὑτοῦ
755 697 835 722 γεγε-

61 737 145 772 νῆσθαί
161 745 268 771 φαμεν,
288 737 339 763 οὐκ
354 736 408 772 ἄρα
422 736 532 770 γέγονεν
554 736 586 762 ἐκ
606 736 733 770 γυναικὸς
752 736 766 761 ὁ
787 735 834 766 ὢν,

61 783 102 809 καὶ
113 784 165 814 τοῖς
180 783 321 817 γεννητοῖς
342 782 442 809 ἆπασιν
462 781 547 813 αἴτιος
564 781 601 808 ὧν
612 790 618 797 ·
635 781 692 808 ἀλλ’
713 781 770 808 ἐστι
789 781 838 816 τὴν

890 417 1027 452 Ejusdem,
1039 425 1071 444 ea:
1084 426 1201 458 sermone
1214 419 1242 458 in
1259 418 1326 444 illud
1336 426 1345 444 :
1359 427 1368 443 ι
1385 417 1510 445 Dominus
1524 418 1620 445 creavit
1632 427 1672 446 me

1100 454 1202 480 initium
1214 454 1315 480 viarum
1325 461 1443 480 suarum.
1451 464 1460 479 ι

925 497 954 525 Si
966 505 1030 533 ergo
1044 499 1228 534 generationis
1244 499 1408 534 principium
1421 499 1526 534 accepit
1541 498 1670 532 Verbum,

889 552 922 572 ex
933 552 987 580 quo
1009 552 1058 580 per
1072 548 1226 572 maternum
1242 545 1380 573 transiens
1398 549 1505 573 uterum
1521 546 1673 580 corporalia

887 591 1010 618 membra
1026 591 1153 626 gestavit,
1169 595 1277 619 constat
1291 592 1363 626 quod
1389 591 1477 619 factus
1492 595 1535 619 est
1554 600 1587 619 ex
1614 600 1674 618 mu-

889 637 965 664 liere.
982 636 1016 664 At
1031 637 1054 664 si
1078 636 1197 664 Verbum
1212 642 1239 664 et
1255 636 1326 665 Deus
1348 641 1427 665 antea
1450 641 1509 664 erat
1529 637 1600 672 apud
1624 636 1675 663 Pa-

888 687 959 710 trem
974 687 1000 710 et
1017 683 1144 710 universa
1159 689 1208 718 per
1220 683 1308 717 ipsum
1322 681 1393 709 facta
1405 690 1467 710 esse
1478 683 1605 715 dicimus,
1619 690 1674 709 non

889 733 931 757 est
945 730 1037 764 utique
1062 728 1151 756 factus
1165 736 1198 756 ex
1210 729 1325 756 muliere
1338 749 1345 761 ,
1363 729 1410 764 qui
1429 733 1481 760 est.
1498 733 1525 756 et
1540 729 1675 757 creaturis

891 776 1018 804 omnibus
1032 780 1062 803 ut
1078 776 1134 803 sint
1149 783 1259 803 causam
1274 775 1395 810 praebet:
1420 775 1467 803 sed
1484 775 1555 803 Deus
1577 781 1675 802 natura

63 828 131 863 φύσιν
146 827 210 861 Θεὸς
227 829 379 864 αὐτάρκης,
395 828 517 863 ἄπειρος,
534 829 710 864 ἀπερινόητος
720 837 726 843 ·
746 829 777 855 ὲκ
790 836 839 862 γυ-

899 822 1164 855 :st,omuihushonis
1173 822 1325 854 abundans,
1342 821 1474 855 inﬁnitus,
1490 826 1518 850 et
1531 823 1576 857 qui
1586 826 1677 849 mente

62 875 142 906 ναικὸς
154 875 181 902 δὲ
201 876 315 910 γέγονεν
332 874 482 911 ἄνθρωπος,
497 876 511 901 ὁ
528 876 557 902 ὲν
572 877 604 911 τῇ
621 875 770 912 παρθενικῇ
787 875 838 910 μή-

62 928 107 956 τρᾳ
118 920 253 956 Ηνεύματι
268 921 369 955 παγεὶς
385 920 465 956 ἁγίῳ.

892 869 1084 904 comprehendi
1100 868 1194 903 nequit
1208 878 1214 895 ε
1230 876 1262 895 ex
1279 868 1392 895 muliere
1415 872 1505 894 autem
1531 868 1620 896 factus
1635 872 1677 895 est

892 913 984 945 homo,
996 913 1042 948 qui
1058 913 1086 940 in
1096 912 1223 948 virginali
1237 916 1315 940 utero
1325 912 1428 948 Spiritu
1436 916 1532 940 sancto
1544 912 1677 940 formatus

891 963 944 987 est.

808 1017 910 1044 lumen.

180 1077 234 1104 Τοῦ
251 1077 363 1109 αὐτοῦ,
377 1077 411 1104 ἐκ
431 1078 485 1105 τοῦ
502 1077 597 1104 αὑτοῦ
611 1078 714 1112 λόγου.

96 1123 159 1154 Ναὺς
175 1123 228 1159 γὰρ
243 1123 349 1159 κυρίως
362 1124 376 1150 ὁ
390 1123 509 1160 καθαρὸς
523 1124 569 1150 καὶ
582 1123 724 1159 ἄχραντος,
771 1122 842 1148 κατὰ

66 1168 103 1194 τὸν
120 1167 257 1203 ἄνθρωπόν
272 1168 333 1193 ἐστι
349 1168 413 1202 περὶ
428 1168 474 1194 τὸν
487 1167 572 1201 Λόγον
590 1167 686 1202 σκηνὴ,
698 1166 762 1192 ἔνθα
777 1173 843 1200 προ-

68 1213 146 1248 φανῶς
160 1213 316 1249 σκηνώσεις,
330 1214 436 1249 ᾤκησεν
452 1215 466 1240 ὁ
482 1213 558 1245 Θεός.
574 1214 629 1240 Καὶ
645 1212 732 1239 ταῦτα
747 1212 797 1238 οὐκ
811 1213 842 1238 ἐκ

67 1260 112 1286 τῶν
131 1260 238 1287 εἰκότων
256 1260 358 1296 φαμέν.
376 1261 477 1287 Τούτου
503 1260 556 1295 γὰρ
573 1261 587 1286 ὁ
607 1259 686 1293 φύσει
704 1258 751 1285 τοῦ
775 1258 842 1285 Θεοῦ

69 1304 131 1336 Υἱὸς,
157 1304 204 1339 τὴν
229 1304 310 1331 λύσιν
333 1305 380 1331 καὶ
410 1305 557 1332 ἀνάστασιν
580 1304 772 1340 προαγορεύων
796 1304 843 1331 τοῦ

69 1349 127 1381 νεὼ,
150 1350 344 1385 ἀναμφιϐόλως
367 1351 442 1386 ἡμᾶς
467 1350 600 1376 διδάσκων
626 1349 760 1384 ὲφοδιάζει
787 1351 844 1381 τοῖς

71 1396 207 1430 μιαιφόνοις
231 1397 346 1431 φάσκων
375 1396 528 1428 Ἰουδαίοις·
550 1396 668 1423 Λύσατε
690 1395 744 1422 τὸν
769 1395 844 1422 ναὸν

69 1442 172 1476 τοῦτον,
188 1443 237 1470 καὶ
253 1444 292 1470 ἐν
304 1443 403 1478 τρισὶν·
416 1442 538 1478 ἡμέραις
551 1442 642 1478 ἐγερῶ
655 1443 757 1470 αὐτόν.

1069 1073 1206 1108 Ejusdem,
1222 1082 1253 1100 ea:
1270 1073 1360 1100 eodem
1373 1081 1501 1106 sermone.

929 1120 1068 1155 Templum
1080 1120 1153 1147 enim
1165 1121 1273 1155 proprie
1288 1120 1418 1147 mundum
1428 1124 1454 1147 et
1463 1120 1678 1154 immaculatum,

894 1171 935 1194 est
953 1167 1100 1194 humanum
1121 1165 1203 1193 Verbi
1218 1166 1436 1199 tabernaculum,
1453 1167 1480 1193 in
1495 1174 1549 1201 quo
1566 1174 1595 1194 se
1611 1174 1678 1194 con-

895 1213 1064 1248 spiciendum
1077 1212 1199 1247 praebens
1210 1212 1342 1239 habitavit
1350 1211 1433 1240 Deus.
1444 1212 1536 1247 Neque
1546 1220 1611 1239 vero
1622 1213 1680 1240 hac

894 1258 1082 1294 probabilibus
1097 1258 1172 1285 ducti
1190 1258 1355 1293 coniecturis
1370 1258 1497 1286 dicimus.
1512 1258 1580 1285 Nam
1600 1259 1623 1286 is
1632 1259 1679 1294 qui

894 1309 992 1331 natura
1016 1303 1101 1332 Filius
1116 1303 1162 1331 Dei
1179 1308 1237 1335 est,
1255 1304 1338 1338 hujus
1357 1305 1448 1339 templi
1464 1305 1679 1332 destructionem

894 1354 921 1377 et
935 1350 1161 1377 instaurationem
1176 1349 1337 1384 praedicens,
1363 1351 1422 1378 sine
1437 1351 1491 1377 ulla
1504 1351 1682 1385 ambiguitate

896 1404 947 1424 nos
962 1396 1013 1423 hac
1030 1397 1063 1423 de
1072 1404 1101 1423 re
1115 1397 1216 1428 docuit,
1232 1391 1355 1424 cruentis
1369 1396 1471 1424 Iudaeis
1487 1397 1582 1424 dicens
1596 1406 1602 1424 :
1621 1396 1682 1425 Sol-

897 1443 946 1470 uite
964 1443 1088 1477 templum
1111 1443 1176 1477 hoc,
1192 1448 1217 1470 et
1233 1444 1260 1470 in
1277 1443 1361 1470 tribus
1386 1444 1477 1471 diebus
1502 1443 1623 1471 excitabo
1642 1444 1682 1478 ip-

859 1481 879 1508 C
897 1496 956 1515 sum
973 1489 1005 1515 ⁷⁷.

811 1545 912 1574 lmen.

179 1605 234 1632 Τοῦ
257 1604 370 1636 αὐτοῦ,
395 1603 429 1631 ἐκ
449 1603 503 1631 τοῦ
520 1605 612 1631 αὐτοῦ
625 1605 728 1639 λόγου.

106 1649 231 1686 ὐπηνίκα
247 1648 294 1677 οὖν
312 1650 356 1676 τὸν
375 1650 515 1686 ἄνθρωπον
531 1650 702 1686 ναουργήσας
716 1650 846 1686 ὲφόρεσεν

74 1697 178 1731 όΛόγος,
193 1697 300 1732 σώματι
316 1697 364 1732 μὲν
377 1697 432 1728 τοῖς
443 1696 596 1732 ἀνθρώποις
610 1696 766 1730 ἐπιφοιτῶν,
779 1706 846 1724 παν-

74 1743 177 1774 τοδαπὰς
192 1743 317 1779 ἀοράτως
338 1743 560 1778 θαυματουργίας
580 1742 768 1774 ἐπεδείκνυτο,
785 1744 847 1775 τοὺς

75 1787 98 1813 δὲ
119 1789 275 1821 ἀποστόλους
298 1790 423 1824 κήρυκας
448 1788 499 1824 τῆς
518 1788 602 1815 ἀϊδίου
628 1788 765 1823 βασιλείας
787 1789 845 1821 ἐξὲ-

76 1842 164 1869 πέμπε.

1095 1599 1232 1638 Ejusdem,
1252 1613 1284 1632 ea;
1298 1604 1386 1632 eodem
1403 1603 1480 1630 libro.

934 1650 1048 1685 Quando
1072 1653 1153 1688 igitur
1175 1652 1312 1680 hominem
1339 1655 1471 1685 tanquam
1495 1650 1626 1685 templum
1644 1649 1684 1676 [ει-

899 1698 1035 1726 bricatum
1044 1697 1164 1725 Verbum
1196 1697 1333 1733 gestavit,
1355 1704 1470 1731 corpore
1486 1696 1595 1731 quidem
1613 1696 1684 1723 inter

901 1743 1025 1772 homines
1037 1749 1174 1771 versatum
1182 1747 1235 1775 est,
1244 1741 1319 1768 varia
1332 1746 1423 1770 autem
1440 1742 1572 1769 miracula
1588 1742 1684 1769 invisi-

899 1790 990 1817 biliter
1016 1790 1100 1817 edidit
1128 1795 1155 1818 et
1169 1790 1307 1825 apostolos
1330 1788 1425 1816 ειετηὶ
1450 1788 1526 1824 regni
1545 1788 1685 1823 praecones

900 1836 984 1864 misit.

516 1891 595 1926 Apud
611 1897 735 1919 eumdem
750 1891 955 1926 Theodoritum,
973 1893 1047 1921 Dial.
1060 1902 1090 1927 ιι,
1105 1902 1166 1930 pag.
1180 1894 1225 1922 90.

79 1961 126 1988 Τοῦ
143 1962 240 1995 αὑτοῦ,
263 1962 298 1988 ἐκ
318 1961 372 1988 τοῦ
394 1962 487 1995 ,λόγου
511 1961 564 1988 τοῦ
580 1963 623 1994 εἰς
648 1963 691 1988 rd'
710 1972 719 1987 ι
739 1962 846 1996 Κύριος

195 1997 295 2024 ἓκτισέ
306 2005 345 2032 με
358 1997 456 2031 ἀρχὴν
473 1996 551 2023 ὁδῶν
572 1997 674 2024 αὐτοῦ.
701 2007 710 2023 ι

107 2052 140 2078 Ub
154 2053 205 2088 γὰρ
220 2051 297 2080 εἷπεν
312 2054 326 2079 ὁ
342 2052 447 2084 Παῦλος
463 2053 639 2088 συμμόρφους
653 2053 699 2079 τοῦ
720 2054 785 2081 Υἱοῦ
801 2054 847 2081 τοῦ

78 2098 144 2130 Θεοῦ,
156 2099 220 2126 ἀλλὰ
233 2100 430 2134 συμμόρφους
442 2098 495 2133 τῆς
510 2100 627 2132 εἰκόνος
643 2099 696 2126 τοῦ
719 2100 787 2127 Υἱοῦ
796 2101 849 2128 αὐ-

79 2145 137 2171 τοῦ·
156 2146 216 2173 ἄλλο
236 2145 285 2182 μέν
300 2155 326 2172 τι
341 2145 470 2172 δεικνύων
486 2145 532 2171 τὸν
550 2145 612 2172 Υἱὺν
634 2143 713 2178 εἶναι,
736 2146 800 2173 ἄλλο
818 2146 847 2173 δὲ

80 2190 120 2225 τὴν
134 2193 218 2219 εἰκόνα
240 2192 332 2219 αὐτοῦ·
355 2192 369 2218 ὁ
384 2192 433 2226 μὲν
450 2192 502 2228 γὰρ
518 2191 592 2224 Υἱὸς,
607 2191 639 2218 τὰ
654 2192 714 2218 θεῖα
735 2193 783 2228 τῆς
800 2201 851 2219 πα-

80 2236 157 2271 τειῴας
177 2239 274 2274 ἀρετῆς
294 2238 471 2274 γνωρίσματα
494 2237 595 2274 φέρων,
621 2238 702 2265 εἰκών
724 2239 781 2265 ἐστι
804 2239 850 2265 τοῦ

81 2281 182 2318 Πατρδς,
202 2284 296 2320 ἐπειδὴ
320 2285 368 2311 καὶ
389 2284 475 2319 ὅμοιοι
496 2283 527 2316 eg
551 2284 651 2319 ὁμοίων
676 2285 850 2320 γεννώμενοι,

82 2328 170 2361 είκόνες
195 2331 219 2357 οἰ
247 2330 401 2365 τικτόμενοι
430 2330 570 2364 φαίνονται
599 2330 652 2356 τῶν
682 2331 852 2366 γεννητόρων

82 2373 186 2408 ἀληθεῖς.
210 2375 238 2402 '0
253 2375 281 2402 δὲ
305 2375 457 2411 ἄνθρωπος,
475 2375 505 2401 ὃν
526 2375 670 2410 ὲφόρησεν,
689 2374 770 2401 είκών
792 2376 850 2401 ἐστι

82 2419 122 2446 τοῦ
146 2421 225 2453 Υἱοῦ,
250 2421 296 2448 τοῦ
323 2421 369 2448 καὶ
396 2419 426 2453 ἐξ
457 2421 590 2455 ἀνομοίων
619 2421 851 2456 κηρογραφεῖσθαι

84 2467 221 2501 χρωμάτων
239 2468 359 2498 εἰκόνας·
379 2466 491 2497 καὶτὰς
509 2466 558 2501 μὲν
579 2464 647 2492 εἶναι
668 2465 739 2493 θέσει
762 2475 851 2502 χειρο-

83 2512 207 2545 τεύκτους,
220 2513 268 2545 τὰς
289 2513 315 2540 δὲ
333 2513 411 2548 φύσει
427 2512 473 2539 καὶ
495 2512 632 2547 ὁμοιότητι
655 2512 851 2547 γεγενημένας.

87 2557 176 2590 ¹Δλλως
192 2568 219 2585 τε
240 2559 286 2586 καὶ
306 2559 386 2590 αὐτὸς
405 2559 418 2584 ὁ
435 2557 486 2592 τῆς
502 2557 628 2593 ἀληθείας
651 2556 723 2583 τοῦθ’
750 2558 853 2591 ὑπαγο-

86 2602 149 2638 ρεύει
173 2603 276 2640 θεσμός.
303 2605 340 2631 οὐ
373 2603 427 2639 γὰρ
455 2603 484 2629 τὸ
512 2602 656 2638 ἀσώματον
679 2603 728 2638 τῆς
758 2603 853 2637 σοφίας

86 2649 180 2684 πνεῦμα
215 2651 371 2686 σύμμορφον
409 2650 466 2681 τοῖς
504 2649 669 2684 σωματικοῖς
700 2649 853 2685 ἀνθρώποις

87 2693 160 2726 ἐστὶν,
177 2696 230 2723 ἀλλ’
245 2698 259 2723 ὁ
277 2697 316 2732 τῷ
337 2695 471 2730 πνεύματι
491 2694 727 2729 σωματοποιηθεὶς
749 2694 853 2730 ἇνϐρω-

900 1963 1038 1998 Ejusdem,
1054 1972 1086 1991 επ
1099 1972 1217 1991 sermone
1233 1972 1258 1990 ιη
1272 1962 1356 1989 illud:
1368 1971 1377 1987 ‹
1391 1962 1517 1988 Dominus
1534 1962 1628 1988 creavit
1645 1970 1685 1989 me

1093 2001 1198 2026 initium
1210 1999 1310 2026 uiarum
1325 2006 1445 2024 suarum.
1461 2007 1470 2023 ›

936 2044 995 2072 Νοη
1011 2045 1083 2072 enim
1101 2044 1170 2071 dixit
1186 2044 1299 2075 Paulus,
1315 2043 1470 2071 conformes
1480 2042 1548 2070 Filio
1564 2042 1621 2075 Dei,
1637 2043 1684 2071 sed

902 2090 1049 2124 conformes
1062 2089 1172 2124 imagini
1183 2088 1247 2114 Fili:
1263 2088 1345 2122 ipsius
1358 2087 1396 2113 ⁷⁸;
1419 2087 1491 2113 aliud
1509 2087 1610 2114 docens
1625 2094 1686 2114 esse

864 2128 885 2155 D
903 2136 1000 2164 Filium
1011 2136 1069 2167 Dei,
1080 2135 1153 2162 aliud
1166 2134 1310 2169 imaginem
1325 2133 1395 2168 ejus.
1412 2132 1479 2160 Nam
1497 2131 1582 2159 Filius
1594 2132 1684 2159 divina

899 2188 1017 2219 paternae
1029 2181 1139 2209 virtutis
1171 2181 1288 2216 insignia
1301 2186 1410 2214 gerens,
1425 2179 1515 2213 imago
1525 2181 1568 2205 est
1576 2176 1684 2210 Patris;

899 2231 963 2266 quia
980 2230 1082 2257 similes
1097 2237 1131 2256 ex
1144 2228 1280 2255 similibus
1293 2226 1388 2261 geniti,
1401 2233 1472 2253 vera:
1491 2224 1622 2260 imagines
1637 2223 1685 2251 ﬁlii

900 2281 964 2306 sunt
987 2279 1140 2312 parentum.
1159 2274 1246 2301 Homo
1267 2282 1332 2301 vero
1349 2281 1429 2309 quem
1450 2271 1576 2308 gestavit,
1598 2271 1687 2305 imago

899 2327 941 2352 est
950 2324 1027 2356 Filii;
1055 2322 1185 2357 quoniam
1202 2324 1229 2348 et
1243 2329 1276 2348 ex
1291 2319 1471 2348 dissimilibus
1490 2318 1637 2352 pinguntur
1658 2316 1686 2343 in

903 2377 965 2397 cera
976 2368 1115 2396 coloribus
1126 2367 1257 2403 imagines
1275 2376 1281 2394 :
1306 2371 1332 2393 et
1347 2366 1388 2392 lue
1405 2364 1514 2399 quidem
1529 2371 1610 2390 manu
1632 2362 1688 2389 for-

904 2415 1090 2447 mantur,aliae
1104 2422 1168 2442 vero
1182 2416 1315 2441 naturaet
1330 2410 1510 2439 similitudine
1526 2409 1603 2436 ﬁunt.
1614 2408 1688 2434 Prm-

903 2467 976 2492 terea
990 2465 1034 2491 lex
1050 2464 1109 2498 ipsa
1130 2462 1252 2490 veritatis
1266 2461 1318 2488 hoc
1340 2459 1470 2487 declarat.
1486 2457 1544 2484 Non
1557 2458 1628 2484 enim
1645 2457 1688 2482 iu-

904 2517 1051 2544 corporeus
1069 2508 1209 2543 sapientiae
1233 2507 1345 2542 spiritus
1370 2504 1521 2532 conformis
1534 2508 1576 2530 est
1591 2510 1690 2537 corpo-

904 2557 959 2583 reis
976 2555 1132 2582 hominibus
1147 2564 1153 2581 :
1173 2553 1220 2581 sed
1233 2554 1278 2588 qui
1290 2560 1338 2587 per
1353 2551 1478 2586 spiritum
1500 2548 1635 2575 formatus
1646 2550 1689 2574 est

904 2601 985 2628 homo
1000 2601 1159 2632 character,
1177 2599 1223 2634 qui
1245 2598 1306 2626 aliis
1321 2596 1448 2624 omnibus
1475 2594 1550 2629 paria
1575 2599 1689 2619 numero

904 2647 1026 2675 membra
1045 2647 1124 2682 gerit,
1141 2650 1169 2673 et
1183 2645 1300 2673 similem
1314 2642 1462 2677 unicuique
1474 2640 1589 2668 formam
1608 2637 1690 2665 indu-

905 2698 950 2721 tus
965 2698 1017 2721 est.

88 2749 130 2774 τως
147 2730 329 2781 χαρακτὴρίό
344 2746 399 2777 τοῖς
420 2743 508 2774 ἄλλοις
541 2742 642 2769 ἅπασιν
670 2742 800 2778 ἰσάριθμα
821 2742 889 2778 μέλη
909 2741 1009 2778 φορῶν,
1039 2741 1086 2769 καὶ
1111 2741 1160 2776 τὴν
1187 2740 1282 2775 ὁμοίαν
1313 2738 1436 2768 ἑκάστοις
1460 2730 1689 2770 περιϐεϐλημένη

89 2789 160 2819 ίδέαν.

118 2848 139 2870 7’
155 2848 230 2877 Joan.
257 2857 286 2882 ιι,
305 2849 348 2877 19.
387 2849 410 2864 ’⁸
427 2847 502 2874 Rom.
524 2853 585 2878 vui,
605 2845 656 2874 '29.
