1909 3071
747 111 964 141 FRAGMENTA.

710 168 812 203 Ιιιοειι,
839 178 896 198 tuo.
922 171 982 200 I51.

191 223 250 253 Τοῦ
260 224 362 259 αὐτοῦ,
375 225 411 252 ἐκ
420 225 474 253 τοῦ
484 225 575 253 αὐτοῦ
588 226 690 260 λόγου.

92 271 188 307 Κύριον
203 271 231 298 δὲ
242 271 293 306 τῆς
303 271 382 306 δόξης
392 271 472 298 αὐτὸν
481 272 526 298 τὸν
539 271 677 307 ἄνθρωπον
692 272 737 298 τόν
748 279 828 298 σταυ-

63 317 171 354 ρωθέντα
183 316 276 351 σαφῶς
289 318 551 352 ὀνομάζειιγράφων·
564 317 656 353 ἐπειδὴ
666 318 713 343 καὶ
727 317 826 352 Κύριον

62 365 102 391 καὶ
117 363 228 399 Χριστὸν
247 363 380 396 ἀνέδειξεν
395 363 485 394 αὑτὸν,
499 362 623 398 καθάπερ
641 364 666 389 ot
687 362 828 389 ἀπόστολοι

62 408 95 444 τῷ
110 407 224 443 αἰσθητῷ
245 408 352 444 Ἰσραὴλ
368 407 514 444 ὁμοφώνως
532 407 713 442 διαλεγόμενοι
730 407 827 442 φασίν·

69 453 204 488 legali);
222 452 281 481 οὗν
295 453 461 488 γινωσκέτω
473 453 532 487 πᾶς
544 452 625 486 οἶκος
643 452 771 486 Ἰσραὴλ,
785 452 830 479 ὅτι

64 502 159 534 Κύριον
177 500 271 527 αὑτὸν
289 500 337 526 καὶ
353 499 481 534 Χριστὸν·
493 501 510 526 ὀ
524 499 594 532 Θεὸς
611 498 745 532 ἐποίησε,
763 497 830 524 τοῦ-

64 555 107 573 τον
119 546 169 573 τὸν
188 546 305 580 Ἰησοῦν
320 547 355 572 ὃν
374 545 457 580 ὑμεῖς
472 545 688 580 ἐσταυρώσατε.
710 545 760 570 Τὸν
777 552 829 570 πα-

64 592 132 619 θόντα
146 592 288 627 τοιγαροῦν
309 591 411 626 Ἰησοῦν
424 591 524 627 Κύριον
540 590 661 625 εποίησε,
675 590 722 616 καὶ
737 590 767 616 οὐ
782 589 829 624 τὴν

65 639 148 672 σοοίαν
172 639 231 665 οὐδὲ
258 638 303 664 τὸν
330 638 413 672 Λόγον
437 637 482 664 τον
510 636 638 664 ἀνέκαθεν
663 635 757 671 ἔχοντα
781 635 830 670 τῆς

64 683 205 714 δεσποτείας
216 683 247 709 τὺ
257 683 367 718 κράτος.
378 682 445 709 ἀλλά
456 682 501 710 etv
515 682 660 717 μετέωρον,
671 681 709 716 τῷ
723 679 830 716 σταυρῷ

65 729 310 764 προσεκπετάσαντα
326 729 375 761 τὰς
391 730 493 764 χεῖρας,

1054 226 1189 262 Ejusdem.
1203 235 1236 256 ea:
1247 228 1336 255 eadem
1350 230 1477 260 oratione.

917 272 1060 300 Dominum
1074 281 1137 301 vero
1151 274 1243 309 gloriae
1268 275 1356 309 ipsum
1381 277 1516 305 hominem
1543 279 1654 307 cruciﬁ-

879 326 943 345 xum
957 318 1058 346 diserte
1070 319 1193 346 nominat
1207 320 1344 352 scribens,
1360 321 1423 356 quia
1436 328 1463 349 et
1473 322 1616 351 Dominum
1627 330 1654 352 et

879 364 1016 391 Christum
1034 365 1181 393 declaravit
1196 366 1295 400 ipsum,
1315 367 1386 394 sicut
1411 369 1524 403 apostoli
1539 378 1593 398 uno
1607 378 1655 398 ore

881 410 914 437 ad
930 411 1057 445 populum
1078 411 1160 439 Israel
1174 411 1269 439 dicunt
1282 411 1305 427 “
1319 421 1326 439 :
1349 412 1498 441 Certissima
1511 416 1576 442 sciat
1593 425 1655 451 ergo

882 457 966 484 omnis
981 457 1073 484 domus
1085 458 1181 490 Israel.
1195 460 1264 494 quod
1277 464 1302 486 et
1317 460 1456 487 Dominum
1469 469 1528 488 eum
1539 467 1564 489 et
1577 462 1655 491 Chri-

880 506 949 528 stum
962 501 1021 536 fecit
1039 502 1119 535 Deus,
1139 503 1206 530 hunc
1221 503 1313 531 Jesum
1329 513 1403 540 quem
1420 513 1462 532 vos
1473 508 1652 541 cruciﬁxislis.

878 543 969 571 Jesum
985 545 1067 580 igitur
1078 546 1123 581 qui
1139 553 1236 581 passus
1248 554 1298 580 est,
1314 548 1457 578 Dominum
1471 550 1545 584 fecit,
1562 557 1589 579 et
1600 561 1653 582 non

879 589 1044 624 Sapientiam
1060 599 1147 627 neque
1164 592 1279 620 Verbum
1298 595 1370 629 quod
1386 595 1420 623 ab
1444 597 1519 624 omni
1533 600 1652 634 antiqui-

879 639 933 663 tate
956 636 1001 671 jus
1015 636 1094 665 habet
1109 638 1241 672 dominii;
1268 640 1316 668 sed
1333 648 1394 668 eum
1418 643 1466 677 qui
1489 643 1517 671 in
1533 646 1652 674 sublime

877 686 958 711 actus
972 686 1024 716 est,
1041 687 1068 713 et
1082 692 1179 713 manus
1192 687 1319 722 expandit
1335 687 1363 714 in
1382 695 1473 718 cruce,

801 782 902 810 lslnzl.

182 842 237 869 Τοῦ
252 842 356 874 αὐτοῦ,
371 841 406 868 ἐκ
420 841 474 868 τοῦ
487 840 579 868 αὐτοῦ
593 841 694 876 λόγου.

94 888 122 915 Et
137 887 189 923 γὰρ
203 887 348 923 ἀσώματος
363 888 447 919 ἐστιν,
462 885 524 913 οὒτε
543 887 598 922 ἀφῇ
615 885 713 922 χειρῶν
732 884 830 912 ὑποπί-

68 941 129 964 πτει,
152 932 206 959 οὔτ’
232 932 371 969 αἰσθητοῖς
398 933 502 968 όμμασι
527 931 772 968 περιλαμϐάνεται·
799 930 829 957 οὺ

67 979 153 1013 τρῶσιν
167 979 307 1015 ὑπομένει,
319 979 367 1014 οὐχ
380 978 454 1014 ἣλοις
470 977 658 1014 προσηλοῦται,
679 978 708 1004 οὐ
723 977 829 1012 θανάτῳ

67 1025 181 1051 κοινωνεῖ.
197 1024 228 1050 οὐ
251 1023 398 1059 κρύπτεται
420 1024 466 1058 γῇ,
483 1024 512 1050 οὑ
531 1022 609 1058 τάφῳ
631 1022 828 1054 κατακλείεται,

66 1067 109 1094 οὐκ
119 1069 148 1095 ἐκ
164 1068 310 1105 μνημάτων
325 1067 473 1095 ἀνίσταται.

1053 840 1189 875 Ejusdem,
1203 849 1236 868 ea:
1251 842 1339 870 eadem
1355 845 1481 872 oratione.

917 885 944 913 Si
959 886 1031 913 enim
1043 890 1085 913 est
1097 887 1282 922 incorporeus,
1291 897 1339 916 nec
1346 897 1475 918 manuum
1483 894 1568 919 tactui
1584 894 1650 921 sub-

878 931 960 966 jacet,
975 939 1025 958 nec
1038 939 1120 959 sensu
1136 933 1274 960 oculorum
1290 935 1437 969 percipitur
1450 944 1458 969 ;
1472 937 1582 964 vulnera
1597 947 1653 967 non

881 975 990 1009 accipit,
1003 975 1086 1003 clavis
1101 984 1155 1004 non
1168 976 1291 1012 adigitur,
1305 983 1418 1006 mortem
1429 988 1482 1008 non
1498 982 1652 1018 participat.

879 1027 933 1047 non
957 1019 1057 1055 tegitur
1079 1025 1162 1053 terra,
1178 1023 1303 1058 sepulcro
1319 1032 1372 1052 non
1389 1025 1546 1061 includitur,
1570 1037 1622 1057 nec
1636 1038 1653 1056 ιι

878 1069 1054 1093 monumento
1061 1067 1188 1102 resurgit.

800 1122 901 1150 hinsl.

186 1183 241 1211 Τοῦ
254 1181 359 1214 αὑτοῦ,
375 1181 409 1208 ἐκ
425 1180 478 1208 τοῦ
493 1179 586 1208 αὐτοῦ
597 1179 698 1214 λόγου.

98 1228 193 1261 οὐδεὶς
210 1227 287 1262 αἴρει
308 1228 364 1262 τὴν
383 1227 488 1262 ψυχὴν
505 1227 554 1254 ἀπ’
580 1227 666 1261 ἐμοῦ·
687 1224 831 1257 ἐξουσίαν

67 1273 116 1309 ἔχω
135 1274 223 1301 θεῖναι
245 1273 306 1308 τὴν
322 1273 426 1308 ψυχήν
442 1282 511 1307 μου,
540 1273 587 1299 καὶ
608 1271 752 1304 ἐξουσίαν
773 1271 831 1304 ἔχω

68 1319 148 1347 πάλιν
159 1319 263 1347 λαϐεῖν
277 1318 382 1353 αὑτήν.
400 1319 431 1346 Ei
447 1318 475 1345 δὲ
491 1318 627 1354 ἑκατέρων
645 1317 694 1353 τὴν
707 1316 830 1350 ἐξουσίαν

67 1362 126 1400 εἶχεν
140 1362 181 1392 οἷα
198 1365 275 1397 Θεὸς,
296 1364 439 1400 συνεχώρει
455 1364 503 1399 μὲν
515 1364 605 1395 αὐτοῖς
621 1363 692 1389 λύειν
711 1362 830 1393 ἀϐούλως

67 1411 105 1437 τὸν
126 1411 188 1437 νεὼν
218 1410 399 1447 ἐγχειροῦσιν,
429 1410 639 1444 ἐπιφανέστερον
663 1409 691 1435 δὲ
716 1408 829 1436 ἀνιστῶν

67 1457 197 1491 ὲνεούργει.
229 1457 276 1488 Ἐξ
297 1457 496 1492 ἀναντιρῤήτων
513 1456 644 1483 δέδεικται
657 1455 763 1490 ψήφωι,
788 1454 828 1480 ὅτι

1059 1177 1197 1214 Ejusdem,
1210 1187 1242 1207 ex
1256 1181 1345 1208 eadem
1355 1181 1482 1209 oratione.

915 1221 1000 1249 Nemo
1013 1223 1081 1250 tollit
1110 1225 1227 1252 animum
1241 1233 1257 1251 a
1272 1234 1330 1252 me:
1345 1231 1496 1260 potestatem
1510 1227 1591 1255 habeo
1605 1235 1653 1262 pu-

881 1269 959 1296 nemti
983 1271 1098 1297 animam
1118 1279 1220 1306 meant,
1239 1277 1264 1299 et
1280 1277 1433 1306 potestatem
1456 1273 1536 1300 habeo
1559 1274 1654 1304 iterum

880 1317 999 1342 sumendi
1010 1325 1068 1343 eam
1082 1317 1118 1344 ⁸³.
1135 1316 1213 1350 ρυοά
1234 1318 1256 1345 si
1272 1319 1414 1353 utriusque
1425 1323 1587 1354 potestatem
1603 1321 1653 1348 lia-

881 1361 962 1388 bebat
987 1366 1016 1389 ut
1035 1362 1116 1394 Deus,
1140 1364 1262 1398 permisit
1289 1364 1397 1399 quidem
1431 1365 1498 1400 ipsis
1525 1367 1654 1401 templum

883 1407 989 1434 solvere
1025 1408 1226 1437 inconsiderate
1259 1410 1412 1438 volentibus
1429 1430 1438 1444 ,
1465 1411 1537 1445 quod
1565 1416 1654 1440 tamen

881 1454 1162 1488 resurgensillustrius
1177 1456 1345 1484 instauravit.
1359 1457 1576 1485 Demonstratum
1584 1460 1654 1487 enim

68 1502 137 1535 αὐτὸς
155 1502 186 1528 δι’
211 1502 310 1529 ἑαυτοῦ
330 1502 374 1528 τὸν
391 1502 454 1528 ἴδιον
473 1501 643 1535 ,ἀνεστήσατο
664 1507 718 1525 νεοι
726 1499 828 1535 ργήσας

884 1501 922 1524 est
933 1499 1093 1527 certissimis
1102 1501 1272 1535 testimoniis,
1283 1503 1353 1537 quod
1363 1502 1420 1537 ipse
1428 1511 1475 1538 per
1484 1504 1654 1539 sepropriam

66 1546 136 1575 οἷκον.
158 1548 312 1576 ’Δναθετέον
323 1548 350 1574 δὲ
363 1548 411 1575 καὶ
427 1547 465 1583 τῷ
479 1547 606 1581 θειοτάτῳ
622 1546 706 1580 Πατρὶ
719 1546 768 1576 τὰς
782 1544 828 1571 τοῦ

67 1593 123 1620 Υίοῦ
139 1594 250 1630 μεγαλου
258 1595 345 1630 ργίας.
360 1593 428 1620 Οὔτε
443 1593 495 1628 γὰρ
515 1593 578 1624 Υἱὸς
593 1593 655 1619 ἄνευ
667 1591 714 1618 τοῦ
724 1590 829 1626 Πατρός

66 1639 208 1675 δημιουργεῖ
227 1640 300 1667 κατὰ
316 1640 364 1672 τὰς
380 1640 511 1676 ἀῤῥαγεῖς
525 1638 579 1664 τῶν
603 1637 682 1673 ίερῶν
700 1636 829 1672 γραμμά-

67 1693 112 1711 των
128 1687 284 1721 ἀποφάσεις.
310 1685 408 1713 Τούτου
435 1685 489 1720 γὰρ
509 1683 540 1719 δὴ
563 1683 642 1719 χάριν
663 1682 723 1709 τοτὲ
744 1682 792 1717 μὲν
815 1683 829 1708 ό

68 1729 184 1764 θειότατος
198 1732 338 1766 γεννήτωρ
358 1731 402 1757 τὸν
418 1730 532 1766 Χριστδν
549 1731 580 1756 ὲκ
595 1729 698 1766 νεκρῶν
714 1730 828 1764 ἐγηγερ-

68 1775 133 1803 κὲνοι
146 1777 284 1813 γράφεται·
299 1777 357 1804 τοτὲ
371 1776 399 1803 δὲ
416 1777 430 1803 ό
449 1775 511 1807 Υίὸς
523 1775 567 1802 τὸν
585 1775 647 1802 ἴδιον
671 1776 829 1810 ἀναστήσειν

69 1822 219 1857 ὑπισχνεῖται
241 1823 316 1850 ναόν.
340 1823 371 1849 Εἰ
389 1821 435 1849 οὖν
460 1823 492 1849 ὲκ
511 1821 563 1848 τῶν
588 1820 829 1856 προεξητασμένων

68 1867 157 1900 ἀπαθὲς
168 1869 303 1896 δέδεικται
320 1869 349 1895 τὸ
359 1868 432 1895 -θεῖον
451 1868 497 1894 τοῦ
511 1867 628 1904 Χριστοῦ
648 1866 765 1902 πνεῦμα,
783 1875 831 1892 περ

70 1913 153 1948 ριττῶς
169 1916 221 1946 τοῖς
232 1914 420 1946 ἀποστολικοῖς
433 1914 642 1948 ἐπισκήπτουσιν
661 1913 732 1950 ὅροις
747 1914 772 1941 oi.
791 1914 830 1939 ὲν-

69 1961 141 1993 αγεῑς.
153 1961 183 1986 Et
197 1961 251 1996 γὰρ
265 1962 279 1987 ὁ
298 1960 403 1992 Παῦλος
418 1960 528 1996 ἔφρασε,
543 1959 588 1986 τὸν
603 1959 704 1995 Κύριον
720 1959 769 1994 τῆς
789 1959 831 1986 δό-

69 2003 109 2040 ξης
119 2006 316 2042 ἐσταυρῶσθαι,
333 2006 424 2040 σαφῶς
438 2007 477 2038 εἰς
489 2006 534 2032 τὸν
552 2006 692 2042 ἄνθρωπον
709 2005 828 2041 ἀφορῶν,

880 1542 990 1570 domum
1006 1549 1160 1572 renovalam
1171 1548 1305 1575 excitarit.
1320 1547 1487 1575 Ascribenda
1496 1553 1655 1577 autemsunt

880 1588 960 1616 etiam
976 1589 1145 1617 divinissimo
1153 1589 1374 1627 Patriuiagniﬁca
1388 1591 1448 1620 Filii
1462 1600 1554 1628 opera.
1563 1593 1654 1629 Neque

876 1634 952 1660 enim
969 1634 1053 1662 Filius
1068 1637 1128 1664 sine
1141 1635 1221 1664 Patre
1238 1643 1367 1672 operatur
1380 1639 1528 1667 secundum
1552 1639 1654 1666 invicta

878 1686 1019 1707 sacrarum
1034 1681 1185 1708 litterarum
1199 1683 1288 1710 ellata.
1314 1683 1373 1716 Quo
1392 1681 1420 1709 ﬁt
1432 1702 1443 1715 ,,
1470 1689 1499 1711 ut
1514 1684 1654 1713 Christum

879 1726 947 1754 alius
961 1726 1068 1762 quidem
1086 1728 1233 1755 suscitasse
1248 1728 1433 1756 divinissimus
1447 1728 1558 1757 Genitor
1580 1731 1655 1758 dica-

879 1777 934 1805 tur,
955 1775 1023 1802 alias
1038 1782 1101 1802 vero
1113 1774 1198 1802 Filius
1206 1775 1345 1810 proprium
1361 1783 1390 1802 se
1406 1776 1535 1810 templum
1553 1777 1655 1804 excita-

879 1823 970 1847 turum
983 1820 1150 1855 polliceatur.
1169 1820 1196 1847 Si
1210 1828 1273 1857 οηεο
1286 1829 1317 1848 ex
1331 1821 1365 1847 iis
1377 1829 1437 1855 quae
1461 1822 1591 1849 hactenus
1606 1829 1655 1849 ex-

879 1865 968 1900 posita
985 1869 1060 1898 sunt,
1076 1866 1250 1902 impatibilem
1266 1873 1326 1893 esse
1350 1865 1470 1893 divinum
1485 1866 1586 1894 Christi
1599 1867 1656 1902 spi-

878 1911 961 1938 ritum
977 1916 1115 1939 ostensum
1131 1915 1183 1943 est,
1201 1912 1355 1947 apostolicis
1370 1912 1485 1951 decretis
1501 1913 1600 1940 frustra
1613 1913 1653 1940 in-

878 1957 1003 1984 nituntur
1018 1957 1115 1992 impuri
1131 1958 1264 1985 homines.
1287 1956 1353 1984 Nam
1369 1958 1391 1985 si
1409 1957 1549 1985 Dominum
1564 1958 1657 1993 gloria

875 2003 1039 2031 cruciﬁxum
1054 2002 1157 2031 Paulus
1178 2003 1247 2030 dixit
1262 2003 1295 2037 ⁸⁸,
1311 2004 1343 2031 ad
1358 2004 1492 2032 hominem
1508 2009 1600 2040 aperte
1611 2013 1654 2033 re~

67 2050 92 2076 οῦ
105 2052 172 2087 παρὰ
185 2052 263 2080 τοῦτο
276 2053 366 2087 δεήσει
380 2052 465 2084 πάθος
481 2052 519 2087 τῷ
533 2052 597 2087 θείῳ
608 2052 782 2088 προσάπτειν.
796 2050 829 2077 Τί

884 2048 1016 2084 spiciens:
1037 2056 1094 2076 non
1109 2053 1251 2084 proplerea
1266 2049 1401 2077 divinitati
1430 2051 1582 2085 passionem
1605 2051 1654 2078 tri~

68 2093 106 2123 οὖν
117 2097 190 2125 τοῦτο
203 2099 367 2125 συνάπτουσι
382 2098 524 2130 πλέκοντες
537 2097 566 2131 ἐξ
580 2097 720 2129 ἀσθενείας
732 2098 829 2125 ἐσταυ-

884 2095 963 2123 buere
976 2094 1121 2129 oportebit.
1136 2094 1191 2121 Cur
1207 2095 1290 2130 igitur
1305 2096 1358 2124 ista
1372 2096 1552 2132 conjungunt.
1562 2096 1656 2125 dicen.-

69 2141 157 2176 ρῶσθαι
170 2144 292 2179 λέγοντες
307 2143 351 2174 τὸν
362 2144 492 2181 Χριστόν;

884 2145 921 2169 tes
934 2149 968 2169 ex
977 2140 1161 2174 imbecillitate
1175 2140 1314 2170 Christum
1325 2150 1386 2171 esse
1404 2143 1563 2172 cruciﬁxum
1575 2143 1587 2170 ἲ
1608 2165 1625 2175 ,,

799 2199 899 2227 Ismeni.

1055 2256 1192 2292 Ejusdem,
1205 2264 1238 2284 ea:
1250 2256 1339 2284 eadem
1351 2261 1477 2284 oratione.

915 2302 992 2336 Quod
1004 2302 1026 2330 si
1044 2303 1156 2335 omnino
1168 2303 1363 2334 imbecillitatis
1379 2303 1484 2337 species
1497 2303 1533 2330 illi
1546 2306 1604 2333 erat
1615 2307 1641 2331 at

181 2260 234 2288 Τοῦ
249 2260 356 2292 αὑτοῦ,
375 2259 410 2287 ἐκ
427 2259 481 2286 τοῦ
497 2258 589 2286 αὐτοῦ
603 2259 705 2294 λόγου.
847 2265 868 2291 D

97 2304 125 2330 Εἰ
141 2305 167 2332 δὲ
187 2306 217 2342 δὴ
245 2306 292 2333 καὶ
315 2305 456 2337 ἀσθενείας
484 2304 552 2336 εἶδος
571 2304 731 2340 περιάπτειν
756 2303 829 2338 αὺτῷ

70 2351 189 2386 προσῆκον
207 2350 250 2388 ἦν.
273 2351 311 2387 τῷ
333 2350 468 2387 ἀνθρώπῳ
489 2350 576 2377 ταῦτα
590 2350 747 2386 προσαρτᾷν
767 2349 829 2376 ἀκό-

884 2349 1033 2381 tribuenda,
1062 2349 1164 2378 homini
1185 2349 1243 2377 hanc
1262 2348 1424 2384 assignanda
1441 2353 1654 2379 consentaneum

68 2393 148 2422 λουθον
166 2395 232 2424 εἶναι
247 2398 313 2433 φαίη
332 2406 374 2429 τις
393 2397 436 2428 ἂν,
451 2396 540 2431 οὔτιγε
562 2396 594 2432 δὴ
613 2396 652 2432 τῷ
666 2394 829 2432 πληρώματι

884 2395 982 2424 diceret
995 2395 1141 2436 quispiam,
1167 2403 1223 2427 non
1236 2402 1300 2422 vero
1314 2394 1475 2429 plenitudini
1493 2394 1655 2427 divinitatis,

69 2440 109 2475 ἰῆς
125 2441 253 2478 θεότητος,
269 2443 286 2478 ἢ
304 2442 342 2478 τῷ
361 2441 492 2477 ἀξιώματι
512 2443 562 2477 τῆς
577 2441 705 2469 ἀνωτάτω
725 2441 829 2476 σοφίας,

884 2445 927 2471 aut
942 2449 1055 2472 summae
1068 2441 1213 2478 Sapientiae
1229 2439 1364 2476 dignitati,
1379 2443 1427 2467 aut
1442 2439 1467 2467 ei
1482 2440 1538 2474 qui,
1555 2448 1655 2471 secunv

70 2485 83 2520 ἢ
95 2486 128 2522 τῷ
134 2488 179 2515 ἐπὶ
188 2489 316 2521 πάντων,
324 2488 394 2516 κατά
405 2489 449 2515 τὸν
457 2487 571 2520 Παῦλον,
582 2486 747 2524 γραφομένῳ
760 2485 829 2519 Θεῷ.

884 2486 945 2515 dum
958 2486 1072 2515 Paulum
1086 2487 1120 2519 ",
1137 2487 1257 2525 scriptus
1271 2490 1314 2513 est
1330 2485 1400 2513 Deus
1417 2492 1493 2523 super
1504 2486 1603 2514 omnia.

725 2542 828 2575 lamas,
844 2550 903 2571 mc.
915 2542 976 2570 I58.

185 2602 239 2630 Τοῦ
253 2602 356 2634 αὑτοῦ,
371 2601 405 2629 ἐκ
417 2601 471 2629 τοῦ
483 2600 576 2628 αὐτοῦ
592 2601 696 2636 λόγου,

1059 2598 1195 2633 Ejusdem.
1212 2605 1246 2626 ea:
1255 2598 1344 2626 eadem
1352 2602 1480 2626 oratione.

97 2642 172 2678 Οὗτος
186 2648 232 2682 μὲν
254 2647 284 2683 δὴ
304 2648 352 2683 τῆς
378 2646 519 2678 ἀσθενείας
533 2648 547 2673 ὁ
566 2647 674 2683 τρόπος,
694 2647 726 2673 δι’
740 2646 768 2674 ὅν
790 2647 829 2678 εἰς

915 2645 965 2672 Hic
990 2652 1057 2673 sane
1083 2648 1127 2672 est
1151 2643 1319 2672 inﬁrmitatis
1335 2643 1441 2676 modus,
1456 2650 1504 2678 per
1518 2649 1597 2678 quem
1614 2650 1658 2670 se-

68 2688 167 2718 θάνατον
192 2692 325 2727 γράφεται
352 2692 420 2720 κατά
444 2692 490 2718 τὸν
516 2691 620 2719 ῧαῦλον
643 2692 764 2728 ἀφῖχθαι.
787 2691 829 2726 Ζῇ

884 2691 997 2719 cundum
1012 2690 1124 2718 Paulum
1140 2689 1175 2722 “,
1194 2689 1226 2717 ad
1243 2694 1358 2717 mortem
1384 2689 1492 2717 venisse
1518 2688 1656 2718 scribitur,

70 2736 114 2771 γὰρ
124 2737 155 2765 ὲκ
164 2737 310 2773 δυνάμεως
325 2739 408 2772 Θεοῦ,
422 2738 460 2775 τῷ
479 2738 543 2774 θείῳ
557 2738 693 2775 Πνεύματι
710 2739 829 2777 δηλονότι

884 2739 954 2766 Vivit
972 2738 1043 2767 enim
1066 2745 1099 2765 ex
1125 2738 1221 2765 uirtute
1244 2737 1307 2770 Dei,
1329 2737 1377 2773 qui
1400 2745 1455 2766 una
1481 2745 1542 2766 cum
1565 2736 1658 2767 divino

111 2812 195 2842 “Act.
209 2824 236 2846 Il.
251 2816 295 2844 56.
344 2816 367 2833 ⁸³
379 2815 460 2844 Joan.
480 2824 508 2844 ι.
527 2815 569 2843 I8.
607 2816 630 2832 “
643 2816 656 2844 I
669 2816 731 2845 Cor.
749 2825 777 2850 ιι,
793 2816 818 2844 8.
859 2816 881 2833 ⁸⁵
895 2815 969 2846 Rom.
990 2824 1027 2849 ix,
1043 2815 1068 2843 5.
1105 2816 1128 2832 “
1147 2813 1177 2842 II
1192 2814 1254 2843 Cor.
1275 2824 1333 2848 xui.
1351 2815 1376 2844 ι.

228 2861 362 2892 ΡΑτιιοι..
388 2860 446 2894 Gn.
470 2861 581 2894 XVIII.

1446 2861 1486 2893 22
