  <div class='ocr_page' id='page_1' title='image "/cluster/home/n/w/nwhite01/storage/ocr_20150623/18/njp.32101077772455/547.png"; bbox 0 0 1909 3071; ppageno 0'>
   <div class='ocr_carea' id='block_1_1' title="bbox 263 106 316 134">
    <p class='ocr_par' dir='ltr' id='par_1_1' title="bbox 263 106 316 134">
     <span class='ocr_line' id='line_1_1' title="bbox 263 106 316 134; baseline 0 0"><span class='ocrx_word' id='word_1_1' title='bbox 263 106 316 134; x_wconf 72' lang='lat'><strong>683</strong></span> 
     </span>
    </p>
   </div>
   <div class='ocr_carea' id='block_1_2' title="bbox 750 102 1869 137">
    <p class='ocr_par' dir='ltr' id='par_1_2' title="bbox 750 102 1869 137">
     <span class='ocr_line' id='line_1_2' title="bbox 750 102 1869 137; baseline -0.002 -5"><span class='ocrx_word' id='word_1_2' title='bbox 750 103 780 132; x_wconf 89' lang='lat' dir='ltr'><strong>S.</strong></span> <span class='ocrx_word' id='word_1_3' title='bbox 800 103 982 137; x_wconf 75' lang='lat' dir='ltr'><strong>EUSTATHJI</strong></span> <span class='ocrx_word' id='word_1_4' title='bbox 996 103 1150 131; x_wconf 84' lang='lat' dir='ltr'><strong>EPISCOPI</strong></span> <span class='ocrx_word' id='word_1_5' title='bbox 1168 102 1375 131; x_wconf 78' lang='lat' dir='ltr'><strong>ANTIOCHENI</strong></span> <span class='ocrx_word' id='word_1_6' title='bbox 1827 102 1869 131; x_wconf 70' lang='grc'><strong>681</strong></span> 
     </span>
    </p>
   </div>
   <div class='ocr_carea' id='block_1_3' title="bbox 264 159 1030 200">
    <p class='ocr_par' dir='ltr' id='par_1_3' title="bbox 264 163 1029 200">
     <span class='ocr_line' id='line_1_3' title="bbox 264 163 1029 200; baseline 0 -9"><span class='ocrx_word' id='word_1_7' title='bbox 264 164 366 200; x_wconf 90' lang='lat' dir='ltr'><strong>Spiritu</strong></span> <span class='ocrx_word' id='word_1_8' title='bbox 381 167 504 191; x_wconf 77' lang='lat' dir='ltr'><strong>versatur</strong></span> <span class='ocrx_word' id='word_1_9' title='bbox 516 163 597 190; x_wconf 89' lang='lat' dir='ltr'><strong>homo</strong></span> <span class='ocrx_word' id='word_1_10' title='bbox 610 184 617 196; x_wconf 90' lang='lat'><strong>,</strong></span> <span class='ocrx_word' id='word_1_11' title='bbox 635 163 762 199; x_wconf 88' lang='lat' dir='ltr'><strong>quoniam</strong></span> <span class='ocrx_word' id='word_1_12' title='bbox 779 167 805 191; x_wconf 88' lang='lat' dir='ltr'><strong>et</strong></span> <span class='ocrx_word' id='word_1_13' title='bbox 819 165 946 191; x_wconf 87' lang='lat' dir='ltr'><strong>virtutem</strong></span> <span class='ocrx_word' id='word_1_14' title='bbox 960 164 1029 192; x_wconf 80' lang='lat' dir='ltr'><strong>Allis</strong></span> 
     </span>
    </p>
   </div>
   <div class='ocr_carea' id='block_1_4' title="bbox 1085 159 1870 200">
    <p class='ocr_par' dir='ltr' id='par_1_4' title="bbox 1095 159 1870 198">
     <span class='ocr_line' id='line_1_4' title="bbox 1095 159 1870 198; baseline -0.004 -9"><span class='ocrx_word' id='word_1_15' title='bbox 1095 161 1315 198; x_wconf 83' lang='grc' dir='ltr'><strong>συνδιαιτώμενος</strong></span> <span class='ocrx_word' id='word_1_16' title='bbox 1340 163 1355 188; x_wconf 99' lang='lat'><strong>6</strong></span> <span class='ocrx_word' id='word_1_17' title='bbox 1381 161 1535 197; x_wconf 74' lang='grc' dir='ltr'>ἄνθρωπος·</span> <span class='ocrx_word' id='word_1_18' title='bbox 1566 160 1659 197; x_wconf 63' lang='grc' dir='ltr'>ἔπειδὴ</span> <span class='ocrx_word' id='word_1_19' title='bbox 1683 160 1732 188; x_wconf 77' lang='grc' dir='ltr'>καὶ</span> <span class='ocrx_word' id='word_1_20' title='bbox 1761 159 1870 196; x_wconf 80' lang='grc' dir='ltr'>δύναμις</span> 
     </span>
    </p>
   </div>
   <div class='ocr_carea' id='block_1_5' title="bbox 263 208 1035 244">
    <p class='ocr_par' dir='ltr' id='par_1_5' title="bbox 263 208 1035 244">
     <span class='ocr_line' id='line_1_5' title="bbox 263 208 1035 244; baseline 0 -8"><span class='ocrx_word' id='word_1_21' title='bbox 263 210 323 237; x_wconf 84' lang='lat' dir='ltr'><strong>simi</strong></span> <span class='ocrx_word' id='word_1_22' title='bbox 339 217 409 241; x_wconf 88' lang='lat' dir='ltr'><strong>esse,</strong></span> <span class='ocrx_word' id='word_1_23' title='bbox 432 209 478 244; x_wconf 89' lang='lat' dir='ltr'><strong>qui</strong></span> <span class='ocrx_word' id='word_1_24' title='bbox 492 209 520 235; x_wconf 95' lang='lat' dir='ltr'><strong>in</strong></span> <span class='ocrx_word' id='word_1_25' title='bbox 543 208 603 244; x_wconf 92' lang='lat' dir='ltr'><strong>ipso</strong></span> <span class='ocrx_word' id='word_1_26' title='bbox 624 209 755 242; x_wconf 76' lang='lat' dir='ltr'><strong>creditur,</strong></span> <span class='ocrx_word' id='word_1_27' title='bbox 772 217 805 237; x_wconf 78' lang='lat' dir='ltr'><strong>ex</strong></span> <span class='ocrx_word' id='word_1_28' title='bbox 819 209 1035 244; x_wconf 70' lang='lat' dir='ltr'><strong>praecedentibus</strong></span> 
     </span>
    </p>
   </div>
   <div class='ocr_carea' id='block_1_6' title="bbox 262 255 602 284">
    <p class='ocr_par' dir='ltr' id='par_1_6' title="bbox 262 255 602 284">
     <span class='ocr_line' id='line_1_6' title="bbox 262 255 602 284; baseline -0.003 -2"><span class='ocrx_word' id='word_1_29' title='bbox 262 255 379 284; x_wconf 90' lang='lat' dir='ltr'><strong>decretis</strong></span> <span class='ocrx_word' id='word_1_30' title='bbox 395 258 534 283; x_wconf 88' lang='lat' dir='ltr'><strong>ostensum</strong></span> <span class='ocrx_word' id='word_1_31' title='bbox 549 259 602 282; x_wconf 85' lang='lat' dir='ltr'><strong>est.</strong></span> 
     </span>
    </p>
   </div>
   <div class='ocr_carea' id='block_1_7' title="bbox 1094 207 1871 243">
    <p class='ocr_par' dir='ltr' id='par_1_7' title="bbox 1094 207 1871 243">
     <span class='ocr_line' id='line_1_7' title="bbox 1094 207 1871 243; baseline -0.001 -8"><span class='ocrx_word' id='word_1_32' title='bbox 1094 209 1220 243; x_wconf 72' lang='grc' dir='ltr'>Ὑψίστου</span> <span class='ocrx_word' id='word_1_33' title='bbox 1240 210 1253 235; x_wconf 88' lang='lat'><strong>6</strong></span> <span class='ocrx_word' id='word_1_34' title='bbox 1274 210 1302 235; x_wconf 80' lang='grc' dir='ltr'>ὲν</span> <span class='ocrx_word' id='word_1_35' title='bbox 1316 207 1390 242; x_wconf 80' lang='grc' dir='ltr'>αὐτῷ</span> <span class='ocrx_word' id='word_1_36' title='bbox 1408 207 1609 243; x_wconf 78' lang='grc' dir='ltr'><strong>πιστευόμενος,</strong></span> <span class='ocrx_word' id='word_1_37' title='bbox 1627 207 1697 234; x_wconf 77' lang='grc' dir='ltr'>κατὰ</span> <span class='ocrx_word' id='word_1_38' title='bbox 1717 207 1784 238; x_wconf 72' lang='grc' dir='ltr'>τοὺς</span> <span class='ocrx_word' id='word_1_39' title='bbox 1808 207 1871 241; x_wconf 60' lang='grc' dir='ltr'><strong>(ξοά-</strong></span> 
     </span>
    </p>
   </div>
   <div class='ocr_carea' id='block_1_8' title="bbox 1091 254 1491 291">
    <p class='ocr_par' dir='ltr' id='par_1_8' title="bbox 1091 254 1491 291">
     <span class='ocr_line' id='line_1_8' title="bbox 1091 254 1491 291; baseline -0.003 -10"><span class='ocrx_word' id='word_1_40' title='bbox 1091 263 1190 287; x_wconf 88' lang='grc' dir='ltr'>σαντας</span> <span class='ocrx_word' id='word_1_41' title='bbox 1204 256 1283 291; x_wconf 78' lang='grc' dir='ltr'>ὅρους</span> <span class='ocrx_word' id='word_1_42' title='bbox 1297 254 1491 281; x_wconf 81' lang='grc' dir='ltr'>ἀποδέδεικται.</span> 
     </span>
    </p>
   </div>
   <div class='ocr_carea' id='block_1_9' title="bbox 1015 310 1117 338">
    <p class='ocr_par' dir='ltr' id='par_1_9' title="bbox 1015 310 1117 338">
     <span class='ocr_line' id='line_1_9' title="bbox 1015 310 1117 338; baseline 0.01 -1"><span class='ocrx_word' id='word_1_43' title='bbox 1015 310 1117 338; x_wconf 67' lang='lat' dir='ltr'><strong>lumen.</strong></span> 
     </span>
    </p>
   </div>
   <div class='ocr_carea' id='block_1_10' title="bbox 436 368 859 404">
    <p class='ocr_par' dir='ltr' id='par_1_10' title="bbox 436 368 859 404">
     <span class='ocr_line' id='line_1_10' title="bbox 436 368 859 404; baseline -0.002 -8"><span class='ocrx_word' id='word_1_44' title='bbox 436 368 572 404; x_wconf 72' lang='lat' dir='ltr'><strong>Ejusdem,</strong></span> <span class='ocrx_word' id='word_1_45' title='bbox 584 375 617 396; x_wconf 77' lang='lat' dir='ltr'><strong>ea:</strong></span> <span class='ocrx_word' id='word_1_46' title='bbox 627 368 718 396; x_wconf 75' lang='lat' dir='ltr'><strong>eadem</strong></span> <span class='ocrx_word' id='word_1_47' title='bbox 733 370 859 396; x_wconf 49' lang='lat' dir='ltr'><strong>oratione.</strong></span> 
     </span>
    </p>
   </div>
   <div class='ocr_carea' id='block_1_11' title="bbox 296 416 1038 452">
    <p class='ocr_par' dir='ltr' id='par_1_11' title="bbox 296 416 1038 452">
     <span class='ocr_line' id='line_1_11' title="bbox 296 416 1038 452; baseline -0.001 -8"><span class='ocrx_word' id='word_1_48' title='bbox 296 417 409 451; x_wconf 82' lang='lat' dir='ltr'><strong>Quodsi</strong></span> <span class='ocrx_word' id='word_1_49' title='bbox 422 416 539 452; x_wconf 44' lang='lat' dir='ltr'><strong>Virgins</strong></span> <span class='ocrx_word' id='word_1_50' title='bbox 553 421 659 444; x_wconf 87' lang='lat' dir='ltr'><strong>uterum</strong></span> <span class='ocrx_word' id='word_1_51' title='bbox 686 417 841 451; x_wconf 74' lang='lat' dir='ltr'><strong>ingressus,</strong></span> <span class='ocrx_word' id='word_1_52' title='bbox 864 423 917 444; x_wconf 93' lang='lat' dir='ltr'><strong>non</strong></span> <span class='ocrx_word' id='word_1_53' title='bbox 940 416 1038 444; x_wconf 87' lang='lat' dir='ltr'><strong>minuit</strong></span> 
     </span>
    </p>
   </div>
   <div class='ocr_carea' id='block_1_12' title="bbox 260 462 1039 502">
    <p class='ocr_par' dir='ltr' id='par_1_12' title="bbox 260 462 1039 502">
     <span class='ocr_line' id='line_1_12' title="bbox 260 462 1039 502; baseline -0.005 -9"><span class='ocrx_word' id='word_1_54' title='bbox 260 469 432 502; x_wconf 73' lang='lat' dir='ltr'><strong>potestatem,</strong></span> <span class='ocrx_word' id='word_1_55' title='bbox 449 472 500 492; x_wconf 90' lang='lat' dir='ltr'><strong>nec</strong></span> <span class='ocrx_word' id='word_1_56' title='bbox 517 471 629 499; x_wconf 88' lang='lat' dir='ltr'><strong>corpore</strong></span> <span class='ocrx_word' id='word_1_57' title='bbox 653 463 725 498; x_wconf 77' lang='lat' dir='ltr'><strong>ligno</strong></span> <span class='ocrx_word' id='word_1_58' title='bbox 739 463 830 490; x_wconf 90' lang='lat' dir='ltr'><strong>crucis</strong></span> <span class='ocrx_word' id='word_1_59' title='bbox 845 463 934 495; x_wconf 82' lang='lat' dir='ltr'><strong>altlxo,</strong></span> <span class='ocrx_word' id='word_1_60' title='bbox 956 462 1039 498; x_wconf 79' lang='lat' dir='ltr'><strong>spiri~-</strong></span> 
     </span>
    </p>
   </div>
   <div class='ocr_carea' id='block_1_13' title="bbox 260 509 1038 548">
    <p class='ocr_par' dir='ltr' id='par_1_13' title="bbox 260 509 1038 548">
     <span class='ocr_line' id='line_1_13' title="bbox 260 509 1038 548; baseline -0.006 -8"><span class='ocrx_word' id='word_1_61' title='bbox 260 518 305 540; x_wconf 86' lang='lat' dir='ltr'><strong>tus</strong></span> <span class='ocrx_word' id='word_1_62' title='bbox 322 512 459 548; x_wconf 88' lang='lat' dir='ltr'><strong>polluitur.</strong></span> <span class='ocrx_word' id='word_1_63' title='bbox 478 510 583 546; x_wconf 87' lang='lat' dir='ltr'><strong>Corpus</strong></span> <span class='ocrx_word' id='word_1_64' title='bbox 597 510 668 537; x_wconf 89' lang='lat' dir='ltr'><strong>enim</strong></span> <span class='ocrx_word' id='word_1_65' title='bbox 685 509 800 537; x_wconf 77' lang='lat' dir='ltr'><strong>sublime</strong></span> <span class='ocrx_word' id='word_1_66' title='bbox 826 509 854 536; x_wconf 93' lang='lat' dir='ltr'><strong>in</strong></span> <span class='ocrx_word' id='word_1_67' title='bbox 875 516 956 536; x_wconf 87' lang='lat' dir='ltr'><strong>cruce</strong></span> <span class='ocrx_word' id='word_1_68' title='bbox 971 516 1038 543; x_wconf 91' lang='lat' dir='ltr'><strong>pen-</strong></span> 
     </span>
    </p>
   </div>
   <div class='ocr_carea' id='block_1_14' title="bbox 260 555 1036 591">
    <p class='ocr_par' dir='ltr' id='par_1_14' title="bbox 260 555 1036 591">
     <span class='ocr_line' id='line_1_14' title="bbox 260 555 1036 591; baseline -0.005 -5"><span class='ocrx_word' id='word_1_69' title='bbox 260 559 350 590; x_wconf 82' lang='lat' dir='ltr'><strong>debat.</strong></span> <span class='ocrx_word' id='word_1_70' title='bbox 366 558 475 585; x_wconf 89' lang='lat' dir='ltr'><strong>divinus</strong></span> <span class='ocrx_word' id='word_1_71' title='bbox 486 565 551 585; x_wconf 87' lang='lat' dir='ltr'><strong>vero</strong></span> <span class='ocrx_word' id='word_1_72' title='bbox 566 555 711 591; x_wconf 72' lang='lat' dir='ltr'><strong>Sapientiae</strong></span> <span class='ocrx_word' id='word_1_73' title='bbox 726 555 840 590; x_wconf 87' lang='lat' dir='ltr'><strong>spiritus</strong></span> <span class='ocrx_word' id='word_1_74' title='bbox 855 559 881 582; x_wconf 82' lang='lat' dir='ltr'><strong>et</strong></span> <span class='ocrx_word' id='word_1_75' title='bbox 892 555 965 582; x_wconf 88' lang='lat' dir='ltr'><strong>intra</strong></span> <span class='ocrx_word' id='word_1_76' title='bbox 973 563 1036 582; x_wconf 87' lang='lat' dir='ltr'><strong>cor-</strong></span> 
     </span>
    </p>
   </div>
   <div class='ocr_carea' id='block_1_15' title="bbox 261 601 1036 641">
    <p class='ocr_par' dir='ltr' id='par_1_15' title="bbox 261 601 1036 641">
     <span class='ocr_line' id='line_1_15' title="bbox 261 601 1036 641; baseline -0.005 -9"><span class='ocrx_word' id='word_1_77' title='bbox 261 613 311 641; x_wconf 87' lang='lat' dir='ltr'><strong>pus</strong></span> <span class='ocrx_word' id='word_1_78' title='bbox 325 604 495 634; x_wconf 68' lang='lat' dir='ltr'><strong>versabatur,</strong></span> <span class='ocrx_word' id='word_1_79' title='bbox 510 607 536 631; x_wconf 88' lang='lat' dir='ltr'><strong>et</strong></span> <span class='ocrx_word' id='word_1_80' title='bbox 551 603 577 630; x_wconf 96' lang='lat' dir='ltr'><strong>in</strong></span> <span class='ocrx_word' id='word_1_81' title='bbox 590 601 746 629; x_wconf 73' lang='lat' dir='ltr'><strong>cmlestibus</strong></span> <span class='ocrx_word' id='word_1_82' title='bbox 759 602 902 633; x_wconf 84' lang='lat' dir='ltr'><strong>insidebat.</strong></span> <span class='ocrx_word' id='word_1_83' title='bbox 912 607 938 629; x_wconf 89' lang='lat' dir='ltr'><strong>et</strong></span> <span class='ocrx_word' id='word_1_84' title='bbox 953 606 1036 629; x_wconf 90' lang='lat' dir='ltr'><strong>totam</strong></span> 
     </span>
    </p>
   </div>
   <div class='ocr_carea' id='block_1_16' title="bbox 261 648 1036 684">
    <p class='ocr_par' dir='ltr' id='par_1_16' title="bbox 261 648 1036 684">
     <span class='ocr_line' id='line_1_16' title="bbox 261 648 1036 684; baseline -0.008 -4"><span class='ocrx_word' id='word_1_85' title='bbox 261 658 359 680; x_wconf 88' lang='lat' dir='ltr'><strong>terram</strong></span> <span class='ocrx_word' id='word_1_86' title='bbox 378 651 542 682; x_wconf 83' lang='lat' dir='ltr'><strong>continebat,</strong></span> <span class='ocrx_word' id='word_1_87' title='bbox 563 654 589 677; x_wconf 89' lang='lat' dir='ltr'><strong>et</strong></span> <span class='ocrx_word' id='word_1_88' title='bbox 605 648 711 684; x_wconf 82' lang='lat' dir='ltr'><strong>abyssis</strong></span> <span class='ocrx_word' id='word_1_89' title='bbox 728 648 887 683; x_wconf 84' lang='lat' dir='ltr'><strong>imperabat.</strong></span> <span class='ocrx_word' id='word_1_90' title='bbox 902 652 928 675; x_wconf 90' lang='lat' dir='ltr'><strong>et</strong></span> <span class='ocrx_word' id='word_1_91' title='bbox 943 648 1036 683; x_wconf 82' lang='lat' dir='ltr'><strong>singu-</strong></span> 
     </span>
    </p>
   </div>
   <div class='ocr_carea' id='block_1_17' title="bbox 262 694 1037 731">
    <p class='ocr_par' dir='ltr' id='par_1_17' title="bbox 262 694 1037 731">
     <span class='ocr_line' id='line_1_17' title="bbox 262 694 1037 731; baseline -0.005 -6"><span class='ocrx_word' id='word_1_92' title='bbox 262 700 349 725; x_wconf 86' lang='lat' dir='ltr'><strong>lorum</strong></span> <span class='ocrx_word' id='word_1_93' title='bbox 365 697 470 725; x_wconf 84' lang='lat' dir='ltr'><strong>animas</strong></span> <span class='ocrx_word' id='word_1_94' title='bbox 495 696 667 731; x_wconf 80' lang='lat' dir='ltr'><strong>perlustrans</strong></span> <span class='ocrx_word' id='word_1_95' title='bbox 692 694 841 729; x_wconf 79' lang='lat' dir='ltr'><strong>judicabat,</strong></span> <span class='ocrx_word' id='word_1_96' title='bbox 857 698 883 722; x_wconf 91' lang='lat' dir='ltr'><strong>et</strong></span> <span class='ocrx_word' id='word_1_97' title='bbox 898 694 989 721; x_wconf 85' lang='lat' dir='ltr'><strong>omnia</strong></span> <span class='ocrx_word' id='word_1_98' title='bbox 1007 698 1037 721; x_wconf 89' lang='lat' dir='ltr'><strong>ut</strong></span> 
     </span>
    </p>
   </div>
   <div class='ocr_carea' id='block_1_18' title="bbox 260 740 1035 772">
    <p class='ocr_par' dir='ltr' id='par_1_18' title="bbox 260 740 1035 772">
     <span class='ocr_line' id='line_1_18' title="bbox 260 740 1035 772; baseline -0.005 0"><span class='ocrx_word' id='word_1_99' title='bbox 260 745 331 772; x_wconf 85' lang='lat' dir='ltr'><strong>Deus</strong></span> <span class='ocrx_word' id='word_1_100' title='bbox 344 744 377 772; x_wconf 91' lang='lat' dir='ltr'><strong>de</strong></span> <span class='ocrx_word' id='word_1_101' title='bbox 393 751 467 771; x_wconf 91' lang='lat' dir='ltr'><strong>more</strong></span> <span class='ocrx_word' id='word_1_102' title='bbox 480 741 696 770; x_wconf 81' lang='lat' dir='ltr'><strong>administrabat.</strong></span> <span class='ocrx_word' id='word_1_103' title='bbox 709 740 764 768; x_wconf 86' lang='lat' dir='ltr'><strong>Nec</strong></span> <span class='ocrx_word' id='word_1_104' title='bbox 781 740 852 768; x_wconf 89' lang='lat' dir='ltr'><strong>enim</strong></span> <span class='ocrx_word' id='word_1_105' title='bbox 869 740 939 767; x_wconf 88' lang='lat' dir='ltr'><strong>intra</strong></span> <span class='ocrx_word' id='word_1_106' title='bbox 952 741 1035 768; x_wconf 88' lang='lat' dir='ltr'><strong>moles</strong></span> 
     </span>
    </p>
   </div>
   <div class='ocr_carea' id='block_1_19' title="bbox 259 786 1033 825">
    <p class='ocr_par' dir='ltr' id='par_1_19' title="bbox 259 786 1033 825">
     <span class='ocr_line' id='line_1_19' title="bbox 259 786 1033 825; baseline -0.005 -8"><span class='ocrx_word' id='word_1_107' title='bbox 259 797 404 825; x_wconf 85' lang='lat' dir='ltr'><strong>corporeas</strong></span> <span class='ocrx_word' id='word_1_108' title='bbox 420 796 546 824; x_wconf 88' lang='lat' dir='ltr'><strong>suprema</strong></span> <span class='ocrx_word' id='word_1_109' title='bbox 572 787 709 822; x_wconf 83' lang='lat' dir='ltr'><strong>Sapientia</strong></span> <span class='ocrx_word' id='word_1_110' title='bbox 739 787 843 815; x_wconf 84' lang='lat' dir='ltr'><strong>inclusa</strong></span> <span class='ocrx_word' id='word_1_111' title='bbox 867 786 1033 819; x_wconf 85' lang='lat' dir='ltr'><strong>continetur,</strong></span> 
     </span>
    </p>
   </div>
   <div class='ocr_carea' id='block_1_20' title="bbox 1225 365 1738 401">
    <p class='ocr_par' dir='ltr' id='par_1_20' title="bbox 1225 365 1738 401">
     <span class='ocr_line' id='line_1_20' title="bbox 1225 365 1738 401; baseline -0.002 -7"><span class='ocrx_word' id='word_1_112' title='bbox 1225 366 1280 394; x_wconf 81' lang='grc' dir='ltr'><strong>Τοῦ</strong></span> <span class='ocrx_word' id='word_1_113' title='bbox 1295 367 1398 399; x_wconf 84' lang='grc' dir='ltr'>αὐτοῦ,</span> <span class='ocrx_word' id='word_1_114' title='bbox 1413 367 1447 394; x_wconf 78' lang='grc' dir='ltr'>ἐκ</span> <span class='ocrx_word' id='word_1_115' title='bbox 1460 365 1514 393; x_wconf 83' lang='grc' dir='ltr'>τοῦ</span> <span class='ocrx_word' id='word_1_116' title='bbox 1527 366 1620 393; x_wconf 79' lang='grc' dir='ltr'>αὑτοῦ</span> <span class='ocrx_word' id='word_1_117' title='bbox 1633 367 1738 401; x_wconf 63' lang='grc' dir='ltr'>λόγου.</span> 
     </span>
    </p>
   </div>
   <div class='ocr_carea' id='block_1_21' title="bbox 1127 412 1872 448">
    <p class='ocr_par' dir='ltr' id='par_1_21' title="bbox 1127 412 1872 448">
     <span class='ocr_line' id='line_1_21' title="bbox 1127 412 1872 448; baseline 0 -8"><span class='ocrx_word' id='word_1_118' title='bbox 1127 413 1159 440; x_wconf 71' lang='lat' dir='ltr'><strong>Et</strong></span> <span class='ocrx_word' id='word_1_119' title='bbox 1173 413 1201 440; x_wconf 84' lang='grc' dir='ltr'><strong>δὲ</strong></span> <span class='ocrx_word' id='word_1_120' title='bbox 1222 413 1272 448; x_wconf 79' lang='grc' dir='ltr'>τῆς</span> <span class='ocrx_word' id='word_1_121' title='bbox 1297 412 1462 448; x_wconf 81' lang='grc' dir='ltr'>παρθενικῆς</span> <span class='ocrx_word' id='word_1_122' title='bbox 1488 412 1668 444; x_wconf 76' lang='grc' dir='ltr'>ὲπιὸατεύσας</span> <span class='ocrx_word' id='word_1_123' title='bbox 1691 413 1804 448; x_wconf 83' lang='grc' dir='ltr'>μήτρας</span> <span class='ocrx_word' id='word_1_124' title='bbox 1828 414 1872 441; x_wconf 78' lang='grc' dir='ltr'>οὒκ</span> 
     </span>
    </p>
   </div>
   <div class='ocr_carea' id='block_1_22' title="bbox 1091 456 1871 494">
    <p class='ocr_par' dir='ltr' id='par_1_22' title="bbox 1091 456 1871 494">
     <span class='ocr_line' id='line_1_22' title="bbox 1091 456 1871 494; baseline -0.001 -9"><span class='ocrx_word' id='word_1_125' title='bbox 1091 457 1207 494; x_wconf 75' lang='grc' dir='ltr'><strong>ἐμείωσε</strong></span> <span class='ocrx_word' id='word_1_126' title='bbox 1229 458 1278 493; x_wconf 80' lang='grc' dir='ltr'>τὴν</span> <span class='ocrx_word' id='word_1_127' title='bbox 1300 457 1433 490; x_wconf 77' lang='grc' dir='ltr'>ἐξουσίαν,</span> <span class='ocrx_word' id='word_1_128' title='bbox 1457 457 1516 484; x_wconf 74' lang='grc' dir='ltr'><strong>οὐδὲ</strong></span> <span class='ocrx_word' id='word_1_129' title='bbox 1540 457 1579 492; x_wconf 83' lang='grc' dir='ltr'>τῷ</span> <span class='ocrx_word' id='word_1_130' title='bbox 1594 456 1664 492; x_wconf 79' lang='grc' dir='ltr'>ξύλῳ</span> <span class='ocrx_word' id='word_1_131' title='bbox 1683 457 1732 483; x_wconf 80' lang='grc' dir='ltr'><strong>τοῦ</strong></span> <span class='ocrx_word' id='word_1_132' title='bbox 1756 459 1871 493; x_wconf 67' lang='grc' dir='ltr'>σταυροῦ</span> 
     </span>
    </p>
   </div>
   <div class='ocr_carea' id='block_1_23' title="bbox 1091 503 1871 540">
    <p class='ocr_par' dir='ltr' id='par_1_23' title="bbox 1091 503 1871 540">
     <span class='ocr_line' id='line_1_23' title="bbox 1091 503 1871 540; baseline -0.003 -9"><span class='ocrx_word' id='word_1_133' title='bbox 1091 503 1294 540; x_wconf 86' lang='grc' dir='ltr'>προσπαγέντος</span> <span class='ocrx_word' id='word_1_134' title='bbox 1315 503 1361 529; x_wconf 83' lang='grc' dir='ltr'><strong>τοῦ</strong></span> <span class='ocrx_word' id='word_1_135' title='bbox 1390 503 1522 538; x_wconf 83' lang='grc' dir='ltr'>σώματος,</span> <span class='ocrx_word' id='word_1_136' title='bbox 1539 503 1678 539; x_wconf 87' lang='grc' dir='ltr'>χραίνεται</span> <span class='ocrx_word' id='word_1_137' title='bbox 1698 503 1730 530; x_wconf 83' lang='grc' dir='ltr'><strong>τὺ</strong></span> <span class='ocrx_word' id='word_1_138' title='bbox 1753 503 1871 539; x_wconf 69' lang='grc' dir='ltr'>πνεῦμα.</span> 
     </span>
    </p>
   </div>
   <div class='ocr_carea' id='block_1_24' title="bbox 1089 549 1872 585">
    <p class='ocr_par' dir='ltr' id='par_1_24' title="bbox 1089 549 1872 585">
     <span class='ocr_line' id='line_1_24' title="bbox 1089 549 1872 585; baseline 0 -9"><span class='ocrx_word' id='word_1_139' title='bbox 1089 550 1126 576; x_wconf 82' lang='grc' dir='ltr'>Τὸ</span> <span class='ocrx_word' id='word_1_140' title='bbox 1144 550 1192 585; x_wconf 85' lang='grc' dir='ltr'>μὲν</span> <span class='ocrx_word' id='word_1_141' title='bbox 1205 549 1259 585; x_wconf 82' lang='grc' dir='ltr'><strong>γὰρ</strong></span> <span class='ocrx_word' id='word_1_142' title='bbox 1271 549 1348 584; x_wconf 90' lang='grc' dir='ltr'>σῶμα</span> <span class='ocrx_word' id='word_1_143' title='bbox 1364 549 1506 584; x_wconf 83' lang='grc' dir='ltr'>μετάρσιον</span> <span class='ocrx_word' id='word_1_144' title='bbox 1517 549 1693 584; x_wconf 80' lang='grc' dir='ltr'>ὲσταυροῦτο·</span> <span class='ocrx_word' id='word_1_145' title='bbox 1709 549 1740 575; x_wconf 84' lang='grc' dir='ltr'>τὸ</span> <span class='ocrx_word' id='word_1_146' title='bbox 1761 549 1792 575; x_wconf 82' lang='grc' dir='ltr'><strong>δὲ</strong></span> <span class='ocrx_word' id='word_1_147' title='bbox 1806 550 1872 576; x_wconf 71' lang='grc' dir='ltr'>θεῖον</span> 
     </span>
    </p>
   </div>
   <div class='ocr_carea' id='block_1_25' title="bbox 1089 594 1870 631">
    <p class='ocr_par' dir='ltr' id='par_1_25' title="bbox 1089 594 1870 631">
     <span class='ocr_line' id='line_1_25' title="bbox 1089 594 1870 631; baseline -0.001 -10"><span class='ocrx_word' id='word_1_148' title='bbox 1089 595 1137 630; x_wconf 81' lang='grc' dir='ltr'>τῆς</span> <span class='ocrx_word' id='word_1_149' title='bbox 1151 595 1246 630; x_wconf 71' lang='grc' dir='ltr'>σοφίας</span> <span class='ocrx_word' id='word_1_150' title='bbox 1270 595 1378 630; x_wconf 84' lang='grc' dir='ltr'>πνεῦμα</span> <span class='ocrx_word' id='word_1_151' title='bbox 1392 595 1438 621; x_wconf 75' lang='grc' dir='ltr'>καὶ</span> <span class='ocrx_word' id='word_1_152' title='bbox 1457 594 1503 621; x_wconf 78' lang='grc' dir='ltr'>τοῦ</span> <span class='ocrx_word' id='word_1_153' title='bbox 1528 594 1652 629; x_wconf 84' lang='grc' dir='ltr'>σώματος</span> <span class='ocrx_word' id='word_1_154' title='bbox 1669 594 1736 621; x_wconf 78' lang='grc' dir='ltr'>εἴσω</span> <span class='ocrx_word' id='word_1_155' title='bbox 1751 594 1870 631; x_wconf 74' lang='grc' dir='ltr'>διῃτᾶτο,</span> 
     </span>
    </p>
   </div>
   <div class='ocr_carea' id='block_1_26' title="bbox 1088 639 1870 675">
    <p class='ocr_par' dir='ltr' id='par_1_26' title="bbox 1088 639 1870 675">
     <span class='ocr_line' id='line_1_26' title="bbox 1088 639 1870 675; baseline 0.001 -10"><span class='ocrx_word' id='word_1_156' title='bbox 1088 640 1135 666; x_wconf 76' lang='grc' dir='ltr'>καὶ</span> <span class='ocrx_word' id='word_1_157' title='bbox 1153 641 1208 672; x_wconf 84' lang='grc' dir='ltr'>τοῖς</span> <span class='ocrx_word' id='word_1_158' title='bbox 1231 640 1366 674; x_wconf 81' lang='grc' dir='ltr'>ούρανίοις</span> <span class='ocrx_word' id='word_1_159' title='bbox 1385 639 1543 671; x_wconf 77' lang='grc' dir='ltr'>ἐπεδάτευε,</span> <span class='ocrx_word' id='word_1_160' title='bbox 1567 640 1614 666; x_wconf 75' lang='grc' dir='ltr'>καὶ</span> <span class='ocrx_word' id='word_1_161' title='bbox 1635 640 1728 666; x_wconf 78' lang='grc' dir='ltr'>πᾶσαν</span> <span class='ocrx_word' id='word_1_162' title='bbox 1750 641 1870 675; x_wconf 78' lang='grc' dir='ltr'>περιεῖχε</span> 
     </span>
    </p>
   </div>
   <div class='ocr_carea' id='block_1_27' title="bbox 1087 685 1870 721">
    <p class='ocr_par' dir='ltr' id='par_1_27' title="bbox 1087 685 1870 721">
     <span class='ocr_line' id='line_1_27' title="bbox 1087 685 1870 721; baseline 0 -9"><span class='ocrx_word' id='word_1_163' title='bbox 1087 685 1135 721; x_wconf 84' lang='grc' dir='ltr'>τὴν</span> <span class='ocrx_word' id='word_1_164' title='bbox 1148 686 1208 721; x_wconf 80' lang='grc' dir='ltr'>γῆν,</span> <span class='ocrx_word' id='word_1_165' title='bbox 1227 686 1273 712; x_wconf 77' lang='grc' dir='ltr'>καὶ</span> <span class='ocrx_word' id='word_1_166' title='bbox 1285 685 1338 712; x_wconf 87' lang='grc' dir='ltr'><strong>τῶν</strong></span> <span class='ocrx_word' id='word_1_167' title='bbox 1350 686 1473 712; x_wconf 75' lang='grc' dir='ltr'>ἀϐύσσων</span> <span class='ocrx_word' id='word_1_168' title='bbox 1490 686 1610 721; x_wconf 82' lang='grc' dir='ltr'>ἐκράτει,</span> <span class='ocrx_word' id='word_1_169' title='bbox 1623 686 1670 712; x_wconf 71' lang='grc' dir='ltr'>καὶ</span> <span class='ocrx_word' id='word_1_170' title='bbox 1684 686 1734 717; x_wconf 80' lang='grc' dir='ltr'>τὰς</span> <span class='ocrx_word' id='word_1_171' title='bbox 1750 687 1870 713; x_wconf 76' lang='grc' dir='ltr'><strong>ἑκάστων</strong></span> 
     </span>
    </p>
   </div>
   <div class='ocr_carea' id='block_1_28' title="bbox 1088 729 1869 765">
    <p class='ocr_par' dir='ltr' id='par_1_28' title="bbox 1088 729 1869 765">
     <span class='ocr_line' id='line_1_28' title="bbox 1088 729 1869 765; baseline -0.003 -9"><span class='ocrx_word' id='word_1_172' title='bbox 1088 730 1176 765; x_wconf 67' lang='grc' dir='ltr'>ψυχὰς</span> <span class='ocrx_word' id='word_1_173' title='bbox 1192 729 1338 765; x_wconf 85' lang='grc' dir='ltr'>ἀνιχνεύων</span> <span class='ocrx_word' id='word_1_174' title='bbox 1354 729 1478 765; x_wconf 79' lang='grc' dir='ltr'>διέκρινε,</span> <span class='ocrx_word' id='word_1_175' title='bbox 1495 729 1542 757; x_wconf 74' lang='grc' dir='ltr'><strong>καὶ</strong></span> <span class='ocrx_word' id='word_1_176' title='bbox 1558 730 1646 756; x_wconf 82' lang='grc' dir='ltr'>πάντα</span> <span class='ocrx_word' id='word_1_177' title='bbox 1661 729 1730 764; x_wconf 73' lang='grc' dir='ltr'>ὁμοῦ</span> <span class='ocrx_word' id='word_1_178' title='bbox 1748 729 1869 764; x_wconf 74' lang='grc' dir='ltr'>συνήθως</span> 
     </span>
    </p>
   </div>
   <div class='ocr_carea' id='block_1_29' title="bbox 1088 773 1869 812">
    <p class='ocr_par' dir='ltr' id='par_1_29' title="bbox 1088 773 1869 812">
     <span class='ocr_line' id='line_1_29' title="bbox 1088 773 1869 812; baseline 0 -10"><span class='ocrx_word' id='word_1_179' title='bbox 1088 773 1131 802; x_wconf 73' lang='grc' dir='ltr'>οἵα</span> <span class='ocrx_word' id='word_1_180' title='bbox 1150 775 1216 807; x_wconf 75' lang='grc' dir='ltr'>Θεὸς</span> <span class='ocrx_word' id='word_1_181' title='bbox 1243 776 1384 811; x_wconf 79' lang='grc' dir='ltr'>ἔπραττεν.</span> <span class='ocrx_word' id='word_1_182' title='bbox 1409 776 1445 802; x_wconf 83' lang='grc' dir='ltr'><strong>Οὐ</strong></span> <span class='ocrx_word' id='word_1_183' title='bbox 1464 776 1518 812; x_wconf 80' lang='grc' dir='ltr'><strong>γὰρ</strong></span> <span class='ocrx_word' id='word_1_184' title='bbox 1537 775 1602 802; x_wconf 86' lang='grc' dir='ltr'>εἴσω</span> <span class='ocrx_word' id='word_1_185' title='bbox 1625 776 1679 802; x_wconf 87' lang='grc' dir='ltr'><strong>τῶν</strong></span> <span class='ocrx_word' id='word_1_186' title='bbox 1706 776 1869 811; x_wconf 72' lang='grc' dir='ltr'>σωματικῶν</span> 
     </span>
    </p>
   </div>
   <div class='ocr_carea' id='block_1_30' title="bbox 259 821 1030 863">
    <p class='ocr_par' dir='ltr' id='par_1_30' title="bbox 259 821 1030 863">
     <span class='ocr_line' id='line_1_30' title="bbox 259 821 1030 863; baseline -0.006 -1"><span class='ocrx_word' id='word_1_187' title='bbox 259 821 329 863; x_wconf 76' lang='lat' dir='ltr'><strong>sicut</strong></span> <span class='ocrx_word' id='word_1_188' title='bbox 342 834 452 861; x_wconf 87' lang='lat' dir='ltr'><strong>humida</strong></span> <span class='ocrx_word' id='word_1_189' title='bbox 465 837 492 860; x_wconf 88' lang='lat' dir='ltr'><strong>et</strong></span> <span class='ocrx_word' id='word_1_190' title='bbox 510 833 584 860; x_wconf 87' lang='lat' dir='ltr'><strong>sicca</strong></span> <span class='ocrx_word' id='word_1_191' title='bbox 600 821 673 859; x_wconf 83' lang='lat' dir='ltr'><strong>vasis</strong></span> <span class='ocrx_word' id='word_1_192' title='bbox 690 830 904 862; x_wconf 86' lang='lat' dir='ltr'><strong>concluduntur,</strong></span> <span class='ocrx_word' id='word_1_193' title='bbox 922 834 949 858; x_wconf 85' lang='lat' dir='ltr'><strong>et</strong></span> <span class='ocrx_word' id='word_1_194' title='bbox 971 839 1030 858; x_wconf 91' lang='lat' dir='ltr'><strong>con-</strong></span> 
     </span>
    </p>
   </div>
   <div class='ocr_carea' id='block_1_31' title="bbox 1085 821 1868 863">
    <p class='ocr_par' dir='ltr' id='par_1_31' title="bbox 1087 821 1868 857">
     <span class='ocr_line' id='line_1_31' title="bbox 1087 821 1868 857; baseline 0 -9"><span class='ocrx_word' id='word_1_195' title='bbox 1087 821 1176 855; x_wconf 70' lang='grc' dir='ltr'>ὄγκων</span> <span class='ocrx_word' id='word_1_196' title='bbox 1198 823 1214 857; x_wconf 85' lang='grc' dir='ltr'>ἡ</span> <span class='ocrx_word' id='word_1_197' title='bbox 1238 822 1367 848; x_wconf 79' lang='grc' dir='ltr'><strong>ἀνωτάτω</strong></span> <span class='ocrx_word' id='word_1_198' title='bbox 1391 821 1471 856; x_wconf 85' lang='grc' dir='ltr'>σοφία</span> <span class='ocrx_word' id='word_1_199' title='bbox 1495 821 1678 857; x_wconf 83' lang='grc' dir='ltr'>καθειργμένη</span> <span class='ocrx_word' id='word_1_200' title='bbox 1702 822 1868 857; x_wconf 78' lang='grc' dir='ltr'>περιέχεται,</span> 
     </span>
    </p>
   </div>
   <div class='ocr_carea' id='block_1_32' title="bbox 260 874 1035 915">
    <p class='ocr_par' dir='ltr' id='par_1_32' title="bbox 260 874 1035 915">
     <span class='ocr_line' id='line_1_32' title="bbox 260 874 1035 915; baseline -0.008 -7"><span class='ocrx_word' id='word_1_201' title='bbox 260 882 377 908; x_wconf 92' lang='lat' dir='ltr'><strong>tinentur</strong></span> <span class='ocrx_word' id='word_1_202' title='bbox 390 880 481 915; x_wconf 88' lang='lat' dir='ltr'><strong>potius</strong></span> <span class='ocrx_word' id='word_1_203' title='bbox 502 886 582 913; x_wconf 86' lang='lat' dir='ltr'><strong>quam</strong></span> <span class='ocrx_word' id='word_1_204' title='bbox 609 877 778 913; x_wconf 84' lang='lat' dir='ltr'><strong>receptacula</strong></span> <span class='ocrx_word' id='word_1_205' title='bbox 798 876 965 903; x_wconf 86' lang='lat' dir='ltr'><strong>contineant.</strong></span> <span class='ocrx_word' id='word_1_206' title='bbox 982 874 1035 902; x_wconf 84' lang='lat' dir='ltr'><strong>Sed</strong></span> 
     </span>
    </p>
   </div>
   <div class='ocr_carea' id='block_1_33' title="bbox 259 921 1033 960">
    <p class='ocr_par' dir='ltr' id='par_1_33' title="bbox 259 921 1033 960">
     <span class='ocr_line' id='line_1_33' title="bbox 259 921 1033 960; baseline -0.009 -6"><span class='ocrx_word' id='word_1_207' title='bbox 259 935 319 955; x_wconf 88' lang='lat' dir='ltr'><strong>cum</strong></span> <span class='ocrx_word' id='word_1_208' title='bbox 342 926 432 954; x_wconf 87' lang='lat' dir='ltr'><strong>divina</strong></span> <span class='ocrx_word' id='word_1_209' title='bbox 447 925 569 960; x_wconf 64' lang='lat' dir='ltr'><strong>quaedam</strong></span> <span class='ocrx_word' id='word_1_210' title='bbox 584 923 622 952; x_wconf 83' lang='lat' dir='ltr'><strong>sit</strong></span> <span class='ocrx_word' id='word_1_211' title='bbox 637 926 665 951; x_wconf 79' lang='lat' dir='ltr'><strong>et</strong></span> <span class='ocrx_word' id='word_1_212' title='bbox 690 922 885 957; x_wconf 82' lang='lat' dir='ltr'><strong>inexplicabilis</strong></span> <span class='ocrx_word' id='word_1_213' title='bbox 903 921 1033 957; x_wconf 80' lang='lat' dir='ltr'><strong>potentia,</strong></span> 
     </span>
    </p>
   </div>
   <div class='ocr_carea' id='block_1_34' title="bbox 258 967 1035 1004">
    <p class='ocr_par' dir='ltr' id='par_1_34' title="bbox 258 967 1035 1004">
     <span class='ocr_line' id='line_1_34' title="bbox 258 967 1035 1004; baseline -0.006 -6"><span class='ocrx_word' id='word_1_214' title='bbox 258 972 351 999; x_wconf 89' lang='lat' dir='ltr'><strong>intima</strong></span> <span class='ocrx_word' id='word_1_215' title='bbox 362 974 388 998; x_wconf 88' lang='lat' dir='ltr'><strong>et</strong></span> <span class='ocrx_word' id='word_1_216' title='bbox 402 970 501 997; x_wconf 73' lang='lat' dir='ltr'><strong>extima</strong></span> <span class='ocrx_word' id='word_1_217' title='bbox 512 969 603 1004; x_wconf 87' lang='lat' dir='ltr'><strong>templi</strong></span> <span class='ocrx_word' id='word_1_218' title='bbox 619 968 804 1003; x_wconf 87' lang='lat' dir='ltr'><strong>complectens</strong></span> <span class='ocrx_word' id='word_1_219' title='bbox 818 967 961 995; x_wconf 77' lang='lat' dir='ltr'><strong>confirmat</strong></span> <span class='ocrx_word' id='word_1_220' title='bbox 977 975 985 999; x_wconf 88' lang='lat'><strong>;</strong></span> <span class='ocrx_word' id='word_1_221' title='bbox 1007 969 1035 993; x_wconf 89' lang='lat' dir='ltr'><strong>et</strong></span> 
     </span>
    </p>
   </div>
   <div class='ocr_carea' id='block_1_35' title="bbox 258 1013 1034 1052">
    <p class='ocr_par' dir='ltr' id='par_1_35' title="bbox 258 1013 1034 1052">
     <span class='ocr_line' id='line_1_35' title="bbox 258 1013 1034 1052; baseline -0.006 -7"><span class='ocrx_word' id='word_1_222' title='bbox 258 1018 320 1045; x_wconf 86' lang='lat' dir='ltr'><strong>hinc</strong></span> <span class='ocrx_word' id='word_1_223' title='bbox 343 1017 455 1044; x_wconf 86' lang='lat' dir='ltr'><strong>ulterius</strong></span> <span class='ocrx_word' id='word_1_224' title='bbox 486 1015 655 1052; x_wconf 85' lang='lat' dir='ltr'><strong>procedens,</strong></span> <span class='ocrx_word' id='word_1_225' title='bbox 677 1014 763 1043; x_wconf 81' lang='lat' dir='ltr'><strong>moles</strong></span> <span class='ocrx_word' id='word_1_226' title='bbox 787 1013 869 1042; x_wconf 80' lang='lat' dir='ltr'><strong>simul</strong></span> <span class='ocrx_word' id='word_1_227' title='bbox 892 1014 1034 1041; x_wconf 84' lang='lat' dir='ltr'><strong>universas</strong></span> 
     </span>
    </p>
   </div>
   <div class='ocr_carea' id='block_1_36' title="bbox 257 1062 579 1092">
    <p class='ocr_par' dir='ltr' id='par_1_36' title="bbox 257 1062 579 1092">
     <span class='ocr_line' id='line_1_36' title="bbox 257 1062 579 1092; baseline -0.009 -1"><span class='ocrx_word' id='word_1_228' title='bbox 257 1064 399 1092; x_wconf 82' lang='lat' dir='ltr'><strong>continens</strong></span> <span class='ocrx_word' id='word_1_229' title='bbox 412 1062 579 1090; x_wconf 86' lang='lat' dir='ltr'><strong>moderatur.</strong></span> 
     </span>
    </p>
   </div>
   <div class='ocr_carea' id='block_1_37' title="bbox 1087 867 1868 903">
    <p class='ocr_par' dir='ltr' id='par_1_37' title="bbox 1087 867 1868 903">
     <span class='ocr_line' id='line_1_37' title="bbox 1087 867 1868 903; baseline 0 -9"><span class='ocrx_word' id='word_1_230' title='bbox 1087 867 1211 903; x_wconf 82' lang='grc' dir='ltr'>καθάπερ</span> <span class='ocrx_word' id='word_1_231' title='bbox 1231 869 1257 894; x_wconf 79' lang='grc' dir='ltr'>αἰ</span> <span class='ocrx_word' id='word_1_232' title='bbox 1273 867 1326 894; x_wconf 77' lang='grc' dir='ltr'><strong>τῶν</strong></span> <span class='ocrx_word' id='word_1_233' title='bbox 1347 867 1437 903; x_wconf 82' lang='grc' dir='ltr'>ύγρῶν</span> <span class='ocrx_word' id='word_1_234' title='bbox 1462 867 1509 894; x_wconf 79' lang='grc' dir='ltr'><strong>καὶ</strong></span> <span class='ocrx_word' id='word_1_235' title='bbox 1532 867 1621 903; x_wconf 80' lang='grc' dir='ltr'>ξηρῶν</span> <span class='ocrx_word' id='word_1_236' title='bbox 1643 867 1715 900; x_wconf 75' lang='grc' dir='ltr'>ὕλαι,</span> <span class='ocrx_word' id='word_1_237' title='bbox 1740 867 1800 894; x_wconf 83' lang='grc' dir='ltr'><strong>τῶν</strong></span> <span class='ocrx_word' id='word_1_238' title='bbox 1824 868 1868 902; x_wconf 75' lang='grc' dir='ltr'>μὲν</span> 
     </span>
    </p>
   </div>
   <div class='ocr_carea' id='block_1_38' title="bbox 1085 913 1868 949">
    <p class='ocr_par' dir='ltr' id='par_1_38' title="bbox 1085 913 1868 949">
     <span class='ocr_line' id='line_1_38' title="bbox 1085 913 1868 949; baseline 0 -9"><span class='ocrx_word' id='word_1_239' title='bbox 1085 914 1202 948; x_wconf 83' lang='grc' dir='ltr'>ἀγγείων</span> <span class='ocrx_word' id='word_1_240' title='bbox 1219 913 1285 940; x_wconf 79' lang='grc' dir='ltr'>εἴσω</span> <span class='ocrx_word' id='word_1_241' title='bbox 1301 914 1515 945; x_wconf 78' lang='grc' dir='ltr'>κατακλείονται,</span> <span class='ocrx_word' id='word_1_242' title='bbox 1532 913 1702 949; x_wconf 81' lang='grc' dir='ltr'>περιέχονται</span> <span class='ocrx_word' id='word_1_243' title='bbox 1723 914 1753 940; x_wconf 79' lang='grc' dir='ltr'><strong>δὲ</strong></span> <span class='ocrx_word' id='word_1_244' title='bbox 1773 914 1868 949; x_wconf 73' lang='grc' dir='ltr'>μᾶλλον</span> 
     </span>
    </p>
   </div>
   <div class='ocr_carea' id='block_1_39' title="bbox 1085 957 1868 995">
    <p class='ocr_par' dir='ltr' id='par_1_39' title="bbox 1085 957 1868 995">
     <span class='ocr_line' id='line_1_39' title="bbox 1085 957 1868 995; baseline 0 -9"><span class='ocrx_word' id='word_1_245' title='bbox 1085 960 1102 994; x_wconf 82' lang='grc' dir='ltr'>ἢ</span> <span class='ocrx_word' id='word_1_246' title='bbox 1129 959 1284 995; x_wconf 78' lang='grc' dir='ltr'>περιέχουσι</span> <span class='ocrx_word' id='word_1_247' title='bbox 1307 960 1355 992; x_wconf 74' lang='grc' dir='ltr'><strong>τὰς</strong></span> <span class='ocrx_word' id='word_1_248' title='bbox 1371 960 1466 995; x_wconf 80' lang='grc' dir='ltr'>θήκας.</span> <span class='ocrx_word' id='word_1_249' title='bbox 1492 959 1571 986; x_wconf 80' lang='grc' dir='ltr'>Ἀλλὰ</span> <span class='ocrx_word' id='word_1_250' title='bbox 1592 959 1651 986; x_wconf 88' lang='grc' dir='ltr'>θεία</span> <span class='ocrx_word' id='word_1_251' title='bbox 1671 968 1714 991; x_wconf 88' lang='grc' dir='ltr'><strong>τις</strong></span> <span class='ocrx_word' id='word_1_252' title='bbox 1730 957 1801 986; x_wconf 76' lang='grc' dir='ltr'>οὖσα</span> <span class='ocrx_word' id='word_1_253' title='bbox 1828 960 1868 985; x_wconf 81' lang='grc' dir='ltr'><strong>καί</strong></span> 
     </span>
    </p>
   </div>
   <div class='ocr_carea' id='block_1_40' title="bbox 1084 1005 1867 1041">
    <p class='ocr_par' dir='ltr' id='par_1_40' title="bbox 1084 1005 1867 1041">
     <span class='ocr_line' id='line_1_40' title="bbox 1084 1005 1867 1041; baseline -0.001 -9"><span class='ocrx_word' id='word_1_254' title='bbox 1084 1006 1268 1041; x_wconf 70' lang='grc' dir='ltr'>ἀνὲκφραστος</span> <span class='ocrx_word' id='word_1_255' title='bbox 1288 1006 1411 1041; x_wconf 81' lang='grc' dir='ltr'>δύναμις,</span> <span class='ocrx_word' id='word_1_256' title='bbox 1432 1006 1466 1033; x_wconf 88' lang='grc' dir='ltr'><strong>τά</strong></span> <span class='ocrx_word' id='word_1_257' title='bbox 1481 1005 1504 1032; x_wconf 71' lang='grc' dir='ltr'>τ’</span> <span class='ocrx_word' id='word_1_258' title='bbox 1522 1005 1653 1033; x_wconf 74' lang='grc' dir='ltr'>ἐνδοτάτω</span> <span class='ocrx_word' id='word_1_259' title='bbox 1675 1006 1725 1032; x_wconf 71' lang='grc' dir='ltr'>καὶ</span> <span class='ocrx_word' id='word_1_260' title='bbox 1744 1006 1867 1037; x_wconf 75' lang='grc' dir='ltr'>ἐξωτάτω</span> 
     </span>
    </p>
   </div>
   <div class='ocr_carea' id='block_1_41' title="bbox 1085 1050 1867 1087">
    <p class='ocr_par' dir='ltr' id='par_1_41' title="bbox 1085 1050 1867 1087">
     <span class='ocr_line' id='line_1_41' title="bbox 1085 1050 1867 1087; baseline 0 -10"><span class='ocrx_word' id='word_1_261' title='bbox 1085 1050 1131 1077; x_wconf 76' lang='grc' dir='ltr'>τοῦ</span> <span class='ocrx_word' id='word_1_262' title='bbox 1149 1051 1201 1077; x_wconf 87' lang='grc' dir='ltr'><strong>νεὼ</strong></span> <span class='ocrx_word' id='word_1_263' title='bbox 1222 1051 1469 1087; x_wconf 76' lang='grc' dir='ltr'>περιλαμϐάνουσα,</span> <span class='ocrx_word' id='word_1_264' title='bbox 1487 1053 1621 1087; x_wconf 82' lang='grc' dir='ltr'>κραταιοῖ·</span> <span class='ocrx_word' id='word_1_265' title='bbox 1640 1051 1792 1078; x_wconf 77' lang='grc' dir='ltr'>κάντεῦθεν</span> <span class='ocrx_word' id='word_1_266' title='bbox 1808 1051 1867 1077; x_wconf 77' lang='grc' dir='ltr'><strong>ἐπέ-</strong></span> 
     </span>
    </p>
   </div>
   <div class='ocr_carea' id='block_1_42' title="bbox 1086 1097 1868 1133">
    <p class='ocr_par' dir='ltr' id='par_1_42' title="bbox 1086 1097 1868 1133">
     <span class='ocr_line' id='line_1_42' title="bbox 1086 1097 1868 1133; baseline 0.001 -10"><span class='ocrx_word' id='word_1_267' title='bbox 1086 1105 1162 1123; x_wconf 87' lang='grc' dir='ltr'>κεινα</span> <span class='ocrx_word' id='word_1_268' title='bbox 1178 1097 1317 1132; x_wconf 80' lang='grc' dir='ltr'>διήκουσα,</span> <span class='ocrx_word' id='word_1_269' title='bbox 1332 1097 1434 1129; x_wconf 82' lang='grc' dir='ltr'>πάντας</span> <span class='ocrx_word' id='word_1_270' title='bbox 1444 1097 1509 1133; x_wconf 84' lang='grc' dir='ltr'>ὁμοῦ</span> <span class='ocrx_word' id='word_1_271' title='bbox 1524 1097 1586 1129; x_wconf 82' lang='grc' dir='ltr'>τοὺς</span> <span class='ocrx_word' id='word_1_272' title='bbox 1597 1098 1695 1132; x_wconf 71' lang='grc' dir='ltr'>ὄγκους</span> <span class='ocrx_word' id='word_1_273' title='bbox 1709 1098 1810 1133; x_wconf 79' lang='grc' dir='ltr'>κρατεῖ</span> <span class='ocrx_word' id='word_1_274' title='bbox 1822 1104 1868 1124; x_wconf 86' lang='grc' dir='ltr'>πε-</span> 
     </span>
    </p>
   </div>
   <div class='ocr_carea' id='block_1_43' title="bbox 1087 1143 1224 1178">
    <p class='ocr_par' dir='ltr' id='par_1_43' title="bbox 1087 1143 1224 1178">
     <span class='ocr_line' id='line_1_43' title="bbox 1087 1143 1224 1178; baseline 0.007 -9"><span class='ocrx_word' id='word_1_275' title='bbox 1087 1143 1224 1178; x_wconf 82' lang='grc' dir='ltr'>ριὲχουσα.</span> 
     </span>
    </p>
   </div>
   <div class='ocr_carea' id='block_1_44' title="bbox 1009 1210 1111 1240">
    <p class='ocr_par' dir='ltr' id='par_1_44' title="bbox 1009 1210 1111 1240">
     <span class='ocr_line' id='line_1_44' title="bbox 1009 1210 1111 1240; baseline 0.01 -1"><span class='ocrx_word' id='word_1_276' title='bbox 1009 1210 1111 1240; x_wconf 67' lang='lat' dir='ltr'><strong>lein“.</strong></span> 
     </span>
    </p>
   </div>
   <div class='ocr_carea' id='block_1_45' title="bbox 429 1272 858 1310">
    <p class='ocr_par' dir='ltr' id='par_1_45' title="bbox 429 1272 858 1310">
     <span class='ocr_line' id='line_1_45' title="bbox 429 1272 858 1310; baseline -0.002 -9"><span class='ocrx_word' id='word_1_277' title='bbox 429 1275 566 1310; x_wconf 72' lang='lat' dir='ltr'><strong>Ejusdem,</strong></span> <span class='ocrx_word' id='word_1_278' title='bbox 579 1280 611 1300; x_wconf 73' lang='lat' dir='ltr'><strong>ea:</strong></span> <span class='ocrx_word' id='word_1_279' title='bbox 625 1272 714 1301; x_wconf 70' lang='lat' dir='ltr'><strong>eadem</strong></span> <span class='ocrx_word' id='word_1_280' title='bbox 729 1277 858 1300; x_wconf 70' lang='lat' dir='ltr'><strong>oratione.</strong></span> 
     </span>
    </p>
   </div>
   <div class='ocr_carea' id='block_1_46' title="bbox 291 1315 1031 1354">
    <p class='ocr_par' dir='ltr' id='par_1_46' title="bbox 291 1315 1031 1354">
     <span class='ocr_line' id='line_1_46' title="bbox 291 1315 1031 1354; baseline -0.009 -5"><span class='ocrx_word' id='word_1_281' title='bbox 291 1322 319 1350; x_wconf 91' lang='lat' dir='ltr'><strong>Si</strong></span> <span class='ocrx_word' id='word_1_282' title='bbox 333 1326 422 1349; x_wconf 86' lang='lat' dir='ltr'><strong>au&#39;em</strong></span> <span class='ocrx_word' id='word_1_283' title='bbox 437 1321 478 1348; x_wconf 80' lang='lat' dir='ltr'><strong>sol</strong></span> <span class='ocrx_word' id='word_1_284' title='bbox 495 1320 573 1354; x_wconf 87' lang='lat' dir='ltr'><strong>cujus</strong></span> <span class='ocrx_word' id='word_1_285' title='bbox 587 1325 685 1353; x_wconf 86' lang='lat' dir='ltr'><strong>corpus</strong></span> <span class='ocrx_word' id='word_1_286' title='bbox 702 1317 776 1345; x_wconf 88' lang='lat' dir='ltr'><strong>cerni</strong></span> <span class='ocrx_word' id='word_1_287' title='bbox 790 1321 816 1344; x_wconf 89' lang='lat' dir='ltr'><strong>et</strong></span> <span class='ocrx_word' id='word_1_288' title='bbox 831 1324 914 1344; x_wconf 89' lang='lat' dir='ltr'><strong>sensu</strong></span> <span class='ocrx_word' id='word_1_289' title='bbox 929 1315 1031 1351; x_wconf 83' lang='lat' dir='ltr'><strong>percipi</strong></span> 
     </span>
    </p>
   </div>
   <div class='ocr_carea' id='block_1_47' title="bbox 255 1362 1032 1404">
    <p class='ocr_par' dir='ltr' id='par_1_47' title="bbox 255 1362 1032 1404">
     <span class='ocr_line' id='line_1_47' title="bbox 255 1362 1032 1404; baseline -0.008 -10"><span class='ocrx_word' id='word_1_290' title='bbox 255 1371 355 1404; x_wconf 82' lang='lat' dir='ltr'><strong>potest,</strong></span> <span class='ocrx_word' id='word_1_291' title='bbox 371 1371 412 1394; x_wconf 88' lang='lat' dir='ltr'><strong>tot</strong></span> <span class='ocrx_word' id='word_1_292' title='bbox 427 1370 571 1400; x_wconf 84' lang='lat' dir='ltr'><strong>tantasque</strong></span> <span class='ocrx_word' id='word_1_293' title='bbox 590 1364 690 1398; x_wconf 88' lang='lat' dir='ltr'><strong>ubique</strong></span> <span class='ocrx_word' id='word_1_294' title='bbox 712 1367 845 1390; x_wconf 85' lang='lat' dir='ltr'><strong>terrarum</strong></span> <span class='ocrx_word' id='word_1_295' title='bbox 862 1362 952 1389; x_wconf 80' lang='lat' dir='ltr'><strong>ferens</strong></span> <span class='ocrx_word' id='word_1_296' title='bbox 966 1369 1032 1389; x_wconf 91' lang='lat' dir='ltr'><strong>con-</strong></span> 
     </span>
    </p>
   </div>
   <div class='ocr_carea' id='block_1_48' title="bbox 255 1408 1032 1444">
    <p class='ocr_par' dir='ltr' id='par_1_48' title="bbox 255 1408 1032 1444">
     <span class='ocr_line' id='line_1_48' title="bbox 255 1408 1032 1444; baseline -0.012 -3"><span class='ocrx_word' id='word_1_297' title='bbox 255 1414 390 1444; x_wconf 83' lang='lat' dir='ltr'><strong>tumelias,</strong></span> <span class='ocrx_word' id='word_1_298' title='bbox 407 1419 461 1439; x_wconf 93' lang='lat' dir='ltr'><strong>non</strong></span> <span class='ocrx_word' id='word_1_299' title='bbox 472 1414 558 1438; x_wconf 92' lang='lat' dir='ltr'><strong>mutat</strong></span> <span class='ocrx_word' id='word_1_300' title='bbox 567 1409 701 1440; x_wconf 87' lang='lat' dir='ltr'><strong>ordinem,</strong></span> <span class='ocrx_word' id='word_1_301' title='bbox 718 1415 766 1435; x_wconf 87' lang='lat' dir='ltr'><strong>nec</strong></span> <span class='ocrx_word' id='word_1_302' title='bbox 775 1408 858 1434; x_wconf 90' lang='lat' dir='ltr'><strong>ictum</strong></span> <span class='ocrx_word' id='word_1_303' title='bbox 874 1408 958 1434; x_wconf 92' lang='lat' dir='ltr'><strong>ullum</strong></span> <span class='ocrx_word' id='word_1_304' title='bbox 968 1414 1032 1442; x_wconf 87' lang='lat' dir='ltr'><strong>par-</strong></span> 
     </span>
    </p>
   </div>
   <div class='ocr_carea' id='block_1_49' title="bbox 255 1452 1030 1492">
    <p class='ocr_par' dir='ltr' id='par_1_49' title="bbox 255 1452 1030 1492">
     <span class='ocr_line' id='line_1_49' title="bbox 255 1452 1030 1492; baseline -0.01 -6"><span class='ocrx_word' id='word_1_305' title='bbox 255 1466 319 1486; x_wconf 87' lang='lat' dir='ltr'><strong>vum</strong></span> <span class='ocrx_word' id='word_1_306' title='bbox 344 1464 506 1492; x_wconf 76' lang='lat' dir='ltr'><strong>magnumve</strong></span> <span class='ocrx_word' id='word_1_307' title='bbox 528 1456 621 1486; x_wconf 82' lang='lat' dir='ltr'><strong>sentit.</strong></span> <span class='ocrx_word' id='word_1_308' title='bbox 650 1455 836 1488; x_wconf 86' lang='lat' dir='ltr'><strong>iucorpoream</strong></span> <span class='ocrx_word' id='word_1_309' title='bbox 863 1452 1030 1487; x_wconf 83' lang='lat' dir='ltr'><strong>Sapientiam</strong></span> 
     </span>
    </p>
   </div>
   <div class='ocr_carea' id='block_1_50' title="bbox 254 1498 1033 1540">
    <p class='ocr_par' dir='ltr' id='par_1_50' title="bbox 254 1498 1033 1540">
     <span class='ocr_line' id='line_1_50' title="bbox 254 1498 1033 1540; baseline -0.01 -8"><span class='ocrx_word' id='word_1_310' title='bbox 254 1503 338 1540; x_wconf 91' lang='lat' dir='ltr'><strong>pollui</strong></span> <span class='ocrx_word' id='word_1_311' title='bbox 352 1503 540 1531; x_wconf 73' lang='lat' dir='ltr'><strong>existimamus</strong></span> <span class='ocrx_word' id='word_1_312' title='bbox 553 1505 579 1529; x_wconf 80' lang='lat' dir='ltr'><strong>et</strong></span> <span class='ocrx_word' id='word_1_313' title='bbox 593 1504 698 1528; x_wconf 86' lang='lat' dir='ltr'><strong>mutare</strong></span> <span class='ocrx_word' id='word_1_314' title='bbox 711 1504 844 1530; x_wconf 85' lang='lat' dir='ltr'><strong>naturam,</strong></span> <span class='ocrx_word' id='word_1_315' title='bbox 858 1498 880 1526; x_wconf 88' lang='lat' dir='ltr'><strong>si</strong></span> <span class='ocrx_word' id='word_1_316' title='bbox 891 1499 951 1533; x_wconf 86' lang='lat' dir='ltr'><strong>ejus</strong></span> <span class='ocrx_word' id='word_1_317' title='bbox 964 1502 1033 1526; x_wconf 88' lang='lat' dir='ltr'><strong>tem-</strong></span> 
     </span>
    </p>
   </div>
   <div class='ocr_carea' id='block_1_51' title="bbox 254 1545 1029 1585">
    <p class='ocr_par' dir='ltr' id='par_1_51' title="bbox 254 1545 1029 1585">
     <span class='ocr_line' id='line_1_51' title="bbox 254 1545 1029 1585; baseline -0.009 -8"><span class='ocrx_word' id='word_1_318' title='bbox 254 1551 328 1585; x_wconf 83' lang='lat' dir='ltr'><strong>plum</strong></span> <span class='ocrx_word' id='word_1_319' title='bbox 340 1549 416 1576; x_wconf 84' lang='lat' dir='ltr'><strong>cruci</strong></span> <span class='ocrx_word' id='word_1_320' title='bbox 441 1547 574 1583; x_wconf 77' lang='lat' dir='ltr'><strong>alligatur,</strong></span> <span class='ocrx_word' id='word_1_321' title='bbox 590 1549 637 1574; x_wconf 85' lang='lat' dir='ltr'><strong>aut</strong></span> <span class='ocrx_word' id='word_1_322' title='bbox 651 1546 865 1573; x_wconf 80' lang='lat' dir='ltr'><strong>destructionem</strong></span> <span class='ocrx_word' id='word_1_323' title='bbox 884 1545 1029 1575; x_wconf 85' lang='lat' dir='ltr'><strong>sustineat.</strong></span> 
     </span>
    </p>
   </div>
   <div class='ocr_carea' id='block_1_52' title="bbox 253 1590 1032 1628">
    <p class='ocr_par' dir='ltr' id='par_1_52' title="bbox 253 1590 1032 1628">
     <span class='ocr_line' id='line_1_52' title="bbox 253 1590 1032 1628; baseline -0.006 -6"><span class='ocrx_word' id='word_1_324' title='bbox 253 1599 300 1622; x_wconf 88' lang='lat' dir='ltr'><strong>aut</strong></span> <span class='ocrx_word' id='word_1_325' title='bbox 315 1595 425 1622; x_wconf 87' lang='lat' dir='ltr'><strong>vulnera</strong></span> <span class='ocrx_word' id='word_1_326' title='bbox 441 1593 567 1628; x_wconf 75' lang='lat' dir='ltr'><strong>excipiat.</strong></span> <span class='ocrx_word' id='word_1_327' title='bbox 583 1596 631 1619; x_wconf 91' lang='lat' dir='ltr'><strong>aut</strong></span> <span class='ocrx_word' id='word_1_328' title='bbox 653 1591 855 1626; x_wconf 81' lang='lat' dir='ltr'><strong>corruptionem</strong></span> <span class='ocrx_word' id='word_1_329' title='bbox 885 1590 1032 1618; x_wconf 87' lang='lat' dir='ltr'><strong>admittat?</strong></span> 
     </span>
    </p>
   </div>
   <div class='ocr_carea' id='block_1_53' title="bbox 254 1636 1030 1675">
    <p class='ocr_par' dir='ltr' id='par_1_53' title="bbox 254 1636 1030 1675">
     <span class='ocr_line' id='line_1_53' title="bbox 254 1636 1030 1675; baseline -0.008 -7"><span class='ocrx_word' id='word_1_330' title='bbox 254 1641 308 1668; x_wconf 85' lang='lat' dir='ltr'><strong>Sed</strong></span> <span class='ocrx_word' id='word_1_331' title='bbox 324 1641 453 1675; x_wconf 88' lang='lat' dir='ltr'><strong>templum</strong></span> <span class='ocrx_word' id='word_1_332' title='bbox 477 1638 586 1673; x_wconf 82' lang='lat' dir='ltr'><strong>quidem</strong></span> <span class='ocrx_word' id='word_1_333' title='bbox 611 1637 727 1673; x_wconf 83' lang='lat' dir='ltr'><strong>patitur;</strong></span> <span class='ocrx_word' id='word_1_334' title='bbox 750 1636 818 1663; x_wconf 90' lang='lat' dir='ltr'><strong>labis</strong></span> <span class='ocrx_word' id='word_1_335' title='bbox 829 1639 918 1663; x_wconf 89' lang='lat' dir='ltr'><strong>autem</strong></span> <span class='ocrx_word' id='word_1_336' title='bbox 934 1643 1030 1670; x_wconf 80' lang='lat' dir='ltr'><strong>expers</strong></span> 
     </span>
    </p>
   </div>
   <div class='ocr_carea' id='block_1_54' title="bbox 253 1681 1032 1720">
    <p class='ocr_par' dir='ltr' id='par_1_54' title="bbox 253 1681 1032 1720">
     <span class='ocr_line' id='line_1_54' title="bbox 253 1681 1032 1720; baseline -0.008 -6"><span class='ocrx_word' id='word_1_337' title='bbox 253 1687 416 1718; x_wconf 80' lang='lat' dir='ltr'><strong>substantia,</strong></span> <span class='ocrx_word' id='word_1_338' title='bbox 429 1687 503 1713; x_wconf 89' lang='lat' dir='ltr'><strong>omni</strong></span> <span class='ocrx_word' id='word_1_339' title='bbox 516 1693 548 1713; x_wconf 78' lang='lat' dir='ltr'><strong>ex</strong></span> <span class='ocrx_word' id='word_1_340' title='bbox 564 1688 640 1720; x_wconf 89' lang='lat' dir='ltr'><strong>parte</strong></span> <span class='ocrx_word' id='word_1_341' title='bbox 653 1683 821 1718; x_wconf 86' lang='lat' dir='ltr'><strong>impollutam</strong></span> <span class='ocrx_word' id='word_1_342' title='bbox 833 1682 932 1710; x_wconf 84' lang='lat' dir='ltr'><strong>retinet</strong></span> <span class='ocrx_word' id='word_1_343' title='bbox 942 1681 1032 1717; x_wconf 83' lang='lat' dir='ltr'><strong>digni-</strong></span> 
     </span>
    </p>
   </div>
   <div class='ocr_carea' id='block_1_55' title="bbox 254 1737 346 1760">
    <p class='ocr_par' dir='ltr' id='par_1_55' title="bbox 254 1737 346 1760">
     <span class='ocr_line' id='line_1_55' title="bbox 254 1737 346 1760; baseline 0.011 -1"><span class='ocrx_word' id='word_1_344' title='bbox 254 1737 346 1760; x_wconf 83' lang='lat' dir='ltr'><strong>tatem.</strong></span> 
     </span>
    </p>
   </div>
   <div class='ocr_carea' id='block_1_56' title="bbox 1217 1269 1737 1304">
    <p class='ocr_par' dir='ltr' id='par_1_56' title="bbox 1217 1269 1737 1304">
     <span class='ocr_line' id='line_1_56' title="bbox 1217 1269 1737 1304; baseline -0.008 -4"><span class='ocrx_word' id='word_1_345' title='bbox 1217 1272 1272 1300; x_wconf 82' lang='grc' dir='ltr'><strong>Τοῦ</strong></span> <span class='ocrx_word' id='word_1_346' title='bbox 1285 1272 1390 1304; x_wconf 83' lang='grc' dir='ltr'>αὑτοῦ,</span> <span class='ocrx_word' id='word_1_347' title='bbox 1406 1271 1440 1298; x_wconf 79' lang='grc' dir='ltr'>ἐκ</span> <span class='ocrx_word' id='word_1_348' title='bbox 1456 1270 1511 1297; x_wconf 84' lang='grc' dir='ltr'>τοῦ</span> <span class='ocrx_word' id='word_1_349' title='bbox 1526 1269 1617 1298; x_wconf 81' lang='grc' dir='ltr'>αὐτοῦ</span> <span class='ocrx_word' id='word_1_350' title='bbox 1631 1270 1737 1304; x_wconf 76' lang='grc' dir='ltr'><strong>λόγου.</strong></span> 
     </span>
    </p>
   </div>
   <div class='ocr_carea' id='block_1_57' title="bbox 1119 1315 1865 1354">
    <p class='ocr_par' dir='ltr' id='par_1_57' title="bbox 1119 1315 1865 1354">
     <span class='ocr_line' id='line_1_57' title="bbox 1119 1315 1865 1354; baseline -0.007 -9"><span class='ocrx_word' id='word_1_351' title='bbox 1119 1318 1152 1345; x_wconf 76' lang='lat' dir='ltr'><strong>Et</strong></span> <span class='ocrx_word' id='word_1_352' title='bbox 1163 1318 1186 1345; x_wconf 77' lang='grc' dir='ltr'><strong>δ’</strong></span> <span class='ocrx_word' id='word_1_353' title='bbox 1197 1319 1211 1346; x_wconf 91' lang='lat'><strong>6</strong></span> <span class='ocrx_word' id='word_1_354' title='bbox 1223 1318 1308 1354; x_wconf 76' lang='grc' dir='ltr'>ἥλιος,</span> <span class='ocrx_word' id='word_1_355' title='bbox 1329 1317 1406 1353; x_wconf 88' lang='grc' dir='ltr'>σῶμα</span> <span class='ocrx_word' id='word_1_356' title='bbox 1423 1317 1460 1344; x_wconf 88' lang='grc' dir='ltr'>ὣν</span> <span class='ocrx_word' id='word_1_357' title='bbox 1473 1317 1570 1352; x_wconf 81' lang='grc' dir='ltr'>ὁρατὸν</span> <span class='ocrx_word' id='word_1_358' title='bbox 1584 1315 1630 1342; x_wconf 74' lang='grc' dir='ltr'>καὶ</span> <span class='ocrx_word' id='word_1_359' title='bbox 1643 1315 1773 1350; x_wconf 78' lang='grc' dir='ltr'>αἰσθήσει</span> <span class='ocrx_word' id='word_1_360' title='bbox 1788 1323 1865 1341; x_wconf 62' lang='grc' dir='ltr'>κατα.</span> 
     </span>
    </p>
   </div>
   <div class='ocr_carea' id='block_1_58' title="bbox 1081 1361 1866 1400">
    <p class='ocr_par' dir='ltr' id='par_1_58' title="bbox 1081 1361 1866 1400">
     <span class='ocr_line' id='line_1_58' title="bbox 1081 1361 1866 1400; baseline -0.006 -9"><span class='ocrx_word' id='word_1_361' title='bbox 1081 1364 1196 1400; x_wconf 80' lang='grc' dir='ltr'>ληπτὸν,</span> <span class='ocrx_word' id='word_1_362' title='bbox 1216 1364 1349 1395; x_wconf 84' lang='grc' dir='ltr'>τοσαύτας</span> <span class='ocrx_word' id='word_1_363' title='bbox 1365 1363 1412 1390; x_wconf 75' lang='grc' dir='ltr'>καὶ</span> <span class='ocrx_word' id='word_1_364' title='bbox 1429 1363 1555 1394; x_wconf 83' lang='grc' dir='ltr'>τοιαύτας</span> <span class='ocrx_word' id='word_1_365' title='bbox 1575 1361 1714 1396; x_wconf 85' lang='grc' dir='ltr'>πανταχοῦ</span> <span class='ocrx_word' id='word_1_366' title='bbox 1732 1361 1787 1395; x_wconf 77' lang='grc' dir='ltr'>γῆς</span> <span class='ocrx_word' id='word_1_367' title='bbox 1805 1361 1866 1387; x_wconf 72' lang='grc' dir='ltr'>ὑπο-</span> 
     </span>
    </p>
   </div>
   <div class='ocr_carea' id='block_1_59' title="bbox 1085 1406 1863 1446">
    <p class='ocr_par' dir='ltr' id='par_1_59' title="bbox 1085 1406 1863 1446">
     <span class='ocr_line' id='line_1_59' title="bbox 1085 1406 1863 1446; baseline -0.005 -10"><span class='ocrx_word' id='word_1_368' title='bbox 1085 1410 1171 1446; x_wconf 87' lang='grc' dir='ltr'>μένων</span> <span class='ocrx_word' id='word_1_369' title='bbox 1192 1410 1293 1442; x_wconf 82' lang='grc' dir='ltr'>αίκίας,</span> <span class='ocrx_word' id='word_1_370' title='bbox 1310 1409 1340 1435; x_wconf 82' lang='grc' dir='ltr'>οὐ</span> <span class='ocrx_word' id='word_1_371' title='bbox 1358 1408 1517 1444; x_wconf 74' lang='grc' dir='ltr'>μεταῦάλλει</span> <span class='ocrx_word' id='word_1_372' title='bbox 1532 1408 1580 1444; x_wconf 84' lang='grc' dir='ltr'>τὴν</span> <span class='ocrx_word' id='word_1_373' title='bbox 1596 1408 1683 1440; x_wconf 80' lang='grc' dir='ltr'>τάξιν,</span> <span class='ocrx_word' id='word_1_374' title='bbox 1698 1407 1761 1434; x_wconf 84' lang='grc' dir='ltr'><strong>οὐδὲ</strong></span> <span class='ocrx_word' id='word_1_375' title='bbox 1777 1406 1863 1433; x_wconf 84' lang='grc' dir='ltr'>αἴσθε-</span> 
     </span>
    </p>
   </div>
   <div class='ocr_carea' id='block_1_60' title="bbox 1082 1454 1863 1492">
    <p class='ocr_par' dir='ltr' id='par_1_60' title="bbox 1082 1454 1863 1492">
     <span class='ocr_line' id='line_1_60' title="bbox 1082 1454 1863 1492; baseline -0.004 -10"><span class='ocrx_word' id='word_1_376' title='bbox 1082 1464 1126 1482; x_wconf 80' lang='grc' dir='ltr'><strong>ται</strong></span> <span class='ocrx_word' id='word_1_377' title='bbox 1145 1457 1244 1492; x_wconf 77' lang='grc' dir='ltr'>μικρᾶς</span> <span class='ocrx_word' id='word_1_378' title='bbox 1257 1456 1273 1490; x_wconf 85' lang='grc' dir='ltr'>ἢ</span> <span class='ocrx_word' id='word_1_379' title='bbox 1291 1455 1410 1491; x_wconf 74' lang='grc' dir='ltr'>μεγάλης</span> <span class='ocrx_word' id='word_1_380' title='bbox 1423 1455 1536 1491; x_wconf 80' lang='grc' dir='ltr'>πληγῆς·</span> <span class='ocrx_word' id='word_1_381' title='bbox 1553 1455 1601 1490; x_wconf 85' lang='grc' dir='ltr'><strong>τὴν</strong></span> <span class='ocrx_word' id='word_1_382' title='bbox 1614 1454 1761 1489; x_wconf 85' lang='grc' dir='ltr'>ἀσώματον</span> <span class='ocrx_word' id='word_1_383' title='bbox 1775 1454 1863 1487; x_wconf 63' lang='grc' dir='ltr'>σοφίαν</span> 
     </span>
    </p>
   </div>
   <div class='ocr_carea' id='block_1_61' title="bbox 1083 1499 1861 1538">
    <p class='ocr_par' dir='ltr' id='par_1_61' title="bbox 1083 1499 1861 1538">
     <span class='ocr_line' id='line_1_61' title="bbox 1083 1499 1861 1538; baseline -0.005 -9"><span class='ocrx_word' id='word_1_384' title='bbox 1083 1503 1194 1538; x_wconf 79' lang='grc' dir='ltr'>οἰόμεθα</span> <span class='ocrx_word' id='word_1_385' title='bbox 1209 1502 1374 1538; x_wconf 75' lang='grc' dir='ltr'>χραίνεσθαι,</span> <span class='ocrx_word' id='word_1_386' title='bbox 1392 1501 1439 1528; x_wconf 79' lang='grc' dir='ltr'>καὶ</span> <span class='ocrx_word' id='word_1_387' title='bbox 1457 1500 1646 1537; x_wconf 86' lang='grc' dir='ltr'>μεταλλάττειν</span> <span class='ocrx_word' id='word_1_388' title='bbox 1667 1500 1717 1536; x_wconf 80' lang='grc' dir='ltr'>τὴν</span> <span class='ocrx_word' id='word_1_389' title='bbox 1735 1500 1825 1535; x_wconf 76' lang='grc' dir='ltr'>φύσιν,</span> <span class='ocrx_word' id='word_1_390' title='bbox 1841 1499 1861 1525; x_wconf 82' lang='grc' dir='ltr'><strong>εί</strong></span> 
     </span>
    </p>
   </div>
   <div class='ocr_carea' id='block_1_62' title="bbox 1083 1546 1860 1584">
    <p class='ocr_par' dir='ltr' id='par_1_62' title="bbox 1083 1546 1860 1584">
     <span class='ocr_line' id='line_1_62' title="bbox 1083 1546 1860 1584; baseline -0.004 -10"><span class='ocrx_word' id='word_1_391' title='bbox 1083 1549 1097 1574; x_wconf 91' lang='lat'><strong>6</strong></span> <span class='ocrx_word' id='word_1_392' title='bbox 1111 1548 1172 1580; x_wconf 79' lang='grc' dir='ltr'>ναὸς</span> <span class='ocrx_word' id='word_1_393' title='bbox 1187 1549 1270 1584; x_wconf 80' lang='grc' dir='ltr'>αὐτῆς</span> <span class='ocrx_word' id='word_1_394' title='bbox 1282 1547 1389 1583; x_wconf 84' lang='grc' dir='ltr'>σταυρῷ</span> <span class='ocrx_word' id='word_1_395' title='bbox 1400 1547 1590 1584; x_wconf 76' lang='grc' dir='ltr'>προσηλοῦται,</span> <span class='ocrx_word' id='word_1_396' title='bbox 1604 1547 1621 1582; x_wconf 83' lang='grc' dir='ltr'>ἢ</span> <span class='ocrx_word' id='word_1_397' title='bbox 1635 1546 1711 1573; x_wconf 86' lang='grc' dir='ltr'>λύσιν</span> <span class='ocrx_word' id='word_1_398' title='bbox 1727 1546 1860 1582; x_wconf 79' lang='grc' dir='ltr'>ὑπομένει.</span> 
     </span>
    </p>
   </div>
   <div class='ocr_carea' id='block_1_63' title="bbox 1083 1592 1861 1630">
    <p class='ocr_par' dir='ltr' id='par_1_63' title="bbox 1083 1592 1861 1630">
     <span class='ocr_line' id='line_1_63' title="bbox 1083 1592 1861 1630; baseline -0.003 -10"><span class='ocrx_word' id='word_1_399' title='bbox 1083 1594 1099 1630; x_wconf 81' lang='grc' dir='ltr'>ἤ</span> <span class='ocrx_word' id='word_1_400' title='bbox 1126 1595 1226 1630; x_wconf 81' lang='grc' dir='ltr'>τρῶσιν</span> <span class='ocrx_word' id='word_1_401' title='bbox 1249 1595 1402 1629; x_wconf 78' lang='grc' dir='ltr'>ὑφίσταται,</span> <span class='ocrx_word' id='word_1_402' title='bbox 1430 1594 1446 1630; x_wconf 79' lang='grc' dir='ltr'>ἢ</span> <span class='ocrx_word' id='word_1_403' title='bbox 1472 1593 1617 1629; x_wconf 81' lang='grc' dir='ltr'>διαφθορὰν</span> <span class='ocrx_word' id='word_1_404' title='bbox 1641 1593 1765 1629; x_wconf 82' lang='grc' dir='ltr'>δέχεται;</span> <span class='ocrx_word' id='word_1_405' title='bbox 1789 1592 1861 1618; x_wconf 73' lang='grc' dir='ltr'>Ἀλλά</span> 
     </span>
    </p>
   </div>
   <div class='ocr_carea' id='block_1_64' title="bbox 1084 1639 1861 1676">
    <p class='ocr_par' dir='ltr' id='par_1_64' title="bbox 1084 1639 1861 1676">
     <span class='ocr_line' id='line_1_64' title="bbox 1084 1639 1861 1676; baseline -0.004 -9"><span class='ocrx_word' id='word_1_406' title='bbox 1084 1641 1181 1675; x_wconf 79' lang='grc' dir='ltr'>πάσχει</span> <span class='ocrx_word' id='word_1_407' title='bbox 1198 1641 1247 1676; x_wconf 88' lang='grc' dir='ltr'>μὲν</span> <span class='ocrx_word' id='word_1_408' title='bbox 1260 1642 1274 1667; x_wconf 89' lang='lat'><strong>6</strong></span> <span class='ocrx_word' id='word_1_409' title='bbox 1286 1640 1364 1672; x_wconf 80' lang='grc' dir='ltr'>νεὼς,</span> <span class='ocrx_word' id='word_1_410' title='bbox 1380 1642 1396 1676; x_wconf 80' lang='grc' dir='ltr'>ὴ</span> <span class='ocrx_word' id='word_1_411' title='bbox 1411 1641 1438 1667; x_wconf 79' lang='grc' dir='ltr'>δὲ</span> <span class='ocrx_word' id='word_1_412' title='bbox 1453 1641 1616 1676; x_wconf 83' lang='grc' dir='ltr'>ἀκηλίδωτος</span> <span class='ocrx_word' id='word_1_413' title='bbox 1629 1640 1709 1666; x_wconf 78' lang='grc' dir='ltr'>οὐσία</span> <span class='ocrx_word' id='word_1_414' title='bbox 1725 1639 1861 1666; x_wconf 79' lang='grc' dir='ltr'>παντάπα-</span> 
     </span>
    </p>
   </div>
   <div class='ocr_carea' id='block_1_65' title="bbox 1085 1687 1618 1723">
    <p class='ocr_par' dir='ltr' id='par_1_65' title="bbox 1085 1687 1618 1723">
     <span class='ocr_line' id='line_1_65' title="bbox 1085 1687 1618 1723; baseline 0.002 -10"><span class='ocrx_word' id='word_1_415' title='bbox 1085 1695 1125 1713; x_wconf 89' lang='grc' dir='ltr'><strong>σιν</strong></span> <span class='ocrx_word' id='word_1_416' title='bbox 1139 1688 1269 1722; x_wconf 82' lang='grc' dir='ltr'>ἄχραντος</span> <span class='ocrx_word' id='word_1_417' title='bbox 1280 1687 1328 1723; x_wconf 81' lang='grc' dir='ltr'>τὴν</span> <span class='ocrx_word' id='word_1_418' title='bbox 1343 1687 1421 1720; x_wconf 79' lang='grc' dir='ltr'>ἀξίαν</span> <span class='ocrx_word' id='word_1_419' title='bbox 1441 1687 1618 1722; x_wconf 72' lang='grc' dir='ltr'>καθέστηκεν.</span> 
     </span>
    </p>
   </div>
   <div class='ocr_carea' id='block_1_66' title="bbox 253 1849 1860 1890">
    <p class='ocr_par' dir='ltr' id='par_1_66' title="bbox 253 1849 1860 1890">
     <span class='ocr_line' id='line_1_66' title="bbox 253 1849 1860 1890; baseline 0.001 -8"><span class='ocrx_word' id='word_1_420' title='bbox 253 1854 284 1882; x_wconf 89' lang='lat' dir='ltr'><strong>ln</strong></span> <span class='ocrx_word' id='word_1_421' title='bbox 302 1853 366 1881; x_wconf 90' lang='lat' dir='ltr'><strong>illud</strong></span> <span class='ocrx_word' id='word_1_422' title='bbox 392 1851 520 1879; x_wconf 83' lang='lat' dir='ltr'><strong>Proverb.</strong></span> <span class='ocrx_word' id='word_1_423' title='bbox 542 1859 579 1884; x_wconf 80' lang='lat' dir='ltr'><strong>Ix,</strong></span> <span class='ocrx_word' id='word_1_424' title='bbox 593 1850 609 1878; x_wconf 85' lang='lat'><strong>5</strong></span> <span class='ocrx_word' id='word_1_425' title='bbox 625 1859 633 1877; x_wconf 85' lang='lat'><strong>:</strong></span> <span class='ocrx_word' id='word_1_426' title='bbox 647 1849 780 1890; x_wconf 57' lang='lat' dir='ltr'><strong>Comfflite</strong></span> <span class='ocrx_word' id='word_1_427' title='bbox 793 1857 885 1890; x_wconf 60' lang='lat' dir='ltr'><strong>panem</strong></span> <span class='ocrx_word' id='word_1_428' title='bbox 906 1858 1000 1890; x_wconf 68' lang='lat' dir='ltr'><strong>meum,</strong></span> <span class='ocrx_word' id='word_1_429' title='bbox 1024 1851 1150 1890; x_wconf 60' lang='lat' dir='ltr'><strong>el__lu&#39;bile</strong></span> <span class='ocrx_word' id='word_1_430' title='bbox 1165 1861 1252 1890; x_wconf 65' lang='lat' dir='ltr'><strong>emunt</strong></span> <span class='ocrx_word' id='word_1_431' title='bbox 1269 1854 1337 1890; x_wconf 67' lang='lat' dir='ltr'><strong>quod</strong></span> <span class='ocrx_word' id='word_1_432' title='bbox 1353 1854 1445 1890; x_wconf 67' lang='lat' dir='ltr'><strong>minui</strong></span> <span class='ocrx_word' id='word_1_433' title='bbox 1456 1854 1539 1883; x_wconf 68' lang='lat' dir='ltr'><strong>vobis.</strong></span> <span class='ocrx_word' id='word_1_434' title='bbox 1550 1869 1587 1875; x_wconf 92' lang='lat'>—</span> <span class='ocrx_word' id='word_1_435' title='bbox 1603 1854 1642 1882; x_wconf 81' lang='lat' dir='ltr'><strong>Ex</strong></span> <span class='ocrx_word' id='word_1_436' title='bbox 1660 1854 1740 1883; x_wconf 84' lang='lat' dir='ltr'><strong>Actis</strong></span> <span class='ocrx_word' id='word_1_437' title='bbox 1755 1856 1860 1884; x_wconf 83' lang='lat' dir='ltr'><strong>concilii</strong></span> 
     </span>
    </p>
   </div>
   <div class='ocr_carea' id='block_1_67' title="bbox 709 1883 1391 1924">
    <p class='ocr_par' dir='ltr' id='par_1_67' title="bbox 709 1883 1391 1924">
     <span class='ocr_line' id='line_1_67' title="bbox 709 1883 1391 1924; baseline 0.01 -14"><span class='ocrx_word' id='word_1_438' title='bbox 709 1883 809 1911; x_wconf 74' lang='lat' dir='ltr'><strong>Niczcni</strong></span> <span class='ocrx_word' id='word_1_439' title='bbox 824 1892 853 1916; x_wconf 85' lang='grc' dir='ltr'><strong>ιι,</strong></span> <span class='ocrx_word' id='word_1_440' title='bbox 870 1889 923 1912; x_wconf 90' lang='lat' dir='ltr'><strong>act.</strong></span> <span class='ocrx_word' id='word_1_441' title='bbox 941 1893 977 1917; x_wconf 88' lang='lat' dir='ltr'><strong>vt,</strong></span> <span class='ocrx_word' id='word_1_442' title='bbox 992 1889 1014 1913; x_wconf 89' lang='lat' dir='ltr'><strong>t.</strong></span> <span class='ocrx_word' id='word_1_443' title='bbox 1027 1885 1092 1919; x_wconf 87' lang='lat' dir='ltr'><strong>Vlll,</strong></span> <span class='ocrx_word' id='word_1_444' title='bbox 1108 1895 1169 1924; x_wconf 76' lang='lat' dir='ltr'><strong>pag.</strong></span> <span class='ocrx_word' id='word_1_445' title='bbox 1186 1889 1254 1916; x_wconf 72' lang='lat'><strong>1009</strong></span> <span class='ocrx_word' id='word_1_446' title='bbox 1265 1883 1292 1916; x_wconf 72' lang='lat' dir='ltr'><strong>et</strong></span> <span class='ocrx_word' id='word_1_447' title='bbox 1314 1889 1391 1917; x_wconf 71' lang='lat'><strong>“79.</strong></span> 
     </span>
    </p>
   </div>
   <div class='ocr_carea' id='block_1_68' title="bbox 415 1949 873 1980">
    <p class='ocr_par' dir='ltr' id='par_1_68' title="bbox 415 1949 873 1980">
     <span class='ocr_line' id='line_1_68' title="bbox 415 1949 873 1980; baseline -0.009 0"><span class='ocrx_word' id='word_1_448' title='bbox 415 1952 504 1980; x_wconf 78' lang='lat' dir='ltr'><strong>Venio</strong></span> <span class='ocrx_word' id='word_1_449' title='bbox 516 1949 652 1978; x_wconf 63' lang='lat' dir='ltr'><strong>Anastasii</strong></span> <span class='ocrx_word' id='word_1_450' title='bbox 667 1949 873 1976; x_wconf 81' lang='lat' dir='ltr'><strong>Bibliothecarii.</strong></span> 
     </span>
    </p>
   </div>
   <div class='ocr_carea' id='block_1_69' title="bbox 287 2007 1029 2048">
    <p class='ocr_par' dir='ltr' id='par_1_69' title="bbox 287 2007 1029 2048">
     <span class='ocr_line' id='line_1_69' title="bbox 287 2007 1029 2048; baseline -0.007 -8"><span class='ocrx_word' id='word_1_451' title='bbox 287 2013 358 2048; x_wconf 73' lang='lat' dir='ltr'><strong>Ergo</strong></span> <span class='ocrx_word' id='word_1_452' title='bbox 374 2010 478 2046; x_wconf 87' lang='lat' dir='ltr'><strong>liquido</strong></span> <span class='ocrx_word' id='word_1_453' title='bbox 493 2009 710 2036; x_wconf 85' lang='lat' dir='ltr'><strong>demonstratum</strong></span> <span class='ocrx_word' id='word_1_454' title='bbox 732 2011 774 2034; x_wconf 83' lang='lat' dir='ltr'><strong>est</strong></span> <span class='ocrx_word' id='word_1_455' title='bbox 784 2027 790 2039; x_wconf 85' lang='lat'>.</span> <span class='ocrx_word' id='word_1_456' title='bbox 807 2007 881 2042; x_wconf 88' lang='lat' dir='ltr'><strong>quod</strong></span> <span class='ocrx_word' id='word_1_457' title='bbox 896 2015 1029 2043; x_wconf 86' lang='lat' dir='ltr'><strong>nusquam</strong></span> 
     </span>
    </p>
   </div>
   <div class='ocr_carea' id='block_1_70' title="bbox 253 2052 1029 2090">
    <p class='ocr_par' dir='ltr' id='par_1_70' title="bbox 253 2052 1029 2090">
     <span class='ocr_line' id='line_1_70' title="bbox 253 2052 1029 2090; baseline -0.004 -5"><span class='ocrx_word' id='word_1_458' title='bbox 253 2058 381 2086; x_wconf 79' lang='lat' dir='ltr'><strong>Dominus</strong></span> <span class='ocrx_word' id='word_1_459' title='bbox 396 2056 438 2083; x_wconf 88' lang='lat' dir='ltr'><strong>vel</strong></span> <span class='ocrx_word' id='word_1_460' title='bbox 453 2053 569 2090; x_wconf 65' lang='grc' dir='ltr'>θροειοιί</span> <span class='ocrx_word' id='word_1_461' title='bbox 589 2057 635 2080; x_wconf 92' lang='lat' dir='ltr'><strong>aut</strong></span> <span class='ocrx_word' id='word_1_462' title='bbox 651 2052 763 2086; x_wconf 81' lang='lat' dir='ltr'><strong>Patres,</strong></span> <span class='ocrx_word' id='word_1_463' title='bbox 785 2053 929 2087; x_wconf 79' lang='lat' dir='ltr'><strong>imaginem</strong></span> <span class='ocrx_word' id='word_1_464' title='bbox 952 2055 1029 2082; x_wconf 79' lang='lat' dir='ltr'><strong>dixe-</strong></span> 
     </span>
    </p>
   </div>
   <div class='ocr_carea' id='block_1_71' title="bbox 251 2098 1028 2134">
    <p class='ocr_par' dir='ltr' id='par_1_71' title="bbox 251 2098 1028 2134">
     <span class='ocr_line' id='line_1_71' title="bbox 251 2098 1028 2134; baseline -0.005 -4"><span class='ocrx_word' id='word_1_465' title='bbox 251 2106 315 2131; x_wconf 84' lang='lat' dir='ltr'><strong>runt</strong></span> <span class='ocrx_word' id='word_1_466' title='bbox 328 2101 491 2129; x_wconf 76' lang='lat' dir='ltr'><strong>sacriﬁcium</strong></span> <span class='ocrx_word' id='word_1_467' title='bbox 506 2100 565 2127; x_wconf 85' lang='lat' dir='ltr'><strong>sine</strong></span> <span class='ocrx_word' id='word_1_468' title='bbox 575 2098 706 2134; x_wconf 79' lang='lat' dir='ltr'><strong>sanguine</strong></span> <span class='ocrx_word' id='word_1_469' title='bbox 713 2098 785 2134; x_wconf 84' lang='lat' dir='ltr'><strong>quod</strong></span> <span class='ocrx_word' id='word_1_470' title='bbox 797 2106 845 2134; x_wconf 84' lang='lat' dir='ltr'><strong>per</strong></span> <span class='ocrx_word' id='word_1_471' title='bbox 859 2100 1028 2127; x_wconf 87' lang='lat' dir='ltr'><strong>sacerdotem</strong></span> 
     </span>
    </p>
   </div>
   <div class='ocr_carea' id='block_1_72' title="bbox 250 2145 1027 2181">
    <p class='ocr_par' dir='ltr' id='par_1_72' title="bbox 250 2145 1027 2181">
     <span class='ocr_line' id='line_1_72' title="bbox 250 2145 1027 2181; baseline -0.003 -6"><span class='ocrx_word' id='word_1_472' title='bbox 250 2148 372 2178; x_wconf 54' lang='grc' dir='ltr'>«ναίει-ειη,</span> <span class='ocrx_word' id='word_1_473' title='bbox 388 2146 436 2174; x_wconf 84' lang='lat' dir='ltr'><strong>sed</strong></span> <span class='ocrx_word' id='word_1_474' title='bbox 450 2146 539 2181; x_wconf 72' lang='lat' dir='ltr'><strong>ipsum</strong></span> <span class='ocrx_word' id='word_1_475' title='bbox 552 2152 651 2180; x_wconf 76' lang='lat' dir='ltr'><strong>corpus</strong></span> <span class='ocrx_word' id='word_1_476' title='bbox 663 2145 786 2179; x_wconf 78' lang='lat' dir='ltr'><strong>etipsum</strong></span> <span class='ocrx_word' id='word_1_477' title='bbox 802 2145 972 2180; x_wconf 78' lang='lat' dir='ltr'><strong>sanguinem.</strong></span> <span class='ocrx_word' id='word_1_478' title='bbox 995 2145 1027 2173; x_wconf 86' lang='lat' dir='ltr'><strong>Et</strong></span> 
     </span>
    </p>
   </div>
   <div class='ocr_carea' id='block_1_73' title="bbox 250 2190 1027 2227">
    <p class='ocr_par' dir='ltr' id='par_1_73' title="bbox 250 2190 1027 2227">
     <span class='ocr_line' id='line_1_73' title="bbox 250 2190 1027 2227; baseline -0.003 -6"><span class='ocrx_word' id='word_1_479' title='bbox 250 2198 312 2221; x_wconf 84' lang='lat' dir='ltr'><strong>ante</strong></span> <span class='ocrx_word' id='word_1_480' title='bbox 317 2192 540 2221; x_wconf 82' lang='lat' dir='ltr'><strong>sanctiﬁcationis</strong></span> <span class='ocrx_word' id='word_1_481' title='bbox 548 2190 655 2225; x_wconf 83' lang='lat' dir='ltr'><strong>quidem</strong></span> <span class='ocrx_word' id='word_1_482' title='bbox 666 2190 875 2218; x_wconf 82' lang='lat' dir='ltr'><strong>celebrationem</strong></span> <span class='ocrx_word' id='word_1_483' title='bbox 880 2191 994 2227; x_wconf 81' lang='lat' dir='ltr'><strong>,-typos(l</strong></span> <span class='ocrx_word' id='word_1_484' title='bbox 1000 2191 1027 2226; x_wconf 88' lang='lat'><strong>9)</strong></span> 
     </span>
    </p>
   </div>
   <div class='ocr_carea' id='block_1_74' title="bbox 249 2235 1029 2274">
    <p class='ocr_par' dir='ltr' id='par_1_74' title="bbox 249 2235 1029 2274">
     <span class='ocr_line' id='line_1_74' title="bbox 249 2235 1029 2274; baseline -0.003 -9"><span class='ocrx_word' id='word_1_485' title='bbox 249 2238 410 2274; x_wconf 83' lang='lat' dir='ltr'><strong>quibusdam</strong></span> <span class='ocrx_word' id='word_1_486' title='bbox 425 2236 474 2264; x_wconf 84' lang='lat' dir='ltr'><strong>SS.</strong></span> <span class='ocrx_word' id='word_1_487' title='bbox 491 2236 602 2263; x_wconf 83' lang='lat' dir='ltr'><strong>Patrum</strong></span> <span class='ocrx_word' id='word_1_488' title='bbox 623 2235 680 2263; x_wconf 56' lang='lat' dir='ltr'><strong>hac</strong></span> <span class='ocrx_word' id='word_1_489' title='bbox 700 2236 744 2271; x_wconf 79' lang='lat' dir='ltr'><strong>pie</strong></span> <span class='ocrx_word' id='word_1_490' title='bbox 765 2236 853 2263; x_wconf 86' lang='lat' dir='ltr'><strong>visum</strong></span> <span class='ocrx_word' id='word_1_491' title='bbox 874 2240 917 2264; x_wconf 87' lang='lat' dir='ltr'><strong>est</strong></span> <span class='ocrx_word' id='word_1_492' title='bbox 941 2237 1029 2263; x_wconf 89' lang='lat' dir='ltr'><strong>nomi-</strong></span> 
     </span>
    </p>
   </div>
   <div class='ocr_carea' id='block_1_75' title="bbox 249 2281 1028 2319">
    <p class='ocr_par' dir='ltr' id='par_1_75' title="bbox 249 2281 1028 2319">
     <span class='ocr_line' id='line_1_75' title="bbox 249 2281 1028 2319; baseline -0.004 -7"><span class='ocrx_word' id='word_1_493' title='bbox 249 2292 331 2318; x_wconf 83' lang='lat' dir='ltr'><strong>nare;</strong></span> <span class='ocrx_word' id='word_1_494' title='bbox 352 2291 467 2319; x_wconf 78' lang='lat' dir='ltr'><strong>quorum</strong></span> <span class='ocrx_word' id='word_1_495' title='bbox 485 2286 527 2310; x_wconf 91' lang='lat' dir='ltr'><strong>est</strong></span> <span class='ocrx_word' id='word_1_496' title='bbox 543 2281 700 2310; x_wconf 82' lang='lat' dir='ltr'><strong>Eustathius</strong></span> <span class='ocrx_word' id='word_1_497' title='bbox 722 2286 909 2318; x_wconf 77' lang='lat' dir='ltr'><strong>propugnator</strong></span> <span class='ocrx_word' id='word_1_498' title='bbox 931 2283 1028 2309; x_wconf 90' lang='lat' dir='ltr'><strong>ortho-</strong></span> 
     </span>
    </p>
   </div>
   <div class='ocr_carea' id='block_1_76' title="bbox 247 2327 1027 2361">
    <p class='ocr_par' dir='ltr' id='par_1_76' title="bbox 247 2327 1027 2361">
     <span class='ocr_line' id='line_1_76' title="bbox 247 2327 1027 2361; baseline -0.001 -4"><span class='ocrx_word' id='word_1_499' title='bbox 247 2330 324 2357; x_wconf 55' lang='lat' dir='ltr'><strong>doxa!</strong></span> <span class='ocrx_word' id='word_1_500' title='bbox 337 2329 396 2357; x_wconf 87' lang='lat' dir='ltr'><strong>lidei</strong></span> <span class='ocrx_word' id='word_1_501' title='bbox 409 2333 436 2356; x_wconf 89' lang='lat' dir='ltr'><strong>ct</strong></span> <span class='ocrx_word' id='word_1_502' title='bbox 446 2329 552 2356; x_wconf 70' lang='lat' dir='ltr'><strong>Arianae</strong></span> <span class='ocrx_word' id='word_1_503' title='bbox 563 2327 718 2355; x_wconf 85' lang='lat' dir='ltr'><strong>destructor</strong></span> <span class='ocrx_word' id='word_1_504' title='bbox 726 2328 852 2360; x_wconf 61' lang='lat' dir='ltr'><strong>vesania,</strong></span> <span class='ocrx_word' id='word_1_505' title='bbox 863 2332 891 2356; x_wconf 87' lang='lat' dir='ltr'><strong>et</strong></span> <span class='ocrx_word' id='word_1_506' title='bbox 901 2327 1027 2361; x_wconf 83' lang='lat' dir='ltr'><strong>Basilius,</strong></span> 
     </span>
    </p>
   </div>
   <div class='ocr_carea' id='block_1_77' title="bbox 247 2374 1028 2410">
    <p class='ocr_par' dir='ltr' id='par_1_77' title="bbox 247 2374 1028 2410">
     <span class='ocr_line' id='line_1_77' title="bbox 247 2374 1028 2410; baseline -0.003 -8"><span class='ocrx_word' id='word_1_507' title='bbox 247 2376 369 2410; x_wconf 81' lang='lat' dir='ltr'><strong>ejusdem</strong></span> <span class='ocrx_word' id='word_1_508' title='bbox 387 2375 502 2402; x_wconf 75' lang='lat' dir='ltr'><strong>infelicis</strong></span> <span class='ocrx_word' id='word_1_509' title='bbox 513 2374 715 2410; x_wconf 74' lang='lat' dir='ltr'><strong>superstitionis</strong></span> <span class='ocrx_word' id='word_1_510' title='bbox 729 2374 879 2409; x_wconf 88' lang='lat' dir='ltr'><strong>depositor,</strong></span> <span class='ocrx_word' id='word_1_511' title='bbox 893 2374 939 2408; x_wconf 92' lang='lat' dir='ltr'><strong>qui</strong></span> <span class='ocrx_word' id='word_1_512' title='bbox 948 2381 1028 2401; x_wconf 78' lang='lat' dir='ltr'><strong>omne</strong></span> 
     </span>
    </p>
   </div>
   <div class='ocr_carea' id='block_1_78' title="bbox 246 2418 1027 2457">
    <p class='ocr_par' dir='ltr' id='par_1_78' title="bbox 246 2418 1027 2457">
     <span class='ocr_line' id='line_1_78' title="bbox 246 2418 1027 2457; baseline -0.004 -9"><span class='ocrx_word' id='word_1_513' title='bbox 246 2422 318 2457; x_wconf 86' lang='lat' dir='ltr'><strong>quod</strong></span> <span class='ocrx_word' id='word_1_514' title='bbox 342 2421 393 2449; x_wconf 88' lang='lat' dir='ltr'><strong>sub</strong></span> <span class='ocrx_word' id='word_1_515' title='bbox 414 2421 471 2448; x_wconf 85' lang='lat' dir='ltr'><strong>sole</strong></span> <span class='ocrx_word' id='word_1_516' title='bbox 492 2423 552 2452; x_wconf 77' lang='lat' dir='ltr'><strong>est,</strong></span> <span class='ocrx_word' id='word_1_517' title='bbox 577 2420 685 2455; x_wconf 82' lang='lat' dir='ltr'><strong>planam</strong></span> <span class='ocrx_word' id='word_1_518' title='bbox 711 2422 848 2446; x_wconf 87' lang='lat' dir='ltr'><strong>rectorum</strong></span> <span class='ocrx_word' id='word_1_519' title='bbox 870 2418 1027 2454; x_wconf 75' lang='lat' dir='ltr'><strong>dogmatum</strong></span> 
     </span>
    </p>
   </div>
   <div class='ocr_carea' id='block_1_79' title="bbox 246 2464 1027 2499">
    <p class='ocr_par' dir='ltr' id='par_1_79' title="bbox 246 2464 1027 2499">
     <span class='ocr_line' id='line_1_79' title="bbox 246 2464 1027 2499; baseline -0.004 -4"><span class='ocrx_word' id='word_1_520' title='bbox 246 2468 334 2495; x_wconf 84' lang='lat' dir='ltr'><strong>basim</strong></span> <span class='ocrx_word' id='word_1_521' title='bbox 368 2467 486 2494; x_wconf 90' lang='lat' dir='ltr'><strong>edocuit.</strong></span> <span class='ocrx_word' id='word_1_522' title='bbox 518 2467 559 2493; x_wconf 70' lang='lat' dir='ltr'><strong>Et</strong></span> <span class='ocrx_word' id='word_1_523' title='bbox 581 2473 636 2493; x_wconf 91' lang='lat' dir='ltr'><strong>uno</strong></span> <span class='ocrx_word' id='word_1_524' title='bbox 661 2464 735 2492; x_wconf 86' lang='lat' dir='ltr'><strong>enim</strong></span> <span class='ocrx_word' id='word_1_525' title='bbox 758 2464 908 2499; x_wconf 86' lang='lat' dir='ltr'><strong>eodemque</strong></span> <span class='ocrx_word' id='word_1_526' title='bbox 929 2464 1027 2499; x_wconf 87' lang='lat' dir='ltr'><strong>spiritu</strong></span> 
     </span>
    </p>
   </div>
   <div class='ocr_carea' id='block_1_80' title="bbox 245 2511 1029 2549">
    <p class='ocr_par' dir='ltr' id='par_1_80' title="bbox 245 2511 1029 2549">
     <span class='ocr_line' id='line_1_80' title="bbox 245 2511 1029 2549; baseline -0.005 -7"><span class='ocrx_word' id='word_1_527' title='bbox 245 2515 428 2549; x_wconf 67' lang='lat' dir='ltr'><strong>disputant-2s,</strong></span> <span class='ocrx_word' id='word_1_528' title='bbox 441 2520 511 2540; x_wconf 93' lang='lat' dir='ltr'><strong>unus</strong></span> <span class='ocrx_word' id='word_1_529' title='bbox 522 2512 632 2548; x_wconf 87' lang='lat' dir='ltr'><strong>quidem</strong></span> <span class='ocrx_word' id='word_1_530' title='bbox 646 2519 740 2540; x_wconf 91' lang='lat' dir='ltr'><strong>eorum</strong></span> <span class='ocrx_word' id='word_1_531' title='bbox 756 2511 939 2545; x_wconf 90' lang='lat' dir='ltr'><strong>interpretans</strong></span> <span class='ocrx_word' id='word_1_532' title='bbox 954 2511 1029 2538; x_wconf 91' lang='lat' dir='ltr'><strong>Salo-</strong></span> 
     </span>
    </p>
   </div>
   <div class='ocr_carea' id='block_1_81' title="bbox 246 2555 1028 2592">
    <p class='ocr_par' dir='ltr' id='par_1_81' title="bbox 246 2555 1028 2592">
     <span class='ocr_line' id='line_1_81' title="bbox 246 2555 1028 2592; baseline -0.004 -7"><span class='ocrx_word' id='word_1_533' title='bbox 246 2559 399 2585; x_wconf 87' lang='lat' dir='ltr'><strong>moniacum</strong></span> <span class='ocrx_word' id='word_1_534' title='bbox 414 2558 517 2585; x_wconf 90' lang='lat' dir='ltr'><strong>dictum</strong></span> <span class='ocrx_word' id='word_1_535' title='bbox 534 2557 606 2592; x_wconf 85' lang='lat' dir='ltr'><strong>quod</strong></span> <span class='ocrx_word' id='word_1_536' title='bbox 624 2557 652 2584; x_wconf 91' lang='lat' dir='ltr'><strong>in</strong></span> <span class='ocrx_word' id='word_1_537' title='bbox 667 2556 822 2584; x_wconf 80' lang='lat' dir='ltr'><strong>Proverbiis</strong></span> <span class='ocrx_word' id='word_1_538' title='bbox 843 2556 941 2591; x_wconf 79' lang='lat' dir='ltr'><strong>legitur</strong></span> <span class='ocrx_word' id='word_1_539' title='bbox 955 2565 962 2583; x_wconf 89' lang='lat'><strong>:</strong></span> <span class='ocrx_word' id='word_1_540' title='bbox 979 2555 1028 2583; x_wconf 89' lang='lat' dir='ltr'><strong>Co-</strong></span> 
     </span>
    </p>
   </div>
   <div class='ocr_carea' id='block_1_82' title="bbox 245 2595 1026 2638">
    <p class='ocr_par' dir='ltr' id='par_1_82' title="bbox 245 2595 1026 2638">
     <span class='ocr_line' id='line_1_82' title="bbox 245 2595 1026 2638; baseline 0 -8"><span class='ocrx_word' id='word_1_541' title='bbox 245 2604 338 2630; x_wconf 79' lang='lat' dir='ltr'><strong>mcdile</strong></span> <span class='ocrx_word' id='word_1_542' title='bbox 357 2612 450 2638; x_wconf 82' lang='lat' dir='ltr'><strong>panem</strong></span> <span class='ocrx_word' id='word_1_543' title='bbox 471 2611 557 2630; x_wconf 81' lang='lat' dir='ltr'><strong>meum</strong></span> <span class='ocrx_word' id='word_1_544' title='bbox 575 2607 600 2630; x_wconf 77' lang='grc' dir='ltr'>ιι</span> <span class='ocrx_word' id='word_1_545' title='bbox 622 2595 702 2629; x_wconf 52' lang='lat' dir='ltr'><strong>bibite</strong></span> <span class='ocrx_word' id='word_1_546' title='bbox 724 2602 812 2628; x_wconf 80' lang='lat' dir='ltr'><strong>uinum</strong></span> <span class='ocrx_word' id='word_1_547' title='bbox 832 2601 901 2636; x_wconf 81' lang='lat' dir='ltr'><strong>quod</strong></span> <span class='ocrx_word' id='word_1_548' title='bbox 931 2603 1026 2630; x_wconf 75' lang='lat' dir='ltr'><strong>miscui</strong></span> 
     </span>
    </p>
   </div>
   <div class='ocr_carea' id='block_1_83' title="bbox 279 2680 1023 2717">
    <p class='ocr_par' dir='ltr' id='par_1_83' title="bbox 279 2680 1023 2717">
     <span class='ocr_line' id='line_1_83' title="bbox 279 2680 1023 2717; baseline -0.001 -9"><span class='ocrx_word' id='word_1_549' title='bbox 279 2683 336 2717; x_wconf 84' lang='lat' dir='ltr'><strong>(l9)</strong></span> <span class='ocrx_word' id='word_1_550' title='bbox 351 2682 566 2714; x_wconf 80' lang='lat' dir='ltr'><strong>Celebrationem,</strong></span> <span class='ocrx_word' id='word_1_551' title='bbox 583 2686 666 2716; x_wconf 72' lang='lat' dir='ltr'><strong>typos.</strong></span> <span class='ocrx_word' id='word_1_552' title='bbox 682 2680 741 2714; x_wconf 71' lang='lat' dir='ltr'><strong>GL,</strong></span> <span class='ocrx_word' id='word_1_553' title='bbox 759 2682 1023 2717; x_wconf 67' lang='lat' dir='ltr'><strong>consummationem,</strong></span> 
     </span>
    </p>
   </div>
   <div class='ocr_carea' id='block_1_84' title="bbox 245 2717 1022 2752">
    <p class='ocr_par' dir='ltr' id='par_1_84' title="bbox 245 2717 1022 2752">
     <span class='ocr_line' id='line_1_84' title="bbox 245 2717 1022 2752; baseline -0.001 -8"><span class='ocrx_word' id='word_1_554' title='bbox 245 2718 373 2752; x_wconf 76' lang='lat' dir='ltr'><strong>antilypa.</strong></span> <span class='ocrx_word' id='word_1_555' title='bbox 391 2717 565 2744; x_wconf 77' lang='lat' dir='ltr'><strong>Sacramenta</strong></span> <span class='ocrx_word' id='word_1_556' title='bbox 577 2717 699 2751; x_wconf 84' lang='lat' dir='ltr'><strong>corporis</strong></span> <span class='ocrx_word' id='word_1_557' title='bbox 714 2721 741 2744; x_wconf 90' lang='lat' dir='ltr'><strong>et</strong></span> <span class='ocrx_word' id='word_1_558' title='bbox 751 2717 890 2751; x_wconf 72' lang='lat' dir='ltr'><strong>sanguinis</strong></span> <span class='ocrx_word' id='word_1_559' title='bbox 906 2717 1022 2749; x_wconf 87' lang='lat' dir='ltr'><strong>Domini,</strong></span> 
     </span>
    </p>
   </div>
   <div class='ocr_carea' id='block_1_85' title="bbox 245 2752 1024 2787">
    <p class='ocr_par' dir='ltr' id='par_1_85' title="bbox 245 2752 1024 2787">
     <span class='ocr_line' id='line_1_85' title="bbox 245 2752 1024 2787; baseline -0.001 -9"><span class='ocrx_word' id='word_1_560' title='bbox 245 2753 377 2778; x_wconf 79' lang='grc' dir='ltr'>ἀντίτυπα</span> <span class='ocrx_word' id='word_1_561' title='bbox 392 2754 526 2787; x_wconf 80' lang='grc' dir='ltr'>μυστήρια</span> <span class='ocrx_word' id='word_1_562' title='bbox 543 2756 621 2779; x_wconf 86' lang='lat' dir='ltr'><strong>vocat</strong></span> <span class='ocrx_word' id='word_1_563' title='bbox 635 2752 717 2787; x_wconf 82' lang='lat' dir='ltr'><strong>etiam</strong></span> <span class='ocrx_word' id='word_1_564' title='bbox 733 2756 828 2778; x_wconf 87' lang='lat' dir='ltr'><strong>auctor</strong></span> <span class='ocrx_word' id='word_1_565' title='bbox 850 2752 1024 2787; x_wconf 69' lang='lat' dir='ltr'><strong>Constitutio-</strong></span> 
     </span>
    </p>
   </div>
   <div class='ocr_carea' id='block_1_86' title="bbox 246 2786 1021 2821">
    <p class='ocr_par' dir='ltr' id='par_1_86' title="bbox 246 2786 1021 2821">
     <span class='ocr_line' id='line_1_86' title="bbox 246 2786 1021 2821; baseline 0 -8"><span class='ocrx_word' id='word_1_566' title='bbox 246 2795 306 2813; x_wconf 82' lang='lat' dir='ltr'><strong>num</strong></span> <span class='ocrx_word' id='word_1_567' title='bbox 323 2792 407 2819; x_wconf 76' lang='lat' dir='ltr'><strong>apost.</strong></span> <span class='ocrx_word' id='word_1_568' title='bbox 432 2786 518 2817; x_wconf 52' lang='lat' dir='ltr'><strong>lthv,</strong></span> <span class='ocrx_word' id='word_1_569' title='bbox 534 2794 594 2821; x_wconf 85' lang='lat' dir='ltr'><strong>cap.</strong></span> <span class='ocrx_word' id='word_1_570' title='bbox 617 2786 660 2817; x_wconf 64' lang='grc' dir='ltr'><strong>εί,</strong></span> <span class='ocrx_word' id='word_1_571' title='bbox 673 2787 718 2813; x_wconf 85' lang='lat' dir='ltr'><strong>lib.</strong></span> <span class='ocrx_word' id='word_1_572' title='bbox 735 2794 772 2817; x_wconf 61' lang='grc' dir='ltr'><strong>τι,</strong></span> <span class='ocrx_word' id='word_1_573' title='bbox 796 2794 856 2821; x_wconf 85' lang='lat' dir='ltr'><strong>cap.</strong></span> <span class='ocrx_word' id='word_1_574' title='bbox 871 2787 917 2816; x_wconf 79' lang='lat'><strong>50.</strong></span> <span class='ocrx_word' id='word_1_575' title='bbox 932 2791 958 2813; x_wconf 90' lang='lat' dir='ltr'><strong>et</strong></span> <span class='ocrx_word' id='word_1_576' title='bbox 974 2786 1021 2813; x_wconf 89' lang='lat' dir='ltr'><strong>lib.</strong></span> 
     </span>
    </p>
   </div>
   <div class='ocr_carea' id='block_1_87' title="bbox 245 2821 1021 2857">
    <p class='ocr_par' dir='ltr' id='par_1_87' title="bbox 245 2821 1021 2857">
     <span class='ocr_line' id='line_1_87' title="bbox 245 2821 1021 2857; baseline 0 -9"><span class='ocrx_word' id='word_1_577' title='bbox 245 2829 293 2853; x_wconf 87' lang='lat' dir='ltr'><strong>vu,</strong></span> <span class='ocrx_word' id='word_1_578' title='bbox 309 2830 368 2856; x_wconf 82' lang='lat' dir='ltr'><strong>cup.</strong></span> <span class='ocrx_word' id='word_1_579' title='bbox 383 2821 427 2847; x_wconf 74' lang='lat'><strong>9.5.</strong></span> <span class='ocrx_word' id='word_1_580' title='bbox 445 2821 489 2848; x_wconf 88' lang='lat' dir='ltr'><strong>Sic</strong></span> <span class='ocrx_word' id='word_1_581' title='bbox 503 2822 565 2849; x_wconf 90' lang='lat' dir='ltr'><strong>item</strong></span> <span class='ocrx_word' id='word_1_582' title='bbox 581 2821 666 2848; x_wconf 74' lang='lat' dir='ltr'><strong>Graeci</strong></span> <span class='ocrx_word' id='word_1_583' title='bbox 679 2821 773 2849; x_wconf 83' lang='lat' dir='ltr'><strong>Patres</strong></span> <span class='ocrx_word' id='word_1_584' title='bbox 782 2821 838 2857; x_wconf 85' lang='lat' dir='ltr'><strong>jam</strong></span> <span class='ocrx_word' id='word_1_585' title='bbox 853 2821 1021 2849; x_wconf 78' lang='lat' dir='ltr'><strong>sanctiﬁcata</strong></span> 
     </span>
    </p>
   </div>
   <div class='ocr_carea' id='block_1_88' title="bbox 1115 2006 1860 2044">
    <p class='ocr_par' dir='ltr' id='par_1_88' title="bbox 1115 2006 1860 2044">
     <span class='ocr_line' id='line_1_88' title="bbox 1115 2006 1860 2044; baseline 0.003 -10"><span class='ocrx_word' id='word_1_586' title='bbox 1115 2006 1218 2035; x_wconf 73' lang='grc' dir='ltr'>Οὐκοῦν</span> <span class='ocrx_word' id='word_1_587' title='bbox 1244 2008 1335 2043; x_wconf 81' lang='grc' dir='ltr'>σαφῶς</span> <span class='ocrx_word' id='word_1_588' title='bbox 1351 2009 1546 2042; x_wconf 77' lang='grc' dir='ltr'>ἀποδέδεικται,</span> <span class='ocrx_word' id='word_1_589' title='bbox 1573 2009 1613 2036; x_wconf 77' lang='grc' dir='ltr'>ὅτι</span> <span class='ocrx_word' id='word_1_590' title='bbox 1637 2009 1761 2044; x_wconf 82' lang='grc' dir='ltr'>οὐδαμοῦ</span> <span class='ocrx_word' id='word_1_591' title='bbox 1775 2009 1835 2037; x_wconf 74' lang='grc' dir='ltr'>οὔτε</span> <span class='ocrx_word' id='word_1_592' title='bbox 1847 2011 1860 2037; x_wconf 83' lang='grc'>6</span> 
     </span>
    </p>
   </div>
   <div class='ocr_carea' id='block_1_89' title="bbox 1080 2053 1860 2091">
    <p class='ocr_par' dir='ltr' id='par_1_89' title="bbox 1080 2053 1860 2091">
     <span class='ocr_line' id='line_1_89' title="bbox 1080 2053 1860 2091; baseline 0.004 -12"><span class='ocrx_word' id='word_1_593' title='bbox 1080 2053 1190 2088; x_wconf 80' lang='grc' dir='ltr'>Κύριος,</span> <span class='ocrx_word' id='word_1_594' title='bbox 1209 2053 1270 2080; x_wconf 71' lang='grc' dir='ltr'>οὒτε</span> <span class='ocrx_word' id='word_1_595' title='bbox 1291 2055 1315 2080; x_wconf 86' lang='grc' dir='ltr'><strong>οί</strong></span> <span class='ocrx_word' id='word_1_596' title='bbox 1343 2054 1483 2081; x_wconf 80' lang='grc' dir='ltr'>ἀπόστολοι</span> <span class='ocrx_word' id='word_1_597' title='bbox 1499 2055 1515 2090; x_wconf 75' lang='grc' dir='ltr'><strong>ἢ</strong></span> <span class='ocrx_word' id='word_1_598' title='bbox 1535 2055 1654 2091; x_wconf 86' lang='grc' dir='ltr'>Πατέρες</span> <span class='ocrx_word' id='word_1_599' title='bbox 1671 2055 1766 2082; x_wconf 74' lang='grc' dir='ltr'>εἰκόνα</span> <span class='ocrx_word' id='word_1_600' title='bbox 1790 2054 1860 2082; x_wconf 76' lang='grc' dir='ltr'>εἶπον</span> 
     </span>
    </p>
   </div>
   <div class='ocr_carea' id='block_1_90' title="bbox 1079 2101 1855 2138">
    <p class='ocr_par' dir='ltr' id='par_1_90' title="bbox 1079 2101 1855 2138">
     <span class='ocr_line' id='line_1_90' title="bbox 1079 2101 1855 2138; baseline 0.001 -10"><span class='ocrx_word' id='word_1_601' title='bbox 1079 2101 1128 2137; x_wconf 82' lang='grc' dir='ltr'>τὴν</span> <span class='ocrx_word' id='word_1_602' title='bbox 1143 2101 1186 2128; x_wconf 83' lang='grc' dir='ltr'>διὰ</span> <span class='ocrx_word' id='word_1_603' title='bbox 1200 2101 1245 2128; x_wconf 78' lang='grc' dir='ltr'>τοῦ</span> <span class='ocrx_word' id='word_1_604' title='bbox 1264 2102 1359 2137; x_wconf 73' lang='grc' dir='ltr'>ἱερέως</span> <span class='ocrx_word' id='word_1_605' title='bbox 1383 2102 1605 2138; x_wconf 73' lang='grc' dir='ltr'>προσφερομένην</span> <span class='ocrx_word' id='word_1_606' title='bbox 1629 2102 1801 2137; x_wconf 82' lang='grc' dir='ltr'>ἀναίμακτον</span> <span class='ocrx_word' id='word_1_607' title='bbox 1819 2103 1855 2130; x_wconf 61' lang='grc' dir='ltr'><strong>θυι</strong></span> 
     </span>
    </p>
   </div>
   <div class='ocr_carea' id='block_1_91' title="bbox 1080 2144 1859 2181">
    <p class='ocr_par' dir='ltr' id='par_1_91' title="bbox 1080 2144 1859 2181">
     <span class='ocr_line' id='line_1_91' title="bbox 1080 2144 1859 2181; baseline -0.001 -9"><span class='ocrx_word' id='word_1_608' title='bbox 1080 2146 1149 2178; x_wconf 86' lang='grc' dir='ltr'>σίαν,</span> <span class='ocrx_word' id='word_1_609' title='bbox 1166 2146 1232 2172; x_wconf 82' lang='grc' dir='ltr'>ἀλλὰ</span> <span class='ocrx_word' id='word_1_610' title='bbox 1246 2146 1312 2172; x_wconf 83' lang='grc' dir='ltr'>αὐτὸ</span> <span class='ocrx_word' id='word_1_611' title='bbox 1335 2146 1413 2181; x_wconf 86' lang='grc' dir='ltr'>σῶμα</span> <span class='ocrx_word' id='word_1_612' title='bbox 1432 2147 1478 2172; x_wconf 81' lang='grc' dir='ltr'>καὶ</span> <span class='ocrx_word' id='word_1_613' title='bbox 1498 2146 1564 2173; x_wconf 78' lang='grc' dir='ltr'>αὐτὸ</span> <span class='ocrx_word' id='word_1_614' title='bbox 1578 2144 1657 2181; x_wconf 77' lang='grc' dir='ltr'>αἷμα.</span> <span class='ocrx_word' id='word_1_615' title='bbox 1674 2146 1730 2172; x_wconf 79' lang='grc' dir='ltr'><strong>Καὶ</strong></span> <span class='ocrx_word' id='word_1_616' title='bbox 1747 2147 1802 2181; x_wconf 75' lang='grc' dir='ltr'>πρὸ</span> <span class='ocrx_word' id='word_1_617' title='bbox 1816 2147 1859 2181; x_wconf 81' lang='grc' dir='ltr'>μὲν</span> 
     </span>
    </p>
   </div>
   <div class='ocr_carea' id='block_1_92' title="bbox 1078 2191 1858 2228">
    <p class='ocr_par' dir='ltr' id='par_1_92' title="bbox 1078 2191 1858 2228">
     <span class='ocr_line' id='line_1_92' title="bbox 1078 2191 1858 2228; baseline 0 -10"><span class='ocrx_word' id='word_1_618' title='bbox 1078 2191 1127 2226; x_wconf 80' lang='grc' dir='ltr'>τῆς</span> <span class='ocrx_word' id='word_1_619' title='bbox 1150 2192 1196 2218; x_wconf 82' lang='grc' dir='ltr'>τοῦ</span> <span class='ocrx_word' id='word_1_620' title='bbox 1224 2192 1359 2228; x_wconf 81' lang='grc' dir='ltr'>ἀγιασμοῦ</span> <span class='ocrx_word' id='word_1_621' title='bbox 1384 2192 1546 2224; x_wconf 84' lang='grc' dir='ltr'>τελειώσεως</span> <span class='ocrx_word' id='word_1_622' title='bbox 1571 2192 1704 2220; x_wconf 88' lang='grc' dir='ltr'>ἀντίτυπά</span> <span class='ocrx_word' id='word_1_623' title='bbox 1729 2201 1786 2218; x_wconf 82' lang='grc' dir='ltr'><strong>⁴τισι</strong></span> <span class='ocrx_word' id='word_1_624' title='bbox 1809 2192 1858 2218; x_wconf 84' lang='grc' dir='ltr'><strong>τῶν</strong></span> 
     </span>
    </p>
   </div>
   <div class='ocr_carea' id='block_1_93' title="bbox 1079 2236 1857 2274">
    <p class='ocr_par' dir='ltr' id='par_1_93' title="bbox 1079 2236 1857 2274">
     <span class='ocr_line' id='line_1_93' title="bbox 1079 2236 1857 2274; baseline 0 -11"><span class='ocrx_word' id='word_1_625' title='bbox 1079 2238 1163 2272; x_wconf 82' lang='grc' dir='ltr'>ἁγίων</span> <span class='ocrx_word' id='word_1_626' title='bbox 1184 2237 1313 2274; x_wconf 80' lang='grc' dir='ltr'>Πατέρων</span> <span class='ocrx_word' id='word_1_627' title='bbox 1342 2238 1459 2270; x_wconf 69' lang='grc' dir='ltr'>εὐσεϐῶς</span> <span class='ocrx_word' id='word_1_628' title='bbox 1484 2238 1571 2272; x_wconf 75' lang='grc' dir='ltr'>ἔδοξεν</span> <span class='ocrx_word' id='word_1_629' title='bbox 1597 2238 1798 2273; x_wconf 78' lang='grc' dir='ltr'>ὀνομάζεσθαι·</span> <span class='ocrx_word' id='word_1_630' title='bbox 1825 2236 1857 2264; x_wconf 82' lang='grc' dir='ltr'>ὧν</span> 
     </span>
    </p>
   </div>
   <div class='ocr_carea' id='block_1_94' title="bbox 1080 2283 1856 2319">
    <p class='ocr_par' dir='ltr' id='par_1_94' title="bbox 1080 2283 1856 2319">
     <span class='ocr_line' id='line_1_94' title="bbox 1080 2283 1856 2319; baseline 0 -10"><span class='ocrx_word' id='word_1_631' title='bbox 1080 2284 1151 2310; x_wconf 77' lang='grc' dir='ltr'>ἐστιν</span> <span class='ocrx_word' id='word_1_632' title='bbox 1163 2284 1308 2316; x_wconf 82' lang='grc' dir='ltr'>Εὑστάθιος</span> <span class='ocrx_word' id='word_1_633' title='bbox 1318 2286 1331 2311; x_wconf 87' lang='lat'><strong>6</strong></span> <span class='ocrx_word' id='word_1_634' title='bbox 1344 2284 1475 2319; x_wconf 83' lang='grc' dir='ltr'>εὐσταθὴς</span> <span class='ocrx_word' id='word_1_635' title='bbox 1490 2284 1629 2319; x_wconf 82' lang='grc' dir='ltr'>πρόμαχος</span> <span class='ocrx_word' id='word_1_636' title='bbox 1649 2283 1699 2319; x_wconf 82' lang='grc' dir='ltr'>τῆς</span> <span class='ocrx_word' id='word_1_637' title='bbox 1718 2283 1856 2319; x_wconf 78' lang='grc' dir='ltr'>ὀρθοδόξου</span> 
     </span>
    </p>
   </div>
   <div class='ocr_carea' id='block_1_95' title="bbox 1079 2329 1855 2366">
    <p class='ocr_par' dir='ltr' id='par_1_95' title="bbox 1079 2329 1855 2366">
     <span class='ocr_line' id='line_1_95' title="bbox 1079 2329 1855 2366; baseline 0 -11"><span class='ocrx_word' id='word_1_638' title='bbox 1079 2329 1204 2363; x_wconf 81' lang='grc' dir='ltr'>πίστεως,</span> <span class='ocrx_word' id='word_1_639' title='bbox 1223 2331 1268 2357; x_wconf 74' lang='grc' dir='ltr'>καὶ</span> <span class='ocrx_word' id='word_1_640' title='bbox 1287 2331 1336 2366; x_wconf 82' lang='grc' dir='ltr'>τῆς</span> <span class='ocrx_word' id='word_1_641' title='bbox 1353 2331 1492 2366; x_wconf 80' lang='grc' dir='ltr'>Ἀρειανῆς</span> <span class='ocrx_word' id='word_1_642' title='bbox 1509 2329 1726 2364; x_wconf 63' lang='grc' dir='ltr'>κακοδαιμονίας</span> <span class='ocrx_word' id='word_1_643' title='bbox 1745 2329 1855 2355; x_wconf 84' lang='grc' dir='ltr'>καταλυ-</span> 
     </span>
    </p>
   </div>
   <div class='ocr_carea' id='block_1_96' title="bbox 1078 2375 1857 2411">
    <p class='ocr_par' dir='ltr' id='par_1_96' title="bbox 1078 2375 1857 2411">
     <span class='ocr_line' id='line_1_96' title="bbox 1078 2375 1857 2411; baseline 0 -10"><span class='ocrx_word' id='word_1_644' title='bbox 1078 2375 1137 2411; x_wconf 67' lang='grc' dir='ltr'>τὴς,</span> <span class='ocrx_word' id='word_1_645' title='bbox 1149 2376 1194 2402; x_wconf 81' lang='grc' dir='ltr'><strong>καὶ</strong></span> <span class='ocrx_word' id='word_1_646' title='bbox 1209 2376 1344 2407; x_wconf 85' lang='grc' dir='ltr'>Βασίλειος</span> <span class='ocrx_word' id='word_1_647' title='bbox 1356 2377 1404 2411; x_wconf 84' lang='grc' dir='ltr'>τῆς</span> <span class='ocrx_word' id='word_1_648' title='bbox 1416 2376 1501 2411; x_wconf 75' lang='grc' dir='ltr'>αὐτῆς</span> <span class='ocrx_word' id='word_1_649' title='bbox 1514 2375 1721 2410; x_wconf 76' lang='grc' dir='ltr'>δεισιδαιμονίας</span> <span class='ocrx_word' id='word_1_650' title='bbox 1733 2375 1857 2410; x_wconf 79' lang='grc' dir='ltr'>καθαιρέ-</span> 
     </span>
    </p>
   </div>
   <div class='ocr_carea' id='block_1_97' title="bbox 1075 2421 1854 2458">
    <p class='ocr_par' dir='ltr' id='par_1_97' title="bbox 1075 2421 1854 2458">
     <span class='ocr_line' id='line_1_97' title="bbox 1075 2421 1854 2458; baseline -0.001 -10"><span class='ocrx_word' id='word_1_651' title='bbox 1075 2430 1132 2456; x_wconf 79' lang='grc' dir='ltr'>της,</span> <span class='ocrx_word' id='word_1_652' title='bbox 1145 2423 1159 2448; x_wconf 90' lang='lat'><strong>6</strong></span> <span class='ocrx_word' id='word_1_653' title='bbox 1170 2422 1219 2458; x_wconf 78' lang='grc' dir='ltr'>τὴν</span> <span class='ocrx_word' id='word_1_654' title='bbox 1228 2423 1271 2457; x_wconf 80' lang='grc' dir='ltr'><strong>ὑφ’</strong></span> <span class='ocrx_word' id='word_1_655' title='bbox 1289 2423 1364 2458; x_wconf 76' lang='grc' dir='ltr'>ἥλιον</span> <span class='ocrx_word' id='word_1_656' title='bbox 1382 2423 1429 2458; x_wconf 81' lang='grc' dir='ltr'>τὴν</span> <span class='ocrx_word' id='word_1_657' title='bbox 1441 2423 1514 2449; x_wconf 83' lang='grc' dir='ltr'>λείαν</span> <span class='ocrx_word' id='word_1_658' title='bbox 1528 2421 1604 2457; x_wconf 85' lang='grc' dir='ltr'>βάσιν</span> <span class='ocrx_word' id='word_1_659' title='bbox 1615 2422 1669 2448; x_wconf 87' lang='grc' dir='ltr'><strong>τῶν</strong></span> <span class='ocrx_word' id='word_1_660' title='bbox 1685 2421 1777 2457; x_wconf 82' lang='grc' dir='ltr'>ὀρθῶν</span> <span class='ocrx_word' id='word_1_661' title='bbox 1790 2421 1854 2447; x_wconf 80' lang='grc' dir='ltr'>ἐκδι-</span> 
     </span>
    </p>
   </div>
   <div class='ocr_carea' id='block_1_98' title="bbox 1073 2466 1856 2504">
    <p class='ocr_par' dir='ltr' id='par_1_98' title="bbox 1073 2466 1856 2504">
     <span class='ocr_line' id='line_1_98' title="bbox 1073 2466 1856 2504; baseline -0.001 -10"><span class='ocrx_word' id='word_1_662' title='bbox 1073 2467 1156 2500; x_wconf 80' lang='grc' dir='ltr'>δάξας</span> <span class='ocrx_word' id='word_1_663' title='bbox 1173 2468 1323 2504; x_wconf 87' lang='grc' dir='ltr'>δογμάτων.</span> <span class='ocrx_word' id='word_1_664' title='bbox 1349 2468 1392 2501; x_wconf 77' lang='grc' dir='ltr'><strong>Ἐξ</strong></span> <span class='ocrx_word' id='word_1_665' title='bbox 1405 2469 1462 2500; x_wconf 78' lang='grc' dir='ltr'>ἑνὸς</span> <span class='ocrx_word' id='word_1_666' title='bbox 1479 2468 1532 2504; x_wconf 78' lang='grc' dir='ltr'><strong>γὰρ</strong></span> <span class='ocrx_word' id='word_1_667' title='bbox 1550 2468 1597 2494; x_wconf 76' lang='grc' dir='ltr'><strong>καὶ</strong></span> <span class='ocrx_word' id='word_1_668' title='bbox 1614 2467 1661 2494; x_wconf 80' lang='grc' dir='ltr'>τοῦ</span> <span class='ocrx_word' id='word_1_669' title='bbox 1680 2466 1765 2495; x_wconf 71' lang='grc' dir='ltr'>αὐτοῦ</span> <span class='ocrx_word' id='word_1_670' title='bbox 1781 2467 1856 2494; x_wconf 70' lang='grc' dir='ltr'>πνεύ-</span> 
     </span>
    </p>
   </div>
   <div class='ocr_carea' id='block_1_99' title="bbox 1075 2511 1855 2548">
    <p class='ocr_par' dir='ltr' id='par_1_99' title="bbox 1075 2511 1855 2548">
     <span class='ocr_line' id='line_1_99' title="bbox 1075 2511 1855 2548; baseline -0.001 -10"><span class='ocrx_word' id='word_1_671' title='bbox 1075 2520 1159 2547; x_wconf 88' lang='grc' dir='ltr'>ματος</span> <span class='ocrx_word' id='word_1_672' title='bbox 1174 2512 1363 2548; x_wconf 85' lang='grc' dir='ltr'>φθεγγόμενοι,</span> <span class='ocrx_word' id='word_1_673' title='bbox 1379 2514 1393 2539; x_wconf 93' lang='lat'><strong>6</strong></span> <span class='ocrx_word' id='word_1_674' title='bbox 1407 2513 1454 2548; x_wconf 78' lang='grc' dir='ltr'>μὲν</span> <span class='ocrx_word' id='word_1_675' title='bbox 1470 2512 1625 2548; x_wconf 75' lang='grc' dir='ltr'>ἑρμηνεύων</span> <span class='ocrx_word' id='word_1_676' title='bbox 1644 2511 1675 2538; x_wconf 78' lang='grc' dir='ltr'><strong>τὸ</strong></span> <span class='ocrx_word' id='word_1_677' title='bbox 1688 2513 1717 2538; x_wconf 86' lang='grc' dir='ltr'>ὲν</span> <span class='ocrx_word' id='word_1_678' title='bbox 1730 2513 1792 2543; x_wconf 75' lang='grc' dir='ltr'>ταῖς</span> <span class='ocrx_word' id='word_1_679' title='bbox 1805 2512 1855 2537; x_wconf 86' lang='grc' dir='ltr'><strong>Πα-</strong></span> 
     </span>
    </p>
   </div>
   <div class='ocr_carea' id='block_1_100' title="bbox 1075 2557 1853 2594">
    <p class='ocr_par' dir='ltr' id='par_1_100' title="bbox 1075 2557 1853 2594">
     <span class='ocr_line' id='line_1_100' title="bbox 1075 2557 1853 2594; baseline 0 -10"><span class='ocrx_word' id='word_1_680' title='bbox 1075 2559 1194 2594; x_wconf 80' lang='grc' dir='ltr'>ροιμίαις</span> <span class='ocrx_word' id='word_1_681' title='bbox 1201 2558 1371 2593; x_wconf 84' lang='grc' dir='ltr'>Σολομῶντος</span> <span class='ocrx_word' id='word_1_682' title='bbox 1385 2558 1597 2594; x_wconf 77' lang='grc' dir='ltr'>ῥητόν-’Φάγετε</span> <span class='ocrx_word' id='word_1_683' title='bbox 1606 2558 1659 2585; x_wconf 85' lang='grc' dir='ltr'><strong>τὸν</strong></span> <span class='ocrx_word' id='word_1_684' title='bbox 1667 2558 1743 2593; x_wconf 76' lang='grc' dir='ltr'><strong>ἐμὸν</strong></span> <span class='ocrx_word' id='word_1_685' title='bbox 1757 2557 1853 2592; x_wconf 79' lang='grc' dir='ltr'>ἄρτον,</span> 
     </span>
    </p>
   </div>
   <div class='ocr_carea' id='block_1_101' title="bbox 1073 2603 1854 2639">
    <p class='ocr_par' dir='ltr' id='par_1_101' title="bbox 1073 2603 1854 2639">
     <span class='ocr_line' id='line_1_101' title="bbox 1073 2603 1854 2639; baseline 0.001 -9"><span class='ocrx_word' id='word_1_686' title='bbox 1073 2604 1120 2630; x_wconf 77' lang='grc' dir='ltr'>καὶ</span> <span class='ocrx_word' id='word_1_687' title='bbox 1134 2604 1216 2631; x_wconf 76' lang='grc' dir='ltr'>πίετε</span> <span class='ocrx_word' id='word_1_688' title='bbox 1234 2603 1317 2631; x_wconf 80' lang='grc' dir='ltr'>οἶνον</span> <span class='ocrx_word' id='word_1_689' title='bbox 1331 2605 1366 2631; x_wconf 84' lang='grc' dir='ltr'><strong>ὃν</strong></span> <span class='ocrx_word' id='word_1_690' title='bbox 1381 2603 1527 2639; x_wconf 78' lang='grc' dir='ltr'>κεκέρακα</span> <span class='ocrx_word' id='word_1_691' title='bbox 1539 2604 1619 2639; x_wconf 81' lang='grc' dir='ltr'>ὑμῖν,</span> <span class='ocrx_word' id='word_1_692' title='bbox 1634 2604 1698 2632; x_wconf 81' lang='grc' dir='ltr'>τάδε</span> <span class='ocrx_word' id='word_1_693' title='bbox 1716 2604 1796 2639; x_wconf 78' lang='grc' dir='ltr'>φησί·</span> <span class='ocrx_word' id='word_1_694' title='bbox 1808 2604 1854 2631; x_wconf 80' lang='grc' dir='ltr'><strong>Διὰ</strong></span> 
     </span>
    </p>
   </div>
   <div class='ocr_carea' id='block_1_102' title="bbox 1077 2683 1853 2719">
    <p class='ocr_par' dir='ltr' id='par_1_102' title="bbox 1077 2683 1853 2719">
     <span class='ocr_line' id='line_1_102' title="bbox 1077 2683 1853 2719; baseline 0 -9"><span class='ocrx_word' id='word_1_695' title='bbox 1077 2690 1131 2719; x_wconf 83' lang='lat' dir='ltr'><strong>non</strong></span> <span class='ocrx_word' id='word_1_696' title='bbox 1145 2691 1206 2710; x_wconf 88' lang='lat' dir='ltr'><strong>raro</strong></span> <span class='ocrx_word' id='word_1_697' title='bbox 1215 2687 1314 2710; x_wconf 84' lang='lat' dir='ltr'><strong>vocant</strong></span> <span class='ocrx_word' id='word_1_698' title='bbox 1325 2686 1455 2719; x_wconf 79' lang='lat' dir='ltr'><strong>antilypa.</strong></span> <span class='ocrx_word' id='word_1_699' title='bbox 1467 2688 1497 2711; x_wconf 91' lang='lat' dir='ltr'><strong>ut</strong></span> <span class='ocrx_word' id='word_1_700' title='bbox 1508 2683 1692 2711; x_wconf 80' lang='lat' dir='ltr'><strong>Nazianzenus</strong></span> <span class='ocrx_word' id='word_1_701' title='bbox 1704 2683 1786 2719; x_wconf 64' lang='lat' dir='ltr'><strong>Orat.</strong></span> <span class='ocrx_word' id='word_1_702' title='bbox 1801 2684 1853 2718; x_wconf 66' lang='lat' dir='ltr'><strong>fuit.</strong></span> 
     </span>
    </p>
   </div>
   <div class='ocr_carea' id='block_1_103' title="bbox 1077 2718 1852 2756">
    <p class='ocr_par' dir='ltr' id='par_1_103' title="bbox 1077 2718 1852 2756">
     <span class='ocr_line' id='line_1_103' title="bbox 1077 2718 1852 2756; baseline 0.001 -12"><span class='ocrx_word' id='word_1_703' title='bbox 1077 2718 1103 2744; x_wconf 78' lang='lat' dir='ltr'><strong>in</strong></span> <span class='ocrx_word' id='word_1_704' title='bbox 1119 2727 1246 2749; x_wconf 72' lang='lat' dir='ltr'><strong>sororem,</strong></span> <span class='ocrx_word' id='word_1_705' title='bbox 1256 2719 1408 2756; x_wconf 25' lang='lat' dir='ltr'><strong>etNApolog.</strong></span> <span class='ocrx_word' id='word_1_706' title='bbox 1421 2720 1430 2746; x_wconf 88' lang='lat' dir='ltr'><strong>l</strong></span> <span class='ocrx_word' id='word_1_707' title='bbox 1443 2728 1450 2752; x_wconf 84' lang='lat'>;</span> <span class='ocrx_word' id='word_1_708' title='bbox 1467 2720 1584 2756; x_wconf 81' lang='lat' dir='ltr'><strong>Cyrillus</strong></span> <span class='ocrx_word' id='word_1_709' title='bbox 1595 2719 1738 2756; x_wconf 65' lang='lat' dir='ltr'><strong>llierosol.</strong></span> <span class='ocrx_word' id='word_1_710' title='bbox 1751 2718 1852 2756; x_wconf 64' lang='lat' dir='ltr'><strong>Camb.</strong></span> 
     </span>
    </p>
   </div>
   <div class='ocr_carea' id='block_1_104' title="bbox 1075 2754 1852 2788">
    <p class='ocr_par' dir='ltr' id='par_1_104' title="bbox 1075 2754 1852 2788">
     <span class='ocr_line' id='line_1_104' title="bbox 1075 2754 1852 2788; baseline 0.003 -9"><span class='ocrx_word' id='word_1_711' title='bbox 1075 2761 1092 2778; x_wconf 88' lang='grc' dir='ltr'><strong>ν</strong></span> <span class='ocrx_word' id='word_1_712' title='bbox 1108 2758 1198 2788; x_wconf 72' lang='lat' dir='ltr'><strong>myst.,</strong></span> <span class='ocrx_word' id='word_1_713' title='bbox 1217 2758 1244 2781; x_wconf 93' lang='lat' dir='ltr'><strong>et</strong></span> <span class='ocrx_word' id='word_1_714' title='bbox 1257 2754 1314 2785; x_wconf 86' lang='lat' dir='ltr'><strong>alii,</strong></span> <span class='ocrx_word' id='word_1_715' title='bbox 1338 2758 1366 2781; x_wconf 90' lang='lat' dir='ltr'><strong>ut</strong></span> <span class='ocrx_word' id='word_1_716' title='bbox 1383 2754 1510 2782; x_wconf 83' lang='lat' dir='ltr'><strong>observat</strong></span> <span class='ocrx_word' id='word_1_717' title='bbox 1526 2755 1687 2783; x_wconf 82' lang='lat' dir='ltr'><strong>scholiastcs</strong></span> <span class='ocrx_word' id='word_1_718' title='bbox 1701 2754 1812 2782; x_wconf 60' lang='lat' dir='ltr'><strong>Graecus</strong></span> <span class='ocrx_word' id='word_1_719' title='bbox 1822 2754 1852 2781; x_wconf 86' lang='lat' dir='ltr'><strong>ad</strong></span> 
     </span>
    </p>
   </div>
   <div class='ocr_carea' id='block_1_105' title="bbox 1076 2788 1494 2820">
    <p class='ocr_par' dir='ltr' id='par_1_105' title="bbox 1076 2788 1494 2820">
     <span class='ocr_line' id='line_1_105' title="bbox 1076 2788 1494 2820; baseline 0.007 -5"><span class='ocrx_word' id='word_1_720' title='bbox 1076 2788 1146 2816; x_wconf 88' lang='lat' dir='ltr'><strong>hunc</strong></span> <span class='ocrx_word' id='word_1_721' title='bbox 1160 2788 1260 2816; x_wconf 82' lang='lat' dir='ltr'><strong>Nicami</strong></span> <span class='ocrx_word' id='word_1_722' title='bbox 1274 2789 1382 2817; x_wconf 84' lang='lat' dir='ltr'><strong>concilii</strong></span> <span class='ocrx_word' id='word_1_723' title='bbox 1393 2789 1494 2820; x_wconf 86' lang='lat' dir='ltr'><strong>locum.</strong></span> 
     </span>
    </p>
   </div>
  </div>
