1909 3071
48 121 95 151 693
721 100 943 144 FRAGMENTA.
1595 107 1651 138 sas

491 176 529 204 Ex
544 184 596 204 us.
614 174 680 203 Vlll.
693 190 728 195 —-
740 174 816 209 Apud
830 173 948 202 eumdem
962 171 1117 200 Facundum
1133 171 1152 199 ι.
1169 178 1194 199 c.

81 236 130 271 Qui
145 235 326 272 (Eustathius)
342 240 432 263 octavo
448 244 548 270 quoque
562 235 630 261 libro
647 234 684 261 sic
700 233 738 260 ait
755 241 764 260 :
782 232 1028 268 Contemplandum
1039 234 1128 258 autem
1149 230 1284 265 quomodo
1302 229 1415 265 loquens
1433 228 1488 256 Deo
1503 231 1529 256 et
1542 227 1647 260 dicens,

50 284 79 311 Et
93 284 204 310 civitates
216 283 376 310 destruxisti
392 283 426 316 ",
442 291 538 310 rursus
556 283 671 310 alterum
688 281 837 308 introducit
852 280 996 307 Dominum
1024 277 1157 309 inferens,
1175 276 1208 303 Et
1225 275 1353 304 Dominus
1368 276 1396 303 in
1410 281 1534 303 talentum
1549 280 1647 302 manet.

50 331 149 358 Paravit
163 330 190 356 in
199 329 307 364 judicio
317 329 404 357 sedem
416 337 492 356 suam
506 329 539 357 "'.
555 328 776 356 Manifestissime
790 327 862 356 enim
878 326 924 353 alii
940 326 973 353 de
989 326 1042 353 alio
1053 326 1168 360 loquens
1186 327 1299 359 apparet
1317 332 1324 350 :
1351 322 1513 357 signiﬁcavit
1526 322 1589 356 quia
1605 322 1649 356 ju-

50 378 93 405 dex
104 381 152 408 est.
167 378 215 412 qui
228 377 395 412 praeparavit
411 377 436 404 ei
453 377 544 404 sedem
562 381 690 412 tanquam
713 376 790 411 prius
804 383 859 403 non
873 373 983 402 habenti
997 373 1070 400 hunc
1083 373 1213 399 honorem
1230 380 1238 398 :
1253 371 1292 398 sic
1307 370 1449 397 videbatur
1464 370 1536 405 loqui
1550 379 1557 396 :
1570 370 1649 404 quasi

50 433 92 461 per
105 424 201 461 ﬁguras
216 423 294 452 enim
309 425 448 452 indicabat
464 423 648 459 propheticas,
666 423 794 458 quoniam
808 422 891 450 homo
902 429 935 448 ex
950 419 1204 453 membrisjustitiae
1218 417 1349 452 templum
1367 415 1492 444 decenter
1508 416 1605 446 tactus.
1622 421 1650 443 et

51 471 225 500 sacratissimo
240 471 370 499 habitans
385 470 489 504 Verbo;
507 470 617 498 virtutis
635 470 691 505 (ἓὸ)
705 469 818 504 adeptus
829 472 871 496 est
886 470 1046 503 perpetuum
1059 465 1168 500 solium,

82 516 144 544 Item
156 518 183 544 in
194 517 290 545 eodem
306 517 373 545 libro
385 525 394 543 :
408 516 466 544 Non
483 517 566 547 enim,
585 517 634 547 ait.
651 515 698 551 qui
713 515 788 550 regni
804 514 894 542 sedem
912 513 1003 545 habet,
1017 512 1130 539 alterum
1143 510 1194 538 sibi
1210 513 1324 545 apparat
1338 512 1454 541 sortem;
1471 507 1518 535 sed
1535 507 1577 534 cui
1596 515 1650 534 nou

51 562 117 589 adest
130 561 202 589 sedis
214 562 350 596 potentia.
366 561 438 595 Ergo
454 561 511 588 haec
527 559 560 586 ad
576 559 714 588 hominem
728 558 829 586 Christi
846 557 990 584 manifeste
1005 556 1164 590 respiciunt.
1189 553 1282 590 Neque
1297 557 1387 581 autem
1399 552 1580 587 Omnipotenti
1595 552 1651 579 haec

50 607 192 644 reponenda
207 612 286 640 sunt,
302 607 442 642 proprium
462 607 570 634 habenti
588 610 742 641 sceptrum;
758 612 846 640 neque
866 603 956 631 Verbo
979 603 1068 638 ipsum
1085 608 1197 637 regnum
1215 599 1337 631 babenti,
1369 598 1442 634 quod
1468 598 1549 625 etiam
1572 597 1652 625 Pater

51 655 134 688 habet;
147 653 194 682 sed
208 654 238 681 in
253 654 366 682 Christo
381 653 536 686 dicendum,
549 653 674 681 Dominus
689 653 716 680 in
731 653 793 680 cwlo
804 651 961 687 praeparavit
974 649 1060 677 sedem
1071 657 1157 676 suam.
1167 648 1233 675 Nam
1245 647 1366 674 omnium
1379 645 1458 673 simul
1467 649 1651 673 creaturarum

50 701 190 729 dominator
205 703 322 736 propter
336 700 422 728 divini
437 700 520 728 Verbi
537 699 766 728 commistionem.

203 765 283 792 ALIA
299 766 494 793 FRAGMENTA
511 767 552 793 EX
568 767 675 793 llSDEM
688 765 790 791 LIBRIS
801 762 967 791 ADVERSUS
980 761 1116 788 ARIANOS
1130 759 1312 785 lNDEFINlTE
1323 757 1485 784 EXCITATA.

84 830 170 870 Apud
185 831 352 862 Gelasium
367 832 412 862 De
428 831 549 863 duabus
566 832 691 863 naturis
707 832 742 862 in
756 831 998 904 ChristlféhBt'bl.
1015 830 1079 860 PP.
1096 830 1201 860 Paris.
1219 827 1308 864 161th,
1324 830 1400 857 tom.
1420 826 1472 863 IV,
1493 829 1571 864 part.
1587 834 1609 863 ι,

769 881 840 904 nua.
915 894 923 903 .

764 881 840 911 pag.
855 881 923 904 ακιι.

410 944 545 972 Eustathii
556 944 671 980 episcopi
685 943 840 970 Antiochcni
855 942 1026 977 confessoris,
1042 945 1137 969 contra
1152 939 1281 967 Arianos.

81 987 243 1024 Quapropter
258 997 397 1026 congruas
412 992 526 1018 virtutes
540 995 567 1018 et
582 991 794 1026 gubernatioues
805 990 925 1025 gentium
938 993 965 1016 et
980 988 1157 1023 populorum,
1167 989 1196 1013 et
1209 984 1351 1012 mistarum
1372 982 1501 1017 plebium,
1517 985 1545 1009 et
1562 989 1651 1009 rerum

54 1034 230 1062 universarum
246 1036 393 1072 imperium
406 1038 487 1065 homo
501 1038 669 1073 percipiebat
683 1037 786 1066 Christi
800 1038 901 1073 palam,
916 1041 943 1064 et
958 1036 1005 1072 qui
1019 1035 1147 1070 sapientia
1165 1037 1190 1061 et
1207 1036 1285 1060 aetate
1306 1030 1443 1066 gratiaque
1456 1028 1569 1063 proﬁcit,
1581 1028 1653 1056 sicut

54 1079 180 1115 Evangelii
192 1082 292 1110 littera:
308 1083 332 1100 '°
349 1084 449 1112 doeeut
463 1085 677 1120 particulariter.

621 1133 749 1169 Ejusdem
762 1139 855 1162 contra
869 1142 966 1162 eos.—
976 1132 1089 1160 Ibidem.

85 1177 114 1204 Et
128 1178 222 1206 iterum
235 1187 299 1206 cum
313 1179 416 1208 dicitur
429 1180 508 1209 Iesus
522 1182 606 1209 sciens
620 1182 682 1217 quia
697 1183 786 1210 omnia
800 1182 872 1210 dedit
884 1184 907 1210 ei
924 1182 1004 1209 Pater
1020 1182 1048 1208 in
1060 1188 1153 1207 manus
1167 1180 1202 1213 ³⁷,
1217 1182 1300 1214 atque
1314 1182 1344 1206 ut
1365 1178 1403 1205 ita
1423 1175 1585 1207 introducit;
1603 1174 1653 1200 lio-

141 1228 304 1258 potestatem
319 1225 440 1253 declarat
454 1236 461 1254 :
477 1234 538 1262 quae
552 1228 688 1263 quomodo
699 1228 797 1256 aeterni
809 1236 920 1256 sumens
933 1232 1070 1263 sceptrum
1082 1225 1200 1262 imperii,
1215 1224 1337 1253 omnium
1351 1224 1463 1252 haberet
1478 1221 1652 1250 commissum

57 1276 80 1296 tu
98 1278 183 1296 lClllm.

55 1276 183 1305 judlCIllm.

618 1319 742 1354 Ejusdem
752 1324 847 1346 contra
861 1327 915 1347 eos.
923 1334 959 1340 —
967 1318 1080 1346 Ibidem.

87 1361 113 1389 Si
128 1364 198 1390 enim
210 1363 239 1390 in
257 1363 377 1396 Christo,
395 1363 484 1399 inquit
499 1365 532 1397 ",
554 1365 689 1399 plenitudo
703 1365 853 1392 divinitatis
868 1365 1018 1398 inhabitat;
1034 1365 1107 1393 aliud
1123 1372 1191 1393 vero
1203 1363 1379 1391 inhabitatur.
1393 1360 1421 1388 Si
1435 1367 1500 1387 vero
1518 1356 1652 1386 naturali-

56 1412 92 1436 ter
103 1409 226 1436 diderunt
240 1410 279 1438 ab
293 1411 432 1439 alterutris
441 1431 449 1444 ,
466 1419 555 1448 neque
566 1413 662 1440 mortis
676 1413 844 1448 passionem,
860 1420 948 1447 neque
961 1413 1015 1440 cibi
1028 1413 1190 1448 appetitum,
1205 1417 1293 1446 neque
1303 1408 1466 1437 desiderium
1482 1405 1651 1441 poculorum.

57 1462 103 1481 non
118 1462 253 1487 somnum,
272 1463 326 1484 non
342 1457 493 1490 tristitiam,
506 1465 560 1484 non
576 1457 773 1494 fatigationem,
785 1465 839 1486 non
855 1458 1037 1494 lacrymarum
1051 1458 1207 1489 effusiones,
1222 1464 1277 1484 non
1297 1455 1378 1482 aliam
1400 1452 1549 1488 quamlibet
1567 1453 1654 1478 muta-

57 1501 145 1528 tionem
161 1502 327 1536 plenitudini
342 1503 494 1531 divinitatis
515 1505 683 1532 coessistere
699 1504 739 1532 fas
747 1508 798 1536 est.
815 1512 876 1532 cum
896 1505 932 1533 sit
948 1505 1163 1532 inconvertibilis
1179 1511 1227 1539 per
1240 1506 1376 1530 naturam.
1393 1499 1501 1527 Homini
1520 1505 1584 1526 vero
1597 1496 1654 1523 haec

57 1548 204 1582 applicanda
217 1552 286 1576 sunt
301 1550 420 1585 proprie,
437 1551 482 1585 qui
497 1558 531 1578 ex
543 1551 633 1578 anima
648 1555 756 1579 constat
770 1556 797 1580 et
811 1559 927 1587 corpore
945 1561 952 1580 :
970 1553 1097 1587 congruit
1118 1551 1190 1578 enim
1212 1558 1246 1578 ex
1270 1548 1337 1584 ipsis
1351 1546 1477 1574 humanis
1493 1548 1520 1573 et
1534 1542 1652 1570 innoxiis

57 1595 162 1623 motibus
182 1595 389 1628 demonstrare,
404 1597 467 1632 quia
489 1605 543 1625 non
561 1598 730 1634 phantastice
753 1603 780 1627 et
803 1600 934 1635 putative,
959 1599 1009 1628 sed
1025 1599 1083 1635 ipsa
1105 1599 1218 1626 veritate
1228 1600 1316 1624 totum
1333 1594 1471 1622 hominem
1488 1591 1599 1620 indutus
1612 1593 1653 1618 est

57 1640 118 1669 Deus
130 1641 246 1676 perfecte
264 1649 419 1670 assumens.

692 1688 726 1716 In
740 1689 852 1717 eosdem.
861 1705 896 1711 —-
906 1689 1017 1717 Ibidem.

86 1733 210 1767 Quocirca
226 1733 303 1762 aliud
316 1733 424 1769 quidem
438 1734 491 1762 erit
507 1735 632 1768 mortale,
655 1735 729 1763 aliud
753 1736 861 1771 quidem
887 1741 985 1772 prater
1000 1737 1051 1764 hoc
1067 1735 1231 1764 immortale.
1246 1734 1450 1768 Consequenter
1465 1734 1556 1758 autem
1570 1734 1596 1756 ct
1609 1727 1654 1755 Ti,-

59 1781 155 1808 motbeo
171 1783 296 1810 eamdem
309 1781 433 1809 scribens
447 1781 602 1816 epistolam,
621 1782 795 1817 prospiciens
805 1782 940 1810 deiferum
956 1783 1093 1810 hominem
1107 1780 1291 1818 proclamabat
1311 1779 1336 1796 ”
1352 1787 1360 1806 :
1379 1777 1482 1806 Memor
1494 1779 1550 1803 esto
1564 1773 1655 1801 Iesum

59 1825 179 1854 Christum
191 1829 369 1856 resurrexisse
383 1838 400 1856 a
416 1830 526 1857 mortuis
544 1837 578 1856 ea:
591 1830 688 1856 semine
705 1830 798 1862 David,
811 1829 953 1857 secundum
970 1829 1142 1866 Evangelium
1162 1837 1258 1856 meum.

661 1886 696 1914 Et
708 1891 766 1922 post
779 1895 872 1921 pauca.
889 1903 923 1907 —
934 1887 1046 1916 Ibidem.

89 1930 168 1960 llomo
178 1937 271 1961 autem
287 1933 372 1962 Deum
389 1933 489 1967 ferens,
505 1933 552 1969 qui
567 1934 662 1961 mortis
674 1934 828 1969 passionem
846 1938 943 1969 sponte
955 1935 1062 1962 censuit
1077 1935 1212 1963 sustinere
1222 1937 1331 1969 propter
1346 1931 1485 1960 hominum
1500 1930 1655 1962 utilitatem,

60 1977 163 2011 palmam
176 1979 287 2014 quidem
305 1985 330 2008 et
339 1981 507 2012 certaminis,
518 1984 548 2007 ut
561 1980 598 2007 ita
611 1980 757 2008 dicendum
772 1981 818 2013 sit,
837 1980 980 2014 honorem,
995 1985 1023 2009 et
1034 1985 1196 2017 potestatem
1213 1980 1343 2016 percepit.
1355 1979 1386 2006 Et
1397 1979 1441 2007 ubi
1456 1978 1586 2014 recipitur
1600 1977 1658 2013 glo-

60 2024 104 2057 ria,
116 2033 192 2061 quam
201 2034 375 2063 nequaquam
389 2026 466 2062 prius
479 2027 621 2054 habuerat.

555 2093 632 2128 Apud
648 2094 772 2122 eumdem
788 2093 956 2130 Gsuswuﬁ.
975 2100 1078 2129 c.,pag.
1093 2093 1156 2120 429.

503 2164 639 2192 Eustathii
652 2164 767 2199 episcopi
782 2158 950 2196 Antiocbeni,
965 2167 1060 2191 contra
1072 2161 1198 2190 Arianos.

91 2208 166 2243 Deus,
181 2211 278 2247 inquit,
297 2210 415 2239 Verbum
431 2211 553 2239 eamdem
571 2219 653 2246 quam
669 2211 777 2246 genitor
792 2211 883 2245 portat
898 2210 1059 2245 imaginem;
1073 2210 1163 2244 imago
1190 2209 1291 2244 quippe
1315 2211 1452 2236 exsrstens
1473 2207 1570 2235 divina:
1595 2204 1660 2232 sub-

61 2256 157 2284 stantia:
171 2266 177 2284 :
193 2265 290 2285 verum
305 2261 396 2286 autem
407 2257 468 2292 eius
482 2258 612 2293 templum
625 2257 707 2285 homo
718 2258 865 2290 exsistens,
884 2265 939 2284 non
954 2257 1026 2285 idem
1040 2257 1113 2292 quod
1124 2255 1216 2292 templi
1229 2255 1380 2282 fabricator
1395 2257 1448 2287 est,
1472 2252 1598 2281 dissimili
1615 2259 1659 2278 or-

61 2303 98 2327 tus
112 2309 142 2328 ex
153 2310 259 2338 genere.

555 2348 656 2376 Rursus
671 2347 786 2384 ejusdem
809 2352 868 2384 post
887 2356 981 2383 pauca.
992 2363 1028 2368 -—-
1039 2347 1152 2375 Ibidem.

92 2392 140 2420 Sed
152 2394 295 2429 potestatis
309 2393 479 2429 majestatem
496 2394 671 2422 introducere
687 2395 794 2426 volens,
810 2399 836 2421 et
851 2395 940 2430 ipsum
956 2402 1056 2429 corpus
1073 2393 1268 2421 mortificatum
1289 2393 1333 2420 hic
1348 2391 1446 2420 Filium
1463 2393 1533 2422 dixit
1547 2404 1555 2423 :
1572 2394 1660 2430 ipsum

62 2439 158 2473 quidem
171 2441 346 2470 sublimitatis
360 2449 458 2469 nomen
475 2442 628 2483 imponens.
642 2441 669 2468 id
679 2445 722 2469 est
742 2441 891 2469 habitantis
902 2442 929 2469 in
945 2449 977 2469 eo
993 2441 1039 2469 Dei
1056 2440 1221 2468 decibiliter.

658 2499 692 2527 Et
711 2504 769 2535 post
785 2508 926 2535 pauca.—
938 2499 1050 2527 Ibidem.

92 2543 156 2572 Puto
169 2550 269 2579 autem,
284 2547 378 2582 inquit,
393 2553 445 2574 nec
470 2546 566 2574 insane
586 2546 729 2582 quisquam
747 2550 774 2574 et
798 2547 900 2574 furiose
918 2546 1104 2574 debacchatus
1133 2545 1234 2574 dixerit
1261 2544 1420 2580 aliquando,
1435 2544 1498 2579 quia
1512 2545 1661 2574 divinitatis

63 2591 190 2624 plenitudo
203 2593 300 2621 mortis
311 2601 392 2628 passa
407 2593 581 2628 dispendium
595 2596 647 2621 est.
662 2593 733 2628 Ergo
747 2594 892 2621 vesaniunt
906 2597 933 2621 et.
948 2593 1120 2621 bacchantur
1143 2597 1171 2620 et
1187 2592 1302 2624 furium,
1328 2594 1355 2618 et
1385 2591 1526 2618 insaniunt
1552 2596 1579 2620 et
1606 2593 1661 2621 suis

64 2639 188 2668 mentibus
203 2646 392 2674 excesserunt,
407 2641 454 2676 qui
469 2640 526 2668 Deo
542 2639 631 2668 Verbo
646 2641 802 2676 passionem
817 2641 956 2676 applicare
976 2643 1156 2676 praesumunt.

92 2731 113 2748 "
126 2732 200 2760 Psal.
217 2737 259 2766 IX;
281 2733 305 2762 7.
343 2734 367 2751 "
383 2734 453 2763 Ibid.
465 2735 491 2768 8,
509 2734 535 2762 9.
573 2734 596 2750 ’⁸
609 2732 672 2760 Luc.
686 2741 716 2765 tt,
728 2732 772 2760 ΒΞ.
811 2732 846 2754 ’⁷η

845 2730 926 2759 Joan.
943 2740 1002 2765 sui,
1021 2732 1046 2760 5.
1084 2732 1108 2749 ⁹⁸
1124 2731 1227 2760 ῦθίοδε.
1245 2739 1275 2764 ιι,
1292 2730 1318 2758 9.
1357 2729 1421 2759 "Il
1433 2729 1500 2758 Tim.
1525 2737 1557 2764 ιι,
1570 2729 1598 2759 8.

94 2822 146 2858 (Ξῦ)
164 2823 282 2853 Virtutis.
302 2826 392 2854 Codex
415 2826 526 2859 Verou.,
547 2825 650 2858 virtute,
667 2825 738 2859 quod
751 2825 834 2858 magis
855 2824 951 2857 placet.
