1909 3071
239 107 294 138 890

731 110 761 139 S.
782 109 967 138 EUSTATIlll
986 108 1140 139 EPISCOPI
1159 110 1366 139 ANTlOCHENI

1807 111 1859 139 700

276 166 389 194 Elevans
415 176 512 195 vocem.
537 167 763 204 Magniﬁcentiam
791 175 876 203 tuam,
900 170 1022 202 Domine,
1039 172 1062 201 Α
1110 170 1250 198 Sacerdos.
1269 169 1356 197 Etiam
1379 169 1525 197 adventum
1551 175 1627 197 tuum
1653 169 1856 202 salutarcm,ct

239 213 392 249 gloriﬁcant
417 221 513 243 omnes
529 214 645 243 virtutes
671 216 793 243 materia:
814 221 959 252 expertes;
986 217 1024 245 le-

238 259 332 294 giones
352 257 527 287 inflammata
553 267 586 288 ex
615 259 723 288 ﬂamma
737 261 876 296 productae
893 272 899 289 :
916 264 1023 295 agmina

237 304 362 332 ardentia
381 305 523 332 cherubim
535 305 647 333 fortium
661 316 668 334 :
684 309 781 335 turmae
794 308 931 336 terribiles
942 307 1023 336 Sera-

236 349 310 385 phim
343 353 519 385 sanctorum;
545 352 592 386 qui
616 356 757 381 moventes
783 354 842 382 alas
867 361 943 387 suas,
965 355 1022 382 cla-

235 400 323 429 mant,
341 396 527 424 vociferantur
536 400 563 425 et
577 397 682 426 dicunt.

270 440 401 476 Populus.
420 441 549 474 Sanctus,
564 447 687 477 sanctus,
703 448 824 473 sanctus.

270 487 401 515 Sacerdos
419 488 573 516 inclinatus.
592 489 691 518 Trinas
705 491 935 519 sanctiﬁcationes
954 491 1021 520 olfe-

233 532 320 560 rimus
336 533 473 567 tibi,Dens
488 533 617 567 Pater,'et
631 536 771 571 unigenito
783 536 947 570 Filiotuo,et
958 537 1020 574 Spi-

232 578 298 606 ritui
311 582 359 607 tuo
373 584 468 607 sancto
484 590 490 607 ε
507 588 596 616 neque
605 582 678 609 enim
694 583 887 611 mensurabilis
902 588 943 611 est
952 591 1017 611 san-

232 626 312 653 ctitas
331 629 388 658 tua,
405 626 533 655 Domine:
559 628 606 663 qui
631 635 693 656 cum
706 628 808 664 indigni
820 637 954 662 essemus,
967 629 1018 656 mi-

232 672 293 700 sisti
320 671 419 700 Filium
445 678 521 701 tuum
539 675 565 701 in
584 675 713 702 mundum
729 683 779 710 pro
801 676 889 704 salute
902 682 1015 704 nostra:

231 722 364 753 ortusque
376 722 419 746 est
430 719 457 746 in
475 718 595 754 Virgine,
611 724 638 748 et
652 728 702 756 per
717 725 830 749 mortem
843 730 920 750 suam
935 723 1016 750 vitam

231 764 358 799 praestitit
370 766 529 793 mortalitati
539 771 648 794 nostra).

266 808 377 836 Elevans
389 818 484 838 uocem.
500 809 550 844 Qui
562 819 623 838 cum
637 811 777 840 voluntate
791 820 851 846 sua,
862 813 939 848 quasi
951 821 1014 841 snc-

1074 216 1222 244 secundum
1235 216 1311 243 illum
1325 216 1512 244 retributionis
1525 220 1786 247 commemorantes,
1810 216 1858 243 Do-

1072 261 1154 293 mine,
1180 262 1274 289 laudes
1297 270 1359 290 cum
1378 262 1617 298 deprecationibus
1647 262 1786 296 majestati
1805 267 1857 289 tua:

1071 306 1220 339 oderimus,
1237 311 1268 334 ut
1284 308 1311 335 in
1327 308 1370 335 die
1385 308 1432 335 illo
1445 315 1543 343 magno
1558 307 1654 343 judicii
1666 308 1704 334 tui
1715 308 1856 342 justi,non

1070 359 1118 386 per
1132 355 1242 386 peccata
1264 357 1358 380 nostra
1386 352 1483 381 ﬁamus
1503 353 1582 381 cibus
1598 353 1753 380 carbonum
1772 353 1854 388 ignis,

1069 397 1283 433 alimentumque
1298 398 1412 426 ﬂamma:
1424 399 1570 427 terribilis:
1593 407 1648 426 non
1663 399 1856 434 demergamur

1069 444 1096 471 in
1121 451 1196 472 mare
1220 444 1339 477 ardens,
1365 449 1412 472 aut
1434 445 1530 480 jactati
1553 445 1703 472 obruamur
1727 444 1854 473 ﬂuctibus

1068 490 1182 526 ignium.
1198 491 1257 519 Non
1274 491 1361 519 simus
1383 491 1504 519 haeredes
1525 491 1707 526 suspiriorum
1728 501 1734 518 :
1764 499 1854 526 neque

1069 536 1214 571 gemitibus
1227 537 1334 564 acerbis
1348 536 1460 564 addicas
1474 544 1545 564 nos:
1563 543 1617 563 non
1636 536 1735 564 ﬁamus
1752 536 1855 563 habita-

1069 585 1142 609 tores
1154 582 1275 609 locorum
1298 581 1517 613 tenebrosorum,
1537 585 1565 608 et
1587 581 1730 616 regionum
1756 581 1854 608 timore

1068 627 1228 662 plenarum:
1256 635 1313 655 non
1337 627 1418 655 alieni
1439 627 1536 654 ﬁamus
1559 626 1593 654 ab
1608 626 1769 654 haereditate
1795 631 1851 658 tua.

1067 680 1155 706 neque
1169 672 1267 707 privati
1293 672 1478 700 familiaritate
1492 677 1537 699 tua
1551 681 1557 699 :
1577 671 1625 699 sed
1650 679 1713 698 cum
1729 671 1851 698 invitatis

1067 718 1100 745 ad
1123 718 1333 746 recumbendum
1358 722 1459 749 tecum,
1476 721 1503 745 ct
1518 717 1624 745 vocatis
1644 717 1678 743 ad
1694 717 1850 744 convivium

1066 768 1142 791 tuum
1155 764 1289 800 conjunge
1297 772 1358 797 nos,
1373 767 1400 792 et
1414 764 1558 799 splendore
1570 763 1646 798 regni
1657 763 1696 790 tui
1712 763 1850 798 impinguz

1066 819 1126 838 nos.
1141 811 1172 838 Et
1184 815 1293 846 propter
1308 811 1365 838 haec
1380 811 1471 837 omnia
1491 810 1635 845 praecipue.
1662 809 1786 836 Ecclesia
1804 813 1850 835 tua

229 852 360 881 cidaneus
373 862 423 889 pro
438 854 517 883 nobis
542 856 732 890 peccatoribus
751 857 826 884 venit
840 845 878 884 ad
887 862 1012 892 mortem,
1030 845 1051 873 Β
1065 859 1092 882 ct
1106 863 1170 891 grex
1184 845 1251 883 tuus
1265 855 1428 890 deprecatur
1449 860 1486 888 te.
1502 859 1529 883 et
1541 862 1590 887 per
1604 859 1642 888 te.
1661 859 1747 890 atque
1760 859 1849 884 tecum

229 897 333 932 accepit
347 905 442 933 panem
457 899 483 926 in
503 907 600 928 manus
614 908 679 929 suas
695 905 815 934 sanctas,
831 901 851 937 1-
866 903 1013 935 benedixit,

227 942 248 978 1-
265 944 455 977 sanctiﬁcavit,
473 945 495 980 1-
511 945 602 981 fregit,
629 947 759 983 deditque
787 948 929 983 discipulis
956 950 1014 978 suis

228 990 341 1022 sanctis,
363 994 390 1017 et
404 991 473 1018 dixit
488 1001 495 1018 :
513 992 637 1028 Accipite
654 993 817 1021 manducate
833 1003 867 1022 ex
883 1003 917 1022 eo
933 1005 939 1023 :
955 995 1013 1023 Hoc

227 1038 269 1061 cst
276 1042 375 1069 corpus
385 1043 472 1063 meum
481 1035 547 1072 (‘27),
555 1038 627 1073 quod
638 1046 687 1067 vos
696 1043 722 1067 et
731 1047 826 1068 omnes
834 1041 1014 1078 suscipientes

226 1079 291 1106 illud
309 1079 553 1117 ﬁdeles,przeparat
563 1084 596 1111 ad
612 1085 695 1112 vitam
710 1089 852 1113 aeternam.

261 1124 390 1160 Populus.
408 1126 506 1154 Amen.

261 1170 400 1199 Sacerdos.
419 1172 551 1201 Similiter
576 1179 603 1202 et
626 1175 739 1204 calicem
762 1184 843 1211 quem
865 1178 1012 1206 miscuerat

224 1217 289 1243 vino
303 1223 329 1245 et
340 1225 421 1253 aqua,
438 1218 458 1254 1-
471 1219 618 1253 benedixit,
630 1221 650 1256 1-
666 1222 858 1255 sanctiﬁcavit,
869 1224 889 1259 1-
900 1229 926 1252 et
936 1225 1012 1253 dedit

225 1262 320 1290 iisdem
341 1263 482 1298 discipulis
498 1266 601 1293 sanctis
618 1270 646 1294 et
668 1267 755 1295 dixit:
774 1268 909 1304 Accipite.
925 1271 1011 1300 bibite

223 1315 256 1333 cx
274 1314 307 1335 eo
322 1315 372 1336 vos
391 1316 486 1338 omnes
503 1319 510 1337 :
528 1310 578 1338 Hic
593 1315 635 1339 est
661 1313 774 1349 sanguis
791 1322 870 1342 meus
888 1316 936 1351 qui
960 1325 1010 1345 vos

221 1357 250 1379 et
263 1360 358 1380 omnes
370 1355 552 1390 suscipientes
567 1364 629 1384 eum
646 1357 739 1387 fideles
756 1365 893 1395 praeparat
910 1362 947 1391 ad‘
964 1364 1009 1391 vi-

223 1403 277 1424 lam
293 1403 433 1426 aeternam.

259 1442 388 1478 Populus.
401 1446 499 1475 Amen.

259 1489 399 1520 Sacerdos.
417 1492 469 1521 Sed
487 1497 514 1522 et
525 1494 635 1529 quando
657 1496 817 1531 mysterium
840 1498 912 1526 istud
934 1501 1008 1529 cele-

222 1536 347 1570 brabitis,
375 1539 446 1574 agite
464 1541 624 1568 memoriam
643 1542 741 1570 mortis
757 1550 834 1576 meae,
858 1543 945 1573 donec
960 1554 1007 1574 ve-

222 1590 306 1609 niam.

257 1628 387 1663 Populus.
413 1630 509 1660 Mortis
533 1636 596 1666 tuae,
619 1631 744 1670 Domipe,
762 1635 921 1663 memoriam
946 1637 1007 1674 agi-

221 1680 293 1701 mus.

255 1753 312 1794 (:27)
334 1755 443 1794 Hocest
456 1764 550 1794 corpus
564 1765 660 1794 meum.
676 1757 705 1786 Id
713 1757 794 1786 habet
807 1758 946 1794 singulare
959 1761 1008 1789 illa

220 1789 619 1830 verbpruuLChristiformula,
636 1794 709 1830 quod
725 1798 822 1830 contra
837 1789 1004 1830 rEquuarum

220 1825 341 1866 Onmium
352 1825 449 1858 Graeci,
468 1828 586 1866 ῼορῑίςίἱ
597 1833 625 1856 et
640 1825 743 1866 Syriaci
754 1825 1004 1866 ritnslitur'giarum

219 1861 385 1901 exemplum,
411 1861 545 1901 particula
560 1863 615 1895 illa,
631 1861 701 1898 qttod
723 1872 770 1898 pro
786 1865 857 1892 vobis
871 1861 1006 1901 frangitur

218 1899 243 1937 et
256 1895 336 1922 datur
352 1897 380 1923 in
394 1895 760 1937 remissionemyeccatoruin,
776 1895 1004 1937 omittiturfquaa

219 1933 311 1971 tamen
329 1939 362 1959 ex
378 1932 538 1971 rigidiorum
563 1933 750 1969 theologorum
765 1935 893 1971 opinione
909 1932 1004 1964 neées-

219 1968 291 2006 saria
305 1972 417 2006 nonest
427 1968 516 2006 :ynde
525 1968 738 2006 praatermittitur
753 1968 886 2006 ubiquein
901 1971 1002 1999 Missali

221 1998 318 2041 ligatae
329 2001 412 2041 edito.
439 1998 696 2041 Sequentiaantem
719 1998 816 2037 verba:
833 1998 1002 2041 suscipientes

219 2035 286 2060 illud
298 2036 389 2076 ﬁdeles
403 2035 536 2076 prafpdrat
560 2039 595 2065 ad
604 2040 683 2066 vitam
695 2035 830 2073 aeternam,
847 2035 1003 2076 signiﬁcant

219 2075 421 2111 sacramentum
442 2073 524 2108 digne
538 2078 694 2111 susceptum
707 2076 822 2111 gratiam
833 2073 958 2105 conferre
970 2078 1001 2105 ﬁ-

218 2105 374 2143 delibnsad
389 2105 607 2143 consequendam
619 2105 701 2137 vitam
707 2105 853 2138 aeternam.

254 2140 310 2176 (28)
326 2140 413 2177 Utper
429 2140 552 2177 illapsum
575 2152 651 2172 suum
681 2146 810 2173 exhibeat.
834 2146 873 2174 Eo
892 2146 918 2174 in
939 2146 1000 2174 loco

217 2175 278 2217 duae
297 2175 378 2217 voces
386 2175 564 2217 .occur'runt,
570 2187 685 2217 quarum
698 2181 782 2208 hacin
794 2183 918 2208 oratione
930 2190 997 2210 usus

217 2210 456 2251 frequentissimus
471 2218 529 2251 est:
544 2210 801 2251 illapsuanwmn
815 2217 996 2251 ἐπιφοίτησις,

216 2245 384 2294 ἑῇς-ἕξεις,
397 2255 411 2275 a
426 2249 508 2294 verbo
590 2245 662 2294 quod
679 2245 797 2294 _le_git_urr
808 2253 835 2278 in
849 2287 854 2294 _
870 2245 997 2294 versione

217 2279 328 2318 Syriaca
341 2279 421 2311 Lucae
435 2292 453 2315 I.
473 2279 930 2313 35.'VirtlisAltissi‘miobumbrabit
941 2279 997 2318 tibi,

215 2316 393 2357 ςπφκεᾴᾳειε
412 2323 440 2346 ut
467 2320 634 2357 signiﬁcetur
651 2321 764 2356 illapsus
780 2321 897 2357 Spiritus
911 2316 998 2350 sancti

215 2352 243 2378 in
255 2352 284 2379 Β.
303 2352 513 2392 νὶτείηεῐηι-θιῖ
531 2352 707 2392 formanduilf
719 2365 752 2384 ex
764 2352 920 2392 ea'corpus,
935 2365 997 2384 mox

215 2362 243 2378 ιιι
255 2362 284 2379 ι).
308 2362 452 2416 νιΐέςιηεῐη,
472 2362 505 2382 ad
531 2362 700 2383 tormanuum
719 2365 752 2384 ex
764 2365 795 2384 ea
811 2365 920 2392 corpus,
935 2365 996 2384 mox

213 2394 342 2416 assumen
365 2398 408 2416 um
425 2397 440 2416 a
452 2389 541 2418 Verbo
550 2389 609 2426 Dei.
622 2390 655 2418 Ut
667 2392 739 2418 enim
756 2392 819 2418 alibi
831 2393 996 2426 explicatum

213 2426 264 2461 est,
276 2431 308 2450 ea
322 2425 530 2461 comparatione
542 2425 696 2453 Orientales
709 2427 748 2453 uti
764 2425 936 2461 potissimum
952 2435 997 2454 so—

212 2456 278 2489 lent,
296 2459 329 2485 ad
345 2456 534 2494 explicandam
541 2462 749 2523 gropositorum
762 2456 955 2489 elementorum
969 2463 996 2489 in

212 2499 312 2523 corpus
328 2499 354 2521 et
367 2495 525 2523 sanguinem
566 2496 644 2523 hristi
660 2497 810 2523 mirabilem
831 2501 996 2523 transmuta-

212 2499 312 2533 corpus
328 2499 354 2533 et
365 2495 525 2533 sanguinem
541 2495 644 2524 Christi
660 2497 810 2533 mirabilem
831 2501 997 2533 transmuta-

212 2529 324 2568 tioncm_.
339 2529 431 2568 Altera
443 2538 495 2568 vox
507 2535 620 2568 estw-in:
628 2539 675 2558 seu
691 2531 783 2558 Graeca
795 2532 923 2568 ᾲναδείξῃ
936 2541 996 2566 qua:

210 2565 333 2603 occurrit
347 2565 372 2591 in
388 2564 498 2603 Syriaca
512 2565 607 2593 Jacobi
618 2567 736 2603 liturgia,
747 2570 773 2594 et
785 2567 818 2593 de
830 2575 883 2602 qua
895 2564 997 2602 pariter

209 2597 312 2636 dictum
329 2604 380 2636 est,
392 2597 530 2636 certisque
539 2597 706 2636 argumentis
717 2597 944 2634 demonstratum,
958 2604 997 2630 in-

210 2633 383 2676 telligendam
397 2636 472 2676 illam
485 2633 636 2676 essefnon
655 2641 760 2676 tamex
778 2636 889 2676 Syriaca
913 2646 994 2673 quam

209 2675 242 2694 ex
257 2668 349 2706 Graeca
364 2671 479 2706 origine.
498 2673 533 2698 ita
547 2668 807 2706 utnonsimpliciter'
815 2668 996 2700 demonsirare

209 2706 236 2728 el
250 2703 398 2743 designare.
408 2703 462 2743 sed
477 2707 574 2741 allicere
589 2711 616 2735 et
635 2703 787 2734 consecrare
807 2708 950 2743 signiﬁcet.
965 2709 993 2735 Si

209 2741 466 2779 quia-pervicacius
496 2743 622 2779 insistat,
650 2743 781 2779 tricisqne
808 2741 994 2778 grammaticis

209 2775 361 2813 simplicem
384 2781 411 2802 ct
427 2780 465 2802 tot
474 2777 542 2813 aliis
567 2777 685 2812 liturgiis
705 2775 861 2813 expressam
880 2783 992 2805 senten-

209 2812 275 2848 tiam
289 2817 438 2848 obscurare
454 2812 568 2848 nitatur,
586 2820 623 2848 rex
649 2814 772 2848 sequenti
791 2813 918 2844 formula,
933 2821 993 2847 quae

209 2843 242 2870 ad
256 2843 366 2872 calicem
384 2845 510 2879 tela-tur,
526 2847 610 2874 refelli
626 2843 723 2882 poteSt,
751 2849 777 2876 in
795 2856 847 2884 qua
865 2843 990 2881 vox‘riy':

1064 903 1171 930 Patrem
1183 906 1270 933 tuum,
1282 902 1386 930 dicens.

1100 947 1228 983 Populus.
1243 947 1382 975 Miserere.

1099 992 1240 1020 Sacerdos.
1258 992 1314 1021 Nos
1323 1000 1443 1028 quoque.

1098 1038 1227 1072 Populus.
1248 1037 1287 1066 Te
1301 1038 1454 1066 laudamus.

1098 1085 1238 1113 Sacerdos.
1259 1084 1407 1121 Pracipue.

1097 1132 1243 1160 Diaconus.
1263 1131 1350 1165 Quam
1363 1131 1483 1159 timenda
1497 1137 1538 1160 est
1553 1132 1612 1160 haec
1627 1132 1706 1161 hora.

1097 1177 1226 1205 Sacerdos
1233 1177 1297 1204 dicit
1309 1177 1497 1205 iiwacationem
1513 1177 1627 1212 Spiritus
1635 1180 1732 1206 sancti.

1097 1223 1310 1252 Misericordiam
1323 1228 1397 1250 tuam
1407 1224 1530 1251 obtestor
1538 1228 1566 1252 et
1576 1225 1721 1259 deprecor,
1732 1224 1846 1254 Domine

1061 1269 1132 1297 Deus
1149 1269 1296 1297 :miscrere
1311 1268 1374 1299 mei,
1390 1273 1418 1295 et
1428 1268 1537 1296 edunde
1552 1277 1633 1304 super
1652 1277 1696 1297 me
1714 1274 1742 1297 et
1763 1278 1844 1305 super

1061 1315 1212 1342 oblationes
1235 1314 1302 1342 istas
1326 1315 1500 1350 propositas,
1527 1316 1641 1350 gratiam
1671 1315 1790 1350 Spiritus
1805 1317 1843 1344 tui

1061 1361 1147 1390 sancti
1161 1370 1168 1388 :
1183 1365 1210 1388 et
1230 1359 1332 1387 munda
1347 1368 1389 1387 me
1403 1360 1436 1387 ab
1450 1360 1579 1388 omnibus
1594 1361 1710 1389 maculis
1728 1362 1842 1398 peccati,

1059 1411 1087 1436 et
1102 1407 1226 1434 contorta
1241 1413 1285 1433 me
1300 1406 1334 1433 ad
1352 1405 1536 1434 ministerium
1552 1406 1605 1434 hoc
1620 1414 1721 1442 purum
1737 1411 1766 1435 et
1780 1415 1843 1435 san-

1060 1457 1143 1480 ctum.

1095 1499 1238 1527 Sacerdos.
1257 1498 1362 1526 Exaudi
1372 1506 1426 1531 me,
1438 1498 1562 1526 Domine.

1094 1544 1223 1579 Populus.
1236 1543 1317 1580 Kyrie
1332 1543 1445 1571 eleison.

1093 1591 1233 1618 Sacerdos.
1247 1590 1281 1617 Ut
1289 1597 1337 1625 per
1349 1590 1474 1624 illapsum
1486 1598 1565 1618 suum
1580 1590 1708 1618 exhibeat
1715 1591 1783 1628 (28),
1795 1600 1841 1628 pa.

1056 1645 1118 1665 nem
1133 1637 1242 1672 quidem
1262 1637 1344 1664 istum
1356 1656 1365 1670 ,
1385 1636 1406 1672 1'
1420 1643 1520 1672 corpus
1542 1641 1668 1664 sanctum
1688 1637 1710 1673 1-
1740 1638 1839 1666 Christi

1056 1683 1103 1712 Dei
1119 1683 1206 1711 nostri
1221 1682 1252 1718 1-.

1028 1755 1034 1762 ’
1055 1758 1138 1793 faciat
1152 1761 1310 1793 usurpatur,
1332 1756 1614 1793 signiﬁcationemque
1637 1757 1752 1786 alterius
1767 1759 1838 1786 vocis

1055 1791 1229 1821 determinat;
1244 1791 1317 1819 Idem
1333 1792 1406 1818 enim
1421 1799 1471 1827 pro
1487 1791 1578 1824 misto,
1598 1792 1670 1827 quod
1687 1794 1761 1820 calix
1775 1801 1839 1820 con—

1055 1830 1132 1860 tinet,
1144 1827 1298 1862 postulatur
1318 1827 1492 1859 miraculum,
1508 1835 1540 1854 ac
1551 1835 1600 1862 pro
1614 1835 1683 1862 pane
1709 1828 1737 1854 in
1760 1828 1837 1855 altari

1053 1864 1199 1899 proposito?
1211 1873 1217 1890 :
1233 1867 1259 1899 et
1273 1862 1295 1889 si
1309 1862 1422 1889 elfectus
1441 1869 1495 1899 non
1506 1863 1642 1899 aliusest.
1652 1870 1736 1899 quam
1752 1867 1782 1890 ut
1801 1864 1837 1890 si-

1053 1897 1162 1934 gniﬁcet
1185 1897 1362 1934 designetque
1385 1898 1544 1932 sanguinem
1561 1897 1675 1929 Christi,
1703 1898 1756 1925 alia
1774 1906 1837 1925 voce

1053 1932 1092 1960 uti
1107 1932 1364 1967 debebantliturgite
1377 1937 1514 1964 auctores,
1525 1940 1606 1967 quam
1622 1941 1653 1960 ea
1665 1940 1726 1967 qua:
1741 1934 1836 1967 e/ﬁcere

1053 1969 1196 2004 signiﬁcat.
1222 1967 1249 1994 Si
1271 1975 1334 2004 vere
1362 1967 1478 1995 edicitur
1497 1975 1602 1995 merum
1623 1975 1693 2004 aqua
1711 1969 1832 1999 mistnm,

1052 2003 1164 2038 sanguis
1180 2003 1292 2038 Christi,
1307 2009 1371 2038 vere
1393 2010 1502 2037 quoque
1517 2004 1596 2037 panis
1609 2003 1723 2030 eﬁicitur
1734 2012 1833 2038 corpus

1051 2037 1164 2067 Christi.
1186 2037 1280 2073 Itaque
1305 2037 1418 2064 dubiutn
1446 2045 1591 2073 superesse
1606 2039 1710 2067 nullum
1734 2037 1832 2072 polest.

1050 2075 1116 2109 quin
1133 2079 1247 2108 utraque
1262 2080 1331 2109 vox,
1342 2073 1462 2109 diversae
1478 2073 1541 2109 licet
1559 2073 1672 2109 originis
1687 2077 1715 2099 et
1731 2078 1833 2109 etymo-

1051 2107 1137 2141 logiae,
1153 2107 1247 2136 eodem
1263 2107 1417 2144 signiﬁcatu
1428 2107 1588 2144 accipienda
1605 2107 1831 2142 ait:quodetiam

1051 2146 1188 2172 variarum
1206 2142 1320 2171 aliarqu
1343 2142 1515 2178 liturgiarum
1542 2150 1694 2171 consensus
1720 2143 1833 2170 demon-

1050 2184 1129 2208 Sll‘al.

1086 2214 1114 2242 in
1136 2214 1259 2241 Romana
1275 2212 1396 2241 editione
1420 2211 1508 2240 forma
1529 2212 1713 2248 lnvpcationis
1729 2213 1832 2248 integra

1049 2250 1143 2278 relicta
1157 2253 1209 2281 est,
1229 2256 1261 2276 eo
1277 2249 1365 2276 solum
1386 2255 1402 2275 a
1417 2248 1559 2275 codicibus
1570 2242 1638 2275 mss.
1659 2242 1830 2279 discrimine,

1048 2285 1120 2320 quod
1134 2285 1162 2312 in
1173 2288 1287 2320 utraque
1302 2283 1423 2320 periodo,
1442 2287 1497 2309 tam
1511 2283 1585 2320 inea
1599 2291 1660 2320 qua:
1676 2283 1711 2310 ad
1736 2291 1831 2320 panem

1049 2318 1163 2355 spectat.
1181 2326 1262 2354 quam
1279 2319 1307 2345 in
1323 2319 1420 2355 altera,
1441 2325 1502 2355 qua:
1515 2318 1549 2355 ad
1564 2318 1675 2355 calicem
1687 2338 1696 2351 ,
1712 2319 1830 2346 occurrit

1048 2353 1100 2383 vox
1114 2355 1209 2382 eadem
1224 2359 1295 2384 κτα.
1312 2357 1354 2381 An
1366 2353 1404 2380 ita
1415 2353 1562 2380 habuerint
1580 2353 1689 2380 codices
1711 2361 1780 2381 mss.
1798 2361 1830 2380 ex

1048 2389 1253 2426 quibusgeditio
1264 2390 1335 2426 facta
1350 2392 1412 2426 est,
1420 2389 1512 2426 dicere
1531 2396 1586 2416 non
1613 2396 1762 2426 possumus
1779 2398 1785 2415 :
1805 2387 1830 2414 id

1048 2423 1137 2453 autem
1150 2424 1229 2452 facile
1242 2424 1379 2460 fuit.rcum
1395 2423 1456 2460 Syri
1468 2427 1584 2460 utraque
1596 2423 1829 2460 vacerindill‘eren-

1047 2465 1089 2488 ter
1100 2460 1138 2488 uti
1154 2461 1268 2488 soleant.
1294 2459 1393 2495 verum
1409 2459 1432 2487 si
1449 2459 1558 2495 quidem
1575 2459 1752 2486 emendandae
1773 2459 1830 2486 fue-

1047 2500 1112 2524 runt
1126 2496 1154 2522 in
1169 2495 1237 2522 locis
1250 2495 1312 2522 aliis
1324 2494 1507 2522 lnvocationis
1529 2494 1661 2526 formula,
1678 2494 1705 2521 in
1722 2495 1787 2526 ista,
1801 2497 1828 2521 ut

1048 2532 1075 2559 in
1089 2530 1184 2559 Jacobi
1209 2530 1328 2564 liturgia,
1349 2530 1420 2557 idem
1442 2533 1502 2557 erat
1517 2529 1718 2556 observandum
1737 2539 1744 2556 :
1767 2536 1826 2556 nam

1047 2571 1175 2594 constare
1190 2565 1242 2593 sibi
1254 2565 1352 2593 debent
1372 2565 1399 2592 in
1414 2573 1443 2592 re
1460 2569 1515 2591 tam
1535 2565 1609 2599 gravi
1630 2572 1776 2592 censorum
1785 2565 1825 2599 ju-

1046 2602 1128 2629 dicia.
1144 2601 1173 2628 Si
1186 2608 1245 2636 quae
1258 2601 1285 2627 in
1297 2600 1404 2628 duabus
1415 2600 1470 2636 illis
1479 2599 1596 2634 liturgiis
1606 2600 1709 2636 intacta
1722 2604 1826 2627 servata

1045 2642 1096 2669 est,
1121 2635 1200 2664 omni
1218 2636 1320 2663 erroris
1345 2635 1502 2670 suspicione
1525 2639 1599 2662 caret
1613 2644 1629 2662 ε·
1645 2635 1787 2662 sollicitari
1802 2638 1827 2662 et

1046 2672 1184 2699 immutari
1210 2671 1269 2698 alia:
1283 2679 1337 2698 non
1352 2670 1497 2703 debebant,
1514 2674 1560 2696 aut
1573 2674 1697 2705 utraque,
1715 2670 1761 2697 illa
1775 2677 1826 2705 pra:

1045 2708 1152 2734 caeteris
1166 2706 1281 2733 debebat
1295 2706 1444 2737 emendari,
1460 2713 1492 2733 ea
1504 2705 1562 2740 ipsa
1573 2706 1695 2741 ratione,
1713 2713 1776 2741 qua:
1788 2707 1825 2740 ip-

1045 2750 1114 2772 sam,
1132 2746 1159 2768 ut
1172 2742 1317 2768 verisimile
1333 2746 1385 2772 est,
1396 2749 1410 2766 a
1420 2748 1536 2768 censura
1551 2740 1685 2767 liberavit.
1697 2740 1765 2767 Nam
1781 2741 1824 2775 qui

1045 2785 1110 2804 voce
1117 2782 1181 2808 ην,
1191 2783 1250 2810 qua:
1263 2778 1347 2803 ποιεῖν
1358 2776 1504 2811 signiﬁcat,
1516 2775 1611 2803 olfensi
1620 2780 1694 2806 sunt,
1714 2777 1823 2803 alteram

1045 2817 1095 2842 mn
1110 2833 1117 2842 ,
1135 2812 1268 2844 ἀναδεῖξαι
1283 2812 1354 2838 aliud
1372 2811 1510 2846 quidpiam
1524 2812 1670 2846 signiﬁcari
1683 2811 1824 2846 judicare—

1045 2853 1118 2881 runl,
1137 2848 1239 2875 scilicet
1266 2847 1412 2882 designare,
1441 2848 1635 2880 demonstrare,
1651 2852 1704 2875 etc.
1723 2847 1757 2873 At
1779 2848 1822 2881 qui
