1909 3071
89 78 146 108 ῚυΙ

132 138 259 172 Populus.
276 139 372 169 Amen.

131 183 270 212 Sacerdos.
284 185 316 212 Et
328 186 438 214 mistum
448 188 521 223 quod
533 193 576 217 est
590 190 618 217 in
630 190 682 218 hoc
688 190 783 224 calice,
791 190 874 219 faciat

88 231 253 266 sanguinem
270 231 370 260 Christi
383 233 429 261 Dei
445 236 543 264 nostri.

132 276 257 310 Populus.
273 278 370 306 Amen.
534 299 536 301 ›

129 323 270 351 Sacerdos.
297 324 384 353 Nobis
399 331 490 354 autem
515 335 563 363 per
585 328 693 356 illorum
723 330 874 365 susceptio-

87 375 166 400 nem,
181 368 228 396 det
244 371 350 398 veniam
361 372 531 405 delictorum,
549 375 736 403 remissionem
752 381 874 411 peccato-

87 415 312 445 rum,5cientiam
327 425 417 444 veram
441 418 513 449 ﬁdei,
539 420 682 455 zelnmque
709 422 871 450 laudabilem

86 460 243 495 religionis.
262 466 286 490 et
303 463 541 498 participationem
557 466 617 494 vitae
634 471 752 496 teternaz.

125 506 256 541 Populus.
268 509 363 536 Amen.
392 508 394 511 ’

125 552 257 580 Sacerdos
271 555 423 584 inclinatus.
439 557 487 587 Da.
504 558 628 591 Domine,
645 559 773 588 Ecclesiae
786 564 871 588 tumet

86 599 255 632 praesulibus
277 599 348 634 ejus,
374 606 404 628 ut‘
414 602 490 635 juxta
507 604 694 639 praescriptum
712 605 799 641 legum
815 610 871 633 tua-

86 651 150 670 rum
166 651 196 671 se
211 650 316 679 geram,
331 647 458 675 omnibus
466 649 562 676 diebus
575 650 635 676 vitae.
645 657 711 677 suae.

125 688 240 717 Elevans
268 699 364 721 vocem.
389 692 423 720 Et
442 694 537 722 oculos
560 695 758 724 intellectuales
771 697 870 724 mentis

86 739 191 762 nostra:
210 737 342 771 illumina,
360 738 487 772 D‘omine,
502 744 532 767 ut
544 742 763 777 contemplemur
787 743 870 770 mira-

85 780 150 807 cula
169 781 256 817 legum
273 787 380 811 tuarum
394 785 546 813 divinarum
564 797 570 814 :
588 791 615 815 et
626 796 640 814 a
657 788 727 823 lupis
742 789 870 824 spiritua-

812 87 986 117 LITURGIA.

889 148 911 176 Α
961 145 1073 172 Elevans
1087 152 1182 171 vocem.
1200 144 1300 177 Eorum
1317 144 1364 180 qui
1380 143 1506 172 doctores
1524 145 1580 173 veri
1595 145 1705 174 fuerunt

1656 89 1706 117 702

927 191 1054 218 Ecclesiae
1076 194 1129 218 tuae
1152 194 1272 222 sanctae,
1289 194 1316 217 et
1342 198 1357 216 a
1372 190 1576 219 seductionibus
1601 193 1704 220 erroris

925 243 984 263 eam
1000 239 1201 267 converterunt.
1213 239 1240 262 et
1254 235 1312 263 vias
1326 239 1415 263 rectas
1435 235 1470 263 ad
1489 237 1570 264 vitam
1591 237 1704 265 immor-

925 281 1016 314 talem,
1029 281 1067 308 illi
1082 281 1337 309 demonstraverunt
1350 291 1357 308 :
1374 287 1529 311 numeratos
1541 284 1623 319 igitur
1633 285 1702 313 inter

925 327 1035 354 ordines
1060 335 1153 354 eorum
1171 327 1213 353 fac
1238 335 1299 358 nos,
1318 330 1348 354 ut
1360 335 1421 354 cum
1438 328 1491 356 illis
1506 332 1533 356 et
1547 330 1617 357 inter
1640 330 1702 358 illos

924 372 1072 400 referamus
1086 373 1134 399 tibi
1145 372 1270 408 gloriam,
1285 375 1338 400 etc.

958 418 1085 453 Populus.
1101 418 1196 446 Amen.

958 464 1087 491 Sacerdos
1107 464 1260 491 inclinatus.
1277 463 1406 492 Miserere
1420 468 1448 492 et
1466 472 1558 500 parce,
1578 465 1700 499 Domine,

924 517 971 545 per
988 510 1039 536 hoc
1065 509 1241 540 sacriﬁcium,
1258 510 1386 537 onmibus
1409 509 1547 538 defunctis
1565 510 1699 543 ﬁdelibus,

923 557 970 592 qui
989 555 1092 591 pridem
1110 555 1308 588 decubuerunt,
1322 563 1385 583 cum
1400 563 1449 591 spe
1463 560 1519 589 tua,
1535 556 1564 584 in
1581 557 1632 585 [ide
1656 565 1701 585 or-

923 602 1049 629 thoiloxa.

957 646 1068 673 Elevans
1079 654 1172 673 vocem.
1181 645 1281 673 Omnes
1292 644 1425 680 aspiciens
1434 653 1495 672 cum
1504 646 1700 678 misericordia,

922 696 1051 727 tanquam
1068 690 1193 719 conditor
1213 691 1364 718 animarum
1379 695 1406 718 et
1421 699 1566 726 corporum
1582 692 1699 718 illorum.

922 738 1052 772 Acceptas
1067 737 1148 772 igitur
1160 736 1229 764 habe
1241 736 1309 764 istas
1321 737 1483 768 oblationes,
1509 744 1571 772 qua
1583 745 1632 772 pro
1647 737 1701 765 illis

912 780 970 811 'tibi
982 783 1132 811 oﬂ‘eruntur
1146 792 1154 809 :
1171 785 1200 809 et
1214 785 1310 817 praesta
1324 781 1378 809 illis
1398 782 1469 809 bona
1491 783 1626 817 promissa
1639 783 1701 811 dili-

86 825 162 854 libus
177 828 334 857 universum
350 838 458 867 gregem
479 836 555 860 tuum
572 840 726 862 conserva:
745 838 772 862 et
788 835 865 863 simul

921 829 1046 864 gentibus
1070 827 1207 855 Christum
1235 831 1313 854 tuum
1327 836 1335 861 ;
1357 835 1406 862 per
1419 835 1511 863 quem,
1527 831 1554 856 et
1568 836 1630 856 cum
1645 836 1700 864 quo

85 871 240 900 referemus
254 875 301 901 tibi
316 875 430 910 gloriam
445 881 472 904 et
487 877 606 912 laudem,
623 883 676 907 etc.

122 917 254 952 Populus.
265 920 362 948 Amen.

123 963 257 993 Sacerdos
276 967 429 996 inclinatus.
449 969 601 1002 Memento,
631 970 752 1003 Domine,
775 977 875 998 eorum

85 1010 134 1043 qui
151 1011 280 1039 invocant
300 1016 327 1040 te
341 1022 403 1041 cum
420 1015 471 1043 [ide
485 1024 564 1049 vera,
580 1020 607 1045 et
626 1017 696 1044 bona
719 1021 870 1053 operantur

85 1057 199 1088 propter
212 1063 309 1084 nomen
324 1061 399 1085 tuum
413 1064 548 1088 sanctum.

123 1098 237 1127 Elerans
251 1110 348 1131 vocem.
363 1103 463 1133 Omnes
477 1114 584 1141 quoque
595 1106 715 1142 reliquos
739 1107 874 1135 orthodou

85 1152 137 1172 xns
149 1146 252 1174 auxilio
268 1151 315 1175 tuo
329 1148 473 1184 adjuvans,
488 1151 612 1183 Domine,
631 1152 745 1180 benedic
763 1161 810 1181 eos
821 1153 868 1188 qui

81 1190 183 1223 juvant
210 1191 360 1221 Ecclesiam
385 1199 458 1223 tuam
479 1202 617 1225 sanctam:
640 1203 669 1226 ut
689 1199 723 1226 ab
740 1199 868 1226 omnibus

84 1237 258 1271 utoriliccris,
273 1246 334 1266 cum
353 1241 491 1277 unigenito
508 1243 576 1270 Filio
588 1248 645 1277 tuo,
663 1248 689 1272 et
703 1244 806 1280 Spiritu
820 1249 873 1272 tuo.

83 1286 194 1314 sancto,
207 1287 260 1312 etc.

118 1326 248 1361 Populus.
267 1329 363 1359 Amen.

119 1372 261 1401 Sacerdos.
293 1375 395 1405 Coerce
423 1383 450 1406 et
475 1380 553 1408 aufer
581 1389 596 1408 a
625 1383 714 1416 nobis,
742 1382 871 1416 Domine,

81 1425 192 1446 onmem
214 1425 374 1455 potestatem
391 1424 530 1453 inimicam
546 1432 710 1463 pugnantem
736 1429 872 1458 adversus

80 1472 145 1492 IIOS.

119 1510 235 1539 Elevans
250 1521 345 1542 vocem.
364 1515 395 1542 Et
405 1517 532 1550 concede,
544 1517 666 1553 Domine,
678 1521 864 1549 liberationem

81 1557 234 1591 perfectam
260 1567 276 1586 a
302 1559 391 1592 bellis,
407 1564 580 1596 tumultibus,
603 1569 630 1592 et
651 1566 853 1594 incursionibus

80 1604 275 1638 barbarorum,
288 1606 388 1640 populo
403 1611 449 1634 tuo
465 1608 536 1636 fideli
556 1619 562 1637 ε
583 1614 664 1646 atque
677 1611 704 1638 in
721 1619 870 1648 pace,quae-

80 1657 95 1676 a
112 1654 139 1677 te
155 1654 209 1683 est,
225 1658 355 1679 conserva
371 1660 477 1681 omnem
492 1663 599 1690 gregem
611 1660 704 1686 tuum:
721 1659 864 1687 utassidue

79 1696 266 1730 gloriﬁcemus
291 1701 328 1730 te,
350 1699 574 1737 unigenitumque
598 1702 696 1731 Filium
722 1708 817 1739 tuum,
837 1709 866 1733 et

80 1742 215 1777 Spiritum
231 1744 443 1774 sanctissimum.

114 1787 245 1821 Populus.
262 1788 358 1816 Amen.

113 1830 246 1858 Sacerdos
268 1832 418 1862 inclinatus.
439 1835 585 1870 Memento,
612 1837 736 1872 Domine,
762 1843 868 1868 sanctae

78 1877 229 1905 Genitricis
252 1877 300 1904 Dei
321 1878 422 1913 Marias,
450 1886 477 1909 et
498 1887 655 1911 sanctorum
679 1886 862 1920 apostolorum

78 1928 202 1954 tuorum,
221 1926 252 1950 ut
275 1923 356 1951 etiam
373 1925 480 1954 illorum
506 1928 553 1964 qui
568 1929 638 1957 inter
658 1937 706 1958 eos
728 1931 862 1959 recenseri

79 1973 254 1996 meruerunt.

114 2014 230 2043 Elevans
245 2025 342 2046 vocem.
352 2018 407 2046 Nos
419 2019 501 2047 etiam
512 2019 620 2052 robora,
634 2023 665 2047 ut
678 2020 794 2056 gloriose
801 2029 866 2057 per—

79 2060 206 2088 liciamur
217 2062 244 2089 in
260 2064 373 2091 scientia
388 2072 463 2099 vera,
479 2070 506 2093 et
517 2065 684 2093 conscientia
698 2067 803 2094 sincera
819 2072 863 2095 :ut

78 2113 110 2132 ea
121 2107 230 2134 ratione
244 2108 349 2136 similes
356 2109 444 2136 eﬂ'ecti
457 2110 560 2137 sanctis
572 2111 636 2142 tuis,
645 2112 690 2145 qui
699 2111 747 2138 tibi
757 2111 861 2144 vivunt,

77 2157 104 2178 et
120 2153 192 2187 apud
209 2157 234 2181 te
248 2155 389 2190 custoditi,
414 2164 477 2184 cum
501 2156 556 2184 illis
577 2157 727 2185 referamus
738 2158 787 2186 tibi
802 2159 860 2193 glo-
876 2173 898 2201 Β

79 2198 160 2231 riam,
177 2203 231 2227 etc.

113 2244 244 2279 Populus.
257 2246 355 2275 Amen.

113 2290 245 2320 Sacerdos
271 2294 423 2323 inclinatus.
442 2294 587 2329 Memento,
604 2296 727 2329 Domine,
749 2295 860 2324 Patrum

76 2340 238 2365 sanctorum
263 2343 289 2366 et
311 2339 468 2374 beatorum,
491 2342 537 2376 qui
555 2342 732 2377 spiritualiter
747 2350 798 2370 nos
815 2350 861 2377 ge-

76 2388 208 2453 :ueruut,
223 2384 417 2421 educaverunt,
429 2391 456 2415 et
471 2388 609 2421 aluerunt,
624 2388 650 2416 in
667 2390 741 2417 omni
763 2389 862 2418 timore

100 2435 137 2453 ei.

100 2435 137 2454 BI.

77 2516 278 2558 Eucharistiam
288 2519 344 2558 jam
359 2526 555 2558 consecratam,
583 2529 682 2557 corpus
698 2526 724 2550 et
749 2522 859 2558 sangui-

78 2561 141 2580 nem
164 2553 269 2593 Christi
284 2555 426 2593 designare
446 2557 522 2593 dicit,
541 2561 614 2593 errat
632 2553 718 2592 longe
739 2553 858 2586 deterius

77 2590 178 2629 coqui
184 2596 270 2629 super
279 2590 358 2629 dona
367 2592 512 2629 proposita,
524 2592 615 2620 verbis
627 2590 726 2629 Christi
737 2601 757 2629 a7
766 2601 858 2620 sacer.

77 2623 209 2662 doleritc
220 2623 422 2662 pronuntiatis
433 2631 591 2654 consecrata
606 2647 613 2658 ,
637 2628 759 2654 invocari
779 2634 858 2662 poese

78 2658 164 2698 credit
180 2658 310 2698 Spiritum
327 2665 465 2698 sanctum.
477 2666 506 2688 ut
526 2662 623 2698 illapsu
641 2670 691 2689 suo
699 2658 856 2698 mysterium

79 2693 389 2734 plena‘sanctiiicatione
399 2697 549 2734 conﬂi-inet.
565 2693 658 2734 quue
677 2693 798 2734 invocari
809 2706 857 2732 po-

79 2730 131 2768 test
150 2727 268 2762 Spiriltts
280 2735 402 2763 sanctus,
415 2735 461 2768 aut
476 2732 547 2758 illius
565 2727 659 2766 illapsu
673 2736 699 2759 et
711 2727 857 2759 obumbra-

78 2766 151 2790 tione
175 2770 245 2801 opus
259 2769 357 2801 est_,rut
368 2766 444 2799 panis
455 2770 481 2793 et
491 2767 581 2793 viuum
596 2768 746 2801 signiﬁcent
758 2775 856 2801 corpus

78 2802 104 2826 et
114 2799 276 2834 sanguinem
292 2799 402 2830 Christi.
419 2801 484 2829 Nam
493 2802 605 2837 mystica
619 2799 674 2830 haec
685 2799 856 2830 adumbratio

921 874 1134 903 misericordiam
1149 875 1278 909 consequi
1304 881 1455 908 speramus,
1470 878 1497 902 et
1511 875 1699 902 remissionem

919 925 1092 956 peccatorum
1112 928 1171 955 quae
1187 925 1297 955 propter
1308 927 1369 947 eum
1386 923 1438 954 est,
1456 923 1483 947 et
1499 919 1579 948 nobis
1593 924 1620 948 et
1634 921 1696 948 illis.

957 966 1082 1002 Populus.
1099 966 1220 999 Quietem
1237 969 1345 1000 praesta.

954 1013 1093 1041 Sacerdos.
1104 1012 1240 1048 Propitius
1254 1012 1336 1048 igitur
1350 1016 1409 1040 esto
1425 1012 1552 1040 omnibus
1568 1012 1698 1047 iniquita--

919 1061 992 1088 tibus
1005 1059 1106 1087 nostris
1133 1063 1160 1086 et
1182 1059 1302 1091 illorum,
1314 1058 1436 1091 Domine,
1451 1066 1536 1093 neque
1549 1059 1576 1086 in
1593 1066 1698 1086 memo-

918 1108 984 1133 riam
1002 1113 1112 1133 revoces
1126 1105 1241 1131 crimina
1265 1112 1325 1139 quae
1339 1112 1354 1131 a
1370 1104 1448 1132 nobis
1468 1108 1494 1131 et
1508 1103 1542 1130 ab
1553 1104 1606 1131 illis
1621 1111 1697 1130 com—

918 1153 1000 1180 missa
1013 1155 1092 1179 sunt:
1105 1158 1197 1178 verum
1209 1159 1272 1186 rege
1288 1158 1339 1178 nos
1349 1150 1375 1177 in
1391 1150 1443 1178 hoc
1457 1150 1556 1177 saeculo
1567 1149 1668 1177 liberos
1680 1157 1694 1176 a

915 1197 1026 1233 iudiciis
1039 1202 1064 1224 et
1078 1197 1223 1232 angustiis.
1237 1199 1264 1223 et
1282 1196 1309 1223 in
1327 1196 1420 1222 futuro
1432 1195 1474 1222 fac
1491 1203 1541 1222 nos
1553 1195 1695 1230 pervenire

918 1244 950 1270 ad
969 1242 1210 1273 haliitaculavlucis,
1225 1241 1314 1277 gaudii
1327 1245 1353 1268 et
1368 1241 1488 1269 laetitiae:
1504 1245 1532 1268 ut
1545 1241 1588 1268 hic
1599 1245 1625 1268 et
1639 1241 1695 1268 illic

917 1289 1108 1324 gloriﬁcemus,
1139 1287 1291 1319 laudemus,
1309 1295 1469 1314 veneremur
1485 1291 1510 1315 et
1532 1287 1694 1314 extollamus

917 1341 1014 1361 nomen
1029 1338 1105 1360 tuum
1120 1332 1196 1360 valde
1204 1331 1391 1359 honorandum
1411 1335 1438 1359 et
1456 1331 1637 1363 benedictum,
1656 1331 1695 1358 si-

916 1380 1025 1414 mulque
1040 1378 1145 1406 Domini
1167 1377 1254 1406 nostri
1270 1377 1334 1405 Jesu
1351 1376 1464 1411 Christi,
1476 1381 1503 1405 et
1523 1376 1640 1413 Spiritus
1655 1376 1693 1404 tui

917 1425 1014 1452 sancti.

951 1470 1078 1504 Populus.
1099 1469 1185 1498 Sicut.

951 1515 1090 1543 Sacerdos.
1108 1514 1174 1542 Pax.

950 1561 1078 1596 Populus.
1097 1561 1129 1587 Et
1140 1567 1200 1588 cum
1217 1559 1315 1594 spiritu
1330 1562 1388 1586 tuo.

950 1607 1087 1635 Sacerdos.
1102 1606 1292 1634 Misericordiae
1308 1605 1354 1632 Dei
1367 1605 1431 1632 sint.

949 1653 1046 1681 Postea
1061 1653 1158 1688 frangit
1174 1653 1289 1680 oblatam
1313 1656 1337 1678 et
1359 1651 1448 1686 signal
1471 1649 1558 1676 dicens
1570 1657 1580 1676 .'
1597 1647 1691 1677 Credi-

914 1705 984 1726 mus.

949 1744 1082 1771 Diaconus
1098 1743 1161 1770 dicit
1175 1742 1350 1770 Catholicam.

973 1790 1101 1818 Sacerdos
1116 1789 1181 1816 dicit
1195 1789 1340 1816 orationem
1359 1792 1419 1814 ante
1434 1786 1515 1814 Pater
1525 1791 1629 1813 noster.

946 1835 1075 1871 Princeps
1090 1843 1185 1870 magne
1199 1839 1225 1862 et
1242 1834 1320 1862 Pater
1335 1841 1397 1861 vere
1420 1833 1562 1867 utriusque
1585 1831 1689 1862 saeculi,

913 1882 1034 1914 Domine,
1052 1882 1097 1918 qui
1112 1890 1162 1910 nos
1179 1890 1212 1909 ex
1223 1881 1313 1909 nihilo
1328 1879 1456 1911 eduxisti,
1474 1882 1504 1906 ut
1513 1885 1647 1910 essemus,
1664 1881 1690 1904 et

912 1929 970 1956 vias
986 1933 1073 1956 rectas
1084 1929 1192 1961 salutis,
1206 1936 1253 1964 per
1265 1927 1362 1955 Filium
1374 1931 1450 1954 tuum
1464 1926 1632 1961 unigenitum
1641 1924 1691 1952 do-

912 1974 992 2002 cuisti
1003 1982 1052 2002 nos
1070 1985 1076 2002 :
1092 1978 1120 2001 tu
1137 1982 1209 2001 nunc
1224 1973 1304 2000 etiam
1323 1981 1370 2007 per
1390 1972 1504 2007 gratiam
1525 1976 1599 1998 tuam
1615 1978 1691 1998 com—

912 2020 1016 2055 patiens
1030 2018 1307 2052 nobiscum,Domine,
1326 2018 1464 2046 sanetilica
1480 2021 1583 2044 mentes
1598 2019 1625 2043 et
1639 2017 1692 2043 lin-

911 2073 978 2101 guas
997 2069 1114 2097 nostras,
1132 2072 1163 2091 eo
1177 2064 1229 2092 ﬁne
1250 2068 1279 2091 ut
1301 2072 1368 2100 pure
1388 2065 1545 2092 invocemus
1563 2068 1589 2090 te
1606 2062 1691 2090 Deum

911 2111 1016 2139 Patrem
1053 2112 1274 2147 omnipotentem,
1305 2115 1446 2143 sanctum,
1478 2117 1639 2145 oremusque
1663 2113 1694 2136 el

911 2157 1051 2185 dicamus:
1069 2156 1148 2184 Pater
1160 2161 1252 2184 noster
1262 2157 1307 2191 qui
1319 2165 1348 2185 es
1364 2157 1391 2184 in
1409 2157 1495 2185 caelis.

949 2203 1073 2237 Populus.
1092 2203 1291 2231 Sanctiﬁcetur.

947 2249 1086 2277 Sacerdos.
1105 2249 1217 2285 Semper
1225 2253 1284 2277 esto
1296 2252 1433 2276 armatura
1447 2251 1552 2280 nostra,
1560 2246 1689 2275 Domine:

911 2295 1065 2326 auxiliator,
1081 2299 1107 2323 et
1118 2295 1238 2330 adjutor;
1250 2298 1276 2322 et
1292 2302 1307 2322 a
1323 2294 1519 2322 tentationibus
1539 2301 1688 2328 praeserva-

912 2345 954 2368 tor
976 2346 1003 2370 et.
1025 2342 1153 2370 liberator
1171 2351 1183 2369 ξ
1197 2341 1261 2376 quia
1283 2345 1360 2368 tuum
1384 2343 1426 2368 est
1449 2348 1574 2374 regnum,
1594 2343 1620 2367 et
1639 2347 1688 2375 po-

911 2392 995 2415 testas
1011 2392 1037 2416 et
1054 2388 1124 2420 laus,
1153 2387 1336 2423 unigenitique
1357 2385 1420 2413 Filii
1444 2386 1496 2418 tui,
1518 2390 1545 2414 et
1569 2385 1689 2422 Spiritus

910 2435 958 2466 lui,
971 2438 1024 2462 etc.

911 2523 1002 2551 statim
1016 2522 1049 2548 ali
1064 2521 1142 2549 initio
1154 2521 1279 2556 liturgiai,
1297 2520 1377 2556 etiam
1390 2519 1417 2547 in
1434 2518 1625 2556 pmparatoria
1639 2526 1686 2546 ac-

910 2559 994 2588 tione,
1003 2565 1050 2591 per
1070 2565 1163 2591 preces
1177 2560 1203 2583 et
1219 2554 1394 2583 caeremonias
1408 2554 1685 2591 satisﬂsignillcatur:

910 2597 940 2619 ut
964 2588 1024 2618 cuin
1042 2588 1119 2625 panis
1135 2591 1167 2618 ad
1179 2591 1263 2618 altare
1286 2590 1411 2621 infertur,
1428 2594 1454 2617 et
1467 2588 1565 2625 dicitur
1581 2598 1599 2625 ίΔ
1615 2588 1686 2615 Tan-

926 2635 987 2654 aam
999 2623 1051 2652 ovis
1064 2626 1097 2652 ad
1108 2626 1261 2653 occisionem
1273 2625 1366 2652 (luctus
1382 2630 1440 2652 est:
1459 2628 1486 2652 et
1502 2624 1533 2651 ad
1550 2623 1661 2650 calicem
1677 2632 1686 2651 :

926 2637 987 2654 nam
999 2637 1051 2652 (11118
1064 2637 1097 2652 aa
1108 2637 1261 2653 οτστδιυηεπι
1273 2637 1366 2652 auctus
1382 2637 1419 2652 εει
1432 2637 1440 2651 .'
1459 2637 1486 2652 es
1502 2637 1533 2651 au
1550 2637 1661 2650 ωιιιυιτῐιι
1677 2637 1684 2651 ἱ

908 2637 984 2689 ἵϋηιδ
996 2661 1110 2688 militum
1125 2661 1216 2688 lancea
1225 2661 1294 2687 latus
1308 2660 1364 2695 ejus
1379 2660 1533 2693 aperuit:et
1543 2659 1594 2685 alia
1609 2658 1686 2695 simi-

909 2698 953 2728 lia,
971 2697 1071 2724 dudum
1087 2702 1148 2723 ante
1164 2704 1243 2731 quam
1257 2693 1467 2730 pronuntiantur
1480 2694 1581 2722 Christi
1591 2693 1684 2721 verba.

908 2732 975 2759 Tota
1000 2732 1053 2758 imo
1070 2732 1184 2765 liturgim
1209 2738 1293 2759 series
1310 2738 1343 2757 eo
1369 2733 1487 2764 spectat,
1505 2736 1566 2756 cum
1583 2736 1685 2765 [ουτω-ι

908 2768 1024 2794 sentatio
1048 2767 1082 2794 sit
1098 2764 1180 2795 totius
1197 2767 1321 2794 humanae
1337 2766 1422 2800 ipsius
1436 2765 1463 2792 in
1481 2765 1561 2792 terris
1574 2764 1686 2799 dispen-

908 2803 1029 2830 sationis.
