  <div class='ocr_page' id='page_1' title='image "/cluster/home/n/w/nwhite01/storage/ocr_20150623/18/njp.32101077772455/557.png"; bbox 0 0 1909 3071; ppageno 0'>
   <div class='ocr_carea' id='block_1_1' title="bbox 208 59 1838 99">
    <p class='ocr_par' dir='ltr' id='par_1_1' title="bbox 208 59 1838 99">
     <span class='ocr_line' id='line_1_1' title="bbox 208 59 1838 99; baseline -0.008 0"><span class='ocrx_word' id='word_1_1' title='bbox 208 74 259 99; x_wconf 71' lang='lat' dir='ltr'><strong>m5</strong></span> <span class='ocrx_word' id='word_1_2' title='bbox 628 68 658 96; x_wconf 80' lang='lat' dir='ltr'><strong>S.</strong></span> <span class='ocrx_word' id='word_1_3' title='bbox 678 67 898 98; x_wconf 73' lang='lat' dir='ltr'><strong>EUSTATIHUS</strong></span> <span class='ocrx_word' id='word_1_4' title='bbox 916 64 1161 95; x_wconf 76' lang='lat' dir='ltr'><strong>ANTIOCHENUS</strong></span> <span class='ocrx_word' id='word_1_5' title='bbox 1179 60 1377 92; x_wconf 78' lang='lat' dir='ltr'><strong>EPISCOPUS.</strong></span> <span class='ocrx_word' id='word_1_6' title='bbox 1781 59 1838 87; x_wconf 74' lang='grc' dir='ltr'><strong>7οι</strong></span> 
     </span>
    </p>
   </div>
   <div class='ocr_carea' id='block_1_2' title="bbox 243 119 1838 164">
    <p class='ocr_par' dir='ltr' id='par_1_2' title="bbox 243 119 1838 164">
     <span class='ocr_line' id='line_1_2' title="bbox 243 119 1838 164; baseline -0.008 -6"><span class='ocrx_word' id='word_1_7' title='bbox 243 128 370 164; x_wconf 65' lang='lat' dir='ltr'><strong>Populus.</strong></span> <span class='ocrx_word' id='word_1_8' title='bbox 385 128 481 155; x_wconf 78' lang='lat' dir='ltr'><strong>Amen.</strong></span> <span class='ocrx_word' id='word_1_9' title='bbox 625 154 638 161; x_wconf 72' lang='grc'><strong>,,</strong></span> <span class='ocrx_word' id='word_1_10' title='bbox 966 157 973 160; x_wconf 31' lang='grc' dir='ltr'>ν</span> <span class='ocrx_word' id='word_1_11' title='bbox 1002 130 1025 157; x_wconf 68' lang='grc' dir='ltr'><strong>Α</strong></span> <span class='ocrx_word' id='word_1_12' title='bbox 1040 123 1229 159; x_wconf 77' lang='lat' dir='ltr'><strong>spiritualibus</strong></span> <span class='ocrx_word' id='word_1_13' title='bbox 1237 121 1387 150; x_wconf 70' lang='lat' dir='ltr'><strong>divinitatis</strong></span> <span class='ocrx_word' id='word_1_14' title='bbox 1399 124 1461 148; x_wconf 67' lang='lat' dir='ltr'><strong>tua.</strong></span> <span class='ocrx_word' id='word_1_15' title='bbox 1472 119 1572 148; x_wconf 54' lang='lat' dir='ltr'><strong>Praesta</strong></span> <span class='ocrx_word' id='word_1_16' title='bbox 1584 127 1634 148; x_wconf 77' lang='lat' dir='ltr'><strong>nos</strong></span> <span class='ocrx_word' id='word_1_17' title='bbox 1649 119 1736 155; x_wconf 73' lang='lat' dir='ltr'><strong>igitur</strong></span> <span class='ocrx_word' id='word_1_18' title='bbox 1748 119 1838 146; x_wconf 81' lang='lat' dir='ltr'><strong>inco-</strong></span> 
     </span>
    </p>
   </div>
   <div class='ocr_carea' id='block_1_3' title="bbox 243 165 1839 204">
    <p class='ocr_par' dir='ltr' id='par_1_3' title="bbox 243 165 1839 204">
     <span class='ocr_line' id='line_1_3' title="bbox 243 165 1839 204; baseline -0.005 -4"><span class='ocrx_word' id='word_1_19' title='bbox 243 173 382 202; x_wconf 74' lang='lat' dir='ltr'><strong>Saurdos.</strong></span> <span class='ocrx_word' id='word_1_20' title='bbox 395 172 460 199; x_wconf 81' lang='lat' dir='ltr'><strong>Pax.</strong></span> <span class='ocrx_word' id='word_1_21' title='bbox 1041 171 1128 198; x_wconf 83' lang='lat' dir='ltr'><strong>tumes</strong></span> <span class='ocrx_word' id='word_1_22' title='bbox 1139 169 1173 197; x_wconf 89' lang='lat' dir='ltr'><strong>ab</strong></span> <span class='ocrx_word' id='word_1_23' title='bbox 1189 169 1250 204; x_wconf 75' lang='lat' dir='ltr'><strong>igne</strong></span> <span class='ocrx_word' id='word_1_24' title='bbox 1263 168 1309 195; x_wconf 91' lang='lat' dir='ltr'><strong>illo</strong></span> <span class='ocrx_word' id='word_1_25' title='bbox 1330 167 1556 202; x_wconf 76' lang='lat' dir='ltr'><strong>inexstinguibili.</strong></span> <span class='ocrx_word' id='word_1_26' title='bbox 1571 173 1620 201; x_wconf 83' lang='lat' dir='ltr'><strong>per</strong></span> <span class='ocrx_word' id='word_1_27' title='bbox 1637 165 1715 194; x_wconf 86' lang='lat' dir='ltr'><strong>istud</strong></span> <span class='ocrx_word' id='word_1_28' title='bbox 1732 167 1839 193; x_wconf 85' lang='lat' dir='ltr'><strong>convi—</strong></span> 
     </span>
    </p>
   </div>
   <div class='ocr_carea' id='block_1_4' title="bbox 242 213 1602 254">
    <p class='ocr_par' dir='ltr' id='par_1_4' title="bbox 242 213 1602 254">
     <span class='ocr_line' id='line_1_4' title="bbox 242 213 1602 254; baseline -0.006 -7"><span class='ocrx_word' id='word_1_29' title='bbox 242 220 369 254; x_wconf 76' lang='lat' dir='ltr'><strong>Populus.</strong></span> <span class='ocrx_word' id='word_1_30' title='bbox 388 219 419 246; x_wconf 81' lang='lat' dir='ltr'><strong>Et</strong></span> <span class='ocrx_word' id='word_1_31' title='bbox 434 226 496 246; x_wconf 93' lang='lat' dir='ltr'><strong>cum</strong></span> <span class='ocrx_word' id='word_1_32' title='bbox 508 218 607 254; x_wconf 89' lang='lat' dir='ltr'><strong>spiritu</strong></span> <span class='ocrx_word' id='word_1_33' title='bbox 623 222 679 245; x_wconf 88' lang='lat' dir='ltr'><strong>luo.</strong></span> <span class='ocrx_word' id='word_1_34' title='bbox 1041 217 1113 243; x_wconf 89' lang='lat' dir='ltr'><strong>vium</strong></span> <span class='ocrx_word' id='word_1_35' title='bbox 1127 225 1133 242; x_wconf 90' lang='lat'>:</span> <span class='ocrx_word' id='word_1_36' title='bbox 1145 219 1171 242; x_wconf 87' lang='lat' dir='ltr'><strong>et</strong></span> <span class='ocrx_word' id='word_1_37' title='bbox 1186 215 1335 242; x_wconf 80' lang='lat' dir='ltr'><strong>referemus</strong></span> <span class='ocrx_word' id='word_1_38' title='bbox 1346 213 1394 241; x_wconf 89' lang='lat' dir='ltr'><strong>tibi</strong></span> <span class='ocrx_word' id='word_1_39' title='bbox 1409 213 1534 248; x_wconf 81' lang='lat' dir='ltr'><strong>gloriam,</strong></span> <span class='ocrx_word' id='word_1_40' title='bbox 1549 215 1602 240; x_wconf 83' lang='lat' dir='ltr'><strong>etc.</strong></span> 
     </span>
    </p>
   </div>
   <div class='ocr_carea' id='block_1_5' title="bbox 241 260 1312 294">
    <p class='ocr_par' dir='ltr' id='par_1_5' title="bbox 241 260 1312 294">
     <span class='ocr_line' id='line_1_5' title="bbox 241 260 1312 294; baseline -0.006 -1"><span class='ocrx_word' id='word_1_41' title='bbox 241 266 386 293; x_wconf 77' lang='lat' dir='ltr'><strong>Diacouus.</strong></span> <span class='ocrx_word' id='word_1_42' title='bbox 403 264 545 291; x_wconf 81' lang='lat' dir='ltr'><strong>lnclinale.</strong></span> <span class='ocrx_word' id='word_1_43' title='bbox 1075 260 1203 294; x_wconf 70' lang='lat' dir='ltr'><strong>Populus.</strong></span> <span class='ocrx_word' id='word_1_44' title='bbox 1216 260 1312 287; x_wconf 74' lang='lat' dir='ltr'><strong>Amen.</strong></span> 
     </span>
    </p>
   </div>
   <div class='ocr_carea' id='block_1_6' title="bbox 242 305 1293 345">
    <p class='ocr_par' dir='ltr' id='par_1_6' title="bbox 242 305 1293 345">
     <span class='ocr_line' id='line_1_6' title="bbox 242 305 1293 345; baseline -0.008 -7"><span class='ocrx_word' id='word_1_45' title='bbox 242 311 360 345; x_wconf 71' lang='lat' dir='ltr'><strong>Populus</strong></span> <span class='ocrx_word' id='word_1_46' title='bbox 386 310 484 337; x_wconf 89' lang='lat' dir='ltr'><strong>Coram</strong></span> <span class='ocrx_word' id='word_1_47' title='bbox 501 314 537 340; x_wconf 77' lang='lat' dir='ltr'><strong>te.</strong></span> <span class='ocrx_word' id='word_1_48' title='bbox 556 309 670 336; x_wconf 85' lang='lat' dir='ltr'><strong>Domine</strong></span> <span class='ocrx_word' id='word_1_49' title='bbox 1075 305 1214 333; x_wconf 73' lang='lat' dir='ltr'><strong>Sacerdos.</strong></span> <span class='ocrx_word' id='word_1_50' title='bbox 1226 305 1293 333; x_wconf 71' lang='lat' dir='ltr'><strong>Pax.</strong></span> 
     </span>
    </p>
   </div>
   <div class='ocr_carea' id='block_1_7' title="bbox 243 347 1509 389">
    <p class='ocr_par' dir='ltr' id='par_1_7' title="bbox 243 347 1509 389">
     <span class='ocr_line' id='line_1_7' title="bbox 243 347 1509 389; baseline -0.007 -6"><span class='ocrx_word' id='word_1_51' title='bbox 243 357 383 384; x_wconf 69' lang='lat' dir='ltr'><strong>Sacerdos.</strong></span> <span class='ocrx_word' id='word_1_52' title='bbox 410 355 554 382; x_wconf 80' lang='lat' dir='ltr'><strong>Adorande</strong></span> <span class='ocrx_word' id='word_1_53' title='bbox 569 355 614 389; x_wconf 87' lang='lat' dir='ltr'><strong>qui</strong></span> <span class='ocrx_word' id='word_1_54' title='bbox 629 359 670 381; x_wconf 86' lang='lat' dir='ltr'><strong>ter</strong></span> <span class='ocrx_word' id='word_1_55' title='bbox 686 353 820 383; x_wconf 86' lang='lat' dir='ltr'><strong>adoraris,</strong></span> <span class='ocrx_word' id='word_1_56' title='bbox 845 358 871 379; x_wconf 88' lang='lat' dir='ltr'><strong>et</strong></span> <span class='ocrx_word' id='word_1_57' title='bbox 894 356 989 380; x_wconf 83' lang='lat' dir='ltr'><strong>sancte</strong></span> <span class='ocrx_word' id='word_1_58' title='bbox 1074 351 1202 383; x_wconf 77' lang='lat' dir='ltr'><strong>Populus.</strong></span> <span class='ocrx_word' id='word_1_59' title='bbox 1219 349 1250 376; x_wconf 86' lang='lat' dir='ltr'><strong>Et</strong></span> <span class='ocrx_word' id='word_1_60' title='bbox 1266 356 1328 375; x_wconf 90' lang='lat' dir='ltr'><strong>cum</strong></span> <span class='ocrx_word' id='word_1_61' title='bbox 1339 347 1436 383; x_wconf 82' lang='lat' dir='ltr'><strong>spiritu</strong></span> <span class='ocrx_word' id='word_1_62' title='bbox 1450 351 1509 375; x_wconf 91' lang='lat' dir='ltr'><strong>tuo.</strong></span> 
     </span>
    </p>
   </div>
   <div class='ocr_carea' id='block_1_8' title="bbox 209 392 1316 438">
    <p class='ocr_par' dir='ltr' id='par_1_8' title="bbox 209 392 1316 438">
     <span class='ocr_line' id='line_1_8' title="bbox 209 392 1316 438; baseline -0.009 -9"><span class='ocrx_word' id='word_1_63' title='bbox 209 402 379 438; x_wconf 69' lang='lat' dir='ltr'><strong>glorificaris.</strong></span> <span class='ocrx_word' id='word_1_64' title='bbox 396 401 533 429; x_wconf 80' lang='lat' dir='ltr'><strong>sanctiﬁca</strong></span> <span class='ocrx_word' id='word_1_65' title='bbox 543 422 550 433; x_wconf 77' lang='lat'>,</span> <span class='ocrx_word' id='word_1_66' title='bbox 569 400 698 430; x_wconf 71' lang='lat' dir='ltr'><strong>nomine,</strong></span> <span class='ocrx_word' id='word_1_67' title='bbox 713 399 818 426; x_wconf 86' lang='lat' dir='ltr'><strong>animas</strong></span> <span class='ocrx_word' id='word_1_68' title='bbox 831 403 859 425; x_wconf 86' lang='lat' dir='ltr'><strong>et</strong></span> <span class='ocrx_word' id='word_1_69' title='bbox 873 405 990 433; x_wconf 86' lang='lat' dir='ltr'><strong>corpora</strong></span> <span class='ocrx_word' id='word_1_70' title='bbox 1074 395 1222 421; x_wconf 68' lang='lat' dir='ltr'><strong>Diaconos.</strong></span> <span class='ocrx_word' id='word_1_71' title='bbox 1239 392 1316 420; x_wconf 82' lang='lat' dir='ltr'><strong>Post.</strong></span> 
     </span>
    </p>
   </div>
   <div class='ocr_carea' id='block_1_9' title="bbox 209 435 1836 483">
    <p class='ocr_par' dir='ltr' id='par_1_9' title="bbox 209 435 1836 483">
     <span class='ocr_line' id='line_1_9' title="bbox 209 435 1836 483; baseline -0.009 -7"><span class='ocrx_word' id='word_1_72' title='bbox 209 435 302 476; x_wconf 71' lang='lat' dir='ltr'><strong>eorum</strong></span> <span class='ocrx_word' id='word_1_73' title='bbox 317 449 362 483; x_wconf 92' lang='lat' dir='ltr'><strong>qui</strong></span> <span class='ocrx_word' id='word_1_74' title='bbox 384 455 472 475; x_wconf 76' lang='lat' dir='ltr'><strong>coram</strong></span> <span class='ocrx_word' id='word_1_75' title='bbox 495 450 521 474; x_wconf 90' lang='lat' dir='ltr'><strong>te</strong></span> <span class='ocrx_word' id='word_1_76' title='bbox 536 446 657 473; x_wconf 75' lang='lat' dir='ltr'><strong>inclinati</strong></span> <span class='ocrx_word' id='word_1_77' title='bbox 681 449 754 477; x_wconf 86' lang='lat' dir='ltr'><strong>sunt,</strong></span> <span class='ocrx_word' id='word_1_78' title='bbox 773 449 802 471; x_wconf 93' lang='lat' dir='ltr'><strong>ut</strong></span> <span class='ocrx_word' id='word_1_79' title='bbox 825 449 919 472; x_wconf 80' lang='lat' dir='ltr'><strong>sancte</strong></span> <span class='ocrx_word' id='word_1_80' title='bbox 932 451 990 480; x_wconf 81' lang='lat' dir='ltr'><strong>my-</strong></span> <span class='ocrx_word' id='word_1_81' title='bbox 1075 440 1213 468; x_wconf 76' lang='lat' dir='ltr'><strong>Sacerdos.</strong></span> <span class='ocrx_word' id='word_1_82' title='bbox 1230 439 1352 470; x_wconf 82' lang='lat' dir='ltr'><strong>Domine,</strong></span> <span class='ocrx_word' id='word_1_83' title='bbox 1367 438 1476 466; x_wconf 84' lang='lat' dir='ltr'><strong>custodi</strong></span> <span class='ocrx_word' id='word_1_84' title='bbox 1499 437 1628 473; x_wconf 84' lang='lat' dir='ltr'><strong>populum</strong></span> <span class='ocrx_word' id='word_1_85' title='bbox 1654 441 1734 463; x_wconf 90' lang='lat' dir='ltr'><strong>tuum</strong></span> <span class='ocrx_word' id='word_1_86' title='bbox 1765 435 1836 462; x_wconf 80' lang='lat' dir='ltr'><strong>ﬁde-</strong></span> 
     </span>
    </p>
   </div>
   <div class='ocr_carea' id='block_1_10' title="bbox 211 483 1835 525">
    <p class='ocr_par' dir='ltr' id='par_1_10' title="bbox 211 483 1835 525">
     <span class='ocr_line' id='line_1_10' title="bbox 211 483 1835 525; baseline -0.009 -4"><span class='ocrx_word' id='word_1_87' title='bbox 211 494 302 522; x_wconf 82' lang='lat' dir='ltr'><strong>steii.s</strong></span> <span class='ocrx_word' id='word_1_88' title='bbox 324 493 384 520; x_wconf 86' lang='lat' dir='ltr'><strong>istis</strong></span> <span class='ocrx_word' id='word_1_89' title='bbox 392 492 641 524; x_wconf 78' lang='lat' dir='ltr'><strong>communicemus,</strong></span> <span class='ocrx_word' id='word_1_90' title='bbox 655 494 682 518; x_wconf 89' lang='lat' dir='ltr'><strong>et</strong></span> <span class='ocrx_word' id='word_1_91' title='bbox 697 489 848 518; x_wconf 78' lang='lat' dir='ltr'><strong>referemus</strong></span> <span class='ocrx_word' id='word_1_92' title='bbox 865 489 915 517; x_wconf 83' lang='lat' dir='ltr'><strong>tibi</strong></span> <span class='ocrx_word' id='word_1_93' title='bbox 931 489 992 525; x_wconf 72' lang='lat' dir='ltr'><strong>glo-</strong></span> <span class='ocrx_word' id='word_1_94' title='bbox 1040 487 1105 518; x_wconf 69' lang='lat' dir='ltr'><strong>lem;</strong></span> <span class='ocrx_word' id='word_1_95' title='bbox 1117 490 1145 514; x_wconf 87' lang='lat' dir='ltr'><strong>et</strong></span> <span class='ocrx_word' id='word_1_96' title='bbox 1162 487 1235 514; x_wconf 87' lang='lat' dir='ltr'><strong>salva</strong></span> <span class='ocrx_word' id='word_1_97' title='bbox 1250 494 1299 513; x_wconf 89' lang='lat' dir='ltr'><strong>nos</strong></span> <span class='ocrx_word' id='word_1_98' title='bbox 1312 493 1409 512; x_wconf 90' lang='lat' dir='ltr'><strong>omnes</strong></span> <span class='ocrx_word' id='word_1_99' title='bbox 1422 485 1457 511; x_wconf 88' lang='lat' dir='ltr'><strong>ab</strong></span> <span class='ocrx_word' id='word_1_100' title='bbox 1473 483 1547 510; x_wconf 90' lang='lat' dir='ltr'><strong>omni</strong></span> <span class='ocrx_word' id='word_1_101' title='bbox 1561 483 1662 509; x_wconf 89' lang='lat' dir='ltr'><strong>timore</strong></span> <span class='ocrx_word' id='word_1_102' title='bbox 1680 486 1709 508; x_wconf 88' lang='lat' dir='ltr'><strong>et</strong></span> <span class='ocrx_word' id='word_1_103' title='bbox 1726 485 1835 508; x_wconf 87' lang='lat' dir='ltr'><strong>tremo-</strong></span> 
     </span>
    </p>
   </div>
   <div class='ocr_carea' id='block_1_11' title="bbox 210 527 1834 568">
    <p class='ocr_par' dir='ltr' id='par_1_11' title="bbox 210 527 1834 568">
     <span class='ocr_line' id='line_1_11' title="bbox 210 527 1834 568; baseline -0.009 -1"><span class='ocrx_word' id='word_1_104' title='bbox 210 541 289 568; x_wconf 84' lang='lat' dir='ltr'><strong>riam.</strong></span> <span class='ocrx_word' id='word_1_105' title='bbox 306 543 360 567; x_wconf 90' lang='lat' dir='ltr'><strong>etc.</strong></span> <span class='ocrx_word' id='word_1_106' title='bbox 1040 541 1071 560; x_wconf 90' lang='lat' dir='ltr'><strong>re</strong></span> <span class='ocrx_word' id='word_1_107' title='bbox 1083 543 1089 560; x_wconf 90' lang='lat'><strong>:</strong></span> <span class='ocrx_word' id='word_1_108' title='bbox 1101 532 1380 566; x_wconf 83' lang='lat' dir='ltr'><strong>tranquillitatemque</strong></span> <span class='ocrx_word' id='word_1_109' title='bbox 1392 535 1420 558; x_wconf 86' lang='lat' dir='ltr'><strong>et</strong></span> <span class='ocrx_word' id='word_1_110' title='bbox 1434 537 1527 565; x_wconf 86' lang='lat' dir='ltr'><strong>pacem</strong></span> <span class='ocrx_word' id='word_1_111' title='bbox 1541 528 1661 555; x_wconf 83' lang='lat' dir='ltr'><strong>concede</strong></span> <span class='ocrx_word' id='word_1_112' title='bbox 1672 527 1756 554; x_wconf 86' lang='lat' dir='ltr'><strong>nobis</strong></span> <span class='ocrx_word' id='word_1_113' title='bbox 1771 535 1834 553; x_wconf 82' lang='lat' dir='ltr'><strong>om-</strong></span> 
     </span>
    </p>
   </div>
   <div class='ocr_carea' id='block_1_12' title="bbox 246 574 1833 617">
    <p class='ocr_par' dir='ltr' id='par_1_12' title="bbox 246 574 1833 617">
     <span class='ocr_line' id='line_1_12' title="bbox 246 574 1833 617; baseline -0.006 -6"><span class='ocrx_word' id='word_1_114' title='bbox 246 584 374 617; x_wconf 76' lang='lat' dir='ltr'><strong>Populus.</strong></span> <span class='ocrx_word' id='word_1_115' title='bbox 390 583 486 611; x_wconf 84' lang='lat' dir='ltr'><strong>Amen.</strong></span> <span class='ocrx_word' id='word_1_116' title='bbox 1040 578 1131 610; x_wconf 81' lang='lat' dir='ltr'><strong>nibus,</strong></span> <span class='ocrx_word' id='word_1_117' title='bbox 1147 577 1401 611; x_wconf 85' lang='lat' dir='ltr'><strong>benedictionesque</strong></span> <span class='ocrx_word' id='word_1_118' title='bbox 1425 576 1522 607; x_wconf 84' lang='lat' dir='ltr'><strong>bonas,</strong></span> <span class='ocrx_word' id='word_1_119' title='bbox 1547 574 1646 610; x_wconf 74' lang='lat' dir='ltr'><strong>gaudia</strong></span> <span class='ocrx_word' id='word_1_120' title='bbox 1662 577 1691 601; x_wconf 81' lang='lat' dir='ltr'><strong>et</strong></span> <span class='ocrx_word' id='word_1_121' title='bbox 1704 575 1833 602; x_wconf 76' lang='lat' dir='ltr'><strong>exsulta-</strong></span> 
     </span>
    </p>
   </div>
   <div class='ocr_carea' id='block_1_13' title="bbox 246 620 1830 657">
    <p class='ocr_par' dir='ltr' id='par_1_13' title="bbox 246 620 1830 657">
     <span class='ocr_line' id='line_1_13' title="bbox 246 620 1830 657; baseline -0.007 -1"><span class='ocrx_word' id='word_1_122' title='bbox 246 629 384 657; x_wconf 70' lang='lat' dir='ltr'><strong>Sacrrdas.</strong></span> <span class='ocrx_word' id='word_1_123' title='bbox 402 628 592 656; x_wconf 64' lang='lat' dir='ltr'><strong>Misericordia</strong></span> <span class='ocrx_word' id='word_1_124' title='bbox 603 627 649 655; x_wconf 85' lang='lat' dir='ltr'><strong>Dei</strong></span> <span class='ocrx_word' id='word_1_125' title='bbox 660 628 725 655; x_wconf 73' lang='lat' dir='ltr'><strong>sint.</strong></span> <span class='ocrx_word' id='word_1_126' title='bbox 1041 624 1141 650; x_wconf 85' lang='lat' dir='ltr'><strong>tionem</strong></span> <span class='ocrx_word' id='word_1_127' title='bbox 1159 632 1165 648; x_wconf 92' lang='lat'><strong>:</strong></span> <span class='ocrx_word' id='word_1_128' title='bbox 1183 627 1212 649; x_wconf 92' lang='lat' dir='ltr'><strong>ut</strong></span> <span class='ocrx_word' id='word_1_129' title='bbox 1226 630 1275 657; x_wconf 87' lang='lat' dir='ltr'><strong>pro</strong></span> <span class='ocrx_word' id='word_1_130' title='bbox 1290 622 1417 649; x_wconf 76' lang='lat' dir='ltr'><strong>omnibus</strong></span> <span class='ocrx_word' id='word_1_131' title='bbox 1432 621 1617 648; x_wconf 82' lang='lat' dir='ltr'><strong>retribuamus</strong></span> <span class='ocrx_word' id='word_1_132' title='bbox 1631 620 1681 646; x_wconf 90' lang='lat' dir='ltr'><strong>tibi</strong></span> <span class='ocrx_word' id='word_1_133' title='bbox 1699 620 1830 655; x_wconf 80' lang='lat' dir='ltr'><strong>gloriam,</strong></span> 
     </span>
    </p>
   </div>
   <div class='ocr_carea' id='block_1_14' title="bbox 247 665 1833 709">
    <p class='ocr_par' dir='ltr' id='par_1_14' title="bbox 247 665 1833 709">
     <span class='ocr_line' id='line_1_14' title="bbox 247 665 1833 709; baseline -0.007 -6"><span class='ocrx_word' id='word_1_134' title='bbox 247 675 391 702; x_wconf 75' lang='lat' dir='ltr'><strong>Diacunus.</strong></span> <span class='ocrx_word' id='word_1_135' title='bbox 404 674 597 709; x_wconf 84' lang='lat' dir='ltr'><strong>Unusquisque</strong></span> <span class='ocrx_word' id='word_1_136' title='bbox 611 681 673 701; x_wconf 91' lang='lat' dir='ltr'><strong>cum</strong></span> <span class='ocrx_word' id='word_1_137' title='bbox 689 673 796 701; x_wconf 64' lang='lat' dir='ltr'><strong>timore.</strong></span> <span class='ocrx_word' id='word_1_138' title='bbox 1041 669 1159 700; x_wconf 77' lang='lat' dir='ltr'><strong>laudem,</strong></span> <span class='ocrx_word' id='word_1_139' title='bbox 1180 668 1368 695; x_wconf 74' lang='lat' dir='ltr'><strong>exultationem</strong></span> <span class='ocrx_word' id='word_1_140' title='bbox 1388 671 1414 694; x_wconf 86' lang='lat' dir='ltr'><strong>et</strong></span> <span class='ocrx_word' id='word_1_141' title='bbox 1431 667 1578 702; x_wconf 68' lang='lat' dir='ltr'><strong>gratiarum</strong></span> <span class='ocrx_word' id='word_1_142' title='bbox 1592 666 1743 695; x_wconf 80' lang='lat' dir='ltr'><strong>actionem.</strong></span> <span class='ocrx_word' id='word_1_143' title='bbox 1761 665 1833 692; x_wconf 86' lang='lat' dir='ltr'><strong>Deo-</strong></span> 
     </span>
    </p>
   </div>
   <div class='ocr_carea' id='block_1_15' title="bbox 247 711 1830 750">
    <p class='ocr_par' dir='ltr' id='par_1_15' title="bbox 247 711 1830 750">
     <span class='ocr_line' id='line_1_15' title="bbox 247 711 1830 750; baseline -0.007 -1"><span class='ocrx_word' id='word_1_144' title='bbox 247 721 385 749; x_wconf 75' lang='lat' dir='ltr'><strong>Sacerdos.</strong></span> <span class='ocrx_word' id='word_1_145' title='bbox 403 720 502 747; x_wconf 81' lang='lat' dir='ltr'><strong>Sancta</strong></span> <span class='ocrx_word' id='word_1_146' title='bbox 518 720 630 747; x_wconf 77' lang='lat' dir='ltr'><strong>sanctis.</strong></span> <span class='ocrx_word' id='word_1_147' title='bbox 1040 723 1094 750; x_wconf 87' lang='lat' dir='ltr'><strong>que</strong></span> <span class='ocrx_word' id='word_1_148' title='bbox 1115 715 1187 741; x_wconf 85' lang='lat' dir='ltr'><strong>Patri</strong></span> <span class='ocrx_word' id='word_1_149' title='bbox 1218 713 1334 750; x_wconf 73' lang='lat' dir='ltr'><strong>genitori</strong></span> <span class='ocrx_word' id='word_1_150' title='bbox 1360 716 1428 745; x_wconf 83' lang='lat' dir='ltr'><strong>tuo,</strong></span> <span class='ocrx_word' id='word_1_151' title='bbox 1457 718 1486 741; x_wconf 78' lang='lat' dir='ltr'><strong>et</strong></span> <span class='ocrx_word' id='word_1_152' title='bbox 1509 711 1622 748; x_wconf 83' lang='lat' dir='ltr'><strong>Spiritui</strong></span> <span class='ocrx_word' id='word_1_153' title='bbox 1646 715 1696 738; x_wconf 88' lang='lat' dir='ltr'><strong>tuo</strong></span> <span class='ocrx_word' id='word_1_154' title='bbox 1719 715 1830 743; x_wconf 82' lang='lat' dir='ltr'><strong>sancto.</strong></span> 
     </span>
    </p>
   </div>
   <div class='ocr_carea' id='block_1_16' title="bbox 247 761 1195 800">
    <p class='ocr_par' dir='ltr' id='par_1_16' title="bbox 247 761 1195 800">
     <span class='ocr_line' id='line_1_16' title="bbox 247 761 1195 800; baseline -0.006 -6"><span class='ocrx_word' id='word_1_155' title='bbox 247 767 375 800; x_wconf 74' lang='lat' dir='ltr'><strong>Populus.</strong></span> <span class='ocrx_word' id='word_1_156' title='bbox 393 766 468 794; x_wconf 89' lang='lat' dir='ltr'><strong>Unus</strong></span> <span class='ocrx_word' id='word_1_157' title='bbox 480 765 560 793; x_wconf 83' lang='lat' dir='ltr'><strong>Pater</strong></span> <span class='ocrx_word' id='word_1_158' title='bbox 577 768 762 796; x_wconf 83' lang='lat' dir='ltr'><strong>sanctus,etc.</strong></span> <span class='ocrx_word' id='word_1_159' title='bbox 990 761 1012 800; x_wconf 18' lang='grc' dir='ltr'><strong>’ί</strong></span> <span class='ocrx_word' id='word_1_160' title='bbox 1042 768 1125 791; x_wconf 87' lang='lat' dir='ltr'><strong>nunc.</strong></span> <span class='ocrx_word' id='word_1_161' title='bbox 1142 765 1195 788; x_wconf 87' lang='lat' dir='ltr'><strong>etc.</strong></span> 
     </span>
    </p>
   </div>
   <div class='ocr_carea' id='block_1_17' title="bbox 265 799 1312 845">
    <p class='ocr_par' dir='ltr' id='par_1_17' title="bbox 265 799 1312 845">
     <span class='ocr_line' id='line_1_17' title="bbox 265 799 1312 845; baseline -0.007 -6"><span class='ocrx_word' id='word_1_162' title='bbox 265 812 392 840; x_wconf 68' lang='lat' dir='ltr'><strong>Sacerdos</strong></span> <span class='ocrx_word' id='word_1_163' title='bbox 413 812 476 838; x_wconf 81' lang='lat' dir='ltr'><strong>dicit</strong></span> <span class='ocrx_word' id='word_1_164' title='bbox 492 812 637 838; x_wconf 80' lang='lat' dir='ltr'><strong>orationem</strong></span> <span class='ocrx_word' id='word_1_165' title='bbox 648 811 797 845; x_wconf 80' lang='lat' dir='ltr'><strong>gratiarum</strong></span> <span class='ocrx_word' id='word_1_166' title='bbox 815 808 935 836; x_wconf 73' lang='lat' dir='ltr'><strong>actionis.</strong></span> <span class='ocrx_word' id='word_1_167' title='bbox 1003 799 1028 829; x_wconf 72' lang='grc' dir='ltr'><strong>Β</strong></span> <span class='ocrx_word' id='word_1_168' title='bbox 1076 806 1203 841; x_wconf 79' lang='lat' dir='ltr'><strong>Populus.</strong></span> <span class='ocrx_word' id='word_1_169' title='bbox 1217 806 1312 833; x_wconf 81' lang='lat' dir='ltr'><strong>Amen.</strong></span> 
     </span>
    </p>
   </div>
   <div class='ocr_carea' id='block_1_18' title="bbox 248 849 1498 891">
    <p class='ocr_par' dir='ltr' id='par_1_18' title="bbox 248 849 1498 891">
     <span class='ocr_line' id='line_1_18' title="bbox 248 849 1498 891; baseline -0.006 -7"><span class='ocrx_word' id='word_1_170' title='bbox 248 857 361 885; x_wconf 83' lang='lat' dir='ltr'><strong>Omnem</strong></span> <span class='ocrx_word' id='word_1_171' title='bbox 383 858 488 885; x_wconf 80' lang='lat' dir='ltr'><strong>laudem</strong></span> <span class='ocrx_word' id='word_1_172' title='bbox 515 856 724 887; x_wconf 75' lang='lat' dir='ltr'><strong>indeﬁcientcm.</strong></span> <span class='ocrx_word' id='word_1_173' title='bbox 748 855 842 891; x_wconf 64' lang='lat' dir='ltr'><strong>gratiae</strong></span> <span class='ocrx_word' id='word_1_174' title='bbox 871 861 924 882; x_wconf 72' lang='lat' dir='ltr'><strong>tua:</strong></span> <span class='ocrx_word' id='word_1_175' title='bbox 949 853 992 880; x_wconf 83' lang='lat' dir='ltr'><strong>in-</strong></span> <span class='ocrx_word' id='word_1_176' title='bbox 1075 852 1219 879; x_wconf 75' lang='lat' dir='ltr'><strong>Diacuuus.</strong></span> <span class='ocrx_word' id='word_1_177' title='bbox 1237 850 1361 881; x_wconf 86' lang='lat' dir='ltr'><strong>Benedic.</strong></span> <span class='ocrx_word' id='word_1_178' title='bbox 1374 849 1498 877; x_wconf 90' lang='lat' dir='ltr'><strong>Domine.</strong></span> 
     </span>
    </p>
   </div>
   <div class='ocr_carea' id='block_1_19' title="bbox 212 895 1594 936">
    <p class='ocr_par' dir='ltr' id='par_1_19' title="bbox 212 895 1594 936">
     <span class='ocr_line' id='line_1_19' title="bbox 212 895 1594 936; baseline -0.005 -5"><span class='ocrx_word' id='word_1_179' title='bbox 212 904 358 934; x_wconf 74' lang='lat' dir='ltr'><strong>enarrabili</strong></span> <span class='ocrx_word' id='word_1_180' title='bbox 374 903 521 933; x_wconf 73' lang='lat' dir='ltr'><strong>oderimus.</strong></span> <span class='ocrx_word' id='word_1_181' title='bbox 536 902 718 936; x_wconf 54' lang='lat' dir='ltr'><strong>[lantiuezqui</strong></span> <span class='ocrx_word' id='word_1_182' title='bbox 731 909 779 936; x_wconf 89' lang='lat' dir='ltr'><strong>per</strong></span> <span class='ocrx_word' id='word_1_183' title='bbox 789 901 990 934; x_wconf 75' lang='lat' dir='ltr'><strong>susceptionem</strong></span> <span class='ocrx_word' id='word_1_184' title='bbox 1075 898 1213 926; x_wconf 72' lang='lat' dir='ltr'><strong>Sacerdos.</strong></span> <span class='ocrx_word' id='word_1_185' title='bbox 1232 897 1345 924; x_wconf 75' lang='lat' dir='ltr'><strong>Benedic</strong></span> <span class='ocrx_word' id='word_1_186' title='bbox 1361 897 1440 924; x_wconf 89' lang='lat' dir='ltr'><strong>nobis</strong></span> <span class='ocrx_word' id='word_1_187' title='bbox 1456 895 1594 924; x_wconf 75' lang='lat' dir='ltr'><strong>erunibus.</strong></span> 
     </span>
    </p>
   </div>
   <div class='ocr_carea' id='block_1_20' title="bbox 214 942 1568 985">
    <p class='ocr_par' dir='ltr' id='par_1_20' title="bbox 214 942 1568 985">
     <span class='ocr_line' id='line_1_20' title="bbox 214 942 1568 985; baseline -0.004 -8"><span class='ocrx_word' id='word_1_188' title='bbox 214 949 295 985; x_wconf 70' lang='lat' dir='ltr'><strong>huius</strong></span> <span class='ocrx_word' id='word_1_189' title='bbox 317 949 435 984; x_wconf 85' lang='lat' dir='ltr'><strong>mysterii</strong></span> <span class='ocrx_word' id='word_1_190' title='bbox 460 948 621 976; x_wconf 85' lang='lat' dir='ltr'><strong>illuminasti</strong></span> <span class='ocrx_word' id='word_1_191' title='bbox 648 948 754 975; x_wconf 85' lang='lat' dir='ltr'><strong>animas</strong></span> <span class='ocrx_word' id='word_1_192' title='bbox 770 951 879 974; x_wconf 85' lang='lat' dir='ltr'><strong>nostras</strong></span> <span class='ocrx_word' id='word_1_193' title='bbox 905 945 998 972; x_wconf 65' lang='lat' dir='ltr'><strong>radiis</strong></span> <span class='ocrx_word' id='word_1_194' title='bbox 1073 944 1218 973; x_wconf 71' lang='lat' dir='ltr'><strong>Diacanus.</strong></span> <span class='ocrx_word' id='word_1_195' title='bbox 1236 942 1397 970; x_wconf 80' lang='lat' dir='ltr'><strong>Benedicam</strong></span> <span class='ocrx_word' id='word_1_196' title='bbox 1412 943 1568 971; x_wconf 89' lang='lat' dir='ltr'><strong>Dominum.</strong></span> 
     </span>
    </p>
   </div>
   <div class='ocr_carea' id='block_1_21' title="bbox 1406 1041 1553 1050">
    <p class='ocr_par' dir='ltr' id='par_1_21' title="bbox 1406 1041 1553 1050">
     <span class='ocr_line' id='line_1_21' title="bbox 1406 1041 1553 1050; baseline -0.007 -1"><span class='ocrx_word' id='word_1_197' title='bbox 1406 1041 1553 1050; x_wconf 73' lang='lat'><strong>—_—_———-</strong></span> 
     </span>
    </p>
   </div>
   <div class='ocr_carea' id='block_1_22' title="bbox 218 1039 972 1068">
    <p class='ocr_par' dir='ltr' id='par_1_22' title="bbox 218 1043 972 1068">
     <span class='ocr_line' id='line_1_22' title="bbox 218 1043 972 1068; baseline -0.003 -2"><span class='ocrx_word' id='word_1_198' title='bbox 218 1044 780 1068; x_wconf 32' lang='lat' dir='ltr'><strong>TTMM&#39;_#</strong></span> <span class='ocrx_word' id='word_1_199' title='bbox 772 1044 938 1063; x_wconf 38' lang='lat'><strong>3—;</strong></span> <span class='ocrx_word' id='word_1_200' title='bbox 848 1044 883 1048; x_wconf 47' lang='lat' dir='ltr'><strong>&#39;H</strong></span> 
     </span>
    </p>
   </div>
   <div class='ocr_carea' id='block_1_23' title="bbox 1027 1039 1781 1068">
    <p class='ocr_par' dir='ltr' id='par_1_23' title="bbox 1027 1039 1781 1060">
     <span class='ocr_line' id='line_1_23' title="bbox 1027 1039 1781 1060; baseline -0.003 -9"><span class='ocrx_word' id='word_1_201' title='bbox 1068 1044 1070 1046; x_wconf 65' lang='grc' dir='ltr'><strong><em>τ</em></strong></span> <span class='ocrx_word' id='word_1_202' title='bbox 1091 1044 1104 1045; x_wconf 57' lang='grc' dir='ltr'><em>η</em></span> <span class='ocrx_word' id='word_1_203' title='bbox 1191 1042 1347 1047; x_wconf 43' lang='grc' dir='ltr'><strong>ναν---κ</strong></span> <span class='ocrx_word' id='word_1_204' title='bbox 1363 1039 1781 1060; x_wconf 53' lang='lat' dir='ltr'><strong>—.__.———-——___v_—-—-</strong></span> 
     </span>
    </p>
   </div>
   <div class='ocr_carea' id='block_1_24' title="bbox 848 1140 1193 1219">
    <p class='ocr_par' dir='ltr' id='par_1_24' title="bbox 848 1140 1193 1219">
     <span class='ocr_line' id='line_1_24' title="bbox 848 1140 1193 1219; baseline 0 -1"><span class='ocrx_word' id='word_1_205' title='bbox 848 1141 956 1218; x_wconf 87' lang='lat' dir='ltr'><strong>SP</strong></span> <span class='ocrx_word' id='word_1_206' title='bbox 968 1140 1193 1219; x_wconf 81' lang='lat' dir='ltr'><strong>URIA</strong></span> 
     </span>
    </p>
   </div>
   <div class='ocr_carea' id='block_1_25' title="bbox 307 1359 1724 1443">
    <p class='ocr_par' dir='ltr' id='par_1_25' title="bbox 307 1359 1724 1443">
     <span class='ocr_line' id='line_1_25' title="bbox 307 1359 1724 1443; baseline -0.002 -5"><span class='ocrx_word' id='word_1_207' title='bbox 307 1364 355 1438; x_wconf 86' lang='lat' dir='ltr'><strong>S.</strong></span> <span class='ocrx_word' id='word_1_208' title='bbox 402 1362 709 1440; x_wconf 75' lang='lat' dir='ltr'><strong>EUSTA’l‘llll</strong></span> <span class='ocrx_word' id='word_1_209' title='bbox 745 1362 1192 1443; x_wconf 69' lang='lat' dir='ltr'><strong>COMMENTARIUS</strong></span> <span class='ocrx_word' id='word_1_210' title='bbox 1235 1362 1302 1440; x_wconf 83' lang='grc' dir='ltr'><strong>ΙΝ</strong></span> <span class='ocrx_word' id='word_1_211' title='bbox 1341 1359 1724 1439; x_wconf 67' lang='lat' dir='ltr'><strong>HEXAEMERM</strong></span> 
     </span>
    </p>
   </div>
   <div class='ocr_carea' id='block_1_26' title="bbox 248 1505 1827 1544">
    <p class='ocr_par' dir='ltr' id='par_1_26' title="bbox 248 1505 1827 1544">
     <span class='ocr_line' id='line_1_26' title="bbox 248 1505 1827 1544; baseline -0.002 -10"><span class='ocrx_word' id='word_1_212' title='bbox 248 1509 341 1542; x_wconf 86' lang='lat' dir='ltr'><strong>(Edidit</strong></span> <span class='ocrx_word' id='word_1_213' title='bbox 356 1509 406 1534; x_wconf 82' lang='lat' dir='ltr'><strong>Leo</strong></span> <span class='ocrx_word' id='word_1_214' title='bbox 420 1510 543 1541; x_wconf 62' lang='lat' dir='ltr'><strong>Acamas,</strong></span> <span class='ocrx_word' id='word_1_215' title='bbox 553 1509 666 1542; x_wconf 74' lang='lat' dir='ltr'><strong>Lugduni</strong></span> <span class='ocrx_word' id='word_1_216' title='bbox 680 1509 824 1544; x_wconf 58' lang='lat' dir='ltr'><strong>mmini.</strong></span> <span class='ocrx_word' id='word_1_217' title='bbox 840 1511 924 1534; x_wconf 78' lang='lat' dir='ltr'><strong>Eidem</strong></span> <span class='ocrx_word' id='word_1_218' title='bbox 937 1511 1051 1544; x_wconf 80' lang='lat' dir='ltr'><strong>volumini</strong></span> <span class='ocrx_word' id='word_1_219' title='bbox 1074 1510 1139 1534; x_wconf 80' lang='lat' dir='ltr'><strong>inest</strong></span> <span class='ocrx_word' id='word_1_220' title='bbox 1151 1508 1272 1544; x_wconf 75' lang='lat' dir='ltr'><strong>Etrstatliii</strong></span> <span class='ocrx_word' id='word_1_221' title='bbox 1285 1511 1371 1544; x_wconf 83' lang='lat' dir='ltr'><strong>Contra</strong></span> <span class='ocrx_word' id='word_1_222' title='bbox 1383 1507 1510 1542; x_wconf 76' lang='lat' dir='ltr'><strong>Origenem</strong></span> <span class='ocrx_word' id='word_1_223' title='bbox 1522 1509 1557 1534; x_wconf 89' lang='lat' dir='ltr'><strong>De</strong></span> <span class='ocrx_word' id='word_1_224' title='bbox 1567 1506 1756 1540; x_wconf 67' lang='lat' dir='ltr'><strong>eugastrimytlio</strong></span> <span class='ocrx_word' id='word_1_225' title='bbox 1769 1505 1827 1532; x_wconf 69' lang='lat' dir='ltr'><strong>Dir-</strong></span> 
     </span>
    </p>
   </div>
   <div class='ocr_carea' id='block_1_27' title="bbox 683 1541 1345 1572">
    <p class='ocr_par' dir='ltr' id='par_1_27' title="bbox 683 1541 1345 1572">
     <span class='ocr_line' id='line_1_27' title="bbox 683 1541 1345 1572; baseline 0 -7"><span class='ocrx_word' id='word_1_226' title='bbox 683 1541 782 1572; x_wconf 72' lang='lat' dir='ltr'><strong>ptuutio,</strong></span> <span class='ocrx_word' id='word_1_227' title='bbox 794 1548 865 1572; x_wconf 86' lang='lat' dir='ltr'><strong>quam</strong></span> <span class='ocrx_word' id='word_1_228' title='bbox 876 1543 968 1572; x_wconf 83' lang='lat' dir='ltr'><strong>primus</strong></span> <span class='ocrx_word' id='word_1_229' title='bbox 980 1542 1003 1565; x_wconf 94' lang='lat' dir='ltr'><strong>in</strong></span> <span class='ocrx_word' id='word_1_230' title='bbox 1016 1544 1095 1566; x_wconf 88' lang='lat' dir='ltr'><strong>lucem</strong></span> <span class='ocrx_word' id='word_1_231' title='bbox 1109 1541 1209 1572; x_wconf 88' lang='lat' dir='ltr'><strong>protulit</strong></span> <span class='ocrx_word' id='word_1_232' title='bbox 1219 1541 1345 1570; x_wconf 71' lang='lat' dir='ltr'><strong>Alt-atrus.)</strong></span> 
     </span>
    </p>
   </div>
   <div class='ocr_carea' id='block_1_28' title="bbox 878 1677 1155 1724">
    <p class='ocr_par' dir='ltr' id='par_1_28' title="bbox 878 1677 1155 1724">
     <span class='ocr_line' id='line_1_28' title="bbox 878 1677 1155 1724; baseline -0.004 -2"><span class='ocrx_word' id='word_1_233' title='bbox 878 1677 1155 1724; x_wconf 83' lang='lat' dir='ltr'><strong>LECTORI.</strong></span> 
     </span>
    </p>
   </div>
   <div class='ocr_carea' id='block_1_29' title="bbox 253 1771 1849 1808">
    <p class='ocr_par' dir='ltr' id='par_1_29' title="bbox 253 1771 1849 1808">
     <span class='ocr_line' id='line_1_29' title="bbox 253 1771 1849 1808; baseline -0.001 -7"><span class='ocrx_word' id='word_1_234' title='bbox 253 1771 421 1808; x_wconf 70' lang='lat' dir='ltr'><strong>Eustathius,</strong></span> <span class='ocrx_word' id='word_1_235' title='bbox 438 1774 611 1801; x_wconf 59' lang='lat' dir='ltr'><strong>Antiochense</strong></span> <span class='ocrx_word' id='word_1_236' title='bbox 627 1773 754 1801; x_wconf 63' lang='lat' dir='ltr'><strong>Ecclesiae</strong></span> <span class='ocrx_word' id='word_1_237' title='bbox 769 1780 891 1801; x_wconf 87' lang='lat' dir='ltr'><strong>summus</strong></span> <span class='ocrx_word' id='word_1_238' title='bbox 912 1774 1036 1805; x_wconf 76' lang='lat' dir='ltr'><strong>antistes,</strong></span> <span class='ocrx_word' id='word_1_239' title='bbox 1054 1773 1132 1807; x_wconf 87' lang='lat' dir='ltr'><strong>cujus</strong></span> <span class='ocrx_word' id='word_1_240' title='bbox 1153 1773 1223 1808; x_wconf 86' lang='lat' dir='ltr'><strong>apud</strong></span> <span class='ocrx_word' id='word_1_241' title='bbox 1243 1776 1350 1800; x_wconf 78' lang='lat' dir='ltr'><strong>veteres</strong></span> <span class='ocrx_word' id='word_1_242' title='bbox 1364 1774 1473 1808; x_wconf 87' lang='lat' dir='ltr'><strong>copiosa</strong></span> <span class='ocrx_word' id='word_1_243' title='bbox 1498 1777 1525 1800; x_wconf 88' lang='lat' dir='ltr'><strong>et</strong></span> <span class='ocrx_word' id='word_1_244' title='bbox 1540 1773 1689 1800; x_wconf 83' lang='lat' dir='ltr'><strong>honorifica</strong></span> <span class='ocrx_word' id='word_1_245' title='bbox 1707 1772 1821 1803; x_wconf 82' lang='lat' dir='ltr'><strong>mentio.</strong></span> <span class='ocrx_word' id='word_1_246' title='bbox 1841 1773 1849 1778; x_wconf 87' lang='lat'><strong>&#39;</strong></span> 
     </span>
    </p>
   </div>
   <div class='ocr_carea' id='block_1_30' title="bbox 216 1819 1826 1854">
    <p class='ocr_par' dir='ltr' id='par_1_30' title="bbox 216 1819 1826 1854">
     <span class='ocr_line' id='line_1_30' title="bbox 216 1819 1826 1854; baseline -0.002 -7"><span class='ocrx_word' id='word_1_247' title='bbox 216 1820 339 1848; x_wconf 79' lang='lat' dir='ltr'><strong>eamdem</strong></span> <span class='ocrx_word' id='word_1_248' title='bbox 357 1828 417 1848; x_wconf 84' lang='lat' dir='ltr'><strong>cum</strong></span> <span class='ocrx_word' id='word_1_249' title='bbox 434 1821 494 1848; x_wconf 89' lang='lat' dir='ltr'><strong>aliis</strong></span> <span class='ocrx_word' id='word_1_250' title='bbox 510 1820 599 1854; x_wconf 63' lang='lat' dir='ltr'><strong>magni</strong></span> <span class='ocrx_word' id='word_1_251' title='bbox 622 1820 739 1847; x_wconf 81' lang='lat' dir='ltr'><strong>immittis</strong></span> <span class='ocrx_word' id='word_1_252' title='bbox 755 1821 946 1854; x_wconf 80' lang='lat' dir='ltr'><strong>scriptoribus,</strong></span> <span class='ocrx_word' id='word_1_253' title='bbox 962 1820 1082 1854; x_wconf 87' lang='lat' dir='ltr'><strong>iniquam</strong></span> <span class='ocrx_word' id='word_1_254' title='bbox 1104 1819 1300 1854; x_wconf 73' lang='lat' dir='ltr'><strong>adrersamque</strong></span> <span class='ocrx_word' id='word_1_255' title='bbox 1321 1819 1456 1846; x_wconf 81' lang='lat' dir='ltr'><strong>fortunam</strong></span> <span class='ocrx_word' id='word_1_256' title='bbox 1471 1824 1598 1854; x_wconf 77' lang='lat' dir='ltr'><strong>expertus</strong></span> <span class='ocrx_word' id='word_1_257' title='bbox 1609 1824 1660 1847; x_wconf 83' lang='lat' dir='ltr'><strong>est.</strong></span> <span class='ocrx_word' id='word_1_258' title='bbox 1676 1820 1744 1853; x_wconf 63' lang='lat' dir='ltr'><strong>Quae</strong></span> <span class='ocrx_word' id='word_1_259' title='bbox 1758 1819 1826 1846; x_wconf 84' lang='lat' dir='ltr'><strong>enim</strong></span> 
     </span>
    </p>
   </div>
   <div class='ocr_carea' id='block_1_31' title="bbox 219 1863 1826 1900">
    <p class='ocr_par' dir='ltr' id='par_1_31' title="bbox 219 1863 1826 1900">
     <span class='ocr_line' id='line_1_31' title="bbox 219 1863 1826 1900; baseline -0.001 -9"><span class='ocrx_word' id='word_1_260' title='bbox 219 1863 277 1899; x_wconf 85' lang='lat' dir='ltr'><strong>ipse</strong></span> <span class='ocrx_word' id='word_1_261' title='bbox 293 1866 418 1892; x_wconf 79' lang='lat' dir='ltr'><strong>maximis</strong></span> <span class='ocrx_word' id='word_1_262' title='bbox 434 1866 533 1900; x_wconf 73' lang='lat' dir='ltr'><strong>vigiliis</strong></span> <span class='ocrx_word' id='word_1_263' title='bbox 551 1872 701 1900; x_wconf 81' lang='lat' dir='ltr'><strong>magnaque</strong></span> <span class='ocrx_word' id='word_1_264' title='bbox 712 1865 849 1899; x_wconf 80' lang='lat' dir='ltr'><strong>diligentia</strong></span> <span class='ocrx_word' id='word_1_265' title='bbox 868 1865 895 1891; x_wconf 90' lang='lat' dir='ltr'><strong>in</strong></span> <span class='ocrx_word' id='word_1_266' title='bbox 910 1864 1054 1891; x_wconf 75' lang='lat' dir='ltr'><strong>catholicae</strong></span> <span class='ocrx_word' id='word_1_267' title='bbox 1067 1864 1190 1890; x_wconf 82' lang='lat' dir='ltr'><strong>veritatis</strong></span> <span class='ocrx_word' id='word_1_268' title='bbox 1204 1868 1405 1899; x_wconf 70' lang='lat' dir='ltr'><strong>oppugnatores</strong></span> <span class='ocrx_word' id='word_1_269' title='bbox 1422 1869 1596 1891; x_wconf 90' lang='lat' dir='ltr'><strong>monumenta</strong></span> <span class='ocrx_word' id='word_1_270' title='bbox 1612 1864 1771 1899; x_wconf 58' lang='lat' dir='ltr'><strong>reliquerat.</strong></span> <span class='ocrx_word' id='word_1_271' title='bbox 1788 1864 1826 1890; x_wconf 86' lang='lat' dir='ltr'><strong>rel</strong></span> 
     </span>
    </p>
   </div>
   <div class='ocr_carea' id='block_1_32' title="bbox 218 1909 1825 1946">
    <p class='ocr_par' dir='ltr' id='par_1_32' title="bbox 218 1909 1825 1946">
     <span class='ocr_line' id='line_1_32' title="bbox 218 1909 1825 1946; baseline -0.001 -9"><span class='ocrx_word' id='word_1_272' title='bbox 218 1910 350 1938; x_wconf 84' lang='lat' dir='ltr'><strong>bonorum</strong></span> <span class='ocrx_word' id='word_1_273' title='bbox 367 1912 480 1943; x_wconf 79' lang='lat' dir='ltr'><strong>incuria,</strong></span> <span class='ocrx_word' id='word_1_274' title='bbox 497 1913 600 1938; x_wconf 89' lang='lat' dir='ltr'><strong>utinam</strong></span> <span class='ocrx_word' id='word_1_275' title='bbox 617 1919 670 1938; x_wconf 91' lang='lat' dir='ltr'><strong>non</strong></span> <span class='ocrx_word' id='word_1_276' title='bbox 687 1912 819 1937; x_wconf 90' lang='lat' dir='ltr'><strong>malorum</strong></span> <span class='ocrx_word' id='word_1_277' title='bbox 835 1911 1063 1944; x_wconf 78' lang='lat' dir='ltr'><strong>inimicorumque</strong></span> <span class='ocrx_word' id='word_1_278' title='bbox 1075 1909 1214 1936; x_wconf 85' lang='lat' dir='ltr'><strong>hominum</strong></span> <span class='ocrx_word' id='word_1_279' title='bbox 1232 1911 1322 1937; x_wconf 80' lang='lat' dir='ltr'><strong>studio</strong></span> <span class='ocrx_word' id='word_1_280' title='bbox 1343 1910 1504 1946; x_wconf 78' lang='lat' dir='ltr'><strong>frandequel</strong></span> <span class='ocrx_word' id='word_1_281' title='bbox 1522 1911 1666 1942; x_wconf 78' lang='lat' dir='ltr'><strong>interiere;</strong></span> <span class='ocrx_word' id='word_1_282' title='bbox 1683 1911 1725 1937; x_wconf 65' lang='lat' dir='ltr'><strong>vel</strong></span> <span class='ocrx_word' id='word_1_283' title='bbox 1743 1914 1825 1937; x_wconf 88' lang='lat' dir='ltr'><strong>tractu</strong></span> 
     </span>
    </p>
   </div>
   <div class='ocr_carea' id='block_1_33' title="bbox 219 1954 1824 1991">
    <p class='ocr_par' dir='ltr' id='par_1_33' title="bbox 219 1954 1824 1991">
     <span class='ocr_line' id='line_1_33' title="bbox 219 1954 1824 1991; baseline 0 -9"><span class='ocrx_word' id='word_1_284' title='bbox 219 1955 278 1990; x_wconf 88' lang='lat' dir='ltr'><strong>ipso</strong></span> <span class='ocrx_word' id='word_1_285' title='bbox 294 1957 433 1990; x_wconf 83' lang='lat' dir='ltr'><strong>temporis,</strong></span> <span class='ocrx_word' id='word_1_286' title='bbox 446 1961 472 1983; x_wconf 89' lang='lat' dir='ltr'><strong>et</strong></span> <span class='ocrx_word' id='word_1_287' title='bbox 486 1963 576 1983; x_wconf 88' lang='lat' dir='ltr'><strong>rermn</strong></span> <span class='ocrx_word' id='word_1_288' title='bbox 596 1955 772 1982; x_wconf 86' lang='lat' dir='ltr'><strong>humanarum</strong></span> <span class='ocrx_word' id='word_1_289' title='bbox 789 1957 896 1991; x_wconf 78' lang='lat' dir='ltr'><strong>ingenio</strong></span> <span class='ocrx_word' id='word_1_290' title='bbox 914 1959 978 1983; x_wconf 86' lang='lat' dir='ltr'><strong>sunt</strong></span> <span class='ocrx_word' id='word_1_291' title='bbox 992 1956 1144 1989; x_wconf 88' lang='lat' dir='ltr'><strong>absumpta.</strong></span> <span class='ocrx_word' id='word_1_292' title='bbox 1161 1954 1266 1989; x_wconf 60' lang='lat' dir='ltr'><strong>Saepius</strong></span> <span class='ocrx_word' id='word_1_293' title='bbox 1287 1956 1402 1990; x_wconf 75' lang='lat' dir='ltr'><strong>legeram</strong></span> <span class='ocrx_word' id='word_1_294' title='bbox 1419 1957 1445 1983; x_wconf 92' lang='lat' dir='ltr'><strong>in</strong></span> <span class='ocrx_word' id='word_1_295' title='bbox 1468 1957 1641 1990; x_wconf 84' lang='lat' dir='ltr'><strong>antiquorum</strong></span> <span class='ocrx_word' id='word_1_296' title='bbox 1659 1961 1824 1983; x_wconf 73' lang='lat' dir='ltr'><strong>commenta-</strong></span> 
     </span>
    </p>
   </div>
   <div class='ocr_carea' id='block_1_34' title="bbox 219 2001 1826 2037">
    <p class='ocr_par' dir='ltr' id='par_1_34' title="bbox 219 2001 1826 2037">
     <span class='ocr_line' id='line_1_34' title="bbox 219 2001 1826 2037; baseline -0.001 -9"><span class='ocrx_word' id='word_1_297' title='bbox 219 2001 269 2028; x_wconf 86' lang='lat' dir='ltr'><strong>riis</strong></span> <span class='ocrx_word' id='word_1_298' title='bbox 284 2001 451 2029; x_wconf 76' lang='lat' dir='ltr'><strong>Eustatlrium</strong></span> <span class='ocrx_word' id='word_1_299' title='bbox 470 2002 550 2032; x_wconf 83' lang='lat' dir='ltr'><strong>hunc.</strong></span> <span class='ocrx_word' id='word_1_300' title='bbox 568 2002 652 2029; x_wconf 79' lang='lat' dir='ltr'><strong>divite</strong></span> <span class='ocrx_word' id='word_1_301' title='bbox 665 2002 808 2029; x_wconf 84' lang='lat' dir='ltr'><strong>verborum</strong></span> <span class='ocrx_word' id='word_1_302' title='bbox 823 2010 855 2030; x_wconf 86' lang='lat' dir='ltr'><strong>ac</strong></span> <span class='ocrx_word' id='word_1_303' title='bbox 867 2002 1063 2030; x_wconf 81' lang='lat' dir='ltr'><strong>sententiarum</strong></span> <span class='ocrx_word' id='word_1_304' title='bbox 1079 2002 1170 2036; x_wconf 85' lang='lat' dir='ltr'><strong>copia.</strong></span> <span class='ocrx_word' id='word_1_305' title='bbox 1185 2002 1356 2037; x_wconf 77' lang='lat' dir='ltr'><strong>clegnntique</strong></span> <span class='ocrx_word' id='word_1_306' title='bbox 1371 2001 1533 2029; x_wconf 85' lang='lat' dir='ltr'><strong>eruditionis</strong></span> <span class='ocrx_word' id='word_1_307' title='bbox 1547 2002 1676 2028; x_wconf 80' lang='lat' dir='ltr'><strong>varietate</strong></span> <span class='ocrx_word' id='word_1_308' title='bbox 1688 2002 1723 2028; x_wconf 84' lang='lat' dir='ltr'><strong>ad</strong></span> <span class='ocrx_word' id='word_1_309' title='bbox 1740 2010 1826 2030; x_wconf 76' lang='lat' dir='ltr'><strong>amns-</strong></span> 
     </span>
    </p>
   </div>
   <div class='ocr_carea' id='block_1_35' title="bbox 219 2046 1825 2082">
    <p class='ocr_par' dir='ltr' id='par_1_35' title="bbox 219 2046 1825 2082">
     <span class='ocr_line' id='line_1_35' title="bbox 219 2046 1825 2082; baseline 0.002 -9"><span class='ocrx_word' id='word_1_310' title='bbox 219 2046 270 2074; x_wconf 76' lang='lat' dir='ltr'><strong>sim</strong></span> <span class='ocrx_word' id='word_1_311' title='bbox 286 2048 414 2080; x_wconf 61' lang='lat' dir='ltr'><strong>perfecta,</strong></span> <span class='ocrx_word' id='word_1_312' title='bbox 430 2054 509 2082; x_wconf 85' lang='lat' dir='ltr'><strong>atque</strong></span> <span class='ocrx_word' id='word_1_313' title='bbox 521 2048 552 2074; x_wconf 89' lang='lat' dir='ltr'><strong>ad</strong></span> <span class='ocrx_word' id='word_1_314' title='bbox 569 2056 703 2075; x_wconf 88' lang='lat' dir='ltr'><strong>summum</strong></span> <span class='ocrx_word' id='word_1_315' title='bbox 720 2049 854 2079; x_wconf 78' lang='lat' dir='ltr'><strong>absoluta,</strong></span> <span class='ocrx_word' id='word_1_316' title='bbox 867 2055 953 2082; x_wconf 86' lang='lat' dir='ltr'><strong>eaque</strong></span> <span class='ocrx_word' id='word_1_317' title='bbox 970 2048 996 2073; x_wconf 91' lang='lat' dir='ltr'><strong>in</strong></span> <span class='ocrx_word' id='word_1_318' title='bbox 1008 2055 1105 2082; x_wconf 83' lang='lat' dir='ltr'><strong>magno</strong></span> <span class='ocrx_word' id='word_1_319' title='bbox 1119 2055 1232 2074; x_wconf 84' lang='lat' dir='ltr'><strong>munero</strong></span> <span class='ocrx_word' id='word_1_320' title='bbox 1247 2049 1347 2082; x_wconf 79' lang='lat' dir='ltr'><strong>Scripta</strong></span> <span class='ocrx_word' id='word_1_321' title='bbox 1360 2048 1543 2076; x_wconf 76' lang='lat' dir='ltr'><strong>elucubrassc.</strong></span> <span class='ocrx_word' id='word_1_322' title='bbox 1565 2049 1662 2081; x_wconf 67' lang='grc' dir='ltr'><strong>ριιιειυ</strong></span> <span class='ocrx_word' id='word_1_323' title='bbox 1684 2050 1789 2076; x_wconf 71' lang='grc' dir='ltr'><strong>ιηἰύὶιιε</strong></span> <span class='ocrx_word' id='word_1_324' title='bbox 1804 2049 1825 2076; x_wconf 91' lang='lat' dir='ltr'><strong>si</strong></span> 
     </span>
    </p>
   </div>
   <div class='ocr_carea' id='block_1_36' title="bbox 218 2093 1824 2129">
    <p class='ocr_par' dir='ltr' id='par_1_36' title="bbox 218 2093 1824 2129">
     <span class='ocr_line' id='line_1_36' title="bbox 218 2093 1824 2129; baseline 0.003 -11"><span class='ocrx_word' id='word_1_325' title='bbox 218 2093 282 2127; x_wconf 81' lang='lat' dir='ltr'><strong>quid</strong></span> <span class='ocrx_word' id='word_1_326' title='bbox 297 2094 391 2127; x_wconf 85' lang='lat' dir='ltr'><strong>reliqui</strong></span> <span class='ocrx_word' id='word_1_327' title='bbox 405 2098 457 2125; x_wconf 86' lang='lat' dir='ltr'><strong>cst,</strong></span> <span class='ocrx_word' id='word_1_328' title='bbox 474 2101 534 2120; x_wconf 86' lang='lat' dir='ltr'><strong>nam</strong></span> <span class='ocrx_word' id='word_1_329' title='bbox 550 2094 638 2120; x_wconf 83' lang='lat' dir='ltr'><strong>omnia</strong></span> <span class='ocrx_word' id='word_1_330' title='bbox 650 2100 807 2129; x_wconf 76' lang='lat' dir='ltr'><strong>exspectare</strong></span> <span class='ocrx_word' id='word_1_331' title='bbox 814 2094 973 2128; x_wconf 80' lang='lat' dir='ltr'><strong>desipientis</strong></span> <span class='ocrx_word' id='word_1_332' title='bbox 985 2093 1220 2127; x_wconf 84' lang='lat' dir='ltr'><strong>essejudicabam.</strong></span> <span class='ocrx_word' id='word_1_333' title='bbox 1237 2093 1364 2121; x_wconf 79' lang='lat' dir='ltr'><strong>Refertur</strong></span> <span class='ocrx_word' id='word_1_334' title='bbox 1378 2103 1392 2120; x_wconf 70' lang='grc' dir='ltr'><strong>ιι</strong></span> <span class='ocrx_word' id='word_1_335' title='bbox 1409 2095 1626 2129; x_wconf 83' lang='lat' dir='ltr'><strong>prudentissimis</strong></span> <span class='ocrx_word' id='word_1_336' title='bbox 1640 2095 1718 2126; x_wconf 81' lang='lat' dir='ltr'><strong>viris.</strong></span> <span class='ocrx_word' id='word_1_337' title='bbox 1732 2103 1824 2123; x_wconf 86' lang='lat' dir='ltr'><strong>nomen</strong></span> 
     </span>
    </p>
   </div>
   <div class='ocr_carea' id='block_1_37' title="bbox 218 2139 1826 2176">
    <p class='ocr_par' dir='ltr' id='par_1_37' title="bbox 218 2139 1826 2176">
     <span class='ocr_line' id='line_1_37' title="bbox 218 2139 1826 2176; baseline 0.003 -13"><span class='ocrx_word' id='word_1_338' title='bbox 218 2141 324 2164; x_wconf 86' lang='lat' dir='ltr'><strong>tantum</strong></span> <span class='ocrx_word' id='word_1_339' title='bbox 343 2146 495 2173; x_wconf 83' lang='lat' dir='ltr'><strong>superesse,</strong></span> <span class='ocrx_word' id='word_1_340' title='bbox 513 2145 685 2167; x_wconf 85' lang='lat' dir='ltr'><strong>monumenta</strong></span> <span class='ocrx_word' id='word_1_341' title='bbox 708 2141 844 2168; x_wconf 77' lang='lat' dir='ltr'><strong>excidisse</strong></span> <span class='ocrx_word' id='word_1_342' title='bbox 860 2141 964 2167; x_wconf 84' lang='lat' dir='ltr'><strong>omnia.</strong></span> <span class='ocrx_word' id='word_1_343' title='bbox 981 2139 1098 2167; x_wconf 83' lang='lat' dir='ltr'><strong>lndolui.</strong></span> <span class='ocrx_word' id='word_1_344' title='bbox 1111 2139 1181 2172; x_wconf 85' lang='lat' dir='ltr'><strong>Quid</strong></span> <span class='ocrx_word' id='word_1_345' title='bbox 1197 2141 1269 2167; x_wconf 88' lang='lat' dir='ltr'><strong>enim</strong></span> <span class='ocrx_word' id='word_1_346' title='bbox 1292 2140 1431 2168; x_wconf 83' lang='lat' dir='ltr'><strong>facerem?</strong></span> <span class='ocrx_word' id='word_1_347' title='bbox 1445 2140 1603 2176; x_wconf 80' lang='lat' dir='ltr'><strong>Magnorum</strong></span> <span class='ocrx_word' id='word_1_348' title='bbox 1619 2146 1763 2168; x_wconf 83' lang='lat' dir='ltr'><strong>auctorum</strong></span> <span class='ocrx_word' id='word_1_349' title='bbox 1775 2142 1826 2169; x_wconf 91' lang='lat' dir='ltr'><strong>rui-</strong></span> 
     </span>
    </p>
   </div>
   <div class='ocr_carea' id='block_1_38' title="bbox 219 2185 1827 2222">
    <p class='ocr_par' dir='ltr' id='par_1_38' title="bbox 219 2185 1827 2222">
     <span class='ocr_line' id='line_1_38' title="bbox 219 2185 1827 2222; baseline 0.001 -12"><span class='ocrx_word' id='word_1_350' title='bbox 219 2190 269 2210; x_wconf 87' lang='lat' dir='ltr'><strong>nas</strong></span> <span class='ocrx_word' id='word_1_351' title='bbox 285 2191 336 2210; x_wconf 86' lang='lat' dir='ltr'><strong>non</strong></span> <span class='ocrx_word' id='word_1_352' title='bbox 354 2185 412 2211; x_wconf 80' lang='lat' dir='ltr'><strong>sine</strong></span> <span class='ocrx_word' id='word_1_353' title='bbox 427 2185 519 2212; x_wconf 86' lang='lat' dir='ltr'><strong>dolore</strong></span> <span class='ocrx_word' id='word_1_354' title='bbox 544 2187 689 2213; x_wconf 84' lang='lat' dir='ltr'><strong>miseratus</strong></span> <span class='ocrx_word' id='word_1_355' title='bbox 704 2193 774 2213; x_wconf 88' lang='lat' dir='ltr'><strong>sum.</strong></span> <span class='ocrx_word' id='word_1_356' title='bbox 791 2187 826 2212; x_wconf 80' lang='lat' dir='ltr'><strong>At</strong></span> <span class='ocrx_word' id='word_1_357' title='bbox 845 2193 982 2221; x_wconf 60' lang='lat' dir='ltr'><strong>prasagus</strong></span> <span class='ocrx_word' id='word_1_358' title='bbox 1004 2186 1112 2212; x_wconf 88' lang='lat' dir='ltr'><strong>animus</strong></span> <span class='ocrx_word' id='word_1_359' title='bbox 1138 2186 1226 2220; x_wconf 80' lang='lat' dir='ltr'><strong>magis</strong></span> <span class='ocrx_word' id='word_1_360' title='bbox 1243 2187 1383 2221; x_wconf 77' lang='lat' dir='ltr'><strong>magiSque</strong></span> <span class='ocrx_word' id='word_1_361' title='bbox 1403 2188 1503 2221; x_wconf 80' lang='lat' dir='ltr'><strong>inopia.</strong></span> <span class='ocrx_word' id='word_1_362' title='bbox 1523 2195 1573 2214; x_wconf 85' lang='lat' dir='ltr'><strong>ceu</strong></span> <span class='ocrx_word' id='word_1_363' title='bbox 1598 2187 1716 2222; x_wconf 86' lang='lat' dir='ltr'><strong>quodam</strong></span> <span class='ocrx_word' id='word_1_364' title='bbox 1736 2188 1827 2215; x_wconf 83' lang='lat' dir='ltr'><strong>incita.</strong></span> 
     </span>
    </p>
   </div>
   <div class='ocr_carea' id='block_1_39' title="bbox 219 2230 1826 2266">
    <p class='ocr_par' dir='ltr' id='par_1_39' title="bbox 219 2230 1826 2266">
     <span class='ocr_line' id='line_1_39' title="bbox 219 2230 1826 2266; baseline 0.002 -12"><span class='ocrx_word' id='word_1_365' title='bbox 219 2233 311 2255; x_wconf 89' lang='lat' dir='ltr'><strong>mento</strong></span> <span class='ocrx_word' id='word_1_366' title='bbox 322 2237 453 2257; x_wconf 63' lang='lat' dir='ltr'><strong>accensus</strong></span> <span class='ocrx_word' id='word_1_367' title='bbox 470 2231 559 2265; x_wconf 73' lang='lat' dir='ltr'><strong>sagaci</strong></span> <span class='ocrx_word' id='word_1_368' title='bbox 577 2231 692 2265; x_wconf 87' lang='lat' dir='ltr'><strong>quadam</strong></span> <span class='ocrx_word' id='word_1_369' title='bbox 705 2232 865 2258; x_wconf 83' lang='lat' dir='ltr'><strong>curiositate</strong></span> <span class='ocrx_word' id='word_1_370' title='bbox 874 2231 964 2257; x_wconf 84' lang='lat' dir='ltr'><strong>omnia</strong></span> <span class='ocrx_word' id='word_1_371' title='bbox 978 2230 1169 2265; x_wconf 83' lang='lat' dir='ltr'><strong>perlustrabat,</strong></span> <span class='ocrx_word' id='word_1_372' title='bbox 1180 2233 1201 2256; x_wconf 84' lang='lat' dir='ltr'><strong>si</strong></span> <span class='ocrx_word' id='word_1_373' title='bbox 1215 2230 1281 2265; x_wconf 88' lang='lat' dir='ltr'><strong>quid</strong></span> <span class='ocrx_word' id='word_1_374' title='bbox 1299 2232 1365 2257; x_wconf 87' lang='lat' dir='ltr'><strong>tanti</strong></span> <span class='ocrx_word' id='word_1_375' title='bbox 1383 2231 1432 2257; x_wconf 87' lang='lat' dir='ltr'><strong>viri</strong></span> <span class='ocrx_word' id='word_1_376' title='bbox 1445 2231 1604 2258; x_wconf 72' lang='lat' dir='ltr'><strong>offenderet.</strong></span> <span class='ocrx_word' id='word_1_377' title='bbox 1621 2231 1713 2264; x_wconf 84' lang='lat' dir='ltr'><strong>Quare</strong></span> <span class='ocrx_word' id='word_1_378' title='bbox 1728 2232 1826 2266; x_wconf 76' lang='lat' dir='ltr'><strong>impen-</strong></span> 
     </span>
    </p>
   </div>
   <div class='ocr_carea' id='block_1_40' title="bbox 219 2274 1824 2311">
    <p class='ocr_par' dir='ltr' id='par_1_40' title="bbox 219 2274 1824 2311">
     <span class='ocr_line' id='line_1_40' title="bbox 219 2274 1824 2311; baseline 0.001 -11"><span class='ocrx_word' id='word_1_379' title='bbox 219 2274 277 2301; x_wconf 87' lang='lat' dir='ltr'><strong>sius</strong></span> <span class='ocrx_word' id='word_1_380' title='bbox 296 2277 496 2311; x_wconf 83' lang='lat' dir='ltr'><strong>uianuscriptos</strong></span> <span class='ocrx_word' id='word_1_381' title='bbox 509 2277 627 2306; x_wconf 84' lang='lat' dir='ltr'><strong>codices.</strong></span> <span class='ocrx_word' id='word_1_382' title='bbox 643 2285 704 2304; x_wconf 87' lang='lat' dir='ltr'><strong>cum</strong></span> <span class='ocrx_word' id='word_1_383' title='bbox 727 2278 820 2304; x_wconf 82' lang='lat' dir='ltr'><strong>liceret</strong></span> <span class='ocrx_word' id='word_1_384' title='bbox 832 2278 999 2308; x_wconf 71' lang='lat' dir='ltr'><strong>evolvi-bam,</strong></span> <span class='ocrx_word' id='word_1_385' title='bbox 1022 2277 1210 2311; x_wconf 64' lang='lat' dir='ltr'><strong>agitabantque</strong></span> <span class='ocrx_word' id='word_1_386' title='bbox 1232 2277 1374 2303; x_wconf 88' lang='lat' dir='ltr'><strong>intentius.</strong></span> <span class='ocrx_word' id='word_1_387' title='bbox 1393 2276 1447 2303; x_wconf 80' lang='lat' dir='ltr'><strong>Nec</strong></span> <span class='ocrx_word' id='word_1_388' title='bbox 1464 2284 1526 2311; x_wconf 83' lang='lat' dir='ltr'><strong>spes</strong></span> <span class='ocrx_word' id='word_1_389' title='bbox 1541 2277 1574 2303; x_wconf 85' lang='lat' dir='ltr'><strong>ad</strong></span> <span class='ocrx_word' id='word_1_390' title='bbox 1596 2277 1704 2303; x_wconf 86' lang='lat' dir='ltr'><strong>irritum</strong></span> <span class='ocrx_word' id='word_1_391' title='bbox 1722 2277 1824 2304; x_wconf 74' lang='lat' dir='ltr'><strong>cecidit.</strong></span> 
     </span>
    </p>
   </div>
   <div class='ocr_carea' id='block_1_41' title="bbox 221 2318 1822 2358">
    <p class='ocr_par' dir='ltr' id='par_1_41' title="bbox 221 2318 1822 2358">
     <span class='ocr_line' id='line_1_41' title="bbox 221 2318 1822 2358; baseline 0.002 -12"><span class='ocrx_word' id='word_1_392' title='bbox 221 2318 303 2347; x_wconf 81' lang='lat' dir='ltr'><strong>Forte</strong></span> <span class='ocrx_word' id='word_1_393' title='bbox 318 2322 389 2348; x_wconf 82' lang='lat' dir='ltr'><strong>enim</strong></span> <span class='ocrx_word' id='word_1_394' title='bbox 405 2322 466 2349; x_wconf 90' lang='lat' dir='ltr'><strong>dum</strong></span> <span class='ocrx_word' id='word_1_395' title='bbox 479 2322 571 2350; x_wconf 75' lang='lat' dir='ltr'><strong>Roma:</strong></span> <span class='ocrx_word' id='word_1_396' title='bbox 588 2323 777 2350; x_wconf 67' lang='lat' dir='ltr'><strong>bibliothecam</strong></span> <span class='ocrx_word' id='word_1_397' title='bbox 796 2323 940 2358; x_wconf 79' lang='lat' dir='ltr'><strong>quamdam</strong></span> <span class='ocrx_word' id='word_1_398' title='bbox 955 2324 1096 2354; x_wconf 84' lang='lat' dir='ltr'><strong>librorum,</strong></span> <span class='ocrx_word' id='word_1_399' title='bbox 1109 2327 1135 2350; x_wconf 88' lang='lat' dir='ltr'><strong>et</strong></span> <span class='ocrx_word' id='word_1_400' title='bbox 1149 2323 1219 2358; x_wconf 74' lang='lat' dir='ltr'><strong>typis</strong></span> <span class='ocrx_word' id='word_1_401' title='bbox 1230 2323 1377 2354; x_wconf 81' lang='lat' dir='ltr'><strong>editorum,</strong></span> <span class='ocrx_word' id='word_1_402' title='bbox 1389 2327 1416 2349; x_wconf 90' lang='lat' dir='ltr'><strong>ct</strong></span> <span class='ocrx_word' id='word_1_403' title='bbox 1432 2331 1536 2350; x_wconf 69' lang='grc' dir='ltr'><strong>ιιιηιιιιδι</strong></span> <span class='ocrx_word' id='word_1_404' title='bbox 1547 2324 1680 2357; x_wconf 83' lang='lat' dir='ltr'><strong>riptoruui</strong></span> <span class='ocrx_word' id='word_1_405' title='bbox 1693 2324 1768 2350; x_wconf 84' lang='lat' dir='ltr'><strong>omni</strong></span> <span class='ocrx_word' id='word_1_406' title='bbox 1781 2331 1822 2358; x_wconf 77' lang='lat' dir='ltr'><strong>ge-</strong></span> 
     </span>
    </p>
   </div>
   <div class='ocr_carea' id='block_1_42' title="bbox 217 2368 1823 2404">
    <p class='ocr_par' dir='ltr' id='par_1_42' title="bbox 217 2368 1823 2404">
     <span class='ocr_line' id='line_1_42' title="bbox 217 2368 1823 2404; baseline 0.001 -10"><span class='ocrx_word' id='word_1_407' title='bbox 217 2374 282 2394; x_wconf 85' lang='lat' dir='ltr'><strong>nere</strong></span> <span class='ocrx_word' id='word_1_408' title='bbox 304 2368 510 2396; x_wconf 64' lang='lat' dir='ltr'><strong>ref:.-rtissimam</strong></span> <span class='ocrx_word' id='word_1_409' title='bbox 532 2370 611 2396; x_wconf 87' lang='lat' dir='ltr'><strong>amici</strong></span> <span class='ocrx_word' id='word_1_410' title='bbox 627 2370 768 2403; x_wconf 80' lang='lat' dir='ltr'><strong>cujusdam</strong></span> <span class='ocrx_word' id='word_1_411' title='bbox 795 2370 927 2397; x_wconf 74' lang='lat' dir='ltr'><strong>beneficio</strong></span> <span class='ocrx_word' id='word_1_412' title='bbox 942 2370 1049 2397; x_wconf 87' lang='lat' dir='ltr'><strong>videndi</strong></span> <span class='ocrx_word' id='word_1_413' title='bbox 1065 2370 1151 2404; x_wconf 75' lang='lat' dir='ltr'><strong>gratia</strong></span> <span class='ocrx_word' id='word_1_414' title='bbox 1168 2369 1246 2400; x_wconf 86' lang='lat' dir='ltr'><strong>adeo,</strong></span> <span class='ocrx_word' id='word_1_415' title='bbox 1265 2369 1292 2396; x_wconf 91' lang='lat' dir='ltr'><strong>iu</strong></span> <span class='ocrx_word' id='word_1_416' title='bbox 1307 2370 1365 2404; x_wconf 87' lang='lat' dir='ltr'><strong>ipso</strong></span> <span class='ocrx_word' id='word_1_417' title='bbox 1383 2370 1518 2403; x_wconf 76' lang='lat' dir='ltr'><strong>ingressu.</strong></span> <span class='ocrx_word' id='word_1_418' title='bbox 1536 2368 1608 2395; x_wconf 86' lang='lat' dir='ltr'><strong>dolet</strong></span> <span class='ocrx_word' id='word_1_419' title='bbox 1632 2377 1752 2403; x_wconf 87' lang='lat' dir='ltr'><strong>namque</strong></span> <span class='ocrx_word' id='word_1_420' title='bbox 1766 2369 1823 2395; x_wconf 89' lang='lat' dir='ltr'><strong>dum</strong></span> 
     </span>
    </p>
   </div>
   <div class='ocr_carea' id='block_1_43' title="bbox 218 2414 1825 2450">
    <p class='ocr_par' dir='ltr' id='par_1_43' title="bbox 218 2414 1825 2450">
     <span class='ocr_line' id='line_1_43' title="bbox 218 2414 1825 2450; baseline 0.001 -11"><span class='ocrx_word' id='word_1_421' title='bbox 218 2417 323 2446; x_wconf 71' lang='lat' dir='ltr'><strong>tempus</strong></span> <span class='ocrx_word' id='word_1_422' title='bbox 338 2414 394 2440; x_wconf 82' lang='lat' dir='ltr'><strong>abit</strong></span> <span class='ocrx_word' id='word_1_423' title='bbox 415 2415 499 2444; x_wconf 65' lang='lat' dir='ltr'><strong>iners.</strong></span> <span class='ocrx_word' id='word_1_424' title='bbox 519 2415 587 2441; x_wconf 88' lang='lat' dir='ltr'><strong>libro</strong></span> <span class='ocrx_word' id='word_1_425' title='bbox 604 2416 682 2442; x_wconf 71' lang='lat' dir='ltr'><strong>obvio</strong></span> <span class='ocrx_word' id='word_1_426' title='bbox 698 2424 750 2442; x_wconf 85' lang='lat' dir='ltr'><strong>non</strong></span> <span class='ocrx_word' id='word_1_427' title='bbox 771 2416 867 2450; x_wconf 77' lang='lat' dir='ltr'><strong>grandi</strong></span> <span class='ocrx_word' id='word_1_428' title='bbox 885 2417 1021 2443; x_wconf 74' lang='lat' dir='ltr'><strong>viilumiue</strong></span> <span class='ocrx_word' id='word_1_429' title='bbox 1037 2425 1134 2443; x_wconf 83' lang='lat' dir='ltr'><strong>manus</strong></span> <span class='ocrx_word' id='word_1_430' title='bbox 1155 2416 1260 2450; x_wconf 80' lang='lat' dir='ltr'><strong>injicio,</strong></span> <span class='ocrx_word' id='word_1_431' title='bbox 1280 2416 1386 2449; x_wconf 80' lang='lat' dir='ltr'><strong>aperio,</strong></span> <span class='ocrx_word' id='word_1_432' title='bbox 1399 2415 1475 2450; x_wconf 75' lang='lat' dir='ltr'><strong>lego;</strong></span> <span class='ocrx_word' id='word_1_433' title='bbox 1491 2423 1551 2449; x_wconf 62' lang='lat' dir='ltr'><strong>qua:</strong></span> <span class='ocrx_word' id='word_1_434' title='bbox 1572 2415 1660 2449; x_wconf 89' lang='lat' dir='ltr'><strong>primo</strong></span> <span class='ocrx_word' id='word_1_435' title='bbox 1684 2422 1825 2442; x_wconf 84' lang='lat' dir='ltr'><strong>occurrere</strong></span> 
     </span>
    </p>
   </div>
   <div class='ocr_carea' id='block_1_44' title="bbox 218 2458 1826 2497">
    <p class='ocr_par' dir='ltr' id='par_1_44' title="bbox 218 2458 1826 2497">
     <span class='ocr_line' id='line_1_44' title="bbox 218 2458 1826 2497; baseline 0.003 -14"><span class='ocrx_word' id='word_1_436' title='bbox 218 2465 271 2484; x_wconf 86' lang='lat' dir='ltr'><strong>non</strong></span> <span class='ocrx_word' id='word_1_437' title='bbox 292 2458 446 2492; x_wconf 80' lang='lat' dir='ltr'><strong>displicent.</strong></span> <span class='ocrx_word' id='word_1_438' title='bbox 471 2459 641 2495; x_wconf 55' lang='lat' dir='ltr'><strong>Prascquor;</strong></span> <span class='ocrx_word' id='word_1_439' title='bbox 659 2460 819 2488; x_wconf 85' lang='lat' dir='ltr'><strong>diﬂ&#39;unditur</strong></span> <span class='ocrx_word' id='word_1_440' title='bbox 839 2469 926 2492; x_wconf 86' lang='lat' dir='ltr'><strong>mens,</strong></span> <span class='ocrx_word' id='word_1_441' title='bbox 944 2462 1051 2489; x_wconf 85' lang='lat' dir='ltr'><strong>animus</strong></span> <span class='ocrx_word' id='word_1_442' title='bbox 1071 2462 1195 2497; x_wconf 80' lang='lat' dir='ltr'><strong>erigitur,</strong></span> <span class='ocrx_word' id='word_1_443' title='bbox 1211 2465 1239 2488; x_wconf 87' lang='lat' dir='ltr'><strong>et</strong></span> <span class='ocrx_word' id='word_1_444' title='bbox 1257 2469 1337 2488; x_wconf 85' lang='lat' dir='ltr'><strong>aures</strong></span> <span class='ocrx_word' id='word_1_445' title='bbox 1361 2461 1488 2489; x_wconf 63' lang='lat' dir='ltr'><strong>dictionis</strong></span> <span class='ocrx_word' id='word_1_446' title='bbox 1504 2469 1581 2491; x_wconf 84' lang='lat' dir='ltr'><strong>sono.</strong></span> <span class='ocrx_word' id='word_1_447' title='bbox 1598 2462 1676 2495; x_wconf 82' lang='lat' dir='ltr'><strong>quasi</strong></span> <span class='ocrx_word' id='word_1_448' title='bbox 1695 2461 1826 2496; x_wconf 85' lang='lat' dir='ltr'><strong>voluptate</strong></span> 
     </span>
    </p>
   </div>
   <div class='ocr_carea' id='block_1_45' title="bbox 218 2504 1825 2542">
    <p class='ocr_par' dir='ltr' id='par_1_45' title="bbox 218 2504 1825 2542">
     <span class='ocr_line' id='line_1_45' title="bbox 218 2504 1825 2542; baseline 0.002 -13"><span class='ocrx_word' id='word_1_449' title='bbox 218 2507 227 2529; x_wconf 89' lang='grc' dir='ltr'>ι</span> <span class='ocrx_word' id='word_1_450' title='bbox 242 2504 371 2535; x_wconf 79' lang='lat' dir='ltr'><strong>tillantcs.</strong></span> <span class='ocrx_word' id='word_1_451' title='bbox 393 2505 573 2532; x_wconf 85' lang='lat' dir='ltr'><strong>obiectantur.</strong></span> <span class='ocrx_word' id='word_1_452' title='bbox 591 2505 663 2532; x_wconf 80' lang='lat' dir='ltr'><strong>Nihil</strong></span> <span class='ocrx_word' id='word_1_453' title='bbox 677 2506 704 2532; x_wconf 91' lang='lat' dir='ltr'><strong>in</strong></span> <span class='ocrx_word' id='word_1_454' title='bbox 726 2514 758 2533; x_wconf 88' lang='lat' dir='ltr'><strong>eo</strong></span> <span class='ocrx_word' id='word_1_455' title='bbox 772 2507 876 2537; x_wconf 83' lang='lat' dir='ltr'><strong>tritum,</strong></span> <span class='ocrx_word' id='word_1_456' title='bbox 896 2507 963 2534; x_wconf 89' lang='lat' dir='ltr'><strong>nihil</strong></span> <span class='ocrx_word' id='word_1_457' title='bbox 976 2507 1096 2542; x_wconf 84' lang='lat' dir='ltr'><strong>vulgare,</strong></span> <span class='ocrx_word' id='word_1_458' title='bbox 1119 2514 1212 2533; x_wconf 81' lang='lat' dir='ltr'><strong>rerum</strong></span> <span class='ocrx_word' id='word_1_459' title='bbox 1227 2507 1309 2533; x_wconf 82' lang='lat' dir='ltr'><strong>etiam</strong></span> <span class='ocrx_word' id='word_1_460' title='bbox 1327 2506 1448 2540; x_wconf 85' lang='lat' dir='ltr'><strong>ipsarum</strong></span> <span class='ocrx_word' id='word_1_461' title='bbox 1463 2506 1590 2532; x_wconf 85' lang='lat' dir='ltr'><strong>materies</strong></span> <span class='ocrx_word' id='word_1_462' title='bbox 1605 2505 1695 2532; x_wconf 80' lang='lat' dir='ltr'><strong>ciebat</strong></span> <span class='ocrx_word' id='word_1_463' title='bbox 1714 2505 1825 2532; x_wconf 84' lang='lat' dir='ltr'><strong>adrnira-</strong></span> 
     </span>
    </p>
   </div>
   <div class='ocr_carea' id='block_1_46' title="bbox 219 2543 1824 2588">
    <p class='ocr_par' dir='ltr' id='par_1_46' title="bbox 219 2543 1824 2588">
     <span class='ocr_line' id='line_1_46' title="bbox 219 2543 1824 2588; baseline 0.003 -14"><span class='ocrx_word' id='word_1_464' title='bbox 219 2543 328 2576; x_wconf 61' lang='lat' dir='ltr'><strong>tiimenr,</strong></span> <span class='ocrx_word' id='word_1_465' title='bbox 348 2550 470 2578; x_wconf 82' lang='lat' dir='ltr'><strong>Recurro</strong></span> <span class='ocrx_word' id='word_1_466' title='bbox 483 2552 515 2578; x_wconf 87' lang='lat' dir='ltr'><strong>ad</strong></span> <span class='ocrx_word' id='word_1_467' title='bbox 533 2551 647 2578; x_wconf 82' lang='lat' dir='ltr'><strong>frontem</strong></span> <span class='ocrx_word' id='word_1_468' title='bbox 671 2552 742 2582; x_wconf 88' lang='lat' dir='ltr'><strong>libri,</strong></span> <span class='ocrx_word' id='word_1_469' title='bbox 758 2557 896 2579; x_wconf 86' lang='lat' dir='ltr'><strong>auctorem</strong></span> <span class='ocrx_word' id='word_1_470' title='bbox 911 2553 1053 2588; x_wconf 78' lang='lat' dir='ltr'><strong>perquiro;</strong></span> <span class='ocrx_word' id='word_1_471' title='bbox 1072 2558 1109 2586; x_wconf 87' lang='lat' dir='ltr'><strong>et,</strong></span> <span class='ocrx_word' id='word_1_472' title='bbox 1126 2561 1142 2579; x_wconf 91' lang='grc' dir='ltr'><strong>ο</strong></span> <span class='ocrx_word' id='word_1_473' title='bbox 1160 2553 1250 2579; x_wconf 64' lang='lat' dir='ltr'><strong>laetum</strong></span> <span class='ocrx_word' id='word_1_474' title='bbox 1271 2554 1408 2582; x_wconf 83' lang='lat' dir='ltr'><strong>nuntium,</strong></span> <span class='ocrx_word' id='word_1_475' title='bbox 1424 2559 1441 2578; x_wconf 86' lang='grc' dir='ltr'><strong>ο</strong></span> <span class='ocrx_word' id='word_1_476' title='bbox 1464 2552 1628 2578; x_wconf 81' lang='lat' dir='ltr'><strong>fortunatum</strong></span> <span class='ocrx_word' id='word_1_477' title='bbox 1651 2552 1736 2581; x_wconf 84' lang='lat' dir='ltr'><strong>diem.</strong></span> <span class='ocrx_word' id='word_1_478' title='bbox 1757 2560 1771 2579; x_wconf 90' lang='lat'><strong>0</strong></span> <span class='ocrx_word' id='word_1_479' title='bbox 1786 2553 1824 2579; x_wconf 87' lang='lat' dir='ltr'><strong>in-</strong></span> 
     </span>
    </p>
   </div>
   <div class='ocr_carea' id='block_1_47' title="bbox 221 2597 975 2634">
    <p class='ocr_par' dir='ltr' id='par_1_47' title="bbox 221 2597 975 2631">
     <span class='ocr_line' id='line_1_47' title="bbox 221 2597 975 2631; baseline 0.007 -11"><span class='ocrx_word' id='word_1_480' title='bbox 221 2599 358 2628; x_wconf 69' lang='lat' dir='ltr'><strong>speratum</strong></span> <span class='ocrx_word' id='word_1_481' title='bbox 376 2597 520 2631; x_wconf 79' lang='lat' dir='ltr'><strong>gaudium!</strong></span> <span class='ocrx_word' id='word_1_482' title='bbox 540 2597 635 2625; x_wconf 86' lang='lat' dir='ltr'><strong>titulus</strong></span> <span class='ocrx_word' id='word_1_483' title='bbox 651 2597 694 2624; x_wconf 90' lang='lat' dir='ltr'><strong>hic</strong></span> <span class='ocrx_word' id='word_1_484' title='bbox 709 2602 768 2624; x_wconf 84' lang='lat' dir='ltr'><strong>erat.</strong></span> <span class='ocrx_word' id='word_1_485' title='bbox 783 2606 789 2622; x_wconf 74' lang='grc' dir='ltr'>ε</span> <span class='ocrx_word' id='word_1_486' title='bbox 805 2598 952 2625; x_wconf 81' lang='grc' dir='ltr'><strong>Εὐσταθίου</strong></span> <span class='ocrx_word' id='word_1_487' title='bbox 969 2609 975 2625; x_wconf 74' lang='grc' dir='ltr'><strong><em>ι</em></strong></span> 
     </span>
    </p>
   </div>
   <div class='ocr_carea' id='block_1_48' title="bbox 1070 2597 1824 2634">
    <p class='ocr_par' dir='ltr' id='par_1_48' title="bbox 1072 2597 1824 2633">
     <span class='ocr_line' id='line_1_48' title="bbox 1072 2597 1824 2633; baseline -0.003 -8"><span class='ocrx_word' id='word_1_488' title='bbox 1072 2599 1183 2625; x_wconf 77' lang='grc' dir='ltr'><strong>ισκόπου</strong></span> <span class='ocrx_word' id='word_1_489' title='bbox 1206 2597 1369 2632; x_wconf 79' lang='grc' dir='ltr'><strong>Ἀντιοχείας</strong></span> <span class='ocrx_word' id='word_1_490' title='bbox 1382 2598 1422 2629; x_wconf 70' lang='grc' dir='ltr'><strong>εἰς</strong></span> <span class='ocrx_word' id='word_1_491' title='bbox 1436 2597 1484 2632; x_wconf 81' lang='grc' dir='ltr'><strong>τὴν</strong></span> <span class='ocrx_word' id='word_1_492' title='bbox 1508 2597 1659 2632; x_wconf 81' lang='grc' dir='ltr'><strong>ὲξαήμερον</strong></span> <span class='ocrx_word' id='word_1_493' title='bbox 1682 2597 1824 2633; x_wconf 77' lang='grc' dir='ltr'><strong>ὑπόμνημα</strong></span> 
     </span>
    </p>
   </div>
   <div class='ocr_carea' id='block_1_49' title="bbox 221 2639 1824 2679">
    <p class='ocr_par' dir='ltr' id='par_1_49' title="bbox 221 2639 1824 2679">
     <span class='ocr_line' id='line_1_49' title="bbox 221 2639 1824 2679; baseline 0.002 -14"><span class='ocrx_word' id='word_1_494' title='bbox 221 2639 291 2666; x_wconf 73' lang='grc' dir='ltr'><strong>πάνυ</strong></span> <span class='ocrx_word' id='word_1_495' title='bbox 306 2641 471 2676; x_wconf 76' lang='grc' dir='ltr'><strong>Θαυμαστόν.</strong></span> <span class='ocrx_word' id='word_1_496' title='bbox 488 2642 537 2669; x_wconf 85' lang='lat' dir='ltr'><strong>Diu</strong></span> <span class='ocrx_word' id='word_1_497' title='bbox 550 2643 656 2671; x_wconf 60' lang='lat' dir='ltr'><strong>horrens</strong></span> <span class='ocrx_word' id='word_1_498' title='bbox 669 2643 788 2675; x_wconf 85' lang='lat' dir='ltr'><strong>substiti,</strong></span> <span class='ocrx_word' id='word_1_499' title='bbox 804 2643 942 2678; x_wconf 83' lang='lat' dir='ltr'><strong>inopinato</strong></span> <span class='ocrx_word' id='word_1_500' title='bbox 957 2649 1054 2672; x_wconf 81' lang='lat' dir='ltr'><strong>eventu</strong></span> <span class='ocrx_word' id='word_1_501' title='bbox 1071 2645 1224 2679; x_wconf 79' lang='lat' dir='ltr'><strong>perculsus,</strong></span> <span class='ocrx_word' id='word_1_502' title='bbox 1239 2645 1348 2670; x_wconf 83' lang='lat' dir='ltr'><strong>tandem</strong></span> <span class='ocrx_word' id='word_1_503' title='bbox 1365 2643 1398 2669; x_wconf 83' lang='lat' dir='ltr'><strong>ad</strong></span> <span class='ocrx_word' id='word_1_504' title='bbox 1414 2643 1492 2670; x_wconf 82' lang='lat' dir='ltr'><strong>finem</strong></span> <span class='ocrx_word' id='word_1_505' title='bbox 1505 2643 1565 2669; x_wconf 86' lang='lat' dir='ltr'><strong>libri</strong></span> <span class='ocrx_word' id='word_1_506' title='bbox 1579 2650 1705 2677; x_wconf 77' lang='lat' dir='ltr'><strong>propero,</strong></span> <span class='ocrx_word' id='word_1_507' title='bbox 1723 2643 1747 2670; x_wconf 87' lang='lat' dir='ltr'><strong>si</strong></span> <span class='ocrx_word' id='word_1_508' title='bbox 1764 2643 1824 2670; x_wconf 80' lang='lat' dir='ltr'><strong>forte</strong></span> 
     </span>
    </p>
   </div>
   <div class='ocr_carea' id='block_1_50' title="bbox 222 2686 1824 2724">
    <p class='ocr_par' dir='ltr' id='par_1_50' title="bbox 222 2686 1824 2724">
     <span class='ocr_line' id='line_1_50' title="bbox 222 2686 1824 2724; baseline 0.004 -13"><span class='ocrx_word' id='word_1_509' title='bbox 222 2686 312 2712; x_wconf 81' lang='lat' dir='ltr'><strong>omnia</strong></span> <span class='ocrx_word' id='word_1_510' title='bbox 330 2692 421 2714; x_wconf 88' lang='lat' dir='ltr'><strong>essent</strong></span> <span class='ocrx_word' id='word_1_511' title='bbox 440 2687 584 2716; x_wconf 84' lang='lat' dir='ltr'><strong>Eustathii.</strong></span> <span class='ocrx_word' id='word_1_512' title='bbox 600 2689 699 2716; x_wconf 76' lang='lat' dir='ltr'><strong>Prteter</strong></span> <span class='ocrx_word' id='word_1_513' title='bbox 711 2689 783 2716; x_wconf 83' lang='lat' dir='ltr'><strong>hunc</strong></span> <span class='ocrx_word' id='word_1_514' title='bbox 795 2694 952 2722; x_wconf 88' lang='lat' dir='ltr'><strong>tractatum,</strong></span> <span class='ocrx_word' id='word_1_515' title='bbox 967 2696 1063 2718; x_wconf 68' lang='lat' dir='ltr'><strong>caetera</strong></span> <span class='ocrx_word' id='word_1_516' title='bbox 1078 2691 1192 2717; x_wconf 86' lang='lat' dir='ltr'><strong>aliorum</strong></span> <span class='ocrx_word' id='word_1_517' title='bbox 1215 2697 1276 2717; x_wconf 88' lang='lat' dir='ltr'><strong>esse</strong></span> <span class='ocrx_word' id='word_1_518' title='bbox 1292 2689 1423 2724; x_wconf 76' lang='lat' dir='ltr'><strong>cnmpcri,</strong></span> <span class='ocrx_word' id='word_1_519' title='bbox 1436 2697 1495 2724; x_wconf 72' lang='lat' dir='ltr'><strong>qum</strong></span> <span class='ocrx_word' id='word_1_520' title='bbox 1520 2689 1546 2716; x_wconf 91' lang='lat' dir='ltr'><strong>in</strong></span> <span class='ocrx_word' id='word_1_521' title='bbox 1564 2697 1595 2715; x_wconf 83' lang='lat' dir='ltr'><strong>eo</strong></span> <span class='ocrx_word' id='word_1_522' title='bbox 1612 2689 1752 2718; x_wconf 90' lang='lat' dir='ltr'><strong>volumine</strong></span> <span class='ocrx_word' id='word_1_523' title='bbox 1765 2697 1824 2717; x_wconf 70' lang='lat' dir='ltr'><strong>COI’r</strong></span> 
     </span>
    </p>
   </div>
   <div class='ocr_carea' id='block_1_51' title="bbox 224 2727 1824 2772">
    <p class='ocr_par' dir='ltr' id='par_1_51' title="bbox 224 2727 1824 2772">
     <span class='ocr_line' id='line_1_51' title="bbox 224 2727 1824 2772; baseline 0.005 -16"><span class='ocrx_word' id='word_1_524' title='bbox 224 2730 388 2758; x_wconf 86' lang='lat' dir='ltr'><strong>tinebantur.</strong></span> <span class='ocrx_word' id='word_1_525' title='bbox 406 2732 526 2769; x_wconf 77' lang='lat' dir='ltr'><strong>Exiguus</strong></span> <span class='ocrx_word' id='word_1_526' title='bbox 544 2739 624 2769; x_wconf 84' lang='lat' dir='ltr'><strong>potus</strong></span> <span class='ocrx_word' id='word_1_527' title='bbox 642 2736 713 2763; x_wconf 87' lang='lat' dir='ltr'><strong>sitim</strong></span> <span class='ocrx_word' id='word_1_528' title='bbox 732 2736 810 2763; x_wconf 84' lang='lat' dir='ltr'><strong>valde</strong></span> <span class='ocrx_word' id='word_1_529' title='bbox 824 2737 952 2768; x_wconf 82' lang='lat' dir='ltr'><strong>sitientis,</strong></span> <span class='ocrx_word' id='word_1_530' title='bbox 967 2727 1024 2763; x_wconf 80' lang='lat' dir='ltr'><strong>non</strong></span> <span class='ocrx_word' id='word_1_531' title='bbox 1043 2736 1184 2766; x_wconf 74' lang='lat' dir='ltr'><strong>exstinxit,</strong></span> <span class='ocrx_word' id='word_1_532' title='bbox 1203 2736 1249 2763; x_wconf 89' lang='lat' dir='ltr'><strong>sed</strong></span> <span class='ocrx_word' id='word_1_533' title='bbox 1275 2736 1359 2762; x_wconf 82' lang='lat' dir='ltr'><strong>auxit.</strong></span> <span class='ocrx_word' id='word_1_534' title='bbox 1379 2735 1424 2762; x_wconf 81' lang='lat' dir='ltr'><strong>Sic</strong></span> <span class='ocrx_word' id='word_1_535' title='bbox 1444 2736 1465 2763; x_wconf 89' lang='lat' dir='ltr'><strong>si</strong></span> <span class='ocrx_word' id='word_1_536' title='bbox 1482 2736 1621 2770; x_wconf 88' lang='lat' dir='ltr'><strong>paululum</strong></span> <span class='ocrx_word' id='word_1_537' title='bbox 1639 2744 1718 2770; x_wconf 70' lang='lat' dir='ltr'><strong>aqua:</strong></span> <span class='ocrx_word' id='word_1_538' title='bbox 1736 2745 1824 2772; x_wconf 68' lang='lat' dir='ltr'><strong>magno</strong></span> 
     </span>
    </p>
   </div>
   <div class='ocr_carea' id='block_1_52' title="bbox 224 2775 1822 2820">
    <p class='ocr_par' dir='ltr' id='par_1_52' title="bbox 224 2775 1822 2820">
     <span class='ocr_line' id='line_1_52' title="bbox 224 2775 1822 2820; baseline 0.006 -19"><span class='ocrx_word' id='word_1_539' title='bbox 224 2775 277 2809; x_wconf 64' lang='lat' dir='ltr'><strong>igni</strong></span> <span class='ocrx_word' id='word_1_540' title='bbox 293 2776 430 2810; x_wconf 86' lang='lat' dir='ltr'><strong>infundas,</strong></span> <span class='ocrx_word' id='word_1_541' title='bbox 450 2780 581 2808; x_wconf 84' lang='lat' dir='ltr'><strong>acccndcs</strong></span> <span class='ocrx_word' id='word_1_542' title='bbox 605 2789 666 2808; x_wconf 84' lang='lat' dir='ltr'><strong>eum</strong></span> <span class='ocrx_word' id='word_1_543' title='bbox 683 2781 772 2814; x_wconf 85' lang='lat' dir='ltr'><strong>potius</strong></span> <span class='ocrx_word' id='word_1_544' title='bbox 798 2790 877 2815; x_wconf 87' lang='lat' dir='ltr'><strong>quam</strong></span> <span class='ocrx_word' id='word_1_545' title='bbox 900 2784 1067 2815; x_wconf 66' lang='lat' dir='ltr'><strong>exstingues.</strong></span> <span class='ocrx_word' id='word_1_546' title='bbox 1085 2783 1212 2816; x_wconf 86' lang='lat' dir='ltr'><strong>Quamvis</strong></span> <span class='ocrx_word' id='word_1_547' title='bbox 1226 2783 1318 2815; x_wconf 83' lang='lat' dir='ltr'><strong>itaque</strong></span> <span class='ocrx_word' id='word_1_548' title='bbox 1336 2790 1425 2810; x_wconf 86' lang='lat' dir='ltr'><strong>meum</strong></span> <span class='ocrx_word' id='word_1_549' title='bbox 1443 2781 1609 2809; x_wconf 81' lang='lat' dir='ltr'><strong>desiderium</strong></span> <span class='ocrx_word' id='word_1_550' title='bbox 1627 2789 1681 2809; x_wconf 91' lang='lat' dir='ltr'><strong>non</strong></span> <span class='ocrx_word' id='word_1_551' title='bbox 1703 2783 1822 2820; x_wconf 77' lang='lat' dir='ltr'><strong>explerit,</strong></span> 
     </span>
    </p>
   </div>
  </div>
