1909 3071
80 124 135 152 705
540 124 675 154 SPURIA.
691 142 725 147 —
736 126 834 155 COMM

937 125 965 154 ΓΝ
983 125 1218 154 ΠΕΧΑΕΜΕΒΟΝ
1640 125 1691 154 706

78 183 176 212 lenivit
190 188 293 215 tamen,
313 190 340 212 et
351 184 414 212 dum
432 187 523 210 metuo
538 191 629 211 moras
643 184 784 211 celerrime
800 191 849 212 nec
861 185 945 211 invito
962 183 1085 214 custode.
1100 184 1242 217 exseribo;
1257 183 1344 219 deque
1358 184 1431 212 illius
1444 184 1471 212 in
1485 185 1603 219 linguam
1620 183 1694 211 Lati-

79 238 145 258 nam
167 230 294 257 versione
314 230 412 265 cogito.
436 229 539 256 Interea
559 230 587 256 in
610 230 672 257 aliis
685 229 765 257 etiam
781 229 951 257 bibliothecis
970 230 1130 264 perquirens
1145 229 1215 256 idem
1236 237 1304 264 opus
1318 230 1404 257 eidem
1421 230 1524 257 auctori
1542 230 1692 265 ascriptum

78 277 183 306 inveni.
200 281 226 304 et
249 276 276 303 in
291 277 374 303 totius
389 276 464 304 orbis
480 281 612 303 terrarum
637 276 848 304 instructissima
864 284 895 303 ac
920 277 1093 304 celeberrima
1112 277 1276 304 bibliotheca
1300 277 1438 310 Vaticana,
1459 285 1563 304 necnon
1581 278 1694 305 nobilis-

77 323 151 350 sima
167 322 342 350 Vallirellana
360 322 465 356 Romae;
483 327 510 350 et
524 331 584 350 cum
601 323 793 350 bibliothecam
821 322 970 350 Palatinam
989 322 1102 349 Romam
1124 323 1295 354 adveherent.
1312 323 1445 350 Monacltti
1464 325 1490 351 in
1507 325 1692 352 illns'rissima

78 368 224 395 Bavarit-a.
241 367 331 401 Quare
346 371 372 394 et
388 369 537 402 promptior
555 368 675 395 laborem
694 368 845 402 amplexus,
862 372 977 396 conatus
991 376 1050 395 sutn
1064 368 1097 395 de
1113 369 1250 403 republica
1268 369 1397 396 litterario
1417 370 1485 397 bene
1500 371 1607 398 mereri.

115 414 275 441 lnstitutum
295 421 383 440 meum
409 414 469 445 fuit,
487 418 602 441 mentem
618 421 649 441 ac
667 415 828 441 sententiam
847 415 978 445 auctoris,
999 414 1169 448 simpliciter,
1196 413 1309 441 lideliter
1324 422 1354 441 ac
1375 415 1516 449 perspicue
1532 414 1691 447 transferre,

78 461 153 496 quod
172 461 289 496 primunt
311 462 530 496 praecipuumque
545 467 644 487 munus
659 467 720 487 esse
740 460 897 495 interpretis
914 468 1020 495 semper
1042 460 1206 490 existimavi.
1221 460 1257 487 ita
1273 464 1361 487 tamen
1377 461 1448 495 quod
1466 461 1566 487 ttullttttt
1580 461 1615 488 sit
1632 469 1694 488 ver-

79 508 148 535 bum
165 508 305 542 quodnon
330 507 498 542 explicarim,
514 507 674 541 nullumque
695 506 844 533 addiderim
867 514 882 532 a
903 505 1035 533 sententia
1056 505 1184 532 alienum.
1203 504 1255 533 libi,
1275 513 1366 532 rerum
1390 507 1467 535 crdo.
1482 507 1524 533 vel
1539 507 1694 535 obscuritas

78 554 212 581 dictionis
232 553 258 580 id
274 554 413 589 poscebat,
427 553 796 591 blattdientiluxuriantique
811 553 926 579 orationi
951 551 1052 586 aliquid
1074 552 1208 578 concessi.
1224 551 1396 587 Quapropter
1415 560 1463 579 nec
1481 553 1570 580 verbis
1591 561 1633 580 tne
1649 560 1693 580 as-

76 601 176 630 trinxi.
193 609 243 628 nec
256 600 375 635 periodis
390 600 526 635 eolb'gavi,
546 600 693 628 dummodo
711 600 872 627 sententiam
885 599 1047 634 explicarem
1065 609 1071 626 :
1088 606 1167 634 qttattt
1183 599 1356 633 antiquorum
1371 602 1399 625 ut
1411 599 1483 633 potui
1496 604 1521 626 et
1532 598 1610 626 Plinii
1622 607 1693 633 pra:-

78 647 176 673 sert‘tnt
192 648 282 674 verbis
296 647 427 681 expressi.
447 646 487 673 Ad
506 655 595 674 rerum
610 647 682 674 ettittt
701 651 813 673 naturas
831 646 992 681 ittgeniaque
1004 646 1161 681 exponenda
1178 645 1302 672 Pliniano
1316 646 1386 681 stjlo
1400 646 1492 673 nullus
1506 646 1570 672 mihi
1587 646 1694 673 videtur

78 693 180 727 aptior.
197 693 288 720 nullus
303 693 544 725 accommodatior,
564 693 743 728 opportunior
755 693 856 720 nullus.
873 691 950 725 Quod
966 700 1001 718 an
1016 692 1067 719 sim
1083 696 1225 718 assecutus
1240 691 1445 726 atquusjudicet
1462 692 1556 718 lector.
1574 692 1603 718 In
1618 695 1628 717 t
1646 698 1694 718 xtu

77 737 176 765 Graeco
199 739 266 766 nihil
287 739 437 772 inttnutavi,
455 740 520 767 nihil
536 740 706 771 detruncavi,
721 739 788 766 nihil
806 739 907 766 addidi.
931 738 983 766 Sed
999 743 1027 766 ut
1041 739 1133 770 habui,
1152 739 1242 765 omnia
1263 746 1330 773 pure
1351 738 1423 765 dedi.
1439 738 1573 771 Quoniam
1602 743 1694 765 attttm

77 785 177 811 multis
190 786 217 811 in
235 785 299 813 iOCi:
316 789 407 812 textus
422 792 479 813 erat
494 787 616 817 ntutilus,
635 787 791 817 lacunosus.
809 786 945 818 inversus,
962 786 1107 820 multisque
1123 785 1204 811 etiant
1219 787 1363 814 obscurus.
1381 793 1415 811 ne
1429 789 1557 819 tanquam
1576 791 1631 811 rem
1645 784 1694 811 de-

78 836 218 865 speratam
235 832 424 865 abjiceremus,
441 838 520 860 notas
534 837 559 860 et
573 833 739 860 collectanea
761 832 900 865 subjuttxi.
917 832 1018 867 qutbus
1041 833 1086 859 illa
1105 832 1163 858 loca
1182 832 1222 858 vel
1244 831 1432 861 emendantur.
1454 832 1495 857 vel
1513 831 1693 865 supplentur,

77 877 120 904 vel
140 878 174 904 ad
189 878 331 912 pristinam
349 879 460 905 formant
482 878 665 910 reducuntur;
678 877 759 912 idque
776 878 889 904 aliorttnt
903 876 1012 904 Patrum
1030 882 1248 912 scrtploruntque
1261 876 1345 904 fultus
1361 875 1513 908 sententiis,
1532 875 1696 910 quandoque

77 924 162 951 etiam
181 924 248 951 meis
263 931 408 959 aggressus
422 933 493 955 sum.
509 928 535 951 et
552 931 738 959 sa'penumero
752 925 832 950 etiam
845 924 976 951 divinavi.
993 923 1038 950 Sal
1053 924 1110 950 scio
1121 931 1210 950 tneunt
1226 922 1359 953 studiutn,
1371 926 1397 949 et
1412 921 1572 948 industriam
1587 922 1695 955 iniquos

78 978 221 997 venenoso
239 969 313 996 hiatu
335 971 459 1005 rictuque
481 970 690 1000 dilaceraturos,
706 977 768 997 cum
788 969 839 1004 ipsi
858 978 911 996 non
926 970 1032 1005 possint
1048 970 1171 996 meliora.
1188 968 1246 995 Non
1262 969 1390 996 desistant
1411 971 1502 995 tamen
1518 967 1693 1000 absterritus,

77 1017 146 1052 quin
166 1017 282 1044 alacrior
295 1018 328 1044 de
338 1017 398 1044 aliis
413 1017 481 1044 bene
498 1017 595 1044 mereri
610 1017 740 1043 conabor.
759 1016 788 1043 In
805 1017 876 1043 notis
893 1016 1088 1051 l'niprolixior;
1103 1016 1187 1042 multa
1203 1023 1318 1049 namque
1335 1022 1395 1049 qua?
1405 1013 1586 1040 occurrebant
1602 1021 1696 1041 neces-

79 1063 166 1094 saria.
188 1068 215 1090 et
233 1063 315 1090 dubia
332 1063 464 1098 explicavi
482 1063 598 1089 aliorum
618 1066 760 1089 auctorum
783 1063 939 1094 collatione,
956 1070 1071 1097 quorttnt
1091 1061 1149 1088 loca
1173 1060 1318 1095 exscripsi.
1338 1068 1371 1087 tte
1391 1059 1486 1090 lector,
1503 1060 1543 1086 vel
1569 1063 1696 1086 auctores

78 1110 208 1138 habendo
225 1111 307 1138 nimis
327 1110 479 1145 l'atigareris
494 1110 520 1136 in
537 1110 591 1137 illis
614 1109 794 1140 inveniendis.
810 1110 850 1136 vel
874 1117 928 1136 non
953 1108 1088 1139 habendo.
1105 1107 1273 1135 l'raudareris
1294 1115 1353 1142 spe.
1370 1111 1396 1134 et
1417 1106 1553 1134 desiderio
1575 1106 1636 1133 illos
1653 1106 1695 1132 vi-

78 1157 173 1185 dendi.
195 1156 333 1191 Quidquid
352 1160 442 1183 tamen
460 1157 505 1188 sit,
524 1155 596 1190 quod
614 1156 647 1182 ab
664 1156 725 1182 aliis
742 1156 767 1182 itt
783 1155 951 1190 exponendis
975 1154 1134 1181 auctoribus
1151 1157 1368 1187 exoptasscmus.
1389 1153 1438 1179 ltoc
1454 1161 1505 1180 nos
1527 1153 1554 1179 in
1579 1153 1694 1179 aliorum

77 1211 162 1231 usntn
174 1203 325 1230 elTecitttus.
343 1201 443 1237 Sicque
455 1203 481 1228 itt
499 1201 668 1236 corrigendis
684 1201 746 1228 aliis
759 1205 849 1231 caule,
867 1200 893 1226 itt
908 1199 1140 1234 reprehendendis
1162 1197 1294 1229 modeste,
1310 1198 1336 1224 itt
1357 1198 1499 1224 laudandis
1510 1198 1628 1224 oliiciose
1645 1205 1696 1224 nos

78 1250 235 1285 gessimus,
252 1249 479 1283 quemadmoduut
496 1253 523 1275 et
542 1249 753 1275 obtrectatorum
772 1247 797 1273 itt
811 1247 878 1273 alios
893 1246 1033 1272 maledicta
1045 1245 1221 1279 ttegleximus.

114 1297 314 1331 Argumentum
332 1296 414 1330 hujus
427 1295 517 1330 operis
529 1299 581 1326 est,
596 1294 679 1321 divini
699 1293 824 1320 Numinis
841 1293 868 1319 itt
889 1292 1035 1318 humanam
1059 1297 1184 1319 naturam
1206 1290 1335 1319 beneﬁcia
1349 1291 1448 1318 collata
1465 1291 1552 1326 palam
1568 1289 1696 1331 omnibus

78 1340 189 1375 facere;
207 1341 322 1376 ejusque
346 1341 505 1371 bonitatem,
527 1339 686 1374 potentiam.
705 1339 881 1373 sapientiam,
904 1338 1086 1370 clementiam,
1111 1337 1283 1364 tolerantiam
1312 1338 1467 1370 ostendere;
1489 1337 1560 1372 quod
1579 1345 1612 1364 ex
1636 1338 1697 1373 ipsa

77 1395 173 1414 rerum
189 1388 338 1418 creatione.
351 1387 547 1414 elementoruttt
566 1386 671 1413 scilicet
693 1384 882 1419 productiotte,
904 1389 1001 1410 orttatu
1016 1383 1123 1414 mundi,
1137 1388 1227 1410 motus
1243 1384 1436 1418 aequabilitate,
1451 1384 1525 1415 solis,
1539 1383 1608 1411 lunae
1625 1383 1697 1411 side-

78 1442 196 1469 rumque
206 1435 327 1461 omnium
339 1432 582 1469 pulchritudineac
594 1432 630 1461 vi,
645 1431 815 1464 tnarisntque
827 1434 961 1457 terrarutn
978 1429 1173 1465 magnitudine,
1183 1429 1340 1456 animalium
1349 1429 1570 1464 proprietatibus.
1579 1429 1696 1456 hominis

77 1486 233 1511 structura.
247 1480 452 1516 propagatione,
465 1477 700 1512 multiplicatione,
716 1483 747 1502 ac
759 1475 869 1502 tandem
885 1476 928 1503 via
945 1475 979 1502 ad
996 1476 1122 1510 gratiam,
1141 1483 1201 1510 quae
1217 1483 1265 1510 per
1284 1475 1424 1503 Christum
1439 1476 1537 1507 illuxit,
1553 1477 1697 1502 conﬁrmat

77 1532 104 1555 et
121 1528 293 1562 comprobat.
311 1527 377 1559 Quae
396 1525 487 1552 omnia
503 1525 538 1550 ita
553 1522 687 1550 acerrimo
700 1522 808 1556 ingenio
825 1521 983 1548 Eustathius
997 1521 1147 1551 adinvenit,
1164 1521 1286 1555 disponit
1302 1525 1328 1547 et
1349 1521 1533 1555 prosequitur,
1549 1524 1578 1547 ttt
1591 1520 1625 1547 ab
1637 1521 1697 1555 ipso

77 1573 136 1600 Deo
153 1581 245 1600 rerum
262 1577 421 1606 natut'atque
434 1570 532 1606 opilice
546 1577 577 1597 ea
600 1568 731 1596 didicisse
752 1567 885 1595 videatur.
899 1567 981 1594 Multa
998 1568 1025 1594 in
1042 1568 1104 1594 aliis
1119 1571 1146 1594 et
1161 1567 1362 1600 elegantissime
1378 1567 1478 1601 scripta
1502 1571 1529 1594 et
1542 1566 1697 1601 prudentis-

77 1620 149 1648 sime
168 1620 272 1647 dictata
290 1620 422 1650 invenies.
439 1621 466 1644 at
479 1617 561 1644 dictis
579 1615 724 1647 Ettstatltii,
742 1614 813 1641 absit
828 1614 912 1641 verbo
923 1614 1034 1648 injuria,
1054 1613 1122 1640 nihil
1137 1617 1179 1640 est
1193 1613 1383 1647 prastabilius,
1399 1613 1465 1639 nihil
1484 1612 1636 1647 pulchrius,
1649 1611 1698 1638 sed

77 1674 115 1694 ne
126 1666 243 1701 cogitari
264 1666 373 1700 quidem
386 1665 482 1691 melius
499 1667 598 1698 potest.
614 1661 690 1689 Unde
700 1669 756 1688 non
773 1660 908 1688 immerito
923 1664 1056 1687 tractatus
1068 1660 1112 1686 hic
1126 1659 1196 1686 inter
1214 1659 1282 1686 alios
1297 1659 1412 1685 aliorum
1426 1658 1459 1685 de
1474 1657 1567 1684 eadem
1583 1658 1697 1684 materia

77 1713 155 1739 solus
172 1712 322 1747 ὑπόμνημα
345 1711 414 1738 πάνυ
433 1709 588 1744 θαυμαστόν
603 1708 696 1735 vocari
717 1709 825 1739 merttit,

940 1707 967 1734 in
987 1702 1114 1734 omnibus
1133 1705 1194 1733 cod.
1213 1706 1350 1740 praeﬁxum
1377 1709 1438 1740 post
1459 1705 1567 1731 titulum
1588 1704 1694 1739 legitur.

77 1758 140 1788 Non
155 1758 282 1788 deerunt,
295 1757 340 1792 qui
355 1757 381 1784 id
399 1756 456 1783 ﬁeri
471 1755 577 1791 potest?
591 1754 638 1789 qui
653 1761 688 1780 ne
702 1760 804 1780 morem
817 1753 942 1787 perdant,
966 1751 1070 1787 aliquid
1085 1751 1226 1778 Eustathio
1243 1751 1383 1786 objicient,
1400 1754 1427 1778 et
1441 1758 1502 1777 eutn
1517 1758 1572 1778 non
1590 1751 1698 1786 possint

78 1813 132 1833 nec
144 1805 278 1832 orationis
296 1808 473 1834 structuram,
494 1809 545 1829 nec
570 1801 693 1828 ordinem
709 1808 799 1827 rerum
818 1799 1027 1834 reprehendere.
1047 1799 1182 1825 natabunt
1204 1806 1295 1825 rerum
1317 1806 1385 1833 qttas
1400 1801 1499 1825 tractat
1523 1796 1697 1824 iucertitudi-

78 1860 155 1884 nem,
174 1851 395 1886 contendentque
411 1849 532 1884 vulgaria
548 1855 609 1876 esse
620 1851 648 1875 et
659 1847 743 1874 anilia
755 1854 816 1882 quae
829 1846 874 1873 ltic
885 1846 1070 1878 continentur,
1081 1845 1142 1872 viro
1153 1845 1341 1872 ecclesiastico
1355 1849 1381 1872 et
1396 1849 1471 1871 tanto
1486 1844 1558 1871 Patri
1573 1843 1695 1878 indigna.

79 1897 140 1926 Hoc
157 1898 221 1925 item
247 1897 400 1933 Epiphanio
421 1897 447 1924 in
463 1895 623 1931 Physiologo
639 1893 776 1928 objectum
791 1897 834 1920 est
854 1900 869 1919 a
886 1892 1060 1927 quibusdam,
1078 1892 1224 1925 acriusque
1240 1890 1267 1918 in
1291 1891 1366 1917 illutn
1382 1890 1609 1917 animadversum.
1625 1888 1698 1916 Inter

77 1953 128 1972 eos
141 1944 286 1972 Conradus
298 1943 445 1975 Gesnerus,
460 1946 486 1969 et
503 1949 558 1968 non
579 1939 663 1967 inﬁmi
684 1938 802 1965 nominis
819 1942 915 1965 auctor
930 1936 1067 1968 Pererius,
1082 1937 1129 1972 qui
1146 1938 1172 1964 in
1189 1935 1281 1964 Cenes.
1297 1943 1356 1971 cap.
1375 1944 1439 1967 xxx,
1455 1937 1524 1971 disp.
1541 1936 1566 1968 l,
1578 1935 1695 1963 scribit:

78 1989 138 2017 Nec
155 1989 298 2016 admodum
309 1989 455 2024 quempiam
471 1991 571 2014 moveat
588 1983 729 2019 Epiphanii
743 1982 888 2010 auctoritas
905 1982 932 2009 id
945 1982 1072 2009 tradentis
1085 1982 1112 2008 in
1123 1981 1299 2018 Pbysiologo.
1314 1980 1448 2008 Nimirum
1463 1982 1548 2008 isnon
1563 1985 1616 2007 tum
1628 1980 1655 2006 in
1666 1987 1697 2006 eo

79 2036 152 2064 libro
172 2035 285 2071 diligens
301 2040 324 2062 et
345 2035 465 2062 curiosus
481 2035 530 2068 fuit
546 2032 663 2060 veritatis
677 2030 793 2057 Itistorire
804 2037 895 2056 earum
909 2037 996 2056 rerum
1010 2037 1075 2061 qua:
1090 2028 1125 2054 ibi
1144 2033 1279 2059 memorat,
1292 2036 1370 2063 quant
1391 2036 1435 2054 eas
1453 2035 1494 2054 res
1508 2024 1699 2060 interpretandi

77 2085 199 2120 apposite
208 2084 298 2117 pieque
312 2079 453 2108 secxttdum
460 2078 662 2114 intelligentiam
674 2075 841 2109 allegoricam
855 2080 879 2101 et
895 2074 1094 2108 tropologicum.
1117 2073 1207 2106 Quare
1221 2072 1392 2108 proprietates
1415 2071 1570 2098 animalium
1580 2076 1604 2098 et
1618 2071 1696 2105 plan-

78 2117 170 2158 tarum
183 2130 257 2164 vulgo
274 2128 396 2158 creditas,
408 2131 432 2153 et
444 2126 553 2153 consilio
567 2129 592 2150 et
607 2123 740 2158 proposito
752 2130 799 2149 suo
811 2120 1024 2147 accommodatas
1041 2119 1149 2146 libenter
1162 2119 1315 2152 assumpsit.
1332 2117 1384 2145 Sed
1402 2126 1451 2153 pro
1462 2118 1614 2153 Epiphanio
1628 2118 1697 2146 satis

78 2184 219 2212 superque
234 2174 380 2210 respondet
395 2172 548 2200 Consalvus
559 2169 675 2198 Pontius
693 2167 855 2196 Praelatione
870 2165 903 2193 ad
919 2167 1060 2198 lectorem,
1078 2166 1104 2193 in
1120 2165 1243 2200 ejusdem
1261 2164 1404 2200 Epipltattii
1424 2164 1594 2200 Physiologo.

115 2210 183 2257 Quae
198 2222 231 2249 de
248 2219 461 2257 proprietatibus
477 2217 635 2245 animalium
652 2220 679 2243 et
693 2214 848 2242 Iudaeorum
865 2213 1037 2247 antiquitate,
1055 2212 1171 2246 aliisque
1183 2212 1324 2239 nonnullis
1335 2211 1464 2239 edisserit
1477 2210 1646 2241 Eustathius.
1665 2217 1697 2237 ea

76 2255 144 2299 sunt
161 2255 311 2296 multorum
334 2270 475 2293 auctorum
492 2265 597 2291 ﬁrmata
620 2269 767 2290 consensu.
787 2259 865 2293 Quod
877 2264 906 2286 ut
925 2259 1023 2293 magis.
1042 2265 1074 2285 ac
1099 2257 1186 2291 magis
1208 2257 1363 2284 innotescat
1379 2256 1408 2282 in
1429 2256 1503 2282 notis
1526 2255 1632 2282 laudavi
1648 2262 1697 2282 au-

76 2322 173 2345 ctores
187 2314 260 2342 unde
279 2313 465 2346 desumpsisse
480 2310 601 2340 videtur,
618 2315 726 2335 necnon
742 2310 767 2334 et
779 2313 825 2333 eos
840 2304 887 2340 qui
905 2304 939 2331 ab
961 2302 1102 2330 Eustathio
1125 2309 1174 2328 sua
1201 2302 1315 2327 mutuati
1344 2304 1417 2328 sunt.
1434 2299 1527 2327 Rebus
1546 2300 1618 2327 enittt
1645 2299 1696 2327 hoc

76 2344 156 2391 addit
172 2362 318 2389 maximam
331 2344 532 2388 auctoritatem,
550 2356 652 2383 habere
667 2354 740 2381 viros
761 2352 896 2384 laudatos,
913 2350 958 2386 qtti
976 2357 1029 2377 una
1052 2352 1141 2376 tecum
1167 2347 1285 2375 sentiant
1299 2346 1448 2380 eademque
1458 2349 1580 2372 narrent.
1598 2344 1695 2371 Mirum

76 2390 170 2439 autem
184 2414 226 2438 est
241 2410 268 2436 in
282 2408 408 2435 omnibus
422 2414 485 2433 acre
499 2406 567 2432 tanti
582 2403 673 2431 Patris
683 2401 818 2437 judicium
829 2399 904 2435 eligit
916 2397 1026 2426 meliora
1039 2399 1161 2430 tutaque,
1172 2395 1253 2422 veluti
1263 2391 1425 2427 margaritas
1438 2399 1454 2417 e
1466 2390 1576 2439 luto,‘in
1591 2396 1696 2439 suaque

77 2458 182 2493 scripta
203 2455 343 2486 transfert,
357 2458 454 2481 caetera
471 2455 499 2480 ut
515 2452 633 2486 ahjecta,
649 2435 712 2477 vilia
729 2449 885 2482 nulliusque
902 2443 1032 2472 momenti
1047 2442 1162 2493 despicit
1178 2441 1501 2493 negligitque..‘accuratae
1517 2435 1576 2470 ejus
1586 2436 1697 2493 .i‘n‘ottj-
1716 2440 1720 2462 ε

76 2480 521 2536 hibus—diligentiasexquisitique
536 2480 847 2530 s'tudiiargumentunt:
859 2491 943 2520 Alias.
959 2492 1102 2536 annue—nte
1111 2484 1418 2536 Deoie‘tubepignitate.
1435 2490 1467 2535 ac
1483 2481 1650 2536 humanitate
1663 2480 1696 2508 il-

76 2529 240 2578 lustrissimi
254 2554 286 2574 ac
300 2529 518 2573 reverendissimi
536 2529 838 2570 Franciscicardinalis
864 2535 1017 2566 Barbarini,
1039 2533 1069 2561 S.
1085 2533 1120 2562 Β.
1134 2532 1165 2559 Ε.
1177 2530 1389 2561 bibliothecarii,
1402 2529 1482 2578 cujus
1503 2531 1570 2554 ttutu
1579 2535 1695 2578 “securo,

76 2572 372 2623 isﬁeis'gtnisﬁstudiis
387 2589 572 2624 auspiciisque
588 2586 727 2614 muniﬁcis
751 2593 795 2612 res
821 2583 960 2611 litterariae
982 2583 1113 2615 reparatae
1138 2577 1287 2604 fundantur
1309 2579 1336 2603 et
1355 2574 1560 2624 conﬁrmantur,
1578 2572 1694 2623 favente.

77 2640 211 2669 nnnttulla
228 2638 282 2664 alia
306 2618 446 2672 ejusdem,-
454 2638 481 2662 et
504 2618 655 2670 praesertim
671 2641 730 2668 qua:
750 2631 875 2658 adversus
899 2628 1037 2662 Origenem
1053 2625 1084 2652 de
1097 2622 1315 2672 .ettgastrirt-tptlto
1330 2620 1514 2672 disertissime
1522 2618 1698 2669 piissimeque

260 2664 330 2710 dabo
340 2691 348 2717 ;
365 2664 465 2717 quibus
480 2664 511 2708 ει.
527 2680 584 2707 bzec
601 2686 662 2706 mea
676 2664 784 2707 addam.
805 2681 831 2704 et
846 2674 970 2706 meliora,
985 2678 1010 2700 ct
1025 2670 1219 2699 emendatiora.
1237 2668 1311 2700 Haec,
1335 2668 1429 2699 lector,
1446 2665 1569 2693 volebam
1588 2664 1699 2692 nescius

76 2741 110 2760 ne
124 2738 215 2760 esses.
233 2729 308 2756 Vale.

794 2797 1008 2810 -Ψ
