1909 3071
60 106 118 135 τοι)

525 109 707 138 SPURIA.—-
726 110 904 139 COMMENT.
926 110 960 137 IN
980 110 1230 140 HEXAEMERON.

1637 113 1688 142 7l0

59 164 192 200 ὑπῆρξαν
222 165 292 201 μετὰ
320 166 466 202 Κέκροπα,
493 167 522 194 ὃν
552 168 636 196 πολλὰ
657 169 778 205 Ὅμηρος
805 169 844 196 καί

902 169 1061 196 Pliaetontis
1077 169 1281 206 deﬂagratione,
1298 169 1479 198 Eritclithonii
1495 174 1556 198 ortu
1574 179 1607 198 ex
1620 171 1686 199 Vul-

65 209 192 242 Ἰισίοδος
214 214 270 244 τοῖς
287 213 392 248 χρόνοις
418 213 627 249 ὑποῦεϐἡκασιν,
642 215 673 242 ΕΞ
698 216 726 242 δὲ
749 215 851 242 τούτων

61 256 239 284 ξλαττοῦνται
257 259 314 290 τοῖς
330 258 402 285 ἔτεσι
414 278 421 290 ,
445 260 512 286 πολὺ
529 260 614 296 δήπου
640 261 690 296 τῆς
713 261 851 293 Μωῡσέως

45 301 235 337 ,ὑπάρχουσιν
259 303 366 339 ἡλικίας
392 305 547 341 κατώτεροι.
573 304 655 338 Οὗτος
678 307 766 333 τοίνυν
796 307 850 334 τῶν

61 347 156 381 σοφῶν
180 348 289 375 πάντων
312 349 469 384 διδάσκαλος
494 352 633 387 ἀνεδείχθη
652 352 702 388 τῆς
723 352 851 388 ἀληθείας

61 393 212 426 θειότατος.
235 395 291 431 Τὴν
315 395 370 431 γὰρ
389 396 442 423 τῶν
461 398 615 431 Αἰγυπτίων
630 398 779 434 λεγομένην
794 398 850 425 δια-

61 436 172 469 πτὺσας
189 438 293 472 σοφίαν,
311 439 408 475 ἄριστα
425 441 489 476 περὶ
500 441 579 476 τῆσδε
596 442 642 469 τοῦ
659 443 761 478 κόσμου
780 443 849 475 διεξ-

60 482 127 517 ῆλθε
145 484 302 516 συστάσεως
311 505 319 517 ,
339 485 384 512 ὑπ’
396 486 478 513 αὑτοῦ
492 487 612 523 δηλονότι
626 488 674 515 τοῦ
688 488 733 515 ἐπὶ
743 489 850 515 πάντων

62 528 131 555 Θεοῦ
160 530 207 556 καὶ
227 529 393 570 δημιουργοῦ
413 531 460 558 τοῦ
485 534 585 566 παντὸς
601 535 780 570 ὲμπνευσθεὶς
800 534 850 570 τὴν

61 573 204 610 ἀλήθειαν.
221 568 301 610 Λέγει
320 576 390 612 γὰρ·
412 578 462 605 Ἐν
477 578 556 614 ἀρχῇ
576 568 719 614 ἐποίησεν
740 583 756 608 ό
779 568 850 615 Θεός

60 620 115 646 τὸν
140 621 272 655 οὐρανὸν
294 623 343 649 καί
367 623 425 657 τὴν
450 625 516 659 γῆν.
535 626 589 652 Καὶ
610 626 701 653 πολλοὶ
716 627 770 654 τῶν
785 630 849 664 παρ’

62 667 177 703 Ἕλλησι
194 668 324 696 τάναντία
339 670 441 697 τούτων
458 671 584 703 διεξιέναι
604 673 788 708 τολμήσαντες
810 675 850 706 εἰς

61 711 143 746 βυθὸν
162 714 273 748 ἀγνοίας
293 715 551 752 κατηκοντίσθησαν.
571 718 611 745 Τὰ
627 719 680 754 γὰρ
697 719 726 752 ἐξ
746 719 850 755 ἀνθρω-

59 758 142 793 πίνης
155 759 273 792 διανοίας
290 762 481 797 προφερόμενα
498 763 620 798 δόγματα
641 765 723 800 σαφῆ.
735 784 741 791 .
753 785 760 791 .
771 784 778 790 .
791 765 848 791 ἀνει

60 803 107 830 καὶ
133 804 329 840 ἀνερμάτιστα.
346 806 439 838 Οὐδεὶς
464 806 518 843 γὰρ
544 810 610 845 παρ’
633 810 725 841 αὐτοῖς
749 809 848 845 ἕστηκε

59 849 138 884 λόγος
160 850 304 887 ἀκίνητος,
326 852 370 879 ἀεὶ
395 853 442 880 τοῦ
469 854 593 890 δευτέρου
618 854 664 882 τὸν
687 855 741 892 πρὸ
766 855 847 882 αὑτοῦ
865 845 884 874 Β

59 896 273 929 καταεάλλοντος
283 907 289 913 ·
304 897 374 925 ὥστε
388 900 471 935 μηδὲν
484 899 563 936 ἔργον
579 899 648 927 εἶναι
662 903 717 933 τοῖς
731 903 845 934 πιστοῖς,

59 943 192 969 τάκείνων
207 943 337 979 ἐλέγχειν,
351 945 506 980 ἀρκούντων
520 946 631 973 ἐκείνων
642 947 767 983 ἀλλήλοις
778 948 845 983 πρὸς

59 988 108 1023 τὴν
120 988 224 1015 οἰκείαν
240 990 408 1027 ἀνατροπὴν.
425 991 531 1024 ὐποῖος
544 992 572 1019 δὲ
585 993 615 1020 τὸ
635 993 727 1028 σχῆμα
741 993 787 1020 καὶ
798 993 846 1029 τὴν

59 1035 153 1061 οὐσίαν
166 1035 180 1061 ὁ
195 1036 308 1071 οὐρανός
319 1037 386 1069 ἐστι,
402 1037 520 1065 διδάσκει
531 1039 604 1074 ἡμᾶς
618 1039 731 1070 Ἡσαΐας
743 1039 844 1074 λέγων·

64 1079 96 1106 '0
118 1079 238 1113 στήσας
260 1081 315 1108 τὸν
339 1082 468 1115 οὐρανὸν
489 1083 560 1110 ὡσεὶ
586 1083 740 1118 καμάραν·
765 1084 845 1112 αὺτοῦ

57 1125 171 1162 λεπτὴν,
190 1126 238 1154 καὶ
259 1127 290 1153 οὐ
311 1127 434 1164 στερεὰν,
450 1129 510 1155 οὐδὲ
529 1131 644 1165 παχεῖαν
666 1130 848 1166 αἰνιττόμενος

57 1169 144 1202 εἶναι,
168 1171 206 1202 ὡς
229 1171 276 1197 καὶ
297 1171 413 1207 ἀλλαχοῦ
438 1181 535 1208 φησιν·
560 1174 594 1200 Ὀ
607 1174 774 1208 στερεώσας
794 1175 849 1202 τὸν

57 1217 188 1251 οὐρανὸν
201 1217 274 1244 ὡσεὶ
289 1217 414 1244 καπνόν.
430 1217 484 1253 Τὴν
496 1218 524 1244 δὲ
538 1219 590 1255 γῆν
603 1219 700 1254 φάσκει
715 1221 729 1247 ό
742 1220 848 1256 ψαλμὺς

57 1263 103 1288 ἐπὶ
128 1262 184 1288 τῶν
213 1262 315 1289 ὑδάτων
343 1263 512 1298 ὲνηρεῖσθαι,
543 1264 646 1300 λέγων·
677 1266 773 1300 Αὐτὸς
797 1266 846 1294 ἐπὶ

57 1308 224 1335 θαλασσῶν
239 1308 435 1343 ἐθεμελίωσεν
449 1310 554 1344 αὐτὴν,
571 1311 620 1338 καὶ
641 1311 690 1338 ἐπὶ
706 1310 846 1347 ποταμῶν

56 1354 224 1389 ﬁta/ﬁam
239 1353 345 1387 αὐτήν.
359 1354 413 1380 Καὶ
430 1355 460 1381 τὸ
474 1355 531 1387 πῶς
550 1356 579 1382 οὐ
598 1356 638 1382 δεῖ
652 1356 846 1392 πολυπραγμο-

55 1401 127 1431 νεῖν,
147 1399 218 1426 ἀλλὰ
239 1399 385 1426 πιστεύειν.
402 1399 438 1426 Τὸ
457 1400 511 1437 γὰρ
532 1401 634 1428 ἁπλοῦν
654 1403 703 1438 τῆς
728 1403 845 1434 πίστεως

58 1445 234 1482 ίσχυρρτερον
256 1445 372 1481 ὑπάρχει
389 1445 505 1480 λογικῶν
519 1447 696 1480 ἀποδείξεων·
713 1447 845 1483 ἀνέφικτα

55 1490 108 1527 γὰρ
124 1491 173 1518 καὶ
186 1492 366 1527 ἀκατάληπτά
378 1493 435 1518 ἐστι
449 1492 496 1519 τοῦ
508 1492 574 1519 Θεοῦ
588 1493 622 1520 τὰ
642 1494 773 1531 κρίματα.

901 224 970 243 cano
986 220 1012 243 et
1037 216 1131 248 Terra,
1159 221 1239 251 atque
1257 221 1335 252 raptu
1351 216 1531 252 Proserpinae.
1554 217 1586 245 lli
1613 219 1686 245 enim

901 269 995 289 omnes
1012 266 1073 297 post
1086 261 1233 297 Cecropem
1255 263 1341 295 I'uere,
1365 271 1420 298 quo
1435 263 1568 291 Homerus
1583 269 1610 292 et
1632 264 1686 292 He-

900 307 994 335 siodus
1009 307 1087 344 longe
1099 311 1179 335 relate
1196 308 1371 342 posteriores.
1389 308 1442 341 Qui
1460 309 1483 336 si
1498 310 1576 336 anuis
1588 309 1686 336 horum

900 359 964 380 sum
979 353 1132 385 inferiores,
1150 361 1191 380 me
1214 354 1248 380 ab
1270 357 1351 381 a-tate
1366 354 1467 390 Moysis
1484 355 1562 390 longe
1574 355 1686 383 dissitas

900 407 961 427 esse
973 400 1166 434 comperimus.
1188 398 1238 426 llic
1261 399 1352 434 itaque
1367 408 1398 427 ex
1413 401 1540 429 omnibus
1555 401 1686 436 sapienti-

900 443 952 471 bus
971 445 1160 472 divinissimus
1185 445 1310 472 veritatis
1333 450 1484 480 praeceptor
1504 447 1612 474 habitus
1632 452 1685 475 est.

900 485 1005 514 Etenim
1027 487 1163 523 2Egyptia,
1187 496 1268 523 quam
1284 489 1389 522 dicunt,
1406 490 1538 525 sapientia
1555 491 1684 523 delibata.

900 533 1020 559 omnium
1044 534 1145 568 optime
1162 534 1195 561 de
1211 535 1303 561 mundi
1319 534 1400 569 hujus
1416 537 1629 569 constructione,
1645 538 1686 573 ip-

900 579 957 606 sius
972 579 1076 606 seilicet
1093 578 1150 611 Dei,
1170 587 1260 607 rerum
1283 584 1311 607 et
1327 581 1448 608 universi
1467 581 1549 616 hujus
1563 581 1684 617 Opilicis,

899 624 988 651 aﬂlatu
1001 625 1152 652 concitatus
1162 625 1197 652 ad
1211 626 1351 654 veritatem
1365 627 1506 656 disseruit.
1520 627 1589 655 Dicit
1600 628 1685 661 enim,

900 669 932 697 In
946 671 1072 705 principio
1092 672 1191 698 creavit
1211 672 1281 700 Deus
1299 674 1394 700 caelum
1410 677 1433 700 et
1457 677 1554 701 terram
1569 675 1591 701 ⁸.
1611 673 1685 701 Nou-

898 716 965 744 nulli
980 716 1169 744 Graecorumiu
1179 718 1344 745 contrariam
1363 723 1467 753 partem
1477 719 1611 754 permulta
1626 719 1685 747 dis-

898 765 996 797 putare
1026 762 1126 793 conati,
1141 762 1167 789 in
1181 762 1346 797 profundum
1362 763 1522 797 ignorantiae
1534 764 1685 800 prmcipites

899 808 951 834 acti
970 811 1043 834 sunt.
1060 807 1189 843 Dogmata
1206 817 1322 843 namque
1341 809 1460 836 humana
1478 810 1585 837 ratione
1607 811 1684 845 judi-

899 853 996 888 cioque
1010 853 1127 888 prodita,
1145 854 1237 881 multis
1250 854 1425 882 obscuritatis
1439 855 1550 883 latebris
1563 856 1684 883 involuta

899 897 995 929 latent,
1011 905 1062 925 nec
1077 898 1133 924 ullo
1147 898 1289 925 ﬁrmitatis.
1302 898 1390 926 fulcro
1403 900 1578 927 constabilita
1598 901 1685 929 vacil-

898 944 964 971 lant.
980 943 1059 970 Nulla
1074 944 1173 979 quippe
1192 946 1326 972 sententia
1342 945 1413 980 apud
1433 953 1482 973 eos
1497 946 1607 973 immota
1624 954 1683 973 ma-

899 994 954 1022 net,
973 998 1080 1025 semper
1096 991 1212 1026 primum
1235 996 1409 1026 oppugnante
1433 993 1564 1025 secundo,
1593 993 1629 1020 ita
1654 997 1684 1020 ut

897 1042 945 1062 eos
965 1035 1087 1063 refellere
1102 1035 1169 1062 nihil
1183 1036 1218 1063 sit
1231 1037 1341 1071 negotii,
1359 1045 1422 1064 cum
1445 1038 1483 1065 illi
1499 1038 1616 1073 propriis
1634 1038 1685 1065 do-

898 1081 1036 1117 gmatibus
1049 1082 1203 1110 evertendis
1219 1082 1363 1110 suillciant.
1382 1082 1476 1116 Qualis
1490 1091 1572 1119 porro
1593 1083 1684 1119 figurze

898 1131 1055 1162 naturaeque
1080 1127 1179 1154 cmlum
1207 1127 1253 1160 sit,
1271 1127 1349 1155 nobis
1364 1127 1448 1156 Isaias
1465 1129 1557 1157 verbis
1578 1129 1631 1156 illis
1646 1129 1685 1156 si-

898 1173 1035 1208 gniﬁcavit
1050 1182 1057 1200 :
1080 1173 1132 1206 Qui
1148 1179 1220 1201 stare
1232 1174 1319 1208 fecisti
1336 1174 1431 1201 calum
1445 1175 1522 1210 quasi
1535 1175 1682 1210 fornicem;

898 1218 997 1253 quibus
1012 1219 1093 1246 etiam
1110 1224 1218 1246 tenuem
1235 1219 1308 1247 illius
1331 1223 1357 1246 et
1381 1227 1436 1247 non
1451 1220 1578 1252 solidam,
1595 1228 1684 1255 neque

898 1272 1018 1292 crassam
1033 1270 1157 1292 naturam
1173 1273 1232 1292 esse
1248 1265 1348 1297 innuit,
1369 1265 1452 1292 sicuti
1467 1269 1494 1293 et
1511 1265 1574 1292 alibi
1590 1265 1657 1292 dicit
1674 1274 1682 1293 :

899 1309 951 1343 Qui
962 1310 1076 1345 ﬁrmasti
1089 1310 1182 1337 coelum
1198 1311 1273 1346 quasi
1288 1310 1519 1345 fumum.Tcrram
1536 1318 1599 1338 vero
1606 1310 1685 1337 Psal-

897 1355 994 1383 modus
1008 1356 1045 1383 ait
1055 1363 1137 1392 super
1152 1363 1236 1391 aquas
1251 1355 1409 1384 sustentari.
1428 1355 1488 1390 Ipse
1502 1363 1579 1390 super
1597 1355 1685 1381 muria.

897 1401 1016 1436 [undavit
1038 1409 1112 1433 eam,
1137 1405 1161 1428 et
1178 1409 1256 1436 super
1273 1401 1385 1435 ﬂumina
1404 1402 1564 1436 prwparavit
1585 1410 1644 1428 eam
1661 1402 1682 1428 ⁶.

898 1447 951 1474 Sed
968 1447 1040 1474 enim
1058 1447 1167 1474 modum
1183 1455 1238 1474 non
1257 1447 1388 1475 debemus
1405 1447 1514 1475 curiose
1536 1447 1683 1482 inquirere,

896 1501 990 1521 verum
1011 1493 1131 1520 credere.
1155 1492 1321 1528 Simplicitas
1345 1494 1418 1521 enim
1439 1497 1540 1521 nostra:
1561 1493 1621 1521 ﬁdei
1637 1493 1685 1520 de-

54 1538 303 1566 monstrationibus
317 1538 478 1571 dialecticis,
497 1539 575 1575 longe
587 1540 702 1568 validior
712 1545 765 1574 est,
779 1548 841 1569 cum
859 1540 962 1576 judicia
975 1539 1034 1573 Dei,
1054 1548 1105 1568 nec
1134 1540 1327 1576 comprehendi
1342 1541 1459 1576 possint,
1476 1548 1526 1568 nec
1550 1547 1583 1568 ea
1595 1540 1685 1575 capiat

53 1583 184 1612 humana:
198 1585 356 1620 conjectura
372 1587 482 1614 mentis.

90 1631 133 1666 Τῇ
161 1610 262 1667 πρώτξι
285 1630 342 1660 οὖν
374 1634 469 1668 ἡμέρᾳ
496 1635 640 1669 ἐποίησεν
658 1637 675 1663 ό
698 1635 771 1670 Θεὸς
791 1636 844 1663 τὸν

931 1632 1023 1661 Primo
1039 1633 1126 1666 itaque
1148 1631 1191 1659 die
1205 1632 1303 1659 creauit
1326 1632 1396 1659 Deus
1413 1633 1517 1665 mlum,
1533 1637 1559 1660 et
1571 1637 1681 1667 terram,

53 1677 198 1711 οὐρανὸν,
220 1678 268 1704 καὶ
283 1678 340 1713 τὴν
359 1679 427 1714 γῆν,
450 1680 500 1707 καὶ
523 1680 555 1707 τὸ
580 1681 658 1716 φῶς·
682 1682 730 1709 καὶ
757 1682 845 1709 πάντα

51 1723 130 1759 ὀξείᾳ
155 1723 253 1758 καιροῦ
274 1725 344 1760 ῥοπῇ
373 1725 557 1760 κατεφώτισε·
582 1726 660 1753 τοῦτο
680 1727 709 1754 δέ
732 1728 789 1754 ἐστι
813 1728 845 1754 τὸ

51 1769 187 1804 φθαρτόν.
209 1769 265 1805 Πρὸ
286 1769 340 1806 γὰρ
358 1770 453 1797 τούτου
470 1772 618 1807 σκιάσματι
641 1774 760 1809 περιεῖχε
784 1781 846 1799 σκο-

50 1815 143 1841 τεινὸν
171 1815 218 1842 τοῦ
237 1815 352 1852 οὐρανοῦ
380 1817 591 1852 περιταθέντος,
613 1819 660 1845 καὶ
685 1819 773 1845 πάντα
795 1820 845 1846 ὅσα

51 1861 178 1894 συνεῖχε,
194 1860 241 1886 καὶ
256 1860 301 1887 τὸν
325 1861 522 1896 ἀπολειφθέντα
543 1863 624 1890 τόπον
644 1864 749 1900 ἀφεγγῆ
762 1874 845 1893 κατα-

51 1907 216 1941 στήσαντος.
230 1905 347 1939 Ἐξωθεν
358 1907 386 1933 δὲ
403 1907 449 1934 τοῦ
464 1909 579 1944 οὐρανοῦ
593 1909 651 1944 φῶς
666 1908 735 1937 εἶναι
747 1911 844 1938 ἀσκία-

52 1961 129 1984 στον,
143 1952 193 1978 καὶ
207 1952 355 1988 ἄφθαρτον,
369 1954 416 1980 καὶ
434 1953 552 1987 αἰώνιον,
572 1956 600 1982 ὲν
611 1953 632 1990 ᾧ
650 1956 759 1991 ἄγγελοι
773 1957 843 1985 διαι-

51 1998 166 2029 τῶνται,
182 1999 246 2034 περὶ
261 1995 291 2025 οὗ
314 2008 380 2035 φησι
403 2000 545 2035 Σολομῶν·
564 2002 628 2036 Φῶς
646 2002 772 2037 δικαίοις
795 2003 844 2032 διὰ

53 2044 181 2076 παντὸς,
198 2044 238 2075 είς
250 2043 264 2069 ὃ
278 2044 324 2070 καὶ
338 2045 363 2071 οἱ
382 2045 471 2077 καλῶς
485 2045 630 2080 βιώσαντες
649 2047 842 2076 ἀναπαύονται.

53 2089 174 2124 Νοήσεις
186 2089 215 2116 δὲ
225 2089 318 2116 τούτου
333 2090 382 2126 τὴν
396 2091 550 2127 οἰκονομίαν
565 2092 595 2125 ἐξ
611 2093 742 2130 ἐναργοῦς
754 2103 843 2130 παρα-

53 2135 213 2171 δείγματος,
229 2137 269 2163 ὅτι
295 2137 352 2172 φῶς
373 2137 503 2165 ἄσϐεστον
526 2139 571 2165 τὸν
591 2139 642 2172 ἔξω
656 2139 743 2176 χῶρον
766 2149 843 2176 περι-

54 2179 159 2215 λάμπει
173 2180 222 2207 τοῦ
235 2182 360 2217 οὐρανοῦ.
374 2183 425 2209 Τὸν
436 2183 464 2209 δὲ
481 2183 535 2210 ἔσω
556 2184 640 2220 ἀχλὺς
655 2187 776 2222 περιεῖχε
790 2185 842 2222 πρὸ

54 2226 101 2252 τοῦ
117 2227 266 2263 γενηθῆναι
283 2228 312 2254 τὸ
323 2228 390 2263 φῶς.
406 2229 509 2265 Ὥσπερ
519 2230 572 2266 γὰρ
582 2231 660 2263 εἴτις
675 2232 704 2258 ἐν
725 2232 842 2275 σταθερᾴ

55 2274 218 2310 μεσημϐρία
241 2274 329 2311 πήξας
351 2276 383 2302 ὲκ
405 2276 510 2311 πυκνῆς
538 2276 603 2313 ὕλης
627 2277 728 2314 σκηνὴν
748 2274 841 2311 σκότος

53 2319 230 2355 αὐτοσχέδιον
246 2322 325 2353 ποιεῖ,
344 2322 390 2348 καὶ
406 2322 532 2358 οὐδαμῶς
548 2323 713 2360 φωτισθῆναι
733 2324 841 2352 δύναται

52 2366 68 2392 ὀ
86 2366 282 2402 περιεχόμενος
304 2368 401 2400 τόπος,
417 2369 441 2394 εἰ
462 2368 498 2404 μὴ
515 2370 601 2404 φωτὸς
622 2370 748 2408 ἐκλάμψῃ
771 2380 842 2407 μαρ-

55 2412 168 2446 μαρυγή
181 2419 187 2425 ·
202 2411 273 2438 οὕτω
285 2413 403 2440 τοιοῦτον
415 2414 596 2442 ἀνυπόστατον
613 2416 706 2448 σκότος
722 2417 842 2452 περιεῖχε

54 2455 101 2483 τὸν
116 2455 219 2492 κόσμον
239 2457 291 2484 ὑπὸ
309 2457 356 2484 τοῦ
379 2459 492 2494 οὐρανοῦ
509 2460 727 2497 καλυπτόμενον,
749 2462 816 2498 ὅπερ
827 2462 842 2488 ό

54 2501 122 2533 Θεὸς
145 2501 294 2538 διεχώρησε
310 2502 512 2541 δημιουργήσας
528 2506 557 2532 τὸ
575 2506 631 2541 φῶς
641 2527 648 2539 ,
675 2508 721 2534 καὶ
735 2508 842 2543 ἡμέραν

55 2547 123 2574 αὐτὸ
136 2548 357 2584 προσονομάσας,
382 2551 428 2577 καὶ
445 2551 475 2577 τὸ
494 2552 588 2584 σκότος
608 2553 701 2580 νύκτα.
720 2554 843 2589 Ἀναχεο-

56 2593 140 2628 μένου
161 2594 216 2630 γὰρ
237 2594 283 2621 τοῦ
301 2596 402 2630 φωτὸς,
425 2597 516 2632 ἡμέρα
545 2598 682 2632 γίγνεται,
704 2599 842 2626 συστελλο-

56 2638 139 2673 μένου
162 2638 201 2671 δὲ,
225 2639 274 2672 νὺξ
295 2641 457 2668 ὰντέπεισιν.
473 2641 553 2668 Ὅθεν
573 2643 620 2670 καὶ
641 2645 669 2670 ὲν
684 2645 716 2680 τῇ
738 2653 842 2680 συμμε-

53 2685 152 2720 τρήσει
174 2684 230 2712 τῶν
247 2686 349 2721 χρόνων
372 2687 487 2724 ἡμέρας,
510 2688 556 2715 καὶ
577 2689 636 2724 οὐχὶ
656 2690 756 2723 νύκτας
781 2690 841 2725 ἀρι-

54 2729 188 2766 Θμοῦμεν,

92 2835 102 2851 ¹
117 2834 181 2863 Gen.
196 2843 215 2867 I,
233 2835 258 2863 L
297 2836 307 2851 °
322 2835 396 2863 Psal.
416 2844 495 2871 χχιιι,
506 2837 534 2866 ‘2.

893 1685 919 1708 et
936 1682 1031 1712 lucem,
1046 1682 1073 1706 et
1089 1679 1216 1706 omnibus
1235 1678 1407 1706 velocissimo
1422 1683 1523 1714 puncto
1539 1680 1681 1714 temporis,

895 1726 986 1752 lumen
1011 1724 1084 1760 quod
1101 1723 1270 1758 corruptioni
1295 1723 1443 1751 obnoxium
1461 1728 1512 1755 est,
1528 1726 1682 1752 communi-

894 1771 977 1798 cavit.
992 1770 1061 1797 Ante
1073 1770 1146 1797 enim
1158 1769 1223 1796 illud
1238 1769 1333 1796 umbra
1346 1769 1469 1804 quaedam
1481 1769 1599 1797 obscura
1611 1771 1681 1798 celo

894 1821 1007 1844 extenso
1031 1816 1136 1851 dejecta
1159 1816 1266 1844 velabat
1286 1815 1393 1848 omnia,
1412 1815 1558 1851 lumenque
1581 1823 1596 1843 a
1613 1817 1681 1844 locis

894 1862 947 1889 illis
962 1862 1080 1889 arcebat.
1097 1861 1197 1890 Verum
1218 1865 1294 1889 extra
1311 1861 1421 1893 malum,
1438 1862 1529 1889 lumen
1544 1861 1616 1897 quod
1631 1863 1680 1890 ob-

893 1908 1000 1936 scurari
1014 1915 1069 1935 non
1090 1911 1190 1944 potest,
1207 1907 1283 1935 omni
1302 1907 1488 1942 corruptione,
1505 1908 1579 1935 omni
1601 1912 1681 1937 aetate

894 1954 1030 1989 superius,
1049 1953 1076 1981 in
1091 1961 1145 1988 quo
1158 1953 1244 1988 angeli
1268 1952 1380 1987 degunt,
1396 1953 1560 1985 extenditur,
1577 1953 1610 1981 de
1625 1962 1680 1988 quo

894 1998 1022 2026 Salomon
1047 1999 1085 2026 ait
1102 2008 1108 2026 :
1122 1998 1221 2026 Lumen
1233 1998 1316 2033 justis
1331 1999 1358 2025 in
1375 2003 1536 2033 perpetuum;
1552 1999 1579 2026 in
1594 1999 1678 2034 quod,

893 2045 940 2081 qui
964 2046 1033 2072 bene
1052 2044 1181 2077 vixerint,
1198 2044 1280 2072 delati
1292 2044 1448 2079 quiescunt.
1467 2043 1679 2079 Dispositionem

892 2089 963 2118 hanc
979 2090 1127 2117 dilucidam
1157 2089 1250 2116 reddet
1275 2089 1379 2116 clarum
1399 2093 1426 2117 et
1450 2094 1572 2125 apertum
1587 2099 1680 2119 exem-

892 2136 978 2171 plum,
1002 2135 1094 2162 lumen
1120 2135 1225 2162 scilicet
1240 2135 1447 2168 inexstinctum,
1464 2136 1552 2163 locum
1571 2144 1680 2169 omnem

892 2181 954 2208 coeli
969 2185 1092 2209 exterum
1108 2181 1272 2213 illuminare,
1288 2188 1368 2216 quem
1386 2189 1451 2208 vero
1468 2182 1611 2217 complexu
1627 2190 1678 2210 suo

892 2228 990 2255 ccelum
1016 2231 1101 2259 tenet,
1125 2231 1269 2262 antequam
1288 2227 1380 2253 lumen
1398 2226 1488 2259 ﬁeret,
1513 2227 1629 2262 caligine
1645 2236 1678 2255 ac

892 2274 1012 2302 tenebris
1034 2277 1134 2301 tectum
1163 2281 1219 2300 non
1247 2273 1418 2307 apparuisse.
1445 2273 1677 2306 Quemadmodum

894 2321 966 2348 enim
981 2320 1004 2348 si
1020 2320 1082 2355 quis
1095 2319 1208 2346 meridie
1224 2318 1425 2346 ferventissimo
1441 2327 1474 2347 ex
1492 2319 1576 2348 densa
1593 2324 1679 2347 mate-

894 2366 935 2393 ria
951 2365 1155 2394 tabernaculum
1168 2364 1326 2396 confecerit,
1343 2363 1537 2392 obscuritatem
1559 2369 1586 2393 et
1603 2369 1679 2392 tene-

894 2412 958 2440 bras
969 2420 1001 2439 ex
1017 2415 1137 2447 tempore
1151 2414 1261 2446 paratas
1274 2409 1361 2442 aﬂ'ert,
1380 2417 1468 2444 neque
1479 2410 1557 2438 locus
1573 2411 1617 2438 ille
1630 2410 1677 2446 qui

895 2458 968 2486 illius
992 2456 1167 2485 circumﬂexu
1190 2459 1336 2491 tegeretur.
1360 2457 1450 2490 potest
1472 2455 1631 2488 illuminari,
1649 2457 1676 2485 ni

893 2504 1006 2531 luminis
1021 2503 1098 2530 radio
1114 2502 1194 2529 fuerit
1212 2501 1340 2536 perfusus
1354 2510 1360 2528 :
1377 2501 1418 2528 sic
1434 2501 1537 2529 similes
1557 2502 1673 2530 tenebia

889 2545 953 2583 'qua:
967 2557 1022 2576 non
1037 2548 1233 2579 subsistebant,
1249 2547 1380 2575 mundum
1392 2554 1472 2583 quem
1488 2547 1587 2574 ctelum
1603 2555 1674 2574 com.

893 2595 1020 2631 plectitur
1033 2594 1241 2626 adumbrabant,
1257 2601 1303 2621 eas
1317 2593 1398 2625 Deus,
1413 2592 1547 2628 producto
1563 2593 1676 2623 lumine,

893 2641 1021 2676 sejunxit,
1037 2640 1126 2668 lumen
1141 2641 1222 2672 diem,
1236 2641 1362 2668 tenebras
1376 2643 1483 2667 noctem
1499 2639 1673 2673 nuncupavit.

894 2687 1000 2715 Etenim
1013 2687 1077 2714 dum
1093 2687 1182 2714 lumen
1199 2686 1372 2718 diffunditur,
1391 2685 1512 2721 gignitur
1525 2684 1598 2716 dies;
1611 2683 1674 2711 dum

893 2732 1076 2766 contrahitur,
1097 2740 1149 2760 nox
1165 2732 1290 2765 advenit;
1309 2739 1404 2767 quare,
1422 2734 1449 2759 et
1467 2731 1531 2758 dum
1556 2734 1678 2766 tempora

893 2779 1093 2813 oommetimur,
1102 2779 1172 2814 dies,
1184 2786 1239 2808 non
1252 2782 1341 2807 autem
1353 2781 1447 2813 noctes
1453 2784 1677 2806 annumeramus.
