1909 3071
35 115 89 143 713

489 112 623 142 SPURIA.
639 128 675 135 ν-
693 111 871 156 (ΖΟΜΜΕΝΤ.
893 110 927 137 IN
948 109 1196 139 HEXAEMERON.

1616 111 1665 138 ΤΗ

36 174 168 210 culley’qv
186 174 235 200 καὶ
257 175 284 201 αἱ
307 174 456 210 φάραγγες.
473 173 510 200 Τὸ
533 173 574 205 δὲ,
593 171 641 200 καὶ
657 173 693 199 τὰ
716 171 827 204 συστή-

886 177 925 196 nes
940 177 1070 201 aquarum
1085 168 1184 196 voravit
1200 168 1296 200 maria,
1314 167 1391 195 sinus
1402 167 1486 196 maris
1499 169 1666 203 signiﬁcans,

34 229 113 256 ματα
131 219 192 248 τῶν
206 219 326 247 ὑδάτων
340 219 468 246 ἐκάλεσε
482 219 656 251 θαλάσσας,
676 218 739 249 τοὺς
762 217 825 244 κόλ-

35 275 103 299 πους
125 266 254 302 σημαίνει
279 266 342 296 τοὺς
357 266 428 292 κατὰ
452 265 482 292 τὸ
504 265 568 292 ἴδιον
589 264 681 300 σχῆμα
703 263 755 290 ὑπὸ
777 263 827 297 τῆς

37 312 235 348 ’τερικειμένης
250 312 302 348 γῆς
318 312 544 346 ἀπολειφθέντας·
562 307 617 337 οἷον
640 310 762 336 θάλασσα
783 310 828 344 βό-

37 366 125 394 ρειος,
143 357 273 385 θάλασσαι
291 358 393 390 νότιος,
417 357 486 393 ἑῴα,
511 356 624 391 ἑσπέρια
640 355 763 392 πελάγη,
780 356 827 382 καὶ

37 404 139 430 τούτων
156 404 277 440 ὀνόματα
294 403 437 435 ἰδιάζοντα,
450 403 549 434 Πόντος
568 403 689 436 Αἰγαῖος,
718 401 827 433 Ἰώνιος.

37 448 222 484 Σαρδωνικὸν,
240 449 398 480 Σικελικὸν,
415 449 577 485 Τυρῥήνιον.
598 448 634 474 Οὺ
658 447 692 474 τὰ
712 447 828 482 τυχόντα

36 496 63 521 δὲ
83 494 141 521 τῶν
163 495 268 521 ὑδάτων
288 495 458 531 ἀθροίσματα
481 496 520 526 είς
545 494 607 530 μίαν
624 493 756 529 κατέληξε
779 493 829 520 θά-

37 542 159 574 λασσαν,
184 543 244 578 ἤτοι
261 542 403 574 σύστασιν,
419 541 487 568 ἀλλὰ
512 541 546 568 τὰ
569 542 683 577 μέγιστα
705 541 753 567 καὶ
773 540 830 572 ἐξέ-

38 597 135 624 χοντα·
158 588 189 615 οὐ
207 588 260 624 γὰρ
284 589 330 615 καὶ
351 588 386 615 τὰ
406 588 566 623 τελματιαῖα
588 588 636 613 καὶ
663 587 755 622 λὶμνια
776 586 830 622 χρὴ

38 637 116 661 νοεῖν.
134 636 243 670 ’Ὠσπερ
258 635 311 670 γὰρ
329 635 358 661 τὸ
378 635 433 670 πῦρ
447 634 494 661 καὶ
508 635 547 666 είς
565 633 649 670 μικρὰ
664 641 831 668 κατακεκερ-

39 681 210 716 ματισμένον
225 681 285 707 ἐστὶ
305 681 352 706 καὶ
369 680 465 716 ἀθρόον
480 679 532 706 ὑπὸ
547 678 593 705 τοῦ
608 678 687 713 ἀέρος
705 678 829 712 κέχυται,

37 727 105 754 οὕτω
125 727 177 753 καὶ
199 727 244 753 ἐπὶ
264 726 311 753 τοῦ
329 726 433 758 ὕδατος,
452 727 476 752 εἰ
497 726 544 752 καὶ
568 725 664 761 μικραί
687 724 759 755 τινές
778 725 831 750 etet

37 774 205 809 διῃρημέναι
224 773 377 804 συστάσεις,
397 772 464 799 ἀλλά
482 772 531 807 μία
550 780 580 806 γε
599 771 657 797 ἐστὶ
675 770 830 805 συναγωγὴ,

38 821 95 855 ήτὺ
111 820 176 846 ὅλον
195 821 325 854 στοιχεῖον
343 819 397 845 τῶν
411 818 512 846 λοιπῶν
535 819 729 852 ἀποκρίνουσα.
752 816 832 852 Πηγὴ

37 866 90 902 γάρ
109 866 174 892 ἐστι
191 865 240 901 τῆς
256 866 320 902 περὶ
343 866 394 900 γῆν
420 865 529 900 ἁπάσης
544 864 644 895 νοτίδος
667 863 698 890 τὺ
720 864 768 899 τῆς
787 864 834 889 θα-

37 912 145 947 λάσσης
158 912 241 947 ὕδωρ,
256 912 304 938 καὶ
319 912 392 937 πᾶσα
409 912 426 946 ἡ
443 911 478 945 γῆ
495 910 630 944 ὑπόνομὸς
645 911 713 940 ἐστι,
728 909 775 936 καὶ
790 908 835 935 διὰ

39 958 133 993 πόρων
151 957 263 991 ἀφανῶν
274 957 428 989 διαδίδοται,
438 956 529 988 καθὼς
544 955 652 991 δηλοῦσι
671 955 748 982 τόποι
763 955 834 986 τινὲς

39 1005 85 1040 τῆς
100 1005 223 1040 ἠπείρου
239 1004 381 1040 ὒπαντροι.
402 1004 435 1030 Ἦ
455 1003 510 1039 γὰρ
528 1001 630 1038 ῥοώδης
649 1002 769 1029 θάλασσα
791 1001 835 1028 διὰ

39 1051 132 1078 τόπων
159 1051 260 1078 στενῶν
288 1050 482 1086 διατρέχουσα,
507 1049 616 1076 ἐπειδὰν
641 1048 761 1081 σκολιαῖς
789 1049 834 1075 καὶ

39 1097 145 1132 ἐρθίοις
169 1097 270 1129 ἐξόδοις
286 1096 482 1132 ὲναπολειφθῇ,
508 1096 650 1131 ὡθουμένη
673 1096 707 1130 τῇ
725 1095 770 1130 βίᾳ
786 1094 833 1120 τοῦ

40 1142 200 1178 πνεύματος
217 1141 266 1178 τῆς
286 1143 337 1178 γῆς
358 1143 527 1178 άπορῥήσσει
542 1142 591 1177 τὴν
605 1141 773 1175 ἐπιφάνειαν,
789 1141 835 1167 καὶ

40 1189 84 1215 ἐπὶ
98 1189 134 1215 τὸ
149 1188 204 1220 ἔξω
217 1188 396 1224 προελθοῦσα,
415 1188 520 1223 γίνεται
535 1188 649 1222 πότιμος
666 1188 698 1214 ὲκ
713 1187 762 1222 τῆς
777 1186 835 1222 διη-

41 1235 148 1271 θήσεως
166 1235 367 1271 μεταειληθεῖσα
383 1236 422 1266 είς
438 1235 604 1270 γλυκύτητα.
621 1234 705 1260 Πάλιν
719 1233 746 1260 δὲ
761 1234 835 1259 ἐπει-

40 1283 86 1309 ὃέιν
105 1283 224 1318 θερμοῖς
236 1282 328 1313 τόποις
347 1281 525 1316 ἑναπολειφθῇ
543 1280 612 1316 πρὸς
625 1280 674 1315 τὴν
689 1279 787 1312 ἔξοδον,
800 1281 833 1315 τῇ

40 1330 107 1364 αὐτῇ
133 1330 211 1364 αἰτίᾳ
224 1328 356 1364 ἑλκομένη
377 1328 429 1354 ὑπὸ
440 1327 487 1354 τοῦ
505 1327 658 1361 πνεύματος
674 1325 770 1358 ζέουσα
791 1326 834 1360 γί-

39 1384 125 1402 νεται.
135 1374 213 1409 Αὕτη
225 1374 272 1401 καὶ
285 1373 338 1400 τῶν
347 1373 448 1410 ἀερίων
461 1372 563 1399 ὑδάτων
576 1372 651 1407 πηγὴ
664 1371 833 1405 καθέστηκε³

38 1421 81 1448 διὰ
95 1420 192 1455 νεφῶν
206 1420 261 1456 γὰρ
277 1420 444 1454 ἀνελκόμενα
460 1418 544 1453 αὐτῆς
556 1417 590 1444 τὰ
607 1418 700 1450 ὕδατα,
718 1417 765 1444 καὶ
783 1417 835 1444 ὑπὸ

37 1468 86 1502 τῆς
105 1467 229 1503 ἡλιακῆς
249 1467 356 1497 ἀκτῖνος
381 1465 556 1500 θαλπόμενα,
579 1464 626 1491 καὶ
649 1465 682 1499 τῇ
699 1464 762 1498 σκιᾷ
788 1462 833 1489 τοῦ

39 1514 140 1548 νέφους
166 1512 392 1547 καταψυχθέντα,
408 1511 455 1537 καὶ
474 1510 504 1542 ἐξ
518 1510 600 1536 αὐτοῦ
620 1509 667 1535 τοῦ
689 1508 772 1544 ὕψους
792 1509 834 1535 αἰ-

39 1560 208 1590 θριασθέντα
224 1558 408 1592 γλυκαίνεται,
426 1557 473 1584 καὶ
493 1555 676 1591 καταψεκάζει
690 1555 740 1590 τὴν
754 1555 834 1591 ἠπει-

40 1615 95 1642 ρσν.
114 1606 158 1641 Τῇ
185 1605 207 1631 δ’
232 1605 299 1640 αὐτῇ
325 1604 416 1639 ἡμέρᾳ
436 1603 483 1629 καὶ
500 1601 678 1636 ,βλαστῆσαι
700 1602 836 1635 βοτάνην

39 1652 152 1686 χόρτου
165 1650 225 1684 τήν
233 1648 290 1684 γῆν
299 1650 313 1675 ὁ
327 1649 392 1680 Θεὸς
406 1646 571 1684 προσέταξεν
581 1656 587 1662 ·
604 1646 731 1680 Σπεῲον
744 1645 836 1680 σπέρ-

38 1705 79 1732 μα
95 1695 179 1723 κατὰ
195 1696 293 1730 γένος,
305 1695 354 1721 καὶ
372 1694 467 1726 ξύλον
481 1692 630 1727 κάρπιμον
646 1692 753 1719 ποιοῦν
768 1700 837 1726 καρ-

40 1743 110 1774 πὸν,
125 1740 165 1769 οὖ
187 1741 221 1768 τὸ
237 1741 358 1775 σπέρμα
372 1740 465 1767 αὐτοῦ
484 1740 518 1766 ὲν·
536 1738 628 1771 αὐτῷ.
651 1739 706 1765 Καὶ
729 1738 769 1765 ἔτι
790 1738 837 1765 καὶ

39 1789 86 1815 νῦν
100 1790 118 1824 ἡ
143 1787 225 1819 τάξις
239 1787 292 1813 τῶν
309 1786 450 1822 φυομένων
467 1787 600 1821 μαρτυρεῖ
615 1787 647 1822 τῇ
665 1785 760 1821 πρώτῃ
780 1784 838 1811 δια-

41 1835 194 1869 κοσμήσει.
210 1833 243 1858 Ἠ
253 1831 306 1868 γὰρ
321 1831 468 1867 βλάστησις
480 1831 639 1866 καθηγεῖται
654 1830 745 1865 πάσης
760 1829 838 1864 βοτά-

41 1890 89 1917 νης
102 1900 110 1912 ,
143 1881 196 1906 καὶ
209 1879 300 1914 πάσης
320 1879 404 1910 πόας·
421 1878 526 1909 νοτίδας
545 1877 599 1913 γὰρ
619 1877 781 1912 συμμέτρως
793 1877 838 1904 καὶ

41 1928 152 1964 θερμὴν
171 1926 286 1961 ἐχούσης
300 1926 349 1961 τῆς
361 1925 422 1960 γῆς,
434 1925 464 1951 τὸ
478 1924 588 1960 σπέρμα
603 1925 641 1955 εἰς
653 1923 736 1959 αὐτὴν
755 1931 838 1950 κατα-

42 1975 187 2004 ϐάλλεται,
211 1973 259 1999 καὶ
280 1971 383 2006 γίνεται
403 1970 501 2006 χαῦνον
518 1970 565 1996 καὶ
592 1969 770 2005 πολύσπορον,
791 1969 838 1995 καὶ

41 2022 90 2056 τῆς
105 2020 177 2055 περὶ
193 2018 259 2045 αὐτὸ
278 2018 330 2052 γῆς
353 2017 503 2052 ἀρξάμενον
520 2016 587 2052 πρὸς
602 2015 668 2042 αὐτὸ
690 2015 838 2041 ἐπισπᾶται

41 2067 76 2092 τὰ
89 2066 185 2092 οἰκεῖα
208 2063 256 2091 καὶ
272 2063 408 2098 σύμφυλα,
424 2062 469 2088 καὶ
484 2061 656 2097 πιαινόμενον
677 2061 723 2087 ἐπὶ
747 2059 838 2086 πλεῖον

42 2111 231 2139 πλατύνεται·
246 2109 316 2135 ὥστε
339 2108 477 2144 ῥιζοῦσθαι
494 2108 543 2143 μὲν
565 2109 605 2139 είς
620 2107 650 2133 τὸ
671 2107 756 2138 κάτω,
772 2114 839 2141 προ-

42 2159 163 2184 κύπτειν
178 2155 207 2182 δὲ
224 2156 263 2187 είς
280 2155 310 2180 τὸ
333 2154 402 2186 ἄνω,
424 2154 472 2181 καὶ
493 2153 651 2190 ἰσαρίθμους
671 2153 731 2184 ταῖς
752 2152 839 2188 ῥίζαις

878 223 1001 250 quosque
1012 215 1045 242 ad
1055 215 1096 242 sui
1111 215 1223 249 ﬁguram
1237 219 1307 241 terra
1322 214 1444 242 ambiens
1461 216 1667 250 complectitur;

879 262 947 289 tales
961 267 1026 289 sunt
1038 269 1113 288 mare
1134 261 1311 295 Aquilonarc,
1328 269 1403 288 mare
1418 261 1554 292 Australe,
1571 261 1670 289 Orien-

879 308 944 339 tale,
962 307 1146 337 Occidentalc.
1167 310 1193 333 et
1208 307 1303 333 horum
1318 307 1427 341 propria
1441 308 1550 334 nomina
1564 307 1668 335 Pontus

881 354 1001 388 ngmus,
1029 353 1133 385 Ionius,
1158 352 1328 385 Sardonius,
1351 352 1470 385 Siculus,
1499 353 1668 388 Tyrrhenus.

879 401 1012 428 Cmterum
1037 407 1091 427 non
1117 407 1296 434 quoscunque
1322 406 1452 433 aquarum
1475 404 1624 428 conventus
1642 401 1670 427 in

882 455 965 474 unum
991 454 1065 473 mare
1091 445 1239 480 congessit,
1266 445 1307 472 Vel
1332 449 1446 476 emtum,
1468 445 1514 472 sed
1538 447 1670 474 maximos

881 498 963 528 atque
978 493 1159 527 ingentiorcs;
1173 501 1235 519 nam
1251 499 1339 526 neque
1352 491 1498 526 palustres,
1513 500 1599 527 neque
1615 498 1671 520 sta-

881 545 994 575 gnantes
1006 540 1050 566 hic
1063 539 1229 574 intelligendi
1243 544 1316 567 sunt.
1329 538 1418 566 Veluti
1433 540 1505 566 enim
1522 539 1593 574 ignis
1606 540 1671 567 etin

882 587 1002 614 minutas
1009 590 1100 620 partes
1109 585 1250 620 redigitur,
1260 590 1287 613 ct
1296 589 1368 613 totus
1375 585 1455 612 simul
1462 593 1551 612 aerem
1559 587 1672 614 circum-

881 633 937 666 dat,
954 632 993 660 sic
1006 637 1033 659 et
1057 632 1084 658 in
1108 632 1196 666 aquis,
1217 632 1268 659 etsi
1291 639 1381 667 parvae
1400 632 1533 666 quadam,
1553 640 1584 659 ac
1601 634 1673 661 inter

882 688 913 707 se
937 679 1042 707 dissita:
1062 679 1241 706 collectiones
1264 678 1409 709 exsistant,
1435 686 1488 705 una
1515 682 1605 708 tamen
1631 685 1673 708 est

882 725 1067 760 congregatio,
1086 732 1146 759 quae
1170 728 1256 751 totum
1282 724 1445 750 elementum
1468 724 1520 751 hoc
1537 732 1551 751 a
1568 727 1673 753 cwtcris

884 772 1014 806 sejungit.
1029 771 1125 799 Totius
1139 771 1211 799 enim
1228 771 1399 798 humiditatis
1411 779 1471 806 quae
1483 771 1510 798 in
1525 776 1598 798 terra
1609 772 1674 800 latet

886 818 947 845 fons
962 822 1004 845 est
1026 821 1052 845 et
1071 819 1150 853 origo
1171 818 1254 845 maris
1271 825 1352 853 aqua,
1374 826 1444 853 quae.
1469 827 1531 846 cum
1547 822 1673 847 universa

851 853 872 879 Β
885 867 958 890 terra
975 863 1131 890 cuniculosa
1144 863 1189 895 sit,
1209 870 1257 897 per
1275 867 1380 890 meatus
1396 864 1506 892 minime
1521 865 1608 892 oculis
1625 865 1674 892 ob-

886 908 944 935 vios
960 907 1119 939 eﬂunditur,
1136 912 1165 934 ut
1178 916 1209 935 ex
1227 908 1295 936 locis
1309 910 1472 943 quibusdam
1490 914 1569 938 terra:
1583 919 1676 939 caver-

885 956 961 982 nosis
977 954 1151 982 manifestum
1169 959 1289 990 apparet.
1317 955 1443 983 Fluidum
1465 965 1583 993 namque
1599 966 1674 986 mare

885 1008 932 1035 per
947 1004 1063 1035 angusta
1080 1001 1140 1027 loca
1159 1008 1318 1033 excurrens,
1334 1003 1379 1028 ubi
1396 1003 1513 1038 obliquis
1542 1009 1569 1031 et
1591 1005 1674 1032 rectis

885 1047 1006 1074 exitibus
1018 1055 1129 1075 cursum
1143 1047 1288 1081 intlererit,
1302 1049 1328 1076 vi
1343 1050 1507 1085 ilamineque
1518 1055 1672 1083 ventorum,

885 1097 964 1120 terra:
979 1093 1153 1128 superﬁciem
1169 1095 1326 1130 disrumpit,
1343 1102 1540 1131 egressumque
1560 1105 1611 1124 usu
1633 1102 1674 1124 est

885 1138 987 1166 elllcaci
1010 1140 1044 1167 ad
1066 1144 1171 1174 potum,
1190 1141 1358 1176 percolatum
1382 1142 1454 1169 enim
1470 1142 1674 1178 cribratumque

885 1184 1027 1213 dulcescit.
1041 1185 1149 1215 Rursus
1173 1189 1195 1215 si
1215 1188 1283 1215 locis
1305 1188 1416 1216 fervidis
1432 1189 1611 1224 relinquatur,
1629 1198 1675 1217 ea-

886 1231 947 1258 dem
965 1232 1071 1260 ratione
1100 1241 1115 1260 a
1131 1239 1211 1260 vento
1228 1234 1255 1261 in
1279 1235 1380 1262 exitum
1407 1235 1518 1263 ductum
1537 1236 1673 1264 fervescit.

885 1275 958 1304 Fons
975 1277 1038 1304 item
1054 1281 1097 1305 est
1110 1286 1252 1312 aquarum,
1266 1287 1326 1314 quae
1336 1288 1425 1307 aerem
1438 1285 1588 1316 occupant;
1602 1282 1675 1309 illius

885 1322 958 1350 enim
975 1330 1051 1358 aquae
1065 1331 1113 1358 per
1130 1324 1217 1352 nubes
1230 1328 1353 1352 attracta:
1369 1333 1419 1353 nec
1435 1333 1490 1353 non
1506 1334 1520 1352 a
1542 1327 1607 1354 solis
1629 1335 1675 1353 ra-
1707 1358 1711 1362 ἢ

885 1368 940 1396 diis
952 1369 1101 1404 calefacta,
1115 1378 1178 1398 mox
1188 1371 1270 1398 nubis
1282 1372 1378 1399 umbra
1394 1372 1551 1408 frigefactze,
1567 1374 1676 1400 tandem

885 1415 945 1450 ipsa
963 1417 1105 1444 altitudine
1124 1418 1194 1444 caslo
1215 1418 1345 1452 expositae
1367 1419 1539 1448 dulcescunt.
1562 1424 1676 1447 terram-

884 1469 938 1496 que
953 1463 1037 1497 guttis
1052 1467 1211 1498 aspergunt.
1227 1463 1283 1491 Hoc
1304 1464 1398 1492 eodem
1412 1465 1547 1499 diejussit
1563 1465 1632 1492 Deus
1648 1469 1676 1492 ut

886 1513 957 1534 terra
964 1508 1121 1543 germinant
1136 1509 1241 1536 herbam
1256 1511 1389 1543 virentem,
1404 1515 1428 1537 et
1442 1511 1578 1545 facientem
1589 1520 1677 1539 semen

887 1562 964 1581 suum
994 1555 1143 1591 lignumque
1163 1555 1329 1591 fructiferum
1344 1557 1443 1591 faciens
1459 1557 1584 1592 fructum,
1599 1558 1674 1592 cujus

887 1608 973 1627 semen
996 1601 1024 1628 in
1050 1603 1227 1636 semetipso“;
1249 1606 1277 1629 et
1300 1602 1334 1629 ad
1355 1603 1413 1630 hmo
1437 1608 1556 1637 tempora
1580 1612 1674 1631 eorum

887 1655 948 1682 quae
963 1647 1113 1683 gignuntur
1127 1656 1142 1676 e
1154 1652 1227 1676 terra
1242 1649 1338 1681 series,
1355 1657 1479 1684 quaenam
1495 1649 1576 1676 inierit
1589 1651 1675 1684 prima

887 1701 980 1721 rerum
1005 1694 1146 1722 distinctio
1168 1695 1302 1730 descripta
1317 1715 1323 1726 ,
1350 1696 1478 1723 declarat.
1507 1695 1675 1724 Germinatio

887 1747 1007 1775 namque
1022 1741 1143 1775 qualibet
1157 1741 1241 1768 herba
1258 1742 1405 1776 plantaque
1420 1742 1494 1777 prior
1507 1747 1559 1770 est.
1577 1742 1674 1771 Semen

887 1787 972 1818 enim,
993 1786 1039 1813 ubi
1055 1791 1128 1813 terra
1143 1787 1208 1814 illud
1223 1787 1326 1821 gremio
1345 1788 1482 1816 moderate
1498 1789 1609 1816 humido
1626 1797 1674 1816 ca-

888 1831 999 1867 lidoque
1022 1840 1148 1867 sparsum
1168 1841 1199 1859 ac
1216 1833 1359 1860 subactum
1389 1835 1510 1868 excepit,
1541 1835 1673 1868 iiiollitur,

890 1877 972 1913 {itque
986 1878 1019 1905 ad
1033 1886 1076 1905 res
1089 1878 1197 1906 abunde
1213 1880 1362 1914 gignendas
1376 1879 1503 1907 idoneum
1524 1890 1530 1907 :
1546 1881 1608 1908 lzinc
1620 1882 1676 1916 pri-

889 1932 964 1951 mum
985 1928 1084 1951 eterra
1097 1933 1157 1959 qua:
1172 1925 1266 1958 ambit,
1285 1926 1371 1961 magis
1390 1927 1441 1953 sibi
1462 1931 1559 1954 natura
1574 1935 1676 1962 cogna-

889 1975 946 1998 tum
961 1975 1042 2006 atque
1056 1970 1133 1998 aﬂ‘me
1150 1972 1272 2004 attrahit,
1289 1980 1342 2006 quo
1366 1972 1568 2008 pinguefactum
1593 1973 1674 2002 latius

889 2017 1055 2049 extenditur.
1077 2018 1114 2044 ita
1141 2021 1170 2044 ut
1196 2018 1249 2044 ima
1278 2019 1341 2046 sede
1365 2019 1502 2047 radicibus
1527 2019 1675 2055 deﬁgatur,

891 2067 1017 2098 erumpat
1045 2063 1180 2098 superiori
1203 2064 1320 2100 edatque
1345 2065 1483 2094 radicibus
1515 2074 1594 2100 pares
1624 2075 1675 2094 nu-

890 2116 966 2136 mero
992 2109 1118 2144 stipulas.
1141 2109 1269 2138 Germine
1295 2111 1322 2138 in
1344 2112 1403 2139 dies
1430 2113 1592 2146 calescente,
1625 2113 1676 2140 hu-

890 2162 950 2182 mor
983 2163 1031 2190 per
1060 2155 1167 2183 radices
1191 2156 1344 2189 adductus,
1373 2166 1426 2184 una
1459 2166 1550 2186 secum
1588 2159 1676 2186 medio

41 2205 106 2235 τοὺς
123 2202 269 2237 καλάμους
283 2200 490 2236 προϐάλλεσθαι.
506 2199 680 2235 Θαλπομὲνου
694 2199 721 2225 δὲ
736 2199 778 2225 ἀεὶ
790 2198 827 2224 to?

893 2202 983 2229 calore
999 2210 1014 2229 e
1039 2197 1123 2230 terra'
1138 2203 1225 2230 defert
1253 2204 1429 2235 alimentum,
1448 2205 1519 2239 quod
1542 2206 1569 2232 in
1594 2206 1678 2240 stipu-

43 2250 148 2286 βλαστή
154 2257 254 2284 ματος,
272 2247 406 2283 συρομένη
425 2246 467 2273 διὰ
485 2246 538 2273 τῶν
557 2246 637 2282 ῥιζῶν
655 2248 671 2281 ἡ
689 2246 770 2277 νοτὶς,
786 2244 838 2271 ὑπὸ

41 2298 93 2332 τῆς
106 2296 218 2331 θέρμης
238 2294 419 2327 συνεπάγεται
441 2293 491 2328 τῆς
511 2293 563 2327 γῆς
576 2293 606 2318 τὸ
629 2292 777 2327 τρόφιμον·
792 2291 839 2318 καὶ

42 2341 263 2377 καταμερίζεται
275 2339 353 2366 τοῦτο
367 2340 407 2370 είς
419 2338 555 2372 καλάμην,
564 2338 610 2363 καὶ
622 2337 776 2371 φλοιὸν,καὶ
789 2336 839 2368 τὰς

42 2388 133 2424 θήκας
149 2386 198 2413 τοῦ
223 2386 305 2417 σίτου,
325 2385 372 2412 καὶ
393 2385 433 2415 εἰς
446 2384 527 2410 αὐτὸν
541 2383 586 2410 τὸν
608 2384 680 2409 σῖτον
690 2402 697 2413 ,
715 2383 762 2409 καὶ
778 2383 840 2413 τοὺς

41 2434 209 2469 ἀνθέρικας.
227 2433 259 2458 Ἡ
279 2432 307 2458 δὲ
329 2431 439 2466 καλάμη
455 2430 502 2457 τοῦ
525 2429 598 2466 σίτου
622 2429 757 2460 κονδύλοις
783 2429 839 2455 δια-

43 2480 202 2512 ζώννυται,
221 2478 253 2505 ἶν’
267 2478 304 2510 ὡς
328 2476 470 2512 σύνδεσμοι
491 2484 562 2507 τινες
584 2475 638 2502 τῶν
663 2475 786 2510 σταχύων
810 2475 841 2501 τὺ

43 2526 131 2561 βάρος
154 2525 284 2560 φέρωσιν.
309 2524 388 2550 Ἔστι
407 2523 435 2549 δὲ
456 2522 503 2549 καὶ
524 2523 541 2557 ἡ
566 2521 676 2557 καλάμη
698 2521 819 2552 διάκενος
832 2539 839 2551 ,

41 2574 121 2603 ὅπως
134 2572 207 2607 θήκη
219 2570 264 2597 τοῦ
277 2571 375 2597 κόκκου
384 2569 507 2605 γένηται,
520 2569 588 2604 πρὸς
601 2568 632 2595 τὺ
643 2567 680 2603 μὴ
691 2568 746 2599 τοῖς
761 2575 842 2602 σπερ-

44 2619 178 2654 μολόγοις
197 2618 329 2653 ὑπάρχειν
343 2616 550 2651 εὐδιάρπαστον.
567 2615 635 2646 Τοὺς
651 2614 679 2640 δὲ
695 2613 841 2649 ἀνθέρικας

42 2666 107 2692 ἀντὶ
124 2664 228 2691 ἀκίδων
247 2662 440 2699 προῦέὸληται,
453 2662 497 2688 ἵνα
510 2661 563 2688 τῶν
580 2660 685 2696 μικρῶν
702 2659 778 2692 ζώων
792 2660 841 2691 τὰς

43 2709 155 2745 βλάΰας
171 2710 310 2745 εἴργωσιν.
332 2709 361 2735 '0
375 2708 402 2734 δὲ
425 2707 525 2742 βρόμος
541 2707 574 2733 δι’
589 2706 650 2733 ὅλου
664 2706 740 2737 κενὸς
761 2705 842 2732 καθέ-

44 2763 170 2792 στηκεν,
197 2754 291 2789 ἐπειδὴ
313 2754 362 2789 τὴν
377 2752 497 2789 κεφαλὴν
522 2753 552 2779 οὐ
571 2752 724 2788 βαρύνεται.
743 2752 798 2779 Καὶ
817 2753 842 2778 εί

81 2848 94 2864 ⁹
108 2846 177 2875 Gen.
198 2855 218 2877 ι.
236 2847 281 2873 Η.

215 2905 351 2935 ΡΑτιιοι.
368 2904 426 2935 Gn.
444 2903 558 2936 XVIII.

891 2248 961 2279 lam,
992 2247 1122 2275 corticem
1147 2248 1290 2279 frumenti,
1314 2249 1431 2279 thecam.
1451 2250 1539 2284 ipsum
1556 2250 1678 2277 frumen-

891 2298 948 2321 tum
987 2299 1067 2328 atque
1103 2295 1203 2322 aristas
1239 2295 1366 2330 partitur.
1408 2295 1549 2323 Frumenti
1578 2297 1677 2331 stipula

890 2339 970 2367 nodis
1001 2341 1141 2375 cingitur,
1176 2345 1206 2367 ut
1241 2341 1323 2368 veluti
1362 2349 1506 2377 compages
1537 2343 1677 2377 spicarum

892 2384 999 2420 pondus
1014 2386 1178 2414 sustineant.
1200 2385 1334 2413 Praeterea
1351 2390 1377 2413 et
1395 2387 1452 2421 ipsa
1469 2388 1570 2422 stipula
1590 2395 1676 2415 vacua

891 2434 944 2463 est,
956 2434 986 2458 ut
1001 2439 1116 2466 granum
1133 2433 1334 2466 receptaculum
1350 2433 1459 2464 habeat,
1474 2441 1507 2460 ne
1527 2433 1674 2470 frugilegov

891 2487 952 2506 rum
964 2479 1061 2513 praedae
1071 2478 1150 2505 facile
1166 2479 1201 2505 sit
1208 2479 1371 2513 expositum.
1386 2483 1413 2506 ct
1427 2483 1521 2506 contra
1539 2481 1676 2508 minorum

892 2525 1049 2552 animalium
1073 2532 1183 2552 morsus
1197 2525 1319 2551 munitur
1332 2533 1380 2559 pro
1399 2525 1512 2559 spiculis
1529 2526 1600 2553 vallo
1623 2527 1676 2553 ari-

891 2577 1005 2600 starum.
1023 2571 1124 2600 Verum
1140 2579 1226 2599 avena
1239 2576 1295 2598 tota
1308 2572 1397 2599 inanis
1408 2572 1541 2604 cernitur,
1557 2580 1617 2600 cum
1631 2582 1678 2601 ea-

892 2619 946 2654 pite
962 2626 1016 2645 non
1033 2623 1184 2652 gravescat.
1202 2617 1234 2644 Et
1245 2619 1268 2645 si
1279 2625 1341 2645 cum
1370 2619 1519 2646 esculentis
1534 2619 1615 2646 simul
1630 2627 1678 2646 ve-

893 2672 963 2691 nena
977 2667 1040 2690 nata
1055 2665 1251 2698 comperimus,
1268 2665 1348 2699 quale
1359 2669 1402 2692 est
1415 2669 1564 2696 veratrum,
1580 2667 1674 2692 aconi-

893 2714 960 2742 tum,
984 2710 1191 2745 mandragoras,
1209 2714 1236 2738 et
1267 2718 1367 2738 succus
1396 2712 1549 2746 papaveris,
1571 2711 1675 2739 nullum

891 2759 982 2783 tamen
997 2756 1094 2783 borum
1110 2763 1341 2791 supervacaneum
1362 2761 1414 2791 est,
1438 2757 1485 2785 sed
1502 2766 1579 2785 suum
1597 2766 1675 2786 usum

1501 2902 1538 2932 23
