1909 3071
262 81 315 108 715

695 81 724 108 S.
746 81 965 110 EUSTATHIUS
984 81 1227 112 ANTIOCHENUS
1247 85 1442 114 EPISCOPUS.
1825 92 1868 122 7η

261 140 351 167 habet.
383 138 478 165 Cicuta
510 145 627 173 namque
653 142 806 174 pascuntur
819 140 906 167 sturni
931 143 1030 175 propte‘

1094 140 1290 176 συνεΰλάστησε
1299 144 1355 174 τοῖς
1371 142 1513 178 τροφίμοις
1522 143 1556 170 τὰ
1566 143 1726 181 δηλητήρια,
1740 143 1797 173 οἷον
1807 148 1869 176 ἔλλι-

260 184 385 220 corporis
411 183 654 216 constitutionem;
679 185 779 212 etenim
803 192 865 211 cum
884 187 938 212 sint
968 185 1042 219 poris

259 233 331 260 circa
343 239 390 259 cor
405 230 538 266 angustis,
556 230 606 257 hac
620 231 726 258 ratione
747 238 804 258 rem
823 231 978 266 absorptam
995 239 1043 258 cx-

257 281 384 305 cernunt.
399 276 514 304 Veratro
529 276 686 304 coturnices
696 280 845 304 vescuntur
855 298 862 310 ,
877 278 1042 312 propriaque

256 324 379 359 corporis
391 322 595 357 temperatione,
611 322 685 349 nullo
693 321 847 349 afﬁciuntur
857 323 1040 355 incommodo.

256 369 354 397 Medici
369 368 549 403 mandragora
562 376 686 395 somnum
707 368 863 400 conciliant,
889 369 952 403 opio
966 377 1041 397 sum-

256 423 316 444 mos
332 415 440 442 dolores
453 415 574 450 sopiunt,
592 415 682 441 cicuta
695 415 828 442 immanes
844 415 941 442 sedant
955 423 1040 450 appe-

258 462 334 492 titus,
347 465 374 488 et
389 465 479 487 tamen
506 467 614 487 veratro
638 459 803 488 inVeteratos
828 460 941 488 allectus
966 462 1041 487 miti-

209 519 215 527 ι
256 511 330 543 gant.
349 505 382 532 Et
399 506 497 541 lignum
522 505 687 539 fructifera";
716 505 816 539 faciens
846 505 960 540 fructum
976 507 1043 538 ",et

256 560 311 579 uno
322 551 451 586 temporis
475 555 587 585 puncto,
603 558 664 585 quae
692 551 768 586 prius
793 551 904 579 minime
917 556 1005 582 erant,
1024 560 1040 579 e

257 603 329 625 terra
342 601 405 625 nata
416 601 489 630 sunt,
505 597 563 624 suis
577 604 692 631 qumque
705 597 918 632 proprietatibus
936 601 963 624 et
985 597 1040 624 l'or-

256 644 319 675 mis,
335 643 434 678 quibus
455 642 533 678 quasi
558 642 730 670 naturalibus
756 643 828 671 notis
843 651 857 670 a
872 644 954 670 rebus
976 644 1039 671 reli-

255 689 318 724 quis
330 693 434 716 seereta
451 688 659 723 dignoscuntur.
676 688 752 715 Oliva
777 693 805 716 ct
831 689 930 723 palma,
942 692 969 716 ct
988 697 1038 716 cu-

255 742 378 769 pressus.
395 734 421 761 in
435 734 518 760 altum
540 734 738 769 provehuntur,
759 738 787 761 et
808 734 904 762 harum
921 735 963 762 ha:
977 736 1038 770 qui-

254 782 316 810 dem
330 789 380 809 nec
395 781 487 808 multis
503 782 588 808 ramis
601 788 652 808 nec
664 780 753 812 nodis,
770 785 799 808 ut
815 781 906 813 abies,
924 790 1037 817 cupres-

1094 185 1182 221 6ορος,
1198 188 1244 213 καὶ
1260 189 1393 220 ἀκόνιτον,
1410 189 1456 215 καὶ
1475 190 1673 226 μανδραγόρας,
1696 192 1745 219 καὶ
1760 193 1809 228 τῆς
1828 197 1870 230 μή.

1093 240 1178 264 κωνος
1191 234 1204 259 ὁ
1216 233 1290 266 ὀπὸς,
1307 235 1382 261 οὐδὲν
1395 235 1498 261 τούτων
1517 236 1557 267 εἰς
1569 236 1666 272 χρῆσιν
1681 237 1768 274 ἀργὸν
1782 242 1871 275 παρεξ-

1092 276 1203 312 ληπται.
1218 279 1254 305 Τὸ
1272 280 1320 314 μὲν
1341 279 1437 308 κώνιον
1461 282 1486 307 οἱ
1500 281 1585 317 ψᾶρες
1598 282 1743 317 βόσκονται
1765 285 1810 312 διὰ
1831 287 1871 321 τὴν

1093 323 1262 359 κατασκευὴν
1278 324 1324 351 τοῦ
1343 325 1481 360 σώματος·
1498 326 1612 359 λεπτοὺς
1623 328 1676 364 γὰρ
1695 329 1806 365 ἔχοντες
1817 332 1872 364 τοὺς

1091 369 1138 395 ἐπὶ
1156 369 1204 404 τὴν
1225 370 1337 405 καρδίαν
1360 372 1478 406 πόρους,
1497 373 1656 409 ἀποπέμψαι
1672 375 1703 401 τὸ
1725 377 1871 404 καταποθὲν

1092 414 1238 447 φθάνουσι·
1255 416 1298 442 τὸν
1314 416 1342 442 δὲ
1364 417 1501 453 ἐλλέϐορον
1525 419 1657 446 ἐσθίουσιν
1677 421 1808 456 ὄρτυγες,
1832 424 1871 449 καὶ

1090 459 1139 494 οὐχ
1154 459 1312 494 ὑφίστανται
1336 462 1446 498 βλάϐην,
1466 464 1581 499 ἰδιότητα
1607 466 1733 500 κράσεως
1760 467 1870 502 ἔχοντες.

1090 505 1139 532 Διὰ
1155 505 1182 532 δὲ
1196 506 1243 532 τοῦ
1263 508 1450 543 μανδραγόρου
1472 508 1553 536 ὕπνον
1570 512 1654 547 ἰατροὶ
1676 514 1866 547 κατεπάγουσι,

1090 551 1136 577 καὶ
1149 551 1187 586 τῷ
1199 551 1268 587 ὀπίῳ
1279 553 1327 584 τὰς
1346 554 1459 589 σφοδρὰς
1472 555 1567 588 ὀδύνας
1579 558 1813 591 κατακοιμίζουσι.
1828 560 1866 594 Τῷ

1089 595 1117 622 δὲ
1130 597 1220 631 κωνίιρ
1232 598 1281 629 τὰς
1293 598 1436 630 λυσσώδεις
1449 600 1551 635 ὀρέξεις
1565 604 1812 638 καταμαραίνουσι,
1827 607 1867 631 καὶ

1089 642 1128 677 τῷ
1149 643 1283 680 ἐλλεϐόρῳ
1304 644 1338 671 τὰ
1360 645 1454 680 χρόνια
1473 646 1546 682 πάθη
1568 649 1800 684 καταπραΰνουσι.
1822 652 1868 678 Καὶ

1089 687 1185 719 ξύλον
1199 689 1347 725 κάρπιμον
1370 691 1477 718 ποιοῦν
1501 694 1625 726 καρπόν.
1650 695 1707 721 Καὶ
1733 696 1823 722 πάντα
1847 698 1870 722 ὲν

1091 734 1139 769 μιᾷ
1155 735 1252 770 καιροῦ
1270 737 1339 771 ῥοπῇ
1355 737 1456 772 ἀνεφύη
1472 738 1503 763 ὲκ
1514 738 1565 772 τῆς
1581 739 1642 774 γῆς,
1660 741 1711 767 οὐκ
1729 741 1794 768 ὂντα
1810 743 1871 777 πρό-

1088 788 1176 816 τερον,
1196 782 1264 816 μετὰ
1277 782 1328 817 τῆς
1344 783 1445 815 οἰκείας
1464 784 1575 812 ἕκαστον
1594 786 1735 822 ἰδιότητος,
1753 789 1801 814 καὶ
1820 789 1870 822 ἰδίῳ

254 836 313 862 sus,
324 833 350 855 et
364 827 526 863 quandoque
536 827 624 862 palma
639 827 849 861 constipantur;
864 828 916 855 illa:
932 836 1030 863 semper

1089 827 1241 862 χαρακτῆρι
1257 827 1370 854 ἕκαστον
1385 829 1592 864 γνωριζόμενοι).
1609 831 1640 857 Ἦ
1723 833 1813 864 ἐλαία,
1830 820 1869 861 καὶ

253 874 393 902 virescunt
411 873 512 904 :oliva,
544 873 652 907 palma,
685 873 790 906 laurus,
815 877 932 908 myrtus,
949 875 1035 909 picea,

253 928 410 956 cupressus,
426 920 511 951 abies,
525 919 680 954 juniperus,
697 919 806 955 tliya,et
817 928 899 954 quam
918 921 1035 949 Arcades

252 967 400 1004 phillodrin
413 966 560 1002 appellant.
577 965 625 993 His
637 965 706 992 adde
718 966 880 995 oleastrum.
908 966 1032 999 cedrum,

251 1013 356 1048 pinum,
373 1013 486 1043 buxum,
508 1012 608 1043 ilicem,
631 1019 749 1044 aracem,
773 1012 947 1039 ciccrculam.
963 1012 1034 1040 Rosa

251 1061 310 1088 sine
321 1059 408 1094 spinis
434 1063 500 1086 tunc
525 1062 584 1086 orta
598 1063 650 1090 est,
668 1066 729 1093 quae
751 1058 859 1086 tandem
872 1057 947 1086 ﬂoris
976 1059 1035 1093 pul-

250 1105 398 1134 chritudini
425 1109 489 1132 sunt
518 1104 641 1139 adjectae,
658 1107 688 1131 ut
708 1104 836 1139 jucundis
850 1112 934 1139 prope
951 1104 1034 1132 situm

249 1160 394 1180 mcerorem
407 1159 467 1179 esse
493 1155 646 1183 cernentes,
667 1150 771 1185 peccati
790 1157 844 1176 non
861 1150 1034 1178 obliviscere-

249 1206 320 1230 mur,
336 1198 415 1233 cujus
432 1205 514 1224 causa
540 1197 633 1231 spinas
652 1200 679 1223 et
700 1195 814 1223 tribulos
842 1196 921 1223 nobis
933 1200 1033 1223 terram

248 1243 342 1270 ell‘erre
375 1242 526 1277 judicatum
560 1245 612 1269 est.
653 1241 745 1268 Floret
784 1242 872 1276 prima
910 1243 1032 1269 omnium

248 1288 400 1324 amygdala,
429 1293 620 1322 postremaque
645 1294 755 1321 pomum
787 1291 917 1318 maturat.
947 1287 1032 1322 ﬁtque

248 1334 335 1362 dulcis
357 1341 391 1360 ex
408 1340 511 1366 amara,
539 1334 593 1360 ima
623 1336 701 1368 parte
723 1333 814 1368 stipite
838 1333 1032 1362 circumforato

247 1387 388 1414 cuneoque
410 1387 444 1407 ex
470 1380 546 1414 picea
563 1380 661 1406 arbore
677 1379 775 1407 idoneo
790 1380 818 1406 in
836 1380 958 1408 internas
974 1388 1032 1414 par-

246 1430 287 1454 tes
300 1426 396 1453 adacto
421 1433 507 1460 usque
526 1425 560 1452 ad
588 1426 756 1458 medullam;
774 1426 811 1452 ita
836 1426 908 1453 enim
933 1434 1031 1454 succos

1088 872 1183 906 φοῖνιξ,
1203 873 1250 899 καὶ
1266 873 1428 908 κυπάριττος
1442 875 1481 906 εἰς
1498 874 1563 909 ὕψος
1581 876 1717 909 αὔξονται.
1736 879 1793 905 Καὶ
1813 881 1868 906 τοὺ-

1086 925 1139 943 των
1155 917 1189 943 τὰ
1206 918 1254 953 μέν
1273 919 1345 945 ἐστιν
1364 920 1393 945 οὒ
1416 919 1540 952 πολύοζα,
1555 922 1614 948 οὐδὲ
1634 923 1802 956 πολύκλαδα,
1821 923 1870 952 οἷον

1086 962 1182 998 ἐλάτη,
1206 964 1252 990 καὶ
1274 966 1290 1000 ἡ
1310 966 1493 1001 κυπάριττος,
1517 966 1572 993 ἐσθ’
1597 968 1640 994 ὅτε
1656 969 1683 995 δὲ
1707 971 1753 996 καὶ
1776 972 1867 1004 φοῖνιξ.

1092 1009 1233 1043 Ἀείφυλλα
1249 1011 1278 1037 δέ
1297 1012 1369 1038 ἐστιν
1393 1012 1480 1044 ἐλαία,
1503 1013 1600 1048 φοῖνιξ,
1617 1015 1664 1041 καὶ
1684 1016 1784 1052 δάφνη,
1805 1019 1868 1054 μυρ-

1085 1055 1156 1090 ῥίνη,
1174 1057 1272 1092 πεύκη,
1285 1058 1459 1094 κυπάριττος,
1475 1059 1566 1094 ἐλάτη,
1579 1061 1718 1096 ἄρκευθος,
1734 1063 1810 1096 θυία,
1831 1066 1870 1091 καὶ

1083 1101 1117 1136 ἣν
1136 1101 1264 1137 Ἀρκάδες
1282 1103 1405 1138 φιλόδρυν
1423 1104 1562 1138 λέγουσιν’
1582 1105 1621 1132 ἔτι
1645 1106 1752 1140 φύλεος,
1766 1109 1868 1144 κέδρος,

1084 1147 1173 1179 πίτυς,
1192 1148 1284 1181 πύξος,
1303 1151 1414 1185 πρῖνος,
1435 1151 1535 1185 ἀράκη,
1553 1150 1678 1187 λάθυρος.
1694 1154 1731 1179 Τὸ
1747 1153 1776 1179 δὲ
1799 1155 1870 1190 ῥόδον

1083 1192 1145 1218 ἄνευ
1166 1193 1214 1228 τῆς
1230 1194 1349 1230 ἀκάνθης
1370 1197 1429 1223 τότε
1447 1198 1628 1235 ἐϐλάστησεν·
1644 1201 1757 1237 ὕστερον
1784 1202 1813 1228 δὲ
1837 1203 1869 1237 τῷ

1083 1239 1175 1265 κάλλει
1190 1239 1235 1266 τοῦ
1260 1241 1356 1274 ἄνθους
1379 1245 1580 1282 παρεζεύχθηὴ
1599 1246 1718 1273 ἄκανθα·
1736 1249 1814 1280 ὅπως
1835 1249 1869 1283 τῷ

1082 1285 1188 1320 τερπνῷ
1215 1288 1420 1325 παρακειμένην
1440 1290 1488 1326 τὴν
1516 1292 1602 1327 λύπην
1626 1293 1733 1328 ἔχοντες
1764 1303 1855 1329 μνημο

1083 1329 1202 1366 νεύωμεν
1217 1331 1267 1366 τῆς
1283 1333 1428 1369 ἁμαρτίας,
1440 1335 1472 1362 δι’
1492 1336 1524 1372 ἣν
1538 1338 1657 1370 ἀκάνθας
1670 1340 1716 1366 καὶ
1730 1340 1869 1375 τριεόλωιτ

1082 1376 1146 1411 ἡμῖν
1163 1377 1179 1412 ἡ
1197 1377 1231 1413 γῆ
1247 1379 1398 1406 ἀνατέλλειν
1417 1382 1608 1418 κατεδικάσθη.
1628 1384 1659 1410 Ἡ
1675 1384 1703 1411 δὲ
1724 1386 1867 1421 ἀμυγδαλῆ

1081 1423 1175 1457 πρώτη
1186 1425 1235 1459 μὲν
1245 1426 1396 1460 βλαστάνει,
1412 1429 1511 1464 ύστέρα
1525 1429 1553 1456 δὲ
1567 1430 1676 1466 ἐκφέρει
1691 1431 1736 1458 τὸν
1750 1433 1866 1468 καρπὸν.

246 1473 357 1501 minime
371 1473 502 1500 amabiles
523 1472 550 1498 in
577 1472 671 1500 dulces
689 1472 804 1506 ciboque
830 1471 942 1500 idoneos
957 1480 1029 1500 com-

1087 1469 1117 1496 Ἦ
1131 1470 1158 1497 δὲ
1173 1472 1258 1507 πικρὰ
1270 1473 1412 1508 ἀμυγδαλῆ
1425 1475 1594 1509 τυγχάνουσα
1606 1476 1635 1502 τὸ
1647 1475 1716 1512 πρὸς
1728 1478 1778 1513 τὴν
1794 1479 1866 1513 ῥίζαν

245 1525 340 1548 mutat.
356 1519 412 1547 Hoc
424 1519 494 1546 idem
510 1519 629 1546 salutare
647 1522 698 1550 est,
715 1521 741 1545 et
757 1518 827 1545 malo
844 1518 943 1553 punico
957 1519 1029 1547 acris

245 1569 330 1601 succi,
347 1568 392 1595 ubi
417 1575 533 1602 namque
556 1567 662 1602 excepit
675 1574 791 1594 cuneum
802 1588 809 1599 ,
829 1567 908 1594 dulce
924 1567 1026 1595 evadit.

245 1612 336 1640 Palma
352 1612 450 1640 femina
470 1615 548 1639 nutat
565 1611 592 1638 in
610 1619 713 1638 marem
738 1619 833 1646 prona,
859 1613 937 1646 quasi
955 1612 1029 1640 illius

244 1659 402 1693 complexus
430 1658 727 1688 desiderioteneretur.
754 1661 781 1684 et
806 1658 932 1692 agricola:
944 1658 1028 1686 maris

244 1705 349 1733 fructus
363 1704 446 1732 ramis
460 1704 532 1731 illius
550 1704 684 1734 inserunt,
713 1703 808 1738 sicque
825 1704 969 1738 pristinam
989 1704 1028 1730 illi

243 1756 400 1786 rectamque
426 1750 540 1778 formam
567 1750 724 1778 restituunt.
752 1749 819 1777 lllori
841 1750 917 1777 tarde
932 1751 1029 1785 germi-

243 1803 320 1831 nant,
339 1802 428 1826 tamen
442 1798 467 1824 in
485 1797 574 1824 fructu
595 1797 707 1824 ferendo
734 1804 788 1823 non
817 1801 881 1824 sunt
902 1797 962 1823 aliis
978 1803 1027 1830 po-

243 1847 382 1874 steriores.
399 1845 485 1876 Oliva,
501 1844 568 1875 tilia,
602 1843 729 1878 populus,
758 1843 847 1870 ulmus
869 1846 931 1877 post
954 1843 1027 1869 aesti-

243 1901 305 1920 vum
329 1891 476 1920 solstitium
506 1890 570 1917 folia
598 1889 693 1924 supina
725 1887 880 1921 deﬂectunt,
909 1892 1027 1923 suntque

243 1939 369 1966 omnibus
377 1940 536 1972 argumento
551 1936 696 1963 solstitium
707 1936 831 1962 azstivum
848 1934 1024 1970 praeteriisse.

243 1983 324 2010 Ficus
339 1982 481 2010 domestici
498 1981 612 2013 fructus,
629 1989 663 2008 ne
682 1980 818 2011 decidant,
832 1980 883 2006 hoc
896 1983 1027 2014 praestant

243 2029 386 2065 agricolae:
405 2036 514 2061 grossos
526 2035 558 2055 ex
573 2027 700 2062 caprifico
716 2027 858 2061 decerptos
867 2030 893 2053 et
909 2026 980 2053 inter
996 2033 1026 2052 se

242 2075 383 2109 colligatos
400 2074 451 2101 lico
462 2073 595 2108 injicinnt.
611 2072 716 2099 Animal
728 2072 800 2100 enim
808 2071 915 2107 quodin
928 2079 1024 2105 grosso

241 2126 283 2149 est
294 2120 506 2148 minutissimum
518 2119 600 2146 fundo
613 2119 653 2146 lici
667 2118 810 2146 domestici
824 2119 956 2149 insidens,
976 2125 1024 2144 au-

241 2175 298 2194 ram
315 2174 374 2202 qnaa
396 2165 561 2193 circumfusa
591 2165 676 2199 spirat
702 2163 825 2199 impedit.
858 2170 893 2190 ne
922 2162 1022 2189 fructui
1038 2173 1060 2200 ι)

240 2212 369 2239 molestiae
383 2212 428 2242 sit,
441 2212 560 2246 licusque
573 2216 716 2245 antequam
739 2212 914 2240 maturescat,
929 2208 1019 2240 cadat,

239 2262 266 2286 et
280 2266 340 2285 cum
356 2258 401 2285 hic
415 2257 520 2285 fructus
535 2257 624 2285 mollis
635 2257 681 2288 sit,
698 2255 881 2284 crassitudine
895 2254 1020 2281 foliorum

238 2302 380 2336 operitur;
398 2302 443 2328 ubi
470 2302 548 2328 uncis
571 2301 674 2328 solidus
701 2299 887 2327 lcvifoliornm
904 2299 1022 2334 tegmine

239 2347 352 2375 velatur.
380 2346 434 2374 Nec
460 2348 511 2374 alia
538 2353 620 2373 causa
640 2345 732 2372 folium
750 2345 814 2372 vitis
834 2345 951 2372 scissum
967 2347 1020 2376 est,

238 2394 290 2421 nisi
309 2398 337 2420 nt
354 2393 387 2420 ab
402 2393 472 2420 aeris
499 2391 678 2419 incommodis
703 2398 756 2417 uva
773 2398 803 2418 se
821 2390 956 2422 defendat,
975 2398 1022 2418 so-

239 2439 326 2474 lisque
336 2439 426 2467 radios
438 2439 549 2465 raritate
559 2437 688 2472 excipiat.
701 2436 747 2464 Sic
758 2437 826 2464 nihil
836 2441 878 2464 est
897 2437 923 2463 in
938 2437 1020 2464 rebus

240 2485 330 2517 inane,
351 2485 398 2512 scd
413 2485 504 2511 omnia
520 2483 591 2512 Deus
608 2484 751 2519 sapientia,
768 2490 849 2518 quam
876 2482 951 2510 cllari
965 2490 1019 2510 non

239 2536 394 2564 possumus,
417 2529 568 2556 exornavit.
587 2528 645 2556 Una
673 2528 773 2563 quippe
794 2535 874 2563 aqua,
893 2535 953 2562 quae
973 2536 1020 2563 per

239 2574 344 2601 radices
354 2574 443 2600 delata
461 2573 617 2605 attrahitur,
635 2573 689 2600 alio
706 2573 787 2600 modo
813 2577 940 2600 truncum
953 2573 1018 2605 alit,

239 2619 291 2646 alio
306 2620 460 2651 medullam,
475 2620 528 2646 alio
543 2620 684 2651 corticem,
701 2619 754 2646 alio
768 2619 881 2654 lignum,
902 2619 955 2646 alio
975 2627 1019 2646 ra-

238 2665 313 2692 dices
339 2666 431 2699 ipsas;
447 2670 474 2692 et
505 2673 536 2693 cx
555 2665 650 2693 eodem
667 2665 780 2693 humore
801 2665 828 2692 in
846 2665 897 2692 vite
909 2664 1018 2699 quidem

239 2711 330 2737 vinum
343 2712 496 2744 coniicitur,
512 2711 539 2738 in
550 2712 620 2738 oliva
636 2712 742 2744 oleum,
758 2715 785 2739 et
804 2711 832 2738 in
856 2711 909 2738 alio
923 2710 1018 2744 aliud;

278 2812 300 2827 "
319 2811 385 2838 Gen.
401 2819 420 2842 ι,
434 2812 476 2838 Η.

1083 1517 1206 1553 στέλεχος
1221 1519 1404 1554 διατρηθεῖσα,
1424 1522 1512 1556 σφῆνα
1526 1522 1553 1548 δὲ
1569 1523 1674 1558 πεύκης
1689 1524 1807 1561 λιπαρὸν
1823 1526 1866 1560 τῆς

1080 1563 1243 1599 ὲντεριὼνης
1268 1566 1353 1600 μέσης
1377 1567 1505 1595 ὲλαθέντα
1528 1568 1659 1605 δεξαμένη
1672 1590 1680 1601 ,
1697 1571 1760 1602 τοὺς
1778 1572 1867 1607 ἀηδεῖς

1080 1612 1183 1645 χυμοὺς
1211 1613 1250 1643 εἰς
1275 1613 1430 1650 γλυκύτητα
1453 1615 1612 1650 μεταϐάλλει
1642 1617 1786 1652 ἐδώδιμον.
1815 1619 1866 1653 Tir}:

1079 1656 1162 1691 αὐτὴν
1175 1657 1203 1683 δὲ
1216 1657 1361 1693 θεραπείαν
1376 1661 1422 1686 καὶ
1438 1661 1453 1695 ἡ
1466 1660 1544 1696 ὀξύνη
1560 1662 1619 1696 ῥοιὰ
1641 1662 1789 1700 δεξαμένη,
1809 1665 1866 1700 τρέ-

1079 1711 1158 1729 πεται
1179 1704 1219 1734 εἰς
1242 1704 1404 1740 γλυκύτητα.
1429 1707 1461 1733 ἸΙ
1483 1707 1511 1733 δὲ
1530 1708 1622 1742 θήλεια
1646 1708 1734 1742 φοῖνιξ
1756 1710 1866 1745 καθὶηῖι

1078 1747 1140 1778 τοὺς
1166 1747 1279 1780 κλάδους
1301 1750 1379 1776 οἱονεὶ
1404 1751 1452 1787 τῆς
1483 1752 1639 1788 συμπλοκῆς
1663 1754 1795 1790 ἐφιεμένῃ
1822 1755 1865 1781 τοῦ

1078 1791 1204 1827 ἄρρενος·
1225 1794 1272 1819 καὶ
1293 1796 1316 1820 οἱ
1331 1796 1465 1831 γεωργοὶ,
1483 1797 1546 1828 τοὺς
1569 1797 1656 1832 ψῆνας
1680 1797 1729 1824 τοῦ
1754 1800 1868 1835 ἄρρενες

1077 1839 1132 1869 τοῖς
1149 1839 1255 1870 κλάδοις
1271 1841 1448 1875 ὲμῆάλλοντες
1465 1843 1560 1878 αὐτῆς,
1578 1844 1646 1878 πρὸς
1658 1845 1689 1870 τὸ
1705 1845 1807 1872 οἰκεῖον
1821 1846 1867 1879 τῆς

1076 1883 1220 1920 ὀρθότητος
1232 1886 1323 1921 σχῆμα
1338 1887 1499 1914 καθιστῶσιν
1519 1889 1610 1924 αὐτὴν.
1630 1889 1701 1916 Ἡδὲ
1717 1890 1867 1925 armatum;

1076 1929 1124 1963 ὀψὲ
1140 1930 1188 1964 μὲν
1208 1928 1360 1965 βλαστάνει,
1381 1933 1430 1959 οὐκ
1457 1934 1564 1968 ὑστερεῖ
1587 1934 1614 1960 δὲ
1632 1934 1686 1961 τῶν
1712 1935 1802 1962 ἄλλων
1826 1936 1866 1965 εἰς

1076 1976 1268 2010 καρπογονίαν.
1283 1977 1313 2003 'H
1325 1977 1352 2003 δὲ
1363 1978 1449 2010 ἐλαία,
1462 1979 1508 2005 καὶ
1522 1980 1537 2014 ἠ
1554 1979 1664 2014 φιλύρα,
1676 1980 1724 2006 καὶ
1738 1981 1755 2014 ὴ
1769 1979 1866 2013 λεύκῃ,

1076 2022 1123 2048 καὶ
1135 2022 1233 2048 πτελέαι
1246 2023 1389 2058 στρέφουσι
1407 2023 1475 2059 μετὰ
1490 2025 1593 2060 τροπὰς
1607 2025 1718 2061 θερινὰς
1729 2025 1764 2052 τὰ
1779 2026 1865 2060 φύλλα

1076 2068 1174 2094 ὕπτια·
1190 2069 1236 2095 καὶ
1252 2070 1280 2095 ὲν
1294 2069 1379 2105 τούτῳ
1394 2070 1491 2102 πάντες
1506 2070 1693 2105 γνωρίζουσιν,
1709 2071 1750 2097 δτι
1766 2073 1866 2107 τροπαὶ

1075 2115 1179 2150 θεριναὶ
1197 2116 1364 2151 γεγένηνται.
1384 2117 1438 2151 Τῆς
1457 2116 1486 2143 δὲ
1501 2117 1604 2153 ἡμέρου
1626 2117 1713 2152 συκῆς
1728 2117 1776 2144 τὸν
1798 2127 1866 2153 καρ-

1075 2160 1125 2187 πὸν
1149 2162 1297 2197 ἅρῤευστον
1313 2163 1337 2188 οἱ
1355 2163 1467 2197 γηπόνοι
1488 2162 1558 2189 οὕτω
1583 2162 1783 2197 φυλάττουσιν-
1801 2165 1865 2195 τοὶ-ς

1074 2206 1198 2238 ὀλύνθους
1214 2208 1263 2243 τῆς
1274 2208 1371 2244 ἀγρίας
1385 2210 1468 2244 συκῆς
1482 2208 1650 2241 ἐκδύσαντες,
1664 2210 1791 2236 ἄπτωτον
1804 2210 1866 2236 δια-

1076 2253 1164 2288 μένειν
1187 2255 1432 2290 παρασκευάζουσι.
1457 2255 1493 2282 Τὸ
1515 2255 1569 2291 γὰρ
1590 2254 1662 2281 ἔνδον
1685 2255 1733 2282 τοῦ
1750 2255 1864 2281 ὀλύνθου

1074 2300 1195 2335 ὑπάρχον
1219 2301 1290 2333 ζῶον
1315 2302 1475 2336 μικρότατον
1489 2301 1527 2336 τῷ
1553 2301 1669 2336 πυθμένι
1687 2301 1735 2328 τοῦ

1075 2347 1202 2382 προσίζον
1230 2347 1310 2374 σύκου
1337 2347 1385 2383 τὴν
1413 2347 1511 2380 ἔξωθεν
1542 2345 1628 2383 αὖραν
1658 2347 1864 2383 περιπνέουσειν

1073 2394 1215 2429 ἀπείργει,
1244 2394 1312 2429 πρὸς
1338 2394 1368 2420 τὸ
1396 2394 1432 2429 μὴ
1458 2393 1528 2429 ἀηδῆ
1550 2393 1695 2429 γενόμενον
1721 2393 1752 2420 τὸ
1779 2392 1864 2419 σῦκον

1073 2441 1228 2467 ἀποπεσεῖν.
1262 2439 1368 2475 Ἐπειδὴ
1394 2440 1422 2466 δὲ
1442 2439 1543 2471 ἁπαλός
1571 2440 1629 2466 ἐστι
1656 2439 1708 2474 τῆς
1736 2439 1825 2474 συκῆς
1849 2440 1863 2464 ὁ

1073 2487 1187 2523 καρπὸς,
1211 2486 1291 2522 πάχει
1309 2486 1413 2521 φύλλων
1433 2486 1610 2513 κεκάλυπται·
1628 2486 1679 2521 τῆς
1696 2486 1726 2512 δὲ
1743 2486 1861 2521 καρύας.

1072 2532 1165 2568 ἐπειδὴ
1187 2532 1313 2567 τυγχάνει
1330 2531 1444 2567 στερρὰ,
1464 2531 1567 2566 ἐλαφρᾷ
1594 2530 1700 2565 φύλλων
1720 2529 1862 2566 προσῦοὶῇ

1073 2576 1212 2603 σκέπεται.
1227 2575 1276 2602 Διὰ
1295 2574 1327 2611 δὴ
1341 2575 1419 2601 τοῦτο
1434 2575 1480 2601 καὶ
1495 2575 1524 2601 τὺ
1541 2575 1638 2609 φύλλον
1661 2575 1711 2609 τῆς
1736 2574 1863 2610 ἀμπέλου

1071 2620 1202 2655 ἔσχισται,
1218 2620 1260 2646 ἵνα
1276 2620 1321 2646 καὶ
1337 2619 1386 2650 τὰς
1396 2621 1429 2646 ἐκ
1441 2618 1487 2645 τοῦ
1513 2619 1593 2655 ἀέρος
1621 2619 1736 2656 ἐκκλίνη
1758 2619 1863 2654 βλάϐας

1070 2667 1084 2693 ὁ
1109 2667 1212 2702 βότρυς,
1237 2666 1284 2692 καὶ
1307 2666 1356 2700 τὴν
1382 2666 1497 2702 ἡλιακὴν
1521 2665 1618 2692 ἀκτῖνα
1643 2665 1798 2701 εἰσδέχηται
1827 2667 1862 2699 τῇ

1070 2712 1219 2748 ἀραιὼητι.
1231 2712 1322 2743 Οὕτως
1331 2711 1405 2738 οὐδὲν
1421 2711 1514 2747 ἀργὸν,
1526 2710 1593 2738 ἀλλὰ
1606 2711 1696 2739 πάντα
1710 2711 1866 2748 ἀπορρήτῳ
