1909 3071
55 115 98 142 717

503 113 637 142 SPURIA.
655 129 689 135 —
706 112 883 142 COMMENT.
903 112 937 139 IN
958 111 1204 140 HEXAEMERON.

1598 119 1649 146 7l8

53 175 120 212 σοφίᾳ
135 175 148 201 ὸ
162 175 226 207 Θεὸς
251 174 436 211 διεκόσμησεν.
457 176 504 203 Ἐν
518 176 572 212 γὰρ
595 175 681 212 ὕδωρ,
706 175 750 202 διὰ
764 176 807 210 τῆς

864 178 891 202 et
906 175 933 201 in
948 174 1015 209 ipsis
1029 173 1154 201 dulcibus
1166 172 1310 205 fructibus,
1336 175 1405 202 mira
1416 179 1458 204 est
1474 177 1649 212 piuguedinis

52 222 117 257 ῥίζης
131 222 272 257 φερόμενον
288 222 303 257 ἢ
317 222 470 257 ἑλκόμενον,
491 222 576 254 ἄλλως
601 223 650 258 μὲν
670 222 764 258 τρέφει
780 222 810 249 τὸ

53 267 168 302 στέλεχος,
181 267 266 299 ἄλλως
285 267 334 302 τὴν
353 268 520 304 ἐντεριώνην,
544 268 630 299 ἄλλως
643 268 687 294 τὸν
710 268 809 302 φλοιὸν,

51 312 124 343 ἄλλως
135 312 162 338 τὸ
179 311 263 344 ξύλον,
276 312 361 344 ἄλλως
374 312 422 348 τὴν
441 313 517 348 ῥίζαν
533 313 616 348 αὐτὴν
626 321 632 328 ·
653 313 699 340 καὶ
714 314 746 339 ὲκ
762 314 811 348 τῆς

52 358 121 393 αὐτῆς
130 357 224 389 νοτίδος
236 359 265 384 ἐν
281 357 329 393 μὲν
345 359 377 393 τῇ
393 358 507 394 ἀμπέλῳ
523 356 593 391 οίνος
603 359 769 391 συνίσταται,
783 361 811 386 ἐν

51 404 72 429 δὲ
86 405 112 439 τῇ
125 403 196 438 ἐλαίᾳ
210 403 306 436 ἔλαιον,
322 404 369 430 καὶ
381 404 408 430 ἐν
423 404 493 440 ἄλλῳ
514 404 586 431 ἄλλο.
609 405 663 431 Καὶ
678 405 706 431 ἐν
722 405 812 436 αὺτοῖς

51 450 95 480 τοῖς
116 448 219 483 γλυκέσι
242 450 358 484 καρποῖς
378 449 515 484 ἀμύθητος
538 451 553 485 ἡ
580 449 739 484 παραλλαγὴ
764 450 813 485 τῆς
841 485 844 488 _

52 494 156 528 πιότητος
165 502 171 509 ·
187 493 250 520 ἀλλο
262 494 315 529 γὰρ
328 494 358 520 τὸ
372 495 401 521 ἐν
413 495 527 531 ἀμπέλῳ
537 496 632 529 γλυκὺ,
644 495 691 522 καὶ
707 495 768 522 ἄλλο
781 496 810 522 ἐν

52 540 132 576 μηλέᾳ,
143 540 187 566 καὶ
201 540 231 565 ἐν
246 542 315 576 συκῇ
332 541 378 567 καὶ
392 541 430 576 τῷ
446 541 546 576 φοίνικι
557 541 659 577 ἕτερον.
673 542 728 568 Καὶ
741 541 810 568 αὐτὰ

51 585 73 611 δὲ
85 585 131 612 τῶν
152 585 264 621 δένδρων
278 587 392 623 διάφορά
408 588 464 614 ἐστι
484 587 518 614 τὰ
535 587 653 623 δάκρυα·
678 587 741 614 ἄλλο
755 587 809 624 γὰρ

864 222 992 252 varietas,
1009 220 1082 248 aliud
1096 228 1214 255 namque
1239 221 1318 248 dulce
1333 225 1374 248 est
1389 223 1460 257 quod
1479 223 1504 249 in
1522 224 1578 250 vite
1598 232 1649 258 gu-

864 271 962 299 statur,
977 267 1051 294 aliud
1063 267 1089 293 in
1099 274 1190 301 pomo,
1208 266 1281 293 aliud
1297 267 1324 294 in
1340 267 1401 298 ﬂcu,
1416 269 1489 295 aliud
1504 269 1531 295 in
1544 270 1647 304 palma.

860 312 926 340 item
947 313 1028 340 varia:
1041 317 1106 341 sunt
1116 316 1143 340 et
1158 314 1287 340 arborum
1303 313 1438 348 lacrymaa,
1450 315 1550 341 etenim
1572 315 1647 342 aliud

861 364 903 387 est
925 359 1032 386 lentisci
1060 359 1190 394 lacryma,
1221 358 1294 385 aliud
1323 359 1436 386 balsami
1465 367 1575 392 succus,
1600 361 1649 394 qui

861 406 982 434 omnium
1001 409 1198 440 unguentorum
1211 405 1452 439 przestantissimus
1465 411 1517 439 est,
1532 407 1648 440 ejusque

863 451 934 487 apud
955 451 1083 479 Hiericho
1113 451 1267 486 largissima
1299 451 1386 485 copia.
1413 450 1549 486 Indigenis
1578 452 1646 479 illud

863 501 944 524 acuto
956 497 1042 532 lapide
1056 504 1089 524 ex
1100 496 1218 524 surculis
1234 496 1402 529 secantibus,
1433 504 1533 524 succus
1550 497 1642 524 cﬂluit.

863 542 987 570 Tradunt
1003 542 1113 577 quidam
1129 545 1156 569 et
1172 542 1314 569 succinum
1328 542 1480 577 plantarum
1499 550 1560 569 esse
1582 550 1645 569 suc-

863 596 937 622 cum,
954 592 1000 624 qul
1018 589 1045 615 in
1060 591 1186 615 naturam
1203 588 1302 623 lapidis
1314 592 1483 615 concrescat.

51 629 90 664 τῆς
102 629 182 664 σχίνου
197 630 227 657 τὸ
243 631 368 667 δάκρυον,
391 633 437 658 κα)⁴
460 632 538 664 ἄλλος
563 634 576 659 ὁ
599 633 647 667 τῆς
673 632 811 668 βαλσάμου
839 633 915 666 ὀπὸς,
932 634 1000 669 ὅπερ
1020 633 1127 659 πάντων
1150 632 1204 659 τῶν
1234 632 1326 668 μύρων
1350 633 1467 668 ὑπάρχει
1494 634 1643 667 κάλλιστον,

52 678 87 704 καὶ
101 678 230 711 πλεονάζει
256 679 302 705 ἐπὶ
316 680 364 714 τῆς
381 679 484 715 Ὶεριχὼ
499 681 651 716 γενόμενον.
676 681 834 716 Τεμνόντων
847 681 875 708 δὲ
894 681 959 708 αὐτὸ
974 682 1006 708 ἐκ
1025 681 1078 707 τῶν
1109 679 1217 715 θάμνων
1241 679 1305 716 λίθῳ
1321 679 1377 712 ὀξεῖ
1400 681 1454 707 τῶν
1479 682 1643 718 ἐπιχωρίων,

50 725 102 757 ὀπὸς
120 726 269 761 ἁναποδοίη.
289 726 434 762 Ὶστοροῦσι
451 727 477 754 δέ
498 736 570 760 τινες
584 728 631 754 καὶ
647 728 677 754 τὸ
693 728 822 764 ἤλεκτρον
848 729 912 756 ὀπὸν
942 727 1011 755 εἶναι
1032 728 1122 763 φυτῶν
1134 748 1142 761 ,
1166 728 1204 759 είς
1230 727 1309 761 φύσιν
1343 727 1415 755 λίθου
1432 731 1643 765 μεταπηγνὺμε-

50 780 92 798 νον.

76 817 98 845 ⁴ι
115 818 150 854 Τῇ
167 818 194 845 δὲ
209 819 328 856 τετάρτῃ
349 819 439 856 ἡμέρᾳ
458 820 472 847 ’³
487 820 553 852 Θεὸς
574 820 644 854 τοὺς
661 820 807 856 μεγάλους

898 817 925 845 4.
943 816 1046 850 Quarto
1057 816 1100 844 die
1112 815 1183 843 Deus
1196 815 1248 842 duo
1268 816 1409 843 luminaria
1426 825 1522 852 magna
1544 821 1641 848 creavit

49 861 91 888 δύο
103 862 252 896 ρωστῆρας
267 863 512 899 ἐδημιούργησεν,
529 864 618 898 ἥλιόν
640 873 672 891 τε
691 864 740 890 καὶ
761 872 812 890 σε·

49 908 130 942 λήνην
140 909 172 935 ἐν
184 908 224 942 τῷ
237 909 415 944 στερεώματι
428 909 481 936 τοῦ
493 910 631 944 οἰιοανοῦ,
641 911 683 943 εις
698 910 812 944 ψαῦσιν

49 955 87 981 ἐπὶ
100 955 149 989 τῆς
163 955 228 990 τῆς,
244 955 299 983 τοῦ
313 955 492 991 διαχωρίζειν
507 956 660 990 ἀναμέσων
674 956 727 990 τῆς
739 956 810 991 ἠμέ-

47 1009 92 1034 ρας
103 1001 146 1028 καί
161 1001 313 1037 ἀναμέσον
332 1002 386 1036 τῆς
404 1003 522 1035 νυκτός.
543 1001 628 1029 Τοῦτο
647 1001 678 1029 τὸ
700 1002 810 1038 ἡλιακὸν

49 1047 103 1080 φῶς,
116 1048 199 1084 ὅχημα
225 1048 322 1084 ἐκείνῳ
351 1048 390 1084 τῷ
411 1048 481 1083 φωτὶ
500 1048 538 1084 τῷ
562 1049 724 1084 πρωτογόνῳ
743 1058 811 1084 παρ-

48 1093 197 1121 εσκεύασται.
218 1094 264 1126 Ὣς
274 1094 329 1130 γὰρ
344 1093 408 1121 ἄλλο
421 1093 451 1120 τὸ
462 1094 526 1129 πῦρ,
542 1094 588 1121 καὶ
602 1095 616 1121 ό
625 1094 719 1130 λύχνος
731 1095 807 1122 ἄλλο·

48 1139 72 1164 τὸ
84 1139 125 1174 μὲν
139 1139 190 1175 γὰρ
205 1140 254 1176 τὴν
265 1139 313 1166 τοῦ
327 1140 452 1174 φωτίζειν
471 1140 583 1174 δύναμιν
597 1140 662 1175 ἔχει,
676 1140 706 1168 τὺ
718 1140 746 1167 δὲ
760 1142 809 1177 τὴν

48 1184 84 1211 τοῦ
98 1185 268 1220 παραφαίνειν
289 1187 345 1217 τοῖς
365 1185 523 1221 χρῄζουσιν·
540 1186 586 1212 καὶ
605 1186 642 1218 ὡς
667 1186 759 1222 ἕτερόν
783 1196 808 1213 τι

48 1230 194 1267 ὴλευκότης,
211 1231 304 1266 ἕτερον
318 1231 347 1257 δὲ
365 1231 396 1258 τὸ
414 1231 623 1268 λελευκασμένον
637 1231 725 1267 σῶμα,
740 1233 809 1259 οὕτω

49 1276 171 1304 καὶταῦτα
184 1277 300 1312 διάφορα
312 1277 375 1304 ὄντα
388 1278 421 1312 τῇ
435 1277 513 1312 φύσει
526 1278 641 1312 ἥνωνται
653 1280 684 1314 τῇ
697 1279 808 1314 δυνάμει

47 1322 83 1348 τοῦ
93 1323 231 1354 κτίσαντος.
239 1323 296 1349 Καὶ⁵
311 1323 402 1359 μηδεὶς
414 1323 512 1361 νομίσῃ
519 1324 615 1351 ταυτὸν
626 1324 678 1360 ὴμέ
683 1333 731 1360 ραν
740 1323 808 1351 εἶναι

48 1369 84 1395 καὶ
93 1369 168 1404 ἥλιον.
181 1369 293 1405 Πρῶτον
306 1369 355 1404 μὲν
367 1369 420 1405 γὰρ
434 1371 447 1396 ό
459 1370 623 1406 δημιουργὸς
636 1370 737 1398 ἁπλοῦν
751 1371 808 1406 φῶς

46 1416 234 1448 κατεσκεύασεν,
249 1416 265 1442 ὃ
277 1416 308 1452 δὴ
325 1417 373 1443 καὶ
385 1416 490 1452 ἡμέραν
502 1416 640 1448 ἐκάλεσεν,
654 1416 748 1443 ἔπειτα
761 1416 807 1443 τὸν

44 1460 105 1495 ἥλιον
120 1462 148 1488 ἐκ
160 1462 205 1488 τοῦ
219 1462 307 1498 πυρὸς
320 1463 367 1489 καὶ
387 1463 474 1497 φωτὸς
490 1463 676 1497 συγκείμενον.
696 1463 738 1494 Ὡς
753 1462 807 1499 γὰρ

861 862 942 890 solem
964 867 987 889 et
1001 862 1090 889 lunam
1105 862 1131 888 in
1150 862 1314 896 ﬁrmamento
1331 862 1398 893 ctrli,
1419 868 1447 889 ut
1469 864 1582 893 lacerent
1598 876 1644 899 διι-

859 917 906 944 per
922 913 1020 935 terram
1046 907 1080 934 ad
1103 907 1269 934 dividendum
1289 907 1356 934 diem
1376 912 1399 934 et
1417 913 1517 935 noctem
1530 911 1561 938 Η,
1585 911 1643 940 Hoc

860 955 926 983 solis
939 955 1032 982 lumen
1049 953 1173 988 utprimo
1188 953 1226 980 illi
1252 959 1316 980 nato
1329 953 1423 981 lumini
1438 956 1515 989 quasi
1534 957 1643 985 vehicu-

860 1002 915 1029 lum
929 1000 1088 1031 deserviret,
1103 999 1256 1027 ordinatum
1276 1003 1327 1027 est.
1342 999 1447 1027 Etenim
1468 1002 1552 1030 veluti
1569 1003 1642 1031 aliud

859 1051 901 1075 est
917 1046 998 1081 ignis,
1011 1049 1038 1072 et
1059 1046 1168 1072 lucerna
1181 1044 1264 1077 aliud,
1277 1045 1320 1072 hic
1330 1046 1402 1072 enim
1418 1047 1471 1073 vim
1481 1047 1561 1074 habet
1579 1049 1642 1076 illu-

859 1091 992 1123 minandi,
1009 1090 1054 1117 illa
1064 1090 1205 1124 egentibus
1217 1089 1307 1117 lumen
1320 1089 1478 1125 prazferendi
1490 1101 1497 1124 ;
1510 1096 1535 1119 et
1548 1100 1643 1127 quem-

860 1137 1003 1166 admodum
1018 1136 1091 1163 aliud
1107 1140 1148 1163 est
1165 1135 1267 1163 candor
1297 1140 1324 1163 et
1340 1137 1413 1164 aliud
1431 1144 1531 1172 corpus
1553 1139 1643 1167 candi-

859 1186 933 1217 dum,
944 1186 983 1213 sic
998 1188 1024 1213 et
1037 1185 1106 1217 haec,
1119 1185 1242 1219 quamvis
1257 1183 1370 1211 diversae
1386 1189 1489 1212 natura:
1504 1185 1642 1214 Creatoris

859 1232 974 1260 facultas
983 1232 1009 1258 in
1018 1239 1102 1258 unum
1114 1231 1237 1266 copulata
1249 1231 1399 1265 conjunxit.
1412 1230 1445 1257 Et
1452 1239 1516 1258 cave
1522 1239 1556 1259 ne
1565 1238 1642 1266 putes

859 1279 931 1306 idem
944 1285 1005 1306 esse
1028 1278 1099 1305 diem
1128 1281 1155 1305 et
1180 1277 1275 1304 solem.
1305 1276 1426 1303 Primum
1457 1277 1528 1304 enim
1547 1277 1642 1313 Opifex

858 1325 973 1360 simplex
1002 1324 1092 1352 lumen
1121 1323 1252 1355 condidit,
1280 1322 1352 1357 quod
1380 1326 1406 1349 et
1431 1322 1501 1350 diem
1525 1324 1640 1355 vocavit,

858 1371 987 1405 deinceps
1011 1370 1097 1397 solem
1128 1377 1159 1396 ex
1188 1369 1290 1396 lumine
1310 1368 1399 1403 ignem
1418 1376 1478 1402 quae
1505 1369 1642 1396 conﬂavit.

858 1415 1092 1449 Quemadmodum
1107 1415 1180 1442 enim
1191 1419 1291 1442 terram
1312 1414 1397 1448 ipsam
1415 1415 1441 1441 in
1473 1422 1523 1442 suo
1540 1416 1643 1450 gremio

857 1461 947 1497 ignem
963 1460 1064 1488 factum
1081 1461 1215 1488 foventem
1238 1461 1386 1492 cernimus,
1406 1460 1442 1486 ita
1455 1465 1482 1488 et
1497 1462 1581 1488 solem
1599 1462 1643 1488 lu~

43 1506 81 1541 τὴν
97 1507 142 1542 γῆν
161 1507 268 1543 ὁρῶμεν
282 1507 337 1543 πῦρ
361 1509 390 1534 ὲν
404 1509 460 1539 τοῖς
483 1508 603 1543 στέρνοις
627 1509 718 1540 αὐτοῖς
731 1508 807 1544 δεδη-

859 1515 922 1535 men
939 1511 1101 1543 gestantem.
1115 1506 1181 1533 Cum
1198 1507 1269 1533 enim
1301 1506 1391 1532 lumen
1418 1510 1444 1533 et
1473 1507 1542 1542 ignis
1560 1507 1641 1535 simul

45 1560 140 1589 μιουργη
145 1554 220 1588 μένον
229 1553 356 1589 ἔχουσαν,
364 1554 434 1580 οὕτω
442 1555 488 1581 καὶ
499 1555 544 1581 τὸν
552 1554 625 1590 ἥλιον
634 1554 690 1589 φῶς
701 1555 806 1590 ἔχοντα·

44 1599 90 1632 φῶς
103 1600 150 1636 γὰρ
169 1600 297 1627 συνελθὸν
313 1600 381 1635 μετὰ
397 1600 481 1636 πυρὸς
495 1600 540 1627 τὸν
555 1600 701 1635 φανότατον
713 1601 806 1636 ἐποίη-

44 1652 79 1670 σεν
90 1644 166 1679 ἥλιον.
185 1645 257 1672 Ἀλλ’
272 1645 336 1677 ἴσως
352 1646 460 1681 ἀντερεῖ
478 1653 534 1677 τις⁴
556 1645 611 1672 Καὶ
633 1645 713 1672 πόθεν
729 1646 808 1672 τοῦτο

43 1689 114 1724 δῆλον,
135 1691 163 1718 οὐ
185 1691 355 1727 βλεπομένης
379 1692 429 1725 τῆς
444 1691 617 1728 διαιρέσεως;
639 1693 688 1728 οὺχ
710 1693 807 1728 ὁρᾶται

43 1735 85 1771 γὰρ
99 1737 164 1769 ἰδίως
181 1738 227 1773 μὲν
244 1738 277 1764 τὺ
300 1737 366 1772 φῶς,
386 1738 457 1770 ίδίως
471 1738 499 1764 δὲ
521 1738 552 1764 τὸ
579 1738 643 1774 πῦρ.
666 1738 746 1765 Ἀλλά
766 1747 808 1773 γι-

44 1782 151 1809 νωσκέτω
161 1784 175 1809 ό
189 1783 322 1815 τοιοῦτος,
340 1784 411 1810 πόσα
426 1783 457 1810 τὸ
472 1784 527 1820 πῦρ
545 1785 573 1810 ἐν
585 1784 673 1819 ἐαυτῷ
689 1785 807 1820 προϐάλ-

43 1825 112 1859 λεται,
126 1828 219 1868 αὐγὴν,
241 1827 411 1864 Θερμότητα,
433 1828 580 1863 ξανθότητα
591 1850 597 1861 ,
614 1828 691 1855 ἅτινα
706 1829 806 1856 πανσό-

43 1878 88 1903 (ita;
98 1872 110 1897 ὁ
121 1873 240 1909 τεχνίτης
258 1873 422 1908 διαμερίζων
431 1893 438 1905 ,
458 1873 621 1908 ὑπεμφαίνει
643 1873 745 1900 τούτων
758 1873 807 1909 τὴν

44 1916 156 1945 σύνθεσιν.
170 1920 234 1946 Ὅτε
249 1919 303 1954 γὰρ
317 1919 386 1946 θέλει
398 1919 529 1955 θερμᾶναι
540 1920 570 1946 τὸ
582 1920 659 1953 ζῶον,
674 1920 806 1955 λαμϐάνει

42 1961 79 1988 τοῦ
92 1965 169 2000 πυρὸς
180 1965 209 1991 τὸ
223 1965 334 2000 θερμὸν,
352 1965 399 1992 καὶ
414 1966 444 1991 τὸ
456 1965 504 2000 μὲν
518 1965 617 2001 θερμὸν
631 1966 686 2001 ἕχει
699 1966 805 1997 τούτου,

42 2007 65 2034 τὲ
79 2008 106 2034 δέ
126 2010 180 2045 φῶς
199 2011 252 2037 οὐκ
273 2010 338 2046 ἔχει.
359 2011 427 2037 Ἀλλ’
444 2011 574 2047 ἐμερίσθη
591 2012 620 2038 ἐν
643 2012 682 2047 τῷ
705 2011 767 2047 ζὼῳ
788 2014 805 2048 ἡ

43 2052 115 2089 θέρμη
134 2056 185 2083 ἀπὸ
199 2056 249 2083 τοῦ
269 2056 396 2091 φέγγους,
414 2056 493 2083 πάλιν
507 2056 638 2092 λαμϐάνει
654 2057 684 2083 τὸ
701 2057 804 2090 ξανθόν.

42 2099 86 2126 Καὶ
102 2101 202 2137 ὁρῶμέν
220 2111 263 2128 τοι
275 2102 306 2129 τὸ
325 2101 429 2134 ξανθὸν,
446 2103 537 2129 οὐκέτι
551 2103 580 2129 δὲ
596 2103 626 2129 τὸ
649 2102 748 2139 Θερμὸν
761 2104 807 2130 καὶ

42 2147 129 2179 φαῖνον.
143 2148 195 2174 Καὶ
210 2148 292 2175 πάλιν
308 2148 469 2184 ἀπομερίζει
494 2148 543 2183 τὴν
558 2148 662 2184 θέρμην
673 2169 680 2181 ,
703 2150 749 2176 καὶ
766 2149 806 2176 δί-

859 1554 887 1580 in
918 1560 1001 1580 unum
1019 1551 1230 1582 convenissent,
1257 1550 1496 1585 splendidissimus
1523 1552 1563 1578 sol
1578 1560 1642 1586 pro-

859 1599 958 1627 ductus
975 1602 1027 1626 est.
1044 1597 1096 1625 Sed
1107 1597 1223 1625 fortasse
1239 1597 1337 1631 aliquis
1349 1597 1516 1624 contradicct
1530 1607 1536 1624 :
1554 1597 1643 1624 Unde-

858 1653 920 1672 nam
935 1645 988 1672 hoc
1004 1644 1178 1671 manifestum
1198 1647 1250 1675 est,
1266 1650 1328 1669 cum
1341 1643 1415 1669 nulla
1442 1643 1566 1670 videatur
1596 1643 1636 1669 di-

858 1693 948 1725 visio;
986 1699 1075 1726 neque
1115 1690 1186 1718 enim
1215 1689 1306 1717 lumen
1336 1689 1370 1716 ab
1407 1689 1469 1724 igne
1495 1689 1641 1724 separatim

860 1739 1040 1774 perscriptum
1068 1743 1156 1771 neque
1184 1736 1272 1771 ignem
1303 1743 1317 1762 a
1348 1735 1450 1762 lumine
1485 1736 1640 1770 sejunctum

858 1785 1050 1819 conspicimus.
1090 1782 1191 1809 Verum
1216 1782 1240 1809 is
1272 1782 1341 1808 sciat
1371 1789 1492 1816 quamam
1516 1782 1586 1817 ignis
1612 1783 1640 1809 in

857 1832 1005 1866 semetipso
1035 1830 1192 1863 contineat,
1217 1829 1387 1864 splendidum
1426 1830 1549 1863 scilicet,
1575 1830 1641 1857 cali-

857 1878 932 1910 dum,
947 1877 1058 1909 ﬂavum,
1069 1884 1129 1911 qua:
1144 1875 1344 1911 sapientissime
1353 1875 1449 1903 artifex
1461 1876 1639 1909 secernendo,

857 1931 950 1951 eorum
968 1921 1192 1957 compositionem
1218 1920 1385 1948 manifestat.
1400 1921 1468 1948 Cum
1493 1923 1565 1950 enim
1582 1923 1641 1950 ani-

857 1969 921 1996 mali
934 1968 1053 1996 calorem
1069 1967 1162 1994 indere
1177 1967 1264 2001 cupit,
1279 1966 1350 2002 ignis
1363 1967 1481 1994 calorem
1500 1969 1593 2000 sumit,
1614 1973 1641 1995 et

857 2015 975 2042 calorem
995 2015 1078 2045 illius,
1100 2021 1155 2040 non
1177 2017 1267 2040 tamen
1286 2013 1376 2040 lumen
1398 2013 1529 2048 possidet.
1547 2014 1600 2041 Sed
1613 2014 1641 2042 in

857 2061 969 2088 animali
993 2060 1068 2087 calor
1085 2066 1099 2085 a
1113 2058 1216 2086 lumine
1230 2058 1399 2093 sejungitur,
1429 2067 1526 2087 rursus
1541 2060 1640 2087 ﬂavum

858 2107 982 2142 suscipit,
999 2110 1027 2134 et
1049 2105 1147 2133 ﬂavum
1176 2106 1304 2140 quidem,
1325 2114 1379 2133 non
1410 2111 1501 2133 autem
1522 2107 1640 2135 calidum

857 2153 1082 2189 splendidumque
1102 2152 1236 2179 videmus.
1258 2151 1358 2179 lterum
1377 2152 1468 2179 calore
1489 2157 1640 2187 segregata.

41 2190 94 2218 ὂωσι
107 2193 185 2230 μόνην
201 2194 254 2230 τὴν
273 2194 368 2229 αὐγὴν,
385 2192 439 2220 οἷον
453 2194 490 2226 ὡς
513 2194 585 2221 ἐστιν
606 2195 669 2221 ίδεῐν
691 2195 737 2221 ἐπὶ
755 2196 804 2231 τῆς

858 2199 1027 2235 splendorem
1045 2203 1149 2226 tantum
1165 2199 1286 2229 exhibet.
1315 2202 1344 2224 ut
1364 2198 1457 2226 videre
1485 2204 1527 2226 est
1549 2199 1576 2226 in
1591 2199 1641 2228 l'ulv

42 2236 181 2274 ἀστραπῆς,
206 2240 246 2266 ὅτι
272 2238 448 2274 ἐκλάμπουσα
472 2239 550 2275 μόνον
565 2239 689 2275 φωτίζει,
703 2241 734 2266 οὺ
752 2239 804 2275 μὴν

74 2284 114 2310 καὶ
127 2284 276 2321 θερμαίνει.
291 2286 328 2312 Τὸ
341 2286 362 2312 δ’
375 2286 441 2313 αὐτὸ
451 2285 622 2321 παράδειγμα
637 2286 684 2313 καὶ
696 2286 742 2313 ἐπὶ
755 2286 805 2321 τῆς

42 2328 138 2366 αελήνης
161 2332 322 2368 καθέστηκε.
346 2332 402 2359 Καὶ
423 2332 477 2368 γὰρ
499 2332 567 2368 αὕτη
586 2332 638 2359 ὑπὸ
661 2332 707 2358 τοῦ
729 2332 804 2368 ἡλίου

42 2375 193 2413 φωτιζομένη
217 2377 391 2414 φανερωτέρα
416 2377 537 2412 γίνεται,
562 2377 655 2413 ὥσπερ
680 2378 731 2404 ὑπὸ
755 2378 805 2412 τῆς

40 2421 130 2458 ἡμέρας
144 2424 159 2450 ὸ
180 2424 264 2459 ἥλιος.
283 2424 319 2451 Τὸ
335 2424 388 2459 γὰρ
409 2425 458 2459 τῆς
484 2424 596 2460 σελήνης
611 2422 681 2455 εἶδος
704 2424 804 2460 ἀνθρα-

40 2469 127 2500 κοειδὲς
140 2471 280 2506 τυγχάνει,
295 2471 332 2502 ὠς
344 2470 416 2497 ἐστιν
440 2470 503 2496 ἰδεῖν
519 2471 565 2496 ἐπὶ
578 2470 626 2506 τῆς
642 2470 787 2504 ἐκλείψεως
796 2479 803 2486 ·

40 2514 135 2550 ἀπάρας
156 2517 210 2553 γὰρ
236 2517 282 2543 ἀπ’
304 2517 389 2552 αὐτῆς
409 2518 438 2544 τὸ
461 2518 558 2544 οἰκεῖον
579 2516 680 2551 φέγγος
693 2517 707 2542 ό
731 2516 805 2551 ἥλιος

40 2560 152 2596 ἀμαυρὰν
166 2562 250 2597 αὐτὴν
272 2563 416 2597 καθίστησι
425 2571 431 2577 ·
447 2561 569 2597 φωτίζων
581 2562 609 2588 δέ
623 2561 705 2597 αὐτὴν
715 2581 722 2593 ,
739 2561 806 2597 πλη-

41 2607 112 2642 σιφαῆ
141 2608 334 2644 ἀπεργάζεται.
372 2608 529 2643 Ἑνδυομένη
556 2607 610 2642 γάρ
627 2615 685 2638 πως
719 2606 749 2633 τὸ
774 2607 806 2642 ὴ-

40 2650 119 2679 tum
144 2653 201 2688 φῶς
224 2654 386 2690 φαιδροτέρα
411 2653 584 2680 καθίσταται·
605 2652 650 2678 τὸν
674 2651 754 2678 αὑτὸν
773 2652 805 2687 δὴ

37 2696 124 2730 τρόπον
135 2699 182 2725 καὶ
196 2701 211 2726 ὁ
225 2699 299 2734 ἥλιος
311 2720 318 2732 ,
338 2700 387 2735 τῆς
401 2699 507 2735 ἡμέρας
521 2698 552 2724 τὺ
565 2697 622 2733 φῶς
638 2698 803 2733 ἐνδυόμενος,

38 2738 210 2780 λαμπρότερος
235 2746 376 2781 τυγχάνει,
401 2745 450 2782 τῆς
475 2744 580 2780 ἡμέρας
607 2744 712 2780 ἐκείνης
737 2744 805 2780 μήτε

68 2830 85 2846 “
101 2831 163 2861 Gen.
183 2841 201 2866 I,
221 2833 260 2862 16.

857 2246 941 2277 mine,
956 2244 1027 2280 quod
1039 2243 1265 2271 ubiscintillando
1275 2242 1406 2278 eruperit,
1421 2245 1527 2270 tantum
1537 2243 1639 2275 lumen.

856 2299 911 2318 non
925 2294 1014 2318 autem
1028 2290 1146 2317 calorem
1174 2289 1319 2325 progignit.
1344 2288 1444 2315 Eodem
1472 2289 1597 2324 exemplo
1610 2295 1638 2317 et

856 2338 884 2365 in
904 2338 967 2364 luna
988 2336 1193 2364 demonstratur
1208 2335 1235 2362 id
1265 2336 1336 2370 quod
1364 2334 1480 2361 dicimus
1503 2335 1639 2369 ejusmodi

856 2390 927 2410 esse.
943 2381 1005 2409 Haec
1023 2382 1122 2417 quippe
1144 2381 1210 2409 solis
1236 2381 1337 2408 lumine
1365 2382 1522 2410 collustrata
1540 2382 1639 2410 clarior

857 2428 908 2462 ﬁt,
925 2428 1151 2463 quemadmodum
1175 2431 1202 2455 et
1230 2427 1331 2454 lumine
1359 2426 1412 2454 diei
1438 2427 1488 2455 sol.
1504 2428 1646 2462 Aspecms

856 2475 929 2503 enim
941 2474 1011 2501 luna;
1031 2473 1127 2501 similis
1149 2476 1192 2500 est
1214 2473 1324 2500 carboni
1338 2492 1345 2504 ,
1358 2476 1388 2499 ut
1409 2473 1435 2499 in
1454 2472 1514 2506 ejus
1530 2472 1646 2502 defeciu

856 2519 948 2547 videre
957 2523 999 2547 est
1016 2526 1023 2544 :
1040 2526 1102 2545 nam
1118 2518 1157 2545 sol
1168 2518 1214 2545 ubi
1230 2518 1263 2545 ab
1276 2525 1307 2545 ea
1319 2518 1456 2552 proprium
1473 2518 1563 2546 lumen
1587 2521 1648 2547 sub-

856 2565 982 2596 traxerit,
1006 2571 1065 2591 eam
1090 2564 1240 2597 obscurat;
1267 2564 1313 2591 ubi
1333 2564 1476 2591 illustrarit
1489 2568 1575 2591 totum
1599 2574 1646 2593 or-

856 2611 915 2638 hem
931 2609 1077 2644 implendo,
1109 2608 1243 2636 accendit.
1276 2608 1393 2637 Induens
1422 2617 1539 2644 namque
1563 2612 1647 2646 'quo-

856 2655 1000 2683 dammodo
1015 2654 1082 2682 solis
1099 2653 1202 2683 lumen.
1214 2654 1384 2690 splendidior
1399 2654 1428 2681 ﬁt
1442 2663 1449 2688 ;
1463 2663 1517 2682 non
1527 2656 1581 2683 alia
1598 2664 1645 2684 το·-

856 2703 940 2734 tione,
956 2705 983 2728 et
997 2701 1037 2727 sol
1054 2700 1145 2726 lumen
1177 2699 1231 2727 diei
1255 2701 1453 2736 circumseptus
1470 2702 1571 2729 clarior
1602 2707 1645 2731 est

856 2753 883 2776 et
898 2746 1042 2780 illustrior,
1054 2745 1099 2774 die
1123 2745 1169 2773 illa
1187 2754 1274 2782 neque
1299 2752 1404 2781 urente,
1432 2755 1520 2784 neque
1534 2748 1642 2785 caleft‘,‘
