1909 3071
243 139 296 168 ’119

677 137 706 164 S.
727 134 948 164 EL‘STATIIIUS
968 133 1212 163 ANTIOCHENUS
1231 135 1428 164 EPISCOPUS.

1822 138 1871 165 720

243 202 340 233 ciente,
356 199 403 228 sed
418 203 523 226 tantum
549 199 730 226 illuminante.
761 198 852 226 Solem
881 202 972 225 autem
996 205 1029 224 ex

1093 195 1172 231 ὗσης.
1192 198 1258 232 μήτε
1279 198 1359 224 πάλιν
1373 197 1581 234 θερμαινούσης,
1599 199 1668 226 ἀλλὰ
1683 199 1764 235 μόνον
1787 207 1872 234 φωτι-

242 249 304 283 igne
314 246 454 278 constitui,
471 245 538 273 illud
567 250 726 281 argumento
752 249 794 273 cst
811 244 884 280 quod
901 244 1029 272 incendat

242 298 269 322 ct
283 297 395 320 torreat.

275 340 317 366 Αιι
331 339 498 366 dividendum
522 338 591 366 diem
623 343 648 366 et
675 343 786 370 noctem,
819 338 898 373 quasi
916 337 1027 370 diceret,

243 386 327 414 solem
340 385 393 413 diei
415 385 551 418 terminis,
574 385 666 411 lunam
693 384 782 412 noctis
797 384 922 416 inclusit;
942 391 1030 418 neque

243 431 316 458 aliud
329 435 370 460 est
382 439 436 458 nox
451 438 532 465 quam
548 434 629 457 terra:
646 430 753 461 umbra,
775 429 840 456 solis
854 429 946 457 radios
957 433 1030 456 terra

243 478 408 514 interpositu
425 485 474 505 suo
497 476 647 505 auferente.
677 476 711 504 Ut
723 476 795 504 enim
811 477 838 503 in
853 476 906 508 die,
924 476 946 503 si
968 475 1030 510 quis

242 525 334 552 lumen
350 523 525 556 intercludat,
542 524 638 550 umbra
648 522 796 550 ell'unditur
809 523 955 557 lumenque
967 529 1031 549 eva-

242 570 339 603 nescit,
355 569 395 596 sic
407 573 433 596 et
445 577 497 596 nox
513 576 576 596 aere
591 569 665 596 circa
682 572 782 595 terram
795 568 917 596 tenebris
945 567 1028 595 obvo-

244 617 312 647 luto,
330 615 518 647 constituitur,
546 619 573 642 et
589 615 630 641 sol
657 613 729 650 quod
743 622 758 641 a
783 614 871 649 primo
888 622 944 641 suae
954 621 1031 641 crea~

244 663 329 691 tionis
339 662 451 690 exordio
464 662 555 689 lumen
570 669 586 688 a
610 661 740 689 Creatore
755 660 871 696 accepit,
890 660 916 687 in
931 664 1031 688 semet-

244 710 303 745 ipso
319 709 450 736 continuo
466 711 611 736 conservat
625 707 757 739 abditum,
775 706 848 742 quod
864 707 934 733 luna:
946 706 1031 733 dene-

245 759 337 791 gntum
352 759 403 787 est,
419 762 479 790 quae
491 753 556 782 illud
567 761 637 789 saepe
649 751 798 781 crescendo
809 755 836 779 et
848 751 1031 779 decrescendo

245 802 354 830 amittit.

283 847 316 875 Et
332 849 385 876 sint
400 847 427 875 in
446 847 522 882 signa
546 851 571 874 et
587 847 614 873 in
638 851 764 880 tempora,
792 851 816 873 et
832 846 858 873 in
881 845 949 876 dies,
966 849 990 871 et
1005 844 1031 871 in

246 903 328 923 annos
344 896 377 922 ".
391 893 533 929 Temporis
557 893 596 920 sol
613 896 640 920 et
658 893 721 919 luna
735 892 812 927 origo
826 895 901 919 sunt.
927 890 1032 918 Etenim

246 942 311 970 dum
337 949 437 968 cursus
459 940 584 967 ordinate
613 939 746 969 feruntur,
768 942 858 966 certos
881 942 1033 972 temporum

245 988 335 1015 exitus
361 985 490 1016 efﬁciunt,
509 989 677 1019 vocaturque
698 988 807 1018 tempus
821 982 931 1018 quando
950 982 1034 1009 veluti

245 1033 363 1070 quodam
390 1033 419 1060 in
444 1032 549 1059 circulo
578 1031 691 1058 alternis
724 1030 849 1065 beneque
876 1028 1034 1056 constitutis

246 1079 470 1108 successionibus
486 1078 603 1105 volvitur
629 1077 748 1112 primum
776 1076 810 1104 ad
834 1075 995 1108 seCundum,
1008 1077 1034 1102 et

246 1126 357 1154 tertium
369 1125 402 1152 ad
413 1124 439 1152 id
454 1124 526 1158 quod
539 1122 674 1158 sequitur.

280 1171 361 1203 Illud,
376 1171 429 1198 sint
444 1170 470 1197 in
484 1169 559 1204 signa
571 1189 578 1202 ,
592 1167 720 1204 quoniam
735 1167 874 1194 ineuntem
889 1169 1035 1201 tempesta-

247 1222 302 1246 tem
316 1224 423 1251 semper
441 1215 613 1251 signiﬁcant;
636 1214 723 1248 caligo
748 1220 866 1247 namque
878 1211 934 1238 aeri
948 1211 1035 1238 offusa

247 1264 314 1292 solis
329 1262 419 1290 radios
427 1259 646 1289 circumcludens
660 1259 751 1286 minus
767 1257 878 1285 luminis
894 1257 1034 1292 relinquit,

246 1310 330 1338 veluti
348 1309 395 1344 qui
409 1307 576 1335 carbonibus
603 1306 702 1334 similis
728 1313 826 1332 cruore
846 1304 974 1340 perfusus
990 1312 1036 1331 ru-

248 1354 347 1386 bescit,
366 1360 428 1380 cum
450 1359 539 1379 aerem
568 1350 715 1385 vaporibus
732 1355 812 1377 terrae
837 1350 1035 1377 condensatum

248 1400 385 1428 discutere
412 1398 615 1431 dissolvereque
639 1401 765 1432 nequeat.
793 1396 856 1424 Inde
886 1399 1035 1431 tempestas

251 1445 406 1474 ostenditur
421 1444 529 1476 futura;
545 1447 571 1470 et
598 1450 660 1470 cum
678 1451 746 1478 quas
762 1443 856 1470 dicunt
871 1451 946 1469 areas
961 1443 1036 1475 (sunt

249 1500 314 1520 vero
341 1491 611 1526 circumscriptiones
627 1489 750 1525 quaedam
779 1489 896 1516 rotundo
921 1488 1034 1521 ambitu,

250 1539 321 1567 areis
339 1539 453 1569 similes,
470 1542 497 1566 et
510 1545 543 1565 ex
557 1537 609 1564 hoc
624 1544 722 1564 nomen
739 1535 843 1570 adepta:
859 1535 933 1569 sunt)
950 1534 1034 1562 solem

249 1586 394 1617 cinxerint,
413 1590 508 1612 ventos
524 1583 601 1611 nobis
613 1584 731 1610 innuunt
745 1590 832 1610 srevos
848 1590 880 1609 ac
892 1581 1037 1609 vehemen-

249 1637 308 1666 tes;
325 1639 375 1659 nec
391 1639 447 1658 non
461 1634 486 1657 ct
499 1630 613 1657 anthelii
629 1630 728 1662 vocati,
758 1629 781 1656 si
804 1636 886 1656 cursu
902 1628 968 1656 solis
983 1634 1037 1654 una

251 1679 383 1708 ferantur,
396 1685 485 1704 aerem
495 1676 574 1704 nobis
599 1675 720 1703 futurum
750 1675 902 1702 maleﬁcum
914 1682 1037 1709 pronun-

251 1725 338 1757 tiant;
353 1727 380 1751 et
405 1731 502 1750 rursus
517 1723 539 1749 si
553 1722 636 1757 virga:
650 1722 742 1749 colore
771 1720 852 1748 Iridis
869 1720 943 1747 circa
957 1727 1038 1747 auro-

252 1778 310 1797 ram
328 1770 399 1797 inter
415 1770 501 1796 nubes
516 1769 671 1804 conspicua:
690 1771 849 1799 cernantur,
868 1766 911 1794 vel
926 1766 1037 1798 imbres,

251 1817 292 1844 vel
308 1815 542 1852 tempestatesncl
560 1819 589 1842 ut
602 1815 750 1850 plurimum
761 1813 832 1841 aeris
858 1813 1038 1841 mutationem

252 1864 431 1898 prasignant.

287 1908 363 1935 Luna
381 1907 403 1935 si
421 1907 502 1935 tertio
524 1906 568 1933 die
587 1907 678 1934 tenuis
706 1906 835 1934 cornibus
850 1913 973 1941 puroque
993 1905 1038 1932 ni-

253 1959 313 1982 tore
333 1955 450 1986 fulserit,
484 1954 608 1981 stabilem
639 1962 671 1980 ac
692 1955 797 1980 ﬁrmam
815 1953 1040 1988 tranquillitatem

255 1999 406 2035 promittit;
427 1998 469 2026 sin
489 2005 554 2025 vero
578 2005 681 2024 cornua
707 1997 845 2025 crassiora
873 1996 1040 2031 subrufaquc

255 2047 314 2073 visa
333 2045 444 2076 fuerint,
461 2052 594 2079 aquarum
611 2043 783 2079 repentinum
799 2043 926 2078 impetum
951 2043 1042 2070 horri-

256 2092 373 2126 damque
405 2094 593 2125 tempestatem
622 2089 769 2125 portendit.
796 2089 920 2124 Suntque
943 2089 1042 2117 instrn-

256 2142 347 2165 Inenta
375 2140 528 2171 temporum
554 2137 594 2164 sol
620 2140 646 2163 et
669 2137 752 2168 luna;
779 2140 897 2171 tempus,
923 2135 1040 2167 dierum,

256 2183 403 2215 mensium,
429 2190 579 2216 annorum;
603 2182 704 2214 sidera,
733 2181 879 2215 mensium,
896 2182 1041 2214 seminum,

256 2230 396 2258 messium.

294 2274 475 2310 Vergiliarum
492 2280 628 2306 exortum,
646 2274 746 2302 messis
760 2274 958 2309 vindemiaque
972 2278 1043 2301 tem-

259 2328 310 2356 pus
323 2327 423 2348 occasu
436 2320 707 2347 seminisdenuntiari
725 2319 838 2346 scimus.
849 2319 1045 2354 Navigantibus

257 2365 416 2395 Plaustrum
428 2364 504 2393 sidus
519 2366 590 2392 viam
606 2365 701 2400 aperit.
718 2363 804 2392 Locos
816 2364 888 2392 enim
910 2364 999 2392 sidera
1009 2365 1046 2391 si-

257 2414 388 2450 gniﬁcant
403 2417 431 2440 et
438 2412 596 2440 ostendunt.
607 2411 674 2438 Ursa
688 2411 759 2438 enim
768 2410 978 2445 septentrionem
993 2410 1048 2444 pla-

258 2468 319 2495 gam
333 2460 464 2486 insinuat.
474 2457 654 2493 Vergiliarum
667 2464 729 2491 pars
738 2456 890 2482 acuminata
907 2455 939 2482 ad
951 2455 1048 2482 Orien-

259 2511 312 2533 tem
326 2508 464 2540 spectans,
478 2503 528 2530 hoc
544 2503 614 2530 idem
626 2502 759 2529 enuntiat.
774 2500 862 2535 Ipsius
880 2501 942 2528 item
971 2500 1048 2528 Ursa:

261 2551 335 2578 llexa:
350 2558 448 2582 cornu,
464 2555 491 2577 et
503 2550 574 2576 luna:
587 2557 651 2584 pars
665 2556 725 2583 qum
736 2547 897 2580 illustratur,
910 2547 1048 2575 Orientem

263 2601 421 2631 praemonet.
433 2596 587 2630 Antequam
602 2602 666 2622 vero
675 2595 732 2622 haec
747 2594 853 2626 fierent,
867 2599 974 2629 tempus
995 2602 1049 2620 non

264 2647 331 2674 erat,
350 2643 397 2670 sed
412 2642 529 2677 spatium
546 2646 667 2675 aetasque
689 2640 803 2667 nimium
818 2647 850 2667 ea
867 2641 946 2675 longa
964 2643 1049 2666 extra-

265 2696 317 2723 que
329 2696 411 2716 omne
425 2692 543 2723 tempus.
561 2686 593 2713 Et
606 2687 657 2714 hoc
672 2686 705 2714 de
721 2686 806 2722 signis
821 2687 925 2714 dictum
942 2687 989 2714 sit.

301 2777 435 2812 Tempora
462 2785 544 2812 porro
574 2777 713 2808 horarum,
731 2777 787 2803 sive
813 2777 944 2811 temporis
966 2776 1052 2812 ipsius

305 2868 326 2883 ¹¹
343 2867 405 2894 Gen.
424 2875 442 2898 ι,
459 2868 500 2895 Μ.

1080 242 1188 277 ζούσης.
1205 245 1264 270 ’Ὁτι
1280 244 1307 271 δὲ
1327 246 1358 271 ὲκ
1375 245 1460 280 πυρὸς
1474 244 1635 281 συνέστηκεν
1649 247 1663 272 ὁ
1683 246 1772 282 ἣλιος,
1793 245 1872 281 δῆλον

1079 290 1111 315 ἐκ
1123 289 1170 316 τοῦ
1188 290 1300 326 nugo-3v,
1320 291 1366 318 καὶ
1378 291 1496 325 φλέγειν.

1119 336 1174 363 Τοῦ
1202 336 1383 371 διαχωρίζειν
1407 338 1561 373 ἀναμέσον
1589 337 1644 372 τῆς
1672 337 1787 373 ἡμέρας
1822 338 1872 365 καί

1079 382 1233 416 dra/(error
1249 382 1303 416 τῆς
1316 385 1436 416 νυκτός.
1451 383 1512 410 Οἷον
1535 385 1580 411 τὸν
1600 385 1676 420 ἥλιον
1693 385 1742 420 τῆς
1760 384 1872 420 ἡμέρας

1079 429 1134 458 τοῖς
1152 427 1262 463 μέτροις
1286 428 1380 460 ἔταξε,
1407 429 1454 455 καὶ
1478 429 1526 464 τὴν
1551 430 1664 465 σελήνην
1690 430 1740 465 τῆς
1760 430 1871 460 νυκτό;.

1082 474 1159 500 Ἐστι
1174 474 1202 500 δὲ
1219 475 1235 509 ἡ
1260 473 1307 506 νὺξ
1325 475 1443 510 σκίασμα
1466 476 1514 510 τῆς
1530 476 1595 510 γῆς,
1625 476 1871 512 ἀποκρυπτομένου

1080 519 1126 545 τοῦ
1149 519 1234 554 ἡλίου.
1256 520 1298 552 Ὠς
1318 521 1371 556 γὰρ
1391 521 1420 547 ἐν
1448 521 1481 556 τῇ
1504 522 1613 557 ἡμέρα,
1639 522 1872 557 ἀντιφράττει-ον’τῷ

1080 574 1162 597 τινος,
1178 565 1240 592 σκιά
1253 567 1366 600 γίνεται,
1377 567 1424 594 κα)¹
1436 567 1467 593 τὸ
1479 567 1536 601 φῶς
1549 568 1752 602 παρυφίσταται
1761 576 1768 582 ·
1784 568 1872 599 οὕτως

1081 612 1098 647 ὴ
1118 612 1176 645 νὺξ,
1197 612 1374 648 σκιαζομένου
1393 612 1439 640 το]
1454 613 1535 649 ἀέρος
1553 614 1599 639 τοῦ
1625 614 1690 650 περὶ
1713 615 1765 649 γῆν
1778 635 1785 646 ,
1810 623 1871 640 συν-

1083 658 1196 686 ίσταται.
1211 660 1266 686 Καὶ
1282 661 1296 686 ὁ
1312 660 1360 695 μὲν
1374 660 1458 696 ἣλιος,
1475 661 1560 697 ὅσπερ
1576 660 1606 693 ἐξ
1617 662 1704 697 ἀρχῆς
1719 662 1779 696 φῶς
1797 663 1872 697 παρὰ

1081 703 1128 730 τοῦ
1146 704 1257 740 ποιητοῦ
1272 705 1375 741 εἴληφε,
1385 705 1463 732 τοῦτο
1478 706 1587 742 ἔχειδιὰ
1602 707 1702 738 παντὸς
1713 709 1873 743 ἐγκεκρυμ-

1084 751 1163 786 μένον
1177 752 1206 778 ὲν
1227 752 1316 788 ἐαυτῷ
1326 761 1333 767 ·
1349 753 1365 788 ἠ
1386 753 1414 779 δὲ
1429 753 1526 788 σελήνη
1539 754 1587 788 οὐχ
1603 753 1700 785 οὕτως,
1719 754 1789 781 ἀλλὰ
1812 763 1873 781 συν-

1083 797 1152 833 εχῶς
1163 798 1319 831 ἀποδύεται,
1334 798 1461 831 αὔξουσα,
1479 799 1525 825 καὶ
1542 800 1700 835 μειουμένη.

1121 844 1281 871 Ἔστωσαν
1294 844 1328 871 δὲ
1346 846 1390 878 εὶς
1410 845 1528 880 σημεῖα,
1548 846 1597 872 καὶ
1613 847 1656 878 εἰς
1670 845 1806 880 καιροὺς,
1825 846 1872 872 καί

1086 891 1129 923 εὶς
1141 890 1264 925 ἡμέρας,
1280 891 1328 918 καὶ
1344 893 1388 925 εις
1401 892 1565 925 ἐνιαυτούς.
1582 892 1685 927 Χρόνον
1700 892 1728 918 δὲ
1739 892 1815 927 ἥλιος
1829 893 1874 918 ns".

1086 937 1184 972 σελήνη
1204 938 1286 972 γεννᾷ
1302 937 1404 966 τοῦτον.
1423 938 1582 973 Ἐλκόμεναι
1597 938 1764 974 συμμέτρως
1777 938 1832 973 γὰρ
1848 939 1873 964 αἱ

1085 984 1167 1020 φοραὶ
1182 985 1351 1020 τεταγμένας
1366 985 1420 1011 τῶν
1440 985 1542 1021 καιρῶν
1556 985 1605 1017 τὰς
1625 985 1733 1018 ἐξόδους
1746 985 1872 1019 γεννῶσι.

1084 1029 1185 1065 Χρόνος
1201 1029 1228 1055 δὲ
1245 1029 1382 1064 καλεῖται,
1404 1030 1495 1066 ἐπειδὴ
1513 1030 1607 1066 ὥσπερ
1625 1031 1672 1057 ὲπί
1695 1039 1756 1057 τινα
1774 1031 1873 1056 κύκλοι

1085 1074 1244 1110 ἐπαλλήλοις
1255 1075 1365 1102 εἱλεῖται
1380 1075 1520 1107 εὐτάκτοις
1529 1076 1675 1111 διαδοχαῖς,
1687 1076 1798 1112 πρῶτος
1808 1076 1875 1112 πρὸς

1084 1120 1218 1156 δεύτερον,
1233 1121 1280 1148 καὶ
1297 1122 1387 1157 τρίτος
1405 1122 1472 1159 πρὸς
1488 1121 1533 1148 τὸν
1550 1122 1622 1157 ἑξῆς.

1121 1167 1157 1194 Τὸ
1173 1167 1216 1201 δὲ,
1230 1167 1370 1194 ἔστωσαν
1385 1169 1428 1200 εὶς
1451 1167 1569 1202 σημεῖα,
1587 1168 1680 1204 ἐπειδὴ
1700 1168 1752 1204 τὴν
1772 1177 1876 1205 παρου-

1087 1212 1146 1240 σίαν
1157 1213 1204 1240 τοῦ
1227 1213 1360 1249 χειμῶνος
1374 1214 1416 1240 ἀεὶ
1435 1214 1682 1249 προσημαίνουσιν·
1701 1214 1786 1250 ἀχλὺς
1810 1216 1874 1250 γὰρ,

1085 1259 1124 1295 τῷ
1137 1260 1198 1295 ἀέρι
1212 1260 1388 1296 ἐγγενομένη,
1403 1260 1449 1287 τοῦ
1466 1260 1540 1296 ἡλίου
1557 1261 1607 1293 τὰς
1617 1261 1731 1293 ἀκτῖνας
1745 1262 1873 1298 ἀμαυρά.

1086 1306 1133 1332 καὶ
1160 1305 1283 1341 φαίνεται
1308 1306 1484 1342 ἀνθρακώδης
1508 1308 1554 1334 καὶ
1582 1307 1719 1343 ὕφαιμος,
1740 1309 1778 1344 μὴ
1800 1308 1876 1334 δυνὰ-

1088 1360 1166 1386 μενος
1178 1352 1222 1378 τὸν
1237 1352 1305 1387 ἀέρα
1324 1353 1356 1379 ὲκ
1368 1352 1420 1379 τῶν
1434 1353 1528 1388 ἀτμῶν
1539 1353 1589 1388 τῆς
1599 1354 1651 1389 γῆς
1662 1354 1876 1389 πεπυκνωμένον

1086 1397 1207 1434 διαχέαι·
1236 1400 1290 1426 κάκ
1313 1399 1406 1426 τούτου
1431 1401 1543 1435 σημεῖον
1564 1400 1698 1435 χειμῶνος
1725 1399 1873 1426 δείκνυται.

1088 1443 1171 1470 Ὅταν
1181 1444 1208 1471 δὲ
1225 1445 1252 1471 αἰ
1267 1444 1408 1480 λεγόμεναι
1424 1445 1487 1477 ιῐλφ
1504 1445 1678 1481 (στρογγύλαι
1691 1446 1720 1473 δὲ
1739 1447 1793 1473 είσὶ
1804 1455 1875 1477 τινες

1088 1490 1254 1525 περιγραφαὶ
1269 1490 1359 1525 ὅμοιαι
1379 1489 1450 1525 ἆλῳ,
1468 1491 1499 1516 ἐκ
1523 1490 1616 1517 τούτου
1634 1491 1688 1526 γὰρ
1704 1490 1793 1523 οὕτως
1815 1493 1875 1518 ἐπο-

1050 1552 1071 1581 c
1089 1535 1270 1571 νομάζοντιιι)
1294 1536 1339 1563 τὴν
1356 1536 1430 1571 ἥλιον
1456 1537 1695 1573 περιστοιχίσωσι,
1727 1538 1874 1574 σφοδρότης

1088 1582 1141 1608 τῶν
1157 1582 1265 1617 ἀνέμων
1283 1583 1459 1618 σημαίνεται·
1486 1583 1554 1610 ἐπὰν
1566 1583 1594 1609 δὲ
1610 1583 1657 1610 καὶ
1673 1584 1698 1610 οἱ
1713 1583 1874 1620 καλούμενοι

1088 1627 1209 1663 ἀνοήλιοι
1232 1629 1265 1663 τῇ
1281 1628 1328 1654 τοῦ
1350 1629 1426 1664 ἡλίου
1443 1630 1513 1665 φορᾷ
1538 1629 1719 1665 συντρέχωσι,
1747 1638 1875 1665 συμτπω-

1090 1675 1182 1710 μάτων
1211 1675 1311 1711 ἀερίων
1339 1677 1450 1712 σημεῖον
1474 1677 1590 1712 γίνεται·
1617 1677 1664 1704 καὶ
1690 1677 1770 1704 πάλιν
1797 1678 1876 1712 ἡνίκα

1090 1721 1196 1757 ῥάϐδοις
1207 1722 1322 1749 ἐοικυῖαθ
1332 1723 1401 1749 κατὰ
1409 1722 1458 1758 τὴν
1469 1723 1548 1759 χρόαν
1560 1723 1609 1758 τῆς
1619 1723 1716 1760 Ἴριδος
1728 1724 1769 1755 εἰς
1781 1724 1877 1760 ὄρθρον

1088 1769 1144 1799 τοῖς
1160 1768 1269 1803 νέφεσιν
1286 1768 1483 1803 ὲμφαινόμεναι
1497 1768 1649 1804 δειχϐὦσιν,
1664 1769 1774 1804 ὄμϐροι,
1792 1769 1808 1804 ἦ
1825 1779 1878 1804 χει-

1091 1813 1194 1849 μῶνες,
1213 1814 1229 1850 ἢ
1257 1814 1391 1850 μεταϐολὴ
1415 1814 1553 1841 ὲπιπλεῖον
1577 1814 1624 1841 τοῦ
1641 1815 1722 1850 ἀέρος
1748 1817 1878 1851 σημαίνε-

1089 1868 1143 1887 ται.

1130 1905 1162 1932 Ἢ
1178 1905 1206 1932 δὲ
1223 1906 1319 1942 σελήνη
1330 1926 1337 1939 ,
1355 1906 1463 1933 ἐπειδὰν
1487 1907 1516 1933 ὲν
1531 1907 1564 1942 τῇ
1584 1907 1661 1943 τρίτῃ
1676 1907 1771 1943 ἡμέρᾳ
1795 1906 1878 1942 lar-“lx

1090 1953 1136 1979 ml.
1148 1951 1255 1989 καθαρὰ
1268 1954 1327 1984 ταῖς
1338 1953 1462 1988 κεραίαις
1472 1953 1628 1989 ἀποδειχθῇ,
1639 1953 1774 1989 σταθερὰν
1789 1953 1877 1980 εὐδίαν

1091 1998 1338 2032 κατεπαγγέλλεται
1349 2007 1356 2014 ·
1372 2000 1472 2034 παχεῖα
1482 1998 1510 2025 δὲ
1525 2000 1585 2031 ταῖς
1598 2000 1735 2035 κεραίαις,
1750 2000 1798 2026 καὶ
1813 1998 1878 2037 ὑφ

1093 2045 1189 2081 ρυθρος
1207 2046 1330 2079 φανεῖσα,
1346 2045 1416 2081 ὕδωρ
1432 2044 1530 2080 λάϐρον
1543 2045 1560 2080 ἢ
1574 2045 1650 2072 νότον
1664 2045 1752 2080 βίαιον
1765 2046 1878 2079 εὐαγγε-

1091 2089 1203 2121 λίζεται.
1217 2091 1338 2126 Ὄργανα
1360 2089 1406 2117 οὖν
1419 2091 1522 2127 χρόνων
1537 2091 1612 2127 ἣλιος
1635 2092 1682 2119 καὶ
1703 2092 1804 2128 σελήνη
1816 2091 1877 2119 καθς

1095 2136 1214 2163 ίσταται·
1233 2136 1328 2172 χρόνος
1350 2136 1378 2163 δὲ
1395 2137 1520 2173 ἡμερῶν,
1540 2138 1647 2173 μηνῶν,
1672 2138 1721 2165 καὶ
1733 2139 1876 2165 ἐνιαυτῶν·

1093 2181 1128 2207 τὰ
1142 2181 1169 2207 δὲ
1190 2181 1287 2217 ἄστρα,
1306 2183 1353 2209 καὶ
1382 2183 1492 2219 μηνῶν,
1513 2184 1560 2210 καὶ
1581 2184 1708 2218 σπόρων,
1733 2184 1782 2210 καὶ
1809 2184 1875 2219 ἄμης

1057 2228 1082 2258 ι)
1095 2227 1158 2254 τῶν.

1132 2275 1186 2300 Καὶ
1196 2274 1371 2309 αῌΙλειάδες,
1387 2274 1578 2301 ἀνατέλλουσαι
1592 2274 1642 2310 μὲν
1655 2274 1762 2309 ἀμητοῦ
1777 2274 1879 2309 καιρὸν,

1095 2320 1221 2347 δύνουσαι
1242 2319 1270 2346 δὲ
1292 2321 1403 2356 σπόρου,
1418 2319 1577 2347 δεικνύουσι.
1596 2319 1650 2346 Καὶ
1668 2321 1726 2352 τοῖς
1746 2320 1877 2346 ναυτιλλοο

1098 2367 1188 2402 μένοις
1212 2366 1281 2402 μετὰ
1305 2366 1355 2401 τῆς
1376 2365 1496 2401 Ἀμάξης
1521 2367 1631 2401 σημεῖον
1654 2366 1777 2400 γίνεταιο
1796 2366 1880 2392 τόπων

1096 2412 1150 2448 γὰρ
1167 2413 1266 2447 σημεῖα
1282 2412 1329 2438 καὶ
1342 2412 1482 2447 δεικτηρια
1493 2411 1525 2438 τὰ
1537 2412 1624 2447 ἄστρα
1637 2411 1754 2445 γίνεται.
1768 2412 1881 2447 ’Ἄρκτος

1099 2460 1148 2495 μὲν
1172 2458 1226 2494 γὰρ
1251 2459 1350 2494 ἄρκτον
1375 2458 1510 2485 δείκνυσι·
1537 2458 1585 2492 τῆς
1610 2457 1638 2483 δὲ
1664 2457 1796 2489 Πλειάδος
1821 2457 1882 2491 πρὸς

1098 2505 1228 2541 ἀνατολὴν
1242 2505 1348 2540 βλέπων
1358 2505 1388 2531 τὺ
1400 2504 1446 2536 ὀξὺ
1458 2505 1508 2540 τὴν
1522 2504 1621 2539 ἄρκτον
1635 2504 1772 2530 δείκνυσιν
1782 2512 1789 2518 ·
1804 2503 1880 2536 αὐτῆς

1098 2553 1126 2580 δὲ
1142 2553 1191 2588 τῆς
1207 2552 1307 2588 ἄρκτου
1327 2550 1511 2587 στρεφομένης
1531 2550 1560 2576 τὸ
1585 2550 1669 2584 χέρας
1685 2549 1735 2585 τὴν
1756 2548 1880 2581 ἀνατολὴν

1099 2596 1228 2628 δείκνυσι,
1246 2596 1354 2631 καὶτῆς
1369 2595 1480 2630 σελήνης
1499 2593 1529 2620 τὸ
1547 2593 1721 2629 λαμπόμενον
1743 2594 1826 2629 μέρος
1839 2593 1879 2626 τὴ*

1100 2641 1231 2677 ἀνατολὴν
1256 2641 1391 2677 σημαίνει.
1408 2641 1465 2676 Πρὸ
1487 2640 1516 2667 δὲ
1537 2639 1638 2666 τούτων
1655 2640 1752 2675 χρόνος
1775 2640 1826 2665 οὐκ
1841 2636 1879 2673 ἦν,

1100 2688 1167 2715 ἀλλὰ
1189 2688 1325 2724 διάστημα
1336 2708 1344 2720 ,
1361 2688 1408 2714 καὶ
1431 2687 1497 2713 αἰὼν
1515 2686 1618 2722 μακρός
1633 2695 1675 2718 τις
1699 2686 1749 2713 καὶ
1766 2686 1879 2721 ἄχρονοςε

1102 2735 1215 2770 Εἴρηται
1231 2732 1277 2761 οὖν
1293 2735 1356 2770 περὶ
1369 2734 1423 2760 τῶν
1437 2734 1567 2769 σημείων.

1137 2781 1256 2816 Καιροὺς
1274 2781 1301 2808 δὲ
1327 2780 1415 2815 λέγειν
1435 2779 1572 2815 ἡγούμεθα
1593 2778 1642 2811 τὰς
1662 2778 1814 2812 ἐναλλαγὰς
1835 2775 1881 2802 τῶν
