1909 3071
40 110 84 140 ῚΞΙ

492 114 628 145 SPURIA.
646 133 681 139 —
695 118 874 149 COMMENT.
895 120 927 148 ΙΝ
949 119 1195 150 ΗΕΧᾹΕΜΕΒΟΝ.
1215 118 1219 122 ”

1604 127 1655 155 ΊΞΞ

38 169 126 219 ὡρῶν,
142 169 293 219 χειμῶνος,
322 169 415 207 ἔαρος,
440 171 549 207 θέρους,
569 174 736 211 μετοπώρου.
762 177 817 203 Καὶ

873 180 1043 212 mutationes,
1057 187 1090 208 ac
1104 181 1188 212 vices,
1205 181 1302 209 biemis
1311 183 1426 217 scilicet,
1444 184 1525 217 veris,
1541 187 1654 219 aestatis,

39 215 131 251 χειμὼν
158 215 208 250 μὲν
225 216 328 250 γίνεται
354 218 411 249 τοῖς
436 217 532 250 νοτίοις
554 219 647 255 μέρεσι
670 222 716 248 τοῦ
742 223 817 258 ἡλίου

39 261 302 297 προσδιατρίϐοντος,
325 263 371 289 καὶ¹
394 263 460 290 πολὺ
475 264 505 290 τὸ
527 266 681 301 νυκτερινὸν
698 267 818 303 σκίασμα

40 307 95 343 mpl.
109 307 153 333 τὸν
171 307 235 334 καθ’
254 309 327 343 ἡμᾶς
343 309 424 336 τόπον
446 310 655 344 ἀποτελοῦντος,
676 312 714 345 ὡς
735 322 819 341 κατα-

39 352 160 389 ψύχεσθαι
179 353 228 388 μὲν
247 354 291 380 τδν
308 355 370 391 περὶ
387 356 434 391 τὴν
448 356 500 391 γῆν
517 357 596 392 ἀέρα,
610 359 656 385 καὶ
671 359 719 391 τὰς
733 360 818 396 ὑγρὰς

40 399 224 434 ἀναθυμιάσεις
246 401 442 436 συνισταμένας
461 403 588 438 ὄμϐρων,
613 404 659 431 καὶ
685 406 817 440 κρυμῶν,

41 445 80 472 καὶ
100 445 217 480 νιφάδων
241 447 330 478 αἰτίας
352 447 490 481 γίνεσθαι·
516 449 626 476 ἐπειδὰν
648 450 675 476 δὲ
701 451 818 478 ἐπανιὼν

43 492 111 518 πάλιν
126 492 179 518 ἀπὸ
196 492 253 518 τῶν
272 493 463 529 μεσημϐρινῶν
476 494 582 531 χωρίων
598 496 642 523 ἐπὶ
664 496 709 523 τοῦ
736 497 818 532 μέσου

42 537 151 573 γένηται,
178 538 310 574 ἰσημερία
332 539 451 573 γίνεται,
479 540 526 566 καὶ
555 541 610 576 ὅσῳ
624 543 679 574 τοῖς
701 543 747 569 ἐπὶ
769 543 820 578 γῆς

42 583 190 620 ἐνδιατρίϐει
218 584 328 617 τόποις,
353 585 471 621 τοσούτῳ
493 586 563 613 κατὰ
583 587 664 623 μέρος
687 588 819 622 ἐπανάγει

43 631 82 666 τὴν
100 624 263 666 εὐκρασίαν,
291 631 338 658 καὶ
358 632 462 665 γίνεται
483 632 552 668 ἔαρ,
574 635 630 665 τοῖς
657 634 706 669 μὲν
728 635 820 668 φυτοῖς

43 677 156 712 παρέχων
171 677 329 713 βλάστησιν,
344 679 399 709 τοῖς
419 678 446 704 δὲ
466 678 582 715 δένδροις
598 679 647 715 τὴν
661 680 818 707 ἀναϐίωσιν.

48 722 154 749 Ἐκεῖθεν
165 723 194 750 δὲ
209 723 261 759 ἤδη
279 724 347 759 πρὸς
363 723 412 756 τὰς
425 724 532 760 θερινὰς
548 725 652 761 τροπὰς
669 727 712 752 ἐπ’
735 727 820 764 αὐτὴν

43 768 83 803 τὴν
104 769 220 805 Ἄρκτον
234 770 342 805 τρέχων
358 770 372 796 ό
400 770 475 805 ἥλιος
499 770 548 803 τὰς
573 771 691 806 μεγάλας
714 773 821 808 ἡμέρας

42 815 97 849 ἡμῖν
110 814 270 850 παρίστησι,
287 815 334 841 καὶ
350 814 394 841 διὰ
409 815 439 841 τδ
453 814 543 842 πλεῖον
555 816 634 842 αὐτὸν
647 817 820 852 προσομιλεῖν

44 859 77 895 τῷ
91 859 158 895 ἀέρι,
173 860 260 887 αὑτὸν
280 860 458 896 καταφρίσσει
472 861 521 891 ,τὸν
537 862 621 898 ἀέρα,
637 863 684 889 καὶ
704 863 753 899 τὴν
768 863 819 898 γῆν

45 906 120 932 πᾶσαν
131 906 336 942 καταξηραίνει,
348 907 394 933 καὶ
411 907 499 934 πάντα
510 908 615 944 καρπὸν
627 908 724 944 ὡραῖον
735 910 821 945 ἀπερ-

44 951 142 986 γάζεται
157 952 377 987 φλογωδέστατος
396 952 443 985 ὣν,
467 954 513 981 καὶ
535 954 662 990 βραχείας
684 957 756 982 ποιεῖ
771 955 821 987 τὰς

46 998 112 1030 σκιὰς
125 999 169 1033 ἀφ’
187 998 293 1034 ὑψηλοῦ
320 999 515 1034 καταλάμπων.
538 1000 582 1027 Ἐν
595 1001 648 1036 γὰρ
673 1002 731 1033 ταῖς
756 1002 821 1037 βρα-

45 1045 159 1079 χυτάταις
171 1045 292 1082 ἡμέραις
309 1047 337 1072 αἱ
354 1046 429 1073 σκιαὶ
442 1046 609 1081 μακρόταται
622 1047 750 1081 γίνονται.
765 1047 820 1074 Καὶ

45 1090 113 1116 πάλιν
125 1090 178 1117 ἀπὸ
189 1091 246 1118 τῶν
269 1091 459 1127 προσαρκτίων
483 1093 529 1118 ἐπὶ
545 1092 579 1118 τὰ
602 1092 677 1119 νότια
698 1101 820 1128 παραγε-

46 1135 154 1170 νομένου,
170 1136 331 1173 μετόπωρον
346 1137 458 1171 γίνεται,
477 1137 526 1172 τῆς
543 1137 646 1173 θέρμης
661 1138 720 1164 κατ’
733 1138 821 1172 ὀλίγον

45 1180 86 1216 τῆς
100 1182 194 1217 πολλῆς
211 1183 442 1218 ἀμαυρουμένης,
460 1184 506 1209 καὶ
526 1183 571 1209 τοῦ
587 1183 718 1219 χειμῶνος
740 1184 822 1211 ἀϐλα-

47 1226 91 1258 ϐῶς
109 1227 236 1260 ἐπιόντος.

74 1284 105 1310 οὐ
131 1286 200 1311 ποιεῖ
225 1286 255 1312 δὲ
277 1286 326 1320 τὴν
344 1286 449 1322 ἡμέραν
468 1287 482 1313 ό
507 1286 598 1321 ἣλιος·
619 1286 712 1322 μηδεὶς
735 1286 822 1319 οὕτως

47 1329 150 1366 ὑπολάϐῃ
161 1340 167 1346 ·
179 1332 364 1368 πρεσϐυτερεῐ
374 1332 427 1368 γὰρ
442 1332 536 1359 τούτου
557 1334 573 1367 ή
590 1332 680 1368 ἡμέρα
696 1332 743 1359 καὶ
757 1332 819 1365 νύξ’

46 1376 101 1403 ἀλλά
116 1378 247 1413 κατάρχει
267 1378 345 1414 μόνον
362 1378 411 1413 τῆς
426 1379 545 1414 ἡμέρας,
561 1378 652 1411 καθὼς
670 1380 715 1406 καὶ
727 1380 740 1406 ὁ
755 1379 823 1414 ψαλ-

48 1423 119 1457 μῳδὸς
136 1424 292 1461 διαγορεύει
314 1425 394 1460 ἡμῖν·
409 1426 521 1457 Ἔθετο,
536 1425 621 1460 λέγων
632 1445 639 1457 ,
657 1425 711 1452 τὸν
734 1425 822 1459 ἣλιον

46 1470 81 1501 είς
88 1469 227 1501 ἐξουσίαν
240 1470 299 1503 τῆς
314 1470 435 1504 ἡμέρας,
452 1471 509 1505 τὴν
525 1471 670 1506 σελήνην,
688 1471 736 1499 καὶ
751 1471 822 1505 τοὺς

47 1514 160 1549 ἀστέρας
175 1517 218 1549 εις
230 1516 379 1549 ἐξουσίαν
393 1517 448 1551 τῆς
463 1519 581 1550 νυκτός.
601 1518 677 1553 Ἔχει
697 1517 725 1544 δὲ
745 1515 821 1550 οὗτος
835 1532 857 1563 C

47 1562 87 1597 τὴν
108 1562 227 1594 ἐξουσίαν
252 1562 280 1589 τὸ
298 1563 354 1598 φῶς
370 1563 524 1600 περιφέρων
544 1565 572 1590 ὲν
589 1564 686 1600 ἑαυτῷ·
709 1564 818 1590 ἐπειδάν

47 1615 101 1634 ποτε
115 1608 158 1635 τὸν
174 1609 235 1636 καθ’
252 1610 324 1645 ἡμᾶς
344 1609 468 1645 ὁρίζοντα
487 1610 626 1646 ὑπεράρῃ,
646 1611 752 1646 ἡμέραν
769 1620 819 1638 πα-

48 1653 109 1689 ρέχει
123 1655 303 1688 διασκεδάσας
319 1656 349 1683 τὸ
363 1657 467 1689 σκότος.

80 1710 108 1738 Ἦ
119 1711 147 1738 δὲ
161 1712 273 1748 σελήνη,
289 1714 397 1741 ἐπειδὰν
410 1713 558 1745 δωδεκάκις
572 1713 617 1740 τὸν
630 1714 728 1750 ἑαυτῆς
744 1715 820 1742 ἐκτε-

47 1755 102 1793 λέσῃ
113 1757 219 1794 δρόμον,
238 1760 362 1786 ἐνιαυτοῦ
377 1760 506 1795 τυγχάνει
528 1761 673 1796 ποιητικὴ,
696 1761 764 1796 πλὴν
778 1761 819 1787 ὅτι

49 1804 120 1839 μηνὸς
136 1805 283 1841 ἐμϐολίμου
301 1805 383 1833 δεῖται
401 1807 467 1842 πρὸς
484 1806 533 1842 τὴν
556 1806 656 1842 ἀκριϐῆ
670 1807 724 1833 τῶν
741 1807 819 1842 ὡρῶν

49 1850 193 1887 συνδρομήν.
215 1852 244 1879 '0
262 1851 317 1887 γὰρ
333 1852 442 1887 ἡλιακδς
458 1853 579 1884 ἐνιαυτὸς
596 1852 650 1880 ἀπὸ
668 1852 714 1879 τοῦ
736 1853 819 1880 αὐτοῦ

50 1897 147 1931 σημείου
160 1898 205 1924 ἐπὶ
222 1898 254 1925 τὸ
267 1898 333 1925 αὐτὸ
349 1900 459 1934 σημεῖον
471 1899 541 1926 κατά
554 1899 604 1934 τὴν
623 1899 726 1926 οἰκείαν
743 1899 814 1934 κίνη-

50 1950 84 1968 σιν
94 1944 135 1970 τοῦ
147 1945 220 1979 ἡλίου
238 1947 313 1972 ἐστὶν
333 1946 563 1978 ἀποκατάστασις.
583 1946 637 1982 Τῆς
657 1945 685 1972 δὲ
706 1945 820 1981 σελήνης

49 1986 176 2024 ληγούσης,
187 1990 330 2026 ἀραιοῦται
346 1991 399 2018 τῶν
412 1991 488 2023 ζώων
503 1991 538 2018 τὰ
555 1991 678 2027 σώματα,
693 1991 740 2018 καὶ
754 1991 820 2018 ὑπό-

49 2040 105 2060 κενα
128 2035 243 2068 γίνεταιι
273 2036 423 2073 αὐξομένης
444 2037 490 2070 δὲ,
511 2037 722 2073 ἀναπληροῦται.
748 2037 819 2064 Διότι

51 2078 171 2115 ὺΥρότητα
189 2081 259 2117 μετὰ
276 2082 442 2118 θερμότητος
461 2083 655 2118 κεκραμμένην
671 2082 820 2117 λεληθότως

50 2123 151 2160 ἐνίησιν·
167 2128 191 2154 οἱ
206 2128 262 2164 γὰρ
276 2128 452 2161 καθεύδοντες
471 2129 523 2155 ὑπὸ
541 2129 653 2164 σελήνην
673 2128 820 2163 ὑγρότητος

51 2173 167 2208 περισσῆς
179 2173 345 2210 πληροῦνται
360 2174 409 2206 τὰς
421 2175 551 2210 κεφαλὰς,
574 2176 620 2202 καὶ
635 2175 668 2202 τὰ
683 2175 819 2210 νεοσφαγῆ

868 226 1003 259 autumni,
1021 226 1211 262 intelligendas
1226 235 1287 256 csse
1310 236 1463 259 censemus.
1480 230 1572 259 Hiems
1589 236 1655 259 tunc

868 271 959 304 irruit,
973 280 1035 299 cum
1052 273 1093 300 sol
1104 273 1131 300 in
1148 273 1273 308 partibus
1286 277 1451 306 australibus
1459 283 1653 311 commoratur,

868 319 1012 353 noctisque
1024 319 1147 346 umbram
1167 321 1238 355 apud
1259 329 1310 349 nos
1338 323 1405 350 satis
1427 323 1473 351 diu
1490 325 1653 359 productam

869 364 1018 399 longiorem
1030 365 1141 393 omnino
1159 366 1233 398 facit,
1249 367 1287 394 ita
1304 372 1333 395 ut
1345 375 1391 396 aer
1403 371 1477 397 circa
1487 374 1588 399 terram
1605 371 1653 399 fri~

869 414 971 445 gescat,
986 419 1155 446 vaporesque
1167 412 1270 440 humidi
1287 415 1406 446 excitati,
1424 416 1541 451 pluvias,
1553 418 1654 452 glacies

869 455 1000 491 nivesque
1026 457 1188 492 producant.
1214 458 1267 486 Sed
1289 460 1334 486 ubi
1354 468 1462 488 rursum
1476 469 1490 489 a
1505 463 1655 491 meridiana

870 501 948 536 plaga
963 502 1135 537 remigrando
1154 504 1272 531 medium
1294 505 1355 532 ειηίί
1370 511 1510 541 permeat,
1533 509 1654 543 aequino-

870 547 952 573 ctium
966 546 1003 577 lit,
1017 547 1180 583 frigorisque
1200 553 1227 576 et
1245 549 1344 577 caloris
1369 551 1478 578 modum
1503 555 1655 587 temperant

869 592 969 620 modici
984 593 1057 621 illius
1070 601 1198 622 accessus
1211 595 1253 622 vel
1281 603 1426 629 recessus;
1447 596 1511 624 hinc
1531 605 1578 624 ver
1594 605 1655 626 esse

870 640 977 676 incipit,
1002 648 1057 676 quo
1083 641 1173 669 herbae
1197 642 1351 677 germinant
1370 643 1538 678 arboresque
1554 644 1655 672 revivi-

871 691 960 714 scunt.
983 686 1047 714 lnde
1060 687 1115 721 jam
1136 687 1239 714 mstivis
1255 687 1424 722 temporibus
1445 688 1602 717 ineuntibus
1622 690 1655 717 ad

871 733 956 769 ipsam
969 733 1067 761 Ursam
1084 734 1124 761 sol
1135 741 1250 761 cursans
1267 742 1379 769 magnos
1399 735 1477 762 nobis
1490 735 1572 763 etIicit
1583 735 1654 769 dies,

870 783 970 807 etcum
985 780 1088 808 diutius
1115 779 1144 807 in
1159 787 1222 808 aere
1246 784 1382 813 versetur,
1408 782 1498 816 ipsum
1515 785 1613 814 torret,
1629 786 1656 810 et

871 830 944 853 terra
967 825 1096 854 universa
1122 826 1272 858 exsiccata,
1302 826 1408 855 fructus
1422 833 1546 855 maturos
1566 827 1656 856 reddit

873 879 980 899 summo
1009 872 1119 907 calore;
1136 873 1294 908 umbraeque
1319 876 1404 900 curtae
1421 873 1571 908 jaciuntur,
1592 881 1655 901 cum

871 918 913 945 sol
928 918 966 945 illi
978 918 1038 945 loco
1058 919 1276 953 supraverticem
1294 919 1330 946 sit
1343 919 1490 954 lumenque
1517 919 1654 949 demittat.

869 963 900 991 ln
915 964 1084 992 brevissimis
1100 964 1172 992 enim
1189 964 1285 992 diebus
1305 964 1408 992 umbrae
1425 965 1590 1001 longissima:
1609 973 1657 993 ca-

871 1010 947 1037 dunt.
965 1009 1065 1038 Iterum
1078 1017 1093 1037 a
1109 1010 1270 1038 meridianis
1299 1010 1328 1038 in
1355 1011 1490 1038 australes
1506 1015 1598 1047 partes
1609 1013 1656 1039 illo

871 1060 1022 1090 remeante,
1035 1060 1183 1084 autumnus
1191 1057 1320 1092 gignitur,
1336 1057 1422 1085 multo
1446 1057 1538 1085 calore
1553 1057 1654 1085 sensim

871 1103 1212 1139 evanescente,hiemeque
1228 1104 1288 1131 sine
1315 1103 1371 1131 ullo
1389 1103 1563 1132 incommodo
1576 1110 1655 1132 acce-

871 1147 960 1176 dente.

907 1279 952 1307 Sol
963 1280 1016 1307 diei
1032 1288 1114 1307 causa
1132 1288 1266 1314 nusquam
1283 1284 1334 1312 est,
1352 1288 1433 1308 nemo
1456 1281 1482 1308 id
1498 1281 1534 1308 ita
1555 1289 1585 1309 se
1606 1281 1655 1309 ha-

873 1325 936 1353 bere
951 1326 1092 1361 opinetur;
1109 1327 1183 1353 hunc
1203 1327 1302 1354 etenim
1317 1326 1377 1354 dies
1390 1327 1529 1362 praecedit,
1546 1331 1571 1355 et
1584 1336 1654 1362 nox;

873 1371 921 1400 sed
938 1376 980 1400 cst
993 1371 1049 1398 dux
1062 1376 1088 1399 et
1102 1372 1229 1407 princeps
1246 1376 1272 1399 ct
1286 1373 1442 1400 moderator
1457 1372 1543 1405 illius,
1560 1381 1656 1408 quem-

873 1417 1018 1445 admodum
1034 1422 1061 1446 et
1071 1417 1233 1446 Psalmodns
1259 1419 1339 1446 nobis
1360 1418 1491 1446 insinuat.
1509 1419 1602 1446 Posuit
1615 1419 1657 1446 di-

872 1471 937 1492 cens
952 1464 1034 1492 solem
1060 1465 1088 1491 in
1102 1464 1246 1491 dominium
1267 1465 1329 1497 diei,
1348 1465 1438 1492 lunam
1464 1469 1489 1493 et
1512 1465 1603 1493 stellas
1629 1465 1657 1492 in

872 1510 1018 1538 dominium
1031 1512 1124 1538 noctis.
1140 1510 1214 1538 Illius
1227 1515 1315 1538 autem
1343 1511 1446 1540 obtinet
1461 1511 1655 1547 principatum,

873 1557 963 1584 lumen
978 1557 1004 1584 in
1019 1561 1104 1585 semet
1114 1557 1271 1593 deportans,
1287 1557 1333 1592 qui
1357 1565 1418 1584 cum
1436 1558 1464 1584 in
1478 1561 1601 1585 nostrum
1623 1556 1657 1584 ﬁ-

871 1604 989 1632 nitorem
1008 1605 1173 1640 pervenerit,
1191 1605 1311 1632 tenebris
1322 1604 1431 1640 fugatis,
1450 1605 1522 1632 diem
1533 1604 1622 1632 affert.

905 1706 992 1738 Luna,
1007 1705 1053 1733 ubi
1065 1705 1214 1733 duodecies
1223 1708 1308 1733 totum
1327 1712 1407 1732 suum
1423 1704 1542 1733 confecit
1561 1708 1589 1732 et
1607 1711 1656 1740 pe-

872 1753 991 1788 ragravit
1002 1752 1063 1784 iter,
1078 1752 1142 1779 anni
1158 1751 1275 1788 spatium
1302 1751 1446 1785 terminat;
1459 1759 1552 1779 mense
1565 1756 1657 1779 tamen

873 1805 941 1832 opus
948 1798 1163 1831 estintercalari,
1175 1797 1208 1824 ad
1222 1797 1351 1824 horarum
1366 1804 1518 1825 concursus
1532 1802 1656 1824 exactam

872 1844 1004 1871 rationem
1027 1843 1252 1879 perspiciendam.
1278 1843 1373 1870 Annus
1398 1842 1471 1870 enim
1504 1842 1602 1870 solaris
1621 1843 1657 1869 ab

872 1891 966 1918 eodem
980 1891 1069 1926 signo,
1099 1890 1132 1917 ad
1152 1889 1223 1917 idem
1251 1889 1401 1917 secundum
1432 1889 1572 1924 proprium
1590 1888 1656 1916 solis

873 1941 975 1964 motum
988 1938 1110 1964 reversio
1122 1939 1174 1964 est.
1202 1934 1277 1964 Luna
1310 1936 1484 1963 decrescente
1498 1935 1656 1962 animalium

873 1990 988 2018 corpora
1028 1986 1172 2010 rarescunt
1213 1986 1357 2010 extenuata
1389 1985 1416 2009 et
1443 1981 1654 2014 exinaniuutur;

873 2032 1023 2060 crescente,
1037 2032 1172 2063 augentur
1186 2028 1303 2063 expleta.
1323 2027 1398 2055 Clam
1427 2027 1498 2054 enim
1513 2025 1657 2053 bumidita-

873 2078 926 2101 tem
941 2074 1024 2101 calori
1042 2075 1212 2101 commistam
1226 2073 1311 2107 indit;
1328 2073 1392 2100 hinc
1411 2072 1440 2099 fit
1450 2072 1500 2100 sub
1512 2073 1577 2099 luna
1592 2071 1657 2100 dor-

872 2119 1013 2147 mientium
1039 2119 1124 2146 multa
1149 2117 1312 2145 bumiditate
1340 2117 1429 2152 capita
1443 2116 1559 2152 oppleri,
1571 2120 1598 2143 et
1614 2123 1658 2144 re-

873 2169 966 2193 center
979 2165 1163 2200 iugulatorum
1188 2172 1297 2196 carnes,
1315 2168 1343 2191 ct
1364 2163 1497 2199 quidquid
1518 2163 1591 2190 aliud
1613 2163 1657 2191 his

51 2214 75 2241 δὲ
85 2216 132 2244 τῶν
139 2219 233 2254 κρεῶν,
249 2220 296 2246 καὶ
305 2220 358 2246 πᾶν
369 2220 427 2246 εἴτι
438 2219 566 2250 τοιοῦτον,
575 2221 607 2255 τῇ
623 2219 757 2255 προσϐολῇ
769 2219 818 2254 τῆς

873 2220 925 2240 non
953 2212 1089 2244 absimile,
1118 2212 1189 2239 lunae
1209 2215 1320 2246 aspectu
1334 2210 1424 2238 subito
1454 2209 1603 2242 immutari,
1631 2215 1658 2237 et

52 2262 150 2299 σελήνης
166 2265 270 2301 ταχέως
290 2266 429 2302 τρέπεται.
449 2266 564 2302 Ὁμοίως
586 2266 615 2293 δὲ
632 2267 678 2292 καὶ
700 2266 735 2293 τὰ
758 2266 821 2301 περὶ

52 2309 89 2335 τὸν
100 2311 161 2346 ἀέρα
173 2312 245 2348 πάθη
257 2311 383 2348 τοιαύτης
396 2312 484 2344 αἰτίας
496 2312 821 2348 συνίσταται.Νουμηνίοις

53 2355 97 2393 γὰρ
104 2358 239 2394 ἐνστάσης,
248 2358 368 2395 γαλήνης
378 2358 460 2394 οῦσης
470 2359 549 2385 σταθε
555 2358 751 2395 ρᾶς,αἱιρνιδίων
762 2358 822 2384 ἀνέ-

54 2409 102 2435 μιυν
122 2405 234 2439 ταραχαὶ
254 2404 374 2438 γίνονται
394 2404 447 2431 τῶν
462 2403 548 2439 νεφῶν
571 2404 755 2439 κλονουμένων
774 2403 821 2430 καὶ

54 2449 248 2481 ωμπιπτόντων
268 2450 406 2485 ἀλλήλοις·
426 2451 472 2477 καὶ
489 2451 608 2485 γίνονται
623 2450 685 2486 περὶ
703 2450 766 2481 τοὺς
777 2450 821 2475 εὐ-

55 2492 135 2526 ρὶπους
146 2496 308 2532 παλίρροιαι,
318 2497 364 2523 καὶ
375 2497 437 2532 περὶ
447 2497 490 2523 τὸν
498 2496 617 2523 ὠκεανὸν
626 2495 762 2531 ἀναδρομὴ
772 2496 820 2532 τῆς

53 2536 184 2576 θαλάσσης.
206 2542 237 2568 Et
262 2542 289 2569 δὲ
315 2543 362 2570 καὶ
383 2541 429 2569 τοῦ
449 2541 522 2578 ήλίου
544 2540 662 2576 ἔκλειψις
674 2541 820 2577 νουμηνίας

52 2583 124 2620 οὔσης
137 2587 249 2621 γίνεται,
268 2588 432 2624 σφοδροτέρα
454 2587 611 2623 συμϐαίνει·
631 2587 751 2614 κάτωθεν
767 2586 820 2622 γὰρ

53 2629 68 2664 ἠ
83 2631 171 2668 σελήνη
188 2633 339 2660 ὑπελθοῦσα
349 2632 499 2669 ἐμφράττει
513 2632 587 2668 ἡλίου
600 2632 650 2664 τὰς
663 2633 784 2663 ἀκτῖνας.

82 2676 153 2711 Μέγα
166 2679 194 2705 δέ
208 2688 233 2705 τι
247 2679 294 2707 καὶ
309 2679 376 2715 αῦτη
397 2680 414 2715 ἡ
433 2679 531 2714 σελήνη
553 2678 714 2713 καθέστηκε.
733 2676 820 2704 Μῦθοι

53 2719 77 2747 δὲ
88 2721 210 2758 ληρώδεις
226 2725 277 2752 ὑπὸ
301 2725 451 2761 μεθυόντων
467 2724 596 2760 γραῖδίων
614 2724 751 2760 πανταχοῦ
769 2724 821 2750 διε-

55 2765 174 2804 σώθησαν·
198 2771 238 2798 ὅτι
263 2771 440 2806 μαγγανείαις
463 2771 519 2798 τισὶ
539 2770 588 2806 τῆς
617 2770 718 2802 οἰκείας
740 2770 820 2806 ἕδρας

53 2811 216 2851 ἀωκινεῖται,
242 2818 289 2845 καὶ
314 2818 382 2854 πρὸς
403 2817 452 2853 τὴν
475 2817 526 2852 γῆν
549 2816 740 2851 καταψέρεται.
766 2816 819 2843 Καὶ

55 2859 120 2891 ποῖος
137 2861 168 2888 ἂν
188 2862 266 2896 τόπος
281 2863 459 2899 καταχθεῐςαν
479 2862 563 2898 αὐτὴν
590 2862 752 2896 ὑπεδέξατο;
773 2861 818 2897 Μὴ

871 2259 945 2294 ipsas
957 2258 1029 2286 aeris
1044 2257 1200 2285 affectiones
1212 2257 1287 2284 illius
1305 2263 1388 2284 causa
1401 2256 1569 2290 contingere.
1589 2254 1657 2282 Nam

873 2303 936 2330 luna
944 2306 1083 2335 nascente,
1098 2303 1120 2330 si
1130 2302 1313 2336 tranquillitas
1326 2301 1483 2337 plenissima
1496 2300 1578 2328 fuerit
1591 2308 1654 2327 ven-

872 2353 972 2380 torum,
984 2349 1117 2383 repentini
1133 2348 1266 2377 turbines,
1284 2342 1403 2374 nubi'bus
1431 2346 1519 2380 pulsis
1544 2349 1571 2372 et
1585 2345 1658 2372 inter

873 2403 902 2422 se
925 2394 1146 2422 conflictantibus
1163 2414 1170 2426 ,
1189 2398 1287 2426 erunt;
1307 2393 1425 2427 ﬁentque
1440 2392 1467 2418 in
1492 2390 1595 2424 euripis
1619 2398 1657 2417 re-

872 2442 1071 2478 ciprocationes
1106 2448 1237 2476 aquarum
1281 2445 1476 2474 regressusque
1512 2437 1595 2464 maris
1630 2436 1656 2463 in

872 2488 997 2521 Oceano;
1011 2488 1084 2523 quod
1107 2488 1130 2514 si
1159 2488 1222 2513 luna
1237 2484 1385 2512 novissima
1396 2484 1517 2518 primavc
1533 2482 1599 2509 solis
1609 2481 1655 2508 de-

873 2535 962 2569 fectus
985 2533 1040 2566 fiet,
1063 2534 1121 2560 haec
1151 2532 1243 2559 ouinia
1262 2530 1464 2561 vehemenliora
1478 2528 1656 2562 contingunt;

873 2581 1027 2608 interventu
1044 2579 1144 2614 quippe
1163 2578 1234 2605 lunae
1259 2577 1325 2605 solis
1350 2575 1419 2603 radii
1433 2573 1560 2602 occultati
1575 2573 1657 2600 hebe-

870 2629 973 2653 tantur.

907 2672 1073 2699 immensum
1087 2670 1152 2705 quid
1168 2674 1210 2697 est
1225 2673 1252 2697 et
1266 2669 1324 2704 ipsa
1340 2668 1421 2699 luna;
1440 2673 1519 2701 nugae
1533 2673 1613 2692 merae
1625 2664 1658 2691 il-

872 2721 904 2747 lae
919 2723 983 2747 sunt
993 2719 1125 2754 planeque
1150 2717 1217 2748 lirae,
1233 2716 1312 2742 nobis
1327 2722 1341 2741 a
1357 2713 1511 2742 temulentis
1541 2710 1657 2739 aniculis

873 2766 1083 2796 traditi,lunam
1111 2762 1250 2791 veneficiis
1272 2761 1434 2796 quibusdam
1455 2758 1566 2794 propria
1593 2756 1658 2784 sede

874 2813 975 2840 moveri
993 2816 1019 2839 et
1035 2812 1062 2839 in
1074 2815 1174 2838 terram
1191 2809 1296 2842 delabi;
1314 2811 1341 2835 et
1353 2806 1478 2842 quisnam
1494 2805 1566 2832 illam
1580 2804 1656 2830 locus

875 2859 1012 2894 delapsam
1028 2857 1182 2893 exceperit?
1195 2863 1282 2892 neque
1297 2862 1345 2890 per
1356 2859 1476 2881 errorem
1494 2850 1521 2878 in
1534 2849 1656 2876 fraudem
