1909 3071
236 136 287 164 7ἐ5

655 136 685 163 S.
706 134 928 164 EUSTATHIUS
943 136 1186 166 ANTIOCIIENUS
1204 135 1405 167 EPISCOPUS.

1801 134 1852 162 72‘

235 195 362 226 inourrit.
377 202 463 230 neque
474 194 548 230 quod
562 194 659 223 visioni
677 203 789 231 parvum
811 201 930 223 extentae
945 196 1019 224 vide—

1069 198 1122 234 γὰρ
1147 198 1300 234 ἐξηπάτησε
1325 197 1356 224 τὺ
1379 195 1537 232 φαινόμενον
1562 194 1599 226 ὡς
1619 191 1717 230 μικρόν
1734 199 1762 220 τι
1784 189 1855 219 εἶναι

234 245 289 272 tur,
307 249 419 276 parvum
446 241 473 268 id
496 249 558 269 esse
581 241 711 269 indicato.
728 241 826 269 Nostra
837 242 910 269 enim
935 242 1016 274 visio,

235 294 296 312 cum
313 287 369 321 ipsa
382 295 463 321 parva
482 288 526 320 sit,
542 295 623 322 parva
639 287 721 314 etiam
737 291 764 315 et
781 295 812 314 ea
829 295 890 322 quae
902 295 1018 315 cernen-

234 335 288 363 tur,
306 336 335 358 ut
359 333 502 367 opinemur
518 341 590 364 esse.
619 333 709 365 ellicit,
736 333 875 368 proprium
892 333 1015 360 morbum

232 377 314 405 rebus
330 378 396 406 visis
412 379 633 411 communicatis;
654 386 771 413 uanique
786 379 867 405 etiam
891 379 913 406 si
925 379 986 413 quis
1000 385 1016 406 e

234 423 388 451 summitate
403 426 534 451 montium
553 432 664 459 campos
675 428 806 458 patentes,
827 427 854 451 et
865 424 892 451 in
908 424 961 451 illis
978 424 1017 451 si-

234 469 289 495 mul
307 469 389 496 boves
406 475 547 504 pascentes
562 470 726 505 despexerit.
757 469 883 497 formicas
900 469 953 497 sibi
976 469 1016 496 vi-

233 513 298 540 dere
311 513 456 541 videbitur.
475 514 552 542 Visio
567 515 638 542 enim
654 522 702 549 per
716 522 805 541 aerem
821 518 978 547 extenuata,
988 517 1015 540 et

233 559 312 592 quasi
332 566 510 592 evanescens,
527 568 571 587 res
594 560 644 587 sibi
659 559 782 594 objectas
797 559 936 594 percipere
960 567 1015 586 non

234 605 313 632 valet.
333 604 431 632 Verum
449 606 519 633 lunae
529 614 628 641 corpus
642 606 790 633 maximum
803 613 863 633 esse
879 606 923 632 illa
934 613 1015 641 argu-

235 654 325 677 mento
343 655 418 679 sunt.
440 651 569 680 Civitates
582 652 654 679 enim
666 652 693 679 in
710 656 844 679 terrarum
864 651 930 678 orbe
944 652 1014 678 mul-

234 699 291 722 tum
310 697 380 723 inter
396 705 425 725 se
449 697 581 725 distantes
597 698 729 733 longeque
746 698 886 732 sejunctas.
921 698 1014 732 strigis

234 750 293 777 quae
307 742 444 771 Orientem
458 744 701 779 respiciunt,_:eque
720 751 816 772 omnes
839 744 910 770 luna:
924 743 1014 771 lumen

233 789 424 823 excipiunt;et
439 790 563 817 similiter
574 797 689 817 Occasus
716 794 743 816 et
759 790 971 818 meridianarum
987 793 1014 817 et

235 835 395 862 australium
410 837 528 870 partium
540 837 635 864 incola:
646 841 778 871 spectant.

1067 244 1250 280 νομιζόμενον.
1266 243 1360 279 Μικρὰ
1373 241 1426 278 γὰρ
1442 242 1458 277 ἡ
1480 241 1540 276 ὁψις
1553 239 1630 276 ἡμῶν
1644 238 1789 274 γινομένη.
1807 246 1854 273 μι-

1066 288 1120 324 κρὰ
1135 288 1244 323 ἐποίησε
1261 286 1416 322 νομίζεσθαι
1439 286 1486 312 καὶ
1500 286 1534 312 τὰ
1548 284 1684 321 ὁρώμενα,
1699 284 1731 310 τὸ
1751 284 1854 310 οἰκεῖον

1067 334 1152 366 πάθος
1169 335 1225 365 τοῖς
1245 334 1351 369 ὁρατοῖς
1371 332 1548 368 ἐπιφέρουσα.
1568 331 1672 366 Ὥσπερ
1685 329 1741 365 γὰρ
1765 328 1793 355 εἴ
1811 337 1855 360 τις

1066 381 1109 407 ἐπ’
1125 379 1279 416 ἀκρωρείας
1292 378 1412 405 θεάσοιτο
1427 377 1505 404 πεδία
1519 377 1564 404 καὶ
1581 376 1644 411 βόας
1663 376 1709 402 ἐπὶ
1730 375 1761 401 τὺ
1785 375 1853 402 αὐτὸ

1065 427 1226 462 νεμομένας,
1235 426 1308 461 οὐχὶ·
1320 425 1358 457 ὡς
1369 425 1518 460 μυρμήκων
1528 422 1676 458 φαντασίαν
1686 423 1752 458 όρᾷν
1763 421 1850 448 δοκεῖ·

1066 471 1277 507 ὲνδαπανηϐεϊσα
1303 470 1355 506 γὰρ
1381 469 1419 504 τῷ
1443 469 1503 504 ἀέρι
1525 467 1628 504 ήὸψις,
1655 467 1701 494 καὶ
1726 466 1851 501 ἐξίτηλος

1065 517 1208 554 γενομένη,
1225 517 1292 552 πρὸς
1313 516 1362 551 τὴν
1377 515 1477 551 ἀκριΕῆ
1492 513 1653 548 κατανόησιν
1669 512 1723 539 τῶν
1740 511 1850 547 ὀρωμὲ-

1065 574 1117 592 νων
1133 564 1182 590 οὐκ
1199 562 1317 599 ἐξαρκεῖ.
1339 561 1394 588 Καὶ
1413 562 1454 588 ὅτι
1474 559 1649 596 παμμέγεθες
1664 558 1714 593 τῆς
1732 557 1851 592 σελήνης

1064 611 1094 636 τὸ
1109 609 1190 644 σῶμά
1211 611 1278 639 ἐστι,
1299 607 1392 644 μαθεῖν
1414 608 1446 633 ὲκ
1464 606 1618 641 τεκμηρίων
1639 604 1722 630 ἔστιν.
1738 604 1771 629 Αἱ
1793 603 1849 637 γὰρ

1065 657 1136 684 κατὰ
1149 657 1198 692 τὴν
1213 655 1374 689 οἰκουμένην
1387 654 1477 685 πόλεις
1493 653 1616 679 πλεῖστον
1630 650 1752 685 ἀλλήλων
1770 649 1847 683 ἀπῳ-

1065 702 1202 737 κισμέναι,
1223 702 1283 732 ταῖς
1299 700 1369 727 κατὰ
1384 700 1433 735 τὴν
1449 697 1580 733 ἀνατολὴν
1594 695 1781 732 τετραμμέναι
1797 695 1845 730 ῥυ-

1066 748 1218 784 μοτομίαις,
1233 747 1263 780 ἐξ
1285 747 1341 774 ἴσου
1357 747 1441 773 πᾶσαι
1460 746 1490 772 τὸ
1511 744 1648 779 σεληναῖον
1669 742 1727 776 φῶς
1751 740 1849 767 ὑποδέ-

1065 803 1165 830 χονται,
1181 794 1341 829 καὶ¹όμοίως
1355 793 1439 828 αὐτὴν
1453 793 1477 818 οἱ
1489 791 1538 827 τὴν
1553 791 1627 817 δύσιν
1643 789 1782 819 οἰκοῦντες
1799 787 1848 813 καὶ

1064 840 1098 866 τὰ
1114 838 1284 874 μεσημϐρινὰ
1296 838 1343 864 καὶ
1358 837 1467 873 ἁρκτῷα
1486 837 1554 872 μέρη
1570 834 1726 871 Θεωροῦσιν.

270 879 370 913 Quinto
384 886 473 909 autem
491 882 544 914 die,
563 882 631 909 Deus
643 883 717 917 aquis
745 887 774 908 ut
805 883 952 909 animarum
980 883 1016 909 vi-

1100 873 1139 920 Τῇ
1153 884 1176 910 δ’
1187 873 1278 919 ἡμέρᾳ
1293 885 1326 919 τῇ
1341 883 1452 918 πέμπτῃ
1464 880 1646 916 προσέταξεν
1661 881 1678 907 ὁ
1692 878 1765 910 Θεὸς
1776 877 1848 910 ἐεαο

236 927 347 953 mentium
365 927 469 961 replilia
490 927 632 955 secundum
653 936 732 963 genus
750 928 920 962 producerent
931 928 1014 963 jussit

237 973 275 1004 ";
289 973 433 1008 statimque
449 981 523 1002 mare
536 975 612 1001 varia
624 974 802 1001 animantium
819 981 917 1010 genera
935 982 1015 1009 pepe—

235 1017 281 1044 rit.
295 1017 394 1045 Horum
413 1019 534 1053 qumdam
550 1026 603 1046 non
619 1019 710 1046 minus
724 1019 807 1046 humo
823 1026 902 1054 quam
918 1023 1015 1054 stagno

235 1068 428 1096 consuescunt,
444 1064 526 1091 veluti
542 1064 617 1091 vituli
632 1064 739 1096 marini.
753 1071 821 1099 quos
838 1067 936 1091 vocant
949 1064 1015 1099 pho-

235 1116 299 1142 cas;
314 1110 454 1142 crocodili,
467 1111 529 1145 equi
541 1110 694 1143 ﬂuviatiles,
706 1118 756 1138 nec
771 1118 825 1138 non
847 1114 874 1138 et
891 1117 973 1143 ranae,
988 1114 1015 1138 et

235 1155 338 1186 cancri,
355 1155 455 1189 quibus
478 1155 589 1182 natandi
610 1163 663 1182 non
694 1156 764 1183 inest
790 1155 924 1188 facultas;
953 1163 1014 1183 cum

234 1200 306 1226 enim
321 1205 418 1227 natura
429 1200 455 1227 id
479 1201 595 1228 habeant
618 1205 646 1228 ut
662 1205 768 1235 rcpant,
786 1200 869 1227 ductu
882 1208 1014 1235 aquarum

235 1245 392 1273 trahuntur.
409 1246 537 1279 Quzedam
555 1247 681 1273 animalia
707 1247 827 1282 pariunt,
843 1247 926 1273 veluti
938 1247 1014 1274 vituli

236 1291 345 1323 marini,
358 1291 488 1327 delphini.
502 1293 665 1327 torpedines,
680 1297 707 1320 et
718 1293 760 1320 his
775 1291 1014 1326 similia._Tantum

237 1335 411 1370 Deusjussit,
425 1341 451 1364 et
462 1338 550 1371 pisces
562 1345 666 1370 omnes,
684 1338 742 1366 sive
765 1338 805 1366 illi
822 1337 849 1365 in
865 1337 920 1364 alto
934 1339 1013 1369 mari.

236 1379 293 1405 sive
308 1380 334 1406 in
348 1379 448 1411 littore,
466 1381 523 1408 sive
537 1382 564 1408 in
589 1381 651 1409 imis
676 1383 808 1416 partibus,
830 1384 886 1411 sive
900 1385 927 1411 in
940 1385 1014 1411 saxis

235 1426 366 1459 gregatim
383 1426 424 1453 vel
441 1427 554 1461 sparsim
562 1428 666 1460 vivunt,
681 1429 737 1456 sive
753 1429 892 1458 immensa:
909 1430 1012 1465 magni-

235 1471 339 1498 tudinis
354 1476 422 1504 cete,
437 1473 494 1500 sive
508 1473 683 1501 minutissimi
705 1475 868 1509 prodi-bant;
896 1475 1013 1503 naturali

235 1517 351 1552 quadam
368 1524 430 1543 cum
456 1518 533 1552 aquis
548 1517 677 1546 aliinitate
693 1519 843 1553 conjuncti.
872 1519 1014 1554 Paulisper

234 1563 306 1588 enim
321 1562 344 1588 si
361 1562 395 1589 ab
405 1562 483 1596 aquis
495 1567 666 1597 separentur.
683 1563 805 1598 spirandi
824 1563 952 1592 facultate
965 1564 1010 1591 de-

234 1606 331 1638 stituti,
349 1606 500 1640 intereunt;
526 1615 588 1634 nam
601 1607 796 1635 branchiaer
811 1608 970 1642 dilatatione
987 1612 1014 1636 et

234 1652 420 1680 contractione
437 1652 570 1687 recipiunt
581 1661 679 1688 aquam
693 1658 720 1681 et
742 1654 879 1686 emittunt,
892 1655 1013 1681 vitalem-

234 1704 287 1731 que
302 1697 373 1724 hunc
385 1698 504 1725 habitum
523 1698 657 1732 reddunt;
676 1699 767 1727 nullus
783 1700 854 1727 inter
872 1708 919 1727 eos
930 1699 1013 1726 dimi—

234 1743 324 1770 diatos
351 1743 431 1770 habet
457 1744 562 1776 dentes,
582 1745 630 1773 sed
654 1753 750 1773 omnes
772 1745 827 1772 illis
852 1745 1014 1773 acuminatis

233 1787 404 1821 muniuntur,
428 1796 463 1816 ne
490 1789 534 1816 diu
561 1790 588 1816 in
607 1789 760 1816 mandendo
773 1789 903 1824 impediti,
922 1790 1012 1816 cibum

233 1833 395 1861 diﬁluentem
422 1834 565 1866 amittant;
582 1841 648 1861 sane
664 1835 736 1861 enim
759 1837 824 1861 tunc
851 1835 928 1862 cibus
944 1834 1014 1862 male

233 1880 402 1916 perderetur.
422 1879 502 1907 Solus
515 1881 629 1915 piscium
644 1887 740 1908 scarus
752 1880 851 1907 dicitur
863 1881 1012 1913 ruminare.

235 1926 425 1960 alimentisque
440 1926 511 1957 aliis,
526 1926 571 1952 alii
595 1926 647 1952 sibi
672 1927 864 1954 consentaneis
887 1930 1011 1954 utuntur.

233 1971 349 2003 Quidam
365 1971 436 1998 enim
452 1972 509 1998 luto
519 1976 675 2004 vescuntur,
702 1972 747 1999 alii
773 1972 843 2009 alga,
860 1972 906 2000 alii
922 1973 1014 2000 herbis

234 2025 293 2052 qua:
307 2017 334 2043 in
350 2025 419 2052 aqua
444 2020 581 2049 crescunt,
597 2017 707 2052 quidam
724 2018 806 2045 etiam
835 2025 896 2046 sese
918 2022 1013 2045 mutuo

233 2062 373 2090 devorant.

269 2109 375 2136 Habent
401 2110 464 2138 item
479 2113 506 2138 et
521 2117 585 2138 suas
612 2110 801 2145 proprietates.
819 2110 900 2138 Serra
925 2109 1008 2144 piscis

234 2157 291 2184 alas
309 2156 390 2184 habet
399 2157 528 2192 oblongas
539 2177 546 2189 ,
560 2157 582 2184 si
601 2164 695 2184 navem
707 2156 835 2184 secundis
851 2157 939 2184 ventis
954 2164 1014 2184 cur-

1065 930 1166 966 ταγεῖν
1178 930 1214 956 τὰ
1233 929 1328 956 ὕδατα
1344 928 1452 962 ἑρπετὰ
1470 925 1576 965 ψυχῶν
1591 924 1692 955 ζωσῶν
1711 923 1787 951 κατὰ
1800 922 1848 957 τέ-

1063 985 1127 1010 νοςν
1143 977 1189 1003 καὶ
1203 975 1302 1006 εὐθέως
1317 975 1333 1010 ὴ
1352 974 1400 1010 μὲν
1415 973 1536 1000 θάλασσα
1552 973 1664 999 παντοῖα
1681 970 1757 1003 ζώων
1779 970 1846 1004 γένη

1063 1022 1177 1057 διάφορα
1198 1021 1346 1056 ἀπεκύησε.
1367 1019 1426 1046 Τῶν
1445 1019 1499 1054 γὰρ
1523 1018 1633 1045 ὲναλίων
1646 1017 1680 1043 τά
1700 1016 1750 1052 μέν
1771 1017 1847 1042 ἐστιν

1065 1067 1192 1103 ἀμφίϐια,
1206 1065 1260 1094 οἷον
1281 1066 1380 1100 φῶκαι.
1400 1065 1447 1092 καὶ
1462 1063 1635 1100 κροκόδειλοι,
1651 1061 1698 1088 καὶ
1718 1061 1743 1087 οἱ
1759 1068 1846 1086 ποτα-

1066 1116 1149 1150 μιαῖοι
1160 1114 1248 1144 ἵπποι,
1263 1112 1303 1138 ἔτι
1320 1111 1348 1138 δὲ
1361 1112 1384 1137 οἱ
1406 1110 1545 1146 βάτραχοι,
1563 1108 1608 1135 καὶ
1621 1108 1646 1134 οἱ
1661 1107 1796 1142 καρκῖνοι,
1813 1104 1844 1131 οὗ

1066 1161 1155 1196 μέντοι
1177 1159 1207 1186 τὸ
1226 1157 1351 1193 νηκτικδν
1368 1156 1468 1192 ἔχουσι·
1493 1153 1643 1190 ἐρπυστικὰ
1665 1153 1719 1188 γάρ
1737 1154 1796 1179 ἐστι
1811 1152 1846 1186 τῇ

1064 1207 1153 1242 φύσει,
1169 1205 1207 1241 τῷ
1229 1204 1350 1240 ήγήματι
1372 1201 1417 1229 τοῦ
1434 1201 1528 1232 ὓδατος
1549 1199 1749 1235 ὲπισυρόμενα’
1766 1198 1802 1224 τὰ
1815 1197 1844 1224 δὲ

1064 1252 1193 1284 ζωοτόκα,
1214 1247 1269 1277 οἷον
1289 1249 1387 1284 φῶκαι,
1404 1248 1450 1274 καὶ
1463 1247 1593 1280 δελφῖνες,
1610 1245 1657 1272 καὶ
1673 1245 1783 1279 νάρκαι,
1798 1244 1847 1270 καὶ

1063 1299 1097 1327 τά
1108 1299 1186 1334 ὃμοια
1200 1297 1299 1327 αὺτοῖς.
1315 1296 1401 1323 Μόνον
1415 1295 1443 1322 δὲ
1460 1292 1622 1330 προσέταξεν
1637 1292 1652 1318 ὁ
1662 1291 1738 1322 Θεὸς,
1752 1290 1799 1316 καὶ
1811 1289 1845 1315 τὰ

1064 1345 1189 1379 πελαγία,
1212 1343 1259 1370 καὶ
1273 1342 1307 1368 τὰ
1327 1340 1483 1376 αἰγιαλώδη,
1497 1339 1532 1366 τὰ
1546 1339 1634 1374 βύθια,
1655 1337 1690 1364 τὰ
1706 1335 1842 1371 πετρώδη,

1061 1392 1096 1419 τά
1105 1391 1228 1426 ἀγελαῖα,
1242 1389 1276 1416 τὰ
1287 1387 1488 1424 σποραδικὰ,τά
1504 1387 1584 1422 κήτη,
1597 1385 1630 1411 τὰ
1644 1383 1794 1420 ὑπέρογκα,
1809 1382 1845 1408 τὰ

1061 1437 1211 1464 λεπτότατα
1232 1435 1286 1461 τῶν
1310 1434 1406 1469 ἰχθύων
1427 1433 1525 1468 προΐει,
1552 1430 1709 1465 συγγένειαν
1727 1428 1794 1464 πρὸς
1814 1427 1845 1453 τδ

1063 1482 1134 1518 ὕδωρ
1148 1481 1263 1517 φυσικὴν
1279 1480 1384 1515 ἔχοντα.
1397 1477 1500 1514 Μικρὸν
1515 1477 1570 1513 γὰρ
1584 1477 1608 1503 εί
1620 1476 1666 1503 τοῦ
1681 1475 1775 1506 ὕδατος
1788 1483 1843 1509 χω-

1026 1549 1047 1577 C
1065 1529 1154 1565 ρισθῇ,
1170 1527 1206 1563 μὴ
1220 1527 1314 1562 ἔχοντα
1327 1524 1472 1577 ἀναπνρὴν,
1485 1522 1678 1577 διαφθείρεται-
1692 1521 1778 1577 ήθγὰρ
1791 1519 1845 1577 ἷῶν

1065 1574 1202 1610 βραγχίων
1216 1573 1306 1603 αὐτοῖς
1326 1570 1459 1604 διαστολὴ,
1476 1569 1524 1597 καὶ
1543 1567 1696 1601 ὲπίπτυξις,
1711 1566 1843 1602 δεχομένη

1063 1620 1093 1646 τὸ
1109 1619 1190 1654 ὕδωρ,
1211 1618 1258 1645 καὶ
1289 1617 1396 1648 διιεῖσα,
1412 1615 1512 1651 ταύτην
1527 1614 1575 1650 τὴν
1588 1613 1724 1648 ἀναπνοὴν
1747 1612 1843 1647 κέκτη-

1062 1674 1117 1692 ται.
1135 1664 1216 1691 Οὐδὲν
1228 1663 1292 1700 παρ’
1306 1664 1395 1694 αὐτοῖς
1407 1662 1435 1695 ἐξ
1446 1661 1570 1697 ἡμισείας
1583 1660 1638 1695 ἔχει
1647 1659 1710 1690 τοὺς
1723 1658 1842 1689 ὀδόντας,

1063 1710 1131 1737 ἀλλά
1150 1710 1238 1737 πάντα
1253 1709 1357 1736 ὀδοῦσιν
1370 1708 1441 1741 ὀξέσι
1456 1705 1712 1736 καταπεπύκνωται,
1731 1703 1800 1738 πρὸς
1815 1702 1845 1728 τὸ

1065 1755 1102 1792 μὴ
1116 1755 1249 1791 διαρῤέειν
1262 1755 1295 1790 τῇ
1309 1753 1402 1789 χρονία
1418 1752 1534 1788 μασήσει
1543 1751 1591 1786 τὴν
1603 1750 1716 1785 τροφήν.
1730 1748 1844 1783 Ἔμελλε

1063 1801 1117 1837 γὰρ
1142 1803 1170 1828 ὲν
1195 1802 1227 1836 τῇ
1252 1800 1337 1836 λεπτῇ
1366 1800 1481 1835 μασήσει
1501 1795 1703 1832 διαφθείρεσθαι
1726 1794 1780 1821 ὑπὸ
1798 1794 1844 1821 τοῦ

1064 1847 1167 1879 ὓδατος.
1189 1847 1233 1882 Μη
1239 1845 1341 1881 ρυκίζει
1368 1845 1396 1871 δὲ
1409 1845 1484 1872 οὐδὲν
1498 1843 1560 1870 ἄλλο
1576 1843 1640 1878 παρ’
1651 1842 1745 1873 αὐτοῖς
1759 1841 1783 1867 εἰ
1806 1840 1843 1875 μὴ

1062 1895 1076 1920 ό
1091 1893 1200 1928 σκάρος.
1218 1891 1295 1918 Ἔστι
1309 1890 1338 1917 δὲ
1354 1890 1400 1917 καὶ
1414 1890 1430 1925 ή
1452 1888 1538 1924 τροφὴ
1556 1887 1620 1922 ἀλλη
1641 1885 1732 1917 ἀλλοις
1744 1885 1846 1912 καταλ-

1063 1939 1151 1974 ληλος.
1165 1939 1196 1965 Οἱ
1212 1938 1261 1974 μὲν
1275 1937 1330 1973 γὰρ
1345 1937 1396 1963 ίλύῖ
1405 1937 1560 1972 τρέφονται,
1574 1934 1598 1960 οι
1614 1933 1642 1960 δὲ
1655 1933 1712 1964 τοῖς
1727 1932 1844 1966 φυκίοις,

1063 1987 1136 2014 ἄλλοι
1151 1987 1211 2017 ταῖς
1226 1985 1349 2020 βοτάναις
1360 1985 1418 2016 ταῖς
1429 1983 1608 2019 τρεφομέναις
1622 1981 1662 2017 τῷ
1678 1980 1758 2007 ὕδατι
1767 1988 1774 1995 ·
1789 1979 1846 2005 ἓτε-

1065 2042 1105 2069 ροι
1118 2032 1146 2060 δέ
1159 2034 1226 2059 εἰσιν
1241 2030 1430 2066 ἀλληλοφάγοι.

1100 2111 1178 2138 Ἔστι
1191 2111 1219 2137 δὲ
1234 2109 1322 2137 αὐτῶν
1342 2108 1388 2135 καὶ
1409 2108 1526 2143 διάφορα
1544 2106 1684 2142 ἰδιώματα.
1706 2105 1738 2132 '0
1760 2103 1846 2139 πριὼν

1064 2158 1200 2194 πτέρυγας
1213 2157 1269 2192 ἔχει
1284 2155 1400 2192 μακράς-
1414 2154 1460 2181 καὶ
1473 2153 1637 2188 θεασάμενος
1651 2151 1744 2178 πλοῖον
1759 2151 1847 2185 οὐριο-

233 2210 293 2231 sum
306 2206 441 2230 tenentem
457 2210 536 2229 suum
553 2203 659 2233 viderit.
673 2203 760 2231 alisin
772 2204 857 2230 altum
880 2203 1011 2235 extensis,

1065 2203 1190 2240 δρομοῦν.
1217 2203 1263 2229 καὶ
1285 2201 1365 2234 αὐτὸς
1386 2199 1494 2235 ὐψὼσας
1514 2197 1610 2225 ἑαυτοῦ
1625 2196 1674 2228 τὰς
1695 2196 1844 2244 πτέρυγαςῖ

232 2248 310 2275 navis
321 2248 411 2276 varios
423 2247 597 2283 ingrediendo
613 2251 703 2275 motus
719 2252 800 2283 atque
811 2249 911 2284 ﬁguras
923 2248 1012 2275 imita«

231 2297 289 2324 tur.
303 2297 330 2320 et
343 2301 405 2320 cum
423 2293 490 2327 ipsis
503 2294 693 2328 navigantibus
707 2294 740 2321 de
750 2302 832 2322 cursu
847 2297 947 2325 certat;
964 2293 1011 2328 qui

233 2340 278 2367 ubi
294 2340 474 2375 quadraginta
499 2340 649 2368 stadiorum
665 2340 782 2375 spatium
798 2340 957 2375 expleverit,
976 2340 1013 2366 la-

232 2386 297 2413 bore
310 2385 448 2421 fatigatus.
461 2386 511 2414 alis
533 2385 663 2418 dimissis,
687 2393 793 2413 summa
817 2393 888 2420 aqua
900 2389 1009 2418 natans,

229 2431 258 2458 in
277 2432 415 2466 proprium
429 2431 518 2458 locum
534 2435 607 2459 retro
619 2437 696 2459 actus
712 2431 833 2466 appellit.

267 2476 373 2504 Balaana
394 2484 475 2512 quam
490 2477 734 2512 Aspidochclonam
761 2476 872 2512 quidam
902 2476 1008 2507 dicunt.

230 2522 260 2549 in
275 2522 433 2550 immensam
450 2523 661 2558 magnitudinem
678 2522 820 2555 adolescit,
835 2522 872 2549 ita
889 2526 919 2549 ut
934 2523 1011 2549 navi-

231 2569 358 2603 gantibus
381 2569 498 2604 speciem
516 2569 634 2604 ingentis
650 2568 747 2596 insulae
758 2572 944 2603 repraesentet.
971 2567 1010 2595 Ex

229 2613 363 2650 profundo
377 2622 493 2650 namque
508 2622 649 2650 emergens
669 2614 769 2641 eminet
785 2614 867 2641 dorso
895 2614 1010 2640 multum

229 2669 312 2695 supra
326 2668 420 2695 aquas,
434 2660 506 2696 quod
521 2660 598 2688 duris
616 2660 775 2696 asperisque
789 2660 862 2687 saxis
882 2660 1010 2687 vestitum

229 2705 352 2737 videtur;
371 2709 398 2733 et
421 2707 449 2733 iu
469 2714 501 2734 eo
517 2705 577 2734 fixis
600 2706 670 2740 palis
693 2713 776 2733 naves
799 2705 921 2740 alligant,
950 2711 1011 2739 qua:

231 2751 320 2777 statim
333 2752 360 2778 in
374 2759 472 2786 aquam
486 2755 640 2786 emergunt,
652 2759 713 2780 eum
723 2751 827 2778 balaena
843 2750 1011 2786 apricatione

231 2795 373 2823 incaluerit
387 2805 470 2832 seque
493 2798 520 2824 in
535 2797 699 2832 profundum
718 2797 900 2826 immerserit;
930 2796 1011 2825 habet

268 2843 289 2858 “
305 2841 368 2869 Gen.
387 2851 407 2876 ι,
425 2844 467 2872 i5.

1066 2251 1187 2286 μιμεῖται
1210 2248 1260 2283 τῆς
1282 2247 1344 2283 νηὸς
1364 2247 1397 2274 τὰ
1419 2247 1544 2282 σχήματα
1563 2245 1614 2279 τῆς
1633 2244 1778 2278 κινήσεως,
1800 2241 1846 2268 καὶ

1064 2295 1147 2331 ἐρίζει
1161 2295 1217 2325 τοῖς
1238 2293 1357 2319 πλέουσι.
1373 2292 1492 2327 Ποιήσας
1504 2288 1550 2317 οὖν
1571 2288 1695 2319 σταδίους
1709 2286 1844 2322 τεσσαρά-

1064 2349 1156 2371 κοντα,
1174 2339 1220 2367 καὶ
1236 2338 1379 2370 κοπιάσας,
1398 2337 1521 2372 καθίησιν
1536 2334 1616 2362 αὑτοῦ
1630 2334 1678 2365 τὰς
1695 2332 1844 2368 πτέρυγας.

1063 2387 1110 2414 καὶ
1133 2387 1244 2422 φέρεται
1267 2385 1320 2412 ὑπὸ
1338 2385 1396 2412 τῶν
1418 2384 1547 2419 κυμάτων
1567 2382 1608 2413 εἰς
1627 2380 1672 2407 τὸν
1695 2379 1779 2406 τόπον
1801 2378 1844 2404 τὸν

1063 2434 1138 2461 ἴδιον.
1230 2432 1234 2436 ”

1097 2478 1134 2504 Τὸ
1149 2477 1177 2504 δὲ
1193 2478 1273 2513 κῆτος
1290 2476 1410 2503 καλεῖται
1421 2474 1471 2508 μὲν
1483 2471 1694 2508 Ἀσπιδοχελώνη
1709 2471 1786 2506 παρά
1804 2479 1843 2496 τι-

1063 2533 1119 2552 σιν’
1138 2524 1196 2550 ἐστι
1213 2523 1241 2550 δὲ
1256 2524 1289 2558 τῇ
1305 2522 1384 2557 φύσει
1404 2519 1673 2556 παμμεγεθέστατον,
1692 2517 1731 2548 ὡς
1749 2517 1843 2544 πολλά-

1062 2580 1106 2602 κις
1125 2573 1182 2603 τοῖς
1204 2568 1420 2604 ναυτιλλομένοις
1444 2568 1525 2603 νήσου
1553 2565 1672 2601 μεγάλης
1698 2565 1844 2598 φαντασίαν

1062 2617 1219 2652 ἐμποιῆσαι.
1243 2615 1434 2646 Ἀναδύσαντος
1455 2613 1509 2650 γὰρ
1529 2612 1610 2640 αὑτοῦ
1631 2613 1664 2638 ἐκ
1682 2610 1731 2638 τοῦ
1754 2609 1842 2645 βυθοῦ,

1063 2661 1100 2692 ὡς
1113 2661 1180 2687 λίθοι
1190 2661 1300 2696 τραχεῖς
1311 2659 1341 2686 τὸ
1354 2659 1432 2694 σῶμα.
1445 2659 1526 2686 αὑτοῦ
1539 2657 1709 2692 ὲκφαίνεται,
1722 2655 1770 2682 καὶ
1785 2662 1844 2689 περι

1065 2706 1130 2733 αὐτὸ
1151 2706 1251 2738 πάλους
1271 2705 1492 2740 καταπηγνύντες
1506 2702 1665 2738 ικδεσμοῦσι
1682 2702 1717 2728 τὰ
1744 2700 1843 2733 σκάφη,

1065 2751 1140 2778 ἅτινα
1169 2751 1336 2787 παραχρῆμα
1361 2749 1506 2785 βυθίζεται,
1528 2748 1573 2775 τοῦ
1598 2748 1697 2783 κήτους
1727 2745 1781 2772 ὑπὸ
1800 2743 1842 2770 τοῦ

1069 2792 1144 2831 imm}
1154 2795 1224 2824 διαθι
1230 2796 1403 2832 ρμανθέντος,
1420 2795 1465 2823 καὶ
1475 2795 1514 2825 εἰς
1525 2793 1570 2820 τὴν
1585 2791 1665 2827 βυθὸν
1675 2789 1840 2819 mmem-
