1909 3071
45 123 98 152 725

506 125 641 154 SPUBIA.
660 141 694 146 —-
714 125 892 153 COMMENT.
911 125 944 153 lN
963 125 1211 156 HEXAEMERON.

1620 129 1672 158 726

43 194 106 218 τος·
127 186 186 222 ἔχει
201 186 228 213 δὲ
249 187 325 219 αὐτὸ,
350 187 397 214 καὶ
412 187 490 222 φύσει
527 187 637 224 βαρεῖαν
656 188 757 223 φωνὴν,
787 187 834 214 καὶ

893 191 912 214 :t
925 195 1018 215 vocem
1029 194 1150 223 gravem,
1166 191 1193 214 ct
1215 186 1285 215 tame
1305 195 1336 216 os
1353 189 1450 223 aperit,
1467 189 1676 217 suavissimum-

44 232 180 268 πεινῆσαν
212 233 330 268 ἀνοίγειν
351 234 382 260 τὺ
410 234 510 270 στόμα,
543 234 590 261 καὶ
619 233 759 269 ἀποφορὰν
788 235 835 260 ὲκ-

45 280 169 315 πέμπειν
193 280 391 315 εὐωδεστάτην,
415 281 485 307 ὥστε
511 281 574 312 τοὺς
603 281 716 316 μικροὺς
743 279 836 315 ίχούας

43 326 223 360 ἀφέλκεσθαι,
249 327 294 353 καὶ
315 328 355 358 είς
376 327 406 354 τὸ
429 327 516 362 στόμα
541 327 639 358 αὐτοὺς
663 327 739 358 ὅλους
754 326 835 352 αὑτοῦ

43 371 280 404 ἐπιπιὸάζεσθαι.
295 373 426 399 Κατοικεῖ
439 373 467 399 δὲ
488 372 566 399 τοῦτο
582 373 616 399 τὰ
635 372 776 399 Ἀτλάντια
789 381 836 398 πε-

41 418 114 454 λάγη
131 418 176 445 διὰ
189 418 219 445 τὸ
237 419 361 454 μέγεθος.

79 464 127 500 Τῷ
148 465 177 491 δὲ
198 465 320 501 καρκίνῳ
335 466 353 501 ἡ
373 465 439 501 σὰρξ
459 465 506 492 τοῦ
528 465 638 500 ὀστρέου
656 465 729 492 ἐστὶν
746 463 837 491 ἐδώδι-

44 519 106 544 μος,
122 511 171 537 καὶ
187 510 224 546 μὴ
243 511 342 546 ἰσχύων
359 511 461 544 ἀνοῖξαι
483 511 537 538 τῶν
557 511 665 546 κόγχων
684 510 765 537 αὑτοῦ
787 510 837 545 τὴν

43 555 213 590 σύμπτυξιν,
236 555 360 591 ἐπιτηρεῖ
383 555 431 587 τὰς
456 555 562 591 πτυχὰς
585 555 666 581 αὐτοῦ
694 555 837 587 ἀνοίξαντα

43 601 72 626 ἐν
97 602 156 633 τοῖς
177 601 328 637 ἀπηνέμοις
350 602 452 633 τύποις,
473 601 520 628 καὶ
540 603 572 637 τῇ
597 602 667 637 αὺγῇ
690 601 735 628 τοῦ
762 601 836 637 ἡλίου

42 647 225 682 τερπόμενον,
245 647 292 674 καὶ
312 646 400 674 λαὸὼν
419 647 523 682 ψηφῖδα
544 647 663 682 ἐντίθησι
689 645 836 681 λαθραίως,

43 695 92 720 καὶ
106 694 209 720 κωλύει
224 693 273 729 τὴν
301 693 462 729 σύμπτυξιν,
484 693 531 720 καὶ
555 693 626 719 οὕτω
655 693 754 728 ῥαδίως
773 692 838 719 αὐτὸ

42 740 202 767 κατέδεται.

85 787 116 813 '0
129 787 159 813 δὲ
180 788 267 822 ἐχῖνος
296 786 477 823 προγινώσκει
491 787 538 813 τοῦ
561 785 694 822 χειμῶνος
708 785 755 821 τὴν
777 785 838 820 ἐφο⁴

42 832 100 863 δον,
119 833 166 859 καὶ
177 833 281 869 ψηφῖδα
295 834 441 869 ὑπέρχεται
454 833 520 869 πρὸς
532 833 562 858 τὸ
576 832 613 868 μὴ
624 832 676 858 ὑπὸ
689 831 739 866 τῆς
752 832 837 867 φορᾶς

41 878 98 905 τῶν
113 879 244 914 κυμάτων
262 880 343 906 αὑτὸν
356 879 545 915 περιάγεσθαι.

85 923 116 951 ’0
139 925 168 951 δὲ
193 925 340 957 πολύπους,
365 925 557 962 προσπελάσας
574 924 662 961 πέτρᾳ
684 925 746 955 τινὶ,
770 925 835 960 ὁμό-

43 979 125 1006 χροος
143 972 212 1007 αὐτῇ
237 972 399 1008 καθέστηκε,
425 973 472 999 καὶ
487 973 549 1004 τοὺς
566 972 725 1006 ὲγγίζοντας
742 972 836 1007 ἰχθύας

43 1017 78 1052 τῇ
95 1017 186 1053 πέτρᾳ.
200 1018 351 1045 κατέδεται.

79 1063 253 1098 Μικρότατον
274 1063 301 1090 δὲ
325 1065 359 1099 τῇ
377 1063 456 1098 φύσει
473 1065 488 1099 ἡ
512 1063 616 1099 ἐχενηῖς
633 1063 770 1098 τυγχάνει,
789 1064 835 1090 καὶ

43 1108 79 1136 τὰ
96 1109 214 1145 μέγιστα
228 1110 282 1137 τῶν
297 1109 396 1136 πλοίων
409 1110 439 1143 ἐξ
459 1111 552 1145 οὐρίας
568 1110 705 1146 φερόμενα
718 1110 834 1145 ἵστησιν,

43 1155 114 1183 ὥστε
130 1155 217 1182 δοκεῖν
229 1156 260 1182 τὸ
275 1156 365 1182 πλοῖον
381 1156 539 1192 ὲρηρεῐσοαι
553 1157 593 1187 είς
608 1156 638 1182 τὸ
653 1156 779 1190 πέλαγος.

81 1200 179 1237 ’Υδρις
200 1201 229 1227 δὲ
254 1201 327 1228 ἐστιν
347 1202 375 1227 ὲν
393 1201 432 1236 τῷ
458 1200 583 1236 ποταμῷ,
608 1201 715 1237 μορφὴν
737 1201 834 1237 ἔχουσα

45 1247 143 1280 κυνὸς,
169 1247 231 1282 ἥτις
253 1247 300 1274 τοῦ
325 1247 495 1283 κροκοδείλου
518 1247 602 1284 ἐχθρὰ
626 1248 763 1282 τυγχάνει,
788 1248 835 1274 καὶ

43 1293 152 1328 ἀναιρεῖ
167 1292 262 1318 τοῦτον
285 1292 458 1320 καθεύδοντα.
482 1293 518 1319 Th
543 1293 597 1328 γὰρ
623 1293 711 1329 στόμα
735 1293 833 1319 ἑαυτοῦ

42 1338 181 1371 διανοίξας
206 1339 221 1364 ὁ
243 1339 412 1374 κροκόδειλος
433 1339 573 1366 καθεύδει·
597 1339 675 1375 καὶὴ
694 1339 777 1375 ὖδρις,
795 1341 834 1372 είς

43 1383 129 1419 πηλὸν
151 1383 252 1419 ἑαυτὴν
276 1384 455 1417 ὲγκωλὺσασα
482 1384 514 1420 [f.
541 1384 729 1420 ὲγκυλίσασαῙ,
748 1386 788 1417 είς
804 1387 835 1412 τὸ

42 1429 134 1464 στόμα
155 1428 238 1455 αὑτοῦ
267 1430 392 1464 etiamsi,
421 1430 467 1456 καὶ
490 1429 577 1456 πάντα
596 1429 629 1456 τὰ
658 1430 731 1462 me;
751 1430 833 1458 αὑτοῦ

41 1475 228 1502 κατεσθίουσα
247 1475 352 1511 ἀναιρεῖ
367 1475 457 1502 αὐτόν.

79 1521 162 1550 Ἐστι
177 1520 206 1546 δὲ
222 1521 236 1547 ὁ
247 1520 416 1556 κροκόδειλος
433 1521 525 1556 θηρίον
541 1521 607 1557 ὁμοῦ
623 1522 669 1549 καὶ
684 1521 769 1557 ἰχθὺς,
787 1522 834 1548 καὶ

43 1568 118 1603 μέγα
136 1567 192 1593 ἀπὸ
209 1566 330 1602 κεφαλῆς
345 1566 409 1602 ἄχρι
432 1567 524 1603 οὐρᾶς·
539 1568 568 1593 οὺ
586 1568 635 1603 μὲν
650 1568 706 1602 ἔχει
718 1569 748 1594 τὸ
766 1567 835 1595 πλά-

39 1623 86 1646 τος
103 1612 153 1639 τοῦ
172 1613 303 1648 μεγέθους
322 1613 461 1647 ἀνάλογον.
483 1614 516 1640 Ἠ
532 1614 560 1640 δὲ
580 1614 646 1650 δορὰ
663 1613 744 1642 αὑτοῦ
759 1614 836 1646 λεπὶς

39 1659 176 1694 τυγχάνει
191 1659 270 1695 ρυτὴ,
287 1659 334 1686 καὶ
350 1661 366 1695 ὴ
382 1660 460 1695 χροιὰ
479 1660 525 1686 τοῦ
547 1660 630 1687 νώτου
647 1660 727 1688 αὑτοῦ
749 1661 835 1697 πέτρᾳ

41 1705 163 1740 μελαίνῃ
180 1704 278 1736 ἔοικεν,
299 1705 315 1740 ὴ
336 1704 364 1730 δὲ
378 1705 484 1740 γαστὴρ
505 1704 599 1741 λευκῇ.
614 1705 695 1737 Πόδες
712 1705 741 1732 δὲ
753 1706 836 1732 αὑτοῦ

39 1752 97 1777 εἰσὶ
119 1750 262 1786 τέσσαρες,
287 1751 327 1782 είς
351 1749 381 1776 τὸ
402 1751 515 1784 πλάγιον
535 1751 626 1786 ἠρέμα
647 1752 834 1786 κυρτούμενον

40 1793 138 1825 καθὼς
154 1794 207 1829 τῆς
220 1794 349 1830 χερσαίας
365 1794 495 1830 χελώνης,
511 1794 580 1830 οὐρὰ
603 1796 697 1831 μακρὰ
718 1797 764 1823 καὶ
784 1805 837 1823 πα-

40 1842 115 1876 χεῖα·
139 1841 189 1876 τῆς
214 1841 318 1875 ῥάχεως
343 1841 396 1877 γάρ
416 1842 490 1868 ἐστιν
514 1842 573 1874 ἐνὸς
594 1843 688 1869 ὀστέου
711 1844 834 1880 τελευτή.

48 1887 234 1923 Ἐντέτμηται
253 1887 282 1913 δὲ
297 1887 398 1914 ἄνωθεν
415 1889 455 1920 εἰς
475 1888 605 1921 ἀκάνθας,
623 1888 670 1915 καὶ¹
685 1890 753 1916 εἰσὶν
770 1890 836 1916 ὡσεὶ

41 1934 99 1962 τῶν
113 1935 234 1970 πριόνων
247 1935 344 1970 ἀκμαὶ,
359 1936 405 1964 καὶ
418 1935 513 1961 τύπτει
531 1935 559 1961 ἐν
573 1936 641 1971 αὐτῇ
656 1935 724 1971 πρὸς
738 1935 785 1968 οὓς
803 1935 836 1963 ἂν

42 1980 160 2017 παλαίῃ.
178 1981 235 2008 Μία
251 1981 279 2007 δὲ
297 1981 377 2008 αὐτοῦ
391 1982 449 2008 ἐστὶ
466 1981 568 2018 κεφαλὴ
587 1983 643 2013 τοῖς
665 1981 761 2015 νώτοις
775 1990 836 2009 συν-

43 2028 229 2064 υφαινομένη,
252 2028 299 2055 καὶ
318 2029 357 2060 είς
380 2028 443 2063 μίαν
464 2028 606 2064 ίθυνομένη
631 2028 764 2064 στάθμην·
790 2029 837 2056 καὶ

46 2076 90 2109 ἐφ’
102 2075 166 2101 ὅσον
180 2074 211 2100 οὐ
226 2073 334 2109 κέχηνε,
349 2073 444 2110 θηρίου
458 2074 515 2100 ἐστὶ
525 2074 641 2110 κεφαλή²
657 2074 704 2101 ἐὰν
715 2074 743 2101 δὲ
756 2075 835 2112 χάνῃ,

43 2121 108 2148 ὅλον
132 2120 221 2156 στόμα
248 2120 364 2154 γίνεται,
392 2119 473 2156 μέχρι
498 2120 553 2148 τῶν
576 2120 659 2156 ὤμων
684 2120 715 2147 τὸ
743 2121 836 2156 χάσμα

47 2166 175 2194 ποιοῦσα.

887 241 940 269 que
959 233 1070 261 odorem
1099 234 1214 268 emittit;
1233 234 1271 261 ita
1286 238 1315 261 ut
1340 234 1475 270 pisciculi,
1501 235 1574 263 illius
1590 236 1674 264 odore

887 280 972 310 ducti,
999 287 1096 307 omnes
1121 280 1203 307 simul
1230 280 1256 306 in
1273 280 1333 314 ejus
1356 288 1403 308 ore
1429 282 1674 316 constipentur;et

888 329 1001 361 propter
1018 326 1179 354 immensam
1200 326 1299 353 molem
1319 325 1484 354 Atlanticum
1507 335 1582 354 mare
1597 327 1675 355 inco-

888 371 927 398 Iit.

925 471 1024 499 Cancri
1054 475 1208 499 ostrearum
1236 472 1347 499 aluntur
1368 473 1508 504 carnibus,
1529 474 1586 508 qui,
1612 481 1674 501 cum

888 525 982 545 earum
999 521 1085 545 testas
1098 518 1174 546 firme
1191 523 1350 545 contractas
1368 519 1475 554 aperire
1490 527 1542 546 non
1555 520 1673 552 valeant,

889 564 916 592 in
929 572 1023 591 earum
1037 565 1123 600 plicas
1144 565 1171 592 in
1191 566 1258 593 locis
1271 566 1386 600 placidis
1400 571 1427 593 et
1442 566 1507 594 solis
1524 566 1608 593 radiis
1628 575 1675 602 pa-

889 614 988 642 tentes,
1005 610 1141 637 calculum
1159 616 1298 646 arreptum
1311 612 1379 638 clam
1404 611 1557 646 imponunt,
1575 619 1676 647 easque

889 657 990 684 frustra
1009 665 1038 685 se
1055 657 1217 684 contrahere
1234 661 1371 686 tentantes
1385 658 1542 686 comedunt.

925 786 1023 814 Echini
1049 788 1182 815 saevitiam
1210 789 1294 817 maris
1321 790 1496 825 praesagiunt,
1513 791 1675 827 lapillosque

889 833 1008 860 subeunt
1033 834 1116 868 aﬂixi,
1141 842 1176 862 ne
1200 842 1333 870 aquarum
1362 836 1531 864 volutatione
1560 837 1674 866 mobiles

863 867 874 892 ⁸
890 878 954 905 hinc
965 878 1028 906 inde
1045 879 1197 906 trahantur.

925 923 1044 960 Polypus
1061 925 1095 952 ad
1109 926 1315 953 similitudinem
1332 926 1385 954 loci
1400 935 1480 962 quem
1496 928 1604 963 attingit
1627 937 1675 955 eo-

889 972 974 999 lorem
992 975 1088 1005 mutat,
1116 972 1331 1008 adnatantesque
1352 974 1499 1008 pisciculos
1520 974 1553 1001 ad
1570 979 1673 1009 petram

889 1023 1014 1046 venatur.

925 1064 972 1092 Est
990 1071 1091 1100 parvus
1106 1064 1251 1092 admodum
1270 1065 1353 1100 piscis
1368 1065 1495 1092 echeneis
1510 1065 1672 1100 appellatus,

888 1110 1013 1146 ingentes
1024 1118 1107 1138 naves
1121 1111 1215 1146 plenas
1233 1112 1321 1138 ventis
1336 1111 1478 1140 adhaerens
1489 1116 1622 1144 moratur,
1636 1112 1674 1139 ita

889 1162 918 1185 ut
933 1157 1087 1184 immobiles
1098 1161 1170 1184 stare
1179 1157 1333 1184 videantur.

924 1201 1025 1238 llydris
1038 1203 1066 1229 in
1083 1202 1242 1231 ﬂuminibus
1258 1203 1335 1235 vivit,
1350 1203 1448 1231 canino
1462 1204 1561 1239 capite,
1577 1212 1674 1232 croco~

888 1248 943 1276 dilo
955 1249 1062 1277 infensa
1073 1257 1152 1285 quem
1167 1253 1194 1277 et
1207 1257 1304 1278 somno
1320 1251 1438 1286 sopitum
1453 1251 1592 1279 interimit.
1607 1252 1676 1279 Cro-

888 1296 995 1324 eodilus
1008 1296 1082 1324 enim
1097 1297 1197 1324 dormit
1212 1297 1297 1324 hianti
1312 1305 1369 1330 ore,
1387 1300 1413 1325 et
1430 1298 1532 1334 hydrus
1545 1299 1603 1326 luto
1617 1306 1675 1327 cte-

888 1349 978 1377 noque
992 1341 1130 1373 obvoluta,
1149 1342 1176 1368 in
1191 1350 1222 1370 os
1237 1342 1334 1375 insilit,
1353 1347 1380 1370 et
1392 1343 1569 1372 interioribus
1585 1345 1673 1372 omni-

887 1387 940 1415 bus
955 1389 1044 1416 exesis
1060 1388 1171 1416 occidit.

923 1521 1058 1549 Caeterum
1080 1521 1236 1549 crocodilus
1252 1525 1293 1549 est
1311 1521 1401 1549 bellua
1422 1522 1504 1550 simul
1528 1526 1555 1550 et
1572 1523 1672 1559 piscis;

887 1568 997 1603 longum
1014 1569 1085 1595 inter
1101 1572 1182 1602 caput
1196 1572 1222 1595 et
1234 1568 1348 1595 caudam
1376 1569 1493 1602 spatium
1509 1569 1672 1602 intercedit;

888 1614 935 1642 sed
948 1613 1112 1649 longitudini
1126 1613 1240 1641 latitudo
1261 1614 1437 1649 proportione
1462 1615 1672 1650 haudquaquam

888 1660 1053 1695 respondet;
1071 1659 1143 1687 culis
1161 1661 1283 1694 squamis
1294 1660 1400 1695 asperis
1419 1660 1582 1694 obducitur;
1598 1662 1674 1689 color

887 1706 963 1734 dorsi
982 1709 1065 1740 petra:
1080 1706 1163 1740 nigrae
1195 1705 1293 1733 similis
1322 1710 1375 1738 est,
1392 1706 1470 1733 alvus
1495 1706 1575 1740 alba;
1590 1706 1673 1741 pedes

887 1755 1015 1787 quatuor,
1031 1751 1058 1779 in
1071 1751 1210 1786 obliquum
1230 1751 1330 1779 sensim
1347 1752 1464 1784 curvati,
1484 1752 1573 1786 qualis
1590 1756 1674 1779 terre-

888 1797 953 1825 stris
979 1797 1144 1831 testudinis;
1163 1797 1250 1825 cauda
1276 1797 1392 1833 oblonga
1415 1802 1441 1825 et
1466 1806 1571 1830 crassa,
1589 1799 1673 1833 spina:

887 1844 960 1871 enim
978 1843 1059 1871 unius
1073 1843 1146 1871 ossis
1159 1849 1201 1871 est
1218 1843 1363 1876 terminus,
1381 1843 1460 1878 cujus
1473 1844 1597 1878 superior
1608 1851 1673 1879 pars

888 1893 1008 1917 serratas
1039 1889 1119 1917 habet
1147 1891 1257 1921 cristas,
1287 1889 1396 1925 illisque
1423 1890 1506 1917 veluti
1534 1897 1672 1918 serrarum

888 1935 1073 1968 acuminibus,
1092 1943 1147 1971 quo
1164 1944 1226 1963 cum
1242 1940 1337 1968 certat,
1359 1936 1487 1971 percutit.
1501 1935 1674 1971 Caputillius

888 1981 1010 2008 humeris
1023 1981 1191 2016 adjungitur,
1208 1984 1234 2008 et
1262 1981 1295 2008 ad
1311 1981 1443 2008 amussim
1465 1981 1598 2008 directum
1620 1985 1678 2012 est,

887 2026 963 2053 nullo
978 2029 1126 2061 apparente
1151 2025 1327 2058 discriminc;
1348 2029 1375 2052 et
1397 2025 1518 2060 quandiu
1535 2033 1588 2052 non
1604 2024 1672 2056 hiat,

887 2073 984 2099 bellua:
997 2077 1079 2107 caput
1091 2076 1153 2105 est;
1167 2071 1213 2098 ubi
1234 2071 1325 2103 hiarit.
1343 2074 1431 2098 totum
1453 2080 1484 2099 os
1507 2072 1545 2104 iit,
1563 2077 1593 2099 ut-
1610 2075 1673 2108 pote

887 2118 934 2154 qui
950 2119 984 2145 ad
996 2118 1124 2145 humeros
1140 2126 1227 2153 usque
1240 2117 1344 2144 hiatum
1362 2117 1508 2153 protendit.

88 2213 118 2239 '0
132 2212 161 2239 δὲ
177 2211 322 2248 λεγόμενος
335 2212 524 2248 ἱπποπόταμος
544 2212 627 2239 ἵππου
646 2212 695 2248 μὲν
707 2213 770 2244 τοὺς
785 2212 834 2239 πό-

923 2208 1143 2244 Hippopotamus
1171 2209 1278 2244 equinis
1307 2208 1423 2244 pedibus
1447 2213 1474 2236 et
1487 2212 1591 2241 ventre,
1619 2208 1673 2236 nisi

45 2259 95 2290 δας
109 2258 166 2293 ἔχει
179 2259 227 2285 καὶ
243 2258 293 2294 τὴν
305 2257 434 2293 γαστέρα,
454 2257 502 2293 τὴν
522 2258 550 2284 δὲ
569 2257 653 2293 ὁπλὴν
672 2257 783 2293 σχιστὴν
798 2258 836 2290 ὡς

46 2304 146 2340 χηλὴν,
161 2304 245 2340 οὐρὰν
264 2305 379 2339 παχεῖαν
396 2305 443 2330 καὶ
455 2303 536 2340 ψιλὴν
555 2303 666 2340 τριχῶν,
681 2305 722 2330 ὃτι
739 2305 786 2331 καὶ
807 2305 837 2330 τὸ

47 2352 102 2377 πᾶν
126 2350 174 2377 τοῦ
200 2349 325 2385 σώματος
349 2350 435 2382 οὕτως
458 2350 525 2385 ἔχει,
552 2351 673 2386 κεφαλὴν
701 2351 836 2387 περιφερῆ

48 2397 148 2432 μικρὸν
165 2396 216 2431 τῆς
240 2396 324 2423 ἵππου
348 2397 464 2433 παρειᾶς
484 2396 622 2433 διάφορον,
646 2396 692 2423 καὶ
719 2396 775 2432 ἔχει
792 2405 837 2423 κε-

48 2443 152 2478 χηνότα
177 2442 224 2468 τὸν
249 2442 385 2478 μυκτῆρα,
412 2442 524 2478 πυρώδη
546 2443 658 2475 καπνὸν,
679 2442 716 2474 ὡς
740 2443 772 2469 ὲκ
790 2451 838 2469 κα-

49 2488 139 2523 μίνου,
175 2487 302 2520 πνέοντα,
326 2489 407 2523 γένυν
440 2488 578 2515 πλατεῖανσ
604 2489 683 2525 μέχρι
706 2486 761 2526 γᾶρ
783 2489 838 2516 τῶν

48 2534 194 2571 κροτάφων
227 2534 329 2569 ἀνοίγει
359 2534 390 2561 τὺ
421 2534 517 2570 στόμα.
557 2535 659 2562 Ὀδοῦσι
702 2535 730 2562 δὲ
765 2535 838 2563 ἔνδον

47 2580 150 2617 τριχῶς
167 2579 356 2612 πεπύκνωται,
378 2579 447 2616 ἔχων
462 2580 531 2616 πρὸς
544 2580 648 2612 τούτοις
669 2581 715 2608 δύο
731 2581 840 2613 ὀδόντας

48 2626 218 2662 ἐπικαμπεῖς
234 2626 272 2658 ὡς
289 2625 361 2657 συός.
377 2627 433 2653 Καὶ
446 2626 518 2652 ἔστιν
527 2625 752 2661 ἀδδηφαγώτατον
766 2626 837 2658 ὅλον,

48 2671 124 2706 λήϊον
151 2671 246 2699 ποιοῦν
271 2672 384 2707 τροφήν.
408 2671 512 2708 Ἀπάτῃ
530 2671 558 2697 δὲ
583 2672 698 2708 θηρᾶται
717 2672 837 2709 τοιαύτῃ.

56 2717 249 2753 Ἐπιτηροῦσιν
284 2716 365 2744 αὐτοῦ
402 2717 451 2750 τὰς
474 2717 625 2752 διατριϐὰς,
655 2719 702 2745 καὶ
732 2718 840 2754 δρυγμα

50 2764 168 2796 ποιοῦσι,
183 2765 231 2791 καὶ
253 2763 362 2800 καλάμῃ
382 2764 448 2791 αὐτὸ
467 2764 636 2798 στεγάζουσι,
659 2765 705 2791 καὶ
725 2767 841 2801 ὲπιχων-

50 2809 143 2838 νΰουσι
169 2810 289 2846 ψάμμῳ,
307 2811 353 2837 καὶ
373 2809 476 2843 ξύλινον
492 2810 584 2837 ἱστῶσι
603 2811 723 2837 κάτωθεν
738 2812 841 2848 οἴκημα

52 2858 112 2896 ιχον
133 2857 314 2896 ἀνεῳγμένας
332 2857 380 2890 τὰς
399 2857 483 2894 θύρας
496 2859 535 2890 εἰς
552 2856 597 2883 τὸν
611 2856 706 2892 ιροφον
732 2857 778 2885 τοῦ
797 2857 840 2893 βόα

889 2255 963 2290 quod
978 2255 1089 2290 ungulis
1103 2255 1204 2288 biﬁdis,
1221 2255 1317 2290 quales
1342 2255 1548 2288 bobus;-cauda
1569 2256 1593 2283 ei
1613 2255 1676 2283 bre-

888 2302 930 2329 vis
944 2305 996 2333 est,
1012 2305 1039 2329 et
1053 2301 1169 2336 pilorum
1185 2302 1340 2336 asperitate,
1350 2302 1577 2336 quemadmodum
1591 2302 1674 2329 etiam

888 2355 989 2383 corpus
1002 2347 1147 2382 reliquum,
1163 2355 1275 2380 carens;
1288 2347 1534 2382 caputrotundum,
1550 2355 1673 2382 parvum,

889 2393 923 2420 ab
933 2392 1041 2428 equinis
1063 2392 1184 2419 maxillis
1212 2391 1366 2423 diversum;
1380 2399 1462 2418 nares
1478 2400 1608 2426 perquam
1626 2400 1675 2427 pa-

888 2439 962 2472 tula,
974 2446 1005 2466 ac
1020 2438 1133 2474 ignitum
1146 2438 1260 2470 fumum,
1271 2441 1399 2472 tanquam
1413 2437 1483 2472 ignis
1494 2438 1675 2473 scaturigines

889 2485 1022 2520 quaedam,
1042 2485 1188 2520 spirantes,
1202 2489 1321 2511 mentum
1337 2484 1431 2516 latum,
1449 2484 1548 2510 etenim
1561 2484 1594 2511 ad
1606 2489 1676 2511 tem-

890 2539 958 2567 pora
967 2539 1054 2565 usque
1067 2531 1170 2558 hiatum
1188 2530 1336 2565 protendit,
1352 2534 1378 2557 et
1406 2529 1477 2556 trina
1492 2529 1614 2557 dentium
1631 2537 1676 2557 sc-

889 2579 930 2606 rie
962 2577 1156 2612 constipatur:
1183 2581 1280 2612 praeter
1307 2576 1358 2604 hos
1372 2579 1399 2603 et
1423 2576 1524 2610 gemini
1541 2575 1676 2609 prodeunt

890 2626 965 2652 curvi
978 2624 1104 2659 aprugni,
1121 2631 1189 2658 quos
1206 2622 1318 2650 eaninos
1340 2625 1450 2655 vocant;
1472 2621 1554 2648 nullis
1575 2621 1677 2648 bestia-

889 2679 950 2698 rum
968 2670 1118 2698 voracitate
1135 2669 1259 2702 inferior,
1277 2669 1314 2695 ita
1330 2672 1359 2695 ut
1374 2671 1464 2703 segete
1476 2667 1584 2703 plenum
1599 2674 1676 2694 cam-

891 2726 959 2753 pum
981 2718 1116 2748 absumat.
1144 2716 1306 2752 capiturque
1333 2716 1384 2743 hoc
1413 2715 1486 2742 dolo.
1517 2713 1676 2741 Observatis

890 2765 964 2792 enim
980 2763 1047 2791 locis
1062 2763 1089 2790 in
1108 2763 1208 2798 quibus
1223 2763 1307 2798 degit,
1319 2765 1464 2789 venatores
1481 2760 1581 2788 fossam
1594 2767 1677 2786 exca-

892 2813 966 2843 vant,
994 2809 1230 2844 aruudinibusque
1266 2809 1344 2844 quasi
1369 2812 1469 2835 tectum
1498 2807 1675 2841 contignant,

893 2863 1028 2892 arenaun
1038 2855 1214 2893 cooperiunt;
1228 2856 1254 2883 in
1267 2862 1352 2891 caque
1364 2861 1456 2882 arcam
1477 2853 1594 2888 ligneam
1612 2851 1679 2879 subr-
