1909 3071
39 113 88 141 715

486 111 620 140 SPURIA.
636 127 672 134 ιν-
690 109 868 154 COMMENT.
890 109 925 136 IN
945 107 1193 138 IIEXAEMERON.

1613 110 1662 136 7H

40 172 164 208 συλλογὴν
182 172 232 199 καὶ⁸
253 174 281 199 αἱ
304 172 454 208 φάραγγες.
471 172 507 198 Τὸ
530 172 572 203 δὲ,
590 170 638 198 καὶ
655 172 690 197 τὰ
713 169 828 202 συστή-

883 176 922 195 nes
937 175 1067 200 aquarum
1082 167 1181 194 voravit
1198 167 1293 199 maria,
1311 167 1388 194 sinus
1399 167 1483 195 maris
1496 167 1663 202 significans,

39 228 111 255 ματα
129 218 188 246 τῶν
201 217 323 246 ὑδάτων
337 218 465 245 ἐκάλεσε
480 217 653 250 θαλάσσας,
674 216 736 248 τοὺς
759 215 822 243 κόλ-

39 273 102 297 πους
123 265 250 300 σημαίνει
276 265 340 295 τοὺς
355 264 426 291 κατὰ
449 264 479 290 τὸ
501 263 566 290 ἴδιον
586 263 679 298 σχῆμα
700 261 753 288 ὑπὸ
775 261 825 296 τῆς

41 311 231 346 ’.ερικειμένης
247 311 299 346 γῆς
316 310 542 345 ἀπολειφθέντας·
559 306 615 336 οἷον
637 308 759 335 θάλασσα
781 308 825 343 βό-

41 365 123 392 ρειος,
140 355 268 383 θάλασσαι
288 357 390 388 νότιος,
414 355 483 391 ἑῴα,
508 355 621 390 ἑσπέρια
637 354 761 390 πελάγη,
778 355 825 380 καὶ

41 402 137 428 τούτων
152 402 275 437 ἀνόματα
291 402 434 434 ἰδιάζοντα,
447 402 546 432 Πόντος
565 402 687 434 Αἰγαῖος,
715 399 824 432 Ίὼνιος,

41 447 218 482 Σαρδωνικὸν,
237 447 395 478 Σικελικὸν,
413 447 575 483 Τυρρήνιον.
595 446 632 473 Οὐ
655 446 689 472 τὰ
709 446 826 481 τυχόντα

40 494 65 519 δὲ
84 492 138 519 τῶν
159 493 265 520 ὑδάτων
285 493 456 530 ἁθροίσματσ.
478 494 518 524 είς
542 492 605 528 μίαν
621 491 754 528 κατέληξε
776 492 826 519 θά-

41 541 155 572 λασσαν,
181 541 241 576 ἦτοι
259 541 400 572 σύστασιν,
416 540 484 567 ἀλλὰ
509 539 543 566 τὰ
565 540 680 575 μέγιστα
702 539 750 566 καὶ
770 538 827 571 ὲξέ-

42 595 133 622 χονταο
153 587 186 613 οὺ
203 587 257 622 γὰρ
281 587 328 614 καὶ
349 587 384 613 τὰ
403 587 564 622 τελματιαῖα
585 587 633 612 καὶ
660 585 753 620 λὶμνια
773 585 827 620 χρὴ

42 635 116 660 νοεῖν.
131 634 240 669 Ὥσπερ
256 634 309 669 γὰρ
326 633 355 660 τὸ
375 633 431 668 πῦρ
444 633 491 660 καὶ
504 634 544 664 εἰς
562 632 646 668 μικρὰ
661 639 828 666 κατακεκερ-

43 679 207 714 ματισμένον
223 679 282 705 ἐστὶ
302 679 350 705 καὶ
366 678 462 714 ἀθρόον
477 678 530 704 ὑπὸ
544 677 591 704 τοῦ
604 677 684 712 ἀέρος
702 676 827 710 κέχυται,

41 726 106 752 οὕτω
123 726 173 752 καὶ
195 725 242 752 ἐπὶ
261 725 308 752 τοῦ
327 724 430 756 ὓδατος,
449 725 473 750 εἰ
494 724 541 751 καὶ
565 723 661 760 μικραί
684 723 756 754 τινές
775 724 828 749 εἱσι

41 772 201 807 διῃρημέναι
220 771 374 802 συστάσεις,
393 770 461 797 ἀλλὰ
478 770 528 806 μία
546 779 578 804 γε
595 770 654 796 ἐστὶ
673 768 827 804 συναγωγὴ,

42 819 96 853 ήτὺ
111 818 172 844 ὅλον
191 819 322 852 στοιχεῖον
340 817 394 844 τῶν
408 816 508 844 λοιπῶν
532 817 726 851 ἀποκρίνουσα.
749 814 829 851 Πηγῆ

41 864 90 900 γάρ
109 864 169 891 ἐστι
186 864 237 899 τῆς
253 865 318 900 περὶ
341 864 392 899 γῆν
417 863 526 898 ἁπάσης
541 862 641 894 νοτίδος
664 862 695 888 τὸ
717 862 764 898 τῆς
784 863 832 888 θα-

41 911 138 945 λάσσης
153 909 238 946 ὕδωρ,
254 911 302 936 καὶ
316 910 390 936 πᾶσα
407 911 423 944 ἡ
439 909 475 943 γῆ
492 908 627 943 ὕπόνομὸς
642 909 710 939 ἐστι,
725 908 772 935 καὶ
788 907 832 934 διὰ

43 956 128 992 πόρων
145 955 260 990 ἀφανῶν
271 955 425 988 διαδίδοται,
435 954 526 986 καθὼς
540 953 649 989 δηλοῦσι
667 953 745 980 τόποι
760 953 831 985 τινὲς

42 1003 87 1039 τῆς
100 1003 220 1038 ἠπείρου
236 1003 378 1039 ὖπαντροι.
399 1003 432 1029 Ἡ
451 1001 506 1037 γὰρ
525 1001 628 1037 ῥοώδης
645 1000 766 1027 θάλασσα
788 1000 832 1026 διὰ

42 1050 127 1076 τόπων
154 1050 257 1076 στενῶν
285 1049 479 1085 διατρέχουσα,
504 1048 612 1075 ἐπειδὰν
637 1048 758 1079 σκολιαῖς
785 1047 832 1073 καὶ

42 1095 139 1131 ίρθίοις
165 1095 267 1128 ἐξόδοις
283 1094 479 1130 ἐναπολειφθῇ,
505 1094 646 1130 ὼθουμένη
670 1095 704 1129 τῇ
722 1093 767 1129 βίᾳ
783 1092 830 1120 τοῦ

43 1141 196 1176 πνεύματος
213 1140 263 1177 τῆς
283 1142 334 1176 γῆς
355 1142 524 1177 ἀπορῤήσσει
539 1141 588 1176 τὴν
602 1140 770 1174 ἐπιφάνειαν,
786 1139 832 1165 καὶ

42 1188 83 1214 ἐπὶ
96 1187 128 1214 rt
144 1187 200 1219 ἔξω
214 1187 393 1223 προελθοῦσα,
413 1187 517 1221 γίνεται
532 1186 645 1221 πότιμος
663 1187 695 1212 ὲκ
710 1186 759 1221 τῆς
775 1185 832 1220 διη-

42 1234 143 1269 Θήσεως
162 1234 364 1270 μεταῖυ).ηοεῖσα
380 1235 419 1265 εἰς
435 1233 601 1268 γλυκύτητα.
618 1232 702 1259 Πάλιν
716 1232 743 1258 δὲ
758 1233 832 1258 ὲπει-

41 1282 84 1308 δὰν
103 1282 221 1317 θερμοῖς
232 1281 326 1312 τόποις
344 1279 522 1315 ὲναπολειφῠῇ
540 1279 608 1315 πρὸς
622 1279 671 1314 τὴν
686 1278 783 1310 ἔξοδον,
797 1280 830 1314 τῇ

41 1329 106 1364 αὐτῇ
129 1328 208 1363 αἰτίᾳ
221 1326 353 1362 ἑλκομένη
374 1327 426 1353 ὑπὸ
437 1326 484 1353 τοῦ
501 1326 655 1360 πνεύματος
670 1324 767 1356 ζέουσα
788 1324 831 1359 γί-

40 1383 122 1401 νεται.
132 1373 210 1408 Αὕτη
222 1373 269 1399 καὶ
282 1372 335 1398 τῶν
345 1371 445 1409 ἀερίων
457 1371 560 1398 ὑδάτων
573 1371 648 1406 πηγὴ
661 1370 813 1405 καθέστηκε
821 1377 830 1386 ·

40 1419 82 1446 διὰ
96 1418 188 1453 νεφῶν
203 1419 258 1454 γὰρ
274 1418 441 1453 ἀνελκόμενα
456 1417 541 1451 αὐτῆς
552 1416 587 1443 τὰ
604 1416 697 1449 ὕδατα,
715 1416 762 1443 καὶ
779 1415 831 1443 ὑπὸ

40 1466 86 1500 τῆς
105 1465 226 1501 ἡλιακῆς
246 1466 353 1495 ἀκτῖνος
377 1463 553 1499 θαλπόμενα,
575 1463 623 1489 καὶ
646 1463 678 1498 τῇ
695 1463 759 1498 σκιᾷ
785 1461 830 1488 τοῦ

41 1512 139 1546 νέφους
164 1510 389 1546 καταψυχθέντα,
405 1510 452 1536 καὶ
471 1509 501 1541 ἐξ
515 1508 597 1535 αὑτοῦ
617 1507 664 1535 τοῦ
685 1507 769 1543 ὕψους
789 1508 831 1534 αἰ-

41 1558 204 1589 Θριασθέντα
221 1557 405 1592 γλυκαίνεται,
423 1556 470 1582 καὶ
490 1554 672 1589 καταῲεκάζει
687 1555 737 1589 τὴν
751 1555 830 1590 ἠπει-

42 1613 96 1640 ρον.
114 1605 157 1639 Τῇ
181 1604 204 1630 δ’
228 1603 296 1638 αὐτῇ
322 1603 414 1638 ἡμέρᾳ
433 1601 480 1628 καὶ
497 1600 675 1635 βλαστῆσαι
696 1600 833 1634 βοτάνην

41 1650 151 1684 χόρτου
164 1647 287 1682 τῆνγῆν
296 1649 310 1674 ὁ
324 1647 390 1679 Θεὸς
403 1645 568 1682 προσέταξεν
577 1655 584 1661 ·
600 1645 727 1679 Σπεξρον
741 1644 832 1679 σπέρ-

40 1703 81 1730 μα
97 1694 175 1721 κατὰ
192 1694 290 1728 γένος,
303 1693 352 1719 καὶ
369 1692 464 1725 ξύλον
478 1691 627 1726 κάρπιμον
642 1691 750 1718 ποιοῦν
765 1699 834 1724 καρ-

42 1742 111 1771 πιῖν,
125 1738 163 1767 οὖ
184 1740 218 1766 τὸ
234 1739 354 1774 σπέρμα
369 1739 462 1766 αὑτοῦ
481 1738 515 1765 ἐν
533 1737 624 1770 αὐτῷ.
648 1738 703 1764 Καὶ
725 1737 765 1764 ἔτι
787 1737 834 1764 καὶ

41 1787 88 1813 νῦν
101 1788 118 1822 ή
142 1785 222 1818 τάξις
235 1785 290 1812 τῶν
306 1785 448 1820 φυομένων
464 1786 597 1820 μαρτυρεῖ
611 1786 644 1820 τῇ
662 1783 757 1820 πρώτῃ
777 1783 835 1810 διας

43 1833 190 1868 κοσμήσει.
206 1831 239 1857 Ἦ
249 1831 304 1866 γὰρ
318 1830 464 1865 βλάστησις
477 1829 636 1865 καθηγεῖται
651 1829 741 1864 πάσης
756 1828 834 1863 βοτά-

43 1888 90 1915 νης
103 1899 110 1910 ,
142 1879 192 1905 καὶ
206 1878 297 1913 πάσης
317 1878 401 1909 πόσς’
418 1877 523 1908 νοτίδας
541 1876 595 1911 γὰρ
615 1875 777 1911 συμμέτρως
790 1875 835 1902 καὶ

43 1926 150 1961 Θερμὴν
167 1925 284 1960 ἐχούσης
297 1924 346 1959 τῆς
358 1923 420 1959 γῆς.
431 1924 462 1950 τὸ
475 1923 585 1959 σπέρμα
600 1924 638 1954 εἰς
650 1922 734 1957 αὐτὴν
751 1930 835 1949 κατα-

44 1973 183 2002 ϐάλλεται,
207 1971 255 1997 καὶ
276 1969 380 2004 γίνεται
400 1969 498 2004 χαῦνον
515 1969 562 1995 καὶ
589 1968 767 2004 πολύσπορον,
787 1967 835 1994 καὶ

43 2020 91 2054 τῆς
105 2019 172 2053 περὶ
189 2016 255 2043 αὐτὸ
275 2016 327 2051 γῆς
350 2016 499 2051 ἀρξάμενον
516 2015 584 2050 πρὸς
599 2014 664 2041 αὐτὸ
687 2014 835 2040 ἐπισπᾶται

42 2065 76 2091 τὰ
90 2065 181 2091 οἰκεῖα
205 2062 252 2090 καὶ
269 2061 405 2097 σύμφυλα,
421 2061 466 2087 καὶ
482 2060 653 2096 πιαινόμενον
674 2059 720 2085 ἐπὶ
744 2058 835 2085 πλεῖον

43 2109 227 2137 πλατύνεται·
242 2107 313 2134 ὥστε
336 2106 474 2143 ῥιζοῦσθαι
491 2106 540 2142 μὲν
562 2107 602 2138 εἰς
617 2105 647 2132 τὸ
668 2105 753 2137 κάτω,
768 2113 836 2140 προ-

43 2156 159 2182 κύπτειν
173 2154 203 2180 se
219 2154 260 2185 εἰς
277 2153 307 2179 τδ
330 2153 400 2184 ἄνω,
421 2153 469 2179 καὶ
489 2152 648 2188 ἔσαρίθμους
668 2152 728 2182 ταῖς
749 2150 836 2186 ῥίζαις

848 851 868 878 Β

875 222 999 249 quosque
1010 213 1043 241 ad
1052 214 1093 241 sui
1108 214 1221 248 figuram
1234 217 1304 240 terra
1319 213 1440 241 ambiens
1458 215 1664 249 complectitur;

877 261 944 288 tales
958 266 1023 288 sunt
1036 268 1110 287 mare
1131 259 1308 293 Aquilonare,
1325 267 1400 287 mare
1415 260 1551 291 Australe,
1568 260 1666 288 Orien-

877 307 941 338 tale,
959 305 1143 335 Occidentalc.
1164 309 1190 332 et
1205 305 1300 332 horum
1315 305 1425 340 propria
1438 307 1546 333 nomina
1561 306 1665 334 Pontus

878 352 999 387 AZgaeus,
1027 352 1130 383 Ionius,
1155 351 1325 384 Sardonius,
1348 350 1467 384 Siculus,
1496 352 1665 387 Tyrrhenus.

877 399 1010 426 Cmtcrum
1034 406 1088 425 11011
1114 405 1292 433 quoscunque
1320 405 1450 432 aquarum
1472 403 1621 427 εοιινρηιιιε
1639 400 1666 426 ill

879 453 962 472 unum
988 453 1062 472 mare
1088 444 1236 479 congessit,
1264 443 1305 470 vel
1330 448 1443 475 emtum,
1465 443 1511 471 sed
1535 446 1667 473 maximos

879 497 960 527 atque
975 491 1156 526 ingentior-cs;
1170 499 1232 518 nam
1248 498 1336 525 neque
1349 490 1495 525 palustres,
1510 499 1596 526 neque
1612 497 1668 519 sta-

879 543 992 574 gnantes
1003 538 1046 565 hic
1060 538 1226 572 intelligendi
1240 543 1313 565 sunt.
1325 537 1415 564 Veluti
1430 538 1502 564 enim
1519 538 1590 573 ignis
1603 539 1668 566 etin

879 585 999 612 minutas
1006 588 1097 619 partes
1106 584 1248 619 redigitur,
1257 588 1284 611 et
1293 588 1366 612 totus
1372 584 1452 611 simul
1459 591 1548 611 aerem
1556 586 1670 613 circum-

878 631 934 665 dat,
951 631 990 658 sic
1003 635 1030 658 et
1054 631 1082 657 in
1105 631 1193 665 aquis,
1215 631 1265 657 etsi
1288 638 1379 665 parva:
1397 631 1530 665 quamam,
1549 639 1581 658 ac
1599 632 1670 660 inter

879 686 910 705 se
934 678 1039 706 dissitaa
1059 677 1238 705 collectiones
1261 677 1407 707 exsistant,
1433 685 1486 704 una
1512 681 1602 706 tamen
1628 683 1670 707 est

879 724 1065 759 congregatio,
1083 730 1144 758 quae
1168 727 1253 750 totum
1280 723 1442 749 elementum
1466 722 1517 750 hoc
1534 731 1549 750 a
1565 725 1670 752 caeteris

881 771 1011 805 sejungit.
1026 769 1122 797 Totius
1136 770 1208 798 enim
1226 769 1396 797 bumiditatis
1408 777 1468 805 quae
1480 770 1507 796 in
1521 775 1594 797 terra
1606 771 1671 798 latet

883 817 944 844 fons
959 821 1001 844 est
1023 820 1050 844 et
1069 817 1147 852 origo
1168 817 1251 844 maris
1267 824 1348 852 aqua,
1371 825 1441 852 qum.
1466 825 1528 845 cum
1544 820 1670 845 universa

882 866 955 889 terra
972 862 1129 889 cuniculosa
1141 862 1186 894 sit,
1206 869 1254 896 per
1273 866 1377 890 meatus
1393 862 1503 890 minime
1518 864 1605 891 oculis
1622 864 1672 891 ob-

883 907 941 934 vios
957 906 1116 937 ciiunditur,
1133 911 1162 933 ut
1175 915 1206 933 ex
1224 907 1292 934 locis
1307 908 1469 942 quibusdam
1487 913 1565 937 terra:
1580 918 1673 938 caver-

882 955 958 981 nosis
973 953 1148 980 manifestum
1165 958 1287 988 apparet.
1314 954 1441 982 Fluidum
1462 964 1580 991 namque
1597 965 1671 985 mare

882 1006 929 1034 per
944 1003 1060 1034 angusta
1077 999 1137 1025 loca
1156 1007 1315 1032 excurrens,
1331 1001 1376 1027 ubi
1393 1002 1511 1037 obliquis
1538 1008 1565 1029 et
1588 1004 1671 1031 rectis

882 1046 1003 1073 exitibus
1015 1054 1126 1073 cursum
1140 1046 1286 1079 inflererit,
1299 1048 1325 1074 vi
1341 1049 1504 1084 tlmnineque
1515 1053 1670 1082 ventorum,

881 1095 961 1119 terra:
975 1091 1149 1127 superficiem
1167 1094 1323 1129 disrumpit,
1340 1101 1537 1130 egressumque
1557 1104 1608 1123 usu
1630 1101 1672 1123 cst

882 1137 984 1164 eﬂicaci
1007 1138 1040 1165 ad
1063 1143 1168 1173 potum,
1188 1140 1355 1174 percolatmn
1379 1141 1451 1168 enim
1467 1142 1671 1176 cribratumque

882 1183 1024 1212 dulcescit.
1038 1184 1146 1214 Rursus
1169 1187 1192 1214 si
1212 1187 1280 1214 locis
1302 1186 1413 1216 fervidis
1429 1188 1608 1223 relinquatur,
1625 1196 1672 1216 ea-

883 1230 944 1257 dem
962 1231 1068 1258 ratione
1097 1239 1112 1258 a
1128 1237 1208 1259 vento
1225 1232 1252 1260 in
1275 1234 1377 1260 exi‘tum
1404 1234 1515 1261 ductum
1533 1235 1671 1263 fervescit.

881 1274 955 1303 Fons
972 1276 1035 1303 item
1051 1280 1094 1303 est
1106 1285 1249 1311 aquarum.
1263 1286 1323 1313 qum
1332 1286 1421 1306 aerem
1435 1284 1585 1314 occupant;
1599 1281 1672 1308 illius

882 1321 955 1348 enim
972 1329 1048 1356 aqua!
1062 1330 1111 1357 per
1128 1323 1214 1351 nubes
1227 1327 1350 1351 attracta:
1366 1332 1415 1351 nec
1432 1332 1487 1352 non
1503 1333 1517 1351 a
1538 1326 1604 1353 solis
1626 1333 1672 1352 ra-
1704 1357 1708 1361 θ

881 1367 937 1395 diis
949 1368 1097 1402 calefactae,
1111 1377 1174 1396 mox
1186 1370 1267 1397 nubis
1279 1371 1375 1398 umbra
1391 1371 1547 1406 frigefactaa,
1564 1373 1672 1400 tandem

882 1413 941 1449 ipsa
959 1415 1102 1443 altitudine
1120 1417 1190 1443 cano
1212 1417 1343 1451 exposite
1364 1417 1536 1447 dulcescunt.
1558 1423 1672 1446 terram-

881 1468 935 1495 que
950 1462 1034 1496 guttis
1049 1466 1208 1497 aspergunt.
1224 1462 1280 1489 lloc
1301 1462 1395 1490 eodem
1409 1463 1544 1498 dicjussit
1560 1463 1629 1492 Deus
1645 1468 1673 1491 ut

882 1512 953 1533 Ima
961 1507 1118 1542 germinare!
1132 1507 1238 1535 herbam
1253 1509 1386 1542 virentem,
1401 1514 1425 1536 et
1438 1509 1575 1544 facientem
1586 1519 1674 1538 semen

883 1561 961 1580 suum
991 1553 1140 1590 lignumque
1160 1554 1326 1589 {ructiferum
1341 1555 1440 1590 faciens
1455 1556 1581 1590 Ῑηιειιιιη,
1596 1557 1671 1591 cujus

883 1607 970 1627 semen
992 1600 1021 1627 in
1047 1601 1224 1635 semetipso”;
1246 1605 1274 1628 et
1296 1601 1330 1628 ad
1352 1602 1409 1628 haec
1434 1607 1554 1636 tempora
1577 1611 1671 1630 eorum

883 1654 944 1681 quae
960 1646 1109 1682 gignuntur
1123 1655 1138 1674 e
1151 1651 1223 1674 terra
1239 1648 1335 1680 series,
1352 1655 1476 1682 quamam
1492 1648 1572 1675 fuerit
1586 1649 1672 1684 prima

884 1700 977 1720 rerum
1002 1693 1142 1721 distinctio
1164 1694 1320 1729 descripta,
1347 1695 1475 1722 declarat.
1504 1694 1672 1723 Gcrminatio

884 1746 1003 1774 namque
1019 1740 1140 1774 qualibet
1154 1739 1238 1767 herba
1256 1741 1402 1775 plantaque
1416 1741 1491 1776 prior
1504 1747 1556 1769 est.
1573 1741 1670 1770 Semen

884 1785 969 1816 enim,
990 1785 1035 1812 ubi
1052 1791 1125 1812 terra
1140 1786 1205 1813 illud
1220 1786 1324 1820 gremio
1341 1787 1479 1814 moderate
1495 1787 1606 1815 humido
1623 1796 1670 1815 ca-

885 1830 996 1866 lidoque
1019 1839 1144 1866 sparsum
1164 1839 1196 1858 ac
1212 1832 1356 1859 subactum
1385 1833 1507 1868 excepit,
1537 1834 1670 1867 mollitur,

886 1876 969 1912 fitque
982 1877 1016 1904 ad
1029 1885 1072 1904 res
1085 1877 1194 1905 abunde
1210 1879 1358 1913 gignendas
1373 1878 1500 1906 idoneum
1521 1889 1526 1906 :
1543 1880 1605 1907 lzinc
1616 1881 1673 1915 pri-

885 1930 960 1950 mum
981 1927 1080 1950 eterra
1094 1932 1153 1958 quae
1169 1924 1263 1957 ambit,
1282 1925 1367 1960 magis
1387 1925 1438 1952 sibi
1459 1929 1556 1953 natura
1571 1933 1672 1961 cogna-

885 1973 942 1996 tum
957 1974 1038 2005 atque
1052 1969 1130 1997 affine
1147 1971 1269 2002 attrahit.
1285 1979 1339 2006 quo
1362 1971 1564 2007 pinguefactum
1589 1973 1671 2002 latius

885 2015 1052 2048 extenditur,
1074 2017 1111 2043 ita
1138 2020 1166 2043 ut
1192 2017 1246 2043 ima
1274 2018 1338 2045 sede
1361 2018 1499 2046 radicibus
1524 2018 1671 2054 deligatur,

887 2066 1013 2097 erumpat
1041 2063 1176 2097 superiori
1199 2063 1316 2098 edatque
1342 2064 1479 2092 radicibus
1511 2073 1591 2100 pares
1621 2074 1671 2093 nu-

886 2115 963 2135 mero
988 2108 1114 2143 stipulas.
1138 2108 1265 2136 Gel-mine
1291 2110 1318 2137 in
1340 2111 1400 2139 dics
1426 2111 1589 2145 calescente,
1621 2112 1672 2139 hn—

886 2161 947 2180 mor
980 2161 1027 2189 per
1058 2153 1164 2181 radices
1187 2155 1340 2188 adductus,
1369 2164 1422 2184 una
1455 2165 1547 2185 secum
1585 2159 1672 2185 medio

42 2203 105 2233 τοὺς
121 2200 266 2235 καλάμους
280 2198 487 2235 προϐάλλεσθαι.
503 2198 677 2234 Θαλπομένου
690 2198 718 2224 δὲ
732 2197 775 2224 ἀεὶ
787 2197 830 2223 τοῦ

890 2201 980 2228 calore
995 2208 1010 2228 e
1035 2195 1119 2228 terra'
1134 2201 1222 2228 defert
1249 2202 1426 2234 alimentum.
1444 2204 1516 2238 quod
1538 2205 1566 2231 in
1590 2205 1674 2239 stipu-

44 2249 250 2283 βλαστήματος,
268 2245 403 2281 συρομένη
422 2245 464 2272 διὰ
482 2245 535 2272 τῶν
554 2244 634 2280 ῥιζῶν
652 2246 668 2280 ἡ
687 2244 767 2275 νοτὶς,
782 2243 834 2270 ΰπδ

41 2296 92 2330 τῆς
105 2294 213 2330 θέρμης
234 2292 416 2326 συνεπάγεται
438 2291 488 2325 τῆς
508 2291 559 2325 γῆς
573 2291 603 2316 τὸ
625 2290 774 2325 τρόφιμον
789 2289 836 2316 καὶ

42 2339 260 2375 καταμερίζεται
271 2338 351 2364 τοῦτο
365 2339 404 2369 εἰς
415 2336 552 2371 καλάμην,
561 2336 607 2362 καὶ
619 2336 773 2369 φλοιὸν,καὶ
785 2335 836 2366 τὰς

43 2386 130 2422 θήκας
145 2385 194 2412 τοῦ
218 2385 303 2415 σίτου,
322 2383 370 2410 καὶ
390 2384 430 2414 εἰς
443 2382 524 2409 αὑτὸν
538 2382 584 2408 τὸν
605 2383 677 2408 σῖτον
687 2401 693 2412 ,
712 2381 759 2407 καὶ
774 2381 836 2412 τοὺς

41 2432 204 2468 ἁνθέρικας.
223 2431 255 2457 Ἡ
277 2431 304 2457 δὲ
325 2430 436 2464 καλάμη
452 2429 499 2455 τοῦ
522 2428 595 2455 σίτου
619 2427 754 2459 κονδύλοις
780 2427 837 2454 δια-

43 2478 198 2510 ζώννυται,
217 2477 250 2503 ἶν’
263 2476 301 2508 ὡς
325 2475 467 2510 σύνδεσμοι
488 2483 559 2506 τινες
580 2474 634 2501 τῶν
660 2473 783 2508 σταχύων
807 2473 837 2499 τὸ

43 2524 128 2559 βάρος
149 2524 281 2559 φέρωσιν.
306 2523 385 2548 Ἔστι
404 2521 432 2548 δὲ
453 2520 500 2547 καὶ
521 2521 538 2556 ὴ
563 2519 672 2555 καλάμη
695 2519 816 2550 διάκενος
829 2537 836 2549 ,

41 2571 118 2600 ὅπως
130 2571 203 2606 θήκη
214 2568 261 2596 τοῦ
273 2569 372 2596 κόκκου
381 2568 504 2604 γένηται,
517 2567 585 2603 πρὸς
598 2567 628 2593 τὸ
640 2565 677 2602 μὴ
688 2567 743 2597 τοῖς
757 2573 838 2600 σπερ-

43 2617 173 2652 μολόγοις
192 2617 327 2651 ὑπάρχειν
340 2615 547 2650 εὐδιάρπαστον.
563 2614 632 2645 Τοὺς
647 2613 676 2639 δὲ
692 2612 837 2647 ἁνθὲρικας

41 2664 104 2690 ἀντὶ
120 2663 224 2690 ἀκίδων
243 2661 437 2697 προΰέϐληται,
450 2660 493 2687 ἴνα
507 2659 560 2686 τῶν
577 2659 682 2694 μικρῶν
699 2658 775 2691 ζώων
789 2658 837 2689 τὰς

42 2707 150 2742 βλάΰας
166 2708 307 2744 εἴργωσιν.
329 2707 358 2733 '0
372 2706 399 2733 δὲ
422 2705 522 2741 βρόμος
538 2705 571 2732 δι’
586 2705 647 2731 ὅλου
661 2704 737 2736 κενὸς
759 2703 839 2730 καθέ-

42 2761 165 2790 στηκεν,
191 2753 287 2788 ἐπειδὴ
309 2752 359 2788 τὴν
374 2751 494 2787 κεφαλὴν
519 2751 549 2778 οὐ
568 2750 720 2786 βαρύνεται.
740 2750 794 2777 Καὶ
815 2751 838 2776 εἰ

77 2845 171 2874 'Gm.
192 2845 278 2875 1,“.

209 2904 348 2934 Ρηιιοι.
365 2903 423 2933 Gn.
441 2901 555 2935 XVIII.

888 2246 957 2277 lam,
988 2246 1118 2273 corticem
1143 2246 1286 2277 frumenti,
1310 2247 1427 2277 thecam,
1448 2248 1535 2282 ipsum
1553 2249 1674 2277 frumcn-

888 2297 945 2319 tum
983 2297 1062 2327 atque
1100 2293 1199 2320 aristas
1235 2293 1362 2327 partitur.
1404 2293 1544 2322 Frumenti
1574 2296 1674 2330 stipula

887 2338 966 2365 nodis
998 2339 1137 2373 cingitur,
1173 2343 1202 2365 ut
1237 2339 1319 2366 veluti
1357 2347 1502 2375 compages
1533 2341 1673 2376 spicarum

888 2383 995 2418 pondus
1011 2384 1175 2412 sustineant.
1196 2383 1330 2411 Praeterea
1347 2389 1373 2411 et
1391 2385 1447 2420 ipsa
1465 2386 1565 2420 stipula
1586 2394 1672 2414 vacua

888 2432 940 2462 est,
953 2433 983 2456 ut
998 2437 1112 2464 granum
1129 2430 1330 2465 receptaculum
1346 2431 1455 2462 habeat,
1469 2440 1503 2458 ne
1523 2431 1669 2467 frugilego-

888 2486 948 2505 rum
961 2477 1057 2511 praedae
1068 2477 1147 2504 facile
1162 2477 1367 2512 sitexpositum.
1382 2481 1409 2504 et
1423 2482 1518 2504 contra
1535 2479 1671 2505 minorum

888 2524 1046 2550 animalium
1070 2531 1180 2551 morsus
1193 2523 1316 2550 munitur
1328 2531 1377 2558 pro
1395 2524 1508 2558 spiculis
1525 2524 1596 2552 vallo
1619 2524 1672 2551 ari—

888 2576 1003 2598 starum.
1019 2570 1121 2598 Verum
1137 2578 1222 2598 avena
1236 2575 1291 2598 tota
1305 2571 1393 2598 inanis
1404 2571 1537 2603 cernitur,
1553 2579 1614 2599 cum
1627 2580 1674 2599 ca-

889 2618 943 2652 pite
959 2625 1012 2644 non
1030 2622 1181 2651 gravescat.
1199 2617 1264 2644 Etsi
1277 2625 1338 2644 cum
1366 2618 1515 2645 esculentis
1530 2618 1611 2644 simul
1626 2626 1674 2644 vc-

889 2670 960 2690 nena
973 2666 1036 2689 nata
1052 2664 1247 2698 comperimus,
1265 2664 1345 2698 quale
1356 2669 1399 2691 est
1411 2668 1560 2696 veratrum,
1576 2667 1670 2691 aconi-

889 2713 957 2740 tum,
981 2708 1188 2744 mandragoras,
1206 2713 1232 2736 et
1264 2717 1363 2738 succus
1393 2711 1546 2745 papaveris,
1567 2710 1672 2738 nullum

888 2758 978 2781 tamen
994 2754 1090 2781 borum
1107 2762 1338 2789 supervacaneum
1358 2760 1411 2790 est,
1435 2757 1482 2785 sed
1499 2765 1576 2785 suum
1593 2765 1672 2785 usum

1497 2901 1535 2930 28
