1909 3071
267 91 320 119 ’115

699 92 728 120 S.
750 92 970 121 EUSTATHIUS
988 92 1233 122 ANTIOCHENUS
1253 96 1448 125 EPlSCOPUS.
1816 103 1855 133 'llG

266 151 356 178 habet.
388 148 483 176 Cicuta
515 156 631 184 namque
658 153 810 185 pascuntur
823 150 911 178 sturni
936 155 1034 186 propte‘

1098 151 1296 187 συνεϐλάστησε
1305 155 1361 185 τοῖς
1376 153 1518 189 τροφίμοις
1527 154 1562 182 τά
1572 154 1730 192 δηλητήρια,
1742 154 1792 185 οἷον
1800 159 1856 188 ἐλλι-

265 195 390 230 corporis
415 194 658 227 constitutionem;
684 196 784 223 etenim
808 203 870 222 cum
889 198 943 223 sint
972 196 1047 230 poris

264 243 335 271 circa
348 249 395 269 cor
410 241 543 276 angustis,
560 241 611 268 hac
624 241 730 269 ratione
751 249 808 269 rem
827 242 983 276 absorptam
1000 250 1048 269 ex-

262 291 389 316 cernunt.
404 287 518 315 Veratm
534 287 690 315 coturnices
701 291 849 314 vescuntur
859 309 866 321 ,
882 288 1047 323 propriaque

261 335 384 370 corporis
396 333 599 367 temperatione,
615 333 690 360 nullo
698 332 851 360 adiciuntur
862 333 950 361 incom
956 334 1045 365 modo.

261 380 358 408 Medici
374 379 553 414 mandragora
567 386 691 406 somnum
712 379 867 411 conciliant,
894 380 956 414 opio
971 387 1046 407 sum-

261 434 321 454 mos
337 426 445 453 dolores
457 426 578 461 sopiunt,
596 425 687 452 cicuta
699 426 833 453 immanes
848 425 945 453 sedant
960 434 1044 461 appe-

262 473 339 503 titus,
351 476 379 499 et
393 475 484 498 tamen
511 477 618 498 veratro
643 470 807 499 inveteratos
833 471 946 499 aﬂ‘ectus
971 472 1045 498 miti-

214 530 219 538 -
261 522 335 554 gant.
354 516 387 543 Et
404 517 501 552 lignum
526 516 692 550 fructifera»;
721 515 821 550 faciens
851 516 1048 550 fructum”,et

261 571 316 590 uno
326 562 456 597 temporis
479 566 591 596 puncto,
608 569 669 596 qua:
697 561 773 596 prius
798 562 908 590 minime
922 566 1009 593 erant,
1029 571 1044 590 e

261 614 333 636 terra
347 612 409 635 nata
420 611 494 640 sunt,
510 608 568 635 suis
582 615 697 642 quaeque
710 607 922 643 proprietatibus
941 612 968 635 et
989 607 1044 634 for-

260 655 323 686 mis,
340 654 439 689 quibus
460 653 538 689 quasi
563 653 734 680 naturalibus
760 654 832 682 notis
847 661 862 681 a
876 655 959 681 rebus
980 655 1044 681 reli-

260 700 322 735 quis
335 704 438 727 secreta
456 699 664 734 dignoscuntur.
681 698 756 726 Oliva
782 704 809 726 et
836 699 935 734 palma,
947 703 974 727 et
992 708 1042 727 cu-

260 753 382 780 pressus,
399 745 425 772 in
440 745 523 771 altum
545 745 742 780 provehuntur,
763 749 791 772 et
812 745 909 772 harum
925 746 968 773 ha:
982 746 1043 780 qui-

259 793 320 820 dem
335 799 385 819 nec
398 792 491 819 multis
507 792 592 819 ramis
606 799 656 818 nec
668 791 757 823 nodis,
774 796 804 818 ut
819 792 910 824 abies,
928 800 1042 827 cupres-

259 847 318 872 sus,
328 843 355 866 et
369 838 530 874 quandoque
541 838 629 873 palma
643 838 854 872 constipantur;
868 838 921 866 illae
935 847 1043 874 semper
1058 831 1078 859 Β

258 885 398 912 virescunt
416 884 516 915 :oliva,
548 883 637 918 palma
649 903 656 915 ,
689 883 794 916 laurus,
820 888 936 920 myrtus,
953 885 1039 920 picea,

257 939 415 967 cupressus,
430 931 515 962 abies,
529 930 684 964 iuniperus,
701 930 810 965 tliya,et
821 938 903 965 quam
922 931 1040 960 Arcades

257 977 404 1014 phillodrin
417 976 564 1013 appellant.
581 975 629 1004 His
641 975 711 1003 adde
722 977 884 1006 oleastrum.
912 977 1036 1011 cedrum,

255 1024 360 1059 pinum,
377 1024 489 1054 buxum,
512 1022 612 1054 ilicem,
635 1029 753 1055 aracem,
777 1023 951 1050 ciccrculam.
967 1023 1038 1051 Rosa

255 1072 315 1098 sine
326 1070 413 1105 spinis
438 1073 504 1096 tunc
529 1073 589 1096 orta
602 1073 654 1101 est,
672 1077 733 1104 quae
755 1069 863 1096 tandem
876 1068 951 1097 ﬂoris
980 1070 1039 1104 pul—

254 1116 402 1144 chritudini
429 1119 493 1143 sunt
521 1115 645 1150 adjectae,
662 1118 691 1142 ut
712 1115 841 1150 jucundts
854 1123 938 1150 prope
955 1115 1038 1143 situm

254 1170 398 1190 mcerorem
410 1170 471 1190 esse
497 1166 650 1193 cernentes,
671 1161 775 1195 peccati
794 1169 849 1187 non
865 1161 1038 1189 obliviscere—

254 1217 324 1239 mur,
341 1208 420 1243 cujus
436 1216 518 1235 causa
545 1208 638 1242 spinas
656 1211 683 1234 et
704 1206 818 1234 tribulos
846 1207 926 1234 nobis
937 1211 1037 1234 terram

252 1253 347 1280 etferre
379 1253 531 1288 iudicatum
564 1257 616 1280 est.
658 1251 749 1279 Floret
788 1253 876 1287 prima
914 1254 1036 1280 omnium

253 1299 404 1334 amygdala,
433 1304 624 1333 postremaque
649 1305 759 1332 pomum
791 1301 922 1329 maturat.
951 1298 1036 1333 ﬁtque

252 1345 339 1373 dulcis
361 1352 395 1372 ex
411 1351 515 1376 amara,
543 1345 597 1371 ima
627 1347 705 1378 parte
727 1343 818 1378 stipite
842 1344 1036 1372 circumforato

251 1399 392 1425 cuneoque
414 1398 447 1418 ex
474 1390 550 1424 picea
567 1390 665 1417 arbore
681 1390 779 1417 idoneo
795 1390 822 1417 in
840 1390 963 1418 internas
978 1398 1036 1426 par-

250 1441 292 1465 tes
304 1437 400 1465 adacto
424 1444 511 1471 usque
531 1436 564 1463 ad
593 1436 760 1468 medullam;
779 1436 815 1463 ita
840 1437 912 1464 enim
937 1444 1035 1465 succos

249 1485 361 1512 minime
376 1483 506 1510 amabiles
527 1482 555 1509 in
581 1482 675 1510 dulces
693 1482 808 1517 ciboque
834 1482 946 1510 idoneos
961 1490 1034 1510 com-

249 1536 345 1559 mutat.
361 1530 417 1558 Hoc
429 1529 498 1556 idem
514 1529 633 1557 salutare
651 1533 703 1560 est,
719 1531 745 1556 et
761 1529 831 1556 malo
849 1529 948 1564 punico
962 1529 1034 1557 acris

249 1580 335 1611 succi,
352 1579 398 1606 ubi
422 1585 537 1612 namque
560 1577 666 1612 excepit
679 1584 795 1604 cuneum
807 1598 813 1609 ,
833 1577 912 1604 dulce
929 1577 1030 1606 evadit.

249 1623 341 1650 Palma
357 1623 454 1650 femina
475 1625 552 1649 nutat
569 1621 597 1648 in
614 1629 717 1649 marem
742 1629 838 1656 prona,
864 1623 942 1657 quasi
959 1622 1033 1650 illius

249 1669 406 1704 complexus
435 1668 571 1696 desiderio
583 1671 731 1698 teneretur,
758 1671 785 1694 et
810 1667 936 1703 agricolze
949 1669 1032 1696 maris

248 1715 353 1743 fructus
367 1715 450 1742 ramis
464 1715 536 1741 illius
554 1714 688 1745 inserunt,
718 1713 812 1748 sicque
830 1715 973 1749 pristinam
993 1714 1032 1741 illi

247 1765 405 1797 rectamque
429 1761 544 1788 formam
571 1760 728 1788 restituunt.
756 1760 823 1787 Mori
846 1760 921 1787 tarde
937 1761 1033 1796 germi-

246 1813 324 1842 nant,
343 1808 472 1836 tamenin
489 1807 578 1834 fructu
599 1807 712 1834 ferendo
738 1814 792 1834 non
821 1811 885 1834 sunt
907 1807 967 1834 aliis
983 1815 1031 1841 po-

247 1858 386 1884 steriores.
403 1855 489 1887 Oliva,
505 1854 572 1886 tilia,
606 1854 734 1889 populus,
762 1853 852 1881 ulmus
873 1857 935 1888 post
959 1853 1031 1880 aesti-

246 1912 309 1931 vum
334 1902 480 1930 solstitium
510 1900 574 1928 folia
602 1900 698 1934 supina
729 1897 884 1931 deﬂectunt,
913 1903 1031 1933 suntque

246 1950 539 1983 omnibusargumento
555 1946 700 1974 solstitium
712 1946 836 1973 mstivum
853 1945 1027 1980 praeteriisse.

247 1994 328 2022 Ficus
343 1993 485 2021 domestici
502 1992 616 2024 fructus,
634 1999 667 2018 ne
687 1990 823 2022 decidant,
836 1990 887 2017 hoc
901 1994 1030 2025 praestant

246 2041 390 2075 agricolae:
409 2046 519 2072 grossos
530 2046 562 2065 cx
577 2037 705 2072 capriﬁce
721 2037 863 2072 deccrptos
871 2041 897 2064 et
913 2037 984 2063 inter
1000 2044 1030 2063 se

245 2086 387 2120 colligatos
404 2085 455 2112 [ico
466 2084 599 2119 injiciunt.
615 2083 721 2110 Animal
732 2082 804 2110 enim
812 2082 919 2117 quodin
932 2089 1027 2116 grosso

244 2137 287 2160 est
298 2131 510 2159 minutissimum
522 2130 604 2157 fundo
617 2129 658 2156 ﬁci
672 2129 813 2156 domestici
828 2129 960 2160 insidens,
979 2135 1027 2155 au-

245 2186 302 2205 ram
319 2185 378 2213 qua:
400 2176 566 2204 circumfusa
595 2175 680 2210 spirat
707 2174 828 2209 impedit,
862 2181 897 2200 ne
925 2173 1025 2200 fructui
1042 2184 1064 2211 ι)

243 2222 373 2250 molestia:
386 2223 432 2252 sit,
445 2222 564 2256 ﬁcusque
576 2227 720 2255 antequam
743 2223 917 2251 maturescat,
933 2219 1023 2252 cadat,

243 2273 270 2297 et
284 2276 344 2296 cum
360 2268 405 2296 hic
419 2268 524 2295 fruetus
539 2268 627 2295 mollis
640 2267 685 2298 sit,
702 2266 884 2294 crassitudine
898 2265 1024 2292 foliorum

243 2313 384 2347 operitur;
402 2312 447 2338 ubi
474 2312 552 2339 nucis
574 2311 677 2338 solidus
704 2310 755 2337 levi
765 2310 891 2337 foliorum
907 2310 1025 2345 tegmine

243 2358 355 2386 velatur.
383 2357 438 2384 Nec
464 2358 515 2384 alia
542 2363 623 2384 causa
644 2355 736 2383 folium
754 2355 818 2383 vitis
837 2356 954 2382 scissum
971 2358 1023 2387 est,

242 2405 294 2432 nisi
312 2408 341 2431 ut
358 2404 391 2430 ab
405 2403 476 2430 aeris
503 2402 682 2430 incommodis
707 2409 759 2427 uva
777 2409 807 2428 se
824 2401 960 2433 defendat,
979 2409 1025 2429 so-

243 2450 329 2485 lisque
340 2450 430 2477 radios
442 2450 553 2476 raritate
563 2447 691 2482 excipiat.
705 2447 750 2474 Sic
761 2447 829 2474 nihil
839 2451 882 2474 est
900 2448 926 2474 in
942 2448 1024 2475 rebus

243 2496 333 2527 inane,
354 2495 402 2522 sed
417 2495 507 2522 omnia
524 2494 595 2522 Deus
611 2495 754 2529 sapientia,
772 2501 853 2528 quam
880 2492 955 2520 οποιί
968 2501 1023 2520 non

243 2547 398 2575 possumus,
421 2539 571 2566 exornavit.
589 2538 649 2566 Una
676 2538 777 2574 quippe
797 2545 877 2573 aqua,
897 2546 957 2573 quae
977 2546 1024 2573 per

243 2585 348 2612 radices
358 2585 447 2611 delata
465 2584 620 2616 attrahitur,
639 2584 692 2611 alio
709 2584 791 2611 modo
817 2588 944 2611 truncum
956 2583 1022 2616 alit,

243 2630 295 2657 alio
310 2630 464 2661 medullam,
479 2631 531 2657 alio
546 2630 687 2661 corticem,
705 2630 758 2657 alio
772 2630 885 2665 lignum,
905 2630 959 2657 alio
979 2638 1023 2656 ra-

241 2675 317 2702 dices
343 2677 435 2709 ipsas;
451 2680 478 2702 et
508 2684 540 2703 ex
558 2676 653 2704 eodem
670 2676 784 2703 humore
804 2676 832 2702 in
849 2676 901 2703 vite
913 2675 1022 2710 quidem

242 2721 334 2748 vinum
347 2722 499 2754 coniicitur,
515 2722 542 2749 in
553 2723 624 2749 oliva
639 2722 745 2755 oleum,
761 2725 788 2749 et
807 2722 835 2749 in
859 2722 913 2749 alio
927 2721 999 2748 aliud
1013 2729 1021 2754 ;

281 2822 303 2838 ¹⁶
322 2822 388 2849 ch.
405 2823 480 2853 1,“.

1099 197 1187 233 ὁορος,
1204 199 1250 225 καὶ
1265 200 1398 231 ἀκόνιτον,
1415 200 1462 226 καὶ
1481 201 1678 237 μανδραγόρας,
1701 203 1802 239 καὶτῆς
1819 208 1858 242 μή.

1097 251 1182 275 κωνος
1195 245 1209 270 ὁ
1221 244 1296 277 ὀπὸς,
1313 245 1387 272 οὐδὲν
1400 245 1503 272 τούτων
1523 247 1563 278 εἰς
1574 247 1671 283 χρῆσιν
1687 249 1767 285 ἀργὸν
1779 253 1860 286 παρεὶς

1097 287 1207 323 ληπται.
1223 290 1259 316 Τὸ
1277 291 1325 325 μὲν
1346 291 1442 319 κώνιον
1467 293 1491 318 ot
1505 292 1590 328 ψᾶρες
1604 292 1745 328 βόσκονται
1765 297 1804 323 διὰ
1822 298 1860 332 τὴν

1097 334 1267 370 κατασκευὴν
1283 335 1330 362 τοῦ
1347 336 1487 372 σώματος·
1503 337 1617 370 λεπτοὺς
1628 340 1682 375 γὰρ
1700 340 1801 376 ἔχοντες
1810 343 1861 374 τοὺς

1096 379 1143 406 ἐπὶ
1161 380 1209 416 τὴν
1230 381 1342 416 καρδίαν
1365 382 1465 417 πόρους
1476 404 1483 416 ,
1501 384 1661 420 ἀποπέμψαι
1677 386 1707 412 τὸ
1728 388 1861 415 καταποθὲν

1096 425 1242 458 φθάνουσι·
1260 427 1304 452 τὸν
1319 427 1346 453 δὲ
1369 428 1506 464 ἑλλέϐορον
1530 430 1662 457 ἐσθίουσιν
1683 432 1803 467 ὄρτυγες,
1824 435 1862 460 καὶ

1095 470 1144 505 οὐχ
1159 471 1317 505 ὑφίστανται
1341 473 1451 509 βλάϐην,
1471 475 1586 510 ἰδιότητα
1613 477 1736 511 κράσεως
1761 478 1860 514 ἔχοντες.

1095 516 1143 542 Διὰ
1160 516 1188 543 δὲ
1201 517 1247 543 τοῦ
1268 519 1455 555 μανδραγόρου
1477 519 1558 547 ὕπνον
1575 523 1659 558 ἰατροὶ
1681 525 1856 558 κατεπάτουςι,

1095 562 1141 588 καὶ
1153 561 1192 597 τῷ
1204 562 1273 598 ὀπίῳ
1284 563 1332 595 τὰς
1351 565 1465 600 σφοδράς
1477 566 1572 599 ὀδύνας
1585 569 1808 602 κατακοιμίζουσι.
1821 571 1857 605 Τῷ

1094 606 1122 633 δέ
1135 608 1225 643 κωνίῳ
1237 609 1286 641 τὰς
1298 609 1441 642 λυσσώδεις
1454 611 1556 646 ὀρέξεις
1570 615 1807 649 καταμαραίνουσι,
1821 618 1859 642 καὶ

1094 653 1132 688 τῷ
1154 653 1287 691 ἐλλεϐόρῳ
1309 655 1343 682 τὰ
1365 657 1458 691 χρόνια
1478 657 1551 693 πάθη
1573 660 1797 695 καταπραΰνουσι.
1816 663 1860 689 Kal

1094 698 1190 730 ξύλον
1203 700 1351 736 κάρπιμον
1375 703 1481 729 ποιοῦν
1506 705 1630 737 καρπόν.
1655 706 1711 732 Καὶ
1736 707 1818 734 πάντα
1839 709 1862 734 ἐν

1095 746 1144 780 μιᾷ
1160 746 1256 782 καιροῦ
1275 747 1343 782 ῥοπῇ
1360 747 1461 784 ἀνεφὺη
1477 749 1508 774 ἐκ
1519 749 1570 783 τῆς
1586 750 1647 786 γῆς,
1665 752 1716 778 οὐκ
1733 751 1793 779 ὄντα
1807 754 1864 788 πρό·

1093 799 1181 827 τερον,
1201 793 1269 827 μετὰ
1282 793 1332 827 τῆς
1348 794 1450 826 οἰκείας
1469 795 1581 823 ἕκαστον
1599 797 1738 833 ἰδιότητος,
1756 800 1799 826 καὶ
1815 799 1863 834 ἰδίῳ

1093 838 1246 873 χαρακτῆρι
1261 838 1374 865 ἕκαστον
1389 840 1597 876 γνωριζόμενον.
1614 843 1645 869 ἸΙ
1662 844 1711 878 μὲν
1727 844 1809 876 ἐλαία,
1825 846 1862 872 καὶ

1093 883 1187 917 φοῖνιξ,
1208 884 1254 910 καὶ
1270 885 1433 920 κυπάριττος
1446 886 1486 917 εἰς
1502 886 1568 920 ὕψος
1586 887 1721 920 αὔξονται.
1740 890 1791 916 Καὶ
1810 892 1862 917 τού-

1091 936 1144 954 των
1159 929 1193 955 τὰ
1210 929 1258 964 μέν
1278 930 1350 956 ἐστιν
1369 931 1398 957 οὐ
1421 931 1545 964 πολύοζα,
1560 933 1619 959 οὐδέ
1639 934 1800 967 πολύκλαδα,
1817 934 1864 964 οἷον

1091 973 1186 1009 ἐλάτη,
1210 975 1256 1002 καὶ
1278 977 1294 1011 ἡ
1315 977 1497 1012 κυπάριττος,
1521 977 1576 1004 ἔσθ’
1601 980 1644 1006 ὅτε
1660 980 1688 1006 δὲ
1711 982 1756 1008 καὶ
1778 983 1862 1016 φοῖνιξ.

1096 1021 1238 1054 ’Ᾱείφυλλα
1254 1021 1283 1048 δέ
1302 1023 1374 1049 ἐστιν
1397 1024 1484 1055 ἐλαία,
1508 1025 1604 1059 φοῖνιξ,
1622 1027 1669 1052 καὶ
1688 1027 1784 1063 δάφνη,
1803 1031 1863 1065 μ.υρ-

1090 1066 1160 1102 ρἰη,
1179 1068 1276 1103 πεύκη,
1290 1070 1464 1105 κυπάριττος,
1479 1071 1571 1105 ἐλάτη,
1583 1072 1722 1108 ἄρκευθος,
1738 1074 1808 1108 Quia,
1827 1077 1865 1102 καὶ

1088 1111 1121 1147 ἣν
1140 1113 1268 1149 Ἀρκάδες
1286 1114 1410 1150 φιλόδρυν
1427 1115 1566 1149 λέγουσιν’
1586 1116 1626 1143 ἔτι
1649 1117 1756 1152 φύλεος,
1769 1120 1864 1156 κέδρος,

1088 1158 1177 1191 πίτυς,
1197 1159 1288 1192 πύξος,
1307 1162 1400 1197 πρῖνος
1412 1183 1419 1194 ,
1439 1162 1540 1196 ἀράκη,
1558 1162 1682 1198 λάθυρος,
1698 1165 1735 1191 Τὸ
1751 1164 1779 1191 δὲ
1798 1167 1865 1201 ῥόδον

1088 1203 1149 1229 ἄνευ
1170 1204 1218 1239 τῆς
1235 1205 1354 1241 ἀκάνθης
1374 1208 1433 1234 τότε
1451 1209 1632 1246 ἐϐλάστησεν·
1648 1211 1761 1248 ὕστερον
1786 1214 1813 1239 δὲ
1834 1215 1865 1248 τις)

1088 1250 1180 1276 κάλλει
1194 1251 1239 1277 τοῦ
1264 1252 1361 1285 ἄνθους
1384 1255 1554 1292 παρεζεύχϐη
1569 1259 1585 1293 ἡ
1603 1257 1722 1285 ἄκανθα·
1740 1260 1813 1291 ὅπως
1832 1260 1866 1295 τῷ

1086 1296 1192 1331 τερπνῷ
1219 1300 1424 1336 παρακειμένην
1444 1301 1492 1337 τὴν
1520 1302 1606 1338 λύπην
1630 1303 1737 1339 ἔχοντες
1768 1314 1853 1340 μνημο

1087 1340 1205 1376 νεύωμεν
1221 1342 1271 1377 τῆς
1287 1344 1432 1380 ἁμαρτίας,
1444 1346 1476 1373 δι’
1496 1347 1529 1382 ἦν
1543 1348 1661 1380 ἀκάνθας
1674 1351 1721 1377 καὶ
1734 1351 1866 1386 τριϐόλους

1086 1386 1151 1421 ἡμῖν
1167 1388 1183 1422 ή
1201 1388 1235 1423 γῆ
1251 1390 1402 1417 ἀνατέλλειν
1421 1393 1612 1429 κατεδικάσθη.
1633 1395 1664 1421 Ἡ
1679 1395 1707 1422 δὲ
1729 1397 1864 1432 ἀμυγδαλῆ

1085 1433 1179 1467 πρώτη
1190 1435 1239 1469 μὲν
1249 1436 1400 1471 βλαστάνει,
1415 1439 1515 1475 ὑστέρα
1530 1440 1557 1466 δέ
1571 1441 1680 1477 ἐκφέρει
1696 1442 1741 1469 τὸν
1756 1445 1863 1479 καρπόν.

1047 1503 1068 1531 C
1091 1480 1122 1506 Ἡ
1135 1480 1162 1507 δὲ
1178 1482 1262 1517 πικρᾶ
1274 1483 1416 1520 ἀμυγδαλῆ
1429 1486 1598 1520 τυγχάνουσα
1610 1487 1639 1514 τὸ
1651 1486 1720 1523 πρὸς
1733 1488 1782 1524 τὴν
1796 1489 1864 1524 ῥίζαν

1087 1527 1210 1563 στέλεχος
1226 1529 1408 1565 διατρηοεῖτα,
1427 1533 1516 1567 σφῆνα
1530 1533 1557 1559 δὲ
1573 1533 1678 1570 πεύκης
1693 1535 1809 1571 λιπαρὸν
1823 1537 1864 1571 τῆς

1084 1574 1247 1610 ἐντεριώνης
1272 1577 1356 1611 μέσης
1381 1577 1509 1606 ὲλαθέντα
1532 1579 1664 1616 δεξαμένη
1676 1601 1683 1612 ,
1701 1582 1766 1614 τοὺς
1782 1583 1865 1618 ἀηδεῖς

1084 1622 1187 1656 χυμοὺς
1215 1624 1254 1654 εἰς
1279 1623 1434 1661 γλυκύτητα
1457 1626 1617 1660 μεταϐάλλει
1646 1628 1789 1664 ἐδώδιμον.
1816 1630 1865 1664 Τὴν

1083 1667 1167 1702 αὐτὴν
1180 1668 1207 1694 δέ
1220 1668 1365 1704 θεραπείαν
1380 1671 1426 1697 καὶ
1441 1672 1457 1706 ἡ
1470 1671 1548 1708 ὀξύνη
1565 1673 1624 1707 ῥοιὰ
1645 1673 1793 1711 δεξαμένη,
1811 1675 1865 1711 τρέ-

1083 1722 1162 1739 πεται
1183 1715 1223 1745 εἰς
1246 1715 1408 1751 γλυκύτητα.
1433 1719 1465 1744 ἸΙ
1487 1718 1515 1745 δὲ
1534 1719 1626 1754 Οήλεια
1650 1720 1738 1753 φοῖνιξ
1762 1721 1865 1756 καῡὲητι

1082 1758 1144 1789 τοὺς
1169 1758 1283 1791 κλάδους
1304 1761 1383 1787 οἱονεὶ
1408 1763 1457 1798 τῆς
1487 1764 1643 1799 συμπλοκῆς
1667 1765 1799 1801 ἐφιεμένη
1825 1767 1866 1792 τεὲ

1082 1802 1208 1838 ἄρρενος·
1228 1805 1275 1830 καὶ
1296 1807 1320 1831 οἱ
1335 1807 1469 1842 γεωργοὶ,
1487 1809 1550 1840 τοὺς
1573 1809 1660 1844 ψῆνας
1683 1809 1732 1836 τοῦ
1759 1811 1867 1846 ἄρρενος

1081 1850 1137 1880 τοῖς
1153 1849 1259 1882 κλάδοις
1274 1852 1452 1886 ἐμῆάλλοντες
1469 1854 1564 1889 αὐτῆς,
1582 1855 1650 1890 πρὸς
1662 1855 1692 1882 τὺ
1709 1857 1811 1883 οἰκεῖον
1824 1857 1867 1890 τῆς

1080 1895 1223 1930 ὀρθότητος
1235 1897 1327 1932 σχῆμα
1342 1898 1503 1925 καθιστῶσιν
1523 1901 1614 1936 αὑτήν.
1634 1900 1705 1927 Ἡδὲ
1721 1901 1867 1936 συκάμιυνις

1080 1939 1128 1974 ὀψὲ
1144 1941 1192 1975 μὲν
1211 1941 1364 1976 βλαστάνει,
1384 1944 1434 1970 οὐκ
1461 1945 1568 1980 ὑστερεῖ
1591 1945 1618 1972 δὲ
1635 1945 1689 1972 τῶν
1715 1946 1807 1973 ἄλλων
1830 1947 1867 1977 cl;

1080 1987 1271 2021 καρπογονίαν.
1286 1988 1317 2014 Ἡ
1329 1988 1356 2014 δέ
1367 1988 1453 2020 ἐλαία,
1466 1990 1512 2016 καὶ
1525 1991 1541 2025 ἡ
1558 1990 1667 2025 φιλύρα,
1679 1992 1726 2017 καὶ
1742 1993 1761 2026 ἡ
1774 1990 1867 2024 λεύκῃ,

1079 2033 1126 2059 καὶ
1139 2033 1237 2059 πτελέα
1249 2034 1393 2069 στρέφουσι
1411 2035 1478 2070 μετὰ
1494 2037 1596 2072 τροπὰς
1611 2036 1721 2072 θερινὰς
1733 2036 1770 2064 τὰ
1784 2037 1867 2071 φύλλα

1079 2078 1178 2105 ὕπτια·
1193 2080 1240 2106 καὶ
1256 2081 1284 2106 ἐν
1298 2080 1383 2116 τούτῳ
1398 2081 1495 2112 πάντες
1510 2081 1696 2116 γνωρίζουσιν,
1712 2083 1756 2108 ὅτι
1772 2083 1868 2118 τροπαὶ

1079 2126 1182 2161 θεριναὶ
1201 2127 1368 2162 γεγένηνται.
1388 2128 1442 2162 Τῆς
1461 2127 1489 2154 δὲ
1505 2128 1608 2164 ἡμέρου
1630 2128 1717 2164 συκῆς
1732 2129 1782 2156 τὸν
1805 2138 1869 2165 καρ-

1079 2172 1128 2198 πὸν
1153 2172 1300 2208 ἄρῥευστον
1316 2174 1341 2199 οὶ
1359 2174 1470 2208 γηπόνοι
1492 2173 1562 2200 οὕτω
1587 2173 1790 2208 φυλόιττουειίν⁹
1810 2176 1870 2206 τοὶς

1078 2217 1202 2249 ὀλύνθους
1219 2219 1267 2254 τῆς
1277 2219 1374 2255 ἀγρίας
1389 2221 1472 2256 συκῆς
1485 2220 1654 2252 ἐκδύσαντες,
1666 2221 1799 2247 ἄπτωτον
1813 2221 1870 2247 δια-

1080 2265 1168 2299 μένειν
1190 2266 1436 2301 παρασκευάζουσι.
1461 2266 1497 2293 Τὸ
1519 2266 1573 2302 γάρ
1593 2266 1665 2293 ἔνδον
1688 2267 1738 2293 τοῦ
1757 2266 1870 2293 ὀλύνοου

1078 2311 1199 2346 ὑπάρχον
1223 2311 1294 2344 ζῶον
1319 2313 1479 2348 μικρότατον
1492 2312 1531 2347 τῷ
1557 2312 1672 2347 πυομένι
1690 2313 1740 2339 τοῦ
1764 2313 1870 2348 ἡμέρου

1078 2359 1205 2393 προσίζον
1233 2358 1314 2385 σύκου
1341 2358 1389 2394 τὴν
1417 2358 1515 2391 ἔξωθεν
1546 2356 1631 2394 αὖραν
1661 2358 1871 2394 περιπνέουσαν

1077 2405 1219 2440 ἀπείργει,
1247 2405 1315 2440 πρὸς
1342 2405 1371 2431 τὸ
1400 2405 1436 2440 μὴ
1462 2404 1531 2440 ἀηδῆ
1553 2405 1699 2440 γενόμενον
1725 2405 1760 2431 τὸ
1789 2404 1871 2431 σῦκον

1076 2451 1232 2477 ἀποπεσεῖν.
1266 2450 1372 2486 Ἐπειδὴ
1397 2451 1425 2477 δὲ
1445 2450 1547 2482 ἁπαλός
1574 2451 1632 2477 ἐστι
1659 2451 1711 2486 τῆς
1742 2451 1836 2486 συκῆς
1858 2451 1870 2475 ὁ

1077 2498 1190 2534 καρπὸς,
1214 2497 1294 2533 πάχει
1312 2497 1417 2532 φύλλων
1437 2497 1613 2524 κεκάλυπται¹
1631 2497 1683 2532 τῆς
1700 2497 1731 2523 δὲ
1751 2497 1870 2533 καρύας,

1076 2543 1168 2578 ἐπειδὴ
1190 2543 1317 2577 τυγχάνει
1334 2542 1448 2578 στερρὰ,
1467 2542 1570 2577 ἐλαφρᾷ
1597 2541 1704 2576 φύλλων
1725 2541 1870 2578 προσϐολῇ

1076 2586 1215 2613 σκέπεται.
1230 2585 1279 2612 Διὰ
1299 2585 1331 2621 δὴ
1345 2586 1423 2612 τοῦτο
1437 2586 1483 2612 καὶ
1499 2586 1529 2612 τὸ
1545 2585 1642 2620 φύλλον
1664 2586 1714 2620 τῆς
1743 2585 1872 2621 ἀμπέλου

1075 2630 1205 2665 ἔσχισται,
1221 2630 1264 2657 ἵνα
1279 2631 1325 2657 καὶ
1340 2630 1390 2661 τὰς
1400 2631 1432 2656 ἐκ
1445 2629 1491 2656 τοῦ
1517 2630 1596 2666 ἀέρος
1625 2631 1744 2667 ἐκκλίνῃ
1769 2631 1872 2666 βλάῧας

1073 2678 1087 2704 ὁ
1112 2677 1216 2713 βότρυς,
1240 2677 1287 2703 καὶ
1311 2676 1359 2712 τὴν
1386 2676 1500 2712 ἡλιακὴν
1525 2676 1621 2703 ἀκτῖνα
1647 2676 1816 2712 εἰσδέχηται
1843 2677 1872 2708 τῇ

1074 2723 1222 2759 ἀραιότητι.
1235 2723 1325 2754 Οὕτως
1335 2722 1408 2749 οὐδὲν
1424 2721 1517 2758 ἀργὸν,
1529 2721 1596 2749 ἀλλὰ
1610 2722 1700 2750 πάντα
1714 2723 1876 2759 ἀπορρήτῳ
