1909 3071
57 114 99 140 'll'l

501 111 635 139 SPURIA.
653 127 687 132 —
703 109 881 139 COMMENT.
901 109 934 137 IN
956 108 1202 138 HEXAEMERON.

1595 115 1647 142 713

55 174 121 210 σοφίᾳ
136 173 149 199 ό
162 172 224 205 Θεὸς
249 172 434 209 διεκόσμησεν.
455 173 502 200 Ἓν
516 174 570 209 γὰρ
592 173 679 209 ὓδωρ,
704 172 748 200 διὰ
762 173 807 208 τῆς

862 175 889 199 et
904 172 931 198 in
946 171 1013 206 ipsis
1027 170 1152 198 dulcibus
1164 170 1308 202 fructibus,
1334 172 1402 199 mira
1414 176 1455 200 est
1471 173 1647 208 pinguedinis

55 219 118 255 ῥίζης
132 219 270 255 φερόμενον
286 220 301 255 ἢ
316 220 469 255 ἑλκόμενον,
489 219 574 251 ἄλλως
598 220 647 255 μὲν
668 219 762 255 τρέφει
778 219 808 246 τὸ

56 265 168 300 στέλεχος,
181 263 264 296 ἄλλως
283 265 332 300 τὴν
350 265 518 301 ἐντεριώνην,
542 265 628 297 ἄλλως
640 265 685 292 τὸν
708 265 807 300 φλοιὸν,

54 310 124 341 ἄλλως
136 309 163 336 τὸ
179 309 262 341 ξύλον,
274 309 359 341 ἄλλως
372 309 420 345 τὴν
439 310 515 345 ῥίζαν
531 311 614 346 αὐτὴν
624 319 630 325 ·
651 311 697 337 καὶ
712 312 744 336 ἐκ
759 311 809 345 τῆς

54 356 122 391 αὐτῆς
131 355 223 387 νοτίδος
235 357 263 381 ἐν
279 355 328 390 μὲν
343 357 375 391 τῇ
391 356 505 392 ἀμπέλῳ
521 353 591 388 alvo;
602 356 767 388 συνίσταται,
781 357 809 383 ὲν

54 402 74 427 δὲ
88 402 114 436 τῇ
126 400 196 436 ὲλαία
209 401 304 433 ἔλαιον,
320 402 367 427 καὶ
379 402 406 428 ὲν
420 401 492 437 ἄλλῳ
512 401 584 428 ἄλλο.
607 402 661 428 Καὶ
676 402 703 428 ὲν
720 402 810 433 αὐτοῖς

54 447 96 478 τοῖς
117 446 218 480 γλυκέσι
241 447 355 482 καρποῖς
376 446 513 481 ἀμύθητος
536 448 551 482 ἠ
578 446 737 482 παραλλαγὴ
761 447 811 481 τῆς
839 482 842 486 '

55 492 156 527 πιότητος
164 499 171 507 σ
186 491 248 518 ἄλλο
260 491 313 527 γὰρ
325 491 356 518 τὸ
370 492 399 518 ὲν
411 492 525 528 ἀμπέλῳ
535 493 630 526 γλυκὺ,
642 492 689 518 καὶ
705 491 767 519 ἄλλο
779 492 808 520 ὲν

55 537 133 573 μηλέᾳ,
144 537 187 564 καὶ
201 537 229 563 ὲν
245 540 313 573 συκῇ
330 539 376 565 καὶ
390 538 428 574 τῷ
445 538 544 573 φοίνικι
556 538 657 574 ἕτερον.
670 539 726 565 Καὶ
739 537 809 565 αὐτὰ

54 583 75 609 δὲ
87 582 132 609 τῶν
153 583 262 618 δένδρων
277 584 390 620 διάφορά
406 586 463 611 ἐστι
483 584 517 611 τὰ
534 584 651 620 δάκρυα·
676 584 740 611 ἄλλο
754 584 807 621 γὰρ

862 219 991 249 varietas.
1007 217 1079 245 aliud
1094 225 1212 252 namque
1237 218 1316 244 dulce
1330 222 1371 245 est
1387 219 1458 253 quod
1476 220 1502 246 in
1520 221 1575 247 vite
1595 228 1647 254 gu-

862 268 961 296 statur,
975 264 1048 291 aliud
1060 264 1087 291 in
1097 271 1188 298 pomo,
1206 263 1279 290 aliud
1295 263 1322 290 in
1337 264 1399 295 licu.
1414 265 1486 292 aliud
1502 266 1528 292 in
1542 267 1644 300 palma.

859 309 924 338 Item
946 309 1026 337 variae
1040 314 1103 338 snnt
1114 313 1141 337 et
1156 310 1284 337 arborum
1301 310 1435 345 lacrymze,
1448 312 1548 338 etenim
1570 312 1645 338 aliud

859 361 901 384 est
923 356 1030 383 lentisci
1058 356 1188 390 lacryma.
1219 355 1291 382 aliud
1321 355 1433 382 balsami
1463 363 1573 389 Succus,
1597 357 1647 391 qui

859 403 980 430 omnium
999 406 1196 437 unguentorum
1209 402 1450 436 praestantissimus
1463 408 1515 436 est,
1530 403 1645 437 ejusque

861 448 932 484 apud
953 447 1081 475 Hiericho
1111 447 1265 483 largissima
1297 447 1384 482 copia.
1411 447 1547 483 Indigenis
1575 449 1643 475 illud

861 498 942 521 acuto
954 493 1040 529 lapide
1054 501 1087 521 ex
1098 493 1216 520 surculis
1232 493 1400 526 secantibus,
1430 500 1531 520 succus
1547 493 1640 520 emnit.

861 539 985 567 Tradunt
1001 539 1111 574 quidam
1127 542 1154 566 et
1170 539 1311 566 succinum
1326 539 1478 573 plantarum
1497 547 1558 566 esse
1580 546 1642 566 suc-

861 593 935 618 cum,
952 588 999 621 qul
1016 585 1043 612 in
1059 588 1185 612 naturam
1201 585 1299 619 lapidis
1312 589 1481 611 concrescat.

54 627 92 662 τῆς
103 627 182 662 σχίνου
196 628 226 654 τὸ
241 628 367 665 δάκρυον,
389 630 435 656 καὶ
458 629 536 661 ἄλλος
561 631 575 656 ό
597 630 645 665 τῆς
671 630 809 665 βαλσάμου
837 630 913 662 ὀπὸς,
930 630 999 666 ὅπερ
1019 630 1126 656 πάντων
1148 629 1202 655 τῶν
1232 629 1324 664 μύρων
1349 629 1465 665 ὑπάρχει
1492 630 1641 664 κάλλιστον,

54 676 89 701 καὶ
102 676 229 708 πλεονάζει
255 677 300 703 ἐπὶ
314 677 362 712 τῆς
379 676 482 712 Ἰεριχὼ
498 678 650 713 γενόμενον.
674 678 832 713 Τεμνόντων
845 678 873 704 δὲ
893 678 957 705 αὐτὸ
972 680 1004 705 ὲκ
1024 677 1076 703 τῶν
1107 676 1215 712 θάμνων
1239 676 1303 712 λίθῳ
1319 675 1375 708 ὀξεῖ
1398 677 1452 704 τῶν
1477 678 1641 714 ἐπιχωρίων,

52 723 102 754 ὀπὸς
121 723 267 759 ἁναποδοίη.
287 724 432 759 Ἰστοροῦσι
449 725 476 751 δέ
497 734 568 757 τινες
583 726 629 751 καὶ
645 725 675 751 τὸ
691 725 820 761 ἤλεκτρον
846 726 910 753 ὀπὸν
941 723 1009 752 εῖναι
1031 725 1120 760 φυτῶν
1132 745 1140 758 ,
1164 725 1202 756 είς
1228 724 1307 758 φύσιν
1341 724 1413 751 λίθου
1431 727 1641 762 μεταπηγνύμε-

52 778 94 796 νον.

78 815 99 843 4.
116 815 150 851 Τῇ
167 815 193 842 δὲ
208 817 326 854 τετάρτῃ
347 817 438 853 ἡμέρᾳ
456 818 470 844 ὁ
485 817 551 849 θεὸς
573 818 642 851 τοὺς
659 817 807 853 μεγάλους

897 815 923 842 4.
941 813 1044 847 Quarto
1055 813 1098 840 die
1110 812 1181 840 Deus
1195 812 1246 838 duo
1266 813 1408 839 luminaria
1425 821 1520 848 magna
1543 817 1639 844 ινεαυίι

51 859 92 886 δύο
103 859 250 894 φωστῆρας
265 861 511 896 ἐδημιούργησεν,
528 861 616 895 ἢλιόν
639 870 671 888 τε
690 861 738 888 καί
759 869 810 887 σε-

51 906 130 940 ,ιήνην
140 907 171 933 ὲν
183 906 222 940 τῷ
235 907 414 941 στερεώματι
427 907 479 934 τοῦ
492 907 630 941 copas-06,
639 909 681 940 εις
697 907 810 941 ψαῦσιν

51 953 88 979 ἐπὶ
101 952 148 987 τῆς
163 952 226 988 τῆς,
243 953 297 980 τοῦ
311 952 490 988 διαχωρίζειν
506 954 658 988 ἀναμέσων
672 953 725 987 τῆς
737 953 808 988 ὴμέ-

48 1007 92 1032 ρας
104 999 146 1025 καί
160 999 311 1034 ὰναμέσον
330 999 385 1034 τῆς
402 1000 520 1033 νυκτός.
541 999 626 1027 Τοῦτο
645 998 676 1026 τὸ
699 999 809 1036 ἡλιακὸν

51 1045 103 1077 φῶς,
116 1045 198 1081 ὄχημα
223 1046 321 1082 ἐκείνῳ
349 1045 388 1082 τῷ
410 1046 479 1080 φωτὶ
499 1045 536 1081 τῷ
560 1046 722 1082 πρωτογόνῳ
742 1055 810 1082 παρ-

50 1091 196 1119 εσκεύασται.
217 1092 261 1123 Ὠς
274 1091 328 1127 γὰρ
343 1091 406 1118 ἄλλο
420 1091 449 1118 τδ
461 1091 525 1126 πῦρ,
541 1091 587 1118 καὶ
601 1093 615 1118 ό
624 1091 718 1127 λύχνος
729 1092 806 1119 ἄλλο·

49 1137 72 1162 τὺ
85 1137 124 1171 μὲν
138 1137 188 1173 γὰρ
204 1138 252 1174 τὴν
263 1137 312 1164 τοῦ
326 1138 451 1172 φωτίζειν
470 1138 581 1172 δύναμιν
596 1138 660 1173 ἔχει,
674 1137 705 1165 τὸ
716 1138 744 1164 δέ
759 1139 808 1175 τὴν

49 1182 85 1208 τοῦ
98 1183 267 1218 παραφαίνειν
289 1185 344 1214 τοῖς
363 1183 521 1218 χρῄζουσιν·
538 1183 585 1210 καὶ
604 1183 641 1215 ὠς
666 1183 758 1219 ἕτερόν
781 1193 807 1211 τι

49 1227 193 1264 ὴλευκότης,
209 1229 303 1264 ἕτερον
317 1228 346 1255 δὲ
364 1228 394 1255 τὸ
412 1229 621 1265 λελευκασμένον
635 1229 724 1264 σῶμα,
739 1230 808 1256 οὕτω

50 1274 85 1299 καὶ
94 1273 170 1301 ταῦτα
183 1274 299 1310 διάφορα
310 1274 373 1301 ὄντα
387 1276 420 1310 τῇ
433 1274 512 1310 φύσει
524 1276 639 1310 ἦνωνται
651 1277 683 1311 τῇ
696 1276 807 1311 δυνάμει

48 1320 83 1346 τοῦ
93 1320 229 1352 κτίσαντος.
238 1321 295 1347 Καὶ
310 1321 401 1356 μηδεὶς
413 1321 511 1358 νομίσῃ
518 1321 614 1348 ταυτὸν
625 1321 729 1357 ἡμέραν
738 1320 807 1349 εἶναι

49 1367 84 1393 καὶ
93 1366 167 1402 ἥλιον.
179 1367 292 1403 Πρῶτον
305 1367 354 1402 μὲν
365 1366 419 1402 γὰρ
432 1369 446 1394 ό
458 1367 621 1403 δημιουργὸς
635 1367 736 1395 ἁπλοῦν
750 1368 807 1403 φῶς

47 1413 232 1446 κατεσκεύασεν,
248 1414 263 1440 ὃ
277 1414 307 1450 δὴ
324 1415 372 1441 καὶ
384 1413 489 1450 ἡμέραν
500 1413 639 1446 ἐκάλεσεν,
653 1413 747 1440 ἔπειτα
759 1413 806 1440 τὸν

45 1458 105 1492 ἣλιον
120 1460 148 1485 ὲκ
160 1459 205 1486 τοῦ
218 1460 306 1496 πυρὸς
319 1460 366 1486 καὶ
385 1459 473 1494 φωτὸς
489 1459 674 1494 συγκείμενον.
695 1459 738 1491 Ὡς
752 1459 806 1495 γὰρ

859 859 940 886 solem
963 864 985 886 et
1000 859 1089 885 lunam
1103 859 1130 885 in
1148 859 1313 892 ﬁrmamento
1330 858 1396 890 cwti,
1418 865 1445 885 ut
1468 860 1581 890 lucerem
1597 872 1642 895 διι-

858 914 904 940 per
920 910 1018 932 terram
1044 903 1078 931 ad
1101 903 1268 930 dividendum
1288 903 1355 931 diem
1375 908 1398 930 et
1416 907 1560 934 nectent“.
1584 907 1641 936 Hoc

859 952 925 980 solis
938 952 1029 978 lumen
1047 950 1171 985 utprimo
1186 950 1225 977 illi
1251 955 1314 977 nato
1327 950 1422 977 lumini
1436 952 1514 986 quasi
1533 953 1642 981 vehicu-

858 999 913 1026 lum
927 997 1086 1028 deserviret,
1101 996 1255 1024 ordinatum
1275 1000 1326 1024 est.
1341 996 1445 1024 Etenim
1467 999 1551 1026 veluti
1567 1000 1641 1028 aliud

858 1048 900 1072 est
916 1043 997 1078 ignis,
1009 1046 1036 1069 et
1058 1043 1166 1069 lucerna
1179 1041 1263 1073 aliud,
1276 1041 1319 1068 hic
1328 1042 1400 1069 enim
1416 1043 1469 1070 vim
1480 1043 1559 1071 habet
1577 1045 1640 1072 illu-

857 1088 991 1120 minandi,
1008 1088 1053 1114 illa
1062 1087 1204 1122 egentibus
1215 1087 1306 1114 lumen
1318 1086 1477 1122 praeferendi
1489 1097 1495 1121 ;
1509 1093 1534 1116 et
1547 1096 1642 1124 quem-

858 1134 1002 1162 admodum
1017 1133 1090 1160 aliud
1105 1137 1147 1160 est
1163 1132 1266 1160 candor
1295 1137 1322 1160 et
1339 1133 1411 1160 aliud
1430 1141 1530 1169 corpus
1552 1136 1642 1163 candi-

858 1183 932 1214 dum.
943 1183 982 1210 sic
997 1185 1023 1210 et
1036 1182 1104 1214 hanc,
1118 1182 1241 1216 quamvis
1255 1180 1369 1208 diversze
1384 1185 1488 1208 natura:
1503 1182 1641 1211 Creatoris

857 1229 973 1256 facultas
982 1229 1008 1255 in
1017 1236 1101 1256 unum
1113 1228 1236 1263 copulata
1248 1227 1397 1261 conjunxit.
1411 1227 1443 1254 Et
1450 1235 1515 1254 cave
1521 1236 1555 1255 ne
1564 1234 1640 1263 putes

858 1276 929 1303 idem
943 1282 1004 1303 esse
1027 1274 1097 1302 diem
1127 1278 1154 1302 et
1179 1273 1273 1300 solem.
1304 1272 1424 1300 Primum
1455 1274 1527 1300 enim
1545 1273 1642 1309 Opifex

857 1322 972 1356 simplex
1001 1321 1091 1348 lumen
1120 1319 1251 1351 condidit.
1279 1318 1351 1353 quod
1378 1323 1405 1345 et
1430 1319 1500 1346 diem
1523 1321 1639 1352 vocavit,

857 1367 986 1402 deinceps
1010 1367 1096 1394 solem
1126 1374 1158 1393 ex
1187 1365 1289 1392 lumine
1309 1365 1398 1400 ignem
1416 1372 1476 1399 quae
1504 1365 1640 1392 conﬂavit.

857 1412 1091 1446 Quemadmodum
1106 1412 1179 1439 enim
1189 1415 1290 1438 terram
1311 1410 1396 1445 ipsam
1414 1411 1440 1438 in
1472 1418 1522 1438 suo
1539 1412 1642 1446 gremio

856 1457 945 1494 ignem
961 1457 1062 1484 factum
1080 1457 1213 1484 foventem
1237 1457 1385 1488 cernimus.
1405 1457 1441 1482 ita
1454 1461 1481 1483 et.
1496 1457 1579 1484 solem
1598 1458 1642 1484 lu-

45 1503 82 1539 τὴν
98 1505 142 1540 γῆν
161 1505 267 1541 ὁρῶμεν
281 1505 336 1541 πῦρ
360 1506 388 1532 ὲν
403 1506 458 1537 τοῖς
482 1505 602 1540 στέρνοις
625 1506 716 1537 αὐτοῖς
730 1505 806 1541 δεδη-

858 1512 920 1531 men
938 1507 1100 1539 gestantem.
1114 1502 1180 1530 Cum
1196 1503 1268 1530 enim
1300 1502 1390 1529 lumen
1416 1506 1443 1529 et
1472 1503 1541 1538 ignis
1559 1504 1641 1531 simul

46 1551 220 1587 μιουργημένον
228 1551 354 1586 ἔχουσαν,
363 1551 432 1578 οὕτω
441 1552 487 1578 καὶ
497 1552 542 1578 τὸν
551 1551 624 1587 ἥλιον
632 1551 689 1587 φῶς
700 1552 805 1587 ἔχοντα·

45 1597 90 1630 φῶς
103 1598 150 1634 γὰρ
170 1598 295 1624 συνελθὸν
312 1597 380 1633 μετὰ
395 1598 480 1633 πυρὸς
494 1597 539 1624 τὸν
554 1598 700 1632 φανότατον
712 1598 806 1633 ἐποίη-

46 1649 80 1667 σεν
91 1642 166 1677 ἣλιον.
185 1643 253 1669 Ἀλλ’
271 1642 335 1675 ἴσως
351 1643 459 1678 ἀντερεῖ
477 1650 533 1674 τις⁴
555 1642 610 1669 Καὶ
632 1642 712 1670 πόθεν
728 1642 807 1669 τοῦτο

44 1686 114 1722 δῆλον,
135 1689 163 1715 οὑ
185 1688 354 1724 βλεπομένης
378 1689 428 1723 τῆς
443 1689 616 1725 διαιρέσεως;
638 1690 687 1725 οὺχ
709 1690 806 1725 ὁρᾶται

45 1733 86 1769 γὰρ
99 1734 164 1767 ἰδίως
181 1735 227 1770 μὲν
243 1735 276 1761 τὸ
299 1734 365 1770 φῶς,
385 1735 456 1766 ἰδίως
471 1735 498 1761 δὲ
520 1736 551 1762 τὸ
578 1735 642 1771 πῦρ.
665 1735 745 1762 Ἀλλὰ
765 1744 807 1770 γι-

45 1779 151 1807 νωσκέτω
161 1782 174 1807 ὁ
189 1781 321 1812 τοιοῦτος.
339 1781 410 1807 πόσα
425 1781 455 1807 τὸ
471 1781 527 1817 πῦρ
545 1782 572 1808 ἐν
584 1781 671 1817 ἑαυτῷ
688 1781 807 1818 προϐάλ-

44 1822 112 1857 λεται,
126 1825 219 1865 αὐγὴν,
240 1825 410 1861 θερμότητα,
432 1825 580 1860 ξανθότητα
590 1847 596 1859 ,
613 1826 691 1852 ἅτινα
705 1826 805 1853 πανσό-

44 1876 88 1900 φως
98 1869 110 1895 ὁ
121 1870 239 1906 τεχνίτης
256 1870 421 1906 διαμερίζων
430 1890 437 1903 ,
456 1871 621 1905 ὑπερ-φαίνει
643 1871 744 1898 τούτων
758 1871 806 1906 τὴν

45 1914 155 1942 σύνθεσιν.
170 1917 232 1943 Ὅτε
246 1916 303 1952 γὰρ
316 1916 385 1943 ϐέλει
397 1916 528 1952 θερμᾶναι
539 1917 570 1943 τὸ
581 1917 658 1950 ζῶον,
674 1917 806 1952 λαμϐάνει

43 1959 79 1986 τοῦ
93 1962 169 1997 πυρὸς
179 1962 208 1989 τὺ
222 1962 333 1998 θερμὸν,
351 1963 398 1989 καὶ
413 1962 443 1988 τὸ
455 1963 504 1998 μὲν
517 1962 616 1998 Θερμδν
631 1963 686 1998 ἔχει
699 1963 804 1994 τούτου,

42 2005 65 2031 τὶ
79 2006 106 2032 δὲ
126 2008 180 2042 φῶς
199 2009 249 2035 οὐκ
273 2008 337 2043 ἔχει.
357 2008 426 2034 Ἀλλ’
443 2008 573 2044 ἐμερίσθη
590 2009 619 2035 έν
642 2009 681 2044 τῷ
705 2008 766 2044 ζώῳ
788 2011 804 2045 ἡ

43 2049 114 2087 θέρμη
134 2053 185 2080 ἀπὸ
198 2053 246 2081 τοῦ
269 2054 395 2088 φέγγους,
413 2053 492 2080 πάλιν
506 2054 638 2089 λαμϐάνει
653 2054 684 2080 τὸ
701 2053 804 2087 ξανθόν.

43 2096 86 2124 Καὶ
102 2099 201 2134 ὁρῶμέν
219 2108 262 2126 τοι
275 2099 305 2126 τὸ
325 2099 428 2131 ξανθὸν,
445 2100 536 2126 οὐκέτι
551 2100 580 2126 δὲ
595 2100 625 2126 τὸ
648 2099 748 2136 Θερμὺν
761 2101 807 2127 καὶ

42 2144 129 2176 φαῖνον.
143 2145 194 2172 Καὶ
209 2145 292 2172 πάλιν
308 2145 468 2181 ἀπομερίζει
493 2146 543 2180 τὴν
558 2145 661 2181 θέρμην
673 2166 680 2179 ,
703 2147 749 2172 καὶ
765 2146 806 2172 δί-

858 1550 886 1577 in
917 1557 1000 1577 unum
1017 1548 1229 1579 convenissent,
1256 1546 1495 1582 splendidissimus
1522 1548 1562 1575 sol
1577 1556 1641 1582 pro-

858 1596 957 1624 ductus
974 1599 1026 1623 est.
1043 1594 1095 1622 Sed
1106 1594 1222 1621 fortasse
1237 1593 1336 1628 aliquis
1348 1593 1516 1620 contradicat
1530 1603 1535 1620 :
1553 1593 1642 1621 Unde-

857 1649 919 1669 nam
934 1641 987 1669 hoc
1002 1641 1176 1668 manifestum
1197 1644 1249 1671 cst,
1266 1647 1327 1666 cum
1340 1639 1414 1665 nulla
1441 1639 1565 1666 videatur
1596 1639 1636 1666 di-

857 1689 946 1722 visio;
985 1695 1074 1723 neque
1114 1687 1185 1715 enim
1215 1686 1305 1713 lumen
1335 1686 1370 1712 ab
1407 1686 1468 1720 igne
1493 1685 1639 1720 separatim

859 1736 1039 1771 perscriptum
1066 1741 1156 1768 neque
1183 1733 1271 1767 ignem
1302 1739 1317 1758 a
1347 1732 1449 1759 lumine
1484 1732 1639 1767 sejunclum

857 1782 1050 1816 conspiclmus.
1089 1778 1190 1806 Verum
1216 1779 1239 1805 is
1271 1778 1340 1805 sciat
1370 1785 1492 1812 quaenam
1515 1779 1585 1813 ignis
1611 1779 1640 1805 in

857 1829 1004 1863 semetipso
1034 1827 1192 1860 contineat,
1216 1825 1386 1860 splendidum
1425 1827 1548 1860 scilicet,
1574 1827 1640 1854 cali-

856 1875 931 1908 dum,
946 1874 1057 1906 ﬂavum,
1068 1881 1128 1908 qua:
1143 1872 1343 1908 sapientissime
1352 1871 1448 1899 artifex
1461 1873 1638 1906 secernendo.

856 1928 950 1948 eorum
967 1918 1192 1954 compositionem
1218 1917 1384 1945 manifestat.
1399 1917 1468 1945 Cum
1492 1920 1564 1946 enim
1581 1920 1641 1946 ani-

856 1967 920 1993 mali
934 1965 1052 1992 calorem
1069 1964 1162 1991 indere
1177 1963 1263 1998 cupit,
1278 1963 1349 1998 ignis
1363 1963 1480 1991 calorem
1500 1966 1592 1997 sumit,
1614 1969 1640 1992 et

856 2012 974 2039 calorem
995 2011 1077 2042 illius,
1099 2018 1154 2037 non
1176 2014 1267 2036 tamen
1285 2010 1376 2036 lumen
1398 2010 1529 2044 possidet.
1547 2011 1600 2038 Sed
1612 2011 1640 2038 in

856 2057 968 2084 animali
992 2057 1067 2084 calor
1084 2063 1099 2082 a
1112 2055 1215 2083 lumine
1229 2055 1382 2090 sejungitur
1392 2075 1399 2088 ,
1429 2063 1525 2083 rursus
1540 2056 1640 2084 flavum

857 2105 981 2139 suscipit,
999 2107 1027 2130 et
1049 2102 1147 2130 ﬂavum
1176 2102 1304 2137 quidem,
1324 2111 1378 2129 non
1410 2107 1500 2130 autem
1521 2103 1640 2131 calidum

857 2150 1082 2186 splendidumque
1102 2149 1235 2176 videmus.
1258 2148 1357 2176 lterum
1377 2149 1468 2176 calore
1488 2153 1639 2183 segregate.

42 2188 93 2216 δωσι
106 2191 185 2227 μόνην
201 2191 253 2227 τὴν
273 2191 368 2226 αὐγὴν,
384 2189 439 2218 οἷον
453 2191 490 2223 ὡς
512 2191 584 2218 ἐστιν
606 2192 669 2218 ἰδεῖν
691 2192 737 2218 ἐπὶ
755 2193 804 2228 τῆς

857 2196 1027 2232 splendorem
1044 2200 1149 2223 tantum
1164 2195 1286 2226 exhibet,
1315 2199 1344 2221 ut
1363 2195 1456 2222 videre
1484 2200 1526 2223 est
1548 2195 1574 2222 in
1590 2195 1640 2224 ful‘

42 2233 180 2272 ἀστραπῆς,
205 2237 246 2263 ὃτι
272 2235 448 2271 ὲκλὰμπουσα
471 2237 549 2272 μόνον
565 2237 688 2272 φωτίζει,
704 2237 733 2263 οὐ
752 2237 804 2272 μὴν

40 2278 62 2305 δὲ
73 2281 113 2308 καὶ
126 2281 276 2318 Θερμαίνει.
291 2283 327 2309 Τὺ
341 2283 362 2310 δ’
375 2283 440 2310 αὐτὸ
451 2283 622 2318 παράδειγμα
637 2283 683 2309 καὶ
696 2283 742 2310 ἐπὶ
755 2283 805 2318 τῆς

42 2326 137 2363 αελήνης
160 2329 322 2365 καθέστηκε.
346 2330 401 2356 Καὶ
422 2329 476 2365 γὰρ
498 2329 567 2365 αὕτη
585 2329 638 2356 ὑπὸ
661 2329 707 2356 τοῦ
729 2329 804 2365 ἡλίου

42 2372 192 2410 φωτιζομὲνη
216 2375 391 2411 φανερωτέρα
415 2374 537 2409 γίνεται,
562 2374 655 2411 ὥσπερ
680 2375 731 2401 ὑπὸ
755 2375 805 2410 τῆς

143 2422 158 2447 ὸ
180 2421 264 2456 ἥλιος.
283 2421 319 2448 Τὸ
335 2421 388 2457 γὰρ
409 2422 458 2457 τῆς
484 2421 596 2457 σελήνης
611 2419 681 2453 εἶδος
704 2421 804 2456 ἀνθρα-

40 2466 126 2498 mea;
139 2468 279 2503 τυγχάνει,
295 2468 332 2499 ὡς
344 2467 416 2495 ἐστιν
440 2467 502 2494 [δεῖν
519 2468 565 2494 ὲπὶ
578 2467 626 2503 τῆς
642 2467 787 2502 ἐκλείψεως
796 2476 803 2483 ·

40 2511 134 2548 ἀπάρας
155 2515 210 2550 γὰρ
236 2515 282 2541 ἀπ’
304 2514 388 2549 αὐτῆς
408 2515 438 2541 τὺ
461 2515 558 2541 οἰκεῖον
580 2513 680 2548 φέγγος
693 2514 707 2540 ὁ
731 2513 804 2548 ἥλιος

39 2557 151 2594 ἀμαυρὰν
165 2560 250 2595 αὐτὴν
273 2560 416 2594 καθίστησι
425 2568 431 2575 ’
447 2558 569 2594 φωτίζων
581 2559 608 2585 δὲ
622 2559 705 2594 αὐτὴν
715 2578 722 2590 ,
739 2558 807 2594 πλη-

41 2605 111 2640 σῑφαῆ
141 2606 334 2641 ἀπεργάζεται.
372 2605 529 2640 Ἐνδυομένη
556 2604 610 2640 γάρ
627 2613 685 2635 πως
720 2603 749 2630 τὸ
774 2605 806 2639 ἡ-

39 2648 117 2676 λιακὸν
143 2651 200 2686 φῶς
224 2651 386 2687 φαιδροτέρα
411 2650 583 2678 καθίσταται·
605 2649 650 2675 τὸν
674 2649 754 2676 αὑτὸν
773 2649 804 2684 δὴ

37 2693 123 2727 τρόπον
134 2697 181 2723 καὶ
196 2698 211 2723 ὁ
225 2697 300 2732 ἥλιος
311 2717 319 2729 ,
338 2698 388 2732 τῆς
402 2697 506 2733 ἡμέρας
521 2695 552 2722 τὸ
565 2695 622 2730 φῶς
638 2696 803 2730 ἐνδυόμενος,

37 2736 210 2778 λαμ-πρότερος
235 2743 377 2778 τυγχάνει,
401 2743 450 2778 τῆς
476 2742 580 2778 ἡμέρας
607 2742 712 2778 ἐκείνης
737 2741 805 2778 μήτε

66 2827 84 2843 “
100 2829 162 2859 Gen.
183 2839 201 2863 I.
221 2831 260 2860 ιθ.

857 2243 941 2274 mine,
955 2241 1026 2276 quod
1039 2240 1264 2268 ubiscintillando
1275 2239 1406 2274 eruperit,
1420 2243 1526 2267 tantum
1536 2239 1638 2271 lumen.

856 2296 911 2316 non
925 2291 1014 2315 autem
1027 2287 1145 2314 calorem
1173 2286 1319 2322 progignit.
1344 2284 1444 2312 Eodem
1472 2286 1596 2321 exemplo
1610 2291 1637 2313 et

856 2335 884 2362 in
904 2334 967 2361 luna
988 2333 1193 2360 demonstratur
1208 2332 1235 2359 id
1264 2332 1336 2366 quod
1364 2330 1480 2358 dicimus
1504 2332 1638 2366 ejusmodi

856 2387 926 2407 esse.
943 2378 1005 2406 Haec
1023 2379 1122 2414 quippe
1144 2378 1209 2406 solis
1236 2378 1337 2405 lumine
1365 2378 1522 2406 collustrata
1540 2379 1639 2407 clarior

857 2425 886 2453 fit
900 2446 908 2459 ,
925 2424 1151 2460 quemadmodum
1174 2428 1202 2452 et
1229 2423 1331 2451 lumine
1360 2423 1413 2450 diei
1438 2424 1488 2451 sol.
1504 2425 1646 2459 Aspec.us

856 2472 929 2500 enim
941 2471 1011 2498 lunae
1030 2470 1127 2498 similis
1149 2474 1192 2497 est
1214 2470 1324 2497 carboni
1338 2489 1345 2500 ,
1358 2473 1388 2495 ut
1409 2469 1435 2495 in
1454 2469 1514 2503 ejus
1530 2469 1646 2500 defectu

856 2517 947 2544 videre
958 2520 999 2544 est
1016 2523 1022 2540 :
1040 2523 1102 2542 nam
1118 2515 1157 2542 sol
1168 2515 1215 2542 ubi
1230 2515 1263 2541 ab
1276 2522 1308 2542 ea
1319 2514 1456 2549 proprium
1473 2515 1563 2542 lumen
1587 2518 1648 2544 sub.

856 2562 982 2593 traxerit,
1006 2568 1065 2588 eam
1090 2561 1240 2593 obscurat;
1267 2561 1313 2588 ubi
1333 2560 1574 2587 illustrarittotum
1599 2571 1646 2589 or-

856 2608 915 2635 hem
931 2605 1076 2641 implendo,
1108 2605 1243 2633 accendit.
1276 2605 1393 2633 lnduens
1422 2614 1539 2640 namque
1563 2608 1647 2642 'qLo-

856 2652 1000 2680 dammodo
1015 2651 1082 2679 solis
1099 2650 1202 2679 lumen.
1215 2650 1384 2686 splendidior
1399 2650 1428 2678 ﬁt
1442 2660 1449 2684 ;
1463 2659 1517 2678 non
1528 2651 1581 2679 alia
1598 2661 1645 2680 ra--

856 2700 940 2731 tione,
956 2702 983 2725 et
997 2697 1037 2724 sol
1054 2697 1145 2723 lumen
1177 2697 1231 2724 diei
1256 2698 1453 2733 circumseptus
1470 2699 1571 2726 clarior
1603 2704 1645 2727 est

857 2750 883 2773 et
898 2743 1042 2778 illustrior,
1054 2742 1099 2771 die
1123 2742 1169 2770 illa
1187 2751 1275 2778 neque
1299 2749 1404 2778 urente,
1432 2752 1520 2780 neque
1534 2745 1642 2781 calefa-
