1909 3071
242 129 294 157 719

675 127 704 154 S.
725 124 946 154 EL'STA'IHIUS
967 123 1210 152 ANTIOCHENUS
1228 124 1426 154 EPISCOPUS.

1818 128 1866 156 7ξο

241 191 338 222 ciente.
354 189 401 217 sed
416 192 522 216 tantum
547 189 728 216 illuminante.
759 188 851 216 Solem
879 192 970 214 autem
995 195 1028 214 ex

1091 185 1170 221 ηὖσης.
1190 187 1256 222 μήτε
1277 188 1357 214 πάλιν
1371 187 1579 224 θερμαινούσης,
1597 188 1665 216 ἀλλὰ
1679 189 1760 225 μόνον
1781 198 1867 224 φωτι-

241 238 302 273 ignc
312 236 452 268 constituti,
469 235 536 262 illud
565 240 724 271 argumento
751 239 793 263 est
810 234 882 270 quod
900 234 1028 261 incendat

241 287 267 311 ci
281 286 393 310 torreat.

274 329 316 356 Ad
330 328 496 356 dividendum
520 327 589 355 diem
621 333 646 355 et
674 333 784 359 noctem,
817 327 897 362 quasi
914 327 1025 360 diceret,

241 376 325 404 solem
338 375 392 402 diei
413 374 549 408 terminis,
572 375 665 401 lunam
691 374 780 401 noctis
795 373 920 405 inclusit;
941 380 1028 407 neque

241 420 315 448 aliud
327 425 369 449 est
380 428 434 447 nox
449 427 530 454 quam
547 424 627 447 terra:
644 419 751 450 umbra,
773 419 838 446 solis
852 418 944 446 radios
955 422 1028 445 terra

242 468 406 503 interpositu
423 475 473 494 suo
495 466 645 495 auferente.
675 465 709 493 Ut
721 465 794 493 enim
810 466 837 493 in
851 465 904 497 die,
923 465 944 492 si
966 465 1028 499 quis

241 514 332 541 lumen
349 513 523 546 intercludat,
540 513 637 540 umbra
647 512 795 540 eil'unditur
807 513 954 547 lumenque
965 519 1029 539 eva-

240 560 337 593 nesuit,
353 558 393 586 sic
405 562 432 586 et
444 566 496 585 nox
511 566 574 586 aere
590 559 664 585 circa
681 562 781 585 terram
793 557 915 585 tenebris
943 557 1026 584 obvo-

242 606 310 637 luto,
328 604 517 637 constituitur,
545 608 571 631 et
588 604 629 631 sol
656 603 728 639 quod
742 611 756 630 a
781 603 870 639 primo
886 611 942 631 suae
952 611 1029 630 crea«

242 652 327 680 tionis
337 651 449 679 exordio
462 651 554 678 lumen
569 658 584 678 ξι
609 650 739 678 Creatore
753 650 869 684 accepit,
888 650 914 676 in
929 653 1030 677 semet-

242 699 302 734 ipso
317 698 448 726 continuo
465 701 610 725 conservat
623 696 756 728 abditum,
774 695 846 731 quod
862 696 933 722 luna:
945 696 1029 723 dene-

243 749 335 780 gntum
351 749 402 776 est,
417 751 478 779 qua:
489 743 555 771 illud
565 751 636 778 smpe
647 741 796 770 crescendo
807 745 834 768 et
846 740 1029 769 decrescendo

243 792 352 819 amittit.

281 837 314 864 Et
330 838 383 865 sint
398 837 425 864 in
444 836 520 872 signa
545 840 569 863 et
585 836 613 862 in
636 840 763 869 tempora,
790 840 814 862 et
830 835 856 862 in
880 834 947 865 dies,
964 838 988 860 et
1003 833 1029 860 in

244 892 326 912 annos
343 885 376 912 η.
389 882 531 918 Temporis
555 883 594 909 sol
611 885 638 908 et
656 882 719 908 luna
733 881 810 916 origo
824 884 899 908 sunt.
925 879 1030 907 Etenim

244 931 308 959 dum
335 938 435 958 cursus
457 929 583 956 ordinate
611 928 745 959 feruntur,
766 932 856 955 certos
879 931 1031 962 temporum

243 976 334 1004 exitus
359 975 489 1006 eiliciunt,
507 978 675 1008 voeaturque
697 977 805 1008 tempus
819 971 929 1007 quando
948 971 1032 998 veluti

243 1023 361 1059 quodam
388 1022 417 1049 in
442 1021 547 1048 circulo
576 1020 689 1047 alternis
722 1019 847 1054 beneque
874 1017 1032 1045 constitutis

244 1068 469 1097 successionibus
484 1067 601 1094 volvitur
627 1065 745 1101 primum
773 1065 808 1093 ad
832 1064 993 1096 secundum,
1006 1066 1032 1091 et

244 1115 355 1142 tertium
367 1114 400 1141 ad
412 1113 437 1141 id
452 1113 524 1147 quod
537 1111 672 1147 sequitur.

279 1160 358 1192 Illud.
374 1160 427 1188 sint
442 1159 468 1186 in
481 1158 557 1193 signa
569 1179 576 1190 ,
590 1157 718 1192 quoniam
733 1156 871 1183 ineuntem
887 1158 1033 1190 tempesta—

245 1211 300 1234 tem
314 1213 422 1241 semper
439 1205 612 1240 signiﬁcant;
634 1203 721 1237 caligo
745 1208 863 1236 namque
875 1200 932 1228 aeri
946 1200 1033 1227 oﬂ'usa

245 1253 312 1280 solis
327 1251 417 1279 radios
425 1249 644 1278 circumcludens
659 1248 749 1275 minus
765 1247 876 1274 luminis
891 1246 1032 1281 relinquit,

244 1299 327 1327 veluti
346 1298 392 1333 qui
408 1296 574 1324 carbonibus
601 1295 700 1323 similis
726 1301 824 1321 cruore
844 1293 972 1330 perfusus
988 1301 1033 1320 ru-

246 1343 345 1375 bescit,
364 1349 426 1370 cum
448 1349 537 1368 aerem
566 1340 713 1374 vaporibus
730 1343 810 1366 terrae
835 1339 1033 1366 condensatum

245 1389 383 1417 discutere
409 1387 613 1421 dissolvereque
637 1390 763 1421 nequeat.
790 1385 854 1413 lude
885 1388 1033 1420 tempestas

249 1435 404 1464 ostenditur
419 1434 527 1465 futura;
542 1436 569 1459 et
596 1440 658 1460 cum
676 1440 744 1467 quas
760 1432 854 1459 dicunt
869 1440 944 1458 areas
959 1433 1034 1464 (sunt

247 1489 312 1510 vero
338 1481 609 1515 circumscriptiones
625 1479 748 1514 qumdam
776 1478 894 1505 rotundo
918 1477 1032 1510 ambitu,

247 1529 319 1556 areis
337 1528 451 1558 similes,
468 1531 495 1554 et
508 1535 541 1554 ex
555 1527 607 1553 hoc
622 1533 720 1553 nomen
737 1524 840 1560 adeptae
857 1524 931 1558 sunt)
948 1523 1032 1551 solem

247 1575 392 1606 cinxeriut,
411 1579 506 1601 ventos
522 1573 600 1600 nobis
611 1573 728 1600 innuunt
743 1579 830 1600 saevos
846 1579 877 1598 ac
889 1570 1035 1598 vehemen-

247 1626 306 1655 tes;
322 1628 372 1648 nec
390 1628 444 1648 non
459 1623 485 1646 et
497 1619 611 1646 antlielii
626 1619 726 1651 vocati,
756 1618 778 1645 si
801 1625 884 1645 cuusu
900 1617 966 1645 solis
981 1623 1035 1643 una

249 1668 381 1698 ferantur,
394 1674 483 1693 aerem
493 1666 573 1693 nobis
597 1665 718 1692 futurum
747 1664 899 1691 maleficum
912 1671 1035 1698 pronun-

249 1713 335 1746 tiant;
351 1717 378 1740 et
403 1720 500 1740 rursus
515 1711 538 1738 si
550 1712 634 1746 virga:
648 1711 740 1738 colore
769 1709 849 1737 Iridis
867 1709 940 1736 circa
955 1716 1036 1736 auro-

250 1768 308 1787 ram
325 1759 397 1786 inter
412 1759 498 1785 nubes
514 1758 669 1793 conspicua:
688 1761 847 1788 cernantur,
866 1755 908 1782 vel
924 1755 1034 1787 imbres,

249 1806 290 1833 vel
306 1805 541 1841 tempestates,vel
558 1808 587 1831 ut
600 1804 747 1839 plurimum
759 1802 829 1830 aeris
856 1802 1035 1830 mutationem

250 1853 428 1887 pratsignant.

285 1897 361 1924 Luna
378 1896 401 1924 si
419 1897 500 1924 tertio
522 1895 566 1922 die
584 1896 676 1922 tenuis
703 1895 832 1923 cornibus
848 1902 971 1930 puroque
991 1894 1036 1921 ni-

251 1949 310 1972 tore
331 1944 448 1975 fulserit,
481 1943 606 1970 stabilem
636 1951 669 1969 ac
690 1944 795 1970 lirmam
812 1942 1037 1977 tranquillitatem

253 1989 404 2024 promittit;
425 1987 466 2015 sin
488 1995 551 2014 vero
576 1994 679 2014 cornua
705 1987 843 2014 crassiora
871 1985 1038 2020 subrufaquc

252 2036 312 2062 visa
331 2034 441 2065 fuerint,
459 2041 592 2069 aquarum
609 2033 781 2068 repentinum
797 2033 924 2067 impetum
949 2032 1040 2059 horri-

254 2081 371 2115 damque
403 2083 591 2114 tempestatem
620 2078 767 2114 portendit.
793 2078 918 2113 Suntque
940 2078 1040 2106 instru-

254 2131 345 2154 menta
372 2130 526 2160 temporum
551 2126 592 2153 sol
617 2129 644 2152 et
667 2126 750 2157 luna;
777 2129 896 2159 tempus,
921 2124 1038 2156 dierum,

254 2172 401 2204 mensium,
427 2179 577 2205 annorum;
601 2171 702 2203 sidera,
731 2170 876 2203 mensium,
894 2171 1038 2203 seminum,

254 2219 394 2246 messium.

292 2263 473 2299 Vergiliarum
490 2269 626 2295 exortum,
645 2263 744 2290 messis
758 2263 955 2298 vindemiaque
970 2267 1040 2290 tem-

257 2317 308 2345 pus
321 2316 421 2337 oceasu
434 2308 705 2336 seminisdenuntiari
723 2308 836 2335 scimus.
847 2307 1042 2344 Navigantibus

255 2355 414 2384 Plaustrum
426 2354 502 2382 sidus
517 2355 588 2382 viam
604 2354 699 2388 aperit.
715 2352 801 2380 Locos
814 2353 886 2380 enim
908 2353 997 2380 sidera
1006 2354 1044 2380 si-

255 2402 386 2438 gniﬁcant
402 2405 429 2429 et
436 2401 594 2429 ostendunt.
605 2399 673 2428 Ursa
685 2399 757 2426 enim
766 2399 976 2434 septentrionem
990 2399 1045 2433 pla-

256 2457 317 2484 gam
331 2448 463 2475 insinuat.
472 2446 652 2482 Vergiliarum
665 2453 727 2480 pars
735 2445 888 2471 acuminata
904 2444 937 2471 ad
949 2444 1045 2471 Orien-

257 2500 310 2522 tem
325 2497 463 2529 spectans,
476 2492 527 2519 hoc
542 2492 612 2519 idem
625 2491 757 2518 enuntiat.
773 2489 861 2524 Ipsius
877 2490 940 2516 item
969 2489 1046 2517 Ursa:

259 2540 334 2567 llexze
349 2546 446 2570 cornu,
463 2543 490 2566 et
502 2538 572 2565 lunae
585 2545 649 2572 pars
663 2544 723 2572 qua:
734 2536 895 2568 illustratur,
908 2535 1046 2564 Orientem

261 2590 420 2620 prmmonet.
431 2585 586 2619 Antequam
601 2591 664 2611 vero
673 2584 729 2610 haec
746 2582 851 2614 tierent,
865 2587 972 2618 tempus
992 2590 1046 2609 non

263 2635 330 2663 erat,
348 2631 396 2658 sed
411 2631 528 2666 spatium
544 2634 665 2663 aetasque
688 2628 801 2655 nimium
816 2636 848 2655 ea
866 2629 943 2664 longa
962 2631 1047 2654 extra-

263 2685 315 2711 que
327 2684 410 2704 omne
423 2681 541 2711 tempus.
559 2674 592 2702 Et
604 2675 656 2702 hoc
670 2674 704 2702 de
719 2674 804 2709 signis
819 2675 923 2702 dictum
940 2675 987 2702 sit.

300 2765 434 2800 Tempora
461 2773 542 2800 porro
573 2765 712 2796 horarum,
730 2764 786 2791 sire
811 2765 941 2799 temporis
964 2763 1050 2800 ipsius

304 2855 326 2870 “
342 2853 404 2881 Gen.
423 2862 441 2886 I,
458 2856 499 2882 H.

1078 232 1186 267 {cinna
1203 234 1263 260 Ὅτι
1278 234 1306 260 δὲ
1325 236 1356 260 ὲκ
1373 235 1458 270 πυρὸς
1472 234 1632 270 συνέστηκεν
1646 237 1661 262 6
1680 236 1769 272 ἥλιος,
1788 236 1868 271 δῆλον

1077 279 1109 305 ἐκ
1121 279 1167 305 τοῦ
1186 279 1298 316 ττυροῦν,
1318 281 1364 307 καὶ
1376 280 1494 314 φλέγειν.

1117 326 1172 352 Τοῦ
1200 326 1381 361 διαχωρίζειν
1405 327 1559 362 ἀναμέσον
1587 327 1642 362 τῆς
1669 327 1784 362 ἡμέρας
1821 328 1869 355 καὶ

1077 372 1231 405 dra/levor
1247 372 1302 406 τῆς
1314 374 1433 406 νυκτός.
1448 372 1510 400 Οἶον
1533 374 1577 400 τὸν
1598 375 1673 409 ἥλιον
1690 375 1739 409 τῆς
1759 374 1868 410 ἡμέρας

1078 418 1132 448 τοῖς
1150 417 1260 452 μέτροις
1284 417 1378 450 ἔταξε,
1405 419 1452 445 καὶ
1475 419 1524 454 τὴν
1548 419 1661 454 σελήνην
1687 419 1737 455 τῆς
1759 419 1868 450 νυκτός.

1080 463 1157 489 Ἔστι
1172 463 1200 489 δὲ
1216 465 1232 498 ή
1257 463 1305 496 νὺξ
1322 465 1441 499 σκίασμα
1464 465 1512 500 τῆς
1527 466 1593 500 γῆς,
1622 466 1868 502 ἀποκρυπτομένου

1078 508 1124 535 τοῦ
1147 509 1232 544 ἡλίου.
1253 510 1296 541 Ὠς
1315 511 1369 545 γὰρ
1389 511 1418 536 ἐν
1503 511 1610 547 ἡμέρᾳ,
1636 512 1868 547 ἀντιφράσσοντός

1078 563 1160 586 τινος,
1176 555 1239 582 σκιά
1251 557 1364 590 γίνεται,
1375 556 1421 583 καὶ
1434 557 1465 582 τὸ
1477 557 1534 591 φῶς
1547 558 1750 591 παρυφίσταται
1760 566 1767 572 “
1782 558 1868 589 οὕτως

1079 602 1096 636 ἡ
1115 601 1174 635 νὺξ,
1195 602 1372 637 σκιαζομένου
1391 602 1437 629 eo}
1452 602 1532 638 ἀέρος
1551 603 1597 629 τοῦ
1623 604 1686 639 περὶ
1711 604 1764 638 γῆν
1776 624 1784 635 ,
1808 613 1867 630 συν-

1081 647 1193 675 ίσταται.
1209 650 1264 675 Καὶ
1280 650 1294 675 ὁ
1309 649 1358 684 μὲν
1372 649 1456 685 ἥλιος,
1472 651 1557 686 ὅσπερ
1574 650 1603 684 ἐξ
1615 651 1701 686 ἀρχῆς
1717 651 1777 686 φῶς
1794 653 1869 687 παρὰ

1079 693 1126 720 τοῦ
1144 694 1254 730 ποιητοῦ
1269 695 1373 730 εἴληφε,
1383 695 1461 722 τοῦτο
1476 695 1585 731 ἕχειδιὰ
1599 697 1699 728 παντὸς
1711 698 1869 733 ἐγκεκρυμ-

1082 741 1161 775 μένον
1175 742 1203 768 ἐν
1224 742 1314 777 ἑαυτῷ
1324 751 1331 757 ·
1347 743 1363 777 ἠ
1384 742 1412 769 δὲ
1427 742 1524 778 σελήνη
1537 744 1585 778 οὐχ
1601 743 1697 775 οὕτως,
1717 743 1787 770 ἀλλὰ
1810 753 1869 770 συν-

1081 786 1150 822 εχῶς
1162 787 1317 820 ἀποδύεται,
1332 787 1459 820 αὔξουσα,
1476 789 1523 815 καὶ
1540 790 1697 824 μειουμένη.

1118 833 1279 861 Ἔστωσαν
1292 834 1325 861 δὲ
1343 835 1388 867 εἰς
1408 835 1525 870 σημεῖα,
1545 835 1594 862 καὶ
1610 837 1654 868 εὶς
1668 835 1803 869 καιροὺς,
1823 836 1869 862 καὶ

1084 881 1128 912 εὶς
1139 880 1261 914 ἡμέρας,
1277 881 1326 907 καὶ
1341 882 1386 914 εἰς
1399 881 1564 914 ἐνιαυτούς.
1580 881 1682 917 Χρόνον
1697 882 1725 908 δὲ
1735 881 1813 917 ἣλιος
1827 882 1870 908 καὶ

1084 926 1182 962 σελήνη
1201 927 1283 962 γεννᾷ
1299 927 1402 955 τοῦτον.
1421 927 1580 963 Ἐλκόμεναι
1596 928 1764 964 συμμέτρως
1776 927 1831 963 γὰρ
1845 929 1869 954 αἱ

1083 973 1165 1009 φοραὶ
1180 974 1349 1009 τεταγμένας
1364 974 1418 1001 τῶν
1438 975 1540 1010 καιρῶν
1553 975 1603 1007 τὰς
1622 975 1730 1007 ἐξόδους
1743 975 1869 1008 γεννῶσι.

1081 1019 1183 1054 Χρόνος
1198 1018 1226 1044 δὲ
1243 1019 1380 1054 καλεῖται,
1401 1019 1493 1055 ἐπειδὴ
1511 1019 1605 1055 ὥσπερ
1623 1020 1669 1046 ὲπί
1692 1029 1755 1047 τινα
1773 1020 1870 1046 κύκλον

1083 1064 1242 1100 ἐπαλλήλοις
1253 1065 1363 1091 εἱλεῖται
1378 1065 1517 1097 εὐτάκτοις
1527 1065 1672 1100 διαδοχαῖς,
1684 1066 1795 1102 πρῶτος
1806 1066 1871 1101 πρὸς

1082 1110 1216 1146 δεύτερον,
1231 1111 1278 1138 καὶ
1294 1111 1384 1147 τρίτος
1402 1112 1469 1148 πρὸς
1485 1111 1531 1138 τὸν
1548 1112 1621 1147 ἑξῆς.

1118 1157 1155 1183 Τὸ
1171 1157 1213 1190 δὲ,
1227 1156 1367 1183 ἔστωσαν
1382 1158 1426 1190 εὶς
1448 1157 1567 1192 σημεῖα,
1585 1157 1678 1193 ἐπειδὴ
1697 1158 1750 1193 τὴν
1771 1167 1872 1194 παρου-

1085 1202 1144 1229 σίαν
1155 1202 1201 1229 τοῦ
1225 1203 1358 1238 χειμῶνος
1371 1203 1414 1229 ἀεὶ
1433 1203 1679 1239 προσημαίνουσιν
1698 1203 1784 1239 ἀχλὺς
1809 1205 1870 1239 γὰρ,

1083 1247 1121 1284 τῷ
1135 1249 1196 1284 ἀέρι
1210 1249 1385 1285 ἐγγενομένη,
1401 1250 1447 1276 τοῦ
1463 1250 1538 1285 ἡλίου
1555 1250 1605 1282 τὰς
1615 1251 1728 1282 ἀκτῖνας
1743 1252 1869 1287 ἀμαυροῖ.

1084 1295 1131 1322 καὶ
1157 1295 1280 1330 φαίνεται
1305 1295 1482 1332 ἀνθρακώδης
1505 1297 1552 1323 καὶ
1580 1297 1718 1332 ὖιραιμος,
1739 1298 1777 1334 μὴ
1798 1297 1871 1324 δυνά-

1086 1349 1164 1375 μενος
1176 1341 1220 1368 τὸν
1235 1341 1303 1377 ἀέρα
1322 1342 1354 1369 ὲκ
1365 1342 1418 1368 τῶν
1432 1342 1526 1377 ἀτμῶν
1537 1343 1586 1378 τῆς
1596 1343 1648 1378 γῆς
1659 1344 1872 1378 πεπυκνωμένον

1084 1386 1204 1423 διαχέαι·
1233 1389 1287 1415 κάκ
1310 1388 1404 1415 τούτου
1430 1391 1541 1424 σημεῖον
1562 1389 1695 1424 χειμῶνος
1724 1389 1869 1415 δείκνυται.

1086 1433 1206 1460 Ὀτανδὲ
1222 1435 1250 1460 αἱ
1264 1433 1406 1469 λεγόμεναι
1422 1434 1484 1466 ἅλῳ
1502 1434 1675 1470 (στρογγύλαι
1689 1435 1719 1462 δὲ
1738 1436 1792 1462 εἰσί
1803 1445 1870 1466 τινες

1086 1479 1252 1514 περιγραφαὶ
1266 1479 1356 1514 ὅμοιαι
1376 1479 1448 1514 ἆλῳ,
1465 1480 1497 1506 ἐκ
1520 1479 1613 1506 τούτου
1632 1480 1685 1516 γὰρ
1702 1480 1792 1512 οὕτως
1814 1482 1870 1507 ἐπο-

1047 1541 1069 1570 c
1086 1525 1267 1560 νομάζονται)
1291 1525 1337 1552 τδν
1353 1525 1428 1560 ἥλιον
1454 1526 1673 1562 περιστοιχίσωσι
1685 1547 1693 1558 ,
1726 1527 1869 1563 σφοδρότης

1085 1572 1138 1598 τῶν
1154 1571 1262 1607 ἀνέμων
1280 1572 1457 1607 σημαίνεται·
1484 1572 1552 1599 ἐπὰν
1564 1573 1591 1599 δὲ
1607 1572 1655 1599 καὶ
1670 1573 1696 1598 οἱ
1712 1572 1868 1609 καλούμενοι

1086 1616 1206 1652 ἀνῡήλιοι
1230 1618 1263 1652 τῇ
1279 1617 1325 1644 τοῦ
1348 1618 1423 1653 ἡλίου
1441 1619 1511 1654 φορᾷ
1535 1618 1718 1654 συντρέχωσι,
1746 1627 1870 1654 συμπτω-

1088 1664 1180 1699 μάτων
1209 1664 1309 1700 ἀερίων
1337 1666 1448 1701 σημεῖον
1472 1666 1588 1700 γίνεται·
1615 1666 1661 1693 καὶ
1687 1666 1770 1693 πάλιν
1795 1667 1871 1700 ἡνίκα

1088 1710 1193 1746 ῥάϐδοις
1204 1711 1319 1738 ἐοικυῖα·
1329 1711 1399 1738 κατὰ
1407 1711 1455 1747 τὴν
1466 1712 1546 1748 χρόαν
1558 1712 1606 1747 τῆς
1616 1713 1714 1749 Ἶριδος
1726 1713 1768 1745 είς
1780 1713 1871 1749 apem

1085 1758 1142 1788 τοῖς
1158 1757 1267 1792 νέφεσιν
1284 1758 1480 1792 ἐμφαινόμεναι
1495 1757 1646 1793 δειχοιῖηιν,
1661 1758 1773 1794 δμὸροι,
1789 1758 1805 1794 ἢ
1822 1768 1871 1793 χει-

1089 1803 1227 1839 μῶνες,ἢ
1255 1803 1388 1839 μεταϐολὴ
1413 1803 1550 1831 ὲπιπλείον
1575 1803 1622 1831 τοῦ
1638 1804 1720 1839 ἀέρος
1745 1806 1872 1840 σημαίνε-

1086 1857 1141 1876 ται.

1128 1895 1160 1921 Ὶί
1175 1894 1203 1921 δὲ
1220 1895 1335 1931 σελήνη,
1352 1895 1461 1922 ἐπειδὰν
1485 1896 1514 1922 ὲν
1528 1897 1562 1931 τῇ
1582 1895 1659 1932 τρίτῃ
1674 1895 1769 1932 ἡμέρᾳ
1792 1895 1871 1931 λεπτὴ

1088 1942 1134 1968 καὶ
1146 1941 1252 1978 καθαρὰ
1266 1943 1325 1973 ταῖς
1336 1942 1459 1978 κεραίαις
1469 1942 1626 1978 ἀποδειχθῇ,
1637 1943 1773 1978 σταθερὰν
1787 1943 1870 1969 εὐδίαν

1088 1987 1335 2022 κατεπαγγέλλεται
1346 1996 1354 2003 ⁸
1370 1989 1470 2023 παχεῖα
1479 1987 1508 2014 δὲ
1522 1989 1583 2020 ταῖς
1595 1989 1732 2024 γεραίαις,
1747 1989 1795 2015 καὶ
1810 1987 1871 2026 ὑπέ-

1090 2033 1187 2070 ρυθρος
1205 2035 1328 2068 φανεῖσα,
1344 2033 1414 2070 ὕδωρ
1430 2034 1528 2070 λάϐρον
1541 2034 1557 2070 ἣ
1572 2034 1647 2061 νότον
1662 2034 1749 2069 βίαιον
1763 2035 1871 2068 εὐαγγε-

1089 2078 1201 2110 λίζεται,
1215 2080 1336 2115 Ὄργανα
1358 2077 1404 2106 οὖν
1417 2080 1520 2116 χρόνων
1535 2081 1609 2116 ἥλιος
1632 2082 1679 2108 καὶ
1699 2081 1800 2117 σελήνη
1811 2081 1870 2108 καθ-

1092 2125 1212 2152 ίσταται·
1231 2125 1326 2161 χρόνος
1348 2125 1376 2152 δὲ
1393 2126 1518 2162 ἡμερῶν,
1537 2127 1644 2162 μηνῶν,
1669 2127 1717 2154 καὶ
1729 2128 1868 2154 ἐνιαυτῶν·

1091 2169 1126 2196 τὰ
1140 2170 1167 2196 δὲ
1187 2170 1285 2206 ἄστρα,
1304 2171 1350 2198 καὶ
1380 2172 1489 2208 μηνῶν,
1511 2172 1557 2198 καὶ
1579 2173 1704 2208 σπόρων,
1730 2173 1779 2199 καὶ
1804 2173 1868 2208 ἀμηο

1056 2217 1080 2248 D
1092 2216 1156 2243 τῶν.

1130 2264 1184 2290 Καὶ
1193 2263 1369 2298 ιιι-Πλειάδες,
1384 2262 1576 2290 ἀνατέλλουσαι
1590 2262 1639 2298 μὲν
1652 2263 1759 2298 ἀμητοῦ
1774 2263 1871 2298 καιρὲν,

1092 2309 1218 2336 δύνουσαι
1239 2309 1268 2335 δὲ
1290 2309 1401 2344 σπόρου,
1416 2308 1575 2335 δεικνύουσι.
1594 2308 1647 2335 Καὶ
1666 2310 1721 2340 τοῖς
1742 2308 1869 2336 ναυτιλλο-

1095 2356 1186 2391 μένοις
1210 2355 1278 2391 μετὰ
1302 2355 1352 2390 τῆς
1373 2354 1494 2390 Ἀμάξης
1519 2355 1630 2390 σημεῖον
1652 2354 1774 2389 γίνεται·
1792 2355 1873 2381 τόπων

1093 2401 1147 2437 γὰρ
1164 2402 1264 2436 σημεῖα
1280 2400 1327 2427 καὶ
1339 2400 1480 2436 δεικτήρια
1490 2400 1522 2426 τὰ
1535 2400 1622 2436 ἄστρα
1635 2400 1750 2434 γίνεται.
1765 2401 1874 2435 Ἀρκτος

1097 2449 1145 2484 μὲν
1169 2447 1224 2483 γὰρ
1248 2447 1348 2483 ἄρκτον
1372 2447 1508 2474 δείκνυσι⁸
1535 2446 1583 2481 τῆς
1608 2446 1636 2472 δὲ
1662 2446 1791 2478 Πλειάδος
1815 2446 1873 2480 rudi;

1096 2494 1226 2529 ἀνατολὴν
1240 2494 1346 2529 βλέπων
1355 2493 1385 2520 τὸ
1397 2492 1444 2525 ὀξὺ
1456 2493 1505 2529 τὴν
1520 2493 1619 2528 ἄρκτον
1633 2492 1769 2519 δείκνυσιν
1779 2501 1786 2507 ·
1798 2492 1872 2525 αὐτῆς

1096 2542 1124 2568 δὲ
1139 2542 1188 2577 τῆς
1204 2540 1304 2576 ἄρκτου
1324 2539 1508 2576 στρεφομένης
1529 2538 1558 2565 τὸ
1583 2538 1667 2572 κέρας
1682 2538 1731 2574 τὴν
1752 2537 1872 2571 ἀνατολὴν

1096 2585 1225 2616 δείκνυσι,
1244 2584 1352 2619 καὶτῆς
1366 2583 1478 2618 σελήνης
1497 2582 1527 2609 τὸ
1545 2582 1718 2618 λαμπόμενον
1738 2582 1821 2618 μέρος
1834 2581 1871 2615 τὴ*

1098 2629 1229 2665 ἀνατολὴν
1254 2629 1388 2665 σημαίνει.
1406 2629 1462 2664 Πρὸ
1485 2629 1513 2655 δὲ
1535 2628 1636 2655 τούτων
1652 2629 1748 2664 χρόνος
1771 2628 1820 2654 οὐκ
1836 2625 1871 2662 ἦν.

1097 2676 1164 2703 ἀλλὰ
1187 2676 1341 2712 διάστημα,
1359 2676 1405 2703 καὶ
1429 2675 1494 2702 αξὼν
1512 2675 1616 2711 μακρός
1631 2683 1673 2708 τις
1695 2675 1744 2702 καὶ
1761 2675 1871 2710 ἄχρονος·

1100 2723 1213 2758 Εἴρηται
1229 2721 1274 2749 οὖν
1290 2723 1354 2758 περὶ
1367 2723 1420 2749 τῶν
1435 2723 1564 2757 σημείων.

1135 2770 1253 2805 Καιροὺς
1271 2769 1299 2796 δὲ
1324 2768 1413 2803 λέγειν
1432 2767 1570 2804 ἡγούμεθα
1591 2767 1640 2799 τὰς
1660 2766 1810 2800 ἐναλλαγὰς
1831 2764 1874 2791 τῶν
