1909 3071
47 107 91 136 HI

498 111 634 142 SPURIA.
653 131 687 137 —
701 116 880 146 COMMENT.
901 117 933 145 IN
955 117 1202 147 HEXAEMERON.
1221 116 1225 120 ”

1609 125 1660 154 ’122

45 166 132 218 ὡρῶν,
149 165 299 202 χειμῶνος,
328 165 421 203 ἔαρος,
446 168 556 204 θέρους,
576 171 743 208 μετοπώρου.
767 174 823 201 Καὶ

878 177 1050 210 mutationes,
1064 185 1096 205 ac
1110 179 1194 210 vices,
1211 179 1308 208 hiemis
1316 181 1432 215 scilicet,
1450 182 1531 215 veris,
1547 185 1660 218 astatis,

46 211 137 247 χειμὼν
164 213 213 247 μὲν
231 213 334 247 γίνεται
360 215 416 246 τοῖς
441 215 538 247 νοτίοις
559 217 653 252 μέρεσι
675 219 722 246 τοῦ
748 220 822 256 ἡλίου

47 257 308 294 πῳσδιατρίὸοντος,
331 260 378 285 καὶ
400 260 466 287 πολὺ
481 261 511 287 τὸ
533 263 687 298 νυκτερινὸν
704 265 824 301 σκίασμα

47 304 102 339 περὶ
116 303 160 330 τὸν
178 304 241 330 καθ’
259 305 333 340 ἡμᾶς
349 306 430 332 τόπον
452 307 660 341 ἀποτελοῦντος,
682 309 719 342 ὡς
741 320 825 338 κατα-

47 348 166 385 ψύχεσθαι
184 350 234 384 μὲν
251 351 298 376 τὸν
313 351 376 387 περὶ
392 353 440 387 τὴν
454 353 506 388 γῆν
523 354 603 389 ἀέρα,
616 356 662 382 καὶ
676 356 726 388 τὰς
739 358 824 394 ὑγρὰς

47 396 230 430 ἀναθυμιάσεις
251 398 448 433 συνισταμένας
467 399 577 435 ὄμϐρων
587 420 594 432 ,
618 402 665 428 καὶ
691 403 803 438 κρυμῶν
815 424 822 435 ,

48 441 87 468 καὶ
107 441 222 476 νιφάδων
246 443 335 475 αἰτίας
358 444 496 478 γίνεσθαι·
522 446 632 473 ἐπειδὰν
653 447 681 474 δὲ
707 448 824 476 ἐπανιὼν

50 489 117 515 πάλιν
133 488 185 514 ἀπὸ
201 488 258 516 τῶν
277 490 468 525 μεσημϐρινῶν
482 492 587 528 χωρίων
603 493 648 519 ἐπὶ
670 493 715 520 τοῦ
741 494 824 530 μέσου

49 533 158 569 γένηται,
184 534 316 570 ίσημερία
338 535 457 570 γίνεται,
484 537 532 564 καὶ
561 538 615 574 ὅσῳ
629 540 685 571 τοῖς
707 540 753 566 ἐπὶ
774 540 825 575 γῆς

50 580 196 616 ὲνδιατρίὸει
223 581 334 614 τόποις,
359 583 477 618 τοσούτῳ
499 583 569 610 κατὰ
589 584 670 620 μέρος
694 585 824 620 ἐπανάγει

50 627 89 663 τὴν
106 621 269 663 εὐκρασίαν,
296 628 344 655 καὶ
364 629 467 662 γίνεται
489 629 557 665 ἔαρ,
579 632 636 662 τοῖς
663 631 712 666 μὲν
733 633 825 666 φυτοῖς

50 673 162 708 παρέχων
177 673 335 709 βλάστησιν,
349 676 404 706 τοῖς
424 675 452 701 δὲ
471 675 587 712 δένδροις
603 676 652 712 τὴν
667 677 823 705 ἀναὸίωσιν.

55 718 160 745 Ἐκεῖθεν
171 719 198 746 δὲ
214 720 266 755 ἤδη
285 720 352 755 πρὸς
368 720 417 752 τὰς
431 720 537 757 θερινὰς
553 722 657 758 τροπὰς
675 724 717 749 ἐπ’
741 724 826 761 αὐτὴν

50 764 89 800 τὴν
111 765 225 800 Ἄρκτον
239 766 347 801 τρέχων
363 767 377 792 ό
405 767 480 802 ἥλιος
505 767 553 799 τὰς
579 768 697 804 μεγάλας
719 769 826 805 ἡμέρας

49 811 104 845 ἡμῖν
117 810 275 846 παρίστησι,
293 811 340 838 καὶ
356 811 400 838 διὰ
415 812 444 838 τὸ
458 811 548 838 πλεῖον
560 813 640 839 αὑτὸν
653 814 825 849 προσομιλεῖν

51 855 84 891 τῷ
98 856 164 891 ἀέρι,
178 856 264 883 αὐτὸν
286 857 464 893 καταφρίσσει
477 858 526 888 ,τὸν
542 859 626 894 ἀέρα,
642 859 689 886 καὶ
710 859 758 896 τὴν
774 860 824 895 γῆν

51 903 126 928 πᾶσαν
137 902 342 938 καταξηραίνει,
354 904 399 930 καὶ
416 904 504 931 πάντα
515 905 620 940 καρπὸν
632 905 730 941 ὡραῖον
741 906 826 942 ἀπερ-

51 947 147 982 γάζεται
163 948 382 983 φλογωδέστατος
402 949 448 982 ὢν,
472 950 518 978 καὶ¹
540 951 667 986 βραχείας
689 954 761 978 ποιεῖ
776 952 825 984 τὰς

52 994 118 1026 σκιὰς
131 995 174 1030 ἀφ’
192 995 298 1031 ὑψηλοῦ
325 996 521 1031 καταλάμπων.
543 997 587 1023 Ἐν
600 997 653 1033 γὰρ
677 999 736 1030 ταῖς
761 998 826 1034 βρα-

52 1041 165 1075 χυτάταις
177 1041 297 1078 ἡμέραις
314 1043 342 1069 αἱ
359 1043 434 1069 σκιαὶ
447 1043 614 1078 μακρόταται
627 1044 756 1078 γίνονται.
770 1045 826 1072 Καὶ

52 1085 119 1113 πάλιν
131 1087 184 1114 ἀπὸ
195 1087 251 1114 τῶν
273 1089 464 1124 προσαρκτίων
488 1089 534 1115 ἐπὶ
550 1089 584 1115 τὰ
607 1089 682 1116 νότια
703 1098 826 1126 παραγε-

53 1131 160 1166 νομένου,
175 1133 336 1169 μετόπωρον
351 1134 463 1168 γίνεται,
482 1134 530 1169 τῆς
547 1134 651 1170 Θέρμης
667 1135 725 1161 κατ’
738 1135 826 1169 ὀλίγον

52 1177 92 1212 τῆς
107 1178 200 1213 πολλῆς
216 1179 447 1215 ἀμαυρουμένης,
465 1181 511 1206 m1
530 1179 576 1206 τοῦ
592 1181 723 1216 χειμῶνος
744 1181 827 1208 ἀϐλα-

53 1223 98 1255 ὄῶς
115 1224 241 1257 ἐπιόντος.

80 1281 111 1306 οὐ
137 1283 206 1308 ποιεῖ
229 1282 259 1308 δὲ
282 1282 331 1317 τὴν
349 1282 454 1318 ἡμέραν
473 1283 486 1309 ό
512 1283 603 1317 ἣλιος⁸
623 1283 716 1319 μηδεὶς
740 1282 827 1316 οὕτως

54 1325 172 1363 ὑωλάῦῃ·
185 1328 369 1364 πρεσϐυτερεῖ
379 1329 431 1364 γὰρ
447 1329 541 1355 τούτου
562 1331 578 1364 ἡ
595 1329 685 1365 ἡμέρα
701 1330 748 1356 καὶ
761 1329 824 1362 νύξ·

53 1372 108 1399 ἀλλὰ
123 1374 251 1410 κατάρχει
272 1375 350 1410 μόνον
366 1375 416 1410 τῆς
430 1376 549 1411 ἡμέρας,
566 1375 657 1408 καθὼς
675 1377 719 1403 καὶ
732 1377 745 1403 ὁ
759 1376 827 1411 ψαλ-

55 1419 126 1453 μῳὸὸς
142 1420 296 1457 διαγορεύει
318 1422 399 1456 ἡμῖν’
414 1422 526 1454 Ἔθετο,
541 1422 626 1457 λέγων
637 1442 643 1454 ,
662 1422 715 1449 τὸν
738 1422 827 1456 ἣλιον

53 1466 87 1497 εις
95 1465 232 1497 ἐξουσίαν
245 1466 303 1500 τῆς
318 1467 439 1501 ἡμέρας,
457 1468 514 1502 τὴν
529 1468 674 1503 σελήνην,
692 1469 741 1496 καί
756 1468 826 1502 τοὺς

54 1510 166 1545 ἀστέρας
181 1513 224 1545 είς
235 1512 383 1545 ἐξουσίαν
398 1513 453 1548 τῆς
467 1515 586 1547 νυκτός.
605 1515 682 1550 Ἔχει
701 1514 730 1541 δὲ
750 1512 825 1547 οὗτος

54 1558 94 1593 τὴν
115 1558 232 1590 ἐξουσίαν
255 1559 285 1585 τὸ
302 1559 359 1594 φῶς
375 1560 528 1596 περιφέρων
548 1562 576 1587 ἐν
594 1561 690 1597 ἑαυτῷ·
714 1561 823 1588 ἐπειδάν

55 1611 108 1630 ποτε
122 1604 164 1631 τὸν
180 1605 240 1632 καθ’
255 1606 329 1641 ἡμᾶς
348 1605 472 1641 ὁρίζοντα
491 1607 631 1643 ὑπερὰρῃ,
651 1607 756 1643 ἡμέραν
773 1617 824 1635 πα-

56 1649 116 1685 ρέχει
130 1651 307 1684 διασκεδάσας
323 1653 354 1679 τὸ
368 1653 472 1685 σκότος.

88 1705 115 1733 Ἠ
126 1707 153 1733 δὲ
168 1708 277 1745 σελήνη,
293 1710 401 1737 ἐπειδὰν
415 1710 562 1742 δωδεκάκις
576 1710 622 1737 τὸν
634 1711 733 1747 ἑαυτῆς
748 1712 824 1738 ἐκτε-

54 1750 108 1789 λίπῃ
119 1753 223 1790 δρόμον,
243 1756 367 1782 ἐνιαυτοῦ
382 1757 511 1792 τυγχάνει
532 1757 677 1792 ποιητικὴ,
700 1758 768 1794 πλὴν
782 1758 823 1784 ὅτι

56 1800 126 1834 μηνὸς
142 1801 287 1837 ἐμϐολίμου
305 1802 388 1829 δεῖται
405 1803 472 1838 πρὸς
488 1802 538 1838 τὴν
561 1803 660 1839 ἀκριϐῆ
674 1803 729 1831 τῶν
745 1804 824 1839 ὡρῶν

56 1845 198 1883 συνδρομήν.
219 1848 250 1875 '0
267 1848 322 1883 γὰρ
338 1848 447 1884 ἡλιακὸς
463 1850 583 1881 ἐνιαυτὸς
600 1849 654 1876 ἀπὸ
672 1849 718 1876 τοῦ
741 1850 823 1877 αὑτοῦ

57 1893 152 1927 σημείου
165 1894 209 1920 επὶ
226 1895 259 1921 τὸ
271 1895 337 1921 αὐτὸ
353 1896 463 1930 σημεῖον
475 1895 546 1922 κατὰ
559 1896 608 1930 τὴν
628 1897 730 1922 οἰκείαν
747 1897 818 1931 κίνηι

56 1945 90 1964 σιν
100 1940 140 1966 τοῦ
153 1940 224 1975 ἡλίου
243 1943 317 1969 ἐστὶν
337 1943 567 1974 ἀποκατάστασις.
587 1942 641 1978 Τῆς
661 1942 689 1969 δὲ
710 1942 824 1977 σελήνης

56 1982 182 2020 ληγούσης,
192 1986 334 2022 ὰραιοῦται
349 1987 403 2014 τῶν
416 1987 492 2019 ζώων
507 1987 542 2014 τὰ
559 1987 682 2023 σώματα,
697 1988 744 2015 καὶ
758 1988 824 2014 ὑπό-

56 2035 111 2055 κενα
134 2031 248 2064 γίνεται”
277 2032 427 2069 αὐξομένης
448 2034 494 2066 δὲ,
516 2034 726 2070 ἀναπληροῦται.
752 2034 823 2061 Διότι

57 2073 176 2111 ὑγρότητα
194 2077 263 2113 μετὰ
279 2078 446 2114 θερμότητος
465 2079 659 2115 κεκραμμένην
675 2079 824 2114 λεληθότως

57 2119 156 2156 ἐνίησινε
172 2124 196 2150 ot
211 2125 266 2160 γὰρ
279 2124 456 2157 καθεύδοντες
475 2125 528 2151 ὑπὸ
545 2125 657 2161 σελήνην
677 2125 824 2160 ὑγρότητος

58 2169 172 2203 περισσῆς
184 2170 348 2207 πληροῦνται
364 2171 413 2203 τὰς
425 2171 554 2206 κεφαλὰς,
578 2172 625 2198 καὶ
639 2172 672 2198 τὰ
687 2172 823 2207 νεοσφαγῆ

875 224 1009 257 autumni,
1027 224 1217 260 intelligendas
1232 233 1293 254 esse
1316 234 1468 257 censemus.
1485 228 1578 258 Hiems
1595 235 1660 257 tunc

875 268 965 301 irruit,
979 277 1041 297 cum
1057 270 1099 298 sol
1110 271 1137 297 in
1155 271 1278 306 partibus
1292 275 1456 304 australibus
1464 281 1658 310 commoratur,

875 317 1018 351 noctisque
1029 317 1153 344 umbram
1173 318 1244 353 apud
1264 327 1316 347 nos
1344 321 1410 349 satis
1433 322 1478 349 rliu
1496 323 1658 357 productam

875 361 1023 397 longiorem
1036 363 1148 391 omnino
1165 364 1239 396 facit,
1255 365 1292 392 ita
1309 370 1338 393 ut
1351 374 1397 394 aer
1409 369 1482 395 circa
1492 373 1594 397 terram
1611 370 1659 397 fri<

874 412 976 442 gescat.
992 416 1160 444 vaporesque
1172 410 1276 438 humidi
1293 413 1412 445 excitati,
1431 414 1547 449 pluvias,
1559 417 1659 451 glacies

875 453 1006 489 nivesque
1032 455 1193 489 producant.
1220 455 1273 484 Sed
1295 458 1340 484 ubi
1359 466 1468 486 rursum
1481 467 1495 487 a
1510 461 1660 490 meridiana

875 499 953 533 plaga
969 500 1140 535 remigrando
1160 502 1277 529 medium
1300 503 1361 530 coeli
1376 509 1515 539 permeat,
1539 507 1660 542 aequino-

875 544 958 570 ctium
972 544 1009 575 ﬁt.
1023 544 1186 580 frigorisque
1206 550 1232 574 et
1250 547 1350 575 caloris
1374 549 1483 576 modum
1508 553 1660 585 temperant

875 589 975 617 modici
989 590 1062 619 illius
1075 599 1204 620 accessus
1216 592 1258 619 vel
1287 601 1431 627 recessus;
1452 594 1516 622 hinc
1537 603 1583 623 ver
1599 604 1661 625 esse

876 638 982 673 incipit,
1008 646 1063 674 quo
1089 639 1178 667 herbae
1203 639 1356 675 germinant
1376 641 1543 676 arboresque
1559 643 1660 670 revivi-

876 688 966 712 scunt.
987 683 1052 711 lude
1065 684 1120 718 jam
1141 685 1244 712 aestivis
1261 686 1430 720 temporibus
1450 686 1607 715 ineuntibus
1627 688 1660 716 ad

876 731 962 766 ipsam
974 730 1072 758 Ursum
1090 732 1129 759 sol
1140 739 1256 759 cursans
1273 740 1385 767 magnos
1404 733 1482 760 nobis
1496 733 1577 761 eﬂicit
1589 734 1658 766 dies,

875 781 975 805 etcum
991 777 1093 806 diutius
1120 777 1149 804 in
1164 785 1227 805 aere
1251 782 1387 811 versetur,
1413 780 1504 814 ipsum
1521 783 1618 812 torret.
1633 784 1661 808 et

877 827 950 850 terra
973 823 1102 852 universa
1127 824 1277 855 exsiccata,
1307 824 1413 854 fructus
1428 830 1551 853 maturos
1571 826 1661 854 reddit

878 877 986 897 sumtno
1014 870 1125 905 calore;
1141 871 1299 906 umbraeque
1324 874 1409 898 curtae
1426 871 1577 906 jaciuntur,
1597 880 1660 900 cum

876 915 918 942 sol
933 915 971 942 illi
983 915 1044 943 loco
1064 917 1281 951 supraverticem
1300 916 1335 944 sit
1348 917 1495 952 lumenque
1522 917 1659 947 demittat.

875 960 906 988 In
920 961 1089 989 brevissimis
1105 962 1177 990 enim
1195 962 1290 990 diebus
1310 962 1413 990 umbra:
1430 963 1595 999 longissime
1614 972 1662 992 ca-

876 1007 952 1034 dunt.
970 1007 1070 1035 Iterum
1083 1015 1098 1035 a
1115 1008 1275 1036 meridianis
1305 1008 1333 1036 in
1360 1009 1494 1036 australes
1511 1013 1602 1045 partes
1615 1011 1661 1038 illo

877 1057 1027 1087 remeante,
1040 1058 1188 1082 autumnus
1196 1055 1325 1090 gignitur,
1342 1055 1427 1082 multo
1451 1055 1543 1083 calore
1557 1055 1659 1083 sensim

877 1101 1218 1137 evanescente,hiemeque
1233 1102 1292 1128 sine
1320 1101 1376 1129 ullo
1394 1101 1567 1130 incommodo
1580 1108 1659 1130 acce-

876 1145 966 1174 dente.

912 1275 957 1304 Sol
969 1277 1021 1304 dici
1037 1285 1119 1305 causa
1137 1286 1270 1312 nusquam
1288 1282 1339 1310 est,
1357 1286 1437 1306 nemo
1461 1279 1487 1306 id
1503 1279 1539 1306 ita
1560 1287 1590 1307 se
1610 1280 1660 1307 ha-

878 1322 941 1351 bere
956 1324 1096 1358 opinetur;
1114 1324 1187 1351 hunc
1208 1325 1307 1351 etenim
1322 1324 1381 1352 dies
1395 1325 1534 1360 praecedit,
1550 1329 1577 1353 et
1589 1334 1659 1360 nox;

878 1369 926 1396 sed
943 1373 985 1397 cst
998 1369 1053 1396 dux
1066 1373 1093 1396 et
1107 1370 1233 1405 princeps
1251 1373 1277 1397 ct
1290 1371 1447 1398 moderator
1462 1369 1547 1403 illius,
1564 1379 1661 1406 quem-

877 1415 1023 1442 admodum
1039 1419 1065 1443 et
1076 1415 1237 1444 Psalmodus
1263 1416 1344 1444 nobis
1364 1416 1495 1444 insinuat.
1513 1417 1607 1444 Posuit
1619 1417 1662 1445 di-

876 1468 942 1489 cens
957 1462 1039 1489 solem
1065 1462 1092 1488 in
1107 1461 1251 1488 dominium
1272 1463 1334 1495 diei,
1352 1463 1442 1490 lunam
1469 1468 1493 1491 et
1516 1463 1607 1491 stellas
1633 1463 1662 1490 in

877 1507 1022 1535 dominium
1035 1509 1128 1535 noctis.
1145 1507 1218 1536 Illius
1231 1512 1320 1536 autem
1348 1509 1450 1538 obtinet
1465 1509 1660 1545 principatum,

877 1554 968 1582 lumen
983 1554 1009 1581 iu
1023 1558 1108 1582 semet
1119 1554 1276 1590 deportans,
1291 1555 1337 1590 qui
1361 1563 1423 1582 cum
1440 1555 1468 1582 in
1482 1559 1606 1583 nostrum
1628 1555 1661 1582 ti-

875 1602 993 1629 nitorem
1012 1602 1177 1638 pervenerit,
1195 1603 1316 1630 tenebris
1326 1602 1435 1638 fugatis,
1454 1603 1526 1630 diem
1538 1602 1626 1630 atl‘ert.

909 1703 996 1736 Luna.
1011 1702 1218 1731 ubiduodecies
1227 1706 1313 1730 totum
1331 1710 1410 1730 suum
1427 1702 1546 1731 confecit
1565 1706 1593 1730 et
1611 1710 1661 1738 pe-

876 1750 996 1785 ragravit
1006 1750 1068 1782 iter,
1082 1749 1146 1777 anni
1163 1749 1279 1785 spatium
1306 1749 1431 1777 terminat
1443 1759 1451 1783 ;
1463 1757 1556 1777 mense
1569 1754 1662 1778 tamen

877 1795 1167 1830 opusestintercalari,
1179 1795 1212 1822 ad
1227 1794 1355 1822 horarum
1370 1802 1522 1823 concursus
1536 1800 1660 1823 exactam

877 1841 1009 1869 rationem
1031 1841 1257 1876 perspiciendam.
1282 1841 1378 1868 Annus
1402 1840 1475 1868 enim
1508 1841 1606 1868 solaris
1626 1841 1661 1868 ab

876 1887 970 1915 eodem
984 1888 1073 1924 signo,
1103 1887 1136 1915 ad
1156 1887 1227 1915 idem
1255 1887 1404 1915 secundum
1436 1887 1576 1922 proprium
1594 1886 1661 1914 solis

877 1939 979 1961 motum
991 1936 1114 1962 reversio
1126 1937 1178 1962 est.
1206 1933 1281 1961 Luna
1313 1933 1488 1961 decrescente
1501 1933 1660 1960 animalium

877 1987 992 2015 corpora
1032 1985 1175 2008 rarescunt
1217 1984 1360 2008 extenuata
1392 1983 1419 2007 et
1447 1979 1658 2013 exinaniuntur;

877 2029 1027 2058 crescente,
1041 2029 1176 2060 augentur
1190 2026 1307 2060 expleta.
1326 2025 1401 2052 Clam
1431 2025 1501 2052 enim
1517 2024 1661 2051 humidita-

876 2075 930 2099 tem
944 2071 1029 2098 calori
1045 2072 1216 2099 commistam
1230 2071 1315 2105 indit;
1332 2071 1396 2098 hinc
1415 2070 1444 2097 iit
1453 2070 1504 2098 sub
1516 2070 1580 2097 luna
1595 2069 1660 2097 dor-

876 2116 1017 2144 mientium
1043 2116 1128 2143 multa
1153 2115 1315 2142 humiditate
1344 2115 1433 2150 capita
1447 2114 1562 2149 oppleri,
1574 2118 1602 2141 et
1618 2121 1662 2141 re-

877 2167 969 2191 center
983 2163 1167 2198 jugulatorum
1192 2169 1300 2194 carnes,
1319 2165 1346 2189 et
1368 2161 1500 2197 quidquid
1521 2161 1594 2188 aliud
1616 2161 1661 2188 his

58 2210 81 2236 δὲ
91 2212 138 2239 τῶν
144 2215 238 2249 κρεῶν,
253 2216 300 2242 καὶ
308 2217 362 2242 πᾶν
373 2216 431 2243 εἴτι
442 2216 570 2247 τοιοῦτον,
579 2217 611 2252 τῇ
627 2216 762 2252 προσϐολῇ
773 2217 822 2250 τῆς

878 2217 930 2237 non
957 2209 1093 2241 absimile,
1122 2209 1193 2236 luna
1213 2212 1324 2244 aspectu
1338 2209 1428 2236 subito
1458 2207 1606 2239 immutari,
1634 2213 1662 2235 et

59 2257 156 2295 σελήνης
171 2261 274 2297 ταχέως
293 2263 433 2298 τρέπεται.
452 2263 568 2298 Ὁμοίως
590 2263 619 2289 δὲ
636 2264 682 2289 καὶ
704 2263 739 2290 τὰ
762 2263 825 2298 περὶ

59 2304 96 2331 τὸν
106 2306 166 2342 ἀέρα
178 2308 249 2344 πάθη
260 2307 387 2344 τοιαύτης
400 2308 487 2340 αἰτίας
500 2309 825 2344 συνίσταται.Νουμηνίας

59 2350 103 2388 γὰρ
110 2354 243 2390 ἐνστάσης,
252 2355 371 2391 γαλήνης
381 2354 464 2391 οὔσης
474 2354 755 2391 σταθερᾶςμίιρνιδίων
766 2355 826 2381 ἀνέ-

61 2403 108 2430 μων
128 2401 238 2435 ταραχαὶ
257 2400 377 2435 γίνονται
398 2400 451 2427 τῶν
465 2400 552 2435 νεφῶν
575 2400 759 2436 κλονουμένων
778 2401 825 2427 καὶ

61 2445 251 2477 συμπιπτόντων
272 2446 410 2481 ἀλλήλοις·
429 2447 475 2473 καὶ
492 2447 612 2481 γίνονται
626 2447 689 2482 περὶ
707 2447 770 2477 τοὺς
781 2447 825 2472 εὐ-

62 2487 141 2521 ρὶπους
151 2491 312 2528 παλίῤῥοιαι,
321 2493 368 2519 καὶ
378 2502 410 2519 πε
416 2493 441 2528 pi.
450 2493 494 2519 τὸν
502 2493 621 2519 ὠκεανὸν
630 2492 766 2528 ἁναδρομὴ
777 2493 824 2528 τῆς

60 2532 188 2572 θαλάσσης.
210 2538 241 2564 Εἰ
265 2538 293 2565 δὲ
318 2538 365 2565 καὶ
387 2537 433 2565 τοῦ
452 2538 526 2574 ἡλίου
547 2537 666 2573 ἔκλειψις
678 2538 824 2573 νουμηνίας

59 2578 129 2615 οὖσης
143 2583 252 2617 γίνεται,
271 2583 436 2621 σφοδροτέρα
458 2583 615 2619 συμϐαίνει·
635 2583 755 2610 κάτωθεν
771 2583 824 2619 γὰρ

60 2624 75 2659 ἡ
89 2626 175 2664 σελήνη
193 2629 342 2657 ὑπελθοῦσα
353 2629 502 2665 ἐμφράττει
516 2629 590 2664 ἡλίου
604 2629 654 2660 τὰς
666 2629 788 2660 ἀκτῖνας.

88 2671 158 2707 Μέγα
171 2674 198 2701 δέ
211 2684 236 2702 τι
250 2676 296 2703 καὶ
313 2675 380 2712 αὕτη
401 2676 417 2711 ἠ
436 2675 534 2710 σελήνη
557 2674 718 2709 καθέστηκε.
737 2673 823 2701 Μῦθοι

60 2714 83 2742 δῖ
94 2715 213 2754 ληρώδεις
229 2722 280 2749 ὑπὸ
304 2722 454 2758 μεθυόντων
471 2721 600 2757 γραῖδίων
617 2721 755 2756 πανταχοῦ
773 2721 824 2747 διε-

62 2760 179 2799 σώθησαν
202 2767 241 2794 ὃτι
266 2767 443 2804 μαγγανείαις
467 2767 522 2794 τισὶ
543 2767 591 2802 τῆς
620 2767 722 2799 οἰκείας
744 2767 824 2802 ἕδρας

60 2806 219 2847 ὰωκινεῖται,
246 2815 292 2841 καλ⁵
318 2815 386 2851 πρὸς
407 2814 456 2850 τὴν
478 2814 529 2849 γῆν
553 2813 744 2848 καταφέρεται.
769 2813 823 2840 Καὶ

62 2855 126 2886 ποῖος
142 2856 172 2884 ἂν
192 2858 270 2892 τόπος
285 2859 462 2896 καταχθεῖσαν
483 2859 566 2894 αὐτὴν
593 2858 755 2892 ὑπεδέξατος
777 2858 821 2894 Μὴ

876 2256 949 2291 ipsas
962 2255 1033 2283 aeris
1047 2254 1204 2283 aﬂ‘ectiones
1215 2255 1290 2282 illius
1309 2262 1392 2281 causa
1405 2255 1572 2289 contingere.
1592 2252 1660 2280 Nam

877 2300 940 2327 luna
948 2304 1086 2333 nascente,
1102 2300 1124 2327 si
1133 2299 1317 2334 tranquillitas
1330 2299 1487 2334 plenissima
1500 2299 1581 2326 fuerit
1594 2306 1657 2326 ven-

875 2350 976 2377 torum,
988 2346 1121 2380 repentini
1137 2345 1270 2375 turbines.
1288 2340 1406 2372 nubibus
1435 2344 1522 2378 pulsis
1548 2348 1575 2370 et
1589 2343 1660 2370 inter

876 2400 906 2419 se
930 2391 1150 2420 conﬂictantibus
1166 2411 1173 2423 ,
1193 2395 1291 2424 erunt;
1311 2391 1429 2425 ﬁentque
1444 2390 1470 2416 in
1495 2389 1599 2424 euripis
1622 2397 1661 2416 rc-

876 2439 1074 2474 ciprocationes
1109 2445 1240 2474 aquarum
1285 2443 1479 2471 regressusque
1515 2436 1598 2463 maris
1633 2434 1660 2462 in

876 2485 1000 2518 Oceano;
1014 2485 1087 2520 quod
1110 2485 1133 2511 si
1162 2485 1225 2511 luna
1241 2482 1388 2510 novissima
1400 2481 1520 2516 primove
1537 2481 1602 2508 solis
1612 2481 1659 2507 de-

877 2531 966 2566 fectus
989 2530 1043 2563 ﬁet,
1067 2531 1124 2557 haec
1155 2529 1246 2557 omnia
1266 2527 1467 2559 vehementiora
1482 2526 1659 2561 contingunt;

877 2577 1031 2605 interventu
1048 2577 1148 2611 quippe
1167 2576 1237 2603 lunae
1263 2575 1329 2602 solis
1353 2573 1423 2601 radii
1436 2571 1564 2600 occultati
1578 2572 1660 2599 hebe-

873 2626 976 2650 tantur.

911 2669 1076 2696 Immensum
1091 2667 1156 2703 quid
1171 2671 1214 2694 est
1229 2671 1256 2694 ct
1270 2667 1327 2702 ipsa
1344 2666 1424 2697 luna;
1444 2671 1522 2699 nuga:
1536 2670 1617 2690 merae
1628 2662 1661 2689 il-

876 2717 908 2744 lae
923 2719 986 2744 sunt
997 2715 1129 2751 planeque
1153 2714 1221 2745 lirae,
1237 2714 1315 2740 nobis
1330 2719 1344 2739 a
1360 2711 1514 2740 temulentis
1544 2708 1660 2736 aniculis

877 2762 1086 2793 traditi,iunam
1114 2760 1253 2788 veneficiis
1275 2758 1437 2794 quihusdam
1459 2755 1568 2791 propria
1596 2753 1660 2782 sede

878 2809 978 2837 moveri
996 2813 1023 2836 et
1038 2809 1065 2836 in
1077 2812 1177 2834 terram
1194 2806 1280 2834 delabi
1293 2815 1299 2839 ;
1318 2809 1344 2832 et
1356 2804 1481 2839 quisnam
1496 2802 1569 2830 illam
1582 2801 1659 2828 locus

878 2856 1016 2891 delapsam
1031 2854 1185 2890 exceperit?
1199 2861 1285 2889 neque
1301 2860 1348 2888 per
1358 2856 1479 2878 errorem
1497 2848 1524 2876 in
1537 2846 1659 2874 fraudem
