1909 3071
237 134 288 162 7έ3

657 135 687 163 S.
707 133 928 164 EUSTATHIUS
945 137 1188 167 ANTIOCHENUS
1206 137 1406 168 EPISCOPUS.

1799 137 1848 165 72!

237 193 364 224 incurrit.
378 200 465 228 neque
475 193 549 229 quod
563 193 660 222 visioni
677 202 790 230 parvum
813 201 931 223 externae
947 196 1018 224 vide-

1070 199 1123 235 γὰρ
1148 199 1301 235 ἐξηπάτησε
1326 199 1357 225 τὸ
1381 197 1538 234 φαινόμενον
1562 196 1599 228 ὡς
1619 194 1718 232 μικρόν
1734 202 1761 222 τι
1781 191 1851 222 εἶναι

235 243 291 270 tur,
308 247 420 274 parvum
448 240 474 266 id
497 248 559 268 esse
582 240 712 269 indicato.
729 241 827 269 Nostra
838 241 911 269 enim
936 242 1018 274 visio.

235 293 297 311 cum
315 286 370 319 ipsa
383 293 465 320 parva
483 286 528 318 sit,
543 294 624 321 parva
640 287 721 314 etiam
738 291 765 314 et
782 295 813 314 ea
831 295 891 322 quae
903 296 1018 315 cernen—

235 333 290 362 tur,
307 334 337 356 ut
360 332 504 366 opinemur
519 340 590 363 esse,
620 332 710 364 eliicit,
736 333 876 367 proprimn
892 334 1015 360 morbum

233 376 315 403 rebus
331 377 397 405 visis
413 378 634 411 communicans;
655 386 772 412 namque
787 379 868 405 etiam
891 379 914 406 si
926 379 987 413 quis
1001 386 1017 406 e

234 422 389 450 summitate
404 425 535 450 montium
554 431 664 458 campos
676 428 807 458 patentes.
828 427 854 451 et
866 424 893 451 in
908 424 962 452 illis
979 424 1017 451 si-

234 467 290 494 mul
307 468 389 495 boves
407 474 548 503 pascentes
563 469 727 504 despexerit.
758 468 883 497 formicas
900 469 953 496 sibi
976 469 1016 496 vi-

234 511 298 539 dere
311 512 456 540 videbitur.
475 513 552 541 Visio
567 515 638 541 enim
655 522 703 548 per
717 521 806 541 aerem
821 518 978 547 extenuata,
988 517 1016 541 et

233 557 312 591 quasi
333 565 510 591 evanescens,
527 567 571 586 res
594 560 645 586 sibi
660 559 782 593 objectas
798 559 937 594 percipere
960 567 1015 587 non

233 604 313 630 valet.
333 603 431 631 Verum
450 605 519 633 lunae
530 613 628 641 corpus
643 606 790 633 maximum
803 613 863 632 csse
879 605 923 632 illa
934 613 1015 641 argu-

235 653 325 676 mento
343 655 418 677 sunt.
440 650 569 679 Civitates
582 651 653 678 enim
666 652 694 678 in
710 655 844 678 terrarum
864 651 930 678 orbe
943 652 1014 678 mul-

233 698 290 721 tum
309 695 380 722 inter
396 704 425 724 se
449 696 581 724 distantes
597 697 730 732 longeque
746 698 886 732 sejunctaz,
921 698 1014 733 strigis

233 749 293 776 quae
307 741 443 770 Orientem
458 743 700 778 respiciunt,a:que
720 751 816 771 omnes
839 743 910 770 lunae
924 744 1014 772 lumen

233 788 385 821 excipiunt;
397 793 423 815 et
439 788 562 816 similiter
574 797 689 817 occasus
716 793 742 816 et
759 789 970 817 meridianarum
987 794 1014 817 et

234 834 394 861 australium
410 836 527 869 partium
539 836 634 863 incolae
646 840 778 871 spectant.

1068 244 1252 280 νομιζόμενον.
1268 244 1362 280 Μικρὰ
1373 243 1427 279 γὰρ
1442 244 1459 279 ὴ
1481 242 1540 277 δψις
1554 241 1630 278 ἡμῶν
1645 240 1787 276 γινομένη,
1806 249 1850 275 μι-

1067 289 1121 324 κρὰ
1135 289 1245 324 ἐποίησε
1262 288 1417 324 νομίζεσθαι
1439 288 1486 314 καὶ
1500 288 1535 314 τὰ
1548 286 1684 323 ὁρώμενα,
1700 286 1731 312 τὺ
1751 287 1850 312 οἰκεῖον

1068 335 1153 367 πάθος
1170 336 1225 366 τοῖς
1245 335 1351 370 ὁρατοῖς
1372 334 1548 369 ἐπιφέρουσα.
1569 333 1672 368 ’Ὠσπερ
1686 331 1741 368 γὰρ
1764 331 1792 358 εἴ
1810 340 1851 363 τις

1067 382 1110 407 ἐπ’
1125 380 1279 417 ἀκρωρείας
1293 380 1413 406 θεάσοιτο
1427 379 1505 406 πεδία
1519 379 1564 405 καὶ
1582 378 1645 412 βόας
1663 378 1709 404 ἐπὶ
1730 377 1761 403 τὸ
1783 377 1849 404 αὐτὸ

1066 427 1226 463 νεμομένας,
1235 427 1309 461 οὐχὶ⁴
1321 426 1358 458 ὡς
1369 426 1519 462 μυρμήκων
1528 424 1676 460 φαντασίαν
1686 425 1752 460 ὸρᾷν
1763 424 1846 450 δοκεῖ·

1066 472 1278 508 ὲνδαπανηθεῖσα
1303 471 1355 507 γὰρ
1381 470 1420 506 τῷ
1443 471 1503 505 ἀέρι
1525 471 1542 505 ή
1558 469 1627 504 ὄψις,
1655 469 1702 496 καὶ
1726 468 1848 504 ἐξίτηλος

1065 518 1208 554 γενομένη,
1225 517 1293 554 πρὸς
1313 517 1362 552 τὴν
1377 517 1477 552 ἀκριϐῆ
1492 516 1652 550 κατανόησιν
1668 514 1723 541 τῶν
1740 514 1847 549 ὁρωμὲ-

1065 574 1117 592 νων
1133 565 1182 591 οὐκ
1199 563 1316 600 ἐξαρκεῖ.
1339 563 1394 590 Καὶ
1414 564 1454 589 ὅτι
1474 561 1648 598 παμμέγεθες
1663 561 1714 595 τῆς
1732 559 1847 595 σελήνης

1064 611 1094 637 τὸ
1110 609 1189 645 σῶμά
1211 611 1278 640 ἐστι,
1299 608 1391 644 μαθεῖν
1414 609 1446 635 ἐκ
1463 607 1618 643 τεκμηρίων
1639 606 1722 632 ἔστιν.
1738 606 1771 631 Αἱ
1792 606 1845 640 γὰρ

1065 657 1135 684 κατὰ
1149 657 1198 692 τὴν
1213 656 1373 691 οἰκουμένην
1387 655 1477 686 πόλεις
1493 654 1615 681 πλεῖστον
1629 652 1753 686 ἀλλήλων
1770 652 1844 686 ἀπῳ-

1064 702 1201 738 κισμέναι,
1223 703 1282 734 ταῖς
1299 701 1368 728 κατὰ
1384 702 1432 736 τὴν
1449 699 1580 734 ἀνατολὴν
1593 698 1780 734 τετραμμέναι
1796 698 1842 732 ῥυ-

1065 749 1217 784 μοτομίαις,
1233 748 1263 781 ἐξ
1285 748 1341 774 ἴσου
1356 748 1440 774 πᾶσαι
1460 747 1490 773 τὸ
1511 746 1647 781 σεληναῖον
1668 744 1726 779 φῶς
1751 743 1845 769 ὑποδέ-

1064 804 1165 830 χονται,
1181 794 1341 830 καὶ⁴ὁμοίως
1355 794 1438 829 αὐτὴν
1452 794 1477 819 οἱ
1489 792 1538 828 τὴν
1553 792 1626 819 δύσιν
1641 790 1781 821 οἰκοῦντες
1799 790 1845 816 καὶ

1064 840 1098 867 τὰ
1113 839 1283 875 μεσημϐρινὰ
1295 840 1342 866 καὶ
1357 838 1466 874 ἀρκτῷα
1485 838 1553 873 μέρη
1569 836 1725 873 θεωροῦσιν.

269 878 369 912 Quinto
383 885 473 907 autem
490 881 543 913 die,
562 881 631 908 Deus
642 882 716 916 aquis
744 887 773 908 ut
804 883 951 909 animarum
979 883 1016 910 υί-

1100 874 1138 920 Τῇ
1152 885 1175 912 δ’
1187 874 1277 921 ἡμέρᾳ
1293 886 1325 920 τῇ
1340 885 1452 920 πέμπτῃ
1463 882 1646 917 προσέταξεν
1660 883 1676 908 ὀ
1691 880 1765 913 Θεὸς
1775 880 1844 912 ἐξα-

235 926 346 952 venlium
365 927 468 960 replilia
489 927 631 954 secundum
652 935 732 962 genus
749 928 919 962 producerent
930 928 1013 963 jussit

237 972 274 1003 ";
288 972 432 1008 statimque
447 981 522 1001 mare
535 974 611 1000 varia
623 974 801 1000 animantium
818 981 916 1009 genera
934 982 1015 1009 pepe-

233 1016 279 1042 rit.
293 1015 394 1044 llorum
412 1018 534 1052 qumdam
549 1025 602 1046 non
618 1019 708 1046 minus
723 1018 806 1046 humo
822 1026 902 1054 quam
918 1023 1014 1054 stagno

233 1067 427 1096 consuescunt,
442 1063 525 1090 veluti
541 1064 616 1090 vituli
631 1064 737 1095 marini,
752 1072 820 1099 quos
837 1067 934 1091 vocant
947 1064 1013 1099 pho-

234 1115 297 1141 cas;
312 1109 452 1140 crocodili,
466 1110 528 1144 equi
539 1109 692 1143 ﬂuviatiles,
705 1118 754 1137 nec
769 1118 824 1137 non
845 1113 872 1137 et
890 1117 971 1143 ranae,
987 1115 1014 1138 et

233 1153 336 1185 cancri,
353 1154 453 1188 quibus
477 1155 588 1181 natandi
607 1162 661 1182 non
692 1155 762 1182 inest
789 1154 923 1188 facultas;
951 1163 1013 1182 cum

232 1199 305 1225 enim
319 1204 416 1226 natura
427 1199 453 1226 id
477 1200 594 1227 habeant
615 1204 645 1227 ut
660 1204 766 1234 repant,
784 1200 868 1227 ductu
880 1208 1013 1234 aquarum

233 1244 390 1272 trahuntur.
407 1245 534 1278 Quaedam
553 1246 679 1273 animalia
704 1247 825 1281 pariunt,
841 1246 925 1273 veluti
935 1246 1012 1273 vituli

234 1290 343 1321 marini,
356 1290 486 1325 delphini,
500 1292 663 1326 torpedines,
678 1296 705 1320 et
716 1293 758 1320 his
773 1290 1012 1325 similiaqTantum

235 1333 409 1369 Deusjussit,
423 1340 449 1363 et
460 1337 548 1371 pisces
560 1345 664 1369 omnes,
682 1338 739 1365 sive
763 1338 802 1366 illi
820 1337 847 1365 in
863 1337 919 1364 alto
933 1338 1011 1370 mari,

233 1377 291 1404 sive
306 1378 332 1404 in
345 1379 446 1411 littore,
464 1380 520 1407 sive
535 1381 562 1407 in
587 1381 649 1408 imis
673 1382 806 1416 partibus,
827 1383 884 1410 sive
898 1384 925 1411 in
939 1385 1012 1411 saxis

233 1425 363 1458 gregatim
381 1425 422 1452 vel
438 1427 551 1460 sparsim
560 1427 663 1460 vivunt,
679 1428 735 1455 sive
750 1429 890 1458 immensa:
907 1430 1010 1465 magni-

232 1471 336 1498 tudinis
351 1475 420 1504 cete,
434 1472 491 1499 sive
506 1473 681 1500 minutissimi
702 1474 865 1510 prodibant;
894 1475 1011 1503 naturali

232 1515 348 1550 quadam
365 1523 427 1543 cum
453 1518 530 1551 aquis
545 1517 674 1545 aiiinitate
691 1519 840 1553 conjuncti.
870 1519 1012 1554 Paulisper

231 1549 303 1587 enim
318 1561 341 1587 si
358 1560 392 1587 ab
403 1549 663 1597 aqtlisseparentur,
681 1549 802 1598 spirandi
821 1563 949 1592 facultate
963 1549 1007 1591 de-
1023 1549 1045 1577 ο

231 1605 328 1637 stituti,
346 1605 497 1639 intereunt;
523 1614 585 1633 nam
598 1607 793 1635 branclxiarum
808 1608 968 1642 dilatatione
984 1613 1011 1636 ct

231 1651 417 1678 contractione
434 1651 567 1686 recipiunt
578 1660 676 1687 aquam
690 1657 717 1681 et
739 1654 876 1687 emittunt,
889 1655 1010 1681 vitalem-

231 1703 284 1730 que
299 1696 370 1723 hunc
382 1697 502 1724 habitum
519 1697 654 1731 reddunt;
673 1699 764 1727 nullus
781 1700 851 1727 inter
869 1708 916 1727 eos
927 1700 1010 1726 dimi—

231 1742 321 1769 diatos
347 1742 428 1769 habet
454 1743 559 1776 dentes,
579 1744 627 1772 sed
651 1752 747 1772 omnes
769 1745 824 1772 illis
849 1746 1010 1773 acuminatis

230 1786 400 1820 muniuntur,
425 1795 459 1815 ne
486 1787 531 1815 diu
558 1789 585 1815 in
604 1789 757 1816 mandendo
770 1789 901 1824 impediti,
919 1789 1010 1817 cibum

230 1831 392 1860 dimuentem
419 1833 562 1865 amittant;
579 1841 645 1861 sane
661 1834 732 1861 enim
755 1837 821 1861 tunc
848 1835 925 1862 cibus
941 1834 1011 1862 male

229 1879 398 1915 perderetur.
418 1878 498 1906 Solus
511 1879 625 1914 piscium
641 1887 736 1908 scarus
748 1880 848 1907 dicitur
859 1881 1008 1913 ruminare,

231 1925 421 1959 alimentisque
436 1925 508 1956 aliis,
523 1925 567 1951 alii
592 1925 643 1952 sibi
669 1927 861 1954 consentaneis
885 1930 1008 1954 utuntur.

229 1969 346 2002 Quidam
361 1970 433 1997 enim
449 1970 505 1997 luto
515 1976 671 2004 vescuntur,
699 1972 743 1998 alii
770 1972 840 2007 alga.
857 1972 903 1999 alii
918 1973 1010 2000 berbis

230 2024 289 2050 quae
303 2016 330 2042 in
346 2024 416 2051 aqua
440 2019 578 2049 crescunt,
593 2017 704 2052 quidam
721 2017 803 2045 etiam
831 2025 893 2045 sese
915 2022 1010 2045 mutuo

229 2061 369 2089 devorant.

265 2107 371 2135 Habent
397 2108 459 2137 item
475 2112 502 2136 et
517 2117 581 2137 suas
608 2110 797 2144 proprietates.
815 2109 896 2137 Serra
921 2109 1004 2144 piscis

230 2155 287 2183 alas
305 2155 386 2183 habet
395 2156 525 2191 oblongas
535 2176 543 2188 ,
556 2156 578 2184 si
597 2163 691 2184 navem
704 2156 832 2184 secundis
847 2157 936 2184 ventis
950 2164 1010 2183 cur-

1064 930 1164 966 ταγεῖν
1178 931 1213 957 τὰ
1232 930 1327 957 ὕδατα
1343 929 1451 964 ἑρπετὰ
1469 927 1575 967 ψυχῶν
1590 926 1691 958 ζωσῶν
1711 926 1785 953 κατὰ
1799 924 1845 960 γέ-

1062 986 1125 1010 νος’
1141 977 1188 1004 καὶ
1201 976 1301 1008 εὐθέως
1316 976 1332 1011 ἡ
1351 975 1399 1011 μὲν
1414 975 1535 1002 θάλασσα
1551 975 1662 1000 παντοῖα
1679 972 1758 1005 ζώων
1778 972 1844 1006 γένη

1062 1023 1176 1058 διάφορα
1197 1022 1345 1056 ἀπεκύησε.
1365 1021 1425 1047 Τῶν
1444 1021 1498 1056 γὰρ
1521 1020 1632 1047 ὲναλίων
1645 1019 1678 1045 τὰ
1699 1019 1750 1054 μέν
1771 1019 1844 1044 ἐστιν

1063 1069 1190 1104 ἀμφίὸια,
1205 1066 1259 1095 οἷον
1279 1067 1378 1102 φῶκαι.
1399 1067 1446 1093 καὶ
1460 1065 1633 1101 κροκόδειλοι,
1650 1063 1697 1090 καὶ
1718 1063 1743 1089 οἱ
1759 1071 1843 1089 ποτα-

1064 1116 1147 1150 μιαῖοι
1158 1115 1246 1145 ἵπποι,
1262 1113 1301 1139 ἔτι
1318 1112 1347 1139 δὲ
1359 1113 1383 1138 οἱ
1404 1111 1543 1147 βάτραχοι,
1561 1111 1607 1137 καὶ
1620 1110 1644 1136 οἱ
1660 1109 1796 1145 καρκῖνοι,
1812 1107 1842 1134 οὗ

1064 1161 1153 1196 μέντοι
1176 1160 1205 1186 τὸ
1225 1158 1349 1194 νηκτικὺν
1366 1158 1467 1193 ἔχουσι’
1492 1154 1641 1192 ἐρπυστικὰ
1663 1155 1718 1190 γάρ
1736 1156 1795 1181 ἐστι

1063 1207 1152 1242 φύσει,
1167 1206 1206 1241 τῷ
1227 1205 1349 1240 ἡγήματι
1370 1203 1416 1230 τοῦ
1432 1202 1527 1233 ὕδατος
1547 1201 1749 1237 ὲπισυρόμενα·
1766 1200 1800 1226 τὰ
1814 1199 1842 1225 δὲ

1062 1252 1192 1285 ζωοτὸκα,
1212 1248 1267 1277 οἷον
1287 1250 1386 1285 φῶκαι,
1402 1249 1449 1276 καὶ
1462 1248 1590 1282 δελφῖνες,
1608 1247 1655 1274 καὶ
1671 1247 1781 1281 νάρκαι,
1796 1246 1843 1272 καὶ

1061 1299 1095 1327 τὰ
1106 1300 1184 1334 ὃμοια
1198 1298 1297 1328 αὐτοῖς.
1313 1297 1399 1324 Μόνον
1413 1297 1441 1323 δὲ
1458 1294 1620 1331 προσέταξεν
1635 1294 1649 1320 ὁ
1660 1293 1737 1324 Θεὸς,
1751 1292 1798 1319 καὶ
1810 1291 1842 1318 τὰ

1062 1345 1187 1379 πελάγια,
1210 1344 1257 1370 καὶ
1271 1343 1304 1370 τὰ
1325 1342 1481 1377 αἱγιαλώδη.
1495 1341 1530 1367 τὰ
1544 1340 1632 1376 βύθια,
1653 1340 1689 1366 τὰ
1704 1337 1839 1374 πετρώδη,

1059 1392 1094 1419 τὰ
1103 1391 1225 1426 ἀγελαῖα,
1240 1390 1273 1416 τὰ
1285 1388 1486 1425 σποραδικά.τά
1501 1388 1581 1423 κήτη,
1595 1386 1628 1413 τὰ
1642 1385 1792 1421 ὑπέρογκα,
1808 1384 1842 1410 τὰ

1059 1437 1208 1465 λεπτότατα
1230 1436 1284 1463 τῶν
1307 1435 1404 1471 ἰχθύων
1425 1434 1523 1469 προΐει,
1549 1432 1707 1467 συγγένειαν
1725 1430 1792 1466 πρὸς
1812 1429 1842 1456 τὸ

1061 1483 1131 1519 ὕδωρ
1145 1482 1261 1517 φυσικὴν
1277 1481 1381 1516 ἔχοντα.
1394 1479 1498 1516 Μικρὸν
1513 1479 1567 1514 γὰρ
1582 1479 1606 1505 εί
1617 1478 1664 1504 τοῦ
1678 1477 1774 1508 ὓδατος
1786 1485 1839 1511 χω-

1063 1529 1151 1566 ρισθῇ,
1167 1528 1204 1564 μὴ
1217 1528 1312 1563 ἔχοντα
1324 1526 1470 1561 ἀναπνοὴν,
1483 1524 1676 1560 διαφθείρεταισ
1689 1523 1706 1558 ἡ
1721 1523 1776 1558 γὰρ
1789 1522 1840 1548 τῶν

1063 1574 1200 1610 βραγχίων
1213 1574 1303 1604 αὐτοῖς
1323 1571 1457 1606 διαστολὴ,
1474 1571 1521 1598 καὶ
1541 1569 1693 1602 ὲπιπτυξις,
1708 1568 1839 1604 δεχομένη

1060 1620 1091 1646 τὸ
1107 1620 1187 1654 ὕδωρ,
1209 1619 1255 1645 καὶ
1287 1618 1393 1649 διιεῖσα,
1409 1616 1510 1652 ταύτην
1524 1616 1573 1652 τὴν
1586 1615 1722 1650 ἀναπνοὴν
1744 1615 1840 1649 κέκτη-

1060 1674 1114 1693 ται.
1132 1665 1213 1691 Οὐδὲν
1225 1664 1289 1700 παρ’
1303 1665 1393 1695 αὐτοῖς
1404 1663 1432 1696 ἐξ
1443 1662 1568 1698 ἡμισείας
1580 1661 1634 1696 ἔχει
1644 1661 1708 1692 τοὺς
1720 1660 1839 1691 ὀδόντας,

1060 1710 1128 1738 ἀλλὰ
1147 1710 1235 1738 πάντα
1251 1709 1354 1736 ὀδοῦσιν
1367 1709 1439 1742 ὀξέσι
1454 1707 1709 1738 καταπεπύκνωται,
1727 1705 1797 1741 πρὸς
1812 1705 1840 1730 τὸ

1062 1756 1098 1792 μὴ
1113 1756 1246 1791 διαρῤἑειν
1259 1756 1292 1791 τῇ
1306 1755 1399 1790 χρονίᾳ
1415 1753 1531 1789 μασήσει
1541 1752 1588 1788 τὴν
1600 1752 1713 1787 τροφήν.
1727 1749 1839 1785 Ἔμελλε

1060 1802 1114 1838 γὰρ
1139 1803 1167 1828 ὲν
1192 1803 1224 1837 τῇ
1249 1801 1334 1836 λεπτῇ
1363 1801 1477 1836 μασήσει
1499 1797 1700 1833 διαφθείρεσθαι
1723 1797 1777 1823 ὑπὸ
1794 1796 1839 1823 τοῦ

1061 1848 1164 1879 ὕδατος.
1185 1848 1230 1882 Μη
1236 1847 1337 1882 ρυκίζει
1365 1846 1393 1872 δὲ
1405 1846 1481 1873 οὐδὲν
1495 1845 1557 1872 ἄλλο
1573 1845 1637 1880 παρ’
1648 1844 1741 1875 αὐτοῖς
1755 1843 1780 1869 εἰ
1803 1842 1838 1877 μὴ

1059 1895 1073 1920 ό
1088 1893 1197 1929 σκάρος.
1215 1892 1292 1918 Ἐστι
1306 1892 1334 1918 δὲ
1350 1891 1397 1918 καὶ
1411 1891 1427 1926 ή
1449 1889 1535 1926 τροφὴ
1553 1888 1617 1924 ἄλλη
1638 1887 1728 1919 ἄλλοις
1740 1887 1841 1914 κατάλ-

1059 1939 1148 1975 ληλος.
1161 1940 1193 1966 Οἱ
1209 1939 1257 1974 μὲν
1272 1938 1326 1974 γὰρ
1341 1937 1392 1964 ίλύῑ
1402 1938 1556 1973 τρέφονται,
1571 1935 1595 1962 οἱ
1611 1935 1638 1962 δὲ
1651 1935 1708 1966 τοῖς
1723 1934 1840 1968 φυκίοις,

1059 1988 1133 2014 ἄλλοι
1148 1988 1208 2018 ταῖς
1223 1986 1345 2021 βοτάναις
1356 1986 1414 2017 ταῖς
1425 1984 1604 2020 τρεφομέναις
1619 1983 1658 2019 τῷ
1675 1982 1753 2009 ὕδατι
1763 1990 1770 1997 ·
1786 1982 1842 2008 ἓτε-

1062 2042 1102 2069 ροι
1114 2033 1142 2060 δέ
1156 2034 1223 2060 εἰσιν
1237 2031 1427 2068 ἁλληλοφὰγοι.

1096 2111 1174 2139 Ἔστι
1188 2111 1216 2138 δὲ
1230 2110 1319 2137 αὐτῶν
1338 2109 1384 2136 καῖ
1405 2109 1522 2144 διάφορα
1540 2108 1680 2144 ἰδιώματα.
1702 2107 1734 2134 Ὃ
1756 2105 1842 2141 πριὼν

1060 2159 1196 2194 πτέρυγας
1210 2158 1266 2193 ἔχει
1281 2157 1396 2193 μακράς·
1410 2155 1456 2182 καὶ
1469 2154 1634 2189 Θεασάμενος
1647 2153 1740 2179 πλοῖον
1755 2153 1842 2188 οὐριο-

229 2209 289 2230 sum
301 2205 437 2229 tenentem
453 2209 532 2228 suum
549 2202 655 2232 viderit.
668 2202 757 2230 alisin
769 2204 853 2230 altum
876 2203 1007 2235 extensis,

1063 2204 1186 2240 δρομοῦν,
1213 2204 1259 2230 καὶ
1281 2202 1361 2234 αὐτὸς
1381 2200 1490 2237 ὑψώσας
1510 2199 1606 2227 ἑαυτοῦ
1622 2198 1671 2230 τὰς
1690 2197 1840 2245 πτέρυγας,

228 2247 305 2274 navis
316 2246 407 2274 varios
418 2247 593 2282 ingrediendo
609 2251 699 2275 motus
715 2251 796 2283 atque
807 2249 907 2284 ﬁguras
919 2248 1007 2275 imita-

227 2295 284 2323 tur.
299 2297 325 2319 et
339 2299 401 2319 cum
419 2292 485 2326 ipsis
498 2293 689 2328 navigantibus
703 2294 736 2321 de
746 2302 828 2321 cursu
843 2297 943 2325 certat;
960 2293 1007 2328 qui

229 2339 274 2366 ubi
290 2339 470 2374 quadraginta
495 2339 644 2367 stadiorum
661 2340 778 2375 spatium
794 2340 952 2375 expleverit,
971 2340 1008 2366 la-

227 2384 293 2412 bore
305 2384 444 2419 fatigatus,
457 2385 506 2413 alis
528 2385 658 2417 dimissis,
683 2393 789 2412 summa
813 2393 884 2420 aqua
896 2389 1005 2418 natans,

225 2430 254 2457 in
274 2431 411 2465 proprium
425 2430 513 2457 locum
529 2435 602 2458 retro
615 2436 692 2459 actus
707 2431 828 2466 appellit.

262 2475 368 2502 Baiana
390 2483 470 2510 quam
485 2476 730 2511 Aspidocbelonam
757 2477 867 2511 quidam
897 2476 1003 2508 dicunt,

226 2521 255 2548 in
270 2521 428 2549 immensam
446 2522 657 2557 magnitudinem
673 2522 815 2554 adolescit,
830 2522 867 2549 ita
884 2526 914 2549 ut
929 2523 1006 2549 navi-

226 2567 353 2602 gantibus
376 2568 493 2602 speciem
511 2568 629 2603 ingentis
646 2568 742 2595 insulae
754 2572 940 2603 repraesentet.
966 2567 1005 2595 Ex

224 2612 358 2648 profundo
371 2621 488 2648 namque
503 2621 644 2648 emergens
664 2614 765 2641 eminet
781 2613 862 2641 dorso
890 2614 1005 2640 multum

224 2667 307 2693 supra
321 2667 415 2694 aquas,
429 2659 501 2694 quod
516 2659 592 2687 duris
612 2659 769 2694 asperisque
785 2660 857 2687 saxis
877 2660 1005 2687 vestitum

224 2704 347 2736 videtur;
365 2708 393 2732 et
416 2705 444 2732 in
463 2713 496 2733 eo
511 2705 572 2733 lixis
595 2705 665 2739 palis
687 2712 771 2732 naves
794 2705 916 2740 alligant,
945 2711 1006 2739 quae

226 2749 315 2775 statim
328 2750 355 2776 in
369 2757 467 2785 aquam
481 2754 634 2785 emergunt,
647 2759 708 2779 cum
718 2750 822 2778 balmna
838 2750 1006 2785 apricatione

225 2793 368 2822 incaluerit
381 2803 465 2830 seque
488 2796 515 2823 in
530 2795 693 2831 profundum
713 2796 894 2826 immerserit:
925 2796 1006 2824 habet

263 2841 284 2856 “
300 2839 362 2868 Gen.
382 2850 402 2874 ι,
420 2842 462 2870 15.

1062 2252 1183 2286 μιμεῖται
1207 2249 1256 2283 τῆς
1278 2249 1340 2284 νηὸς
1360 2248 1393 2275 τὰ
1415 2248 1541 2283 σχήματα
1559 2246 1610 2281 τῆς
1629 2245 1774 2280 κινήσεως,
1797 2243 1841 2270 καὶ

1060 2296 1143 2332 ἐρίζει
1157 2296 1212 2326 τοῖς
1235 2293 1353 2320 πλέουσι.
1369 2293 1487 2328 Ποιήσας
1500 2289 1545 2318 οὖν
1568 2290 1690 2321 σταδίους
1704 2288 1839 2324 τεσσαρά-

1060 2350 1151 2371 κοντα,
1170 2340 1215 2368 καὶ
1232 2339 1376 2371 κοπιάσας,
1394 2338 1517 2373 καθίησιν
1532 2335 1612 2364 αὐτοῦ
1627 2336 1675 2367 τὰς
1690 2335 1838 2370 πτέρυγας.

1059 2388 1105 2415 καὶ
1129 2387 1240 2423 φέρεται
1263 2385 1315 2413 ὑπὸ
1334 2385 1391 2412 τῶν
1414 2385 1542 2421 κυμάτων
1563 2384 1603 2415 εἰς
1622 2382 1668 2409 τὸν
1690 2381 1775 2408 τόπον
1796 2380 1839 2406 τὸν

1059 2435 1134 2462 ἴδιον.
1225 2433 1230 2437 ”

1093 2478 1129 2505 Τδ
1145 2478 1173 2505 δὲ
1188 2479 1269 2513 κῆτος
1285 2477 1405 2504 καλεῖται
1417 2475 1466 2509 μὲν
1478 2472 1689 2509 ’Δσπιδοχελώνη
1704 2473 1781 2508 παρὰ
1799 2481 1838 2498 τις

1058 2534 1114 2552 σιν·
1134 2524 1192 2551 ἔστι
1208 2524 1236 2550 δὲ
1251 2525 1284 2559 τῇ
1301 2523 1380 2558 φύσει
1400 2520 1669 2558 παμμεγεθέστατον,
1687 2519 1726 2550 ὡς
1744 2519 1838 2546 πολλά-

1057 2580 1101 2602 κις
1121 2573 1177 2603 τοῖς
1199 2569 1415 2604 ναυτιλλομένοις
1439 2569 1520 2604 νήσου
1548 2566 1668 2603 μεγάλης
1692 2567 1839 2600 φαντασίαν

1056 2617 1214 2652 ἐμποιῆσαι.
1239 2616 1429 2647 Ἀναδύσαντος
1450 2615 1504 2651 γὰρ
1524 2613 1605 2641 αὑτοῦ
1626 2615 1658 2640 ὲκ
1677 2612 1726 2640 τοῦ
1749 2611 1838 2647 βυθοῦ,

1058 2660 1096 2692 ὡς
1108 2660 1176 2687 λίθοι
1185 2662 1295 2696 τραχεῖς
1306 2660 1336 2687 τὸ
1349 2660 1427 2695 σῶμα
1439 2660 1521 2687 αὑτοῦ
1534 2659 1703 2694 ὲκφαίνεται.
1717 2657 1764 2684 καὶ
1780 2665 1838 2691 περι

1059 2706 1124 2733 αὐτὸ
1146 2706 1246 2738 πάλους
1266 2705 1487 2741 καταπηγνύντες
1501 2703 1660 2740 ἐκδεσμοῦσι
1677 2703 1712 2729 τὰ
1738 2703 1838 2736 σκάφη.

1061 2751 1135 2778 ἅτινα
1163 2751 1330 2788 παραχρῆμα
1356 2750 1501 2786 βυθίζεται,
1522 2749 1568 2776 τοῦ
1593 2750 1692 2785 κήτους
1721 2747 1775 2774 ὑπὸ
1795 2745 1838 2773 τοῦ

1064 2792 1139 2831 ἡλίου
1149 2796 1397 2832 διαθερμξινθέντος,
1414 2797 1460 2823 καὶ
1470 2797 1508 2826 εἰς
1520 2794 1565 2821 τὸν
1579 2793 1659 2829 βυθὸν
1670 2791 1835 2821 καταδύσανν
