1909 3071
38 112 100 142 725

507 114 643 143 SPURIA.
661 129 696 135 —
715 113 894 142 COMMENT.
913 113 946 141 ΙΝ
965 114 1213 145 HEXAEMERON.

1622 117 1674 147 7‘20

37 183 110 207 τος·
132 176 189 212 ἔχει
203 175 232 202 δὲ
252 176 329 209 αὐτὸ,
352 176 399 203 καὶ
414 175 492 211 φύσει
529 177 639 213 βαρεῖαν
657 177 759 212 φωνὴν,
789 176 836 203 καὶ

895 180 914 203 2t
927 183 1020 204 vocem
1031 182 1152 211 gravem,
1167 180 1194 203 et
1217 175 1287 204 tame
1307 184 1338 204 os
1355 177 1452 212 aperit,
1468 177 1678 206 suavissimum-

37 222 182 257 πεινῆσαν
215 223 332 257 ἀνοίγειν
353 223 384 250 τὸ
411 223 512 258 στόμα,
545 223 592 249 καὶ
621 222 760 258 ἀποφορὰν
790 223 837 248 ὲκ-

40 269 172 304 πέμπειν
195 269 392 304 εὐωδεστάτην,
417 269 487 296 ὥστε
512 270 575 301 τοὺς
604 269 718 305 μικροὺς
744 268 838 304 ἰχθύας

37 315 226 349 ἁφέλκεσοαι,
251 316 297 342 καὶ
317 317 357 348 εἰς
378 315 408 342 τὸ
431 316 518 351 στόμα
543 315 640 347 αὐτοὺς
665 315 742 346 ὅλους
757 314 836 341 αὐτοῦ

38 361 283 394 ἐπισιτισάζεσοαι.
298 362 427 388 Κατοικεῖ
441 362 469 388 δὲ
490 361 568 388 τοῦτο
583 362 618 388 τὰ
637 361 778 388 Ἀτλάντια
791 369 838 387 πε-

37 406 115 443 λάγη
132 407 178 434 διὰ
191 407 221 434 τδ
239 408 363 443 μέγεθος.

77 453 128 489 Τῷ
148 454 178 480 δὲ
199 455 321 490 καρκίνῳ
336 455 355 490 ἡ
374 454 441 490 σὰρξ
461 454 508 481 τοῦ
530 454 639 489 ὀστρέου
658 454 731 480 ἐστὶν
748 452 839 480 ἐδώδι-

41 507 107 533 μος,
122 500 173 526 καὶ
189 499 226 535 μὴ
244 499 343 535 ἰσχύων
361 499 464 533 ἀνοῖξαι
485 499 539 526 τῶν
559 500 667 534 κόγχων
686 499 767 525 αὑτοῦ
789 499 838 534 τὴν

40 544 215 579 σύμπτυξιν,
237 545 362 580 ἐπιτηρεί
385 544 433 576 τὰς
459 544 564 580 πτυχὰς
587 544 669 570 αὐτοῦ
696 543 839 576 ἀνοίξαντα

39 590 70 615 ὲν
95 591 158 622 τοῖς
179 590 330 626 ἀπηνέμοις
352 591 454 622 τόποις,
475 590 522 616 καὶ
542 592 574 626 τῇ
598 591 669 626 αὐγῇ
692 589 738 616 τοῦ
764 590 838 625 ἡλίου

39 636 227 672 τερπόμενον,
247 636 293 662 καὶ
313 634 402 663 λαϐὼν
421 635 524 671 ψηφῖδα
546 635 666 671 ἐντίθησι
691 634 837 670 λαθραίως,

40 683 90 709 καὶ
105 682 275 718 κωλύειτὴν
303 682 464 718 σύμπτυξιν,
487 682 533 709 καὶ
558 682 628 708 οὕτω
657 681 755 717 ῥᾳδίως
774 681 839 708 αὐτὸ

39 729 205 756 κατέδεται.

83 776 115 802 Ὀ
128 776 162 802 δὲ
181 777 269 811 ἐχῖνος
298 775 480 812 προγινώσκει
494 775 541 802 τοῦ
563 773 696 811 χειμῶνος
710 774 758 810 τὴν
779 774 840 808 ἔφο-

40 821 98 853 δον,
118 822 169 848 καὶ
179 822 283 858 ψηφῖδα
297 823 443 858 ὑπέρχεται
456 822 523 859 πρὸς
534 822 564 848 τὸ
578 821 615 857 μὴ
626 820 678 847 ὑπὸ
691 820 740 855 τῆς
754 821 839 856 φορᾶς

39 868 96 894 τῶν
112 868 246 903 κυμάτων
264 869 344 895 αὑτὸν
358 867 547 904 περιάγεσθαι.

83 913 115 940 ’0
140 914 171 940 δὲ
196 914 342 947 πολύπους,
367 914 560 950 προσπελάσας
577 913 663 950 πέτρᾳ
686 914 748 945 τινὶ,
772 914 837 949 ὀμό-

41 968 125 994 χροος
145 961 215 996 αὐτῇ
239 961 402 997 καθέστηκε,
427 962 474 987 καὶ
489 962 552 993 τοὺς
568 961 727 995 ἐγγίζοντας
744 961 838 996 ἰχθύας

42 1006 75 1041 τῇ
93 1006 188 1042 πέτρᾳ
202 1007 353 1034 κατέδεται.

76 1051 255 1087 Μικρότατον
275 1052 303 1079 δὲ
327 1054 360 1088 τῇ
379 1052 458 1088 φύσει
475 1053 491 1088 ἡ
514 1052 618 1088 ὲχενηῖς
635 1052 772 1087 τυγχάνει,
791 1053 837 1078 καὶ

42 1097 76 1124 τα
95 1098 216 1134 μέγιστα
230 1099 284 1126 τῶν
299 1099 398 1125 πλοίων
412 1099 441 1132 ἐξ
461 1099 554 1134 οὐρίας
570 1099 707 1134 φερόμενα
721 1099 836 1134 ἵστησιν,

43 1143 114 1172 ὥστε
131 1145 220 1171 δοκεῖν
231 1145 262 1172 τὺ
277 1145 368 1172 πλοῖον
384 1145 541 1180 ὲρηρεῐσθαι
556 1146 595 1176 εἰς
610 1145 640 1171 τὸ
655 1145 781 1179 πέλαγος.

79 1190 182 1226 Ὕδρις
203 1189 231 1216 δὲ
256 1190 329 1217 ἔστιν
350 1191 378 1216 ἐν
396 1189 434 1225 τῷ
460 1189 585 1225 ποταμῷ,
610 1190 717 1226 μορφὴν
739 1190 837 1226 ἔχουσα

44 1237 147 1269 κυνὸς,
171 1237 233 1271 ἥτις
255 1235 302 1262 τοῦ
327 1236 498 1272 κροκοδείλου
521 1236 604 1272 ἐχθρὰ
628 1236 766 1271 τυγχάνει,
790 1237 837 1263 καὶ

43 1282 156 1317 ἀναιρεῖ
171 1281 264 1307 τοῦτον
288 1281 461 1309 καθεύδοντα.
484 1282 521 1308 Τδ
545 1281 599 1317 γὰρ
625 1282 713 1317 στόμα
737 1282 836 1308 ἑαυτοῦ

43 1326 184 1360 διανοίξας
209 1328 223 1354 ὁ
246 1327 415 1363 κροκόδειλος
436 1328 575 1354 καθεύδει·
599 1327 646 1354 καὶ
661 1328 678 1364 ἡ
696 1328 779 1364 ὖδρις,
797 1329 836 1360 είς

44 1372 133 1408 πηλὸν
155 1372 255 1408 ἑαυτὴν
279 1373 458 1406 ἐγκωλὺπασα
484 1373 516 1409 [Ῑ.
544 1373 731 1409 ὲγκυλίσασα],
750 1375 790 1406 εἰς
806 1375 837 1400 τὸ

43 1418 139 1453 στόμα
159 1417 241 1444 αὑτοῦ
270 1418 395 1454 εἰσπηδᾷ,
424 1418 470 1445 καὶ
492 1418 579 1445 πάντα
598 1417 632 1444 τὰ
659 1418 733 1450 ἐντὸς
753 1419 836 1446 αὐτοῦ

42 1463 231 1491 κατεσϐίουσα
249 1465 355 1500 ἀναιρεῖ
370 1465 459 1491 αὐτόν.

80 1510 164 1539 Ἐστι
179 1508 209 1535 δὲ
224 1510 238 1535 ὁ
250 1509 419 1544 κροκόδειλος
435 1509 527 1545 θηρίον
544 1510 609 1545 ὁμοῦ
626 1511 672 1537 καὶ
687 1510 771 1546 ἰχθὺς,
789 1510 837 1537 καὶ

46 1557 121 1592 μέγα
140 1555 195 1582 ἀπὸ
211 1555 333 1591 κεφαλῆς
348 1555 411 1591 ἄχρι
434 1556 526 1592 οὐρᾶς·
541 1557 571 1582 οὑ
589 1556 637 1591 μὲν
653 1556 708 1591 ἔχει
720 1558 750 1583 τὸ
768 1556 837 1583 πλά-

44 1612 88 1635 τος
105 1600 156 1628 τοῦ
174 1601 306 1636 μεγέθους
325 1602 463 1636 ἀνάλογον.
486 1603 519 1628 Ἠ
534 1602 562 1628 δὲ
583 1603 649 1638 δορὰ
666 1602 746 1630 αὑτοῦ
761 1603 838 1635 λεπὶς

44 1647 178 1683 τυγχάνει
194 1647 273 1684 ρυτὴ,
290 1648 337 1674 καὶ
353 1649 369 1684 ὴ
385 1648 463 1684 χροιὰ
482 1649 528 1675 τοῦ
549 1648 633 1675 νώτου
649 1649 730 1676 αὑτοῦ
751 1650 838 1686 πέτρα

47 1694 165 1729 μελαίνῃ
183 1693 281 1725 ἔοικεν,
301 1694 318 1729 ἡ
339 1693 366 1719 δὲ
381 1694 486 1729 γαστὴρ
508 1693 601 1729 λευκῇ.
617 1694 698 1726 Πόδες
715 1694 743 1720 δὲ
756 1694 838 1721 αὐτοῦ

45 1741 100 1766 εἰσὶ
121 1739 265 1775 τέσσαρες,
290 1739 330 1770 εἰς
354 1738 384 1764 τὸ
405 1739 517 1773 πλάγιον
538 1739 628 1775 ἠρέμα
649 1741 836 1775 κυρτοὺμενοι·

44 1782 140 1814 καθὼς
156 1783 210 1818 τῆς
223 1783 352 1818 χερσαίας
368 1783 498 1818 χελώνης,
514 1783 583 1819 οὐρὰ
606 1785 700 1820 μακρὰ
721 1786 767 1811 καὶ
787 1795 840 1812 πα-

46 1831 117 1865 χεῖα·
140 1830 192 1865 τῆς
216 1829 320 1864 ῥάχεως
346 1830 399 1865 γάρ
420 1831 492 1857 ἐστιν
517 1831 576 1862 ἑνὸς
597 1831 691 1858 ὀστέου
714 1833 837 1869 τελευτή.

53 1876 237 1912 Ἐντέτμηται
256 1876 285 1902 δὲ
300 1875 402 1903 ἄνωθεν
418 1877 458 1908 εἰς
478 1876 608 1910 ἀκάνθας,
626 1877 673 1904 κα)⁸
688 1878 756 1905 εἰσὶν
772 1879 839 1905 ὡσεὶ

46 1923 100 1950 τῶν
114 1923 237 1959 πριόνων
250 1924 347 1959 ἀκμαὶ,
362 1925 408 1953 καὶ
420 1923 516 1950 τύπτει
533 1924 562 1950 ἑν
576 1924 644 1960 αὐτῇ
659 1924 727 1960 πρὸς
741 1923 788 1956 οὓς
805 1924 839 1951 ἂν

46 1969 163 2006 παλαίῃ.
181 1969 238 1996 Μία
254 1969 282 1996 δὲ
300 1969 380 1996 αὑτοῦ
394 1970 452 1997 ἐστὶ
468 1970 571 2006 κεφαλὴ
590 1971 645 2002 τοῖς
668 1970 764 2003 νώτοις
778 1979 839 1998 συν-

47 2017 232 2052 υφαινομένη,
255 2017 302 2043 καὶ
321 2017 360 2048 εἰς
383 2017 446 2052 μίαν
467 2016 609 2052 ἰθυνομένη
634 2017 767 2053 στάθμηψ
793 2018 840 2044 καὶ

49 2065 90 2098 ἐφ’
103 2064 169 2090 ὅσον
183 2063 214 2089 οὐ
229 2062 337 2098 κέχηνε,
352 2062 447 2098 Θηρίου
461 2062 518 2089 ἐστὶ
528 2063 644 2099 κεφαλήθ
659 2063 707 2089 ἐὰν
718 2063 746 2089 δὲ
758 2063 838 2100 χάνῃ,

47 2109 109 2138 ὅλον
134 2109 225 2144 στόμα
252 2108 367 2143 γίνεται,
395 2108 476 2145 μέχρι
501 2109 556 2136 τῶν
579 2108 662 2144 ὤμων
687 2109 717 2135 τὸ
746 2110 839 2145 χάσμα

50 2164 178 2183 ποιουσα.

889 230 942 257 que
961 222 1072 250 odorem
1101 223 1216 256 emittit;
1235 223 1273 250 ita
1288 226 1317 250 ut
1342 223 1476 258 pisciculi,
1503 224 1575 252 illius
1592 225 1676 252 odore

889 269 974 299 ducti,
1001 276 1097 296 omnes
1123 269 1205 296 simul
1232 268 1258 295 in
1275 268 1334 303 ejus
1358 277 1405 296 ore
1430 271 1676 305 constipentur',et

890 318 1003 350 propter
1020 314 1181 342 immensam
1203 314 1301 341 molem
1321 314 1485 342 Atlanticum
1509 323 1585 343 mare
1599 316 1676 343 inco-

890 360 929 386 lit.

927 460 1026 488 Cancri
1056 464 1210 488 ostrearum
1238 460 1349 487 aluntur
1370 461 1509 492 carnibus,
1531 462 1588 496 qui,
1614 469 1675 489 cum

890 514 984 533 earum
1001 510 1087 533 testas
1100 506 1177 534 ﬁrme
1193 511 1352 534 contractas
1370 507 1477 543 aperire
1492 515 1544 534 non
1557 508 1675 540 valeant,

890 553 918 580 in
931 561 1025 580 earum
1039 554 1125 588 plicas
1146 554 1173 580 in
1193 555 1260 582 locis
1274 554 1387 589 placidis
1402 559 1429 582 et
1444 555 1510 582 solis
1527 554 1610 582 radiis
1629 563 1677 590 pa-

891 603 990 630 tentes.
1007 599 1142 626 calculum
1161 604 1300 634 arreptum
1313 600 1382 626 clam
1406 600 1560 635 imponunt,
1577 608 1678 635 easque

891 645 992 673 frustra
1011 653 1040 673 se
1057 645 1219 673 contrahere
1236 649 1373 674 ten-tantes
1387 646 1544 674 comedunt.

927 775 1025 803 Echini
1051 776 1185 804 saevitiam
1212 778 1296 805 maris
1323 779 1498 813 przesagiunt,
1515 779 1677 816 lapillosque

891 822 1010 849 subeunt
1036 822 1118 856 alIixi,
1143 831 1178 851 ne
1203 831 1335 859 aquarum
1364 824 1533 852 volutatione
1562 826 1676 854 mobiles

856 855 876 882 Β
893 866 956 893 hinc
967 867 1030 894 inde
1048 855 1199 895 trahantur.

927 912 1046 949 Polypus
1064 913 1097 940 ad
1111 914 1317 942 similitudinem
1334 915 1387 942 loci
1402 923 1482 950 quem
1498 917 1606 952 attingit
1629 925 1677 944 co-

891 960 976 987 lorem
994 964 1090 993 mutat,
1118 961 1333 997 adnatantesque
1355 962 1501 996 pisuiculos
1522 963 1555 989 ad
1572 968 1676 998 petram

891 1012 1016 1035 venatur.

927 1053 975 1081 Est
993 1060 1093 1088 parvus
1108 1053 1254 1080 admodum
1272 1054 1355 1089 piscis
1370 1053 1497 1081 echeneis
1512 1054 1675 1089 appellatus,

890 1099 1015 1134 ingentes
1026 1106 1109 1127 naves
1124 1099 1218 1134 plenas
1235 1100 1323 1127 ventis
1338 1099 1480 1128 adhaerens
1491 1105 1624 1132 moratur,
1638 1100 1676 1127 ita

891 1151 921 1174 ut
936 1146 1089 1173 immobiles
1100 1150 1172 1173 stare
1182 1145 1336 1173 videantur.

927 1189 1027 1227 Ilydris
1041 1191 1068 1218 in
1086 1190 1244 1219 ﬂuminibus
1260 1192 1337 1224 vivit.
1352 1192 1451 1220 canino
1465 1193 1563 1228 capite,
1579 1200 1676 1220 croco-

890 1237 946 1265 dilo
956 1238 1064 1266 infensa
1075 1246 1154 1274 quem
1170 1242 1196 1266 et
1210 1246 1306 1266 somno
1322 1240 1440 1275 sopitum
1455 1240 1594 1268 interimit.
1609 1240 1678 1268 Cro-

891 1285 997 1312 codilus
1011 1285 1084 1312 enim
1099 1285 1200 1313 dormit
1215 1285 1300 1312 hianti
1314 1293 1371 1319 ore,
1389 1289 1416 1313 et
1432 1286 1534 1322 hydrus
1548 1287 1605 1315 luto
1620 1295 1677 1315 cae-

891 1338 980 1365 noque
994 1330 1133 1362 obvoluta,
1151 1331 1178 1357 in
1193 1338 1224 1359 os
1240 1331 1336 1363 insilit,
1355 1335 1382 1358 et
1395 1332 1571 1361 interioribus
1587 1333 1675 1360 omni-

889 1376 942 1404 bus
957 1377 1047 1404 exesis
1062 1377 1173 1405 occidit.

926 1510 1061 1538 Caeterum
1082 1509 1239 1538 crocodilus
1254 1514 1295 1537 est
1314 1510 1404 1537 bellua
1425 1511 1507 1538 simul
1531 1515 1557 1538 et
1575 1511 1674 1547 piscis;

889 1557 1000 1592 longum
1017 1556 1088 1584 inter
1104 1560 1185 1591 caput
1199 1560 1225 1584 et
1236 1556 1350 1584 caudam
1378 1557 1496 1591 spatium
1512 1558 1675 1591 intercedit;

890 1603 937 1630 sed
951 1602 1114 1638 longitudini
1128 1602 1243 1630 latitudo
1263 1603 1440 1638 proportione
1465 1603 1674 1639 haudquaquam

890 1649 1056 1684 respondet;
1073 1649 1145 1676 cutis
1164 1649 1286 1684 squamis
1296 1649 1402 1683 asperis
1421 1649 1584 1683 obducitur;
1601 1650 1676 1677 color

890 1695 965 1722 dorsi
985 1698 1068 1729 petrae
1083 1695 1166 1729 nigrae
1198 1694 1295 1722 similis
1325 1698 1378 1726 est,
1395 1694 1472 1722 alvus
1498 1694 1577 1728 alba;
1592 1695 1675 1730 pedes

890 1744 1018 1776 quatuor,
1034 1740 1060 1768 in
1074 1740 1212 1775 obliquum
1232 1740 1333 1767 sensim
1350 1740 1466 1773 curvati,
1487 1740 1576 1775 qualis
1592 1744 1676 1768 terre-

890 1786 956 1814 stris
981 1786 1147 1819 testudinis;
1166 1786 1252 1813 cauda
1278 1786 1395 1821 oblonga
1417 1791 1443 1814 et
1469 1794 1573 1819 crassa,
1591 1787 1676 1821 spina:

890 1833 962 1860 enim
981 1832 1062 1860 unius
1076 1832 1149 1859 ossis
1162 1837 1204 1860 est
1220 1831 1365 1864 terminus,
1383 1831 1463 1866 cujus
1475 1832 1600 1866 superior
1611 1840 1676 1868 pars

891 1881 1010 1906 serratas
1041 1878 1122 1906 habet
1150 1880 1259 1910 cristas,
1290 1878 1398 1913 illisque
1426 1878 1509 1906 veluti
1537 1885 1675 1906 serrarum

891 1924 1076 1956 acuminibus,
1095 1932 1150 1959 quo
1167 1932 1228 1952 cum
1245 1928 1340 1956 certat,
1362 1924 1489 1959 percutit.
1504 1924 1591 1959 Caput
1602 1925 1677 1953 illius

891 1969 1013 1997 humeris
1026 1969 1193 2004 adjungitur.
1210 1973 1237 1997 et
1265 1969 1298 1996 ad
1313 1969 1446 1996 amussim
1468 1969 1601 1996 directum
1622 1973 1680 2000 est,

890 2015 966 2042 nullo
981 2017 1128 2050 apparente
1153 2013 1329 2046 discriminc;
1351 2017 1377 2040 et
1400 2013 1521 2048 quandiu
1537 2021 1591 2041 non
1607 2013 1675 2045 hiat,

890 2061 987 2088 bellua:
1000 2065 1082 2095 caput
1094 2065 1155 2094 est;
1170 2060 1216 2086 ubi
1237 2059 1328 2091 hiarit,
1345 2063 1434 2087 totum
1456 2068 1487 2088 os
1509 2060 1548 2092 lit,
1566 2065 1595 2087 ut
1613 2063 1676 2096 pote

890 2107 937 2143 qui
953 2107 987 2134 ad
999 2107 1127 2134 humeros
1142 2114 1229 2141 usque
1242 2106 1346 2133 hiatum
1364 2106 1510 2142 protendit.

88 2202 120 2228 '0
134 2201 164 2228 δὲ
181 2200 325 2236 λεγόμενος
339 2201 528 2236 ἱπποπόταμος
546 2201 630 2227 ἵππου
649 2201 697 2237 μὲν
710 2202 773 2233 τοὺς
788 2200 837 2227 πό-

926 2196 1145 2232 Hippopotamus
1173 2197 1281 2232 equinis
1309 2196 1426 2232 pedibus
1450 2201 1477 2224 et
1490 2200 1593 2229 ventre,
1622 2196 1676 2224 nisi

48 2248 96 2279 δας
110 2247 170 2282 ἔχει
183 2247 230 2274 καὶ
246 2246 295 2282 τὴν
308 2246 438 2282 γαστέρα,
457 2246 505 2281 τὴν
525 2246 553 2273 δὲ
572 2246 656 2281 ὁπλὴν
675 2246 785 2281 σχιστὴν
801 2247 839 2278 ὡς

49 2293 148 2330 χηλὴν,
165 2292 248 2328 οὐρὰν
267 2294 382 2327 παχεῖαν
399 2293 446 2319 καὶ
459 2292 539 2329 ψιλὴν
559 2292 669 2328 τριχῶν,
685 2293 725 2319 ὅτι
742 2293 789 2319 καὶ
809 2293 841 2319 τὸ

49 2341 103 2367 πᾶν
128 2339 178 2366 τοῦ
204 2338 329 2374 σώματος
351 2339 438 2371 οὕτως
461 2339 528 2374 ἔχει,
556 2339 676 2374 κεφαλὴν
704 2339 839 2375 περιφερῆ

51 2386 151 2422 μικρὸν
169 2385 219 2420 τῆς
243 2385 327 2412 ἵππου
351 2385 468 2421 παρειᾶς
488 2384 625 2421 διάφορον,
649 2385 695 2412 καὶ
721 2385 778 2420 ἔχει
795 2394 840 2412 κε-

50 2432 154 2468 χηνότα
180 2431 227 2458 τὸν
252 2431 388 2467 μυκτῆρα,
415 2430 527 2466 πυρώδη
549 2431 660 2463 καπνὸν,
682 2431 719 2463 ὡς
743 2432 775 2458 ὲκ
793 2440 841 2458 κα-

51 2478 142 2512 μίνου,
179 2477 305 2509 πνέοντα,
330 2478 410 2512 γένυν
443 2477 581 2504 πλατεῖαν·
607 2478 686 2514 μέχρι
709 2475 764 2514 γαρ
786 2478 841 2505 τῶν

51 2524 198 2561 κροτάφων
230 2523 332 2558 ἀνοίγει
362 2523 393 2550 τὸ
424 2523 521 2559 στόμα.
560 2523 662 2550 Ὀδοῦσι
705 2524 733 2550 δὲ
768 2524 841 2552 ἔνδον

50 2569 153 2606 τριχῶς
170 2568 359 2602 πεπύκνωται,
381 2569 450 2605 ἔχων
465 2569 534 2606 πρὸς
547 2569 652 2601 τούτοις
672 2570 718 2597 δύο
734 2570 842 2602 ὀδόντας

51 2615 221 2651 ἐπικαμπεῖς
238 2615 275 2647 ὡς
293 2614 364 2646 συός.
380 2615 436 2642 Καὶ
450 2615 522 2641 ἔστιν
530 2614 755 2650 ἀδδηφαγώτατον
769 2615 840 2647 ὅλον,

51 2659 127 2696 λήϊον
154 2660 249 2687 ποιοῦν
275 2661 387 2696 τροφήν.
412 2660 516 2697 Ἀπᾱιτῃ
534 2660 562 2686 δὲ
586 2661 702 2696 θηρᾶται
720 2660 840 2698 τοιαύτῃ.

59 2706 253 2742 Ἑπιτηροῦσιν
287 2706 369 2733 αὐτοῦ
405 2706 455 2738 τὰς
478 2706 628 2742 διατριδὲις,
658 2707 705 2734 καὶ
735 2707 843 2743 δρυγμα

54 2753 171 2786 ποιοῦσι,
187 2753 235 2780 καὶ
256 2753 365 2789 καλάμῃ
385 2753 451 2779 αὐτὸ
470 2753 639 2787 στεγάζουσι,
662 2753 709 2780 καὶ
729 2755 844 2789 ὲπιχων-

55 2799 148 2827 νύουσι
173 2799 292 2835 ψάμμῳ,
311 2800 357 2826 καὶ
376 2799 479 2832 ξύλινον
495 2799 587 2826 ἱστῶσι
606 2799 726 2826 κάτωθεν
741 2801 844 2836 οἴκημα

58 2847 116 2884 εχον
138 2847 318 2885 ἀνεῳγμένας
335 2845 383 2879 τὰς
402 2846 486 2883 (λύρας
499 2847 539 2879 εἰς
555 2845 600 2872 τὸν
614 2845 710 2880 ὕροφον
735 2846 781 2874 τοῦ
800 2846 843 2881 βόη

891 2243 965 2279 quod
981 2243 1092 2279 ungulis
1106 2243 1206 2276 bifidis,
1224 2243 1320 2278 quales
1344 2243 1550 2277 bobus;~cauda
1571 2245 1596 2271 ei
1615 2243 1679 2271 bre—

891 2290 933 2318 vis
947 2293 999 2322 est,
1015 2294 1042 2317 et
1057 2290 1172 2324 pilorum
1187 2290 1343 2324 asperitate,
1353 2291 1580 2324 quemadmodum
1594 2290 1676 2318 etiam

891 2343 992 2371 corpus
1004 2335 1150 2371 reliquum,
1166 2344 1277 2369 carens;
1291 2335 1537 2371 caputrotundum,
1553 2343 1676 2371 parvum,

892 2381 926 2408 ab
936 2380 1044 2415 equinis
1067 2380 1186 2408 maxillis
1215 2379 1369 2411 diversum;
1383 2387 1464 2407 nares
1481 2388 1611 2415 perquam
1628 2388 1678 2415 pa-

891 2427 965 2460 tulae,
977 2434 1008 2454 ac
1023 2427 1136 2462 ignitum
1149 2426 1263 2458 I'umum,
1273 2429 1402 2460 tanquam
1416 2426 1486 2461 ignis
1497 2426 1678 2461 scaturigines

891 2473 1025 2509 quaedam,
1045 2473 1191 2508 spirantes,
1205 2477 1325 2500 mentum
1340 2473 1435 2504 latum,
1452 2473 1551 2499 etenim
1564 2473 1597 2499 ad
1609 2477 1678 2499 tem-

893 2527 960 2555 pora
970 2527 1057 2554 usque
1070 2520 1173 2546 hiatum
1192 2518 1339 2553 protendit,
1355 2523 1381 2546 ot
1409 2518 1480 2544 trina
1495 2517 1618 2545 dentium
1634 2525 1679 2546 se-

892 2568 933 2594 rie
965 2566 1158 2601 constipatur:
1186 2569 1283 2600 prmter
1311 2565 1361 2592 hos
1376 2568 1402 2591 et
1427 2564 1527 2598 gemini
1544 2564 1678 2598 prodeunt

893 2614 968 2641 curvi
981 2612 1106 2648 aprugni,
1124 2619 1192 2646 quos
1209 2610 1322 2638 caninos
1343 2614 1453 2643 vocant;
1475 2610 1557 2637 nullis
1578 2610 1680 2637 bestia-

893 2667 954 2686 rum
971 2659 1121 2686 voracitate
1139 2657 1262 2690 inl‘erior,
1280 2657 1318 2684 ita
1333 2661 1363 2684 ut
1377 2659 1467 2691 segete
1479 2655 1587 2691 plenum
1602 2663 1679 2682 cam-

894 2714 961 2738 pum.
984 2706 1119 2737 absumat.
1147 2705 1310 2740 capiturque
1336 2704 1387 2731 hoc
1416 2703 1490 2730 dolo.
1519 2701 1679 2729 Observatis

893 2753 967 2780 enim
983 2752 1050 2779 locis
1065 2752 1092 2779 in
1111 2751 1211 2786 quibus
1226 2751 1310 2786 degit,
1322 2754 1468 2777 venatores
1483 2749 1584 2776 fossam
1597 2756 1679 2775 cxca<

896 2802 970 2831 vant,
997 2798 1233 2833 arundinibusque
1269 2797 1347 2832 quasi
1371 2799 1473 2823 tectum
1501 2794 1678 2829 contignant,

895 2851 1030 2880 arenaun
1041 2844 1218 2881 cooperiunt;
1231 2844 1257 2871 in
1270 2850 1355 2879 eaque
1367 2849 1459 2870 arcam
1479 2841 1597 2876 ligneam
1615 2839 1682 2867 sube-
