1909 3071
261 96 314 124 ’115

693 97 721 124 S.
743 97 962 126 EUSTATHIUS
981 97 1225 126 ANTIOCHENUS
1245 101 1440 130 EPISCOPUS.
1811 107 1851 137 πα

259 156 350 183 liabet.
381 154 478 182 Cicuta
509 161 625 189 namque
651 159 804 190 pascuntur
816 155 904 183 sturni
928 159 1027 191 propte'

1091 155 1288 192 συνεδλάστησε
1297 159 1353 189 τοῖς
1369 158 1511 194 τροφίμοις
1520 159 1554 186 τά
1564 159 1722 196 δηλητήρια,
1735 158 1785 189 οἷον
1793 163 1853 192 ἐλλί-

258 201 384 236 corporis
409 200 652 232 constitutionem;
677 201 777 228 etenim
801 208 862 227 cum
881 202 936 228 sint
965 201 1040 235 poris

257 249 329 276 circa
342 256 388 276 cor
404 247 537 283 angustis,
554 246 604 273 hac
618 247 724 273 ratione
744 254 801 274 rem
821 247 976 281 absorptam
992 255 1040 274 ex-

256 298 382 322 cernunt.
397 293 512 321 Veratro
528 292 683 320 coturnices
695 296 842 320 vescuntur
852 313 859 325 ,
875 293 1039 328 propriaque

255 341 378 376 corporis
390 338 593 373 temperatione,
609 338 683 365 nullo
692 337 844 365 aliiciuntur
855 339 1037 370 incommodo,

255 386 352 414 Medici
368 384 548 420 mandragora
560 391 684 411 somnum
705 384 860 415 conciliant,
887 385 949 418 opio
963 392 1039 412 sum-

255 440 315 460 mos
331 432 438 459 dolores
451 431 572 466 sopiunt,
590 431 680 457 cicuta
693 431 826 458 immanes
841 430 938 458 sedant
953 438 1037 465 appe-

256 479 332 508 titus.
345 481 372 505 et
387 481 477 504 tamen
504 483 612 503 veratro
636 475 800 503 invateratos
825 475 939 504 affectus
963 477 1038 503 miti-

208 535 213 544 ι
254 528 328 560 gant.
347 521 381 549 Et
397 523 495 557 lignum
520 521 685 556 fructifera":
714 521 813 555 faciens
843 521 958 555 fructum
973 522 1040 553 ‘°,et

254 576 309 595 uno
320 567 450 602 temporis
473 571 584 602 puncto,
601 574 662 601 quae
689 574 766 601 prius
791 567 901 594 minime
914 571 1002 598 erant,
1022 575 1037 594 ο

255 620 326 642 terra
340 617 402 641 nata
413 617 487 646 sunt,
503 613 561 640 suis
576 620 689 647 quaeque
702 612 914 647 proprietatibus
934 616 960 640 ct
982 612 1037 638 for-

254 660 317 691 mis,
333 659 432 694 quibus
453 658 531 694 quasi
555 658 727 685 naturalibus
753 658 825 686 notis
840 666 855 685 a
869 659 951 686 rebus
973 659 1037 686 reli-

253 705 316 740 quis
328 709 432 733 secreta
449 704 656 739 dignoscuntur.
674 703 749 731 Oliva
774 709 802 731 et
829 704 928 739 palma,
940 707 967 732 et
985 712 1035 731 cu-

253 759 376 785 pressus,
392 751 419 777 in
433 750 516 777 altum
538 750 735 785 provehantur,
756 753 784 777 et
805 750 902 777 harum
919 750 960 778 ha:
975 751 1036 785 qui-

252 799 313 826 dem
329 805 378 825 nec
392 797 484 824 multis
500 797 585 824 ramis
599 804 649 823 nec
661 796 750 827 nodis,
767 800 796 823 ut
812 797 903 828 abies,
921 805 1035 832 cupres-

1091 201 1179 237 ὅορος,
1196 203 1242 229 καὶ
1257 204 1390 236 ἀκόνιτον,
1408 204 1454 231 καὶ
1473 205 1670 241 μανδραγόρας,
1693 207 1796 243 καὶτῆς
1813 212 1854 246 μή.

1090 255 1175 280 κωνος
1188 249 1201 275 ό
1213 249 1288 281 ὀπὸς,
1305 250 1380 277 οὐδὲν
1393 250 1495 277 τούτων
1515 252 1555 283 εἰς
1567 252 1663 287 χρῆσιν
1679 253 1761 290 ἀργὸν
1773 257 1856 290 παρεξ-

1089 292 1199 328 ληπται.
1216 295 1251 321 Τὸ
1269 295 1317 330 μὲν
1339 295 1435 323 κώνιον
1459 297 1483 323 οἱ
1498 297 1583 333 ψᾶρες
1596 297 1738 332 βόσκονται
1759 301 1798 328 διὰ
1816 302 1856 336 τὴν

1090 339 1260 374 κατασκευὴν
1276 340 1322 367 τοῦ
1340 341 1479 376 σώματος·
1495 342 1609 375 λεπτοὺς
1620 344 1674 380 γὰρ
1693 345 1794 380 ἔχοντες
1803 348 1856 378 τοὺς

1089 384 1135 410 ἐπὶ
1153 384 1201 420 τὴν
1222 385 1334 421 καρδίαν
1358 387 1457 422 πόρους
1468 408 1476 420 ,
1494 389 1653 424 ἀποπέμψαι
1670 390 1700 416 τὸ
1722 392 1857 419 καταποθὲν

1089 429 1235 463 φθάνουσισ
1252 431 1296 457 τὸν
1311 431 1339 458 δὲ
1362 432 1499 468 ἐλλέϐορον
1523 434 1654 462 ἐσθίουσιν
1675 436 1796 472 ὄρτυγες,
1817 439 1857 465 καὶ

1087 475 1136 509 οὐχ
1151 475 1310 510 ὑφίστανται
1333 477 1444 513 βλάϐην,
1464 479 1578 514 ἰδιότητα
1605 481 1729 516 κράσεως
1755 482 1856 518 ἔχοντες.

1087 520 1136 547 Διὰ
1152 520 1180 547 δὲ
1193 521 1240 548 τοῦ
1261 523 1448 559 μανδραγόρου
1469 524 1551 551 ὕπνον
1568 527 1652 562 ἰατροὶ
1673 529 1852 562 κατέπάγουσι,

1088 566 1134 592 καὶ
1146 566 1184 601 τῷ
1197 567 1266 603 ὀπίῳ
1276 568 1325 599 τὰς
1343 569 1458 605 σφοδρὰς
1470 570 1564 603 ὀδύνας
1577 573 1802 607 κατακοιμίζουσι.
1815 575 1853 610 Τῷ

1086 611 1114 637 δὲ
1128 612 1217 647 κωνίῳ
1230 613 1278 645 τὰς
1290 613 1434 646 λυσσώδεις
1447 616 1549 650 ὀρέξεις
1563 619 1800 653 καταμαραίνουσι,
1815 621 1855 646 καὶ

1087 657 1125 692 τῷ
1147 658 1280 695 ἐλλεϐόρῳ
1301 659 1336 686 τὰ
1358 661 1451 696 χρόνια
1471 661 1543 697 πάθη
1565 664 1790 699 καταπραΰνουσι.
1810 666 1856 693 Kal

1087 703 1182 735 ξύλον
1197 705 1344 740 κάρπιμον
1368 706 1474 733 ποιοῦν
1499 710 1622 741 καρπόν.
1649 710 1703 736 Καὶ
1730 711 1811 738 πάντα
1835 713 1858 738 ἐν

1088 750 1137 784 μιᾷ
1153 750 1249 786 καιροῦ
1267 751 1336 787 ῥοπῇ
1352 751 1454 788 ἀνεφύη
1470 753 1501 778 ὲκ
1512 753 1563 788 τῆς
1579 754 1640 790 γῆς,
1658 756 1708 783 οὐκ
1726 755 1786 783 ὄντα
1800 758 1860 792 πρό-

1085 803 1174 831 τερον,
1194 797 1261 831 μετὰ
1275 797 1325 832 τῆς
1341 799 1443 830 οἰκείας
1461 799 1573 827 ἕκαστον
1592 801 1732 837 ἰδιότητος,
1750 804 1792 830 καὶ
1809 804 1860 838 ἰδὲῳ

252 853 311 878 sus,
322 849 348 871 et
362 843 523 879 quandoque
534 843 622 878 palma
636 843 846 877 constipantur;
861 843 914 870 illa:
929 851 1027 878 sempei

1087 842 1239 877 χαρακτῆρι
1255 842 1367 869 ἕκαστον
1382 844 1590 879 γνωριζόμενον.
1607 847 1638 872 Ἡ
1721 848 1803 879 ἐλαία,
1819 836 1859 876 καὶ

251 891 391 918 virescunt
409 889 510 920 :oliva,
541 888 650 923 palma,
682 888 787 921 laurus,
813 893 930 924 myrtus,
947 890 1032 924 picea,

250 944 408 972 cupressus,
423 936 508 966 abies,
523 935 677 969 juniperus,
694 935 803 970 tltya,et
815 943 896 970 quam
915 936 1032 964 Arcades

250 982 397 1020 phillodrin
410 981 557 1018 appellant.
574 980 622 1009 His
635 980 704 1008 adde
715 981 877 1010 oleastrum.
905 982 1029 1014 cedrum,

249 1029 353 1064 pinum,
371 1029 483 1059 buxum,
505 1027 606 1059 ilicem,
628 1034 747 1060 aracem,
771 1027 944 1055 ciccrculam.
960 1027 1031 1056 Rosa

248 1077 308 1104 sine
319 1075 405 1110 spinis
432 1079 498 1101 tunc
523 1077 581 1102 orta
596 1079 647 1106 est,
666 1081 726 1108 quae
747 1073 857 1101 tandem
869 1073 945 1102 ﬂoris
973 1074 1032 1109 pul-

247 1121 395 1150 chritudini
423 1124 486 1148 sunt
515 1120 638 1155 adjectze,
655 1123 685 1146 ut
705 1119 834 1155 jucundis
847 1127 931 1154 prope
948 1120 1031 1147 situm

247 1176 392 1196 maerorem
404 1175 465 1195 esse
490 1171 644 1199 cernentes,
664 1166 769 1200 peccati
787 1173 842 1192 non
858 1166 1031 1193 obliviscere-

246 1222 317 1245 mur,
334 1214 413 1249 cujus
430 1221 512 1240 causa
539 1213 631 1247 spinas
650 1216 676 1239 et
697 1211 812 1239 tribulos
839 1212 918 1239 nobis
931 1216 1030 1239 terram

245 1259 340 1286 elierre
373 1258 524 1293 iudicatum
558 1261 610 1284 est.
651 1257 742 1284 Floret
781 1258 869 1292 prima
907 1259 1029 1285 omnium

246 1304 398 1340 amygdala,
427 1309 617 1338 postremaque
643 1310 752 1337 pomum
784 1307 915 1334 maturat,
944 1303 1029 1338 litque

245 1350 333 1378 dulcis
354 1357 389 1377 ex
405 1357 508 1382 amara,
537 1350 590 1376 ima
621 1352 698 1383 parte
721 1349 812 1384 stipite
835 1349 1029 1377 circumforato

245 1403 386 1430 cuneoque
408 1403 442 1423 ex
468 1395 544 1430 picea
560 1395 658 1422 arbore
675 1395 773 1422 idoneo
788 1395 816 1422 in
834 1395 956 1423 internas
971 1403 1029 1430 par-

244 1446 285 1470 tes
298 1442 393 1469 adacto
418 1449 505 1476 usque
524 1441 558 1468 ad
587 1441 754 1473 medullam;
772 1441 809 1468 ita
834 1442 905 1469 enim
930 1449 1028 1470 succos

1086 887 1180 921 φοῖνιξ,
1201 888 1248 914 καὶ
1263 889 1427 924 κυπάριττος
1439 891 1479 921 εἰς
1495 890 1561 924 ὕψος
1579 891 1714 924 αὔξονται.
1733 894 1785 921 Καὶ
1804 895 1858 921 τοῦ-

1084 941 1136 958 των
1153 933 1186 959 τὰ
1203 933 1251 968 μέν
1271 934 1343 960 ἐστιν
1361 935 1391 961 οὺ
1414 935 1538 968 πολύοζα,
1553 937 1612 963 οὐδὲ
1632 938 1793 971 πολύκλαδα,
1811 938 1860 968 οἷον

1083 977 1179 1014 ἐλάτη,
1204 980 1250 1006 καὶ
1271 981 1287 1015 ἡ
1308 981 1490 1016 κυπάριττος,
1514 982 1569 1008 ἐσθ’
1594 984 1637 1010 ὅτε
1653 984 1681 1010 δὲ
1703 986 1750 1012 καὶ
1771 987 1858 1020 φοῖνιξ.

1089 1024 1231 1059 Ἀείερυλλα
1247 1026 1276 1052 δέ
1295 1027 1368 1053 ἐστιν
1391 1027 1477 1059 ἐλαία,
1501 1029 1598 1063 φοῖνιξ,
1615 1030 1662 1056 καὶ
1681 1031 1778 1067 δάφνη,
1797 1034 1860 1069 μυρα

1083 1070 1153 1106 ῥίνη,
1172 1073 1270 1107 πεύκη,
1283 1074 1457 1109 κυπάριττος,
1473 1075 1564 1110 ἐλάτη,
1577 1076 1716 1111 ἄρκευθος,
1732 1078 1802 1112 Quid,
1821 1081 1862 1106 καί

1081 1116 1114 1152 ἣν
1134 1117 1262 1152 Ἀρκάδες
1279 1118 1403 1154 φιλόδρυν
1421 1119 1559 1153 λέγουσιν·
1580 1120 1619 1147 ἐτι
1643 1121 1749 1155 φύλεος,
1763 1124 1860 1159 κέδρος,

1081 1162 1170 1195 πῑτυς,
1190 1164 1282 1197 πύξος,
1300 1167 1394 1201 πρῖνος
1405 1187 1412 1198 ,
1433 1166 1533 1200 ἀράκη,
1551 1165 1676 1202 λάθυρος,
1692 1169 1729 1194 Τὸ
1745 1168 1773 1194 δὲ
1792 1171 1862 1205 ῥόδον

1081 1207 1143 1234 ἄνευ
1163 1209 1211 1243 τῆς
1228 1210 1347 1245 ἀκάνθης
1368 1213 1427 1238 τότε
1445 1214 1625 1250 ἐϐλάστησεν·
1642 1215 1755 1252 ὕστερον
1779 1217 1806 1244 δὲ
1828 1218 1862 1252 τῷ

1081 1254 1173 1281 κάλλει
1187 1255 1233 1282 τοῦ
1258 1256 1354 1289 ἄνθους
1377 1260 1578 1297 παρεζεύχθηή
1597 1261 1716 1289 ἄκανθα·
1733 1264 1807 1295 ὅπως
1827 1264 1862 1299 τῷ

1080 1301 1185 1336 τερπνῷ
1212 1304 1418 1341 παρακειμένην
1438 1306 1486 1341 τὴν
1513 1307 1600 1342 λύπην
1623 1308 1731 1343 ἔχοντες
1762 1319 1848 1344 μνημο

1080 1345 1199 1381 νεύωμεν
1215 1347 1264 1382 τῆς
1280 1349 1425 1384 ἁμαρτίας,
1438 1350 1470 1377 δι’
1490 1351 1522 1386 ἢν
1536 1353 1654 1385 ἀκάνθας
1667 1355 1715 1381 καὶ
1728 1355 1863 1390 τριϐόλους

1080 1391 1144 1427 ἡμῖν
1160 1393 1176 1427 ἡ
1194 1393 1229 1428 γῆ
1244 1394 1395 1422 ἀνατέλλειν
1414 1397 1606 1433 κατεδικάσθη.
1626 1400 1657 1426 Ἡ
1672 1399 1701 1426 δὲ
1723 1401 1860 1436 ἀμυγδαλῆ

1079 1438 1172 1473 πρώτη
1184 1440 1233 1474 μὲν
1242 1441 1393 1475 βλαστάνει,
1409 1444 1509 1479 ὑστέρα
1524 1445 1551 1471 δὲ
1564 1446 1674 1481 ἐκφέρει
1690 1447 1734 1473 τὸν
1749 1449 1860 1483 καρπόν.

243 1489 355 1516 minime
369 1489 500 1515 amabiles
521 1488 548 1514 in
575 1487 668 1515 dulces
686 1487 802 1522 ciboque
828 1487 940 1515 idoneos
955 1495 1027 1515 com-

1085 1485 1156 1536 'Hu6é
1171 1487 1256 1522 πικρὰ
1268 1488 1409 1524 ἀμυγδαλῆ
1423 1491 1592 1524 τυγχάνουσα
1604 1492 1633 1518 τὸ
1645 1491 1714 1527 πρὸς
1726 1493 1776 1528 τὴν
1789 1493 1862 1528 ῥίζαν

243 1541 339 1563 mutat.
354 1534 410 1563 Hoc
423 1535 492 1562 idem
508 1534 627 1562 salutare
645 1538 696 1566 est,
713 1537 739 1561 et
754 1533 825 1561 malo
842 1534 941 1569 punico
955 1534 1027 1562 acris

243 1585 328 1616 succi,
345 1584 391 1611 ubi
415 1590 531 1618 namque
554 1582 660 1617 excepit
673 1589 807 1615 cuneum,
827 1582 906 1609 dulce
922 1582 1024 1610 evadit.

243 1628 335 1656 Palma
350 1628 448 1655 femina
468 1631 547 1654 nutat
563 1627 590 1654 in
608 1634 710 1654 marem
736 1635 831 1662 prona,
857 1628 936 1662 quasi
953 1627 1027 1655 illius

242 1674 400 1709 complexus
429 1673 565 1701 desiderio
577 1677 726 1703 teneretur,
752 1676 779 1700 et
803 1673 930 1708 agricolae
942 1674 1026 1701 maris

242 1721 347 1748 fructus
361 1720 444 1747 ramis
458 1720 530 1747 illius
548 1720 682 1750 inserunt,
711 1718 806 1753 sicque
823 1720 968 1754 pristinam
987 1719 1026 1746 illi

241 1771 399 1802 rectamque
424 1766 538 1794 formam
565 1765 722 1793 restituunt.
750 1765 817 1792 Mori
839 1765 916 1792 tarde
931 1766 1027 1800 germi-

241 1818 318 1847 nant,
338 1817 427 1841 tamen
440 1813 466 1840 in
483 1812 573 1840 fructu
593 1812 706 1840 ferendo
732 1819 786 1839 non
815 1816 880 1839 sunt
901 1812 961 1839 aliis
977 1819 1025 1846 po-

241 1863 380 1890 steriores.
397 1860 483 1892 Oliva,
499 1859 566 1891 tilia.
600 1859 728 1894 populus,
756 1858 846 1886 ulmus
867 1861 929 1892 post
953 1858 1026 1885 msti-

240 1917 304 1936 vum
328 1907 474 1935 solstitium
505 1905 569 1933 folia
596 1905 692 1939 supina
723 1903 878 1936 deﬂectunt,
907 1907 1025 1938 suntque

241 1955 368 1982 omnibus
375 1956 534 1988 argumento
549 1951 695 1979 solstitium
706 1951 830 1978 aestivum
848 1949 1022 1984 praeteriisse.

241 1999 322 2027 Ficus
338 1998 479 2026 domestici
497 1997 611 2029 fructus,
628 2005 662 2024 ne
681 1995 817 2027 decidant,
830 1995 881 2022 hoc
895 1998 1025 2030 praastant

241 2045 365 2081 agricolae
378 2052 384 2070 :
404 2051 513 2078 grossos
524 2051 556 2070 ex
571 2042 699 2077 capi-ilico
715 2043 857 2077 decerptos
865 2046 892 2068 et
907 2042 978 2068 inter
994 2049 1024 2068 se

240 2091 382 2125 colligatos
399 2090 449 2117 lico
461 2089 594 2124 injiciunt.
609 2088 715 2115 Animal
727 2087 798 2115 enim
807 2086 914 2122 quodin
927 2094 1023 2121 grosso

239 2142 282 2165 est
292 2137 505 2164 minutissimum
517 2135 599 2162 fundo
611 2134 652 2161 lici
666 2134 808 2162 domestici
823 2134 954 2165 insidens,
974 2141 1022 2159 au-

240 2191 296 2210 ram
313 2190 373 2218 qua:
395 2181 560 2209 circumfusa
590 2181 674 2215 spirat
702 2179 823 2214 impedit.
857 2186 891 2205 ne
920 2178 1059 2215 fructuiD

238 2228 368 2255 molestiae
381 2228 427 2258 sit.
439 2227 559 2262 ﬁcusque
571 2231 715 2260 antequam
739 2228 912 2255 maturescat,
928 2224 1017 2256 cadat,

237 2278 265 2302 et
279 2282 339 2301 cum
355 2274 400 2301 hic
414 2273 519 2300 fructus
534 2273 622 2300 mollis
635 2272 680 2304 sit,
697 2271 879 2299 crassitudine
894 2269 1019 2297 foliorum

237 2318 379 2352 operitur;
397 2317 442 2344 ubi
469 2317 547 2344 nucis
570 2316 673 2344 solidus
700 2315 749 2342 levi
760 2315 886 2342 foliorum
902 2314 1020 2349 tegmine

237 2363 350 2391 velatur.
378 2362 433 2390 Nec
459 2363 510 2389 alia
537 2369 618 2389 causa
640 2361 731 2388 lolium
749 2360 812 2387 vitis
833 2361 949 2387 scissum
965 2363 1018 2392 est,

237 2410 289 2437 nisi
307 2414 336 2437 ut
353 2409 386 2436 ab
401 2409 471 2436 aeris
498 2407 677 2435 incommodis
702 2414 754 2432 uva
772 2414 802 2433 se
819 2406 955 2438 defendat,
974 2414 1020 2434 so-

237 2455 324 2491 lisque
335 2455 425 2483 radios
436 2455 548 2481 raritate
558 2453 686 2488 excipiat.
700 2451 745 2479 Sic
756 2452 824 2479 nihil
835 2456 877 2479 est
895 2453 921 2479 in
936 2453 1018 2480 rebus

238 2502 328 2533 inane,
349 2501 397 2528 sed
411 2500 502 2527 omnia
519 2499 590 2527 Deus
607 2500 750 2534 sapientia,
767 2505 848 2533 quam
875 2497 949 2525 cll‘ari
963 2506 1018 2526 non

238 2552 392 2580 possumus,
416 2545 567 2572 exornavit.
585 2543 644 2571 Una
671 2543 772 2578 quippe
793 2551 872 2578 aqua,
892 2551 951 2578 qua:
971 2551 1018 2579 per

239 2590 343 2617 radices
353 2590 442 2617 delata
461 2589 616 2620 attrahitur,
634 2589 688 2616 alio
705 2589 786 2616 modo
812 2593 938 2616 truncum
951 2589 1017 2620 alit,

237 2636 290 2663 alio
305 2636 460 2667 medullam,
474 2636 527 2662 alio
542 2635 682 2666 corticem,
700 2635 753 2662 alio
766 2635 880 2670 lignum,
901 2635 954 2662 alio
974 2643 1018 2661 ra-

237 2681 312 2708 dices
338 2683 430 2714 ipsas;
446 2686 473 2708 et
503 2689 535 2708 ex
554 2681 649 2708 eodem
666 2681 779 2708 humore
800 2681 828 2707 in
845 2681 896 2708 vite
907 2679 1017 2715 quidem

237 2727 328 2753 vinum
342 2728 494 2759 coniicitur,
511 2727 537 2754 in
549 2728 619 2754 oliva
635 2727 740 2760 oleum,
757 2730 783 2754 et
803 2726 831 2754 in
855 2727 908 2754 alio
922 2726 994 2753 aliud
1008 2734 1016 2759 ;

277 2827 298 2843 ‘°
317 2827 384 2854 Gen.
400 2827 475 2858 1,“.

1081 1532 1203 1568 στέλεχος
1219 1534 1402 1570 διατρηοεῖσα,
1421 1537 1510 1572 σφῆνα
1524 1537 1551 1564 δὲ
1567 1538 1672 1574 πεύκης
1687 1539 1803 1576 λιπαρὸν
1818 1541 1861 1575 τῆς

1078 1579 1241 1615 ὲντεριώνης
1265 1581 1350 1616 μέσης
1375 1582 1503 1610 ἐλαθέντα
1525 1583 1658 1620 δεξαμένη
1670 1605 1677 1617 ,
1694 1587 1759 1618 τοὺς
1775 1587 1862 1623 ἀηδεῖς

1077 1627 1180 1660 χυμοὺς
1208 1628 1248 1659 εἰς
1273 1628 1427 1666 γλυκύτητα
1451 1631 1611 1665 μεταόάλλει
1640 1632 1782 1668 ἐδώδιμον.
1811 1633 1862 1668 Τὴν

1077 1672 1161 1706 αὐτὴν
1173 1673 1201 1699 δὲ
1214 1673 1359 1709 θεραπείαν
1374 1676 1420 1702 καὶ
1435 1677 1451 1711 ἡ
1464 1675 1542 1712 όξύνη
1558 1677 1618 1712 ῥοιὰ
1639 1678 1786 1715 δεξαμένη,
1806 1680 1862 1715 τρέ-

1077 1726 1156 1745 πεται
1177 1719 1217 1750 εἰς
1240 1720 1402 1756 γλυκύτητα.
1427 1723 1459 1749 ἸΙ
1481 1723 1509 1749 δὲ
1529 1723 1621 1758 θήλεια
1644 1724 1731 1758 φοῖνιξ
1755 1725 1863 1760 καθὶητι

1076 1763 1138 1794 τοὺς
1164 1763 1277 1796 κλάδους
1298 1766 1378 1791 οἱονεὶ
1403 1767 1450 1802 τῆς
1481 1767 1637 1804 συμπλοκῆς
1661 1769 1794 1805 ὲφιεμένη
1821 1771 1863 1796 τοῦ

1076 1806 1203 1843 ἄῤῥενος’
1223 1810 1269 1835 καὶ
1291 1811 1314 1836 οἱ
1329 1812 1463 1847 γεωργοὶ,
1481 1813 1544 1844 τοὺς
1567 1813 1655 1848 ψῆνας
1678 1813 1725 1840 τοῦ
1752 1814 1865 1850 ἄρρενας

1075 1855 1130 1884 τοῖς
1147 1854 1253 1886 κλάδοις
1269 1857 1447 1890 ἐμϐάλλοντες
1463 1859 1558 1893 αὐτῆς,
1576 1859 1644 1894 πρὸς
1657 1860 1686 1886 τὸ
1702 1861 1807 1887 οἰκεῖον
1820 1861 1865 1895 τῆς

1074 1900 1218 1935 ὀρθότητος
1230 1902 1321 1937 σχῆμα
1336 1903 1497 1929 καθιστῶσιν
1517 1905 1609 1939 αὐτὴν.
1628 1904 1660 1930 Ἡ
1670 1905 1698 1931 δὲ
1713 1905 1865 1940 συκάμινος

1075 1944 1122 1979 ὀψὲ
1138 1946 1187 1980 μὲν
1206 1943 1358 1981 βλαστάνει,
1379 1949 1428 1974 οὐκ
1455 1949 1562 1984 ὑστερεῖ
1585 1950 1613 1976 δὲ
1629 1949 1684 1976 τῶν
1708 1950 1802 1977 ἄλλων
1827 1951 1865 1981 εἰς

1075 1992 1266 2026 καρπογονίαν.
1281 1993 1312 2018 ἸΙ
1323 1993 1350 2019 δὲ
1361 1993 1448 2024 ἐλαία,
1460 1994 1505 2020 καὶ
1520 1996 1535 2029 ὴ
1553 1994 1662 2030 φιλύρα,
1673 1995 1719 2021 καὶ
1735 1996 1754 2029 ὴ
1768 1994 1864 2028 λεύκῃ,

1074 2038 1121 2064 καὶ
1133 2037 1230 2064 πτελέα
1244 2039 1387 2074 στρέφουσι
1405 2039 1473 2074 μετὰ
1488 2041 1591 2076 τροπὰς
1605 2040 1714 2076 θερινὰς
1726 2041 1764 2067 τὰ
1779 2041 1864 2076 φύλλα

1074 2083 1156 2110 ὕπτια
1167 2093 1173 2098 ·
1188 2085 1234 2110 καὶ
1251 2085 1278 2110 ὲν
1292 2084 1377 2120 τούτῳ
1392 2086 1489 2117 πάντες
1504 2085 1690 2121 γνωρίζουσιν,
1705 2086 1749 2112 ὅτι
1765 2087 1865 2122 τροπαὶ

1074 2130 1176 2165 θεριναὶ
1195 2131 1362 2166 γεγένηνται.
1382 2132 1437 2166 Τῆς
1456 2132 1484 2158 δὲ
1499 2132 1602 2168 ἡμέρου
1624 2133 1710 2167 συκῆς
1725 2133 1776 2160 τὸν
1799 2142 1866 2169 καρ-

1074 2176 1123 2202 πὸν
1147 2177 1294 2212 ἄρῤευστον
1311 2178 1335 2204 οἰ
1354 2178 1465 2212 γηπόνοι
1486 2177 1557 2204 οὕτω
1581 2178 1783 2212 φυλάττουσιν·
1804 2180 1866 2210 τοὶς

1073 2222 1196 2253 ὀλύνθους
1213 2223 1261 2258 τῆς
1272 2224 1369 2259 ἀγρίας
1383 2225 1467 2260 συκῆς
1480 2224 1649 2256 ἐκδύσαντες,
1661 2225 1792 2251 ἄπτωτον
1808 2225 1867 2251 δια-

1074 2269 1162 2303 μένειν
1185 2270 1431 2306 παρασκευάζουσι.
1455 2270 1492 2297 Τὸ
1514 2271 1568 2306 γὰρ
1588 2270 1659 2296 ἔνδον
1682 2270 1730 2297 τοῦ
1749 2270 1867 2297 ὀλύνθον

1072 2316 1193 2351 ὑπάρχον
1217 2316 1288 2348 ζῶον
1314 2317 1474 2352 μικρότατον
1487 2316 1525 2352 τῷ
1552 2316 1667 2351 πυθμένι
1684 2316 1733 2343 τοῦ
1756 2317 1866 2352 ἡμέρου

1073 2363 1200 2398 προσίζον
1228 2362 1309 2390 σύκου
1336 2362 1383 2398 τὴν
1412 2362 1510 2395 ἔξωθεν
1541 2360 1626 2398 αὔραν
1655 2362 1867 2398 περιπνέουσαν

1071 2410 1214 2445 ἀπείργει,
1242 2410 1310 2444 πρὸς
1337 2409 1366 2436 τὸ
1395 2409 1431 2444 μὴ
1456 2409 1526 2444 ἀηδῆ
1548 2409 1692 2444 γενόμενον
1718 2408 1752 2434 τὸ
1781 2407 1867 2434 σῦκον

1071 2456 1226 2482 ἀποπεσεῖν.
1261 2455 1367 2490 Ἐπειδὴ
1392 2455 1420 2481 δὲ
1440 2454 1542 2486 ἁπαλός
1570 2455 1627 2481 ἐστι
1654 2454 1704 2489 τῆς
1735 2454 1831 2489 συκῆς
1854 2455 1866 2479 ό

1071 2503 1185 2538 καρπὸς,
1209 2502 1289 2537 πάχει
1307 2502 1412 2536 φύλλων
1431 2501 1608 2528 κεκάλυπται·
1627 2501 1677 2535 τῆς
1693 2500 1724 2527 δὲ
1742 2501 1865 2536 καρύας.

1070 2547 1163 2583 ἐπειδὴ
1186 2548 1311 2582 τυγχάνει
1329 2546 1443 2583 στερρὰ,
1462 2546 1565 2582 ἐλαφρᾷ
1592 2546 1697 2580 φύλλων
1718 2544 1865 2581 προσῦολῇ

1071 2591 1210 2617 σκέπεται.
1225 2590 1274 2617 Διὰ
1294 2590 1325 2626 δὴ
1339 2590 1418 2617 τοῦτο
1432 2590 1478 2616 κα)⁸
1494 2590 1523 2616 τὸ
1540 2590 1636 2624 φύλλον
1658 2590 1707 2624 τῆς
1734 2589 1866 2625 ἀμπέλου

1069 2634 1201 2670 ἔσχισται,
1216 2635 1259 2662 ἴνα
1274 2635 1320 2661 καὶ
1335 2635 1385 2665 τὰς
1395 2636 1427 2660 ὲκ
1440 2633 1486 2661 τοῦ
1512 2635 1591 2669 ἀέρος
1620 2634 1735 2671 ὲκκλίνῃ
1759 2634 1866 2669 βλάϐας

1068 2682 1082 2708 ὸ
1107 2681 1210 2717 βότρυς,
1235 2681 1282 2708 καὶ
1306 2681 1354 2716 τὴν
1381 2681 1495 2717 ἡλιακὴν
1520 2680 1616 2706 ἀκτῖνα
1641 2680 1805 2715 εἰσδέχηται
1833 2680 1865 2712 τῇ

1069 2727 1217 2763 ἀραιότητι.
1229 2727 1320 2758 Οὕτως
1329 2726 1403 2754 οὐδὲν
1419 2726 1513 2762 ἀργὸν,
1524 2725 1591 2753 ἀλλὰ
1605 2726 1693 2754 πάντα
1707 2726 1869 2762 ἀπορρήτῳ
