  <div class='ocr_page' id='page_1' title='image "/cluster/home/n/w/nwhite01/storage/ocr_20150623/18/njp.32101077772455/580.png"; bbox 0 0 1909 3071; ppageno 0'>
   <div class='ocr_carea' id='block_1_1' title="bbox 57 125 99 152">
    <p class='ocr_par' dir='ltr' id='par_1_1' title="bbox 57 125 99 152">
     <span class='ocr_line' id='line_1_1' title="bbox 57 125 99 152; baseline -0.024 0"><span class='ocrx_word' id='word_1_1' title='bbox 57 125 99 152; x_wconf 75' lang='grc'><strong>71⁸1</strong></span> 
     </span>
    </p>
   </div>
   <div class='ocr_carea' id='block_1_2' title="bbox 55 183 851 221">
    <p class='ocr_par' dir='ltr' id='par_1_2' title="bbox 55 183 851 221">
     <span class='ocr_line' id='line_1_2' title="bbox 55 183 851 221; baseline -0.001 -9"><span class='ocrx_word' id='word_1_2' title='bbox 55 184 122 221; x_wconf 66' lang='grc' dir='ltr'>σοφίᾳ</span> <span class='ocrx_word' id='word_1_3' title='bbox 137 184 150 211; x_wconf 80' lang='grc' dir='ltr'><strong>ό</strong></span> <span class='ocrx_word' id='word_1_4' title='bbox 164 183 226 216; x_wconf 72' lang='grc' dir='ltr'>Θεὸς</span> <span class='ocrx_word' id='word_1_5' title='bbox 251 183 436 220; x_wconf 72' lang='grc' dir='ltr'>διεκόσμησεν.</span> <span class='ocrx_word' id='word_1_6' title='bbox 458 185 505 211; x_wconf 84' lang='grc' dir='ltr'><strong>Ἐν</strong></span> <span class='ocrx_word' id='word_1_7' title='bbox 519 185 572 220; x_wconf 84' lang='grc' dir='ltr'><strong>γὰρ</strong></span> <span class='ocrx_word' id='word_1_8' title='bbox 595 184 682 220; x_wconf 77' lang='grc' dir='ltr'>ὓδωρ,</span> <span class='ocrx_word' id='word_1_9' title='bbox 707 184 750 211; x_wconf 83' lang='grc' dir='ltr'>διὰ</span> <span class='ocrx_word' id='word_1_10' title='bbox 765 185 813 219; x_wconf 79' lang='grc' dir='ltr'>τῆς</span> <span class='ocrx_word' id='word_1_11' title='bbox 827 188 851 217; x_wconf 70' lang='grc' dir='ltr'>Α</span> 
     </span>
    </p>
   </div>
   <div class='ocr_carea' id='block_1_3' title="bbox 55 230 811 266">
    <p class='ocr_par' dir='ltr' id='par_1_3' title="bbox 55 230 811 266">
     <span class='ocr_line' id='line_1_3' title="bbox 55 230 811 266; baseline 0.001 -10"><span class='ocrx_word' id='word_1_12' title='bbox 55 231 120 266; x_wconf 75' lang='grc' dir='ltr'>ῥίζης</span> <span class='ocrx_word' id='word_1_13' title='bbox 133 230 273 266; x_wconf 84' lang='grc' dir='ltr'>φερόμενον</span> <span class='ocrx_word' id='word_1_14' title='bbox 288 231 303 265; x_wconf 85' lang='grc' dir='ltr'>ἢ</span> <span class='ocrx_word' id='word_1_15' title='bbox 318 231 471 266; x_wconf 72' lang='grc' dir='ltr'>ἑλκόμενον,</span> <span class='ocrx_word' id='word_1_16' title='bbox 491 231 577 262; x_wconf 78' lang='grc' dir='ltr'>ἄλλως</span> <span class='ocrx_word' id='word_1_17' title='bbox 601 231 649 266; x_wconf 80' lang='grc' dir='ltr'>μὲν</span> <span class='ocrx_word' id='word_1_18' title='bbox 671 230 765 266; x_wconf 83' lang='grc' dir='ltr'><strong>τρέφει</strong></span> <span class='ocrx_word' id='word_1_19' title='bbox 781 231 811 258; x_wconf 75' lang='grc' dir='ltr'><strong>τὸ</strong></span> 
     </span>
    </p>
   </div>
   <div class='ocr_carea' id='block_1_4' title="bbox 55 275 810 312">
    <p class='ocr_par' dir='ltr' id='par_1_4' title="bbox 55 275 810 312">
     <span class='ocr_line' id='line_1_4' title="bbox 55 275 810 312; baseline -0.001 -9"><span class='ocrx_word' id='word_1_20' title='bbox 55 276 170 311; x_wconf 74' lang='grc' dir='ltr'>στέλεχος,</span> <span class='ocrx_word' id='word_1_21' title='bbox 183 275 266 307; x_wconf 75' lang='grc' dir='ltr'>ἄλλως</span> <span class='ocrx_word' id='word_1_22' title='bbox 286 276 335 310; x_wconf 84' lang='grc' dir='ltr'>τὴν</span> <span class='ocrx_word' id='word_1_23' title='bbox 353 276 520 312; x_wconf 78' lang='grc' dir='ltr'>ἐντεριώνην,</span> <span class='ocrx_word' id='word_1_24' title='bbox 544 277 631 308; x_wconf 77' lang='grc' dir='ltr'>ἄλλως</span> <span class='ocrx_word' id='word_1_25' title='bbox 643 277 688 303; x_wconf 81' lang='grc' dir='ltr'><strong>τὸν</strong></span> <span class='ocrx_word' id='word_1_26' title='bbox 711 277 810 311; x_wconf 80' lang='grc' dir='ltr'>φλοιὸν,</span> 
     </span>
    </p>
   </div>
   <div class='ocr_carea' id='block_1_5' title="bbox 54 320 812 357">
    <p class='ocr_par' dir='ltr' id='par_1_5' title="bbox 54 320 812 357">
     <span class='ocr_line' id='line_1_5' title="bbox 54 320 812 357; baseline 0.001 -10"><span class='ocrx_word' id='word_1_27' title='bbox 54 321 125 352; x_wconf 71' lang='grc' dir='ltr'>ἄλλως</span> <span class='ocrx_word' id='word_1_28' title='bbox 136 320 164 347; x_wconf 78' lang='grc' dir='ltr'>τὸ</span> <span class='ocrx_word' id='word_1_29' title='bbox 181 320 264 352; x_wconf 78' lang='grc' dir='ltr'>ξύλον,</span> <span class='ocrx_word' id='word_1_30' title='bbox 276 320 361 352; x_wconf 76' lang='grc' dir='ltr'>ἄλλως</span> <span class='ocrx_word' id='word_1_31' title='bbox 374 321 422 356; x_wconf 79' lang='grc' dir='ltr'>τὴν</span> <span class='ocrx_word' id='word_1_32' title='bbox 442 322 517 357; x_wconf 70' lang='grc' dir='ltr'>ῥίζαν</span> <span class='ocrx_word' id='word_1_33' title='bbox 533 322 633 357; x_wconf 79' lang='grc' dir='ltr'>αὐτήν·</span> <span class='ocrx_word' id='word_1_34' title='bbox 653 322 700 348; x_wconf 81' lang='grc' dir='ltr'>καὶ</span> <span class='ocrx_word' id='word_1_35' title='bbox 714 323 746 348; x_wconf 85' lang='grc' dir='ltr'>ὲκ</span> <span class='ocrx_word' id='word_1_36' title='bbox 762 322 812 356; x_wconf 82' lang='grc' dir='ltr'>τῆς</span> 
     </span>
    </p>
   </div>
   <div class='ocr_carea' id='block_1_6' title="bbox 54 365 812 403">
    <p class='ocr_par' dir='ltr' id='par_1_6' title="bbox 54 365 812 403">
     <span class='ocr_line' id='line_1_6' title="bbox 54 365 812 403; baseline 0.001 -9"><span class='ocrx_word' id='word_1_37' title='bbox 54 366 225 402; x_wconf 78' lang='grc' dir='ltr'>αὑτῆςνοτίδος</span> <span class='ocrx_word' id='word_1_38' title='bbox 237 367 266 393; x_wconf 81' lang='grc' dir='ltr'>ὲν</span> <span class='ocrx_word' id='word_1_39' title='bbox 282 366 330 402; x_wconf 82' lang='grc' dir='ltr'>μὲν</span> <span class='ocrx_word' id='word_1_40' title='bbox 346 368 378 402; x_wconf 82' lang='grc' dir='ltr'>τῇ</span> <span class='ocrx_word' id='word_1_41' title='bbox 394 367 507 403; x_wconf 78' lang='grc' dir='ltr'><strong>ἀμπέλῳ</strong></span> <span class='ocrx_word' id='word_1_42' title='bbox 523 365 593 399; x_wconf 82' lang='grc' dir='ltr'>οῐνος</span> <span class='ocrx_word' id='word_1_43' title='bbox 604 368 769 400; x_wconf 82' lang='grc' dir='ltr'><strong>συνίσταται,</strong></span> <span class='ocrx_word' id='word_1_44' title='bbox 783 369 812 395; x_wconf 87' lang='grc' dir='ltr'>ὲν</span> 
     </span>
    </p>
   </div>
   <div class='ocr_carea' id='block_1_7' title="bbox 54 411 813 448">
    <p class='ocr_par' dir='ltr' id='par_1_7' title="bbox 54 411 813 448">
     <span class='ocr_line' id='line_1_7' title="bbox 54 411 813 448; baseline 0.001 -10"><span class='ocrx_word' id='word_1_45' title='bbox 54 412 75 438; x_wconf 81' lang='grc' dir='ltr'><strong>δὲ</strong></span> <span class='ocrx_word' id='word_1_46' title='bbox 88 413 114 447; x_wconf 79' lang='grc' dir='ltr'>τῇ</span> <span class='ocrx_word' id='word_1_47' title='bbox 127 411 198 447; x_wconf 71' lang='grc' dir='ltr'>ἐλαίᾳ</span> <span class='ocrx_word' id='word_1_48' title='bbox 211 411 306 444; x_wconf 84' lang='grc' dir='ltr'>ἔλαιον,</span> <span class='ocrx_word' id='word_1_49' title='bbox 323 413 369 439; x_wconf 78' lang='grc' dir='ltr'>καὶ</span> <span class='ocrx_word' id='word_1_50' title='bbox 382 413 409 439; x_wconf 84' lang='grc' dir='ltr'>ὲν</span> <span class='ocrx_word' id='word_1_51' title='bbox 424 412 494 448; x_wconf 78' lang='grc' dir='ltr'>ἄλλῳ</span> <span class='ocrx_word' id='word_1_52' title='bbox 515 413 586 440; x_wconf 71' lang='grc' dir='ltr'>ἄλλο.</span> <span class='ocrx_word' id='word_1_53' title='bbox 610 413 664 440; x_wconf 68' lang='grc' dir='ltr'><strong>Καὶ</strong></span> <span class='ocrx_word' id='word_1_54' title='bbox 678 414 706 439; x_wconf 83' lang='grc' dir='ltr'>ὲν</span> <span class='ocrx_word' id='word_1_55' title='bbox 722 413 813 444; x_wconf 78' lang='grc' dir='ltr'>αὐτοῖς</span> 
     </span>
    </p>
   </div>
   <div class='ocr_carea' id='block_1_8' title="bbox 53 457 813 493">
    <p class='ocr_par' dir='ltr' id='par_1_8' title="bbox 53 457 813 493">
     <span class='ocr_line' id='line_1_8' title="bbox 53 457 813 493; baseline 0.001 -10"><span class='ocrx_word' id='word_1_56' title='bbox 53 458 98 489; x_wconf 79' lang='grc' dir='ltr'>τοῖς</span> <span class='ocrx_word' id='word_1_57' title='bbox 118 457 220 491; x_wconf 81' lang='grc' dir='ltr'><strong>γλυκέσι</strong></span> <span class='ocrx_word' id='word_1_58' title='bbox 243 458 358 493; x_wconf 80' lang='grc' dir='ltr'><strong>καρποῖς</strong></span> <span class='ocrx_word' id='word_1_59' title='bbox 379 458 516 493; x_wconf 79' lang='grc' dir='ltr'><strong>ἀμύθητος</strong></span> <span class='ocrx_word' id='word_1_60' title='bbox 538 459 554 493; x_wconf 92' lang='grc' dir='ltr'><strong>ἡ</strong></span> <span class='ocrx_word' id='word_1_61' title='bbox 580 458 739 493; x_wconf 81' lang='grc' dir='ltr'>παραλλαγὴ</span> <span class='ocrx_word' id='word_1_62' title='bbox 764 458 813 493; x_wconf 82' lang='grc' dir='ltr'><strong>τῆς</strong></span> 
     </span>
    </p>
   </div>
   <div class='ocr_carea' id='block_1_9' title="bbox 54 502 810 539">
    <p class='ocr_par' dir='ltr' id='par_1_9' title="bbox 54 502 810 539">
     <span class='ocr_line' id='line_1_9' title="bbox 54 502 810 539; baseline 0.003 -11"><span class='ocrx_word' id='word_1_63' title='bbox 54 503 158 538; x_wconf 78' lang='grc' dir='ltr'><strong>πιότητος</strong></span> <span class='ocrx_word' id='word_1_64' title='bbox 166 511 173 518; x_wconf 89' lang='grc'>·</span> <span class='ocrx_word' id='word_1_65' title='bbox 188 502 251 529; x_wconf 84' lang='grc' dir='ltr'>ἄλλο</span> <span class='ocrx_word' id='word_1_66' title='bbox 263 502 316 538; x_wconf 85' lang='grc' dir='ltr'><strong>γὰρ</strong></span> <span class='ocrx_word' id='word_1_67' title='bbox 328 502 358 529; x_wconf 80' lang='grc' dir='ltr'><strong>τὸ</strong></span> <span class='ocrx_word' id='word_1_68' title='bbox 373 503 402 529; x_wconf 81' lang='grc' dir='ltr'>ὲν</span> <span class='ocrx_word' id='word_1_69' title='bbox 414 504 527 539; x_wconf 82' lang='grc' dir='ltr'><strong>ἀμπέλῳ</strong></span> <span class='ocrx_word' id='word_1_70' title='bbox 537 504 632 538; x_wconf 83' lang='grc' dir='ltr'>γλυκὺ,</span> <span class='ocrx_word' id='word_1_71' title='bbox 645 504 692 530; x_wconf 75' lang='grc' dir='ltr'>καὶ</span> <span class='ocrx_word' id='word_1_72' title='bbox 707 503 769 530; x_wconf 82' lang='grc' dir='ltr'>ἄλλο</span> <span class='ocrx_word' id='word_1_73' title='bbox 782 504 810 531; x_wconf 88' lang='grc' dir='ltr'>ὲν</span> 
     </span>
    </p>
   </div>
   <div class='ocr_carea' id='block_1_10' title="bbox 55 548 811 586">
    <p class='ocr_par' dir='ltr' id='par_1_10' title="bbox 55 548 811 586">
     <span class='ocr_line' id='line_1_10' title="bbox 55 548 811 586; baseline 0.003 -12"><span class='ocrx_word' id='word_1_74' title='bbox 55 549 134 584; x_wconf 69' lang='grc' dir='ltr'>μηλέᾳ,</span> <span class='ocrx_word' id='word_1_75' title='bbox 145 548 189 575; x_wconf 74' lang='grc' dir='ltr'>καὶ</span> <span class='ocrx_word' id='word_1_76' title='bbox 203 548 231 574; x_wconf 75' lang='grc' dir='ltr'>ἐν</span> <span class='ocrx_word' id='word_1_77' title='bbox 247 551 315 585; x_wconf 84' lang='grc' dir='ltr'>συκῇ</span> <span class='ocrx_word' id='word_1_78' title='bbox 333 550 378 576; x_wconf 66' lang='grc' dir='ltr'><strong>καὶ</strong></span> <span class='ocrx_word' id='word_1_79' title='bbox 393 549 431 585; x_wconf 81' lang='grc' dir='ltr'>τῷ</span> <span class='ocrx_word' id='word_1_80' title='bbox 447 550 546 584; x_wconf 83' lang='grc' dir='ltr'>φοίνικι</span> <span class='ocrx_word' id='word_1_81' title='bbox 558 549 660 586; x_wconf 74' lang='grc' dir='ltr'>ἓτερον.</span> <span class='ocrx_word' id='word_1_82' title='bbox 673 550 728 576; x_wconf 75' lang='grc' dir='ltr'><strong>Καὶ</strong></span> <span class='ocrx_word' id='word_1_83' title='bbox 741 549 811 576; x_wconf 83' lang='grc' dir='ltr'>αὐτὰ</span> 
     </span>
    </p>
   </div>
   <div class='ocr_carea' id='block_1_11' title="bbox 53 593 809 632">
    <p class='ocr_par' dir='ltr' id='par_1_11' title="bbox 53 593 809 632">
     <span class='ocr_line' id='line_1_11' title="bbox 53 593 809 632; baseline 0.005 -13"><span class='ocrx_word' id='word_1_84' title='bbox 53 594 76 619; x_wconf 68' lang='grc' dir='ltr'><strong>δὲ</strong></span> <span class='ocrx_word' id='word_1_85' title='bbox 88 594 133 620; x_wconf 86' lang='grc' dir='ltr'><strong>τῶν</strong></span> <span class='ocrx_word' id='word_1_86' title='bbox 154 593 265 630; x_wconf 80' lang='grc' dir='ltr'>δένδρων</span> <span class='ocrx_word' id='word_1_87' title='bbox 279 595 393 632; x_wconf 76' lang='grc' dir='ltr'>διάφορά</span> <span class='ocrx_word' id='word_1_88' title='bbox 408 597 465 622; x_wconf 78' lang='grc' dir='ltr'>ἐστι</span> <span class='ocrx_word' id='word_1_89' title='bbox 485 596 519 622; x_wconf 81' lang='grc' dir='ltr'><strong>τὰ</strong></span> <span class='ocrx_word' id='word_1_90' title='bbox 536 596 653 632; x_wconf 77' lang='grc' dir='ltr'>δάκρυα·</span> <span class='ocrx_word' id='word_1_91' title='bbox 678 595 742 622; x_wconf 83' lang='grc' dir='ltr'>ἄλλο</span> <span class='ocrx_word' id='word_1_92' title='bbox 756 596 809 632; x_wconf 82' lang='grc' dir='ltr'>γὰρ</span> 
     </span>
    </p>
   </div>
   <div class='ocr_carea' id='block_1_12' title="bbox 504 120 1205 150">
    <p class='ocr_par' dir='ltr' id='par_1_12' title="bbox 504 120 1205 150">
     <span class='ocr_line' id='line_1_12' title="bbox 504 120 1205 150; baseline 0 -1"><span class='ocrx_word' id='word_1_93' title='bbox 504 122 638 150; x_wconf 76' lang='lat' dir='ltr'><strong>SPURIA.</strong></span> <span class='ocrx_word' id='word_1_94' title='bbox 655 138 690 143; x_wconf 92' lang='lat'><strong>—</strong></span> <span class='ocrx_word' id='word_1_95' title='bbox 706 121 884 150; x_wconf 72' lang='lat' dir='ltr'><strong>COMMENT.</strong></span> <span class='ocrx_word' id='word_1_96' title='bbox 903 120 937 148; x_wconf 81' lang='grc' dir='ltr'><strong>ΙΝ</strong></span> <span class='ocrx_word' id='word_1_97' title='bbox 959 120 1205 149; x_wconf 70' lang='grc' dir='ltr'><strong>ΗΕΧΔΕΜΕΒΟΝ.</strong></span> 
     </span>
    </p>
   </div>
   <div class='ocr_carea' id='block_1_13' title="bbox 1598 127 1649 154">
    <p class='ocr_par' dir='ltr' id='par_1_13' title="bbox 1598 127 1649 154">
     <span class='ocr_line' id='line_1_13' title="bbox 1598 127 1649 154; baseline 0.039 -2"><span class='ocrx_word' id='word_1_98' title='bbox 1598 127 1649 154; x_wconf 83' lang='grc'><strong>718</strong></span> 
     </span>
    </p>
   </div>
   <div class='ocr_carea' id='block_1_14' title="bbox 864 181 1650 220">
    <p class='ocr_par' dir='ltr' id='par_1_14' title="bbox 864 181 1650 220">
     <span class='ocr_line' id='line_1_14' title="bbox 864 181 1650 220; baseline 0.004 -10"><span class='ocrx_word' id='word_1_99' title='bbox 864 187 891 210; x_wconf 90' lang='lat' dir='ltr'><strong>et</strong></span> <span class='ocrx_word' id='word_1_100' title='bbox 906 183 934 210; x_wconf 89' lang='lat' dir='ltr'><strong>in</strong></span> <span class='ocrx_word' id='word_1_101' title='bbox 949 183 1016 217; x_wconf 82' lang='lat' dir='ltr'><strong>ipsis</strong></span> <span class='ocrx_word' id='word_1_102' title='bbox 1030 181 1154 209; x_wconf 86' lang='lat' dir='ltr'><strong>dulcibus</strong></span> <span class='ocrx_word' id='word_1_103' title='bbox 1167 181 1310 214; x_wconf 86' lang='lat' dir='ltr'><strong>fructibus,</strong></span> <span class='ocrx_word' id='word_1_104' title='bbox 1336 183 1405 210; x_wconf 90' lang='lat' dir='ltr'><strong>mira</strong></span> <span class='ocrx_word' id='word_1_105' title='bbox 1417 188 1458 211; x_wconf 89' lang='lat' dir='ltr'><strong>est</strong></span> <span class='ocrx_word' id='word_1_106' title='bbox 1474 185 1650 220; x_wconf 76' lang='lat' dir='ltr'><strong>pinguedinis</strong></span> 
     </span>
    </p>
   </div>
   <div class='ocr_carea' id='block_1_15' title="bbox 865 228 1650 266">
    <p class='ocr_par' dir='ltr' id='par_1_15' title="bbox 865 228 1650 266">
     <span class='ocr_line' id='line_1_15' title="bbox 865 228 1650 266; baseline 0.003 -10"><span class='ocrx_word' id='word_1_107' title='bbox 865 231 994 260; x_wconf 73' lang='lat' dir='ltr'><strong>varietas,</strong></span> <span class='ocrx_word' id='word_1_108' title='bbox 1010 228 1082 256; x_wconf 80' lang='lat' dir='ltr'><strong>aliud</strong></span> <span class='ocrx_word' id='word_1_109' title='bbox 1096 236 1214 264; x_wconf 82' lang='lat' dir='ltr'><strong>namque</strong></span> <span class='ocrx_word' id='word_1_110' title='bbox 1239 229 1318 256; x_wconf 84' lang='lat' dir='ltr'>dulce</span> <span class='ocrx_word' id='word_1_111' title='bbox 1333 233 1374 257; x_wconf 89' lang='lat' dir='ltr'><strong>est</strong></span> <span class='ocrx_word' id='word_1_112' title='bbox 1389 231 1461 265; x_wconf 86' lang='lat' dir='ltr'><strong>quod</strong></span> <span class='ocrx_word' id='word_1_113' title='bbox 1480 232 1505 258; x_wconf 92' lang='lat' dir='ltr'><strong>in</strong></span> <span class='ocrx_word' id='word_1_114' title='bbox 1523 232 1578 259; x_wconf 87' lang='lat' dir='ltr'><strong>vite</strong></span> <span class='ocrx_word' id='word_1_115' title='bbox 1598 240 1650 266; x_wconf 80' lang='lat' dir='ltr'><strong>gn-</strong></span> 
     </span>
    </p>
   </div>
   <div class='ocr_carea' id='block_1_16' title="bbox 865 275 1647 312">
    <p class='ocr_par' dir='ltr' id='par_1_16' title="bbox 865 275 1647 312">
     <span class='ocr_line' id='line_1_16' title="bbox 865 275 1647 312; baseline 0.001 -9"><span class='ocrx_word' id='word_1_116' title='bbox 865 279 963 308; x_wconf 84' lang='lat' dir='ltr'><strong>statur,</strong></span> <span class='ocrx_word' id='word_1_117' title='bbox 978 276 1051 302; x_wconf 82' lang='lat' dir='ltr'><strong>aliud</strong></span> <span class='ocrx_word' id='word_1_118' title='bbox 1063 275 1089 302; x_wconf 91' lang='lat' dir='ltr'><strong>in</strong></span> <span class='ocrx_word' id='word_1_119' title='bbox 1100 282 1190 309; x_wconf 87' lang='lat' dir='ltr'><strong>pomo,</strong></span> <span class='ocrx_word' id='word_1_120' title='bbox 1209 275 1281 301; x_wconf 84' lang='lat' dir='ltr'><strong>aliud</strong></span> <span class='ocrx_word' id='word_1_121' title='bbox 1297 275 1325 302; x_wconf 93' lang='lat' dir='ltr'><strong>in</strong></span> <span class='ocrx_word' id='word_1_122' title='bbox 1340 276 1402 307; x_wconf 82' lang='lat' dir='ltr'><strong>ﬁcu.</strong></span> <span class='ocrx_word' id='word_1_123' title='bbox 1417 277 1489 304; x_wconf 80' lang='lat' dir='ltr'><strong>aliud</strong></span> <span class='ocrx_word' id='word_1_124' title='bbox 1506 278 1531 304; x_wconf 90' lang='lat' dir='ltr'><strong>in</strong></span> <span class='ocrx_word' id='word_1_125' title='bbox 1544 279 1647 312; x_wconf 79' lang='lat' dir='ltr'><strong>palma.</strong></span> 
     </span>
    </p>
   </div>
   <div class='ocr_carea' id='block_1_17' title="bbox 861 321 1647 356">
    <p class='ocr_par' dir='ltr' id='par_1_17' title="bbox 861 321 1647 356">
     <span class='ocr_line' id='line_1_17' title="bbox 861 321 1647 356; baseline 0.003 -8"><span class='ocrx_word' id='word_1_126' title='bbox 861 321 926 349; x_wconf 87' lang='lat' dir='ltr'><strong>ltem</strong></span> <span class='ocrx_word' id='word_1_127' title='bbox 948 321 1029 348; x_wconf 69' lang='lat' dir='ltr'><strong>variae</strong></span> <span class='ocrx_word' id='word_1_128' title='bbox 1042 326 1106 349; x_wconf 87' lang='lat' dir='ltr'><strong>sunt</strong></span> <span class='ocrx_word' id='word_1_129' title='bbox 1116 325 1144 348; x_wconf 86' lang='lat' dir='ltr'><strong>et</strong></span> <span class='ocrx_word' id='word_1_130' title='bbox 1158 322 1286 348; x_wconf 84' lang='lat' dir='ltr'><strong>arborum</strong></span> <span class='ocrx_word' id='word_1_131' title='bbox 1303 321 1438 356; x_wconf 75' lang='lat' dir='ltr'><strong>lacrymze.</strong></span> <span class='ocrx_word' id='word_1_132' title='bbox 1450 323 1550 350; x_wconf 83' lang='lat' dir='ltr'><strong>ctenim</strong></span> <span class='ocrx_word' id='word_1_133' title='bbox 1573 323 1647 350; x_wconf 82' lang='lat' dir='ltr'><strong>aliud</strong></span> 
     </span>
    </p>
   </div>
   <div class='ocr_carea' id='block_1_18' title="bbox 862 367 1649 403">
    <p class='ocr_par' dir='ltr' id='par_1_18' title="bbox 862 367 1649 403">
     <span class='ocr_line' id='line_1_18' title="bbox 862 367 1649 403; baseline 0 -9"><span class='ocrx_word' id='word_1_134' title='bbox 862 372 904 396; x_wconf 85' lang='lat' dir='ltr'><strong>est</strong></span> <span class='ocrx_word' id='word_1_135' title='bbox 926 367 1032 395; x_wconf 90' lang='lat' dir='ltr'><strong>lentisci</strong></span> <span class='ocrx_word' id='word_1_136' title='bbox 1060 367 1191 402; x_wconf 85' lang='lat' dir='ltr'><strong>lacryma,</strong></span> <span class='ocrx_word' id='word_1_137' title='bbox 1221 367 1293 394; x_wconf 82' lang='lat' dir='ltr'><strong>aliud</strong></span> <span class='ocrx_word' id='word_1_138' title='bbox 1323 367 1436 394; x_wconf 81' lang='lat' dir='ltr'><strong>balsami</strong></span> <span class='ocrx_word' id='word_1_139' title='bbox 1465 375 1575 401; x_wconf 83' lang='lat' dir='ltr'><strong>succus,</strong></span> <span class='ocrx_word' id='word_1_140' title='bbox 1600 369 1649 403; x_wconf 84' lang='lat' dir='ltr'><strong>qui</strong></span> 
     </span>
    </p>
   </div>
   <div class='ocr_carea' id='block_1_19' title="bbox 862 414 1648 449">
    <p class='ocr_par' dir='ltr' id='par_1_19' title="bbox 862 414 1648 449">
     <span class='ocr_line' id='line_1_19' title="bbox 862 414 1648 449; baseline -0.001 -7"><span class='ocrx_word' id='word_1_141' title='bbox 862 415 982 442; x_wconf 87' lang='lat' dir='ltr'><strong>omnium</strong></span> <span class='ocrx_word' id='word_1_142' title='bbox 1001 418 1198 449; x_wconf 78' lang='lat' dir='ltr'><strong>unguentorum</strong></span> <span class='ocrx_word' id='word_1_143' title='bbox 1212 414 1452 448; x_wconf 68' lang='lat' dir='ltr'><strong>prmstantissimus</strong></span> <span class='ocrx_word' id='word_1_144' title='bbox 1466 419 1518 448; x_wconf 87' lang='lat' dir='ltr'><strong>est,</strong></span> <span class='ocrx_word' id='word_1_145' title='bbox 1532 415 1648 449; x_wconf 84' lang='lat' dir='ltr'><strong>ejusque</strong></span> 
     </span>
    </p>
   </div>
   <div class='ocr_carea' id='block_1_20' title="bbox 841 458 1646 497">
    <p class='ocr_par' dir='ltr' id='par_1_20' title="bbox 841 458 1646 497">
     <span class='ocr_line' id='line_1_20' title="bbox 841 458 1646 497; baseline 0 -10"><span class='ocrx_word' id='word_1_146' title='bbox 841 460 935 497; x_wconf 39' lang='lat' dir='ltr'><strong>.apud</strong></span> <span class='ocrx_word' id='word_1_147' title='bbox 956 459 1084 487; x_wconf 85' lang='lat' dir='ltr'><strong>Hiericho</strong></span> <span class='ocrx_word' id='word_1_148' title='bbox 1113 459 1267 494; x_wconf 80' lang='lat' dir='ltr'><strong>largissima</strong></span> <span class='ocrx_word' id='word_1_149' title='bbox 1299 459 1387 494; x_wconf 83' lang='lat' dir='ltr'><strong>copia.</strong></span> <span class='ocrx_word' id='word_1_150' title='bbox 1414 458 1550 494; x_wconf 81' lang='lat' dir='ltr'><strong>Indigenis</strong></span> <span class='ocrx_word' id='word_1_151' title='bbox 1578 460 1646 488; x_wconf 87' lang='lat' dir='ltr'><strong>illud</strong></span> 
     </span>
    </p>
   </div>
   <div class='ocr_carea' id='block_1_21' title="bbox 863 505 1643 541">
    <p class='ocr_par' dir='ltr' id='par_1_21' title="bbox 863 505 1643 541">
     <span class='ocr_line' id='line_1_21' title="bbox 863 505 1643 541; baseline -0.001 -8"><span class='ocrx_word' id='word_1_152' title='bbox 863 510 944 533; x_wconf 88' lang='lat' dir='ltr'><strong>acuto</strong></span> <span class='ocrx_word' id='word_1_153' title='bbox 956 505 1042 541; x_wconf 86' lang='lat' dir='ltr'><strong>lapide</strong></span> <span class='ocrx_word' id='word_1_154' title='bbox 1057 513 1089 533; x_wconf 79' lang='lat' dir='ltr'><strong>ex</strong></span> <span class='ocrx_word' id='word_1_155' title='bbox 1100 505 1218 532; x_wconf 88' lang='lat' dir='ltr'><strong>surculis</strong></span> <span class='ocrx_word' id='word_1_156' title='bbox 1234 505 1402 538; x_wconf 73' lang='lat' dir='ltr'><strong>secantibus,</strong></span> <span class='ocrx_word' id='word_1_157' title='bbox 1433 512 1534 532; x_wconf 88' lang='lat' dir='ltr'><strong>succus</strong></span> <span class='ocrx_word' id='word_1_158' title='bbox 1550 505 1643 532; x_wconf 79' lang='lat' dir='ltr'><strong>efﬂuit.</strong></span> 
     </span>
    </p>
   </div>
   <div class='ocr_carea' id='block_1_22' title="bbox 863 550 1645 586">
    <p class='ocr_par' dir='ltr' id='par_1_22' title="bbox 863 550 1645 586">
     <span class='ocr_line' id='line_1_22' title="bbox 863 550 1645 586; baseline 0 -8"><span class='ocrx_word' id='word_1_159' title='bbox 863 551 988 579; x_wconf 86' lang='lat' dir='ltr'><strong>Tradunt</strong></span> <span class='ocrx_word' id='word_1_160' title='bbox 1003 550 1113 586; x_wconf 88' lang='lat' dir='ltr'><strong>quidam</strong></span> <span class='ocrx_word' id='word_1_161' title='bbox 1130 554 1156 578; x_wconf 90' lang='lat' dir='ltr'><strong>et</strong></span> <span class='ocrx_word' id='word_1_162' title='bbox 1173 551 1313 578; x_wconf 86' lang='lat' dir='ltr'><strong>succinum</strong></span> <span class='ocrx_word' id='word_1_163' title='bbox 1329 551 1481 585; x_wconf 77' lang='lat' dir='ltr'><strong>plantarum</strong></span> <span class='ocrx_word' id='word_1_164' title='bbox 1500 558 1561 578; x_wconf 86' lang='lat' dir='ltr'><strong>esse</strong></span> <span class='ocrx_word' id='word_1_165' title='bbox 1582 558 1645 578; x_wconf 89' lang='lat' dir='ltr'><strong>suc-</strong></span> 
     </span>
    </p>
   </div>
   <div class='ocr_carea' id='block_1_23' title="bbox 864 596 1484 633">
    <p class='ocr_par' dir='ltr' id='par_1_23' title="bbox 864 596 1484 633">
     <span class='ocr_line' id='line_1_23' title="bbox 864 596 1484 633; baseline -0.002 -9"><span class='ocrx_word' id='word_1_166' title='bbox 864 605 938 630; x_wconf 88' lang='lat' dir='ltr'><strong>cum,</strong></span> <span class='ocrx_word' id='word_1_167' title='bbox 954 600 1001 633; x_wconf 90' lang='lat' dir='ltr'><strong>qul</strong></span> <span class='ocrx_word' id='word_1_168' title='bbox 1019 597 1046 624; x_wconf 93' lang='lat' dir='ltr'><strong>in</strong></span> <span class='ocrx_word' id='word_1_169' title='bbox 1061 600 1187 623; x_wconf 84' lang='lat' dir='ltr'><strong>naturam</strong></span> <span class='ocrx_word' id='word_1_170' title='bbox 1203 596 1302 631; x_wconf 85' lang='lat' dir='ltr'><strong>lapidis</strong></span> <span class='ocrx_word' id='word_1_171' title='bbox 1315 601 1484 623; x_wconf 83' lang='lat' dir='ltr'><strong>concrescat.</strong></span> 
     </span>
    </p>
   </div>
   <div class='ocr_carea' id='block_1_24' title="bbox 53 638 1643 677">
    <p class='ocr_par' dir='ltr' id='par_1_24' title="bbox 53 638 1643 677">
     <span class='ocr_line' id='line_1_24' title="bbox 53 638 1643 677; baseline 0.003 -12"><span class='ocrx_word' id='word_1_172' title='bbox 53 638 93 673; x_wconf 80' lang='grc' dir='ltr'>τῆς</span> <span class='ocrx_word' id='word_1_173' title='bbox 104 638 183 673; x_wconf 82' lang='grc' dir='ltr'>σχίνου</span> <span class='ocrx_word' id='word_1_174' title='bbox 198 639 228 665; x_wconf 84' lang='grc' dir='ltr'>τὸ</span> <span class='ocrx_word' id='word_1_175' title='bbox 243 640 370 675; x_wconf 82' lang='grc' dir='ltr'>δάκρυον,</span> <span class='ocrx_word' id='word_1_176' title='bbox 391 641 438 667; x_wconf 77' lang='grc' dir='ltr'>καὶ</span> <span class='ocrx_word' id='word_1_177' title='bbox 461 640 539 672; x_wconf 84' lang='grc' dir='ltr'>ἄλλος</span> <span class='ocrx_word' id='word_1_178' title='bbox 563 642 577 668; x_wconf 87' lang='grc' dir='ltr'>ὁ</span> <span class='ocrx_word' id='word_1_179' title='bbox 599 641 647 676; x_wconf 85' lang='grc' dir='ltr'>τῆς</span> <span class='ocrx_word' id='word_1_180' title='bbox 673 641 811 677; x_wconf 77' lang='grc' dir='ltr'><strong>βαλσάμου</strong></span> <span class='ocrx_word' id='word_1_181' title='bbox 839 642 915 675; x_wconf 83' lang='grc' dir='ltr'>ὀπὸς,</span> <span class='ocrx_word' id='word_1_182' title='bbox 933 642 1001 677; x_wconf 79' lang='grc' dir='ltr'>ὅπερ</span> <span class='ocrx_word' id='word_1_183' title='bbox 1021 642 1128 668; x_wconf 79' lang='grc' dir='ltr'>πάντων</span> <span class='ocrx_word' id='word_1_184' title='bbox 1150 640 1204 667; x_wconf 80' lang='grc' dir='ltr'><strong>τῶν</strong></span> <span class='ocrx_word' id='word_1_185' title='bbox 1235 640 1327 676; x_wconf 86' lang='grc' dir='ltr'><strong>μύρων</strong></span> <span class='ocrx_word' id='word_1_186' title='bbox 1351 641 1468 677; x_wconf 82' lang='grc' dir='ltr'><strong>ὑπάρχει</strong></span> <span class='ocrx_word' id='word_1_187' title='bbox 1495 642 1643 676; x_wconf 81' lang='grc' dir='ltr'>κάλλιστον,</span> 
     </span>
    </p>
   </div>
   <div class='ocr_carea' id='block_1_25' title="bbox 54 687 1643 726">
    <p class='ocr_par' dir='ltr' id='par_1_25' title="bbox 54 687 1643 726">
     <span class='ocr_line' id='line_1_25' title="bbox 54 687 1643 726; baseline 0.003 -14"><span class='ocrx_word' id='word_1_188' title='bbox 54 687 90 712; x_wconf 78' lang='grc' dir='ltr'>καὶ</span> <span class='ocrx_word' id='word_1_189' title='bbox 103 687 232 719; x_wconf 78' lang='grc' dir='ltr'>πλεονάζει</span> <span class='ocrx_word' id='word_1_190' title='bbox 257 688 302 714; x_wconf 72' lang='grc' dir='ltr'><strong>ὲπὶ</strong></span> <span class='ocrx_word' id='word_1_191' title='bbox 316 688 364 723; x_wconf 84' lang='grc' dir='ltr'>τῆς</span> <span class='ocrx_word' id='word_1_192' title='bbox 381 688 485 723; x_wconf 83' lang='grc' dir='ltr'>Ἰεριχὼ</span> <span class='ocrx_word' id='word_1_193' title='bbox 500 689 652 724; x_wconf 85' lang='grc' dir='ltr'>γενόμενον.</span> <span class='ocrx_word' id='word_1_194' title='bbox 677 689 834 725; x_wconf 87' lang='grc' dir='ltr'>Τεμνόντων</span> <span class='ocrx_word' id='word_1_195' title='bbox 847 689 875 716; x_wconf 84' lang='grc' dir='ltr'><strong>δὲ</strong></span> <span class='ocrx_word' id='word_1_196' title='bbox 895 690 960 716; x_wconf 77' lang='grc' dir='ltr'>αὐτὸ</span> <span class='ocrx_word' id='word_1_197' title='bbox 975 691 1006 716; x_wconf 78' lang='grc' dir='ltr'>ἐκ</span> <span class='ocrx_word' id='word_1_198' title='bbox 1026 689 1079 715; x_wconf 83' lang='grc' dir='ltr'>τῶν</span> <span class='ocrx_word' id='word_1_199' title='bbox 1109 688 1218 724; x_wconf 83' lang='grc' dir='ltr'>θάμνων</span> <span class='ocrx_word' id='word_1_200' title='bbox 1241 688 1306 724; x_wconf 79' lang='grc' dir='ltr'>λίθῳ</span> <span class='ocrx_word' id='word_1_201' title='bbox 1322 688 1378 720; x_wconf 83' lang='grc' dir='ltr'>ὀξεῖ</span> <span class='ocrx_word' id='word_1_202' title='bbox 1401 689 1454 716; x_wconf 81' lang='grc' dir='ltr'>τῶν</span> <span class='ocrx_word' id='word_1_203' title='bbox 1479 691 1643 726; x_wconf 78' lang='grc' dir='ltr'>ἐπιχωρίων,</span> 
     </span>
    </p>
   </div>
   <div class='ocr_carea' id='block_1_26' title="bbox 52 734 1643 780">
    <p class='ocr_par' dir='ltr' id='par_1_26' title="bbox 52 734 1643 780">
     <span class='ocr_line' id='line_1_26' title="bbox 52 734 1643 780; baseline 0.003 -20"><span class='ocrx_word' id='word_1_204' title='bbox 52 734 103 765; x_wconf 73' lang='grc' dir='ltr'>ὀπὸς</span> <span class='ocrx_word' id='word_1_205' title='bbox 122 734 269 780; x_wconf 82' lang='grc' dir='ltr'>ἁναποδοίη.</span> <span class='ocrx_word' id='word_1_206' title='bbox 289 735 435 771; x_wconf 65' lang='grc' dir='ltr'>Ἱστοροῦσι</span> <span class='ocrx_word' id='word_1_207' title='bbox 451 736 478 763; x_wconf 84' lang='grc' dir='ltr'><strong>δέ</strong></span> <span class='ocrx_word' id='word_1_208' title='bbox 499 745 570 768; x_wconf 80' lang='grc' dir='ltr'>τινες</span> <span class='ocrx_word' id='word_1_209' title='bbox 585 736 631 763; x_wconf 79' lang='grc' dir='ltr'><strong>καὶ</strong></span> <span class='ocrx_word' id='word_1_210' title='bbox 647 737 678 763; x_wconf 70' lang='grc' dir='ltr'>τὸ</span> <span class='ocrx_word' id='word_1_211' title='bbox 693 736 822 773; x_wconf 74' lang='grc' dir='ltr'>ἤλεκτρον</span> <span class='ocrx_word' id='word_1_212' title='bbox 848 738 913 765; x_wconf 79' lang='grc' dir='ltr'><strong>ὀπὸν</strong></span> <span class='ocrx_word' id='word_1_213' title='bbox 942 735 1011 764; x_wconf 80' lang='grc' dir='ltr'>εἶναι</span> <span class='ocrx_word' id='word_1_214' title='bbox 1033 737 1122 772; x_wconf 87' lang='grc' dir='ltr'>φυτῶν</span> <span class='ocrx_word' id='word_1_215' title='bbox 1134 756 1142 769; x_wconf 90' lang='grc'><strong>,</strong></span> <span class='ocrx_word' id='word_1_216' title='bbox 1166 737 1205 767; x_wconf 88' lang='grc' dir='ltr'><strong>είς</strong></span> <span class='ocrx_word' id='word_1_217' title='bbox 1230 736 1309 770; x_wconf 84' lang='grc' dir='ltr'>φύσιν</span> <span class='ocrx_word' id='word_1_218' title='bbox 1343 736 1416 763; x_wconf 82' lang='grc' dir='ltr'>λίθου</span> <span class='ocrx_word' id='word_1_219' title='bbox 1433 739 1643 774; x_wconf 82' lang='grc' dir='ltr'>μεταπηγνύμε-</span> 
     </span>
    </p>
   </div>
   <div class='ocr_carea' id='block_1_27' title="bbox 52 789 94 807">
    <p class='ocr_par' dir='ltr' id='par_1_27' title="bbox 52 789 94 807">
     <span class='ocr_line' id='line_1_27' title="bbox 52 789 94 807; baseline 0 0"><span class='ocrx_word' id='word_1_220' title='bbox 52 789 94 807; x_wconf 86' lang='grc' dir='ltr'>νον.</span> 
     </span>
    </p>
   </div>
   <div class='ocr_carea' id='block_1_28' title="bbox 78 826 850 864">
    <p class='ocr_par' dir='ltr' id='par_1_28' title="bbox 78 826 850 864">
     <span class='ocr_line' id='line_1_28' title="bbox 78 826 850 864; baseline 0.004 -11"><span class='ocrx_word' id='word_1_221' title='bbox 78 826 100 854; x_wconf 68' lang='grc' dir='ltr'>ί.</span> <span class='ocrx_word' id='word_1_222' title='bbox 117 827 151 862; x_wconf 87' lang='grc' dir='ltr'><strong>Τῇ</strong></span> <span class='ocrx_word' id='word_1_223' title='bbox 169 827 195 853; x_wconf 79' lang='grc' dir='ltr'><strong>δὲ</strong></span> <span class='ocrx_word' id='word_1_224' title='bbox 209 827 328 864; x_wconf 81' lang='grc' dir='ltr'><strong>τετάρτῃ</strong></span> <span class='ocrx_word' id='word_1_225' title='bbox 349 828 440 864; x_wconf 82' lang='grc' dir='ltr'>ἡμέρᾳ</span> <span class='ocrx_word' id='word_1_226' title='bbox 459 829 473 855; x_wconf 72' lang='grc' dir='ltr'>ὁ</span> <span class='ocrx_word' id='word_1_227' title='bbox 487 829 553 861; x_wconf 80' lang='grc' dir='ltr'>θεὸς</span> <span class='ocrx_word' id='word_1_228' title='bbox 575 829 644 862; x_wconf 81' lang='grc' dir='ltr'>τοὺς</span> <span class='ocrx_word' id='word_1_229' title='bbox 661 828 813 864; x_wconf 62' lang='grc' dir='ltr'>μεγάλους</span> <span class='ocrx_word' id='word_1_230' title='bbox 829 830 850 860; x_wconf 82' lang='grc' dir='ltr'><strong><em>Β</em></strong></span> 
     </span>
    </p>
   </div>
   <div class='ocr_carea' id='block_1_29' title="bbox 50 870 812 907">
    <p class='ocr_par' dir='ltr' id='par_1_29' title="bbox 50 870 812 907">
     <span class='ocr_line' id='line_1_29' title="bbox 50 870 812 907; baseline 0.003 -10"><span class='ocrx_word' id='word_1_231' title='bbox 50 870 93 898; x_wconf 75' lang='grc' dir='ltr'>δύο</span> <span class='ocrx_word' id='word_1_232' title='bbox 104 870 252 905; x_wconf 59' lang='grc' dir='ltr'>φωστνῖοας</span> <span class='ocrx_word' id='word_1_233' title='bbox 267 871 513 907; x_wconf 72' lang='grc' dir='ltr'><strong>ἐδημιούργησεν,</strong></span> <span class='ocrx_word' id='word_1_234' title='bbox 530 873 618 906; x_wconf 80' lang='grc' dir='ltr'>ἥλιόν</span> <span class='ocrx_word' id='word_1_235' title='bbox 641 881 673 899; x_wconf 78' lang='grc' dir='ltr'><strong>τε</strong></span> <span class='ocrx_word' id='word_1_236' title='bbox 691 872 741 899; x_wconf 79' lang='grc' dir='ltr'><strong>καί</strong></span> <span class='ocrx_word' id='word_1_237' title='bbox 762 881 812 899; x_wconf 85' lang='grc' dir='ltr'>σε-</span> 
     </span>
    </p>
   </div>
   <div class='ocr_carea' id='block_1_30' title="bbox 50 917 812 952">
    <p class='ocr_par' dir='ltr' id='par_1_30' title="bbox 50 917 812 952">
     <span class='ocr_line' id='line_1_30' title="bbox 50 917 812 952; baseline 0.003 -9"><span class='ocrx_word' id='word_1_238' title='bbox 50 917 131 951; x_wconf 62' lang='grc' dir='ltr'>λήνην</span> <span class='ocrx_word' id='word_1_239' title='bbox 141 918 173 944; x_wconf 81' lang='grc' dir='ltr'><strong>ἐν</strong></span> <span class='ocrx_word' id='word_1_240' title='bbox 184 918 223 951; x_wconf 79' lang='grc' dir='ltr'>τῷ</span> <span class='ocrx_word' id='word_1_241' title='bbox 237 918 416 952; x_wconf 81' lang='grc' dir='ltr'>στερεώματι</span> <span class='ocrx_word' id='word_1_242' title='bbox 429 918 481 945; x_wconf 80' lang='grc' dir='ltr'>τοῦ</span> <span class='ocrx_word' id='word_1_243' title='bbox 494 919 632 952; x_wconf 61' lang='grc' dir='ltr'>οίιρανοῦ,</span> <span class='ocrx_word' id='word_1_244' title='bbox 642 920 684 951; x_wconf 83' lang='grc' dir='ltr'><strong>είς</strong></span> <span class='ocrx_word' id='word_1_245' title='bbox 699 919 812 952; x_wconf 74' lang='grc' dir='ltr'>φαῦσιν</span> 
     </span>
    </p>
   </div>
   <div class='ocr_carea' id='block_1_31' title="bbox 50 963 810 1000">
    <p class='ocr_par' dir='ltr' id='par_1_31' title="bbox 50 963 810 1000">
     <span class='ocr_line' id='line_1_31' title="bbox 50 963 810 1000; baseline 0.003 -11"><span class='ocrx_word' id='word_1_246' title='bbox 50 964 88 989; x_wconf 75' lang='grc' dir='ltr'><strong>ἐπὶ</strong></span> <span class='ocrx_word' id='word_1_247' title='bbox 101 963 149 998; x_wconf 77' lang='grc' dir='ltr'>τῆς</span> <span class='ocrx_word' id='word_1_248' title='bbox 164 963 228 999; x_wconf 72' lang='grc' dir='ltr'>γῆς,</span> <span class='ocrx_word' id='word_1_249' title='bbox 244 964 299 991; x_wconf 82' lang='grc' dir='ltr'>τοῦ</span> <span class='ocrx_word' id='word_1_250' title='bbox 313 963 492 1000; x_wconf 74' lang='grc' dir='ltr'>διαχωρίζειν</span> <span class='ocrx_word' id='word_1_251' title='bbox 508 965 660 999; x_wconf 76' lang='grc' dir='ltr'>ἀναμέσων</span> <span class='ocrx_word' id='word_1_252' title='bbox 674 964 727 999; x_wconf 83' lang='grc' dir='ltr'>τῆς</span> <span class='ocrx_word' id='word_1_253' title='bbox 739 965 810 1000; x_wconf 75' lang='grc' dir='ltr'>ἠμέ-</span> 
     </span>
    </p>
   </div>
   <div class='ocr_carea' id='block_1_32' title="bbox 47 1010 811 1047">
    <p class='ocr_par' dir='ltr' id='par_1_32' title="bbox 47 1010 811 1047">
     <span class='ocr_line' id='line_1_32' title="bbox 47 1010 811 1047; baseline 0.001 -11"><span class='ocrx_word' id='word_1_254' title='bbox 47 1017 93 1043; x_wconf 69' lang='grc' dir='ltr'>ρας</span> <span class='ocrx_word' id='word_1_255' title='bbox 104 1010 146 1036; x_wconf 80' lang='grc' dir='ltr'>καὶ</span> <span class='ocrx_word' id='word_1_256' title='bbox 161 1010 314 1046; x_wconf 73' lang='grc' dir='ltr'>ἀναμέσον</span> <span class='ocrx_word' id='word_1_257' title='bbox 332 1010 387 1045; x_wconf 83' lang='grc' dir='ltr'>τῆς</span> <span class='ocrx_word' id='word_1_258' title='bbox 404 1011 522 1044; x_wconf 75' lang='grc' dir='ltr'>νυκτός.</span> <span class='ocrx_word' id='word_1_259' title='bbox 544 1010 628 1038; x_wconf 82' lang='grc' dir='ltr'>Τοῦτο</span> <span class='ocrx_word' id='word_1_260' title='bbox 648 1010 678 1037; x_wconf 77' lang='grc' dir='ltr'>τὸ</span> <span class='ocrx_word' id='word_1_261' title='bbox 701 1010 811 1047; x_wconf 70' lang='grc' dir='ltr'>ἡλιακὸν</span> 
     </span>
    </p>
   </div>
   <div class='ocr_carea' id='block_1_33' title="bbox 49 1055 812 1093">
    <p class='ocr_par' dir='ltr' id='par_1_33' title="bbox 49 1055 812 1093">
     <span class='ocr_line' id='line_1_33' title="bbox 49 1055 812 1093; baseline 0.001 -10"><span class='ocrx_word' id='word_1_262' title='bbox 49 1055 103 1088; x_wconf 74' lang='grc' dir='ltr'>φῶς,</span> <span class='ocrx_word' id='word_1_263' title='bbox 116 1056 199 1092; x_wconf 70' lang='grc' dir='ltr'>ὄχημα</span> <span class='ocrx_word' id='word_1_264' title='bbox 224 1057 323 1092; x_wconf 73' lang='grc' dir='ltr'>ἐκείνῳ</span> <span class='ocrx_word' id='word_1_265' title='bbox 352 1057 390 1092; x_wconf 82' lang='grc' dir='ltr'>τῷ</span> <span class='ocrx_word' id='word_1_266' title='bbox 412 1058 482 1092; x_wconf 78' lang='grc' dir='ltr'>φωτὶ</span> <span class='ocrx_word' id='word_1_267' title='bbox 501 1056 538 1093; x_wconf 84' lang='grc' dir='ltr'>τῷ</span> <span class='ocrx_word' id='word_1_268' title='bbox 562 1057 724 1093; x_wconf 85' lang='grc' dir='ltr'>πρωτογόνῳ</span> <span class='ocrx_word' id='word_1_269' title='bbox 744 1066 812 1093; x_wconf 76' lang='grc' dir='ltr'>παρ-</span> 
     </span>
    </p>
   </div>
   <div class='ocr_carea' id='block_1_34' title="bbox 48 1101 808 1138">
    <p class='ocr_par' dir='ltr' id='par_1_34' title="bbox 48 1101 808 1138">
     <span class='ocr_line' id='line_1_34' title="bbox 48 1101 808 1138; baseline 0.003 -11"><span class='ocrx_word' id='word_1_270' title='bbox 48 1101 197 1130; x_wconf 78' lang='grc' dir='ltr'>εσκεύασται.</span> <span class='ocrx_word' id='word_1_271' title='bbox 218 1103 265 1134; x_wconf 83' lang='grc' dir='ltr'>Ὦς</span> <span class='ocrx_word' id='word_1_272' title='bbox 276 1102 330 1138; x_wconf 80' lang='grc' dir='ltr'><strong>γὰρ</strong></span> <span class='ocrx_word' id='word_1_273' title='bbox 346 1102 408 1130; x_wconf 75' lang='grc' dir='ltr'>ἄλλο</span> <span class='ocrx_word' id='word_1_274' title='bbox 422 1102 451 1129; x_wconf 82' lang='grc' dir='ltr'>τὸ</span> <span class='ocrx_word' id='word_1_275' title='bbox 463 1103 527 1138; x_wconf 81' lang='grc' dir='ltr'>πῦρ,</span> <span class='ocrx_word' id='word_1_276' title='bbox 543 1102 589 1130; x_wconf 75' lang='grc' dir='ltr'>καὶ</span> <span class='ocrx_word' id='word_1_277' title='bbox 603 1104 617 1129; x_wconf 88' lang='grc' dir='ltr'><strong>ό</strong></span> <span class='ocrx_word' id='word_1_278' title='bbox 626 1103 720 1138; x_wconf 83' lang='grc' dir='ltr'>λύχνος</span> <span class='ocrx_word' id='word_1_279' title='bbox 732 1103 808 1130; x_wconf 80' lang='grc' dir='ltr'>ἄλλο·</span> 
     </span>
    </p>
   </div>
   <div class='ocr_carea' id='block_1_35' title="bbox 48 1147 810 1186">
    <p class='ocr_par' dir='ltr' id='par_1_35' title="bbox 48 1147 810 1186">
     <span class='ocr_line' id='line_1_35' title="bbox 48 1147 810 1186; baseline 0.004 -13"><span class='ocrx_word' id='word_1_280' title='bbox 48 1147 72 1173; x_wconf 75' lang='grc' dir='ltr'>τὸ</span> <span class='ocrx_word' id='word_1_281' title='bbox 84 1147 125 1182; x_wconf 81' lang='grc' dir='ltr'>μὲν</span> <span class='ocrx_word' id='word_1_282' title='bbox 139 1148 189 1184; x_wconf 83' lang='grc' dir='ltr'><strong>γὰρ</strong></span> <span class='ocrx_word' id='word_1_283' title='bbox 205 1149 254 1184; x_wconf 85' lang='grc' dir='ltr'>τὴν</span> <span class='ocrx_word' id='word_1_284' title='bbox 267 1148 314 1175; x_wconf 80' lang='grc' dir='ltr'>τοῦ</span> <span class='ocrx_word' id='word_1_285' title='bbox 328 1149 453 1182; x_wconf 74' lang='grc' dir='ltr'>φωτίζειν</span> <span class='ocrx_word' id='word_1_286' title='bbox 471 1148 583 1183; x_wconf 82' lang='grc' dir='ltr'>δύναμιν</span> <span class='ocrx_word' id='word_1_287' title='bbox 598 1148 663 1184; x_wconf 77' lang='grc' dir='ltr'>ἔχει,</span> <span class='ocrx_word' id='word_1_288' title='bbox 676 1149 707 1176; x_wconf 83' lang='grc' dir='ltr'>τδ</span> <span class='ocrx_word' id='word_1_289' title='bbox 719 1149 746 1176; x_wconf 86' lang='grc' dir='ltr'><strong>δὲ</strong></span> <span class='ocrx_word' id='word_1_290' title='bbox 761 1150 810 1186; x_wconf 85' lang='grc' dir='ltr'>τὴν</span> 
     </span>
    </p>
   </div>
   <div class='ocr_carea' id='block_1_36' title="bbox 48 1193 809 1231">
    <p class='ocr_par' dir='ltr' id='par_1_36' title="bbox 48 1193 809 1231">
     <span class='ocr_line' id='line_1_36' title="bbox 48 1193 809 1231; baseline 0.004 -12"><span class='ocrx_word' id='word_1_291' title='bbox 48 1193 84 1220; x_wconf 78' lang='grc' dir='ltr'><strong>τοῦ</strong></span> <span class='ocrx_word' id='word_1_292' title='bbox 98 1194 270 1229; x_wconf 82' lang='grc' dir='ltr'>παραφαίνειν</span> <span class='ocrx_word' id='word_1_293' title='bbox 291 1196 346 1226; x_wconf 88' lang='grc' dir='ltr'>τοῖς</span> <span class='ocrx_word' id='word_1_294' title='bbox 365 1193 524 1229; x_wconf 81' lang='grc' dir='ltr'>χρῄζουσιν·</span> <span class='ocrx_word' id='word_1_295' title='bbox 540 1194 587 1221; x_wconf 77' lang='grc' dir='ltr'>καὶ</span> <span class='ocrx_word' id='word_1_296' title='bbox 606 1194 643 1226; x_wconf 88' lang='grc' dir='ltr'>ὡς</span> <span class='ocrx_word' id='word_1_297' title='bbox 668 1194 760 1231; x_wconf 67' lang='grc' dir='ltr'>ἕτερόν</span> <span class='ocrx_word' id='word_1_298' title='bbox 784 1205 809 1222; x_wconf 89' lang='grc' dir='ltr'><strong>τι</strong></span> 
     </span>
    </p>
   </div>
   <div class='ocr_carea' id='block_1_37' title="bbox 47 1238 809 1276">
    <p class='ocr_par' dir='ltr' id='par_1_37' title="bbox 47 1238 809 1276">
     <span class='ocr_line' id='line_1_37' title="bbox 47 1238 809 1276; baseline 0.004 -11"><span class='ocrx_word' id='word_1_299' title='bbox 47 1240 60 1273; x_wconf 81' lang='grc' dir='ltr'><strong>ἡ</strong></span> <span class='ocrx_word' id='word_1_300' title='bbox 72 1238 194 1275; x_wconf 73' lang='grc' dir='ltr'>λευκότης,</span> <span class='ocrx_word' id='word_1_301' title='bbox 211 1240 254 1266; x_wconf 74' lang='grc' dir='ltr'>ἓτε</span> <span class='ocrx_word' id='word_1_302' title='bbox 260 1248 305 1275; x_wconf 91' lang='grc' dir='ltr'><strong>ρον</strong></span> <span class='ocrx_word' id='word_1_303' title='bbox 319 1240 348 1266; x_wconf 80' lang='grc' dir='ltr'><strong>δὲ</strong></span> <span class='ocrx_word' id='word_1_304' title='bbox 366 1240 396 1266; x_wconf 79' lang='grc' dir='ltr'><strong>τὸ</strong></span> <span class='ocrx_word' id='word_1_305' title='bbox 414 1240 624 1276; x_wconf 83' lang='grc' dir='ltr'>λελευκασμένον</span> <span class='ocrx_word' id='word_1_306' title='bbox 638 1240 726 1276; x_wconf 85' lang='grc' dir='ltr'>σῶμα,</span> <span class='ocrx_word' id='word_1_307' title='bbox 740 1241 809 1268; x_wconf 85' lang='grc' dir='ltr'>οὕτω</span> 
     </span>
    </p>
   </div>
   <div class='ocr_carea' id='block_1_38' title="bbox 49 1285 809 1322">
    <p class='ocr_par' dir='ltr' id='par_1_38' title="bbox 49 1285 809 1322">
     <span class='ocr_line' id='line_1_38' title="bbox 49 1285 809 1322; baseline 0.004 -11"><span class='ocrx_word' id='word_1_308' title='bbox 49 1285 170 1312; x_wconf 74' lang='grc' dir='ltr'>καὶταῦτα</span> <span class='ocrx_word' id='word_1_309' title='bbox 184 1285 300 1321; x_wconf 79' lang='grc' dir='ltr'>διάφορα</span> <span class='ocrx_word' id='word_1_310' title='bbox 312 1285 375 1312; x_wconf 74' lang='grc' dir='ltr'>ὄντα</span> <span class='ocrx_word' id='word_1_311' title='bbox 389 1287 422 1321; x_wconf 89' lang='grc' dir='ltr'><strong>τῇ</strong></span> <span class='ocrx_word' id='word_1_312' title='bbox 436 1286 513 1321; x_wconf 83' lang='grc' dir='ltr'>φύσει</span> <span class='ocrx_word' id='word_1_313' title='bbox 526 1287 641 1321; x_wconf 77' lang='grc' dir='ltr'>ἡνωνται</span> <span class='ocrx_word' id='word_1_314' title='bbox 653 1288 685 1322; x_wconf 84' lang='grc' dir='ltr'>τῇ</span> <span class='ocrx_word' id='word_1_315' title='bbox 699 1287 809 1322; x_wconf 81' lang='grc' dir='ltr'>δυνάμει</span> 
     </span>
    </p>
   </div>
   <div class='ocr_carea' id='block_1_39' title="bbox 46 1331 809 1370">
    <p class='ocr_par' dir='ltr' id='par_1_39' title="bbox 46 1331 809 1370">
     <span class='ocr_line' id='line_1_39' title="bbox 46 1331 809 1370; baseline 0.004 -13"><span class='ocrx_word' id='word_1_316' title='bbox 46 1331 82 1357; x_wconf 80' lang='grc' dir='ltr'>τοῦ</span> <span class='ocrx_word' id='word_1_317' title='bbox 93 1331 231 1363; x_wconf 81' lang='grc' dir='ltr'>κτίσαντος.</span> <span class='ocrx_word' id='word_1_318' title='bbox 239 1332 297 1358; x_wconf 62' lang='grc' dir='ltr'><strong>Καὶ⁵</strong></span> <span class='ocrx_word' id='word_1_319' title='bbox 311 1331 403 1367; x_wconf 78' lang='grc' dir='ltr'>μηδεὶς</span> <span class='ocrx_word' id='word_1_320' title='bbox 415 1332 512 1370; x_wconf 83' lang='grc' dir='ltr'>νομίσῃ</span> <span class='ocrx_word' id='word_1_321' title='bbox 520 1333 616 1359; x_wconf 81' lang='grc' dir='ltr'>ταυτὸν</span> <span class='ocrx_word' id='word_1_322' title='bbox 627 1333 732 1369; x_wconf 80' lang='grc' dir='ltr'>ἡμέραν</span> <span class='ocrx_word' id='word_1_323' title='bbox 740 1331 809 1360; x_wconf 75' lang='grc' dir='ltr'>εἷναι</span> 
     </span>
    </p>
   </div>
   <div class='ocr_carea' id='block_1_40' title="bbox 47 1377 809 1414">
    <p class='ocr_par' dir='ltr' id='par_1_40' title="bbox 47 1377 809 1414">
     <span class='ocr_line' id='line_1_40' title="bbox 47 1377 809 1414; baseline 0.004 -11"><span class='ocrx_word' id='word_1_324' title='bbox 47 1378 83 1404; x_wconf 70' lang='grc' dir='ltr'>καὶ</span> <span class='ocrx_word' id='word_1_325' title='bbox 93 1377 168 1413; x_wconf 72' lang='grc' dir='ltr'>ἣλιον.</span> <span class='ocrx_word' id='word_1_326' title='bbox 181 1378 294 1413; x_wconf 86' lang='grc' dir='ltr'>Πρῶτον</span> <span class='ocrx_word' id='word_1_327' title='bbox 307 1378 356 1413; x_wconf 78' lang='grc' dir='ltr'>μὲν</span> <span class='ocrx_word' id='word_1_328' title='bbox 368 1378 421 1414; x_wconf 89' lang='grc' dir='ltr'><strong>γὰρ</strong></span> <span class='ocrx_word' id='word_1_329' title='bbox 434 1380 448 1405; x_wconf 87' lang='grc' dir='ltr'>ὁ</span> <span class='ocrx_word' id='word_1_330' title='bbox 460 1379 623 1414; x_wconf 81' lang='grc' dir='ltr'>δημιουργὸς</span> <span class='ocrx_word' id='word_1_331' title='bbox 637 1378 738 1406; x_wconf 84' lang='grc' dir='ltr'>ἁπλοῦν</span> <span class='ocrx_word' id='word_1_332' title='bbox 752 1380 809 1414; x_wconf 84' lang='grc' dir='ltr'>φῶς</span> 
     </span>
    </p>
   </div>
   <div class='ocr_carea' id='block_1_41' title="bbox 45 1424 808 1461">
    <p class='ocr_par' dir='ltr' id='par_1_41' title="bbox 45 1424 808 1461">
     <span class='ocr_line' id='line_1_41' title="bbox 45 1424 808 1461; baseline 0.001 -11"><span class='ocrx_word' id='word_1_333' title='bbox 45 1424 234 1457; x_wconf 73' lang='grc' dir='ltr'>κατεσκεύασεν,</span> <span class='ocrx_word' id='word_1_334' title='bbox 251 1425 266 1451; x_wconf 87' lang='grc' dir='ltr'><strong>ὂ</strong></span> <span class='ocrx_word' id='word_1_335' title='bbox 278 1425 309 1461; x_wconf 88' lang='grc' dir='ltr'><strong>δὴ</strong></span> <span class='ocrx_word' id='word_1_336' title='bbox 326 1425 374 1452; x_wconf 71' lang='grc' dir='ltr'>καὶ</span> <span class='ocrx_word' id='word_1_337' title='bbox 386 1424 490 1460; x_wconf 80' lang='grc' dir='ltr'>ἡμέραν</span> <span class='ocrx_word' id='word_1_338' title='bbox 502 1425 640 1457; x_wconf 80' lang='grc' dir='ltr'>ἐκάλεσεν,</span> <span class='ocrx_word' id='word_1_339' title='bbox 655 1425 749 1452; x_wconf 78' lang='grc' dir='ltr'>ἔπειτα</span> <span class='ocrx_word' id='word_1_340' title='bbox 761 1425 808 1451; x_wconf 82' lang='grc' dir='ltr'>τὸν</span> 
     </span>
    </p>
   </div>
   <div class='ocr_carea' id='block_1_42' title="bbox 43 1469 808 1507">
    <p class='ocr_par' dir='ltr' id='par_1_42' title="bbox 43 1469 808 1507">
     <span class='ocr_line' id='line_1_42' title="bbox 43 1469 808 1507; baseline 0.004 -13"><span class='ocrx_word' id='word_1_341' title='bbox 43 1469 105 1503; x_wconf 72' lang='grc' dir='ltr'>ἥλιον</span> <span class='ocrx_word' id='word_1_342' title='bbox 120 1471 149 1497; x_wconf 80' lang='grc' dir='ltr'>ἐκ</span> <span class='ocrx_word' id='word_1_343' title='bbox 161 1470 206 1497; x_wconf 84' lang='grc' dir='ltr'>τοῦ</span> <span class='ocrx_word' id='word_1_344' title='bbox 220 1471 308 1507; x_wconf 81' lang='grc' dir='ltr'>πυρὸς</span> <span class='ocrx_word' id='word_1_345' title='bbox 321 1471 368 1498; x_wconf 72' lang='grc' dir='ltr'>καὶ</span> <span class='ocrx_word' id='word_1_346' title='bbox 387 1471 475 1506; x_wconf 70' lang='grc' dir='ltr'>φωτὸς</span> <span class='ocrx_word' id='word_1_347' title='bbox 491 1471 676 1506; x_wconf 84' lang='grc' dir='ltr'>συγκείμενον.</span> <span class='ocrx_word' id='word_1_348' title='bbox 696 1471 740 1502; x_wconf 85' lang='grc' dir='ltr'>Ὡς</span> <span class='ocrx_word' id='word_1_349' title='bbox 754 1471 808 1506; x_wconf 85' lang='grc' dir='ltr'><strong>γὰρ</strong></span> 
     </span>
    </p>
   </div>
   <div class='ocr_carea' id='block_1_43' title="bbox 43 1512 841 1553">
    <p class='ocr_par' dir='ltr' id='par_1_43' title="bbox 43 1512 841 1553">
     <span class='ocr_line' id='line_1_43' title="bbox 43 1512 841 1553; baseline 0.005 -13"><span class='ocrx_word' id='word_1_350' title='bbox 43 1514 82 1550; x_wconf 80' lang='grc' dir='ltr'>τὴν</span> <span class='ocrx_word' id='word_1_351' title='bbox 97 1516 142 1550; x_wconf 79' lang='grc' dir='ltr'>γῆν</span> <span class='ocrx_word' id='word_1_352' title='bbox 162 1516 269 1552; x_wconf 81' lang='grc' dir='ltr'>ὁρῶμεν</span> <span class='ocrx_word' id='word_1_353' title='bbox 283 1516 338 1552; x_wconf 79' lang='grc' dir='ltr'>πῦρ</span> <span class='ocrx_word' id='word_1_354' title='bbox 362 1518 390 1543; x_wconf 80' lang='grc' dir='ltr'>ὲν</span> <span class='ocrx_word' id='word_1_355' title='bbox 405 1517 460 1548; x_wconf 85' lang='grc' dir='ltr'>τοῖς</span> <span class='ocrx_word' id='word_1_356' title='bbox 484 1516 604 1551; x_wconf 72' lang='grc' dir='ltr'>στέρνοις</span> <span class='ocrx_word' id='word_1_357' title='bbox 627 1517 718 1549; x_wconf 82' lang='grc' dir='ltr'>αὐτοῖς</span> <span class='ocrx_word' id='word_1_358' title='bbox 731 1517 808 1553; x_wconf 86' lang='grc' dir='ltr'>δεδη-</span> <span class='ocrx_word' id='word_1_359' title='bbox 821 1512 841 1540; x_wconf 67' lang='grc' dir='ltr'><strong>(ἒ</strong></span> 
     </span>
    </p>
   </div>
   <div class='ocr_carea' id='block_1_44' title="bbox 44 1562 807 1599">
    <p class='ocr_par' dir='ltr' id='par_1_44' title="bbox 44 1562 807 1599">
     <span class='ocr_line' id='line_1_44' title="bbox 44 1562 807 1599; baseline 0.005 -13"><span class='ocrx_word' id='word_1_360' title='bbox 44 1569 141 1598; x_wconf 80' lang='grc' dir='ltr'>μιουργη</span> <span class='ocrx_word' id='word_1_361' title='bbox 146 1563 222 1597; x_wconf 81' lang='grc' dir='ltr'>μένον</span> <span class='ocrx_word' id='word_1_362' title='bbox 230 1562 356 1597; x_wconf 71' lang='grc' dir='ltr'>ἔχουσαν,</span> <span class='ocrx_word' id='word_1_363' title='bbox 365 1563 434 1589; x_wconf 73' lang='grc' dir='ltr'>οὕτω</span> <span class='ocrx_word' id='word_1_364' title='bbox 442 1563 489 1589; x_wconf 68' lang='grc' dir='ltr'>καὶ</span> <span class='ocrx_word' id='word_1_365' title='bbox 499 1563 544 1589; x_wconf 84' lang='grc' dir='ltr'>τδν</span> <span class='ocrx_word' id='word_1_366' title='bbox 553 1563 626 1599; x_wconf 83' lang='grc' dir='ltr'>ἡλιον</span> <span class='ocrx_word' id='word_1_367' title='bbox 634 1563 691 1599; x_wconf 84' lang='grc' dir='ltr'>φῶς</span> <span class='ocrx_word' id='word_1_368' title='bbox 702 1563 807 1599; x_wconf 69' lang='grc' dir='ltr'><strong>ἔχοντα⁹</strong></span> 
     </span>
    </p>
   </div>
   <div class='ocr_carea' id='block_1_45' title="bbox 43 1608 807 1645">
    <p class='ocr_par' dir='ltr' id='par_1_45' title="bbox 43 1608 807 1645">
     <span class='ocr_line' id='line_1_45' title="bbox 43 1608 807 1645; baseline 0.003 -11"><span class='ocrx_word' id='word_1_369' title='bbox 43 1608 90 1641; x_wconf 68' lang='grc' dir='ltr'>φῶς</span> <span class='ocrx_word' id='word_1_370' title='bbox 102 1609 151 1645; x_wconf 85' lang='grc' dir='ltr'><strong>γὰρ</strong></span> <span class='ocrx_word' id='word_1_371' title='bbox 171 1609 297 1636; x_wconf 81' lang='grc' dir='ltr'>συνελθὸν</span> <span class='ocrx_word' id='word_1_372' title='bbox 313 1609 382 1644; x_wconf 81' lang='grc' dir='ltr'>μετὰ</span> <span class='ocrx_word' id='word_1_373' title='bbox 397 1609 482 1644; x_wconf 75' lang='grc' dir='ltr'>πυρὸς</span> <span class='ocrx_word' id='word_1_374' title='bbox 495 1609 541 1635; x_wconf 78' lang='grc' dir='ltr'><strong>τὸν</strong></span> <span class='ocrx_word' id='word_1_375' title='bbox 556 1609 702 1644; x_wconf 82' lang='grc' dir='ltr'>φανότατον</span> <span class='ocrx_word' id='word_1_376' title='bbox 714 1609 807 1645; x_wconf 77' lang='grc' dir='ltr'>ἐποίη-</span> 
     </span>
    </p>
   </div>
   <div class='ocr_carea' id='block_1_46' title="bbox 44 1653 808 1689">
    <p class='ocr_par' dir='ltr' id='par_1_46' title="bbox 44 1653 808 1689">
     <span class='ocr_line' id='line_1_46' title="bbox 44 1653 808 1689; baseline 0.003 -11"><span class='ocrx_word' id='word_1_377' title='bbox 44 1661 79 1678; x_wconf 79' lang='grc' dir='ltr'><strong>σεν</strong></span> <span class='ocrx_word' id='word_1_378' title='bbox 91 1653 167 1688; x_wconf 77' lang='grc' dir='ltr'>ἡλιον.</span> <span class='ocrx_word' id='word_1_379' title='bbox 186 1654 257 1680; x_wconf 81' lang='grc' dir='ltr'>Ἀλλ’</span> <span class='ocrx_word' id='word_1_380' title='bbox 273 1654 337 1686; x_wconf 78' lang='grc' dir='ltr'>ἴσως</span> <span class='ocrx_word' id='word_1_381' title='bbox 353 1654 460 1689; x_wconf 81' lang='grc' dir='ltr'>ἀντερεῖ</span> <span class='ocrx_word' id='word_1_382' title='bbox 479 1661 535 1685; x_wconf 85' lang='grc' dir='ltr'>τις·</span> <span class='ocrx_word' id='word_1_383' title='bbox 556 1653 612 1680; x_wconf 74' lang='grc' dir='ltr'><strong>Καὶ</strong></span> <span class='ocrx_word' id='word_1_384' title='bbox 634 1654 714 1680; x_wconf 86' lang='grc' dir='ltr'>πόθεν</span> <span class='ocrx_word' id='word_1_385' title='bbox 730 1654 808 1680; x_wconf 83' lang='grc' dir='ltr'>τοῦτο</span> 
     </span>
    </p>
   </div>
   <div class='ocr_carea' id='block_1_47' title="bbox 42 1697 808 1737">
    <p class='ocr_par' dir='ltr' id='par_1_47' title="bbox 42 1697 808 1737">
     <span class='ocr_line' id='line_1_47' title="bbox 42 1697 808 1737; baseline 0.004 -12"><span class='ocrx_word' id='word_1_386' title='bbox 42 1697 114 1732; x_wconf 73' lang='grc' dir='ltr'>δῆλον,</span> <span class='ocrx_word' id='word_1_387' title='bbox 135 1700 164 1726; x_wconf 76' lang='grc' dir='ltr'><strong>οὐ</strong></span> <span class='ocrx_word' id='word_1_388' title='bbox 187 1699 356 1735; x_wconf 84' lang='grc' dir='ltr'>βλεπομένης</span> <span class='ocrx_word' id='word_1_389' title='bbox 379 1700 429 1734; x_wconf 81' lang='grc' dir='ltr'>τῆς</span> <span class='ocrx_word' id='word_1_390' title='bbox 445 1700 617 1736; x_wconf 87' lang='grc' dir='ltr'>διαιρέσεως;</span> <span class='ocrx_word' id='word_1_391' title='bbox 640 1701 689 1736; x_wconf 80' lang='grc' dir='ltr'>οὐχ</span> <span class='ocrx_word' id='word_1_392' title='bbox 711 1701 808 1737; x_wconf 82' lang='grc' dir='ltr'>ὁρᾶται</span> 
     </span>
    </p>
   </div>
   <div class='ocr_carea' id='block_1_48' title="bbox 43 1744 808 1783">
    <p class='ocr_par' dir='ltr' id='par_1_48' title="bbox 43 1744 808 1783">
     <span class='ocr_line' id='line_1_48' title="bbox 43 1744 808 1783; baseline 0.005 -13"><span class='ocrx_word' id='word_1_393' title='bbox 43 1744 85 1780; x_wconf 80' lang='grc' dir='ltr'>γὰρ</span> <span class='ocrx_word' id='word_1_394' title='bbox 99 1746 164 1778; x_wconf 82' lang='grc' dir='ltr'>ἰδίως</span> <span class='ocrx_word' id='word_1_395' title='bbox 182 1746 229 1782; x_wconf 80' lang='grc' dir='ltr'>μὲν</span> <span class='ocrx_word' id='word_1_396' title='bbox 246 1746 278 1772; x_wconf 83' lang='grc' dir='ltr'>τὸ</span> <span class='ocrx_word' id='word_1_397' title='bbox 301 1746 366 1780; x_wconf 85' lang='grc' dir='ltr'>φῶς,</span> <span class='ocrx_word' id='word_1_398' title='bbox 387 1746 458 1778; x_wconf 82' lang='grc' dir='ltr'>ἰδίως</span> <span class='ocrx_word' id='word_1_399' title='bbox 472 1746 500 1773; x_wconf 81' lang='grc' dir='ltr'><strong>δὲ</strong></span> <span class='ocrx_word' id='word_1_400' title='bbox 521 1747 552 1773; x_wconf 82' lang='grc' dir='ltr'>τὸ</span> <span class='ocrx_word' id='word_1_401' title='bbox 579 1747 643 1783; x_wconf 83' lang='grc' dir='ltr'><strong>πῦρ.</strong></span> <span class='ocrx_word' id='word_1_402' title='bbox 666 1747 746 1774; x_wconf 83' lang='grc' dir='ltr'>Ἀλλὰ</span> <span class='ocrx_word' id='word_1_403' title='bbox 766 1756 808 1781; x_wconf 91' lang='grc' dir='ltr'>γι-</span> 
     </span>
    </p>
   </div>
   <div class='ocr_carea' id='block_1_49' title="bbox 43 1791 808 1829">
    <p class='ocr_par' dir='ltr' id='par_1_49' title="bbox 43 1791 808 1829">
     <span class='ocr_line' id='line_1_49' title="bbox 43 1791 808 1829; baseline 0.007 -14"><span class='ocrx_word' id='word_1_404' title='bbox 43 1791 152 1818; x_wconf 76' lang='grc' dir='ltr'>νωσκέτω</span> <span class='ocrx_word' id='word_1_405' title='bbox 162 1793 176 1818; x_wconf 81' lang='grc' dir='ltr'>ὁ</span> <span class='ocrx_word' id='word_1_406' title='bbox 190 1791 323 1823; x_wconf 79' lang='grc' dir='ltr'>τοιοῦτος.</span> <span class='ocrx_word' id='word_1_407' title='bbox 341 1792 411 1819; x_wconf 83' lang='grc' dir='ltr'>πόσα</span> <span class='ocrx_word' id='word_1_408' title='bbox 427 1792 458 1818; x_wconf 79' lang='grc' dir='ltr'>τὸ</span> <span class='ocrx_word' id='word_1_409' title='bbox 473 1791 528 1828; x_wconf 77' lang='grc' dir='ltr'><strong>πῦρ</strong></span> <span class='ocrx_word' id='word_1_410' title='bbox 546 1793 574 1819; x_wconf 78' lang='grc' dir='ltr'>ἐν</span> <span class='ocrx_word' id='word_1_411' title='bbox 586 1793 673 1828; x_wconf 75' lang='grc' dir='ltr'>ἑαυτῷ</span> <span class='ocrx_word' id='word_1_412' title='bbox 689 1793 808 1829; x_wconf 79' lang='grc' dir='ltr'>προϐάλ-</span> 
     </span>
    </p>
   </div>
   <div class='ocr_carea' id='block_1_50' title="bbox 42 1834 807 1876">
    <p class='ocr_par' dir='ltr' id='par_1_50' title="bbox 42 1834 807 1876">
     <span class='ocr_line' id='line_1_50' title="bbox 42 1834 807 1876; baseline 0.005 -16"><span class='ocrx_word' id='word_1_413' title='bbox 42 1834 112 1868; x_wconf 71' lang='grc' dir='ltr'>λεται,</span> <span class='ocrx_word' id='word_1_414' title='bbox 126 1837 221 1876; x_wconf 79' lang='grc' dir='ltr'>αὑγὴν,</span> <span class='ocrx_word' id='word_1_415' title='bbox 244 1836 411 1872; x_wconf 78' lang='grc' dir='ltr'>θερμότητα,</span> <span class='ocrx_word' id='word_1_416' title='bbox 434 1836 581 1871; x_wconf 81' lang='grc' dir='ltr'>ξανθότητα</span> <span class='ocrx_word' id='word_1_417' title='bbox 591 1858 597 1870; x_wconf 86' lang='grc'><strong>,</strong></span> <span class='ocrx_word' id='word_1_418' title='bbox 614 1837 692 1864; x_wconf 76' lang='grc' dir='ltr'>ἅτινα</span> <span class='ocrx_word' id='word_1_419' title='bbox 707 1838 807 1864; x_wconf 86' lang='grc' dir='ltr'>πανσό-</span> 
     </span>
    </p>
   </div>
   <div class='ocr_carea' id='block_1_51' title="bbox 41 1881 807 1918">
    <p class='ocr_par' dir='ltr' id='par_1_51' title="bbox 41 1881 807 1918">
     <span class='ocr_line' id='line_1_51' title="bbox 41 1881 807 1918; baseline 0.004 -12"><span class='ocrx_word' id='word_1_420' title='bbox 41 1887 87 1912; x_wconf 78' lang='grc' dir='ltr'><strong>φως</strong></span> <span class='ocrx_word' id='word_1_421' title='bbox 97 1881 110 1906; x_wconf 86' lang='grc' dir='ltr'><strong><em>ὁ</em></strong></span> <span class='ocrx_word' id='word_1_422' title='bbox 121 1882 241 1917; x_wconf 80' lang='grc' dir='ltr'>τεχνίτης</span> <span class='ocrx_word' id='word_1_423' title='bbox 259 1881 439 1917; x_wconf 80' lang='grc' dir='ltr'>διαμερίζων,</span> <span class='ocrx_word' id='word_1_424' title='bbox 458 1882 622 1917; x_wconf 85' lang='grc' dir='ltr'>ὑπεμφαίνει</span> <span class='ocrx_word' id='word_1_425' title='bbox 644 1882 746 1909; x_wconf 82' lang='grc' dir='ltr'>τούτων</span> <span class='ocrx_word' id='word_1_426' title='bbox 759 1882 807 1918; x_wconf 85' lang='grc' dir='ltr'>τὴν</span> 
     </span>
    </p>
   </div>
   <div class='ocr_carea' id='block_1_52' title="bbox 43 1925 807 1964">
    <p class='ocr_par' dir='ltr' id='par_1_52' title="bbox 43 1925 807 1964">
     <span class='ocr_line' id='line_1_52' title="bbox 43 1925 807 1964; baseline 0.005 -13"><span class='ocrx_word' id='word_1_427' title='bbox 43 1925 156 1954; x_wconf 75' lang='grc' dir='ltr'>σύνθεσιν.</span> <span class='ocrx_word' id='word_1_428' title='bbox 171 1928 235 1954; x_wconf 86' lang='grc' dir='ltr'><strong>Ὅτε</strong></span> <span class='ocrx_word' id='word_1_429' title='bbox 250 1928 305 1964; x_wconf 80' lang='grc' dir='ltr'><strong>γὰρ</strong></span> <span class='ocrx_word' id='word_1_430' title='bbox 317 1927 387 1954; x_wconf 86' lang='grc' dir='ltr'>θέλει</span> <span class='ocrx_word' id='word_1_431' title='bbox 399 1927 530 1964; x_wconf 82' lang='grc' dir='ltr'>θερμᾶναι</span> <span class='ocrx_word' id='word_1_432' title='bbox 541 1929 571 1954; x_wconf 82' lang='grc' dir='ltr'>τὸ</span> <span class='ocrx_word' id='word_1_433' title='bbox 583 1928 660 1961; x_wconf 82' lang='grc' dir='ltr'>ζῶον,</span> <span class='ocrx_word' id='word_1_434' title='bbox 675 1928 807 1964; x_wconf 80' lang='grc' dir='ltr'>λαμϐάνει</span> 
     </span>
    </p>
   </div>
   <div class='ocr_carea' id='block_1_53' title="bbox 40 1970 806 2010">
    <p class='ocr_par' dir='ltr' id='par_1_53' title="bbox 40 1970 806 2010">
     <span class='ocr_line' id='line_1_53' title="bbox 40 1970 806 2010; baseline 0.007 -14"><span class='ocrx_word' id='word_1_435' title='bbox 40 1970 78 1997; x_wconf 78' lang='grc' dir='ltr'>τοῦ</span> <span class='ocrx_word' id='word_1_436' title='bbox 91 1973 170 2008; x_wconf 79' lang='grc' dir='ltr'>πυρὸς</span> <span class='ocrx_word' id='word_1_437' title='bbox 181 1973 210 2000; x_wconf 85' lang='grc' dir='ltr'>τὸ</span> <span class='ocrx_word' id='word_1_438' title='bbox 224 1973 335 2009; x_wconf 84' lang='grc' dir='ltr'>θερμὸν,</span> <span class='ocrx_word' id='word_1_439' title='bbox 353 1975 399 2000; x_wconf 73' lang='grc' dir='ltr'>καὶ</span> <span class='ocrx_word' id='word_1_440' title='bbox 415 1974 444 1999; x_wconf 82' lang='grc' dir='ltr'>τὸ</span> <span class='ocrx_word' id='word_1_441' title='bbox 457 1974 505 2009; x_wconf 81' lang='grc' dir='ltr'>μὲν</span> <span class='ocrx_word' id='word_1_442' title='bbox 519 1973 617 2010; x_wconf 80' lang='grc' dir='ltr'>θερμὸν</span> <span class='ocrx_word' id='word_1_443' title='bbox 632 1974 687 2010; x_wconf 84' lang='grc' dir='ltr'>ἔχει</span> <span class='ocrx_word' id='word_1_444' title='bbox 701 1975 806 2006; x_wconf 80' lang='grc' dir='ltr'>τούτου,</span> 
     </span>
    </p>
   </div>
   <div class='ocr_carea' id='block_1_54' title="bbox 40 2016 806 2056">
    <p class='ocr_par' dir='ltr' id='par_1_54' title="bbox 40 2016 806 2056">
     <span class='ocr_line' id='line_1_54' title="bbox 40 2016 806 2056; baseline 0.005 -14"><span class='ocrx_word' id='word_1_445' title='bbox 40 2016 63 2042; x_wconf 65' lang='grc' dir='ltr'><strong>τὶ</strong></span> <span class='ocrx_word' id='word_1_446' title='bbox 77 2017 105 2043; x_wconf 73' lang='grc' dir='ltr'>δὲ</span> <span class='ocrx_word' id='word_1_447' title='bbox 126 2019 181 2053; x_wconf 76' lang='grc' dir='ltr'><strong>φῶς</strong></span> <span class='ocrx_word' id='word_1_448' title='bbox 200 2019 252 2046; x_wconf 83' lang='grc' dir='ltr'>οὑκ</span> <span class='ocrx_word' id='word_1_449' title='bbox 274 2019 339 2054; x_wconf 82' lang='grc' dir='ltr'>ἕχει.</span> <span class='ocrx_word' id='word_1_450' title='bbox 359 2019 427 2046; x_wconf 82' lang='grc' dir='ltr'>Ἀλλ’</span> <span class='ocrx_word' id='word_1_451' title='bbox 445 2020 575 2055; x_wconf 73' lang='grc' dir='ltr'>ἐμερίσθη</span> <span class='ocrx_word' id='word_1_452' title='bbox 592 2021 620 2046; x_wconf 84' lang='grc' dir='ltr'>ὲν</span> <span class='ocrx_word' id='word_1_453' title='bbox 643 2020 683 2055; x_wconf 85' lang='grc' dir='ltr'>τῷ</span> <span class='ocrx_word' id='word_1_454' title='bbox 706 2020 767 2056; x_wconf 80' lang='grc' dir='ltr'><strong>ζώῳ</strong></span> <span class='ocrx_word' id='word_1_455' title='bbox 789 2023 806 2056; x_wconf 86' lang='grc' dir='ltr'><strong>ἡ</strong></span> 
     </span>
    </p>
   </div>
   <div class='ocr_carea' id='block_1_55' title="bbox 41 2061 805 2100">
    <p class='ocr_par' dir='ltr' id='par_1_55' title="bbox 41 2061 805 2100">
     <span class='ocr_line' id='line_1_55' title="bbox 41 2061 805 2100; baseline 0.004 -11"><span class='ocrx_word' id='word_1_456' title='bbox 41 2061 113 2098; x_wconf 78' lang='grc' dir='ltr'>θέρμη</span> <span class='ocrx_word' id='word_1_457' title='bbox 134 2065 186 2091; x_wconf 76' lang='grc' dir='ltr'><strong>ἀπὸ</strong></span> <span class='ocrx_word' id='word_1_458' title='bbox 199 2064 249 2092; x_wconf 78' lang='grc' dir='ltr'><strong>τοῦ</strong></span> <span class='ocrx_word' id='word_1_459' title='bbox 270 2065 397 2099; x_wconf 80' lang='grc' dir='ltr'>φέγγους,</span> <span class='ocrx_word' id='word_1_460' title='bbox 415 2065 493 2091; x_wconf 75' lang='grc' dir='ltr'>πάλιν</span> <span class='ocrx_word' id='word_1_461' title='bbox 507 2065 639 2100; x_wconf 77' lang='grc' dir='ltr'>λαμϐάνει</span> <span class='ocrx_word' id='word_1_462' title='bbox 655 2065 685 2091; x_wconf 82' lang='grc' dir='ltr'>τὸ</span> <span class='ocrx_word' id='word_1_463' title='bbox 701 2065 805 2098; x_wconf 81' lang='grc' dir='ltr'>ξανθόν.</span> 
     </span>
    </p>
   </div>
   <div class='ocr_carea' id='block_1_56' title="bbox 39 2108 808 2147">
    <p class='ocr_par' dir='ltr' id='par_1_56' title="bbox 39 2108 808 2147">
     <span class='ocr_line' id='line_1_56' title="bbox 39 2108 808 2147; baseline 0.005 -13"><span class='ocrx_word' id='word_1_464' title='bbox 39 2108 85 2135; x_wconf 81' lang='lat' dir='ltr'><strong>Kal.</strong></span> <span class='ocrx_word' id='word_1_465' title='bbox 101 2110 203 2146; x_wconf 82' lang='grc' dir='ltr'>ὁρῶμέν</span> <span class='ocrx_word' id='word_1_466' title='bbox 221 2119 264 2137; x_wconf 90' lang='grc' dir='ltr'><strong>τοι</strong></span> <span class='ocrx_word' id='word_1_467' title='bbox 276 2110 307 2137; x_wconf 86' lang='grc' dir='ltr'>τδ</span> <span class='ocrx_word' id='word_1_468' title='bbox 326 2110 430 2142; x_wconf 83' lang='grc' dir='ltr'>ξανθὸν,</span> <span class='ocrx_word' id='word_1_469' title='bbox 447 2111 538 2137; x_wconf 75' lang='grc' dir='ltr'>οὐκέτι</span> <span class='ocrx_word' id='word_1_470' title='bbox 552 2111 581 2138; x_wconf 83' lang='grc' dir='ltr'><strong>δὲ</strong></span> <span class='ocrx_word' id='word_1_471' title='bbox 597 2111 627 2137; x_wconf 77' lang='grc' dir='ltr'><strong>τὺ</strong></span> <span class='ocrx_word' id='word_1_472' title='bbox 650 2111 748 2147; x_wconf 69' lang='grc' dir='ltr'>θερμὸν</span> <span class='ocrx_word' id='word_1_473' title='bbox 762 2112 808 2139; x_wconf 79' lang='grc' dir='ltr'>καὶ</span> 
     </span>
    </p>
   </div>
   <div class='ocr_carea' id='block_1_57' title="bbox 40 2155 807 2193">
    <p class='ocr_par' dir='ltr' id='par_1_57' title="bbox 40 2155 807 2193">
     <span class='ocr_line' id='line_1_57' title="bbox 40 2155 807 2193; baseline 0.003 -11"><span class='ocrx_word' id='word_1_474' title='bbox 40 2155 128 2188; x_wconf 73' lang='grc' dir='ltr'>φαῖνον.</span> <span class='ocrx_word' id='word_1_475' title='bbox 143 2157 196 2183; x_wconf 74' lang='grc' dir='ltr'><strong>Καὶ</strong></span> <span class='ocrx_word' id='word_1_476' title='bbox 210 2156 293 2183; x_wconf 69' lang='grc' dir='ltr'>πάλιν</span> <span class='ocrx_word' id='word_1_477' title='bbox 309 2156 469 2192; x_wconf 81' lang='grc' dir='ltr'>ἀπομερίζει</span> <span class='ocrx_word' id='word_1_478' title='bbox 494 2157 544 2191; x_wconf 79' lang='grc' dir='ltr'>τὴν</span> <span class='ocrx_word' id='word_1_479' title='bbox 559 2156 662 2193; x_wconf 84' lang='grc' dir='ltr'>θέρμην</span> <span class='ocrx_word' id='word_1_480' title='bbox 674 2178 681 2190; x_wconf 91' lang='grc'><strong>,</strong></span> <span class='ocrx_word' id='word_1_481' title='bbox 704 2159 750 2184; x_wconf 69' lang='grc' dir='ltr'>καὶ</span> <span class='ocrx_word' id='word_1_482' title='bbox 766 2158 807 2184; x_wconf 85' lang='grc' dir='ltr'>δί-</span> 
     </span>
    </p>
   </div>
   <div class='ocr_carea' id='block_1_58' title="bbox 38 2199 843 2239">
    <p class='ocr_par' dir='ltr' id='par_1_58' title="bbox 38 2199 843 2239">
     <span class='ocr_line' id='line_1_58' title="bbox 38 2199 843 2239; baseline 0.005 -13"><span class='ocrx_word' id='word_1_483' title='bbox 38 2199 92 2227; x_wconf 77' lang='grc' dir='ltr'>δωσι</span> <span class='ocrx_word' id='word_1_484' title='bbox 106 2202 186 2238; x_wconf 82' lang='grc' dir='ltr'>μόνην</span> <span class='ocrx_word' id='word_1_485' title='bbox 202 2203 255 2238; x_wconf 83' lang='grc' dir='ltr'>τὴν</span> <span class='ocrx_word' id='word_1_486' title='bbox 274 2202 369 2238; x_wconf 75' lang='grc' dir='ltr'>αὐγὴν,</span> <span class='ocrx_word' id='word_1_487' title='bbox 386 2200 440 2228; x_wconf 71' lang='grc' dir='ltr'>οἷον</span> <span class='ocrx_word' id='word_1_488' title='bbox 454 2203 491 2234; x_wconf 88' lang='grc' dir='ltr'>ὡς</span> <span class='ocrx_word' id='word_1_489' title='bbox 513 2203 585 2230; x_wconf 78' lang='grc' dir='ltr'>ἐστιν</span> <span class='ocrx_word' id='word_1_490' title='bbox 607 2203 670 2229; x_wconf 84' lang='grc' dir='ltr'>ἰδεῖν</span> <span class='ocrx_word' id='word_1_491' title='bbox 691 2203 738 2229; x_wconf 73' lang='grc' dir='ltr'>ἐπὶ</span> <span class='ocrx_word' id='word_1_492' title='bbox 756 2204 805 2239; x_wconf 84' lang='grc' dir='ltr'>τῆς</span> <span class='ocrx_word' id='word_1_493' title='bbox 822 2204 843 2230; x_wconf 81' lang='grc' dir='ltr'><strong>Ι)</strong></span> 
     </span>
    </p>
   </div>
   <div class='ocr_carea' id='block_1_59' title="bbox 38 2245 805 2283">
    <p class='ocr_par' dir='ltr' id='par_1_59' title="bbox 38 2245 805 2283">
     <span class='ocr_line' id='line_1_59' title="bbox 38 2245 805 2283; baseline 0.003 -11"><span class='ocrx_word' id='word_1_494' title='bbox 38 2245 180 2282; x_wconf 69' lang='grc' dir='ltr'>ἀστραπῆς,</span> <span class='ocrx_word' id='word_1_495' title='bbox 206 2248 248 2274; x_wconf 82' lang='grc' dir='ltr'>ὅτι</span> <span class='ocrx_word' id='word_1_496' title='bbox 273 2246 449 2282; x_wconf 82' lang='grc' dir='ltr'>ἐκλάμπουσα</span> <span class='ocrx_word' id='word_1_497' title='bbox 472 2248 550 2283; x_wconf 88' lang='grc' dir='ltr'>μόνον</span> <span class='ocrx_word' id='word_1_498' title='bbox 566 2247 690 2282; x_wconf 77' lang='grc' dir='ltr'>φωτίζει,</span> <span class='ocrx_word' id='word_1_499' title='bbox 704 2249 735 2274; x_wconf 82' lang='grc' dir='ltr'>οὐ</span> <span class='ocrx_word' id='word_1_500' title='bbox 753 2247 805 2283; x_wconf 80' lang='grc' dir='ltr'>μὴν</span> 
     </span>
    </p>
   </div>
   <div class='ocr_carea' id='block_1_60' title="bbox 37 2289 806 2329">
    <p class='ocr_par' dir='ltr' id='par_1_60' title="bbox 37 2289 806 2329">
     <span class='ocr_line' id='line_1_60' title="bbox 37 2289 806 2329; baseline 0.007 -13"><span class='ocrx_word' id='word_1_501' title='bbox 37 2289 60 2316; x_wconf 64' lang='grc' dir='ltr'><strong>δὲ</strong></span> <span class='ocrx_word' id='word_1_502' title='bbox 71 2293 112 2319; x_wconf 75' lang='grc' dir='ltr'><strong>καὶ</strong></span> <span class='ocrx_word' id='word_1_503' title='bbox 126 2293 277 2329; x_wconf 78' lang='grc' dir='ltr'>θερμαίνει.</span> <span class='ocrx_word' id='word_1_504' title='bbox 292 2294 328 2320; x_wconf 81' lang='grc' dir='ltr'>Τὸ</span> <span class='ocrx_word' id='word_1_505' title='bbox 342 2294 363 2321; x_wconf 73' lang='grc' dir='ltr'><strong>δ’</strong></span> <span class='ocrx_word' id='word_1_506' title='bbox 377 2294 442 2321; x_wconf 76' lang='grc' dir='ltr'>αὐτὸ</span> <span class='ocrx_word' id='word_1_507' title='bbox 452 2293 623 2329; x_wconf 75' lang='grc' dir='ltr'>παράδειγμα</span> <span class='ocrx_word' id='word_1_508' title='bbox 638 2295 684 2321; x_wconf 76' lang='grc' dir='ltr'>καὶ</span> <span class='ocrx_word' id='word_1_509' title='bbox 697 2294 744 2320; x_wconf 73' lang='grc' dir='ltr'>ἐπὶ</span> <span class='ocrx_word' id='word_1_510' title='bbox 756 2294 806 2329; x_wconf 83' lang='grc' dir='ltr'>τῆς</span> 
     </span>
    </p>
   </div>
   <div class='ocr_carea' id='block_1_61' title="bbox 39 2337 805 2376">
    <p class='ocr_par' dir='ltr' id='par_1_61' title="bbox 39 2337 805 2376">
     <span class='ocr_line' id='line_1_61' title="bbox 39 2337 805 2376; baseline 0.001 -11"><span class='ocrx_word' id='word_1_511' title='bbox 39 2337 136 2375; x_wconf 60' lang='grc' dir='ltr'>σελήνης</span> <span class='ocrx_word' id='word_1_512' title='bbox 160 2340 323 2376; x_wconf 79' lang='grc' dir='ltr'>καθέστηκε.</span> <span class='ocrx_word' id='word_1_513' title='bbox 347 2340 402 2367; x_wconf 81' lang='grc' dir='ltr'><strong>Καὶ</strong></span> <span class='ocrx_word' id='word_1_514' title='bbox 423 2340 477 2376; x_wconf 85' lang='grc' dir='ltr'><strong>γὰρ</strong></span> <span class='ocrx_word' id='word_1_515' title='bbox 500 2340 568 2376; x_wconf 74' lang='grc' dir='ltr'>αὕτη</span> <span class='ocrx_word' id='word_1_516' title='bbox 587 2340 638 2367; x_wconf 80' lang='grc' dir='ltr'><strong>ὑπὸ</strong></span> <span class='ocrx_word' id='word_1_517' title='bbox 662 2340 708 2366; x_wconf 82' lang='grc' dir='ltr'>τοῦ</span> <span class='ocrx_word' id='word_1_518' title='bbox 730 2340 805 2376; x_wconf 87' lang='grc' dir='ltr'>ἡλίου</span> 
     </span>
    </p>
   </div>
   <div class='ocr_carea' id='block_1_62' title="bbox 38 2384 806 2422">
    <p class='ocr_par' dir='ltr' id='par_1_62' title="bbox 38 2384 806 2422">
     <span class='ocr_line' id='line_1_62' title="bbox 38 2384 806 2422; baseline 0.003 -12"><span class='ocrx_word' id='word_1_519' title='bbox 38 2384 193 2421; x_wconf 75' lang='grc' dir='ltr'>φωτιζομένη</span> <span class='ocrx_word' id='word_1_520' title='bbox 218 2386 393 2422; x_wconf 82' lang='grc' dir='ltr'>φανερωτέρα</span> <span class='ocrx_word' id='word_1_521' title='bbox 417 2385 538 2420; x_wconf 85' lang='grc' dir='ltr'>γίνεται,</span> <span class='ocrx_word' id='word_1_522' title='bbox 563 2385 656 2422; x_wconf 83' lang='grc' dir='ltr'>ὥσπερ</span> <span class='ocrx_word' id='word_1_523' title='bbox 681 2386 732 2412; x_wconf 82' lang='grc' dir='ltr'><strong>ὑπὸ</strong></span> <span class='ocrx_word' id='word_1_524' title='bbox 756 2386 806 2421; x_wconf 76' lang='grc' dir='ltr'>τῆς</span> 
     </span>
    </p>
   </div>
   <div class='ocr_carea' id='block_1_63' title="bbox 36 2430 805 2468">
    <p class='ocr_par' dir='ltr' id='par_1_63' title="bbox 36 2430 805 2468">
     <span class='ocr_line' id='line_1_63' title="bbox 36 2430 805 2468; baseline 0.001 -10"><span class='ocrx_word' id='word_1_525' title='bbox 36 2430 129 2467; x_wconf 76' lang='grc' dir='ltr'>ἡμέρας</span> <span class='ocrx_word' id='word_1_526' title='bbox 143 2433 158 2459; x_wconf 85' lang='grc' dir='ltr'>ὀ</span> <span class='ocrx_word' id='word_1_527' title='bbox 180 2432 266 2468; x_wconf 83' lang='grc' dir='ltr'>ἡλιος.</span> <span class='ocrx_word' id='word_1_528' title='bbox 284 2433 320 2459; x_wconf 83' lang='grc' dir='ltr'><strong>Τὸ</strong></span> <span class='ocrx_word' id='word_1_529' title='bbox 336 2432 389 2468; x_wconf 85' lang='grc' dir='ltr'><strong>γὰρ</strong></span> <span class='ocrx_word' id='word_1_530' title='bbox 410 2433 459 2468; x_wconf 81' lang='grc' dir='ltr'>τῆς</span> <span class='ocrx_word' id='word_1_531' title='bbox 485 2432 597 2468; x_wconf 85' lang='grc' dir='ltr'>σελήνης</span> <span class='ocrx_word' id='word_1_532' title='bbox 613 2430 682 2464; x_wconf 78' lang='grc' dir='ltr'>εἶδος</span> <span class='ocrx_word' id='word_1_533' title='bbox 705 2432 805 2468; x_wconf 83' lang='grc' dir='ltr'>ἀνθρα-</span> 
     </span>
    </p>
   </div>
   <div class='ocr_carea' id='block_1_64' title="bbox 36 2478 804 2514">
    <p class='ocr_par' dir='ltr' id='par_1_64' title="bbox 36 2478 804 2514">
     <span class='ocr_line' id='line_1_64' title="bbox 36 2478 804 2514; baseline 0.003 -11"><span class='ocrx_word' id='word_1_534' title='bbox 36 2478 125 2509; x_wconf 57' lang='lat' dir='ltr'><strong>mauis;</strong></span> <span class='ocrx_word' id='word_1_535' title='bbox 139 2479 280 2514; x_wconf 81' lang='grc' dir='ltr'>τυγχάνει,</span> <span class='ocrx_word' id='word_1_536' title='bbox 296 2479 333 2510; x_wconf 83' lang='grc' dir='ltr'>ὡς</span> <span class='ocrx_word' id='word_1_537' title='bbox 345 2479 417 2506; x_wconf 77' lang='grc' dir='ltr'>ἐστιν</span> <span class='ocrx_word' id='word_1_538' title='bbox 441 2478 503 2504; x_wconf 81' lang='grc' dir='ltr'>ἰδεῖν</span> <span class='ocrx_word' id='word_1_539' title='bbox 520 2479 565 2505; x_wconf 81' lang='grc' dir='ltr'><strong>ἐπὶ</strong></span> <span class='ocrx_word' id='word_1_540' title='bbox 579 2478 628 2514; x_wconf 86' lang='grc' dir='ltr'>τῆς</span> <span class='ocrx_word' id='word_1_541' title='bbox 643 2478 787 2513; x_wconf 66' lang='grc' dir='ltr'>ἐκλείψεως</span> <span class='ocrx_word' id='word_1_542' title='bbox 797 2487 804 2494; x_wconf 91' lang='grc'><strong>·</strong></span> 
     </span>
    </p>
   </div>
   <div class='ocr_carea' id='block_1_65' title="bbox 36 2523 806 2561">
    <p class='ocr_par' dir='ltr' id='par_1_65' title="bbox 36 2523 806 2561">
     <span class='ocr_line' id='line_1_65' title="bbox 36 2523 806 2561; baseline 0.003 -12"><span class='ocrx_word' id='word_1_543' title='bbox 36 2523 133 2560; x_wconf 74' lang='grc' dir='ltr'>ἀπάρας</span> <span class='ocrx_word' id='word_1_544' title='bbox 155 2526 211 2561; x_wconf 79' lang='grc' dir='ltr'>γὰρ</span> <span class='ocrx_word' id='word_1_545' title='bbox 237 2525 283 2551; x_wconf 79' lang='grc' dir='ltr'><strong>ἀπ’</strong></span> <span class='ocrx_word' id='word_1_546' title='bbox 305 2525 390 2560; x_wconf 81' lang='grc' dir='ltr'>αὐτῆς</span> <span class='ocrx_word' id='word_1_547' title='bbox 409 2526 439 2552; x_wconf 86' lang='grc' dir='ltr'>τὸ</span> <span class='ocrx_word' id='word_1_548' title='bbox 462 2526 560 2552; x_wconf 84' lang='grc' dir='ltr'>οἰκεῖον</span> <span class='ocrx_word' id='word_1_549' title='bbox 581 2524 681 2559; x_wconf 80' lang='grc' dir='ltr'>φέγγος</span> <span class='ocrx_word' id='word_1_550' title='bbox 694 2525 708 2551; x_wconf 88' lang='grc' dir='ltr'><strong>ό</strong></span> <span class='ocrx_word' id='word_1_551' title='bbox 732 2525 806 2560; x_wconf 72' lang='grc' dir='ltr'>ἥλιος</span> 
     </span>
    </p>
   </div>
   <div class='ocr_carea' id='block_1_66' title="bbox 35 2569 807 2606">
    <p class='ocr_par' dir='ltr' id='par_1_66' title="bbox 35 2569 807 2606">
     <span class='ocr_line' id='line_1_66' title="bbox 35 2569 807 2606; baseline 0.001 -11"><span class='ocrx_word' id='word_1_552' title='bbox 35 2569 151 2605; x_wconf 75' lang='grc' dir='ltr'>ἀμαυρὰν</span> <span class='ocrx_word' id='word_1_553' title='bbox 166 2571 251 2606; x_wconf 81' lang='grc' dir='ltr'>αὐτὴν</span> <span class='ocrx_word' id='word_1_554' title='bbox 273 2571 432 2605; x_wconf 64' lang='grc' dir='ltr'>καθίστησι·</span> <span class='ocrx_word' id='word_1_555' title='bbox 448 2569 571 2605; x_wconf 82' lang='grc' dir='ltr'>φωτίζων</span> <span class='ocrx_word' id='word_1_556' title='bbox 582 2570 610 2596; x_wconf 82' lang='grc' dir='ltr'>δὲ</span> <span class='ocrx_word' id='word_1_557' title='bbox 624 2570 706 2605; x_wconf 84' lang='grc' dir='ltr'>αὐτὴν</span> <span class='ocrx_word' id='word_1_558' title='bbox 716 2590 724 2602; x_wconf 87' lang='grc'><strong>,</strong></span> <span class='ocrx_word' id='word_1_559' title='bbox 740 2570 807 2605; x_wconf 87' lang='grc' dir='ltr'>πλη-</span> 
     </span>
    </p>
   </div>
   <div class='ocr_carea' id='block_1_67' title="bbox 37 2615 807 2652">
    <p class='ocr_par' dir='ltr' id='par_1_67' title="bbox 37 2615 807 2652">
     <span class='ocr_line' id='line_1_67' title="bbox 37 2615 807 2652; baseline -0.003 -9"><span class='ocrx_word' id='word_1_560' title='bbox 37 2616 110 2651; x_wconf 68' lang='grc' dir='ltr'>σιφαῆ</span> <span class='ocrx_word' id='word_1_561' title='bbox 140 2616 335 2652; x_wconf 80' lang='grc' dir='ltr'>ἀπεργάζεται.</span> <span class='ocrx_word' id='word_1_562' title='bbox 373 2616 530 2651; x_wconf 80' lang='grc' dir='ltr'>Ἑνδυομένη</span> <span class='ocrx_word' id='word_1_563' title='bbox 557 2615 611 2651; x_wconf 81' lang='grc' dir='ltr'><strong>γάρ</strong></span> <span class='ocrx_word' id='word_1_564' title='bbox 628 2624 686 2646; x_wconf 82' lang='grc' dir='ltr'><strong>πως</strong></span> <span class='ocrx_word' id='word_1_565' title='bbox 721 2615 750 2641; x_wconf 80' lang='grc' dir='ltr'>τὸ</span> <span class='ocrx_word' id='word_1_566' title='bbox 775 2616 807 2650; x_wconf 88' lang='grc' dir='ltr'>ἡ-</span> 
     </span>
    </p>
   </div>
   <div class='ocr_carea' id='block_1_68' title="bbox 35 2659 805 2698">
    <p class='ocr_par' dir='ltr' id='par_1_68' title="bbox 35 2659 805 2698">
     <span class='ocr_line' id='line_1_68' title="bbox 35 2659 805 2698; baseline 0 -13"><span class='ocrx_word' id='word_1_567' title='bbox 35 2659 117 2688; x_wconf 72' lang='grc' dir='ltr'>λιακὸν</span> <span class='ocrx_word' id='word_1_568' title='bbox 142 2662 202 2696; x_wconf 80' lang='grc' dir='ltr'>φῶς</span> <span class='ocrx_word' id='word_1_569' title='bbox 225 2662 388 2698; x_wconf 77' lang='grc' dir='ltr'>φαιδροτέρα</span> <span class='ocrx_word' id='word_1_570' title='bbox 412 2660 584 2688; x_wconf 66' lang='grc' dir='ltr'>καθίπαταν</span> <span class='ocrx_word' id='word_1_571' title='bbox 606 2660 651 2686; x_wconf 76' lang='grc' dir='ltr'><strong>τὸν</strong></span> <span class='ocrx_word' id='word_1_572' title='bbox 675 2660 756 2686; x_wconf 80' lang='grc' dir='ltr'>αὐτὸν</span> <span class='ocrx_word' id='word_1_573' title='bbox 774 2660 805 2696; x_wconf 85' lang='grc' dir='ltr'><strong>δὴ</strong></span> 
     </span>
    </p>
   </div>
   <div class='ocr_carea' id='block_1_69' title="bbox 33 2705 804 2743">
    <p class='ocr_par' dir='ltr' id='par_1_69' title="bbox 33 2705 804 2743">
     <span class='ocr_line' id='line_1_69' title="bbox 33 2705 804 2743; baseline 0.001 -12"><span class='ocrx_word' id='word_1_574' title='bbox 33 2705 122 2739; x_wconf 76' lang='grc' dir='ltr'>τρόπον</span> <span class='ocrx_word' id='word_1_575' title='bbox 134 2707 181 2734; x_wconf 72' lang='grc' dir='ltr'>καὶ</span> <span class='ocrx_word' id='word_1_576' title='bbox 197 2709 212 2734; x_wconf 79' lang='grc' dir='ltr'>ὁ</span> <span class='ocrx_word' id='word_1_577' title='bbox 226 2708 300 2743; x_wconf 77' lang='grc' dir='ltr'>ἥλιος</span> <span class='ocrx_word' id='word_1_578' title='bbox 312 2728 319 2740; x_wconf 93' lang='grc'><strong>,</strong></span> <span class='ocrx_word' id='word_1_579' title='bbox 339 2708 389 2743; x_wconf 83' lang='grc' dir='ltr'>τῆς</span> <span class='ocrx_word' id='word_1_580' title='bbox 403 2708 507 2743; x_wconf 80' lang='grc' dir='ltr'>ἡμέρας</span> <span class='ocrx_word' id='word_1_581' title='bbox 523 2707 553 2733; x_wconf 82' lang='grc' dir='ltr'>τὸ</span> <span class='ocrx_word' id='word_1_582' title='bbox 566 2706 623 2741; x_wconf 84' lang='grc' dir='ltr'><strong>φῶς</strong></span> <span class='ocrx_word' id='word_1_583' title='bbox 639 2706 804 2742; x_wconf 70' lang='grc' dir='ltr'>ἐνδυόμενος,</span> 
     </span>
    </p>
   </div>
   <div class='ocr_carea' id='block_1_70' title="bbox 33 2748 805 2790">
    <p class='ocr_par' dir='ltr' id='par_1_70' title="bbox 33 2748 805 2790">
     <span class='ocr_line' id='line_1_70' title="bbox 33 2748 805 2790; baseline 0.001 -12"><span class='ocrx_word' id='word_1_584' title='bbox 33 2748 212 2789; x_wconf 65' lang='grc' dir='ltr'>λαμπρότερος</span> <span class='ocrx_word' id='word_1_585' title='bbox 235 2754 378 2789; x_wconf 73' lang='grc' dir='ltr'>τυγχάνει,</span> <span class='ocrx_word' id='word_1_586' title='bbox 402 2754 450 2790; x_wconf 76' lang='grc' dir='ltr'>τῆς</span> <span class='ocrx_word' id='word_1_587' title='bbox 476 2753 581 2789; x_wconf 81' lang='grc' dir='ltr'>ἡμέρας</span> <span class='ocrx_word' id='word_1_588' title='bbox 608 2753 713 2788; x_wconf 75' lang='grc' dir='ltr'>ἐκείνης</span> <span class='ocrx_word' id='word_1_589' title='bbox 738 2752 805 2789; x_wconf 76' lang='grc' dir='ltr'>μήτε</span> 
     </span>
    </p>
   </div>
   <div class='ocr_carea' id='block_1_71' title="bbox 63 2839 260 2874">
    <p class='ocr_par' dir='ltr' id='par_1_71' title="bbox 63 2839 260 2874">
     <span class='ocr_line' id='line_1_71' title="bbox 63 2839 260 2874; baseline 0.015 -7"><span class='ocrx_word' id='word_1_590' title='bbox 63 2839 81 2855; x_wconf 84' lang='grc'><strong>¹¹</strong></span> <span class='ocrx_word' id='word_1_591' title='bbox 98 2839 162 2870; x_wconf 77' lang='lat' dir='ltr'><strong>Gen.</strong></span> <span class='ocrx_word' id='word_1_592' title='bbox 183 2850 202 2874; x_wconf 83' lang='lat' dir='ltr'><strong>I.</strong></span> <span class='ocrx_word' id='word_1_593' title='bbox 222 2841 260 2870; x_wconf 80' lang='lat' dir='ltr'><strong>l6.</strong></span> 
     </span>
    </p>
   </div>
   <div class='ocr_carea' id='block_1_72' title="bbox 899 823 1642 860">
    <p class='ocr_par' dir='ltr' id='par_1_72' title="bbox 899 823 1642 860">
     <span class='ocr_line' id='line_1_72' title="bbox 899 823 1642 860; baseline 0.005 -7"><span class='ocrx_word' id='word_1_594' title='bbox 899 826 925 853; x_wconf 69' lang='grc'><strong>4.</strong></span> <span class='ocrx_word' id='word_1_595' title='bbox 943 825 1046 859; x_wconf 84' lang='lat' dir='ltr'><strong>Quarto</strong></span> <span class='ocrx_word' id='word_1_596' title='bbox 1058 824 1100 852; x_wconf 90' lang='lat' dir='ltr'><strong>die</strong></span> <span class='ocrx_word' id='word_1_597' title='bbox 1112 824 1183 852; x_wconf 88' lang='lat' dir='ltr'><strong>Deus</strong></span> <span class='ocrx_word' id='word_1_598' title='bbox 1196 823 1248 850; x_wconf 86' lang='lat' dir='ltr'><strong>duo</strong></span> <span class='ocrx_word' id='word_1_599' title='bbox 1268 824 1410 851; x_wconf 84' lang='lat' dir='ltr'><strong>luminaria</strong></span> <span class='ocrx_word' id='word_1_600' title='bbox 1427 833 1523 860; x_wconf 79' lang='lat' dir='ltr'><strong>magna</strong></span> <span class='ocrx_word' id='word_1_601' title='bbox 1545 829 1642 857; x_wconf 72' lang='lat' dir='ltr'><strong>creavit</strong></span> 
     </span>
    </p>
   </div>
   <div class='ocr_carea' id='block_1_73' title="bbox 861 870 1644 907">
    <p class='ocr_par' dir='ltr' id='par_1_73' title="bbox 861 870 1644 907">
     <span class='ocr_line' id='line_1_73' title="bbox 861 870 1644 907; baseline 0.005 -9"><span class='ocrx_word' id='word_1_602' title='bbox 861 871 942 898; x_wconf 76' lang='lat' dir='ltr'><strong>solem</strong></span> <span class='ocrx_word' id='word_1_603' title='bbox 965 876 987 897; x_wconf 82' lang='lat' dir='ltr'><strong>et</strong></span> <span class='ocrx_word' id='word_1_604' title='bbox 1002 871 1090 897; x_wconf 77' lang='lat' dir='ltr'><strong>limam</strong></span> <span class='ocrx_word' id='word_1_605' title='bbox 1106 871 1132 897; x_wconf 84' lang='lat' dir='ltr'><strong>in</strong></span> <span class='ocrx_word' id='word_1_606' title='bbox 1150 871 1315 904; x_wconf 75' lang='lat' dir='ltr'><strong>ﬁrmamento</strong></span> <span class='ocrx_word' id='word_1_607' title='bbox 1332 870 1398 902; x_wconf 72' lang='lat' dir='ltr'><strong>mli,</strong></span> <span class='ocrx_word' id='word_1_608' title='bbox 1420 876 1448 897; x_wconf 79' lang='grc' dir='ltr'><strong>ιιι</strong></span> <span class='ocrx_word' id='word_1_609' title='bbox 1470 872 1583 901; x_wconf 73' lang='lat' dir='ltr'><strong>lacerent</strong></span> <span class='ocrx_word' id='word_1_610' title='bbox 1599 884 1644 907; x_wconf 76' lang='grc' dir='ltr'><strong>ση-</strong></span> 
     </span>
    </p>
   </div>
   <div class='ocr_carea' id='block_1_74' title="bbox 860 915 1644 952">
    <p class='ocr_par' dir='ltr' id='par_1_74' title="bbox 860 915 1644 952">
     <span class='ocr_line' id='line_1_74' title="bbox 860 915 1644 952; baseline 0.004 -8"><span class='ocrx_word' id='word_1_611' title='bbox 860 926 906 952; x_wconf 81' lang='lat' dir='ltr'><strong>per</strong></span> <span class='ocrx_word' id='word_1_612' title='bbox 922 922 1020 944; x_wconf 79' lang='lat' dir='ltr'><strong>terram</strong></span> <span class='ocrx_word' id='word_1_613' title='bbox 1047 915 1080 942; x_wconf 84' lang='lat' dir='ltr'><strong>ad</strong></span> <span class='ocrx_word' id='word_1_614' title='bbox 1103 915 1269 942; x_wconf 84' lang='lat' dir='ltr'><strong>dividendum</strong></span> <span class='ocrx_word' id='word_1_615' title='bbox 1289 915 1357 943; x_wconf 80' lang='lat' dir='ltr'><strong>diem</strong></span> <span class='ocrx_word' id='word_1_616' title='bbox 1377 920 1400 942; x_wconf 89' lang='lat' dir='ltr'><strong>et</strong></span> <span class='ocrx_word' id='word_1_617' title='bbox 1418 921 1518 944; x_wconf 67' lang='lat' dir='ltr'><strong>noctem</strong></span> <span class='ocrx_word' id='word_1_618' title='bbox 1531 919 1562 946; x_wconf 81' lang='lat'><strong>“.</strong></span> <span class='ocrx_word' id='word_1_619' title='bbox 1586 919 1644 948; x_wconf 77' lang='lat' dir='ltr'><strong>Hoc</strong></span> 
     </span>
    </p>
   </div>
   <div class='ocr_carea' id='block_1_75' title="bbox 861 962 1644 998">
    <p class='ocr_par' dir='ltr' id='par_1_75' title="bbox 861 962 1644 998">
     <span class='ocr_line' id='line_1_75' title="bbox 861 962 1644 998; baseline 0.003 -7"><span class='ocrx_word' id='word_1_620' title='bbox 861 964 926 991; x_wconf 87' lang='lat' dir='ltr'><strong>solis</strong></span> <span class='ocrx_word' id='word_1_621' title='bbox 939 963 1032 990; x_wconf 92' lang='lat' dir='ltr'><strong>lumen</strong></span> <span class='ocrx_word' id='word_1_622' title='bbox 1049 962 1173 997; x_wconf 90' lang='lat' dir='ltr'><strong>utprimo</strong></span> <span class='ocrx_word' id='word_1_623' title='bbox 1188 962 1227 989; x_wconf 92' lang='lat' dir='ltr'><strong>illi</strong></span> <span class='ocrx_word' id='word_1_624' title='bbox 1253 967 1316 989; x_wconf 89' lang='lat' dir='ltr'><strong>nato</strong></span> <span class='ocrx_word' id='word_1_625' title='bbox 1329 962 1424 990; x_wconf 91' lang='lat' dir='ltr'><strong>lumini</strong></span> <span class='ocrx_word' id='word_1_626' title='bbox 1438 964 1516 998; x_wconf 87' lang='lat' dir='ltr'><strong>quasi</strong></span> <span class='ocrx_word' id='word_1_627' title='bbox 1535 965 1644 993; x_wconf 82' lang='lat' dir='ltr'><strong>vehicu-</strong></span> 
     </span>
    </p>
   </div>
   <div class='ocr_carea' id='block_1_76' title="bbox 860 1008 1643 1040">
    <p class='ocr_par' dir='ltr' id='par_1_76' title="bbox 860 1008 1643 1040">
     <span class='ocr_line' id='line_1_76' title="bbox 860 1008 1643 1040; baseline 0.001 -2"><span class='ocrx_word' id='word_1_628' title='bbox 860 1011 915 1038; x_wconf 91' lang='lat' dir='ltr'><strong>lum</strong></span> <span class='ocrx_word' id='word_1_629' title='bbox 929 1009 1088 1040; x_wconf 80' lang='lat' dir='ltr'><strong>deserviret.</strong></span> <span class='ocrx_word' id='word_1_630' title='bbox 1103 1008 1256 1035; x_wconf 84' lang='lat' dir='ltr'><strong>ordinatum</strong></span> <span class='ocrx_word' id='word_1_631' title='bbox 1276 1011 1328 1036; x_wconf 88' lang='lat' dir='ltr'><strong>est.</strong></span> <span class='ocrx_word' id='word_1_632' title='bbox 1343 1008 1447 1036; x_wconf 82' lang='lat' dir='ltr'><strong>Etenim</strong></span> <span class='ocrx_word' id='word_1_633' title='bbox 1468 1011 1553 1038; x_wconf 79' lang='lat' dir='ltr'><strong>veluti</strong></span> <span class='ocrx_word' id='word_1_634' title='bbox 1569 1012 1643 1039; x_wconf 85' lang='lat' dir='ltr'><strong>aliud</strong></span> 
     </span>
    </p>
   </div>
   <div class='ocr_carea' id='block_1_77' title="bbox 859 1053 1642 1089">
    <p class='ocr_par' dir='ltr' id='par_1_77' title="bbox 859 1053 1642 1089">
     <span class='ocr_line' id='line_1_77' title="bbox 859 1053 1642 1089; baseline 0 -6"><span class='ocrx_word' id='word_1_635' title='bbox 859 1060 902 1083; x_wconf 89' lang='lat' dir='ltr'><strong>est</strong></span> <span class='ocrx_word' id='word_1_636' title='bbox 918 1055 999 1089; x_wconf 81' lang='lat' dir='ltr'><strong>ignis,</strong></span> <span class='ocrx_word' id='word_1_637' title='bbox 1011 1057 1039 1081; x_wconf 90' lang='lat' dir='ltr'><strong>et</strong></span> <span class='ocrx_word' id='word_1_638' title='bbox 1060 1055 1169 1080; x_wconf 85' lang='lat' dir='ltr'><strong>lucerna</strong></span> <span class='ocrx_word' id='word_1_639' title='bbox 1182 1053 1265 1085; x_wconf 84' lang='lat' dir='ltr'><strong>aliud,</strong></span> <span class='ocrx_word' id='word_1_640' title='bbox 1277 1053 1321 1080; x_wconf 86' lang='lat' dir='ltr'><strong>hic</strong></span> <span class='ocrx_word' id='word_1_641' title='bbox 1330 1054 1402 1081; x_wconf 81' lang='lat' dir='ltr'><strong>enim</strong></span> <span class='ocrx_word' id='word_1_642' title='bbox 1418 1055 1471 1082; x_wconf 92' lang='lat' dir='ltr'><strong>vim</strong></span> <span class='ocrx_word' id='word_1_643' title='bbox 1482 1055 1562 1083; x_wconf 84' lang='lat' dir='ltr'><strong>habet</strong></span> <span class='ocrx_word' id='word_1_644' title='bbox 1579 1057 1642 1084; x_wconf 93' lang='lat' dir='ltr'><strong>illu-</strong></span> 
     </span>
    </p>
   </div>
   <div class='ocr_carea' id='block_1_78' title="bbox 859 1098 1644 1136">
    <p class='ocr_par' dir='ltr' id='par_1_78' title="bbox 859 1098 1644 1136">
     <span class='ocr_line' id='line_1_78' title="bbox 859 1098 1644 1136; baseline 0.003 -10"><span class='ocrx_word' id='word_1_645' title='bbox 859 1100 993 1132; x_wconf 88' lang='lat' dir='ltr'><strong>minandi,</strong></span> <span class='ocrx_word' id='word_1_646' title='bbox 1010 1099 1055 1126; x_wconf 90' lang='lat' dir='ltr'><strong>illa</strong></span> <span class='ocrx_word' id='word_1_647' title='bbox 1064 1099 1206 1133; x_wconf 82' lang='lat' dir='ltr'><strong>egentibus</strong></span> <span class='ocrx_word' id='word_1_648' title='bbox 1217 1099 1308 1125; x_wconf 90' lang='lat' dir='ltr'><strong>lumen</strong></span> <span class='ocrx_word' id='word_1_649' title='bbox 1320 1098 1479 1134; x_wconf 79' lang='lat' dir='ltr'><strong>praeferendi</strong></span> <span class='ocrx_word' id='word_1_650' title='bbox 1491 1109 1498 1133; x_wconf 88' lang='lat'><strong>;</strong></span> <span class='ocrx_word' id='word_1_651' title='bbox 1511 1105 1536 1127; x_wconf 88' lang='lat' dir='ltr'><strong>et</strong></span> <span class='ocrx_word' id='word_1_652' title='bbox 1549 1108 1629 1136; x_wconf 85' lang='lat' dir='ltr'><strong>quem</strong></span> <span class='ocrx_word' id='word_1_653' title='bbox 1638 1117 1644 1121; x_wconf 96' lang='lat'><strong><em>-</em></strong></span> 
     </span>
    </p>
   </div>
   <div class='ocr_carea' id='block_1_79' title="bbox 860 1144 1645 1181">
    <p class='ocr_par' dir='ltr' id='par_1_79' title="bbox 860 1144 1645 1181">
     <span class='ocr_line' id='line_1_79' title="bbox 860 1144 1645 1181; baseline 0.001 -7"><span class='ocrx_word' id='word_1_654' title='bbox 860 1145 1004 1174; x_wconf 89' lang='lat' dir='ltr'><strong>admodum</strong></span> <span class='ocrx_word' id='word_1_655' title='bbox 1019 1145 1091 1172; x_wconf 91' lang='lat' dir='ltr'><strong>aliud</strong></span> <span class='ocrx_word' id='word_1_656' title='bbox 1107 1149 1149 1172; x_wconf 86' lang='lat' dir='ltr'><strong>est</strong></span> <span class='ocrx_word' id='word_1_657' title='bbox 1166 1144 1268 1172; x_wconf 85' lang='lat' dir='ltr'><strong>candor</strong></span> <span class='ocrx_word' id='word_1_658' title='bbox 1297 1149 1324 1172; x_wconf 91' lang='lat' dir='ltr'><strong>et</strong></span> <span class='ocrx_word' id='word_1_659' title='bbox 1341 1145 1413 1172; x_wconf 90' lang='lat' dir='ltr'><strong>aliud</strong></span> <span class='ocrx_word' id='word_1_660' title='bbox 1432 1153 1532 1181; x_wconf 89' lang='lat' dir='ltr'><strong>corpus</strong></span> <span class='ocrx_word' id='word_1_661' title='bbox 1554 1147 1645 1175; x_wconf 86' lang='lat' dir='ltr'><strong>candi-</strong></span> 
     </span>
    </p>
   </div>
   <div class='ocr_carea' id='block_1_80' title="bbox 860 1192 1643 1228">
    <p class='ocr_par' dir='ltr' id='par_1_80' title="bbox 860 1192 1643 1228">
     <span class='ocr_line' id='line_1_80' title="bbox 860 1192 1643 1228; baseline 0.001 -6"><span class='ocrx_word' id='word_1_662' title='bbox 860 1195 934 1225; x_wconf 83' lang='lat' dir='ltr'><strong>dum.</strong></span> <span class='ocrx_word' id='word_1_663' title='bbox 945 1195 984 1222; x_wconf 87' lang='lat' dir='ltr'><strong>sic</strong></span> <span class='ocrx_word' id='word_1_664' title='bbox 999 1197 1025 1221; x_wconf 87' lang='lat' dir='ltr'><strong>et</strong></span> <span class='ocrx_word' id='word_1_665' title='bbox 1038 1193 1106 1226; x_wconf 66' lang='lat' dir='ltr'><strong>hinc,</strong></span> <span class='ocrx_word' id='word_1_666' title='bbox 1120 1194 1243 1228; x_wconf 91' lang='lat' dir='ltr'><strong>quamvis</strong></span> <span class='ocrx_word' id='word_1_667' title='bbox 1257 1192 1371 1220; x_wconf 73' lang='lat' dir='ltr'><strong>dirersze</strong></span> <span class='ocrx_word' id='word_1_668' title='bbox 1386 1197 1490 1220; x_wconf 67' lang='lat' dir='ltr'><strong>natura:</strong></span> <span class='ocrx_word' id='word_1_669' title='bbox 1505 1193 1643 1223; x_wconf 84' lang='lat' dir='ltr'><strong>Creatoris</strong></span> 
     </span>
    </p>
   </div>
   <div class='ocr_carea' id='block_1_81' title="bbox 859 1239 1642 1275">
    <p class='ocr_par' dir='ltr' id='par_1_81' title="bbox 859 1239 1642 1275">
     <span class='ocr_line' id='line_1_81' title="bbox 859 1239 1642 1275; baseline 0 -7"><span class='ocrx_word' id='word_1_670' title='bbox 859 1241 975 1268; x_wconf 75' lang='lat' dir='ltr'><strong>facultas</strong></span> <span class='ocrx_word' id='word_1_671' title='bbox 984 1241 1010 1267; x_wconf 93' lang='lat' dir='ltr'><strong>in</strong></span> <span class='ocrx_word' id='word_1_672' title='bbox 1019 1248 1103 1267; x_wconf 87' lang='lat' dir='ltr'><strong>unum</strong></span> <span class='ocrx_word' id='word_1_673' title='bbox 1114 1240 1237 1275; x_wconf 82' lang='lat' dir='ltr'><strong>copulata</strong></span> <span class='ocrx_word' id='word_1_674' title='bbox 1250 1239 1400 1273; x_wconf 78' lang='lat' dir='ltr'><strong>conjunxit.</strong></span> <span class='ocrx_word' id='word_1_675' title='bbox 1413 1239 1517 1266; x_wconf 86' lang='lat' dir='ltr'><strong>Etcave</strong></span> <span class='ocrx_word' id='word_1_676' title='bbox 1523 1248 1556 1267; x_wconf 91' lang='lat' dir='ltr'><strong>ne</strong></span> <span class='ocrx_word' id='word_1_677' title='bbox 1566 1246 1642 1275; x_wconf 83' lang='lat' dir='ltr'><strong>putes</strong></span> 
     </span>
    </p>
   </div>
   <div class='ocr_carea' id='block_1_82' title="bbox 859 1284 1643 1321">
    <p class='ocr_par' dir='ltr' id='par_1_82' title="bbox 859 1284 1643 1321">
     <span class='ocr_line' id='line_1_82' title="bbox 859 1284 1643 1321; baseline -0.001 -7"><span class='ocrx_word' id='word_1_678' title='bbox 859 1287 931 1315; x_wconf 91' lang='lat' dir='ltr'><strong>idem</strong></span> <span class='ocrx_word' id='word_1_679' title='bbox 945 1294 1006 1314; x_wconf 87' lang='lat' dir='ltr'><strong>esse</strong></span> <span class='ocrx_word' id='word_1_680' title='bbox 1029 1286 1099 1313; x_wconf 90' lang='lat' dir='ltr'><strong>diem</strong></span> <span class='ocrx_word' id='word_1_681' title='bbox 1129 1289 1155 1313; x_wconf 91' lang='lat' dir='ltr'><strong>et</strong></span> <span class='ocrx_word' id='word_1_682' title='bbox 1181 1285 1276 1312; x_wconf 79' lang='lat' dir='ltr'><strong>solem.</strong></span> <span class='ocrx_word' id='word_1_683' title='bbox 1305 1284 1426 1312; x_wconf 88' lang='lat' dir='ltr'><strong>Primum</strong></span> <span class='ocrx_word' id='word_1_684' title='bbox 1457 1286 1528 1312; x_wconf 87' lang='lat' dir='ltr'><strong>enim</strong></span> <span class='ocrx_word' id='word_1_685' title='bbox 1547 1285 1643 1321; x_wconf 77' lang='lat' dir='ltr'><strong>Opifex</strong></span> 
     </span>
    </p>
   </div>
   <div class='ocr_carea' id='block_1_83' title="bbox 859 1330 1641 1368">
    <p class='ocr_par' dir='ltr' id='par_1_83' title="bbox 859 1330 1641 1368">
     <span class='ocr_line' id='line_1_83' title="bbox 859 1330 1641 1368; baseline -0.003 -8"><span class='ocrx_word' id='word_1_686' title='bbox 859 1333 974 1368; x_wconf 75' lang='lat' dir='ltr'><strong>simplex</strong></span> <span class='ocrx_word' id='word_1_687' title='bbox 1002 1332 1093 1360; x_wconf 92' lang='lat' dir='ltr'><strong>lumen</strong></span> <span class='ocrx_word' id='word_1_688' title='bbox 1122 1331 1253 1363; x_wconf 80' lang='lat' dir='ltr'><strong>condidit.</strong></span> <span class='ocrx_word' id='word_1_689' title='bbox 1281 1330 1352 1366; x_wconf 89' lang='lat' dir='ltr'><strong>quod</strong></span> <span class='ocrx_word' id='word_1_690' title='bbox 1381 1335 1407 1358; x_wconf 90' lang='lat' dir='ltr'><strong>et</strong></span> <span class='ocrx_word' id='word_1_691' title='bbox 1432 1332 1502 1358; x_wconf 88' lang='lat' dir='ltr'><strong>diem</strong></span> <span class='ocrx_word' id='word_1_692' title='bbox 1525 1333 1641 1364; x_wconf 80' lang='lat' dir='ltr'><strong>vocavit,</strong></span> 
     </span>
    </p>
   </div>
   <div class='ocr_carea' id='block_1_84' title="bbox 859 1377 1642 1414">
    <p class='ocr_par' dir='ltr' id='par_1_84' title="bbox 859 1377 1642 1414">
     <span class='ocr_line' id='line_1_84' title="bbox 859 1377 1642 1414; baseline -0.003 -8"><span class='ocrx_word' id='word_1_693' title='bbox 859 1379 988 1414; x_wconf 82' lang='lat' dir='ltr'><strong>deinceps</strong></span> <span class='ocrx_word' id='word_1_694' title='bbox 1012 1378 1097 1406; x_wconf 86' lang='lat' dir='ltr'><strong>solem</strong></span> <span class='ocrx_word' id='word_1_695' title='bbox 1128 1386 1160 1405; x_wconf 78' lang='lat' dir='ltr'><strong>ex</strong></span> <span class='ocrx_word' id='word_1_696' title='bbox 1189 1377 1291 1404; x_wconf 89' lang='lat' dir='ltr'><strong>lumine</strong></span> <span class='ocrx_word' id='word_1_697' title='bbox 1311 1377 1399 1412; x_wconf 80' lang='lat' dir='ltr'><strong>ignem</strong></span> <span class='ocrx_word' id='word_1_698' title='bbox 1419 1384 1479 1411; x_wconf 67' lang='lat' dir='ltr'><strong>qua:</strong></span> <span class='ocrx_word' id='word_1_699' title='bbox 1505 1377 1642 1405; x_wconf 82' lang='lat' dir='ltr'><strong>conﬂavit.</strong></span> 
     </span>
    </p>
   </div>
   <div class='ocr_carea' id='block_1_85' title="bbox 859 1423 1644 1458">
    <p class='ocr_par' dir='ltr' id='par_1_85' title="bbox 859 1423 1644 1458">
     <span class='ocr_line' id='line_1_85' title="bbox 859 1423 1644 1458; baseline -0.001 -7"><span class='ocrx_word' id='word_1_700' title='bbox 859 1424 1092 1457; x_wconf 58' lang='lat' dir='ltr'><strong>Quemadmodum</strong></span> <span class='ocrx_word' id='word_1_701' title='bbox 1108 1423 1180 1450; x_wconf 87' lang='lat' dir='ltr'><strong>enim</strong></span> <span class='ocrx_word' id='word_1_702' title='bbox 1192 1427 1292 1450; x_wconf 88' lang='lat' dir='ltr'><strong>terram</strong></span> <span class='ocrx_word' id='word_1_703' title='bbox 1313 1423 1397 1456; x_wconf 88' lang='lat' dir='ltr'><strong>ipsam</strong></span> <span class='ocrx_word' id='word_1_704' title='bbox 1416 1423 1442 1450; x_wconf 90' lang='lat' dir='ltr'><strong>in</strong></span> <span class='ocrx_word' id='word_1_705' title='bbox 1474 1430 1523 1450; x_wconf 89' lang='lat' dir='ltr'><strong>suo</strong></span> <span class='ocrx_word' id='word_1_706' title='bbox 1540 1425 1644 1458; x_wconf 81' lang='lat' dir='ltr'><strong>gremio</strong></span> 
     </span>
    </p>
   </div>
   <div class='ocr_carea' id='block_1_86' title="bbox 858 1468 1644 1505">
    <p class='ocr_par' dir='ltr' id='par_1_86' title="bbox 858 1468 1644 1505">
     <span class='ocr_line' id='line_1_86' title="bbox 858 1468 1644 1505; baseline 0.001 -9"><span class='ocrx_word' id='word_1_707' title='bbox 858 1469 947 1505; x_wconf 78' lang='lat' dir='ltr'><strong>ignem</strong></span> <span class='ocrx_word' id='word_1_708' title='bbox 963 1468 1064 1496; x_wconf 82' lang='lat' dir='ltr'><strong>factum</strong></span> <span class='ocrx_word' id='word_1_709' title='bbox 1082 1469 1216 1496; x_wconf 89' lang='lat' dir='ltr'><strong>foventem</strong></span> <span class='ocrx_word' id='word_1_710' title='bbox 1239 1469 1387 1501; x_wconf 79' lang='lat' dir='ltr'><strong>cernimus,</strong></span> <span class='ocrx_word' id='word_1_711' title='bbox 1407 1469 1443 1495; x_wconf 87' lang='lat' dir='ltr'><strong>ita</strong></span> <span class='ocrx_word' id='word_1_712' title='bbox 1456 1473 1483 1496; x_wconf 90' lang='lat' dir='ltr'><strong>et</strong></span> <span class='ocrx_word' id='word_1_713' title='bbox 1498 1470 1581 1496; x_wconf 86' lang='lat' dir='ltr'><strong>solem</strong></span> <span class='ocrx_word' id='word_1_714' title='bbox 1600 1470 1644 1497; x_wconf 93' lang='lat' dir='ltr'><strong>lu-</strong></span> 
     </span>
    </p>
   </div>
   <div class='ocr_carea' id='block_1_87' title="bbox 860 1514 1642 1551">
    <p class='ocr_par' dir='ltr' id='par_1_87' title="bbox 860 1514 1642 1551">
     <span class='ocr_line' id='line_1_87' title="bbox 860 1514 1642 1551; baseline -0.001 -8"><span class='ocrx_word' id='word_1_715' title='bbox 860 1523 922 1543; x_wconf 92' lang='lat' dir='ltr'><strong>men</strong></span> <span class='ocrx_word' id='word_1_716' title='bbox 939 1519 1102 1551; x_wconf 80' lang='lat' dir='ltr'><strong>gestantem.</strong></span> <span class='ocrx_word' id='word_1_717' title='bbox 1116 1514 1182 1542; x_wconf 91' lang='lat' dir='ltr'><strong>Cum</strong></span> <span class='ocrx_word' id='word_1_718' title='bbox 1199 1515 1270 1541; x_wconf 91' lang='lat' dir='ltr'><strong>enim</strong></span> <span class='ocrx_word' id='word_1_719' title='bbox 1302 1514 1391 1542; x_wconf 89' lang='lat' dir='ltr'><strong>lumen</strong></span> <span class='ocrx_word' id='word_1_720' title='bbox 1418 1519 1445 1541; x_wconf 88' lang='lat' dir='ltr'><strong>et</strong></span> <span class='ocrx_word' id='word_1_721' title='bbox 1473 1515 1543 1550; x_wconf 77' lang='lat' dir='ltr'><strong>ignis</strong></span> <span class='ocrx_word' id='word_1_722' title='bbox 1561 1516 1642 1544; x_wconf 90' lang='lat' dir='ltr'><strong>simul</strong></span> 
     </span>
    </p>
   </div>
   <div class='ocr_carea' id='block_1_88' title="bbox 860 1559 1643 1594">
    <p class='ocr_par' dir='ltr' id='par_1_88' title="bbox 860 1559 1643 1594">
     <span class='ocr_line' id='line_1_88' title="bbox 860 1559 1643 1594; baseline -0.003 -6"><span class='ocrx_word' id='word_1_723' title='bbox 860 1562 887 1588; x_wconf 91' lang='lat' dir='ltr'><strong>in</strong></span> <span class='ocrx_word' id='word_1_724' title='bbox 918 1569 1002 1588; x_wconf 88' lang='lat' dir='ltr'><strong>unum</strong></span> <span class='ocrx_word' id='word_1_725' title='bbox 1019 1559 1231 1591; x_wconf 87' lang='lat' dir='ltr'><strong>convenissent,</strong></span> <span class='ocrx_word' id='word_1_726' title='bbox 1258 1559 1497 1594; x_wconf 89' lang='lat' dir='ltr'><strong>splendidissimus</strong></span> <span class='ocrx_word' id='word_1_727' title='bbox 1523 1560 1563 1587; x_wconf 91' lang='lat' dir='ltr'><strong>sol</strong></span> <span class='ocrx_word' id='word_1_728' title='bbox 1579 1568 1643 1594; x_wconf 90' lang='lat' dir='ltr'><strong>pro-</strong></span> 
     </span>
    </p>
   </div>
   <div class='ocr_carea' id='block_1_89' title="bbox 859 1605 1644 1640">
    <p class='ocr_par' dir='ltr' id='par_1_89' title="bbox 859 1605 1644 1640">
     <span class='ocr_line' id='line_1_89' title="bbox 859 1605 1644 1640; baseline -0.004 -5"><span class='ocrx_word' id='word_1_729' title='bbox 859 1607 958 1635; x_wconf 87' lang='lat' dir='ltr'><strong>ductus</strong></span> <span class='ocrx_word' id='word_1_730' title='bbox 975 1611 1028 1634; x_wconf 89' lang='lat' dir='ltr'><strong>est.</strong></span> <span class='ocrx_word' id='word_1_731' title='bbox 1045 1606 1097 1633; x_wconf 89' lang='lat' dir='ltr'><strong>Sed</strong></span> <span class='ocrx_word' id='word_1_732' title='bbox 1108 1605 1225 1633; x_wconf 79' lang='lat' dir='ltr'><strong>fortasse</strong></span> <span class='ocrx_word' id='word_1_733' title='bbox 1240 1605 1338 1640; x_wconf 87' lang='lat' dir='ltr'><strong>aliquis</strong></span> <span class='ocrx_word' id='word_1_734' title='bbox 1350 1605 1517 1632; x_wconf 88' lang='lat' dir='ltr'><strong>eontradicet</strong></span> <span class='ocrx_word' id='word_1_735' title='bbox 1531 1615 1537 1632; x_wconf 92' lang='lat'>:</span> <span class='ocrx_word' id='word_1_736' title='bbox 1555 1605 1644 1633; x_wconf 89' lang='lat' dir='ltr'><strong>Unde-</strong></span> 
     </span>
    </p>
   </div>
   <div class='ocr_carea' id='block_1_90' title="bbox 859 1651 1637 1684">
    <p class='ocr_par' dir='ltr' id='par_1_90' title="bbox 859 1651 1637 1684">
     <span class='ocr_line' id='line_1_90' title="bbox 859 1651 1637 1684; baseline -0.003 -4"><span class='ocrx_word' id='word_1_737' title='bbox 859 1661 921 1680; x_wconf 87' lang='lat' dir='ltr'><strong>nam</strong></span> <span class='ocrx_word' id='word_1_738' title='bbox 936 1653 988 1681; x_wconf 90' lang='lat' dir='ltr'><strong>hoc</strong></span> <span class='ocrx_word' id='word_1_739' title='bbox 1004 1653 1178 1680; x_wconf 82' lang='lat' dir='ltr'><strong>manifestum</strong></span> <span class='ocrx_word' id='word_1_740' title='bbox 1199 1656 1251 1684; x_wconf 86' lang='lat' dir='ltr'><strong>est,</strong></span> <span class='ocrx_word' id='word_1_741' title='bbox 1267 1658 1329 1678; x_wconf 90' lang='lat' dir='ltr'><strong>cum</strong></span> <span class='ocrx_word' id='word_1_742' title='bbox 1341 1651 1416 1678; x_wconf 89' lang='lat' dir='ltr'><strong>nulla</strong></span> <span class='ocrx_word' id='word_1_743' title='bbox 1443 1651 1567 1678; x_wconf 81' lang='lat' dir='ltr'><strong>videatur</strong></span> <span class='ocrx_word' id='word_1_744' title='bbox 1597 1651 1637 1678; x_wconf 93' lang='lat' dir='ltr'><strong>di-</strong></span> 
     </span>
    </p>
   </div>
   <div class='ocr_carea' id='block_1_91' title="bbox 858 1698 1641 1735">
    <p class='ocr_par' dir='ltr' id='par_1_91' title="bbox 858 1698 1641 1735">
     <span class='ocr_line' id='line_1_91' title="bbox 858 1698 1641 1735; baseline -0.005 -7"><span class='ocrx_word' id='word_1_745' title='bbox 858 1701 948 1734; x_wconf 87' lang='lat' dir='ltr'><strong>visio;</strong></span> <span class='ocrx_word' id='word_1_746' title='bbox 987 1707 1076 1735; x_wconf 86' lang='lat' dir='ltr'><strong>neque</strong></span> <span class='ocrx_word' id='word_1_747' title='bbox 1116 1698 1188 1726; x_wconf 90' lang='lat' dir='ltr'><strong>enim</strong></span> <span class='ocrx_word' id='word_1_748' title='bbox 1216 1698 1307 1725; x_wconf 87' lang='lat' dir='ltr'><strong>lumen</strong></span> <span class='ocrx_word' id='word_1_749' title='bbox 1337 1698 1371 1724; x_wconf 87' lang='lat' dir='ltr'><strong>ab</strong></span> <span class='ocrx_word' id='word_1_750' title='bbox 1408 1698 1470 1732; x_wconf 73' lang='lat' dir='ltr'><strong>igne</strong></span> <span class='ocrx_word' id='word_1_751' title='bbox 1495 1698 1641 1732; x_wconf 85' lang='lat' dir='ltr'><strong>separatim</strong></span> 
     </span>
    </p>
   </div>
   <div class='ocr_carea' id='block_1_92' title="bbox 861 1743 1641 1783">
    <p class='ocr_par' dir='ltr' id='par_1_92' title="bbox 861 1743 1641 1783">
     <span class='ocr_line' id='line_1_92' title="bbox 861 1743 1641 1783; baseline -0.004 -8"><span class='ocrx_word' id='word_1_752' title='bbox 861 1747 1041 1783; x_wconf 88' lang='lat' dir='ltr'><strong>perscriptum</strong></span> <span class='ocrx_word' id='word_1_753' title='bbox 1069 1752 1157 1780; x_wconf 89' lang='lat' dir='ltr'><strong>neque</strong></span> <span class='ocrx_word' id='word_1_754' title='bbox 1185 1745 1273 1779; x_wconf 82' lang='lat' dir='ltr'><strong>ignem</strong></span> <span class='ocrx_word' id='word_1_755' title='bbox 1304 1751 1318 1770; x_wconf 87' lang='lat' dir='ltr'><strong>a</strong></span> <span class='ocrx_word' id='word_1_756' title='bbox 1349 1743 1451 1771; x_wconf 85' lang='lat' dir='ltr'><strong>lumine</strong></span> <span class='ocrx_word' id='word_1_757' title='bbox 1486 1744 1641 1778; x_wconf 87' lang='lat' dir='ltr'><strong>sejunctum</strong></span> 
     </span>
    </p>
   </div>
   <div class='ocr_carea' id='block_1_93' title="bbox 858 1790 1641 1828">
    <p class='ocr_par' dir='ltr' id='par_1_93' title="bbox 858 1790 1641 1828">
     <span class='ocr_line' id='line_1_93' title="bbox 858 1790 1641 1828; baseline -0.003 -8"><span class='ocrx_word' id='word_1_758' title='bbox 858 1793 1051 1828; x_wconf 81' lang='lat' dir='ltr'><strong>conspicimus.</strong></span> <span class='ocrx_word' id='word_1_759' title='bbox 1091 1790 1192 1818; x_wconf 79' lang='lat' dir='ltr'><strong>Verum</strong></span> <span class='ocrx_word' id='word_1_760' title='bbox 1217 1791 1241 1817; x_wconf 90' lang='lat' dir='ltr'><strong>is</strong></span> <span class='ocrx_word' id='word_1_761' title='bbox 1273 1790 1342 1816; x_wconf 92' lang='lat' dir='ltr'><strong>sciat</strong></span> <span class='ocrx_word' id='word_1_762' title='bbox 1372 1797 1493 1824; x_wconf 60' lang='lat' dir='ltr'><strong>quaenam</strong></span> <span class='ocrx_word' id='word_1_763' title='bbox 1517 1791 1586 1825; x_wconf 81' lang='lat' dir='ltr'><strong>ignis</strong></span> <span class='ocrx_word' id='word_1_764' title='bbox 1613 1792 1641 1818; x_wconf 88' lang='lat' dir='ltr'><strong>in</strong></span> 
     </span>
    </p>
   </div>
   <div class='ocr_carea' id='block_1_94' title="bbox 858 1837 1642 1875">
    <p class='ocr_par' dir='ltr' id='par_1_94' title="bbox 858 1837 1642 1875">
     <span class='ocr_line' id='line_1_94' title="bbox 858 1837 1642 1875; baseline -0.003 -7"><span class='ocrx_word' id='word_1_765' title='bbox 858 1841 1005 1875; x_wconf 89' lang='lat' dir='ltr'><strong>semetipso</strong></span> <span class='ocrx_word' id='word_1_766' title='bbox 1036 1839 1193 1871; x_wconf 86' lang='lat' dir='ltr'><strong>contineat,</strong></span> <span class='ocrx_word' id='word_1_767' title='bbox 1218 1837 1388 1872; x_wconf 87' lang='lat' dir='ltr'><strong>splendidum</strong></span> <span class='ocrx_word' id='word_1_768' title='bbox 1427 1838 1550 1871; x_wconf 86' lang='lat' dir='ltr'><strong>scilicet,</strong></span> <span class='ocrx_word' id='word_1_769' title='bbox 1575 1839 1642 1866; x_wconf 84' lang='lat' dir='ltr'><strong>cali-</strong></span> 
     </span>
    </p>
   </div>
   <div class='ocr_carea' id='block_1_95' title="bbox 857 1883 1640 1920">
    <p class='ocr_par' dir='ltr' id='par_1_95' title="bbox 857 1883 1640 1920">
     <span class='ocr_line' id='line_1_95' title="bbox 857 1883 1640 1920; baseline -0.003 -6"><span class='ocrx_word' id='word_1_770' title='bbox 857 1887 932 1919; x_wconf 84' lang='lat' dir='ltr'><strong>dum,</strong></span> <span class='ocrx_word' id='word_1_771' title='bbox 948 1885 1058 1918; x_wconf 79' lang='lat' dir='ltr'><strong>ﬂavum,</strong></span> <span class='ocrx_word' id='word_1_772' title='bbox 1070 1892 1130 1920; x_wconf 69' lang='lat' dir='ltr'><strong>qua:</strong></span> <span class='ocrx_word' id='word_1_773' title='bbox 1145 1884 1345 1919; x_wconf 83' lang='lat' dir='ltr'><strong>sapientissime</strong></span> <span class='ocrx_word' id='word_1_774' title='bbox 1354 1883 1449 1911; x_wconf 80' lang='lat' dir='ltr'><strong>artifex</strong></span> <span class='ocrx_word' id='word_1_775' title='bbox 1462 1885 1640 1918; x_wconf 82' lang='lat' dir='ltr'><strong>secernendo.</strong></span> 
     </span>
    </p>
   </div>
   <div class='ocr_carea' id='block_1_96' title="bbox 857 1929 1642 1966">
    <p class='ocr_par' dir='ltr' id='par_1_96' title="bbox 857 1929 1642 1966">
     <span class='ocr_line' id='line_1_96' title="bbox 857 1929 1642 1966; baseline -0.001 -7"><span class='ocrx_word' id='word_1_776' title='bbox 857 1939 951 1960; x_wconf 89' lang='lat' dir='ltr'><strong>eorum</strong></span> <span class='ocrx_word' id='word_1_777' title='bbox 969 1929 1193 1966; x_wconf 79' lang='lat' dir='ltr'><strong>compositionem</strong></span> <span class='ocrx_word' id='word_1_778' title='bbox 1219 1929 1385 1957; x_wconf 86' lang='lat' dir='ltr'><strong>manifestat.</strong></span> <span class='ocrx_word' id='word_1_779' title='bbox 1401 1929 1469 1957; x_wconf 88' lang='lat' dir='ltr'><strong>Cum</strong></span> <span class='ocrx_word' id='word_1_780' title='bbox 1493 1932 1566 1958; x_wconf 92' lang='lat' dir='ltr'><strong>enim</strong></span> <span class='ocrx_word' id='word_1_781' title='bbox 1582 1932 1642 1959; x_wconf 89' lang='lat' dir='ltr'><strong>ani-</strong></span> 
     </span>
    </p>
   </div>
   <div class='ocr_carea' id='block_1_97' title="bbox 857 1975 1642 2010">
    <p class='ocr_par' dir='ltr' id='par_1_97' title="bbox 857 1975 1642 2010">
     <span class='ocr_line' id='line_1_97' title="bbox 857 1975 1642 2010; baseline -0.001 -6"><span class='ocrx_word' id='word_1_782' title='bbox 857 1978 921 2004; x_wconf 91' lang='lat' dir='ltr'><strong>mali</strong></span> <span class='ocrx_word' id='word_1_783' title='bbox 935 1977 1054 2004; x_wconf 89' lang='lat' dir='ltr'><strong>calorem</strong></span> <span class='ocrx_word' id='word_1_784' title='bbox 1070 1975 1164 2003; x_wconf 91' lang='lat' dir='ltr'><strong>indere</strong></span> <span class='ocrx_word' id='word_1_785' title='bbox 1179 1975 1265 2010; x_wconf 87' lang='lat' dir='ltr'><strong>cupit,</strong></span> <span class='ocrx_word' id='word_1_786' title='bbox 1280 1975 1350 2010; x_wconf 80' lang='lat' dir='ltr'><strong>ignis</strong></span> <span class='ocrx_word' id='word_1_787' title='bbox 1364 1975 1481 2003; x_wconf 86' lang='lat' dir='ltr'><strong>calorem</strong></span> <span class='ocrx_word' id='word_1_788' title='bbox 1501 1977 1594 2009; x_wconf 83' lang='lat' dir='ltr'><strong>sumit,</strong></span> <span class='ocrx_word' id='word_1_789' title='bbox 1615 1981 1642 2004; x_wconf 85' lang='lat' dir='ltr'><strong>et</strong></span> 
     </span>
    </p>
   </div>
   <div class='ocr_carea' id='block_1_98' title="bbox 858 2021 1641 2056">
    <p class='ocr_par' dir='ltr' id='par_1_98' title="bbox 858 2021 1641 2056">
     <span class='ocr_line' id='line_1_98' title="bbox 858 2021 1641 2056; baseline -0.003 -5"><span class='ocrx_word' id='word_1_790' title='bbox 858 2023 976 2051; x_wconf 89' lang='lat' dir='ltr'><strong>calorem</strong></span> <span class='ocrx_word' id='word_1_791' title='bbox 996 2023 1078 2053; x_wconf 88' lang='lat' dir='ltr'><strong>illius,</strong></span> <span class='ocrx_word' id='word_1_792' title='bbox 1100 2029 1156 2048; x_wconf 91' lang='lat' dir='ltr'><strong>non</strong></span> <span class='ocrx_word' id='word_1_793' title='bbox 1178 2025 1268 2048; x_wconf 86' lang='lat' dir='ltr'><strong>tamen</strong></span> <span class='ocrx_word' id='word_1_794' title='bbox 1287 2021 1377 2048; x_wconf 88' lang='lat' dir='ltr'><strong>lumen</strong></span> <span class='ocrx_word' id='word_1_795' title='bbox 1399 2022 1530 2056; x_wconf 85' lang='lat' dir='ltr'><strong>possidet.</strong></span> <span class='ocrx_word' id='word_1_796' title='bbox 1548 2023 1600 2050; x_wconf 83' lang='lat' dir='ltr'><strong>Sed</strong></span> <span class='ocrx_word' id='word_1_797' title='bbox 1614 2023 1641 2049; x_wconf 93' lang='lat' dir='ltr'><strong>in</strong></span> 
     </span>
    </p>
   </div>
   <div class='ocr_carea' id='block_1_99' title="bbox 858 2067 1641 2102">
    <p class='ocr_par' dir='ltr' id='par_1_99' title="bbox 858 2067 1641 2102">
     <span class='ocr_line' id='line_1_99' title="bbox 858 2067 1641 2102; baseline -0.001 -6"><span class='ocrx_word' id='word_1_798' title='bbox 858 2069 969 2096; x_wconf 87' lang='lat' dir='ltr'><strong>animali</strong></span> <span class='ocrx_word' id='word_1_799' title='bbox 993 2069 1068 2095; x_wconf 88' lang='lat' dir='ltr'><strong>calor</strong></span> <span class='ocrx_word' id='word_1_800' title='bbox 1086 2075 1100 2093; x_wconf 95' lang='lat' dir='ltr'><strong>a</strong></span> <span class='ocrx_word' id='word_1_801' title='bbox 1114 2067 1217 2094; x_wconf 89' lang='lat' dir='ltr'><strong>lumine</strong></span> <span class='ocrx_word' id='word_1_802' title='bbox 1231 2067 1383 2102; x_wconf 75' lang='lat' dir='ltr'><strong>sejungitur</strong></span> <span class='ocrx_word' id='word_1_803' title='bbox 1393 2087 1400 2099; x_wconf 89' lang='lat'><strong>,</strong></span> <span class='ocrx_word' id='word_1_804' title='bbox 1430 2075 1526 2095; x_wconf 89' lang='lat' dir='ltr'><strong>rursus</strong></span> <span class='ocrx_word' id='word_1_805' title='bbox 1541 2068 1641 2096; x_wconf 79' lang='lat' dir='ltr'><strong>llaviim</strong></span> 
     </span>
    </p>
   </div>
   <div class='ocr_carea' id='block_1_100' title="bbox 858 2114 1641 2151">
    <p class='ocr_par' dir='ltr' id='par_1_100' title="bbox 858 2114 1641 2151">
     <span class='ocr_line' id='line_1_100' title="bbox 858 2114 1641 2151; baseline 0 -8"><span class='ocrx_word' id='word_1_806' title='bbox 858 2116 982 2151; x_wconf 86' lang='lat' dir='ltr'><strong>suscipit,</strong></span> <span class='ocrx_word' id='word_1_807' title='bbox 1000 2119 1028 2142; x_wconf 88' lang='lat' dir='ltr'><strong>et</strong></span> <span class='ocrx_word' id='word_1_808' title='bbox 1050 2114 1148 2141; x_wconf 78' lang='lat' dir='ltr'><strong>flavum</strong></span> <span class='ocrx_word' id='word_1_809' title='bbox 1177 2114 1305 2149; x_wconf 81' lang='lat' dir='ltr'><strong>quidem,</strong></span> <span class='ocrx_word' id='word_1_810' title='bbox 1327 2122 1380 2141; x_wconf 91' lang='lat' dir='ltr'><strong>non</strong></span> <span class='ocrx_word' id='word_1_811' title='bbox 1411 2119 1501 2141; x_wconf 87' lang='lat' dir='ltr'><strong>autem</strong></span> <span class='ocrx_word' id='word_1_812' title='bbox 1522 2115 1641 2143; x_wconf 88' lang='lat' dir='ltr'><strong>calidum</strong></span> 
     </span>
    </p>
   </div>
   <div class='ocr_carea' id='block_1_101' title="bbox 858 2160 1640 2197">
    <p class='ocr_par' dir='ltr' id='par_1_101' title="bbox 858 2160 1640 2197">
     <span class='ocr_line' id='line_1_101' title="bbox 858 2160 1640 2197; baseline -0.004 -8"><span class='ocrx_word' id='word_1_813' title='bbox 858 2161 1083 2197; x_wconf 89' lang='lat' dir='ltr'><strong>splendidumque</strong></span> <span class='ocrx_word' id='word_1_814' title='bbox 1103 2160 1237 2188; x_wconf 80' lang='lat' dir='ltr'><strong>videmus.</strong></span> <span class='ocrx_word' id='word_1_815' title='bbox 1260 2160 1359 2187; x_wconf 88' lang='lat' dir='ltr'><strong>lterum</strong></span> <span class='ocrx_word' id='word_1_816' title='bbox 1378 2160 1468 2187; x_wconf 84' lang='lat' dir='ltr'><strong>calore</strong></span> <span class='ocrx_word' id='word_1_817' title='bbox 1489 2164 1640 2195; x_wconf 75' lang='lat' dir='ltr'><strong>segregate,</strong></span> 
     </span>
    </p>
   </div>
   <div class='ocr_carea' id='block_1_102' title="bbox 857 2206 1640 2243">
    <p class='ocr_par' dir='ltr' id='par_1_102' title="bbox 857 2206 1640 2243">
     <span class='ocr_line' id='line_1_102' title="bbox 857 2206 1640 2243; baseline -0.003 -8"><span class='ocrx_word' id='word_1_818' title='bbox 857 2207 1028 2243; x_wconf 86' lang='lat' dir='ltr'><strong>splendorem</strong></span> <span class='ocrx_word' id='word_1_819' title='bbox 1045 2211 1150 2234; x_wconf 80' lang='lat' dir='ltr'><strong>tantum</strong></span> <span class='ocrx_word' id='word_1_820' title='bbox 1166 2207 1287 2237; x_wconf 79' lang='lat' dir='ltr'><strong>exhibet,</strong></span> <span class='ocrx_word' id='word_1_821' title='bbox 1316 2209 1345 2232; x_wconf 90' lang='lat' dir='ltr'><strong>ut</strong></span> <span class='ocrx_word' id='word_1_822' title='bbox 1366 2206 1458 2234; x_wconf 87' lang='lat' dir='ltr'><strong>videre</strong></span> <span class='ocrx_word' id='word_1_823' title='bbox 1485 2211 1527 2234; x_wconf 90' lang='lat' dir='ltr'><strong>est</strong></span> <span class='ocrx_word' id='word_1_824' title='bbox 1549 2207 1575 2233; x_wconf 94' lang='lat' dir='ltr'><strong>in</strong></span> <span class='ocrx_word' id='word_1_825' title='bbox 1590 2206 1640 2236; x_wconf 63' lang='lat' dir='ltr'><strong>fuiv</strong></span> 
     </span>
    </p>
   </div>
   <div class='ocr_carea' id='block_1_103' title="bbox 858 2250 1638 2288">
    <p class='ocr_par' dir='ltr' id='par_1_103' title="bbox 858 2250 1638 2288">
     <span class='ocr_line' id='line_1_103' title="bbox 858 2250 1638 2288; baseline -0.004 -8"><span class='ocrx_word' id='word_1_826' title='bbox 858 2254 942 2285; x_wconf 90' lang='lat' dir='ltr'><strong>mine,</strong></span> <span class='ocrx_word' id='word_1_827' title='bbox 956 2252 1028 2288; x_wconf 90' lang='lat' dir='ltr'><strong>quod</strong></span> <span class='ocrx_word' id='word_1_828' title='bbox 1040 2251 1266 2279; x_wconf 87' lang='lat' dir='ltr'><strong>ubiscintillando</strong></span> <span class='ocrx_word' id='word_1_829' title='bbox 1276 2250 1408 2285; x_wconf 81' lang='lat' dir='ltr'><strong>eruperit,</strong></span> <span class='ocrx_word' id='word_1_830' title='bbox 1422 2254 1528 2278; x_wconf 86' lang='lat' dir='ltr'><strong>tantum</strong></span> <span class='ocrx_word' id='word_1_831' title='bbox 1537 2251 1638 2283; x_wconf 70' lang='lat' dir='ltr'><strong>lumen.</strong></span> 
     </span>
    </p>
   </div>
   <div class='ocr_carea' id='block_1_104' title="bbox 857 2296 1638 2333">
    <p class='ocr_par' dir='ltr' id='par_1_104' title="bbox 857 2296 1638 2333">
     <span class='ocr_line' id='line_1_104' title="bbox 857 2296 1638 2333; baseline -0.003 -7"><span class='ocrx_word' id='word_1_832' title='bbox 857 2307 912 2326; x_wconf 90' lang='lat' dir='ltr'><strong>non</strong></span> <span class='ocrx_word' id='word_1_833' title='bbox 926 2302 1015 2326; x_wconf 86' lang='lat' dir='ltr'><strong>autem</strong></span> <span class='ocrx_word' id='word_1_834' title='bbox 1028 2299 1147 2325; x_wconf 89' lang='lat' dir='ltr'><strong>calorem</strong></span> <span class='ocrx_word' id='word_1_835' title='bbox 1174 2297 1320 2333; x_wconf 76' lang='lat' dir='ltr'><strong>progignit.</strong></span> <span class='ocrx_word' id='word_1_836' title='bbox 1345 2296 1445 2324; x_wconf 81' lang='lat' dir='ltr'><strong>Eodem</strong></span> <span class='ocrx_word' id='word_1_837' title='bbox 1474 2298 1597 2332; x_wconf 80' lang='lat' dir='ltr'><strong>cxemplo</strong></span> <span class='ocrx_word' id='word_1_838' title='bbox 1610 2303 1638 2325; x_wconf 89' lang='lat' dir='ltr'><strong>et</strong></span> 
     </span>
    </p>
   </div>
   <div class='ocr_carea' id='block_1_105' title="bbox 857 2342 1639 2378">
    <p class='ocr_par' dir='ltr' id='par_1_105' title="bbox 857 2342 1639 2378">
     <span class='ocr_line' id='line_1_105' title="bbox 857 2342 1639 2378; baseline -0.004 -6"><span class='ocrx_word' id='word_1_839' title='bbox 857 2346 885 2372; x_wconf 89' lang='lat' dir='ltr'><strong>in</strong></span> <span class='ocrx_word' id='word_1_840' title='bbox 905 2346 968 2372; x_wconf 86' lang='lat' dir='ltr'><strong>luna</strong></span> <span class='ocrx_word' id='word_1_841' title='bbox 989 2345 1194 2372; x_wconf 87' lang='lat' dir='ltr'><strong>demonstratur</strong></span> <span class='ocrx_word' id='word_1_842' title='bbox 1209 2343 1236 2370; x_wconf 90' lang='lat' dir='ltr'><strong>id</strong></span> <span class='ocrx_word' id='word_1_843' title='bbox 1266 2344 1337 2378; x_wconf 92' lang='lat' dir='ltr'><strong>quod</strong></span> <span class='ocrx_word' id='word_1_844' title='bbox 1365 2342 1482 2370; x_wconf 89' lang='lat' dir='ltr'><strong>dicimus</strong></span> <span class='ocrx_word' id='word_1_845' title='bbox 1505 2343 1639 2378; x_wconf 81' lang='lat' dir='ltr'><strong>ejusmodi</strong></span> 
     </span>
    </p>
   </div>
   <div class='ocr_carea' id='block_1_106' title="bbox 857 2389 1640 2425">
    <p class='ocr_par' dir='ltr' id='par_1_106' title="bbox 857 2389 1640 2425">
     <span class='ocr_line' id='line_1_106' title="bbox 857 2389 1640 2425; baseline -0.003 -7"><span class='ocrx_word' id='word_1_846' title='bbox 857 2398 927 2418; x_wconf 89' lang='lat' dir='ltr'><strong>esse.</strong></span> <span class='ocrx_word' id='word_1_847' title='bbox 944 2389 1006 2418; x_wconf 60' lang='lat' dir='ltr'><strong>Haec</strong></span> <span class='ocrx_word' id='word_1_848' title='bbox 1024 2390 1123 2425; x_wconf 87' lang='lat' dir='ltr'><strong>quippe</strong></span> <span class='ocrx_word' id='word_1_849' title='bbox 1144 2390 1211 2418; x_wconf 88' lang='lat' dir='ltr'><strong>solis</strong></span> <span class='ocrx_word' id='word_1_850' title='bbox 1237 2390 1338 2417; x_wconf 88' lang='lat' dir='ltr'><strong>lumine</strong></span> <span class='ocrx_word' id='word_1_851' title='bbox 1366 2390 1523 2417; x_wconf 85' lang='lat' dir='ltr'><strong>collustrata</strong></span> <span class='ocrx_word' id='word_1_852' title='bbox 1541 2391 1640 2418; x_wconf 85' lang='lat' dir='ltr'><strong>clarior</strong></span> 
     </span>
    </p>
   </div>
   <div class='ocr_carea' id='block_1_107' title="bbox 858 2435 1647 2471">
    <p class='ocr_par' dir='ltr' id='par_1_107' title="bbox 858 2435 1647 2471">
     <span class='ocr_line' id='line_1_107' title="bbox 858 2435 1647 2471; baseline -0.001 -7"><span class='ocrx_word' id='word_1_853' title='bbox 858 2437 909 2470; x_wconf 83' lang='lat' dir='ltr'><strong>fit,</strong></span> <span class='ocrx_word' id='word_1_854' title='bbox 926 2436 1152 2471; x_wconf 86' lang='lat' dir='ltr'><strong>quemadmodum</strong></span> <span class='ocrx_word' id='word_1_855' title='bbox 1176 2439 1204 2463; x_wconf 84' lang='lat' dir='ltr'><strong>et</strong></span> <span class='ocrx_word' id='word_1_856' title='bbox 1231 2435 1332 2462; x_wconf 89' lang='lat' dir='ltr'><strong>lumine</strong></span> <span class='ocrx_word' id='word_1_857' title='bbox 1361 2435 1414 2462; x_wconf 89' lang='lat' dir='ltr'><strong>diei</strong></span> <span class='ocrx_word' id='word_1_858' title='bbox 1439 2435 1489 2463; x_wconf 88' lang='lat' dir='ltr'><strong>sol.</strong></span> <span class='ocrx_word' id='word_1_859' title='bbox 1505 2436 1594 2471; x_wconf 83' lang='lat' dir='ltr'><strong>Aspec</strong></span> <span class='ocrx_word' id='word_1_860' title='bbox 1604 2448 1647 2467; x_wconf 82' lang='lat' dir='ltr'><strong>.us</strong></span> 
     </span>
    </p>
   </div>
   <div class='ocr_carea' id='block_1_108' title="bbox 857 2481 1648 2514">
    <p class='ocr_par' dir='ltr' id='par_1_108' title="bbox 857 2481 1648 2514">
     <span class='ocr_line' id='line_1_108' title="bbox 857 2481 1648 2514; baseline 0 -5"><span class='ocrx_word' id='word_1_861' title='bbox 857 2483 930 2512; x_wconf 88' lang='lat' dir='ltr'><strong>enim</strong></span> <span class='ocrx_word' id='word_1_862' title='bbox 942 2482 1012 2509; x_wconf 67' lang='lat' dir='ltr'><strong>lunae</strong></span> <span class='ocrx_word' id='word_1_863' title='bbox 1031 2482 1128 2509; x_wconf 88' lang='lat' dir='ltr'><strong>similis</strong></span> <span class='ocrx_word' id='word_1_864' title='bbox 1150 2485 1193 2509; x_wconf 87' lang='lat' dir='ltr'><strong>est</strong></span> <span class='ocrx_word' id='word_1_865' title='bbox 1215 2481 1325 2509; x_wconf 87' lang='lat' dir='ltr'><strong>carboni</strong></span> <span class='ocrx_word' id='word_1_866' title='bbox 1339 2500 1346 2512; x_wconf 81' lang='lat'><em>.</em></span> <span class='ocrx_word' id='word_1_867' title='bbox 1359 2485 1389 2507; x_wconf 89' lang='lat' dir='ltr'><strong>ut</strong></span> <span class='ocrx_word' id='word_1_868' title='bbox 1410 2481 1436 2507; x_wconf 92' lang='lat' dir='ltr'><strong>in</strong></span> <span class='ocrx_word' id='word_1_869' title='bbox 1455 2481 1515 2514; x_wconf 86' lang='lat' dir='ltr'><strong>ejus</strong></span> <span class='ocrx_word' id='word_1_870' title='bbox 1531 2481 1648 2512; x_wconf 75' lang='lat' dir='ltr'><strong>defectu</strong></span> 
     </span>
    </p>
   </div>
   <div class='ocr_carea' id='block_1_109' title="bbox 857 2526 1649 2561">
    <p class='ocr_par' dir='ltr' id='par_1_109' title="bbox 857 2526 1649 2561">
     <span class='ocr_line' id='line_1_109' title="bbox 857 2526 1649 2561; baseline -0.005 -7"><span class='ocrx_word' id='word_1_871' title='bbox 857 2528 949 2556; x_wconf 90' lang='lat' dir='ltr'><strong>videre</strong></span> <span class='ocrx_word' id='word_1_872' title='bbox 959 2531 1000 2555; x_wconf 89' lang='lat' dir='ltr'><strong>est</strong></span> <span class='ocrx_word' id='word_1_873' title='bbox 1017 2535 1023 2552; x_wconf 92' lang='lat'><strong>:</strong></span> <span class='ocrx_word' id='word_1_874' title='bbox 1041 2534 1103 2553; x_wconf 89' lang='lat' dir='ltr'><strong>nam</strong></span> <span class='ocrx_word' id='word_1_875' title='bbox 1119 2527 1159 2553; x_wconf 91' lang='lat' dir='ltr'><strong>sol</strong></span> <span class='ocrx_word' id='word_1_876' title='bbox 1169 2526 1216 2553; x_wconf 88' lang='lat' dir='ltr'><strong>ubi</strong></span> <span class='ocrx_word' id='word_1_877' title='bbox 1231 2526 1264 2553; x_wconf 90' lang='lat' dir='ltr'><strong>ab</strong></span> <span class='ocrx_word' id='word_1_878' title='bbox 1277 2533 1308 2554; x_wconf 90' lang='lat' dir='ltr'><strong>ea</strong></span> <span class='ocrx_word' id='word_1_879' title='bbox 1320 2526 1457 2561; x_wconf 90' lang='lat' dir='ltr'><strong>proprium</strong></span> <span class='ocrx_word' id='word_1_880' title='bbox 1474 2526 1564 2554; x_wconf 89' lang='lat' dir='ltr'><strong>lumen</strong></span> <span class='ocrx_word' id='word_1_881' title='bbox 1588 2530 1649 2556; x_wconf 63' lang='lat' dir='ltr'><strong>sub.</strong></span> 
     </span>
    </p>
   </div>
   <div class='ocr_carea' id='block_1_110' title="bbox 857 2572 1648 2605">
    <p class='ocr_par' dir='ltr' id='par_1_110' title="bbox 857 2572 1648 2605">
     <span class='ocr_line' id='line_1_110' title="bbox 857 2572 1648 2605; baseline -0.001 -4"><span class='ocrx_word' id='word_1_882' title='bbox 857 2574 982 2605; x_wconf 77' lang='lat' dir='ltr'><strong>traxerit,</strong></span> <span class='ocrx_word' id='word_1_883' title='bbox 1007 2579 1066 2599; x_wconf 85' lang='lat' dir='ltr'><strong>eam</strong></span> <span class='ocrx_word' id='word_1_884' title='bbox 1091 2572 1241 2605; x_wconf 86' lang='lat' dir='ltr'><strong>obscurat;</strong></span> <span class='ocrx_word' id='word_1_885' title='bbox 1268 2573 1314 2599; x_wconf 89' lang='lat' dir='ltr'><strong>ubi</strong></span> <span class='ocrx_word' id='word_1_886' title='bbox 1334 2572 1576 2599; x_wconf 81' lang='lat' dir='ltr'><strong>illustrarittomm</strong></span> <span class='ocrx_word' id='word_1_887' title='bbox 1600 2583 1648 2601; x_wconf 87' lang='lat' dir='ltr'><strong>or-</strong></span> 
     </span>
    </p>
   </div>
   <div class='ocr_carea' id='block_1_111' title="bbox 857 2617 1648 2654">
    <p class='ocr_par' dir='ltr' id='par_1_111' title="bbox 857 2617 1648 2654">
     <span class='ocr_line' id='line_1_111' title="bbox 857 2617 1648 2654; baseline 0 -8"><span class='ocrx_word' id='word_1_888' title='bbox 857 2619 916 2646; x_wconf 86' lang='lat' dir='ltr'><strong>hem</strong></span> <span class='ocrx_word' id='word_1_889' title='bbox 932 2617 1078 2652; x_wconf 83' lang='lat' dir='ltr'><strong>implendo,</strong></span> <span class='ocrx_word' id='word_1_890' title='bbox 1110 2617 1244 2644; x_wconf 82' lang='lat' dir='ltr'><strong>accendit.</strong></span> <span class='ocrx_word' id='word_1_891' title='bbox 1277 2617 1394 2645; x_wconf 87' lang='lat' dir='ltr'><strong>lnduens</strong></span> <span class='ocrx_word' id='word_1_892' title='bbox 1423 2625 1540 2652; x_wconf 90' lang='lat' dir='ltr'><strong>namque</strong></span> <span class='ocrx_word' id='word_1_893' title='bbox 1563 2620 1648 2654; x_wconf 71' lang='grc' dir='ltr'><strong>ἰιιο-</strong></span> 
     </span>
    </p>
   </div>
   <div class='ocr_carea' id='block_1_112' title="bbox 857 2662 1646 2698">
    <p class='ocr_par' dir='ltr' id='par_1_112' title="bbox 857 2662 1646 2698">
     <span class='ocr_line' id='line_1_112' title="bbox 857 2662 1646 2698; baseline 0 -7"><span class='ocrx_word' id='word_1_894' title='bbox 857 2663 1001 2692; x_wconf 89' lang='lat' dir='ltr'><strong>dammodo</strong></span> <span class='ocrx_word' id='word_1_895' title='bbox 1016 2662 1083 2690; x_wconf 89' lang='lat' dir='ltr'><strong>solis</strong></span> <span class='ocrx_word' id='word_1_896' title='bbox 1100 2662 1203 2690; x_wconf 84' lang='lat' dir='ltr'><strong>lumen.</strong></span> <span class='ocrx_word' id='word_1_897' title='bbox 1215 2662 1385 2698; x_wconf 87' lang='lat' dir='ltr'><strong>splendidior</strong></span> <span class='ocrx_word' id='word_1_898' title='bbox 1400 2662 1428 2690; x_wconf 88' lang='lat' dir='ltr'><strong>lit</strong></span> <span class='ocrx_word' id='word_1_899' title='bbox 1443 2672 1450 2696; x_wconf 88' lang='lat'><strong>;</strong></span> <span class='ocrx_word' id='word_1_900' title='bbox 1464 2671 1518 2690; x_wconf 93' lang='lat' dir='ltr'><strong>non</strong></span> <span class='ocrx_word' id='word_1_901' title='bbox 1529 2664 1582 2691; x_wconf 88' lang='lat' dir='ltr'><strong>alia</strong></span> <span class='ocrx_word' id='word_1_902' title='bbox 1599 2672 1646 2692; x_wconf 70' lang='grc' dir='ltr'>τοι·</span> 
     </span>
    </p>
   </div>
   <div class='ocr_carea' id='block_1_113' title="bbox 857 2708 1646 2745">
    <p class='ocr_par' dir='ltr' id='par_1_113' title="bbox 857 2708 1646 2745">
     <span class='ocr_line' id='line_1_113' title="bbox 857 2708 1646 2745; baseline 0.001 -7"><span class='ocrx_word' id='word_1_903' title='bbox 857 2711 941 2742; x_wconf 83' lang='lat' dir='ltr'><strong>tione,</strong></span> <span class='ocrx_word' id='word_1_904' title='bbox 956 2713 984 2737; x_wconf 75' lang='lat' dir='ltr'><strong>et</strong></span> <span class='ocrx_word' id='word_1_905' title='bbox 998 2709 1038 2735; x_wconf 93' lang='lat' dir='ltr'><strong>sol</strong></span> <span class='ocrx_word' id='word_1_906' title='bbox 1055 2708 1146 2735; x_wconf 88' lang='lat' dir='ltr'><strong>lumen</strong></span> <span class='ocrx_word' id='word_1_907' title='bbox 1178 2708 1231 2735; x_wconf 92' lang='lat' dir='ltr'><strong>diei</strong></span> <span class='ocrx_word' id='word_1_908' title='bbox 1256 2709 1454 2745; x_wconf 86' lang='lat' dir='ltr'><strong>circumseptus</strong></span> <span class='ocrx_word' id='word_1_909' title='bbox 1470 2710 1572 2737; x_wconf 83' lang='lat' dir='ltr'><strong>clarior</strong></span> <span class='ocrx_word' id='word_1_910' title='bbox 1604 2716 1646 2739; x_wconf 81' lang='lat' dir='ltr'><strong>est</strong></span> 
     </span>
    </p>
   </div>
   <div class='ocr_carea' id='block_1_114' title="bbox 857 2753 1643 2793">
    <p class='ocr_par' dir='ltr' id='par_1_114' title="bbox 857 2753 1643 2793">
     <span class='ocr_line' id='line_1_114' title="bbox 857 2753 1643 2793; baseline 0.001 -9"><span class='ocrx_word' id='word_1_911' title='bbox 857 2760 884 2784; x_wconf 89' lang='lat' dir='ltr'><strong>ct</strong></span> <span class='ocrx_word' id='word_1_912' title='bbox 899 2754 1043 2789; x_wconf 84' lang='lat' dir='ltr'><strong>illustrior,</strong></span> <span class='ocrx_word' id='word_1_913' title='bbox 1055 2753 1100 2782; x_wconf 89' lang='lat' dir='ltr'><strong>die</strong></span> <span class='ocrx_word' id='word_1_914' title='bbox 1124 2753 1170 2781; x_wconf 78' lang='lat' dir='ltr'><strong>illa</strong></span> <span class='ocrx_word' id='word_1_915' title='bbox 1188 2762 1276 2790; x_wconf 87' lang='lat' dir='ltr'><strong>neque</strong></span> <span class='ocrx_word' id='word_1_916' title='bbox 1300 2761 1405 2789; x_wconf 87' lang='lat' dir='ltr'><strong>urente,</strong></span> <span class='ocrx_word' id='word_1_917' title='bbox 1433 2763 1521 2792; x_wconf 88' lang='lat' dir='ltr'><strong>neque</strong></span> <span class='ocrx_word' id='word_1_918' title='bbox 1535 2757 1643 2793; x_wconf 63' lang='lat' dir='ltr'><strong>calefa—</strong></span> 
     </span>
    </p>
   </div>
  </div>
