1909 3071
240 132 292 159 719

673 130 702 157 S.
722 127 944 157 EUSTATHIUS
964 126 1208 155 ANTIOCIIENUS
1226 127 1424 157 EPISCOPUS.

1814 131 1861 158 720

239 195 336 225 ciente,
352 191 399 220 sed
414 195 519 218 tantum
545 191 726 219 illuminante.
757 191 848 218 Solem
877 195 967 217 autem
992 198 1025 216 ex

1088 187 1167 224 ὗσης.
1188 190 1254 224 μήτε
1275 190 1355 216 πάλιν
1369 190 1576 227 θερμαινοΰσης,
1595 191 1662 219 ἀλλὰ
1677 192 1758 228 μόνον
1779 200 1861 226 φωτιη

238 241 300 276 igne
310 239 450 271 constitui,
467 237 533 265 illud
562 243 722 273 argumento
748 242 790 266 est
807 237 880 273 quod
897 237 1024 264 incendat

239 289 266 314 ct
279 289 391 312 torreat.

272 332 313 359 Ad
328 331 495 358 dividendum
518 330 587 357 diem
619 335 644 358 et
671 335 782 362 noctem,
815 330 893 365 quasi
911 329 1022 362 diceret,

239 379 323 406 solem
336 378 389 405 diei
411 377 546 410 terminis,
570 377 662 403 lunam
689 376 778 404 noctis
792 376 917 408 inclusit;
938 383 1025 410 neque

239 423 313 451 aliud
325 428 367 451 est
377 431 432 450 nox
447 430 528 457 quam
545 427 624 449 terra:
642 421 749 453 umbra,
771 421 836 448 solis
850 421 941 448 radios
953 425 1025 448 terra

239 470 404 506 interpositu
421 477 471 497 suo
493 469 643 497 auferente.
672 468 706 496 Ut
719 468 791 496 enim
807 469 834 495 in
849 468 902 500 die,
920 468 942 495 si
964 467 1026 502 quis

239 517 330 544 lumen
346 515 521 548 intercludat,
538 516 634 542 umbra
645 514 792 543 eﬂ'unditur
805 515 951 550 lumenque
963 522 1026 541 eva-

238 562 335 595 neseit,
351 561 391 588 sic
403 565 430 588 et
441 569 493 587 nox
509 568 572 588 aere
588 562 661 588 circa
678 564 778 587 terram
791 560 912 588 tenebris
941 560 1023 587 obro-

240 609 308 639 luto,
326 607 514 639 constituitur,
543 611 569 634 et
586 607 626 634 sol
653 605 726 641 quod
739 614 754 633 a
779 606 867 641 primo
883 613 940 633 suae
950 613 1027 633 crea~

241 655 324 682 tionis
334 654 447 681 exordio
460 654 552 681 lumen
567 661 582 680 a
607 653 737 681 Creatore
751 652 866 687 accepit,
885 652 912 678 in
927 656 1027 680 semet.-

240 702 300 736 ipso
315 701 446 728 continuo
462 703 608 728 conservat
621 699 753 730 abditum,
771 698 844 733 quod
860 698 930 725 lunm
942 698 1026 726 dene-

241 751 333 783 gatum
348 751 399 779 est,
415 754 475 781 qua).
487 745 553 773 illud
563 753 634 781 saepe
645 743 794 773 crescendo
805 747 831 771 et
843 743 1027 771 decrescendo

241 794 350 822 amittit.

279 839 312 867 Et
328 841 381 867 sint
396 839 423 866 in
442 839 517 874 signa
542 842 567 865 et
583 838 610 864 in
634 842 760 872 tempora,
788 843 812 865 et
828 838 854 865 in
877 837 945 868 dies,
961 841 986 863 et
1001 836 1027 863 in

241 895 324 915 annos
340 887 373 914 ¹².
387 885 529 920 Temporis
552 885 592 912 sol
609 887 635 911 et
654 884 717 911 luna
730 884 808 919 origo
822 887 896 910 sunt.
922 882 1027 910 Etenim

241 934 306 962 dum
333 941 432 960 cursus
455 932 580 959 ordinate
608 931 742 961 teruntur,
763 934 853 957 certos
876 934 1029 964 temporum

241 979 331 1006 exitus
357 977 486 1008 cilicium.
504 980 672 1011 vocaturque
694 979 803 1010 tempus
817 974 926 1010 quando
945 974 1029 1001 veluti

241 1025 359 1061 quodam
386 1024 415 1051 in
440 1024 544 1051 circulo
574 1023 686 1049 alternis
720 1022 844 1057 beneque
872 1020 1030 1048 constitutis

242 1070 466 1100 suceessionibus
481 1070 599 1097 volvitur
625 1068 743 1104 primum
771 1068 806 1095 ad
829 1067 990 1099 secundum,
1003 1069 1030 1094 et

242 1117 353 1145 tertium
365 1117 397 1144 ad
409 1115 434 1143 id
450 1115 521 1150 quod
535 1113 670 1149 sequitur.

276 1162 356 1195 illud.
371 1163 425 1190 sint
440 1162 465 1188 in
479 1161 555 1196 signa
567 1181 574 1193 ,
587 1159 716 1196 quoniam
730 1159 869 1186 ineuntem
884 1160 1030 1192 tempesta-

243 1214 297 1237 tem
311 1216 419 1243 semper
436 1207 609 1242 signit‘icant;
632 1205 719 1240 caligo
743 1211 861 1239 namque
873 1203 929 1230 aeri
943 1203 1030 1230 olIusa

243 1255 309 1283 solis
324 1253 414 1281 radios
422 1251 641 1280 circumcludens
656 1251 746 1278 minus
763 1250 874 1277 luminis
889 1249 1029 1284 relinquit,

242 1302 325 1330 veluti
343 1301 390 1336 qui
405 1299 572 1327 carbonibus
598 1298 698 1325 similis
723 1304 821 1324 cruore
841 1295 969 1332 perfusus
985 1304 1031 1322 ru-

245 1346 342 1378 bescit,
362 1352 424 1372 cum
445 1351 534 1371 aerem
564 1343 711 1377 vaporibus
728 1346 807 1369 terrae
833 1341 1030 1369 condensatum

243 1392 380 1419 discutere
407 1390 610 1424 dissolvereque
634 1393 761 1424 nequeat.
788 1388 852 1416 Inde
882 1391 1030 1423 tempestas

247 1438 402 1466 ostenditur
417 1436 524 1468 futura;
540 1439 566 1462 et
594 1443 656 1462 cum
673 1443 742 1470 quas
757 1435 852 1462 dicunt
866 1442 941 1461 areas
956 1435 1031 1467 (sunt

244 1492 309 1512 vero
336 1483 606 1518 circumscriptiones
622 1482 745 1517 qumdam
775 1480 892 1508 rotundo
916 1480 1029 1513 ambitu,

245 1532 317 1559 areis
335 1531 448 1561 similes.
465 1534 492 1557 et
505 1538 538 1557 ex
552 1529 605 1556 hoc
619 1536 717 1556 nomen
734 1527 838 1562 adepta:
855 1526 929 1561 sunt)
946 1526 1030 1554 solem

244 1578 389 1609 cinxerint,
409 1582 504 1604 ventos
519 1576 597 1603 nobis
608 1576 726 1602 innuunt
741 1582 828 1602 szcvos
843 1581 875 1600 ac
887 1573 1032 1600 vehemen-

244 1629 303 1658 tes;
320 1631 370 1651 nec
387 1631 442 1650 non
456 1626 482 1650 et
495 1622 608 1649 anthelii
624 1622 723 1654 vocati,
753 1621 776 1648 si
799 1627 882 1647 cursu
897 1619 963 1647 solis
978 1626 1032 1646 una

246 1671 378 1700 ferantur,
391 1677 480 1696 aerem
491 1668 570 1696 nobis
595 1667 716 1695 futurum
745 1667 897 1694 maleﬁcum
910 1673 1033 1701 pronun-

247 1716 333 1749 tiant;
349 1720 376 1743 et
400 1723 497 1742 rursus
513 1714 535 1741 si
548 1714 631 1749 virga:
645 1714 738 1741 colore
766 1712 847 1740 Iridis
865 1712 938 1739 circa
953 1719 1034 1739 auro-

247 1770 305 1790 ram
323 1762 394 1789 inter
410 1761 496 1788 nubes
511 1761 667 1796 conspicua:
686 1763 844 1791 cernantur,
864 1758 906 1785 vel
921 1758 1032 1790 imbres,

247 1809 288 1836 vel
303 1807 538 1843 tempestates,\'el
555 1811 584 1833 ut
597 1807 745 1841 plurimum
757 1805 827 1832 aeris
853 1805 1033 1833 mutationem

247 1855 426 1890 praesignant.

283 1899 358 1927 Luna
376 1899 399 1926 si
416 1899 497 1927 tertio
519 1898 563 1925 die
582 1899 673 1926 tenuis
701 1898 830 1926 cornibus
846 1905 968 1933 puroque
989 1897 1033 1924 ni-

249 1951 308 1974 tore
329 1946 446 1977 fulserit,
479 1946 604 1973 stabilem
633 1953 666 1973 ac
687 1947 792 1972 Iirmam
810 1945 1035 1980 tranquillitatem

250 1991 401 2027 promittit;
422 1990 464 2018 sin
485 1997 549 2017 vero
573 1997 677 2016 cornua
703 1989 840 2016 crassiora
869 1988 1036 2023 subrufaque

250 2039 310 2065 visa
329 2037 439 2068 fuerint,
457 2044 589 2072 aquarum
606 2035 779 2070 repentinum
795 2035 922 2070 impetum
947 2034 1037 2061 horri-

251 2084 369 2118 damque
400 2085 589 2117 tempestatem
617 2081 765 2116 portendit.
791 2080 915 2116 Suntque
938 2081 1038 2109 instru-

251 2134 342 2156 menta
369 2133 523 2163 temporum
549 2129 589 2156 sol
615 2132 642 2155 et
664 2128 748 2160 luna;
775 2131 893 2162 tempus,
919 2127 1036 2159 dierum,

251 2175 398 2207 mensium,
424 2181 574 2208 annorum;
599 2174 700 2206 sidera,
728 2173 874 2206 mensium,
891 2173 1036 2206 seminum,

251 2222 392 2250 messium.

290 2266 470 2302 Vergiliarum
488 2272 624 2298 exortum,
642 2266 742 2293 messis
755 2266 953 2301 vindemiaque
968 2270 1037 2293 tem-

255 2320 306 2348 pus
319 2319 418 2339 occasu
432 2311 703 2339 seminisdenuntiari
721 2311 833 2338 scimus.
844 2310 1040 2346 Navigantibus

252 2357 412 2387 Plaustrum
424 2357 500 2385 sidus
515 2357 586 2384 viam
601 2357 696 2391 aperit.
713 2355 799 2383 Locos
812 2356 884 2383 enim
906 2356 994 2384 sidera
1004 2357 1041 2383 si—

253 2405 384 2441 gniﬁcant
399 2408 426 2432 et
434 2404 592 2432 ostendunt.
602 2403 670 2430 Ursa
683 2403 755 2429 enim
763 2402 973 2437 septentrionem
987 2403 1043 2437 pla-

253 2459 314 2487 gam
329 2449 649 2484 insinuat.Vergiliarum
663 2456 725 2483 pars
733 2448 885 2474 acuminata
902 2447 934 2474 ad
947 2447 1042 2474 Orien-

254 2503 307 2525 tem
322 2500 460 2533 spectans,
474 2496 524 2523 hoc
540 2495 609 2522 idem
622 2494 755 2522 enuntiat.
770 2493 858 2528 Ipsius
875 2494 937 2520 item
967 2492 1044 2520 Ursa:

256 2543 331 2570 llexze
346 2550 443 2574 cornu,
460 2547 486 2570 et
499 2542 570 2568 lunae
583 2548 646 2576 pars
661 2547 721 2575 qua;
731 2539 893 2571 illustratur,
905 2538 1044 2567 Orientem

259 2593 417 2623 praemonet.
428 2588 583 2622 Antequam
598 2587 726 2614 verolizcc
743 2586 848 2617 ﬁerent,
863 2591 969 2621 tempus
990 2594 1044 2613 non

260 2639 327 2666 erat,
345 2635 393 2662 sed
407 2634 525 2669 spatium
542 2638 663 2667 aetasque
685 2632 798 2659 nitnium
814 2640 845 2658 ea
863 2632 941 2667 longa
959 2635 1044 2658 extra-

261 2688 312 2714 que
325 2688 406 2708 omne
421 2684 538 2715 tempus.
556 2678 589 2705 Et
602 2678 653 2706 hoc
667 2677 701 2706 de
716 2678 802 2713 signis
817 2678 920 2705 dictum
938 2679 985 2706 sit.

297 2768 431 2803 Tempora
458 2777 539 2804 porro
570 2769 709 2799 horarum,
727 2768 783 2795 sive
808 2769 939 2803 temporis
961 2767 1047 2804 ipsius

302 2859 323 2874 “
339 2857 401 2884 Gen.
419 2866 438 2889 ι,
455 2859 496 2886 14.

1075 235 1184 270 ζούσης.
1201 237 1260 262 ’Ὁτι
1276 237 1303 263 δὲ
1323 238 1354 263 ὲκ
1371 238 1456 272 πυρὸς
1469 237 1630 273 συνέστηκεν
1644 240 1658 265 ὁ
1677 238 1766 275 ἥλιος,
1785 238 1862 274 δῆλον

1075 282 1106 308 ἐκ
1118 282 1165 307 τοῦ
1184 282 1296 318 πυροῦν,
1315 283 1362 310 καὶ
1373 283 1491 317 φλέγειν.

1114 328 1169 355 Τοῦ
1197 328 1379 364 διαχωρίζειν
1403 330 1556 365 ἁναμέσον
1585 329 1639 365 τῆς
1667 330 1780 365 ἡμέρας
1817 331 1863 358 καὶ

1074 374 1228 408 ἀναμέσον
1244 374 1298 409 τῆς
1311 377 1431 409 νυκτός.
1446 375 1507 403 Οἵον
1531 377 1575 403 τὸν
1596 377 1670 412 ἥλιον
1688 378 1736 412 τῆς
1755 377 1864 413 ἡμέρας

1075 421 1130 451 τοῖς
1147 419 1256 455 μέτροις
1281 420 1375 452 ἔταξε,
1403 422 1449 447 καὶ
1473 421 1521 456 τὴν
1546 422 1659 457 σελήνην
1684 422 1734 458 τῆς
1756 422 1863 453 νυκτός.

1077 466 1154 492 Ἔστι
1170 466 1197 492 δὲ
1213 468 1229 501 ὴ
1255 465 1302 499 νὺξ
1320 468 1438 502 σκίασμα
1461 468 1509 502 τῆς
1525 468 1590 503 γῆς,
1620 469 1864 504 ἁποκρυτπομένου

1075 511 1122 538 τοῦ
1145 511 1230 547 ἡλίου.
1251 512 1293 544 Ὠς
1313 513 1366 548 γὰρ
1387 513 1415 539 ὲν
1443 514 1476 548 τῇ
1500 514 1608 549 ἡμέρᾳ,
1634 514 1864 550 ἀντιφράσσοντός

1076 566 1157 589 τινος,
1173 557 1236 584 σκιὰ
1248 559 1361 592 γίνεται,
1372 559 1419 586 καὶ
1431 559 1462 585 τὸ
1474 559 1531 594 φῶς
1545 560 1747 594 παρυφίσταται
1757 569 1763 575 ·
1778 561 1864 592 οὕτως

1076 605 1093 639 ἡ
1113 604 1171 637 νὺξ,
1192 605 1369 640 σκιαζομένου
1389 605 1434 632 το]
1449 605 1530 641 ἀέρος
1549 605 1594 632 τοῦ
1620 606 1684 642 περὶ
1708 607 1780 642 γῆν,
1804 616 1864 633 συν-

1079 650 1191 677 ίσταται.
1207 652 1261 678 Καὶ
1277 653 1290 678 ὁ
1307 652 1356 687 μὲν
1369 652 1453 688 ἥλιος,
1470 653 1555 689 ὅσπερ
1572 652 1601 686 ἐξ
1613 653 1698 690 ἀρχῆς
1714 654 1772 688 φῶς
1790 656 1866 690 παρὰ

1076 695 1124 722 τοῦ
1142 696 1252 733 ποιητοῦ
1267 697 1370 733 εἴληφε,
1381 697 1459 725 τοῦτο
1474 698 1583 734 ἔχειδιὰ
1597 699 1696 731 παντὸς
1708 701 1867 736 ἐγκεκρυμ-

1079 743 1158 778 μένον
1172 745 1201 771 ὲν
1222 745 1311 780 ἐαυτῷ
1321 753 1328 760 ’
1344 745 1360 780 ἡ
1381 745 1409 772 δὲ
1425 745 1522 781 σελήνη
1534 746 1583 781 οὐχ
1599 745 1694 778 οὕτως,
1715 746 1783 774 ἀλλὰ
1806 755 1868 773 συν-

1078 789 1148 824 εχῶς
1159 790 1314 822 ἀποδύεται,
1329 790 1456 823 αὔξουσα,
1474 791 1521 818 καὶ
1538 793 1695 827 μειουμένη.

1116 836 1276 864 Ἔστωσαν
1289 837 1322 863 δὲ
1341 838 1386 870 εὶς
1405 837 1523 872 σημεῖα,
1543 838 1592 864 καὶ
1608 839 1651 871 εἰς
1665 837 1800 872 καιροὺς,
1820 839 1868 864 καὶ

1081 883 1124 915 εἱς
1136 882 1259 917 ἡμέρας,
1275 883 1323 910 καὶ
1339 885 1383 917 εὶς
1396 884 1561 917 ἐνιαυτούς.
1578 884 1680 920 Χρόνον
1694 884 1722 911 δὲ
1733 884 1810 920 ἥλιος
1824 885 1869 911 καὶ

1081 929 1180 965 σελήνη
1199 930 1280 965 γεννᾷ
1297 929 1400 958 τοῦτον,
1418 930 1577 966 Ἐλκόμεναι
1593 930 1760 967 συμμέτρως
1772 930 1828 966 γὰρ
1843 932 1869 957 αἱ

1080 976 1162 1012 φοραὶ
1177 977 1346 1012 τεταγμένας
1361 977 1415 1004 τῶν
1435 977 1537 1013 καιρῶν
1551 977 1600 1009 τὰς
1620 977 1727 1010 ἐξόδους
1740 978 1868 1011 γεννῶσι.

1079 1021 1180 1056 Χρόνος
1196 1021 1224 1048 δὲ
1241 1022 1377 1057 καλεῖται,
1399 1022 1491 1057 ἐπειδὴ
1508 1022 1602 1058 ὥσπερ
1621 1023 1667 1049 ἐπί
1689 1032 1751 1050 τινα
1770 1023 1870 1049 κύκλον

1080 1067 1240 1102 ἐπαλλήλοις
1251 1068 1360 1094 εἰλεῖται
1375 1068 1515 1099 εὐτάκτοις
1524 1068 1669 1103 διαδοχαῖς,
1681 1069 1792 1104 πρῶτος
1804 1069 1870 1104 πρὸς

1079 1113 1213 1148 δεύτερον,
1228 1114 1275 1141 καὶ
1292 1114 1381 1150 τρίτος
1400 1114 1467 1151 πρὸς
1483 1114 1528 1141 τὸν
1545 1115 1618 1150 ἑξῆς.

1116 1160 1152 1185 Τὸ
1168 1160 1210 1192 δὲ,
1225 1159 1365 1186 ἔστωσαν
1380 1161 1423 1193 εἰς
1446 1159 1564 1195 σημεῖα,
1582 1160 1675 1196 ἐπειδὴ
1695 1161 1747 1196 τὴν
1767 1169 1872 1197 παρου-

1082 1204 1141 1232 σίαν
1152 1205 1198 1232 τοῦ
1222 1206 1355 1241 χειμῶνος
1369 1206 1412 1232 ἀεὶ
1431 1206 1676 1242 προσημαίνουσιν·
1695 1207 1780 1242 ἀχλὺς
1805 1209 1870 1242 γὰρ,

1081 1251 1119 1286 τῷ
1132 1251 1194 1287 ἀέρι
1207 1252 1383 1288 ἐγγενομένη,
1399 1252 1444 1279 τοῦ
1461 1252 1536 1288 ἡλίου
1553 1253 1602 1285 τὰς
1612 1253 1725 1285 ἀκτῖνας
1739 1254 1869 1290 ἀμαυροῖ,

1081 1298 1128 1324 καὶ
1155 1297 1278 1333 φαίνεται
1303 1298 1479 1334 ἀνθρακώδης
1503 1300 1550 1326 καὶ
1578 1299 1714 1335 ὗςραιμος,
1735 1301 1773 1336 μὴ
1793 1300 1872 1327 δυνά-

1083 1351 1162 1378 μενος
1173 1344 1218 1370 τὸν
1233 1344 1301 1379 ἀέρα
1320 1345 1351 1372 ὲκ
1363 1345 1416 1371 τῶν
1430 1345 1523 1380 ἀτμῶν
1534 1345 1584 1381 τῆς
1593 1346 1645 1380 γῆς
1657 1347 1871 1381 πεπυκνωμένον

1082 1389 1202 1425 διαχέαιο
1231 1392 1285 1417 κάκ
1308 1391 1402 1418 τούτου
1427 1393 1538 1427 σημεῖον
1560 1392 1693 1427 χειμῶνος
1721 1391 1869 1418 δείκνυται.

1083 1435 1166 1462 Ὅταν
1176 1436 1204 1462 δὲ
1220 1438 1247 1463 αἱ
1262 1436 1404 1472 λεγόμεναι
1420 1437 1482 1469 ἅλῳ
1499 1438 1672 1473 (στρογγύλαι
1687 1438 1716 1465 δὲ
1734 1439 1787 1465 εἶσί
1799 1447 1871 1469 τινες

1083 1482 1250 1517 περιγραφαὶ
1264 1482 1354 1517 ὅμοιαι
1374 1481 1446 1517 ἆλῳ,
1463 1483 1495 1509 ὲκ
1518 1483 1611 1509 τούτου
1629 1483 1682 1518 γὰρ
1699 1483 1788 1516 οὕτως
1810 1485 1871 1510 ἐπο-

1084 1527 1265 1563 νομάζονται)
1290 1528 1335 1555 τὸν
1351 1528 1425 1563 ἥλιον
1451 1529 1690 1564 περιστοιχίσωσι,
1723 1531 1870 1566 σφοδρότης

1083 1574 1136 1600 τῶν
1152 1574 1260 1609 ἀνέμων
1278 1575 1437 1610 σημαίνεται
1447 1584 1454 1590 ·
1481 1575 1549 1602 ἐπὰν
1562 1576 1589 1602 δὲ
1605 1575 1652 1602 καὶ
1668 1576 1692 1602 οἱ
1709 1575 1870 1612 καλούμενοι

1083 1619 1204 1655 ἀνθήλιοι
1228 1621 1260 1655 τῇ
1277 1620 1323 1647 τοῦ
1346 1621 1421 1656 ἡλίου
1438 1622 1508 1657 φορᾷ
1533 1621 1714 1657 συντρέχωσι,
1741 1631 1872 1657 συμπτω-

1086 1667 1177 1702 μάτων
1207 1667 1306 1703 ἀερίων
1335 1669 1445 1704 σημεῖον
1469 1669 1585 1703 γίνεται·
1613 1669 1659 1696 καὶ
1684 1669 1766 1696 πάλιν
1792 1670 1872 1704 ἡνίκα

1086 1713 1191 1748 ῥάϐδοις
1202 1715 1317 1741 ὲοικυῖαθ
1327 1715 1396 1741 κατὰ
1405 1714 1453 1750 τὴν
1463 1715 1544 1751 χρόαν
1555 1715 1604 1750 τῆς
1614 1715 1712 1752 Ἴριδος
1723 1717 1764 1748 εις
1777 1716 1873 1752 apem»

1083 1761 1140 1792 τοῖς
1155 1760 1264 1795 νέφεσιν
1282 1760 1478 1796 ὲμφαινόμεναι
1492 1760 1644 1796 δειχθῶσιν,
1659 1761 1770 1797 ὄμϐροι,
1786 1761 1803 1797 ἦ
1820 1771 1874 1796 χει-

1086 1806 1189 1840 μῶνες,
1208 1806 1224 1842 ἢ
1252 1806 1386 1842 μεταϐολὴ
1410 1806 1548 1834 ὲπιπλεῖον
1573 1806 1619 1834 τοῦ
1636 1807 1717 1842 ἀέρος
1743 1809 1874 1843 σημαίνε-

1084 1860 1138 1879 ται.

1125 1897 1158 1924 Ἦ
1173 1897 1201 1924 δὲ
1218 1898 1314 1934 σελήνη
1325 1919 1332 1931 ,
1350 1899 1459 1925 ἐπειδὰν
1483 1899 1511 1926 ὲν
1526 1899 1559 1935 τῇ
1580 1898 1656 1935 τρίτῃ
1671 1899 1766 1935 ἡμέρᾳ
1789 1898 1874 1934 λείη-ὴ

1085 1945 1132 1971 καὶ
1143 1944 1250 1981 καθαρὰ
1263 1947 1323 1976 ταῖς
1334 1945 1456 1981 κεραίαις
1467 1945 1623 1981 ἀποδειχθῇ,
1635 1945 1770 1981 σταθερὰν
1783 1945 1872 1972 εὐδίαν

1086 1990 1333 2024 κατεπαγγέλλεται
1344 1999 1351 2006 ³
1367 1992 1467 2026 παχεῖα
1477 1991 1505 2017 δὲ
1520 1993 1580 2023 ταῖς
1593 1991 1729 2027 κεραίαις,
1745 1992 1792 2018 καὶ
1807 1990 1874 2029 ὑμέ.

1088 2037 1184 2073 ρυθρος
1202 2039 1325 2071 φανεῖσα,
1341 2037 1411 2073 ὕδωρ
1427 2037 1526 2073 λάὸρον
1539 2037 1554 2072 ἢ
1569 2037 1645 2064 νότον
1660 2037 1747 2072 βίαιον
1761 2038 1874 2071 εὐαγγε-

1087 2081 1198 2114 λίζεται.
1212 2083 1334 2118 Ὄργανα
1355 2081 1401 2109 οὖν
1415 2083 1517 2119 χρόνων
1533 2084 1606 2119 ἥλιος
1630 2085 1677 2111 καὶ
1697 2083 1797 2119 σελήνη
1810 2084 1872 2111 ne.

1090 2128 1209 2155 ισταται·
1229 2129 1323 2164 χρόνος
1345 2129 1374 2155 δὲ
1390 2129 1515 2165 ἡμερῶν,
1535 2130 1625 2165 μηνῶν
1635 2150 1642 2161 ,
1667 2130 1716 2156 καὶ
1728 2130 1871 2156 ἐνιαυτῶν·

1088 2172 1123 2199 τὰ
1137 2173 1164 2200 δὲ
1185 2174 1282 2209 ἄστρα,
1301 2175 1348 2201 καὶ
1377 2175 1487 2211 μηνῶν,
1509 2175 1555 2202 καὶ
1576 2175 1702 2210 σπόρων,
1729 2176 1777 2202 καὶ
1803 2175 1870 2211 diu;

1090 2227 1154 2246 των.

1127 2267 1181 2293 Καὶ
1191 2266 1366 2301 αἱ-Πλειάδες,
1382 2265 1573 2293 ἀνατέλλουσαι
1587 2265 1637 2302 μὲν
1649 2266 1758 2301 ἀμητοῦ
1773 2266 1874 2301 καιρὸν,

1090 2312 1216 2339 δύνουσαι
1237 2312 1265 2338 δὲ
1287 2312 1398 2348 σπόρου,
1413 2311 1572 2339 δεικνύουσι.
1591 2311 1645 2338 Καὶ
1663 2313 1720 2344 τοῖς
1741 2311 1872 2339 ναυτιλλοο

1093 2359 1183 2394 μένοις
1208 2358 1276 2394 μετὰ
1300 2358 1349 2393 τῆς
1371 2357 1491 2393 Ἀμάξης
1516 2359 1626 2393 σημεῖον
1649 2357 1772 2392 γίνεται·
1790 2358 1876 2384 τόπων

1091 2404 1145 2440 γὰρ
1162 2405 1261 2439 σημεῖα
1277 2403 1324 2430 καὶ
1337 2403 1477 2439 δεικτηρια
1488 2402 1520 2430 τὰ
1532 2404 1619 2439 ἄστρα
1632 2403 1748 2437 γίνεται.
1763 2404 1876 2438 Ἀρκτκ

1095 2452 1143 2487 μὲν
1167 2450 1222 2486 γὰρ
1246 2451 1345 2486 ἄρκτον
1370 2450 1505 2476 δείκνυσι·
1532 2449 1580 2484 τῆς
1605 2449 1633 2475 δὲ
1659 2449 1789 2481 Πλειάδος
1814 2449 1876 2483 πρὸς

1093 2497 1223 2533 ἀνατολὴν
1238 2497 1343 2532 βλέπων
1353 2496 1383 2522 τὺ
1395 2496 1441 2528 ὀξὺ
1453 2497 1503 2532 τὴν
1518 2496 1616 2531 ἄρκτον
1631 2495 1767 2522 δείκνυσιν
1777 2504 1783 2510 ·
1797 2495 1876 2528 αὐτῆς

1093 2545 1122 2571 δὲ
1137 2545 1186 2580 τῆς
1201 2544 1302 2580 ἄρκτου
1322 2543 1506 2579 στρεφομένης
1525 2542 1555 2568 τὸ
1580 2542 1664 2575 κέρας
1680 2541 1730 2577 τὴν
1751 2540 1875 2574 ἀνατολὴν

1094 2588 1222 2619 δείκνυσι,
1241 2587 1349 2622 καὶτῆς
1364 2587 1475 2622 σελήνης
1494 2585 1524 2612 τὺ
1542 2585 1716 2620 λαμπόμενον
1737 2585 1820 2621 μέρος
1833 2584 1874 2618 τὴ*

1096 2633 1227 2668 ἀνατολὴν
1251 2633 1386 2668 σημαίνει.
1404 2632 1460 2667 Πρὸ
1483 2632 1511 2658 δὲ
1532 2631 1633 2658 τούτων
1650 2632 1747 2667 χρόνος
1770 2631 1820 2657 οὐκ
1836 2628 1874 2665 ἦν,

1095 2679 1162 2706 ἀλλὰ
1184 2679 1320 2715 διάστημα
1332 2699 1339 2711 ,
1357 2680 1403 2706 καὶ
1426 2679 1491 2705 αἰὼν
1510 2678 1613 2714 μακρός
1629 2687 1671 2710 τις
1693 2678 1743 2705 καὶ
1760 2677 1874 2713 ἄχρονος-

1098 2726 1210 2761 Εῐρηται
1226 2723 1272 2752 οὖν
1288 2726 1352 2761 περὶ
1364 2725 1418 2752 τῶν
1432 2726 1562 2761 σημείων.

1132 2773 1251 2808 Καιροὺς
1269 2772 1297 2799 δὲ
1322 2771 1410 2807 λέγειν
1430 2771 1567 2807 ἡγούμεθα
1588 2770 1638 2802 τὰς
1658 2769 1810 2804 ὲναλλαγὰς
1831 2767 1877 2794 τῶν
