1909 3071
52 102 101 133 72!

518 110 654 142 SPURIA.
672 130 707 137 —
722 116 900 146 COMMENT.
921 117 954 145 ΙΝ
975 117 1222 149 liEXAEMERON.
1242 117 1246 121 ’

1629 126 1681 155 Hi

48 163 147 218 ὡρῶν,
165 164 320 200 χειμῶνος,
348 165 441 203 ἔαρος,
466 167 576 203 θέρους,
596 171 763 208 μετοπώρου.
788 174 843 201 Καὶ

896 178 1070 210 mutationes,
1083 186 1116 206 ae
1130 179 1214 211 vices.
1231 179 1328 208 hiemis
1337 181 1452 216 scilicet,
1470 184 1551 217 veris,
1568 187 1680 219 aestatis,

49 209 154 245 χειμὼν
183 211 234 245 μὲν
251 212 354 246 γίνεται
380 215 436 246 τοῖς
462 214 558 247 νοτίοις
580 217 673 252 μέρεσι
696 218 742 245 τοῦ
769 220 843 256 ἡλίου

50 255 328 292 προσδιατρίϐοντος,
351 259 397 285 xui.
420 259 486 287 πολὺ
501 260 531 287 τὸ
553 263 707 298 νυκτερινὸν
724 265 845 301 σκίασμα

50 302 116 337 περὶ
131 301 179 328 τὸν
198 303 260 329 καθ’
278 304 352 339 ἡμᾶς
369 305 450 332 τόπον
472 306 681 341 ἀποτελοῦντος,
702 309 739 342 ὡς
761 319 845 338 κατα-

49 347 186 394 ψύχεσθαι
206 349 255 383 μὲν
271 349 317 376 τδν
333 351 396 386 περὶ
412 353 460 387 τὴν
474 353 526 387 γῆν
543 353 622 389 ἀέρα,
635 356 682 382 καὶ
697 355 745 388 τὰς
759 357 844 394 ὑγρὰς

50 393 251 429 ἀναθυμιάσεις
271 397 468 432 συνισταμένας
487 399 614 435 ὄμϐρων,
638 401 685 427 καὶ
711 403 823 438 κρυμῶν
835 423 842 435 ,

50 440 100 466 καὶ
123 440 244 475 νιφάδων
266 442 354 474 αἰτίας
377 443 516 477 γίνεσθαι·
542 446 651 472 ἐπειδὰν
673 447 701 474 δὲ
727 448 844 476 ἐπανιὼν

52 486 134 513 πάλιν
153 487 208 513 ἀπὸ
224 487 277 514 τῶν
297 489 488 525 μεσημϐρινῶν
501 491 607 527 χωρίων
623 493 668 519 ἐπὶ
690 493 735 520 τοῦ
761 494 844 530 μέσου

51 531 180 567 γένηται,
207 533 335 569 ίσημερία
357 534 476 569 γίνεται,
504 537 551 563 καὶ
580 538 635 573 ὅσῳ
649 540 704 570 τοῖς
727 539 773 566 ἐπὶ
794 540 845 576 γῆς

52 579 219 615 ἐνδιατρίϐει
245 580 353 613 τόποις,
378 582 496 618 τοσούτῳ
519 582 588 610 κατά
609 584 689 620 μέρος
713 585 844 620 ἐπανάγει

52 625 102 661 τὴν
123 620 288 662 εὐκρασίαν,
315 627 363 654 καὶ
383 628 486 661 γίνεται
508 629 577 664 ἔαρ,
599 631 655 661 τοῖς
683 630 731 666 μὲν
753 633 845 666 φυτοῖς

51 671 184 707 παρέχων
200 672 354 708 βλάστησιν,
368 675 423 705 τοῖς
443 674 471 700 δὲ
490 674 607 711 δένδροις
623 676 672 712 τὴν
686 677 842 705 ἀναϐίωσιν.

58 717 182 744 Ἐκεῖθεν
194 718 222 745 δὲ
236 719 286 755 ἤδη
304 719 371 754 πρὸς
387 719 436 751 τὰς
450 719 557 756 θερινὰς
573 721 676 757 τροπὰς
694 723 736 749 ἐπ’
760 724 845 761 αὐτὴν

51 762 102 798 τὴν
127 764 248 799 Ἀρκτον
260 765 366 800 τρέχων
382 766 396 792 ὁ
424 766 500 801 ἥλιος
524 766 573 799 τὰς
598 768 716 803 μεγάλας
739 769 846 805 ἡμέρας

49 809 119 843 ἡμῖν
134 810 294 845 παρίστησι,
311 810 358 837 καὶ
375 810 418 837 διὰ
434 811 463 838 τὸ
477 810 567 838 πλεῖον
579 812 659 839 αὑτὸν
672 814 845 849 προσομιλεῖν

51 854 95 889 τῷ
110 854 186 890 ἀέρι,
202 855 285 882 αὐτὸν
304 856 482 892 καταφρίσσει
495 857 545 887 ,τὸν
562 859 645 894 ἀέρα,
662 859 708 886 καὶ
729 859 777 896 τὴν
792 860 843 895 γῆν
861 849 882 880 Β

51 901 146 927 πᾶσαν
159 901 360 937 καταξηραίνει,
372 903 418 928 καὶ
435 904 523 930 πάντα
534 904 639 940 καρπὸν
651 905 748 941 ὡραῖον
759 906 844 942 ἀπερ-

50 946 168 981 γάζεται
185 947 400 982 φλογωδέστατος
420 948 467 982 ὣν,
491 950 538 977 καλ¹
559 950 686 986 βραχείας
708 954 780 978 ποιεῖ
795 953 844 984 τὰς

53 994 135 1025 σκιὰς
151 994 197 1029 ἀφ’
215 994 317 1030 ὑψηλοῦ
344 995 539 1030 καταλάμπων.
562 997 606 1023 Ἑν
619 997 672 1033 γὰρ
696 999 755 1030 ταῖς
780 999 845 1034 βρα-

50 1039 186 1074 χυτάταις
199 1041 316 1077 ἡμέραις
333 1042 360 1068 αἰ
378 1042 453 1068 σκιαὶ⁹
465 1042 632 1077 μακρόταται
646 1043 774 1077 γίνονται.
789 1044 844 1071 Καὶ

51 1085 136 1112 πάλιν
151 1086 206 1113 ἀπὸ
217 1086 272 1113 τῶν
292 1088 483 1123 προσαρκτίων
507 1089 552 1114 ἐπὶ
569 1088 603 1115 τά
626 1088 701 1116 νότια
721 1098 844 1125 παραγε-

51 1130 181 1166 νομένου,
198 1132 354 1168 μετόπωρον
369 1133 482 1167 γίνεται,
501 1133 549 1168 τῆς
566 1133 670 1169 θέρμης
685 1135 744 1161 κατ’
756 1135 844 1169 ὀλίγον

49 1176 103 1211 τῆς
121 1177 222 1213 πολλῆς
238 1178 465 1214 ἀμαυρουμένης,
484 1180 529 1205 καὶ
549 1179 594 1206 τοῦ
611 1180 742 1215 χειμῶνος
763 1181 846 1208 ἀϐλα-

51 1222 109 1254 6ὦς
130 1223 262 1256 ἐπιόντος.

88 1280 126 1306 Οὐ
155 1282 228 1306 ποιεῖ
251 1281 279 1307 δὲ
300 1281 349 1316 τὴν
367 1282 472 1317 ἡμέραν
491 1283 505 1309 ὁ
530 1282 622 1317 ἥλιος
642 1283 735 1318 μηδεὶς
759 1283 845 1316 οὕτως

50 1325 177 1362 ὑπολάϐῃ
187 1335 194 1341 ·
206 1327 387 1363 πρεσϐυτερεῐ
397 1328 450 1363 γὰρ
465 1328 559 1354 τούτου
580 1330 596 1364 ἡ
613 1329 703 1364 ἡμέρα
719 1330 765 1356 καὶ
779 1329 842 1362 νύξ·

50 1372 121 1399 ἀλλὰ
139 1373 271 1409 κατάρχει
289 1374 368 1409 μόνον
385 1374 434 1409 τῆς
449 1375 568 1411 ἡμέρας,
584 1375 675 1407 καθὼς
693 1377 737 1403 καὶ
750 1377 763 1403 ὀ
778 1376 845 1411 ψαλ-

51 1418 142 1454 μῳδὺς
160 1419 314 1455 διαγορεύει
336 1421 417 1456 ἡμῖν·
432 1422 544 1454 Ἕθετο,
559 1421 644 1456 λέγων
655 1441 662 1454 ,
680 1421 734 1448 τὸν
756 1422 845 1456 ἥλιον

49 1467 96 1498 εις
105 1465 253 1497 ἐξουσίαν
266 1465 321 1499 τῆς
336 1465 457 1500 ἡμέρας,
475 1467 532 1501 τὴν
547 1467 693 1503 σελήνην,
710 1469 759 1496 καὶ
774 1469 844 1502 τοὺς

50 1511 186 1544 ἀστέρας
202 1512 245 1544 εἰς
256 1511 401 1544 ἐξουσίαν
415 1512 470 1547 τῆς
485 1515 604 1547 νυκτός.
623 1514 700 1549 Ἔχει
719 1514 748 1540 δὲ
768 1511 843 1547 οὗτος
857 1529 880 1560 C

50 1558 103 1594 τὴν
130 1557 253 1589 ἐξουσίαν
274 1558 303 1584 τὸ
320 1558 377 1593 φῶς
393 1559 546 1596 περιφέρων
566 1561 594 1587 ὲν
611 1560 708 1596 ἑαυτῷ
732 1561 841 1587 ἐπειδάν

50 1612 120 1630 ποτε
137 1604 183 1630 τὸν
200 1604 261 1631 καθ’
274 1606 346 1640 ἡμᾶς
366 1605 490 1641 ὁρίζοντα
509 1606 649 1642 ὑπεράρῃ,
669 1607 774 1643 ἡμέραν
791 1617 842 1635 πα-

52 1650 129 1686 ρέχει
145 1650 324 1683 διασκεδάσας
341 1652 371 1678 τὸ
385 1652 489 1684 σκότος.

93 1706 128 1734 Ἦ
140 1706 171 1733 δὲ
186 1707 295 1744 σελήνη,
311 1709 419 1736 ἐπειδὰν
432 1709 580 1742 δωδεκάκις
593 1709 639 1737 τὸν
652 1710 750 1746 ἑαυτῆς
766 1711 842 1738 ἐκτε-

49 1753 119 1790 λέσῃ
132 1753 244 1790 δρόμον,
262 1755 384 1782 ἐνιαυτοῦ
399 1756 528 1791 τυγχάνει
549 1757 694 1792 ποιητικὴ,
718 1758 785 1794 πλὴν
800 1758 840 1784 ὃτι

51 1801 139 1836 μηνὸς
157 1801 305 1836 ἐμϐολίμου
322 1801 404 1829 δεῖται
423 1802 489 1838 πρὸς
506 1802 556 1837 τὴν
578 1803 677 1838 ἀκριϐῆ
692 1803 746 1830 τῶν
763 1803 841 1839 ὡρῶν

51 1846 217 1882 συνδρομήν.
239 1847 268 1874 '0
285 1847 338 1882 γὰρ
354 1847 464 1883 ἡλιακὺς
479 1849 600 1880 ἐνιαυτὸς
617 1849 671 1876 ἀπὸ
689 1849 736 1876 τοῦ
758 1851 840 1877 αὐτοῦ

52 1893 168 1928 σημείου
181 1893 228 1919 ἐπὶ
246 1893 276 1920 τὸ
288 1894 354 1920 αὐτὸ
370 1895 481 1930 σημεῖον
492 1895 563 1922 κατὰ
576 1896 625 1930 τὴν
645 1896 747 1922 οἰκείαν
764 1896 836 1931 κίνη-

53 1947 95 1965 σιν
107 1940 154 1966 τοῦ
169 1939 244 1974 ἡλίου
261 1942 334 1968 ἐστὶν
354 1942 584 1974 ἀποκατάστασις.
604 1942 659 1978 Τῆς
678 1942 706 1969 δὲ
727 1942 841 1978 σελήνης

51 1984 198 2020 ληγούσης,
210 1986 351 2021 ἀραιοῦται
366 1986 420 2013 τῶν
433 1987 509 2019 ζώων
525 1987 559 2014 τὰ
576 1987 699 2023 σώματα,
715 1988 761 2014 καὶ
775 1988 841 2014 ὑπό-

51 2038 119 2057 κενα
145 2031 266 2064 γίνεται”
294 2032 444 2069 αὐξομένης
465 2033 511 2066 δὲ,
533 2033 743 2069 ἀναπληροῦται.
769 2034 840 2061 Διότι

52 2076 192 2112 ὑγρότητα
211 2077 281 2112 μετὰ
296 2077 463 2114 θερμότητος
481 2079 676 2114 κεκραμμένην
692 2079 841 2114 λεληθότως

52 2121 171 2158 ἐνίησινυ
188 2123 213 2149 οἱ
229 2123 283 2159 γὰρ
296 2123 472 2156 καθεύδοντες
492 2125 544 2151 ὑπὸ
562 2125 674 2160 σελήνην
694 2124 841 2160 ὑγρότητος

53 2169 187 2204 περισσῆς
200 2169 365 2205 πληροῦνται
380 2170 429 2202 τὰς
442 2171 571 2206 κεφαλὰς,
595 2172 641 2198 καὶ
655 2172 689 2198 τὰ
704 2172 839 2207 νεοσφαγῆ

895 224 1030 258 autumni,
1047 224 1238 260 intelligendas
1252 233 1314 254 esse
1336 235 1489 258 censemus.
1505 229 1598 259 Iliems
1615 236 1681 259 tunc

895 269 986 302 irruit,
999 278 1061 297 cum
1078 271 1118 298 sol
1130 271 1156 298 in
1175 272 1298 306 partibus
1311 275 1477 304 australibus
1485 283 1678 311 commoratur,

894 316 1038 351 noctisque
1050 318 1173 345 umbram
1193 319 1263 353 apud
1284 328 1336 348 nos
1364 322 1431 350 satis
1453 323 1499 350 diu
1516 325 1679 359 productam

895 362 1044 397 longiorem
1056 364 1168 392 omnino
1185 365 1259 397 facit,
1275 366 1312 393 ita
1330 371 1358 394 ut
1371 374 1417 394 aer
1429 369 1503 396 circa
1513 373 1614 398 terram
1631 371 1679 398 [τίη

895 413 996 442 gescat.
1012 417 1180 445 vaporesque
1192 410 1296 438 humidi
1312 414 1432 445 excitati,
1450 415 1567 450 pluvias,
1579 418 1679 452 glacies

894 453 1026 489 nivesque
1052 455 1213 490 producant.
1239 457 1292 484 Sed
1314 458 1360 485 ubi
1379 467 1487 488 rursum
1501 469 1515 488 a
1530 463 1680 491 meridiana

895 499 973 534 plaga
989 500 1160 535 remigrando
1179 502 1297 530 medium
1319 505 1380 532 cmli
1396 510 1535 540 permeat,
1558 509 1680 543 ωηιιίηο-

894 545 978 571 ctium
991 544 1028 575 tit,
1043 545 1205 581 frigorisque
1225 551 1252 574 et
1270 548 1369 576 caloris
1394 550 1503 577 modum
1528 554 1680 586 temperant

895 589 994 617 modici
1009 591 1082 619 illius
1095 599 1223 620 accessus
1236 593 1278 620 vel
1307 602 1451 628 recessus;
1472 595 1536 623 hinc
1557 604 1603 624 ver
1619 605 1680 626 esse

895 638 1002 674 incipit,
1027 647 1082 674 quo
1109 639 1198 667 herbae
1222 641 1376 675 germinant
1395 642 1563 677 arboresque
1579 644 1680 671 revivi-

896 688 985 712 scunt.
1007 684 1071 712 Inde
1085 684 1139 719 jam
1160 686 1264 713 mstivis
1279 687 1449 721 temporibus
1470 687 1626 716 ineuntibus
1646 690 1679 717 ad

895 731 981 766 ipsam
994 730 1091 759 Ursam
1109 732 1148 759 sol
1160 739 1275 759 cursans
1292 740 1404 768 magnos
1423 733 1502 761 nobis
1515 734 1596 762 eﬂicit
1608 735 1678 768 dies,

895 781 921 805 et
933 785 994 805 cum
1010 777 1113 806 diutius
1139 777 1168 805 in
1184 785 1246 806 aere
1270 782 1407 812 versetur,
1433 780 1523 816 ipsum
1540 785 1637 813 torret,
1653 785 1681 810 et

896 827 968 851 terra
992 823 1121 852 universa
1147 825 1296 856 exsiccata,
1326 825 1432 854 {metus
1447 832 1570 855 maturos
1591 827 1680 856 reddit

897 877 1004 897 summo
1033 870 1144 905 calore;
1161 871 1318 906 umbraeque
1343 875 1428 899 curtae
1445 872 1596 907 jaciuntur,
1616 881 1679 900 cum

895 915 937 943 sol
952 916 990 942 illi
1002 916 1062 943 loco
1083 917 1300 951 supraverticem
1319 917 1354 945 sit
1367 918 1514 953 lumenque
1541 919 1678 949 demittat.

894 960 924 988 ln
939 962 1108 990 brevissimis
1123 962 1196 990 enim
1213 962 1309 991 diebus
1329 963 1432 991 umbrze
1449 964 1614 1000 longissimae
1633 973 1681 993 ca-

894 1007 971 1034 dunt.
989 1007 1089 1035 lterum
1102 1016 1117 1035 a
1133 1008 1293 1037 meridianis
1323 1009 1351 1037 in
1379 1010 1513 1037 australes
1530 1015 1621 1046 partes
1633 1012 1680 1039 illo

895 1058 1045 1088 remeante,
1059 1058 1207 1083 autumnus
1215 1055 1344 1091 gignitur,
1360 1056 1446 1084 multo
1470 1056 1562 1084 calore
1576 1057 1678 1086 sensim

895 1104 1083 1134 evanescente,
1093 1101 1236 1138 hiemeque
1251 1102 1311 1129 sine
1339 1102 1395 1130 ullo
1413 1102 1586 1131 incommodo
1599 1109 1678 1131 acce-

895 1145 984 1174 dente.

930 1276 975 1305 Sol
987 1278 1040 1305 diei
1056 1286 1137 1305 causa
1155 1287 1289 1313 nusquam
1306 1283 1357 1311 est,
1375 1287 1456 1307 nemo
1479 1280 1505 1307 id
1521 1280 1558 1307 ita
1578 1288 1608 1308 se
1628 1281 1678 1309 ha-

896 1323 960 1351 bere
974 1323 1115 1358 opinetur;
1132 1325 1205 1352 hunc
1226 1325 1325 1352 etenim
1340 1325 1400 1353 dies
1413 1326 1552 1361 pracedit,
1569 1331 1595 1354 et
1607 1336 1677 1362 nox;

896 1369 944 1396 sed
961 1374 1003 1397 est
1016 1369 1071 1396 dux
1084 1374 1111 1397 et
1126 1370 1251 1406 princeps
1269 1375 1295 1398 et
1309 1372 1465 1399 moderator
1480 1371 1566 1404 illius,
1582 1381 1678 1408 quem-

895 1415 1041 1442 admodum
1057 1420 1083 1444 et
1094 1415 1256 1444 Psalmodus
1281 1417 1362 1444 nobis
1382 1417 1513 1446 insinuat.
1531 1418 1625 1445 Posuit
1637 1419 1680 1446 di-

895 1468 960 1489 cens
975 1462 1057 1489 solem
1083 1463 1110 1489 in
1125 1462 1268 1489 dominium
1290 1464 1352 1496 diei,
1370 1463 1460 1491 lunam
1487 1469 1511 1492 et
1534 1465 1625 1492 stellas
1651 1465 1680 1492 in

894 1507 1040 1535 dominium
1053 1510 1146 1536 noctis.
1162 1508 1237 1536 Illius
1249 1514 1337 1537 autem
1365 1510 1468 1539 obtinet
1484 1511 1678 1546 principatum,

895 1554 986 1581 lumen
1001 1555 1027 1582 in
1041 1559 1126 1582 semet
1137 1555 1293 1591 deportans,
1310 1556 1355 1591 qui
1379 1564 1440 1583 cum
1458 1557 1486 1583 in
1500 1560 1624 1584 nostrum
1645 1556 1679 1584 ﬂ-

894 1602 1011 1629 nitorcm
1030 1603 1195 1638 pervenerit,
1213 1603 1333 1631 tenebris
1344 1603 1452 1638 fugatis,
1472 1604 1544 1632 diem
1555 1603 1644 1631 affert.

927 1703 1014 1736 Luna,
1029 1703 1075 1731 ubi
1087 1703 1235 1731 duodecies
1244 1706 1331 1731 totum
1349 1711 1429 1731 suum
1444 1703 1564 1732 confecit
1583 1708 1611 1732 et
1629 1711 1678 1739 pe-

893 1750 1014 1786 ragravit
1024 1750 1085 1782 iter,
1100 1750 1163 1777 anni
1180 1750 1297 1785 spatium
1323 1750 1449 1778 terminat
1461 1760 1468 1784 ;
1480 1758 1574 1778 mense
1587 1755 1679 1779 tamen

894 1803 962 1829 opus
969 1796 1184 1829 estintercalari,
1197 1795 1230 1823 ad
1244 1795 1372 1823 horarum
1387 1803 1540 1824 concursus
1553 1801 1678 1824 exactam

894 1842 1027 1869 rationem
1049 1841 1274 1877 perspiciendam.
1300 1842 1395 1869 Annus
1420 1841 1493 1869 enim
1525 1842 1624 1870 solaris
1643 1843 1678 1869 ab

894 1888 987 1916 eodem
1001 1888 1090 1923 signo,
1120 1888 1154 1915 ad
1173 1888 1245 1916 idem
1273 1888 1422 1916 secundum
1454 1888 1593 1923 proprium
1612 1888 1678 1916 solis

895 1939 997 1961 motum
1009 1936 1131 1962 reversio
1143 1938 1195 1962 est.
1223 1934 1299 1962 Luna
1331 1934 1505 1962 decrescente
1519 1934 1677 1961 animalium

894 1988 1010 2015 corpora
1050 1985 1192 2008 rarescunt
1234 1985 1377 2008 extenuata
1409 1984 1437 2008 et
1464 1980 1675 2014 exinaniantur;

893 2029 1044 2058 crescente,
1058 2030 1192 2060 augentur
1207 2027 1324 2061 expleta.
1344 2025 1419 2053 Clam
1448 2026 1519 2053 enim
1534 2025 1678 2052 humidita-

894 2075 947 2099 tem
962 2072 1046 2099 calori
1063 2072 1233 2099 commistam
1247 2072 1332 2105 indit;
1349 2072 1413 2099 hinc
1432 2071 1461 2098 ﬁt
1470 2071 1521 2099 sub
1533 2072 1597 2098 luna
1612 2071 1678 2099 dor-

893 2117 1034 2144 mientium
1060 2116 1145 2143 multa
1170 2116 1332 2143 humiditate
1361 2116 1450 2150 capita
1463 2115 1579 2150 oppleri,
1591 2119 1618 2142 et
1635 2123 1679 2143 re-

893 2167 986 2191 center
999 2163 1184 2198 iugulatorum
1208 2170 1317 2194 carnes,
1336 2167 1363 2190 ct
1385 2162 1517 2198 quidquid
1538 2162 1611 2189 aliud
1633 2162 1678 2190 his

52 2213 80 2240 δὲ
93 2213 149 2240 τῶν
156 2214 255 2250 κρεῶν,
270 2215 316 2242 καὶ
325 2216 378 2242 πᾶν
390 2216 416 2242 εί
422 2224 447 2242 τι
459 2216 586 2247 τοιοῦτον,
596 2217 628 2252 τῇ
644 2216 778 2252 προσϐολῇ
790 2216 838 2250 τῆς

896 2217 946 2237 non
974 2210 1109 2242 absimile,
1139 2210 1209 2236 lunae
1229 2213 1341 2245 aspectu
1354 2209 1444 2237 subito
1474 2209 1623 2241 immutari,
1651 2214 1678 2237 et

52 2260 169 2296 σελήνης
186 2261 291 2296 ταχέως
310 2262 449 2297 τρέπεται.
469 2262 584 2298 Ὁμοίως
607 2263 635 2289 δὲ
652 2264 699 2289 καὶ
721 2263 755 2289 τὰ
778 2263 842 2298 περὶ

51 2308 97 2335 τὸν
109 2307 181 2343 ἀέρα
194 2307 266 2342 πάθη
278 2307 403 2344 τοιαύτης
416 2307 504 2340 αἰτίας
517 2309 842 2344 συνίσταται.Νουμηνίας

52 2355 105 2391 γὰρ
114 2354 260 2389 ἐνστάσης,
269 2354 388 2390 γαλήνης
398 2353 480 2390 οὔσης
490 2354 772 2391 σταθερᾶςμίφνιδίων
783 2355 842 2382 ἀνέ-

53 2409 111 2435 μων
135 2400 255 2435 ταραχαὶ
274 2399 393 2434 γίνονται
414 2400 467 2427 τῶν
482 2399 568 2434 νεφῶν
591 2400 775 2436 κλονουμένων
794 2401 841 2427 καὶ

51 2445 268 2480 συμπιπτόντων
288 2445 426 2481 ἀλλήλοις·
445 2447 492 2472 καὶ
509 2447 628 2481 γίνονται
643 2447 705 2482 περὶ
723 2447 786 2478 τοὺς
797 2446 841 2472 εὑ-

53 2492 151 2527 ρίπους
162 2491 328 2527 παλίῤῥοιαι,
337 2493 384 2518 καὶ
395 2501 426 2518 πε
432 2493 457 2528 pl.
466 2493 510 2518 τὸν
518 2492 636 2519 ὠκεανὸν
646 2492 782 2528 ἁναδρομὴ
793 2493 840 2528 τῆς

50 2537 202 2573 θαλάσσης.
225 2537 257 2563 Ei
281 2537 309 2564 δὲ
335 2538 381 2565 καὶ
403 2537 449 2564 τοῦ
468 2537 542 2573 ἡλίου
563 2536 682 2572 ἔκλειψις
694 2538 840 2574 νουμηνίας

49 2583 136 2619 οὔσης
152 2583 268 2618 γίνεται,
287 2583 452 2620 σφοδροτέρα
473 2583 631 2619 συμϐαίνει·
651 2583 770 2610 κάτωθεν
786 2583 840 2619 γὰρ

49 2631 68 2665 ἡ
87 2630 188 2665 σελήνη
207 2629 358 2656 ὑπελθοῦσα
369 2628 518 2664 ἐμφράττει
532 2629 606 2664 ἡλίου
619 2628 669 2660 τὰς
682 2629 804 2659 ἀκτῖνας.

85 2675 168 2709 Μέγα
183 2675 212 2702 δὲ
226 2683 251 2701 τι
265 2675 312 2702 καὶ
328 2674 396 2710 αὕτη
417 2675 433 2710 ἡ
452 2675 550 2710 σελήνη
572 2674 733 2709 καθέστηκε.
752 2673 839 2700 Μῦθοι

48 2721 78 2748 δὲ
93 2720 227 2757 ληρώδεις
244 2721 295 2748 ὑπὸ
319 2720 470 2757 μεθυόντων
487 2720 615 2756 γραῖδίων
633 2721 770 2756 πανταχοῦ
788 2721 840 2747 διε-

50 2766 191 2802 σώθησαν·
215 2767 256 2794 ὅτι
281 2766 459 2802 μαγγανείαις
483 2767 538 2793 τισὶ
558 2766 607 2802 τῆς
636 2766 737 2798 οἰκείας
759 2766 839 2802 ἔδρας

48 2814 233 2846 ἀπκινεῖται,
260 2813 307 2840 καὶ
333 2813 401 2850 πρὸς
423 2813 472 2848 τὴν
494 2813 545 2849 γῆν
568 2813 759 2847 καταᾳέρεται.
785 2813 838 2840 Καὶ

50 2860 129 2891 ποῖος
148 2859 181 2887 ἂν
203 2858 284 2891 τόπος
299 2858 478 2895 και-ταχθεῖσαν
499 2858 582 2894 αὐτὴν
609 2858 771 2892 ὐπεδέξατο;
792 2858 837 2893 Μὴ

892 2257 965 2291 ipsas
978 2255 1049 2283 aeris
1064 2255 1220 2284 aﬂ'eetiones
1232 2256 1307 2283 illius
1326 2263 1409 2282 causa
1422 2255 1588 2290 contingere.
1608 2253 1677 2281 Nam

893 2300 956 2327 luna
964 2304 1102 2333 nascente,
1118 2301 1140 2328 si
1150 2301 1334 2335 tranquillitas
1346 2300 1503 2335 plenissima
1516 2299 1597 2327 fuerit
1611 2307 1673 2326 ven-

892 2350 992 2378 torum,
1004 2346 1137 2381 rcpentini
1153 2346 1286 2376 turbines.
1305 2341 1423 2373 nubibus
1451 2345 1539 2380 pulsis
1563 2348 1590 2371 et
1605 2344 1677 2371 inter

893 2400 922 2419 se
946 2391 1166 2420 conﬂictantibus
1182 2412 1189 2424 ,
1209 2396 1307 2424 erunt;
1327 2391 1445 2426 ﬁentque
1460 2392 1487 2418 in
1512 2390 1615 2425 euripis
1638 2397 1677 2417 re-

892 2439 1091 2475 ciprocationes
1126 2446 1257 2474 aquarum
1301 2445 1496 2472 regressusque
1532 2437 1615 2464 maris
1649 2436 1675 2463 in

892 2485 1017 2519 Oceano;
1031 2486 1104 2520 quod
1127 2486 1149 2512 si
1178 2485 1242 2511 luna
1257 2483 1404 2511 novissima
1416 2483 1537 2517 primave
1553 2482 1618 2509 solis
1629 2481 1675 2509 de-

892 2531 982 2567 fectus
1005 2531 1060 2564 ﬁet,
1083 2531 1141 2558 haec
1171 2530 1262 2557 omnia
1282 2529 1484 2559 vehementiora
1498 2528 1675 2563 contingunt;

893 2578 1047 2605 interventu
1064 2577 1164 2612 quippe
1183 2576 1253 2603 lunae
1279 2576 1345 2603 solis
1369 2574 1439 2602 radii
1453 2574 1580 2601 occultati
1595 2574 1677 2601 hebe-

889 2626 992 2650 tantur.

926 2669 1092 2697 Immensum
1107 2667 1172 2703 quid
1187 2672 1230 2695 est
1245 2671 1272 2695 et
1286 2668 1343 2702 ipsa
1360 2667 1440 2698 lu_na;
1460 2673 1538 2700 nugae
1553 2672 1633 2692 merae
1645 2665 1677 2691 il-

891 2717 924 2744 la:
938 2720 1002 2744 sunt
1013 2716 1144 2751 planeque
1169 2715 1237 2746 liraa,
1253 2715 1331 2741 nobis
1346 2721 1361 2740 a
1376 2712 1530 2741 temulentis
1560 2710 1677 2738 aniculis

892 2763 1102 2793 traditi,lunam
1130 2761 1269 2789 veneﬁciis
1291 2760 1453 2794 quibusdam
1474 2757 1584 2793 propria
1612 2755 1676 2783 sede

893 2809 994 2838 moveri
1012 2813 1038 2837 et
1054 2809 1080 2836 in
1093 2812 1192 2835 terram
1209 2807 1315 2840 delabi;
1333 2810 1360 2833 et
1372 2805 1496 2840 quisnam
1512 2804 1584 2831 illam
1598 2803 1675 2830 locus

894 2856 1032 2891 delapsam
1047 2854 1201 2891 exceperit?
1214 2861 1301 2890 neque
1316 2861 1363 2889 per
1375 2858 1494 2879 errorem
1512 2849 1539 2877 in
1553 2847 1674 2876 fraudem
