1909 3071
232 126 283 155 7ἑ5

651 127 681 154 S.
701 125 923 155 EUSTATHIUS
939 127 1182 157 ANTIOCHENUS
1200 127 1400 158 EPISCOPUS.

1792 126 1842 154 725

231 185 358 216 incurrit.
372 192 459 220 neque
470 185 543 221 quod
557 185 655 213 visioni
672 194 784 222 parvum
807 191 926 214 externae
940 187 1014 215 vide-

1064 189 1117 225 γὰρ
1143 190 1295 226 ἐξηπάτησε
1321 189 1351 215 τὸ
1375 187 1532 224 φαινόμενον
1557 186 1594 218 ὡς
1614 184 1711 222 μικρόν
1727 191 1754 212 τι
1776 181 1845 211 εἶναι

231 235 285 262 tur,
302 239 414 266 parvum
442 232 469 258 id
492 239 554 260 esse
576 232 706 260 indicato.
724 232 821 260 Nostra
832 232 905 260 enim
930 233 1012 265 visio,

231 285 292 303 cum
309 277 365 311 ipsa
377 285 459 312 parva
477 278 522 310 sit,
537 286 619 312 parva
634 278 716 305 etiam
733 282 760 306 et
776 285 808 306 ea
825 286 885 313 qua:
897 286 1012 306 cernen-

230 325 284 354 tur,
302 326 331 348 ut
354 324 498 357 opinemur
513 331 585 355 esse,
614 323 705 356 eliicit,
731 324 870 359 proprium
887 324 1010 351 morbum

228 368 310 395 rebus
326 369 392 396 visis
408 370 629 402 communicnns;
650 377 766 404 namque
782 370 863 396 etiam
886 370 908 397 si
921 369 981 404 quis
996 377 1012 397 e

229 414 384 442 summitate
399 417 530 442 montium
549 422 659 449 campos
671 419 802 449 patentes,
823 418 849 442 et
861 415 887 442 in
903 415 957 442 illis
973 415 1012 442 si-

229 459 285 485 mul
302 459 384 487 boves
401 466 543 494 pascentes
558 461 721 496 despexerit.
752 460 878 489 formicas
895 460 948 488 sibi
971 460 1011 486 vi-

229 503 294 530 dere
306 504 451 532 videbitur.
471 505 547 533 Visio
562 506 633 533 enim
649 513 698 540 per
712 513 800 532 aerem
816 509 973 538 extenuata,
983 509 1010 531 et

228 549 307 583 quasi
328 557 505 583 evanescens,
523 558 566 578 res
589 551 640 578 sibi
655 550 777 584 objectas
793 550 931 585 percipere
955 558 1010 578 non

229 595 309 622 valet.
328 595 426 623 Verum
444 597 515 624 lunae
525 605 623 632 corpus
638 597 786 624 maximum
798 604 858 624 esse
874 597 918 623 illa
929 604 1010 632 argu-

230 645 320 667 mento
339 646 414 669 sunt.
435 642 565 670 Civitates
577 642 649 670 enim
661 643 689 669 in
705 646 838 669 terrarum
860 641 925 669 orbe
939 643 1009 669 mul-

228 690 286 712 tum
304 687 376 714 inter
391 695 421 715 se
445 688 577 715 distantes
592 689 725 723 longeque
741 689 881 723 sejunctaa,
917 689 1009 723 strigis

229 741 288 767 quae
302 732 439 761 Orientem
454 735 696 769 respiciunt,;eque
715 742 811 762 omnes
835 734 905 761 lunae
919 735 1009 763 lumen

228 779 419 813 excipiunt;et
435 780 558 807 similiter
569 788 684 808 occasus
711 784 738 807 et
754 780 966 808 meridianarum
983 784 1009 808 et

229 826 390 852 australium
405 827 523 861 partium
535 827 630 854 incola:
641 831 773 862 spectant.

1063 235 1246 271 νομιζόμενον.
1262 234 1356 270 Μικρὰ
1367 234 1422 269 γὰρ
1437 234 1453 269 ὴ
1475 232 1535 267 ὄψις
1549 231 1625 267 ἡμῶν
1639 230 1781 266 γινομένη,
1799 238 1843 265 μι-

1062 279 1115 315 κρὰ
1130 279 1240 314 εποίησε
1256 278 1411 314 νομίζεσθαι
1434 278 1481 304 καὶ
1495 278 1529 304 τὰ
1544 276 1678 312 ὁρώμενα,
1694 276 1725 302 τὸ
1746 276 1844 302 οἰκεῖον

1062 326 1147 357 πάθος
1164 326 1220 357 τοῖς
1240 325 1346 360 ὁρατοῖς
1366 324 1542 360 ἐπιφέρουσα.
1563 323 1666 358 Ὥσπερ
1680 321 1735 357 γὰρ
1758 321 1785 347 εἰ
1804 329 1844 352 τις

1061 372 1105 398 ἐπ’
1120 370 1273 407 ἀκρωρείας
1287 369 1407 396 θεάσοιτο
1422 369 1500 395 πεδία
1514 368 1559 395 καὶ
1577 367 1640 403 βόας
1658 368 1704 394 ἐπὶ
1724 367 1755 393 τὸ
1777 366 1844 394 αὐτὸ

1061 418 1221 453 νεμομένας,
1230 417 1304 452 οὐχὶ·
1315 417 1353 448 ὡς
1364 416 1514 451 μυρμήκων
1523 414 1671 449 φαντασίαν
1681 414 1747 449 όρᾷν
1757 413 1840 440 δοκεῖ’

1061 462 1272 499 ἑνδαπανηθεῖσα
1298 461 1350 497 γὰρ
1376 460 1415 496 τῷ
1439 461 1498 496 ἀέρι
1520 459 1622 495 ἡὸψις,
1649 459 1696 486 καὶ
1720 457 1841 493 ἐξίτηλος

1061 509 1204 544 γενομένη,
1220 507 1288 543 πρὸς
1309 507 1357 542 τὴν
1372 506 1472 542 ἀκριϐῆ
1487 505 1648 539 κατανόησιν
1663 503 1718 530 τῶν
1734 503 1841 538 ὁρωμέ-

1061 565 1112 582 νων
1129 555 1178 581 οὑκ
1195 553 1312 590 ἐξαρκεῖ.
1334 553 1389 580 Καὶ
1409 554 1449 579 ὅτι
1469 550 1643 587 παμμέγεθες
1659 550 1709 584 τῆς
1727 549 1842 584 σελήνης

1060 601 1089 627 τὸ
1105 600 1184 636 σῶμά
1207 601 1273 631 ἐστι,
1294 598 1387 635 μαθεῖν
1409 599 1441 624 ὲκ
1459 597 1613 633 τεκμηρίων
1634 596 1717 622 ἔστιν.
1733 595 1765 620 Αἱ
1786 595 1840 629 γὰρ

1060 647 1131 674 κατὰ
1144 647 1193 683 τὴν
1208 646 1369 680 οἰκουμένην
1382 645 1472 676 πόλεις
1488 644 1611 671 πλεῖστον
1625 641 1747 676 ἀλλήλων
1764 641 1838 675 ἀπῳ-

1060 692 1197 728 κισμέναι,
1218 693 1277 724 ταῖς
1295 691 1364 718 κατὰ
1379 691 1428 726 τὴν
1444 689 1575 724 ἀνατολὴν
1588 687 1774 723 τετραμμέναι
1791 687 1837 721 ῥυ-

1061 739 1212 775 μοίτομίαις⁷
1229 738 1258 771 ἐξ
1280 738 1336 764 ἴσου
1351 738 1436 764 πᾶσαι
1455 737 1485 763 τὸ
1507 736 1643 771 σεληναῖον
1664 733 1722 768 φῶς
1746 732 1840 759 ὑποδέ-

1059 794 1161 821 χονται,
1176 785 1336 820 καὶ¹ὀμοίως
1350 784 1433 819 αὐτὴν
1448 784 1472 809 οὶ
1485 782 1533 818 τὴν
1548 782 1622 808 δύσιν
1637 780 1775 811 οἰκοῦντες
1792 779 1840 805 καὶ

1059 831 1093 858 τὰ
1109 829 1278 865 μεσημϐρινὰ
1291 829 1338 856 καὶ
1353 828 1462 864 ἀρκτῷα
1481 828 1549 863 μέρη
1565 825 1720 862 θεωροῦσιν.

265 870 364 904 Quinto
379 877 468 899 autem
486 873 539 904 die,
557 873 626 900 Deus
638 873 712 908 aquis
740 878 769 899 ut
800 873 946 900 animarum
974 873 1011 900 vi—

1095 864 1134 910 Τῇ
1148 875 1171 901 δ’
1182 864 1272 910 ἡμέρᾳ
1288 875 1320 910 τῇ
1335 875 1447 910 πέμπτῃ
1458 871 1641 907 προσέταξεν
1656 872 1672 898 ὀ
1687 870 1760 902 Θεὸς
1770 869 1840 901 ἐξα-

231 917 342 944 ventium
360 918 464 951 reptilia
485 918 626 946 secundum
648 927 728 953 genus
744 919 914 953 producerent
926 919 1009 954 jussit

233 963 270 995 ";
284 961 428 999 statimque
443 972 517 992 mare
531 965 607 992 varia
619 965 797 992 animantium
814 971 912 1000 genera
930 973 1010 1000 pepe-

229 1008 275 1034 rit.
290 1007 389 1035 llorum
408 1009 529 1044 qumdam
544 1017 599 1037 non
614 1010 704 1037 minus
719 1009 802 1036 humo
817 1017 897 1045 quam
913 1013 1010 1045 stagno

229 1058 423 1087 consuescunt,
438 1055 520 1082 veluti
537 1055 611 1082 vituli
627 1055 733 1086 marini,
748 1062 816 1090 quos
833 1058 930 1081 vocant
943 1054 1009 1089 pho-

230 1107 293 1133 cas;
308 1100 449 1132 crocodili,
462 1101 524 1136 equi
535 1100 688 1134 ﬂuviatiles,
701 1109 751 1128 nec
765 1109 820 1128 non
842 1104 868 1128 et
885 1108 967 1133 ranae,
983 1105 1009 1128 et

230 1145 332 1177 cancri,
350 1145 449 1180 quibus
473 1146 584 1172 natandi
604 1153 658 1172 non
688 1146 759 1173 inest
785 1145 919 1179 facultas;
948 1154 1009 1173 cum

229 1190 301 1216 enim
316 1195 412 1217 natura
424 1191 449 1218 id
473 1191 590 1219 habeant
612 1195 641 1218 ut
657 1195 762 1225 repant,
781 1191 864 1218 ductu
877 1199 1008 1225 aquarum

229 1235 387 1264 trahuntur.
403 1236 531 1269 Quaedam
550 1237 676 1264 animalia
700 1238 821 1272 pariunt,
837 1237 921 1264 veluti
932 1237 1008 1264 vituli

230 1281 340 1313 marini,
353 1282 482 1317 delphini,
496 1283 659 1317 torpedines,
675 1288 701 1311 et
713 1283 755 1311 his
769 1281 1008 1317 similia._'l‘antum

231 1325 302 1353 Deus
312 1327 405 1360 jussit,
419 1331 446 1355 et
456 1329 544 1362 pisces
556 1336 660 1360 omnes,
678 1329 736 1356 sive
759 1329 799 1357 illi
816 1328 843 1356 in
859 1328 915 1355 alto
929 1329 1007 1360 mari,

231 1369 287 1396 sive
302 1370 328 1396 in
342 1370 443 1402 littore,
460 1371 517 1398 sive
531 1373 559 1398 in
583 1372 645 1399 imis
669 1373 803 1407 partibus,
824 1374 881 1401 sive
895 1375 922 1402 in
935 1376 1008 1402 saxis

230 1416 360 1450 gregatim
378 1417 419 1444 vel
435 1418 548 1452 sparsim
556 1418 660 1451 vivunt,
675 1419 731 1446 sive
747 1420 886 1449 immensa:
904 1421 1007 1456 magni-

229 1462 333 1489 tudinis
348 1466 416 1495 cete,
431 1463 488 1491 sive
503 1464 677 1492 minutissimi
699 1465 862 1500 prodibant;
891 1466 1008 1494 naturali

229 1507 345 1542 quadam
362 1515 424 1534 cum
450 1509 527 1543 aquis
543 1508 671 1537 affinitate
687 1509 837 1544 conjuncti.
867 1509 1008 1544 Paulisper

229 1553 300 1578 enim
315 1552 338 1579 si
355 1552 389 1579 ab
399 1553 478 1587 aquis
489 1558 661 1588 separentur,
678 1554 799 1589 spirandi
818 1555 946 1582 facultate
960 1555 1004 1582 de-

228 1596 325 1629 stituti,
343 1597 494 1630 intereunt;
520 1605 582 1624 nam
596 1598 791 1626 branchiarum
805 1599 964 1633 diiatatione
981 1603 1008 1626 et

228 1642 415 1670 contractione
431 1643 565 1678 recipiunt
576 1651 674 1679 aquam
687 1648 714 1672 et
737 1645 873 1678 emittunt,
886 1645 1008 1672 vitalem-

229 1695 281 1722 que
296 1687 368 1715 hunc
379 1688 499 1715 habitum
517 1689 652 1722 reddunt;
670 1691 761 1718 nullus
778 1691 848 1718 inter
867 1699 914 1718 eos
925 1690 1007 1717 dimi-

228 1733 318 1761 diatos
345 1734 426 1761 habet
452 1735 557 1767 dentes,
577 1735 624 1763 sed
649 1743 744 1763 omnes
766 1736 821 1763 illis
847 1736 1008 1764 acuminatis

227 1777 398 1812 muniuntur,
423 1786 456 1806 ne
484 1779 529 1806 diu
556 1780 583 1806 in
602 1780 898 1814 mandendoimpediti,
916 1780 1007 1807 cibum

227 1824 390 1852 diffluentem
416 1824 559 1857 amittant;
577 1832 642 1852 sane
659 1825 731 1852 enim
753 1828 819 1852 tunc
846 1825 922 1853 cibus
939 1825 1009 1852 male

227 1871 396 1906 perderetur.
416 1870 496 1898 Solus
510 1871 624 1905 piscium
639 1878 734 1899 scarus
746 1870 845 1898 dicitur
857 1871 1006 1904 ruminare,

229 1917 419 1951 alimentisque
434 1916 506 1948 aliis,
521 1916 566 1942 alii
590 1916 641 1943 sibi
667 1917 859 1944 consentaneis
882 1921 1006 1944 utuntur.

227 1961 344 1994 Quidam
359 1962 430 1989 enim
446 1962 503 1989 luto
513 1967 669 1994 vescuntur,
697 1963 741 1989 alii
767 1963 838 1998 alga,
855 1963 900 1990 alii
916 1963 1008 1990 herbis

228 2016 288 2042 qua:
301 2008 328 2034 in
344 2015 414 2042 aqua
439 2011 576 2040 crescunt,
592 2008 702 2043 quidam
719 2008 801 2036 etiam
829 2015 890 2036 sese
913 2013 1008 2036 mutuo

227 2053 367 2081 devorant.

263 2100 370 2127 Habent
395 2100 458 2128 item
473 2104 500 2128 et
515 2108 579 2129 suas
606 2101 796 2136 proprietates.
813 2100 894 2128 Serra
919 2100 1002 2136 piscis

228 2148 285 2175 alas
303 2147 384 2175 habet
393 2147 523 2182 oblongas
533 2168 541 2180 ,
554 2147 577 2175 si
595 2155 689 2175 navem
702 2147 830 2175 secundis
845 2147 934 2175 ventis
948 2155 1008 2174 cur-

1059 921 1160 956 γαγεῖν
1173 921 1209 948 τὰ
1227 920 1322 946 ὕδατα
1339 919 1446 954 ἑρπετὰ
1465 917 1571 957 ιπχῶν
1586 915 1686 947 ζωσῶν
1706 915 1780 942 κατὰ
1794 913 1841 949 τὲ-

1059 976 1121 1000 νος·
1137 967 1184 994 καὶ
1197 966 1296 997 εὐθέως
1312 966 1328 1001 ἡ
1347 965 1395 1001 μὲν
1410 965 1531 992 θάλασσα
1547 964 1658 990 παντοῖα
1675 961 1753 995 ζώων
1773 962 1840 996 γένη

1058 1013 1172 1048 διάφορα
1193 1011 1341 1047 άπεκύησε.
1362 1011 1421 1037 Τῶν
1440 1011 1494 1045 γὰρ
1517 1009 1628 1036 ἐναλίων
1641 1008 1675 1035 τὰ
1695 1008 1745 1043 μέν
1766 1009 1840 1033 ἐστιν

1059 1059 1186 1094 ἀμφίὸια,
1201 1056 1255 1085 οἷον
1276 1057 1374 1092 φῶκαι.
1395 1056 1441 1082 καὶ
1456 1054 1629 1091 κροκόδειλοι,
1646 1053 1692 1080 καὶ
1713 1053 1738 1078 οἱ
1755 1060 1839 1078 ποτα-

1061 1106 1143 1141 μιαῖοι
1154 1105 1242 1135 ἵπποι,
1258 1103 1297 1129 ἔτι
1314 1102 1343 1129 δὲ
1356 1103 1379 1128 οἱ
1400 1101 1539 1137 βάτραχοι,
1557 1100 1603 1126 καὶ
1617 1100 1640 1126 οἱ
1656 1098 1790 1134 καρκῖνοι,
1807 1096 1838 1123 οὗ

1060 1152 1150 1186 μέντοι
1172 1150 1202 1177 τὸ
1221 1149 1346 1185 νηκτικὺν
1363 1148 1463 1182 ἔχουσι’
1487 1144 1638 1182 ἑρπυστικὰ
1660 1144 1714 1179 γάρ
1732 1145 1791 1170 ἐστι

1059 1197 1148 1232 φύσει,
1163 1195 1202 1231 τῷ
1223 1195 1344 1231 ἡγήματι
1367 1193 1412 1220 τοῦ
1429 1192 1523 1223 ὕδατος
1544 1190 1744 1226 ἐπισυρόμενα·
1762 1188 1796 1215 τὰ
1810 1189 1838 1215 δὲ

1059 1243 1188 1275 ζωοτὸκα,
1209 1239 1263 1267 οἷον
1283 1240 1382 1275 φῶκαι,
1398 1239 1445 1265 καὶ
1458 1238 1587 1272 δελφῖνες,
1604 1237 1652 1263 καὶ
1668 1236 1777 1271 νάρκαι,
1792 1235 1840 1261 καὶ

1058 1289 1091 1317 τὰ
1102 1291 1181 1325 ὃμοια
1195 1288 1294 1318 αὐτοῖς.
1309 1287 1395 1314 Μόνον
1410 1287 1438 1313 δὲ
1455 1283 1616 1321 προσέταξεν
1632 1284 1646 1309 ό
1657 1282 1733 1313 Θεὸς,
1748 1281 1794 1308 καὶ
1806 1280 1839 1306 τὰ

1059 1335 1184 1369 πελάγιοι,
1206 1334 1253 1360 καὶ
1267 1333 1301 1360 τὰ
1322 1331 1478 1367 αἰγιαλώδη,
1492 1330 1526 1357 τὰ
1541 1329 1629 1366 poeta,
1650 1329 1685 1355 τὰ
1701 1326 1837 1363 πετρώδη.

1056 1383 1091 1410 τὰ
1100 1382 1222 1416 ἀγελαῖα,
1237 1380 1270 1406 τὰ
1281 1379 1440 1415 σποραδικὰ,
1449 1378 1483 1404 τὰ
1497 1378 1578 1413 κήτη,
1592 1376 1625 1402 τὰ
1638 1374 1790 1411 ὑπέρογκα.
1805 1373 1840 1399 τὰ

1056 1428 1205 1455 λεπτότατα
1227 1426 1280 1453 τῶν
1304 1425 1401 1461 ἰχθύων
1422 1424 1519 1459 προΐει,
1545 1421 1704 1456 συγγένειαν
1722 1419 1789 1455 πρὸς
1809 1418 1840 1445 τὸ

1057 1473 1128 1509 ὕδωρ
1142 1472 1257 1508 φυσικὴν
1274 1471 1378 1506 ἔχοντα.
1391 1469 1495 1506 Μικρὸν
1510 1468 1563 1504 γὰρ
1579 1469 1602 1494 ει
1614 1467 1661 1494 τοῦ
1676 1467 1770 1497 ὓδατος
1783 1474 1838 1500 χω-

1020 1539 1042 1567 c
1060 1519 1148 1556 ρισθῇ,
1164 1518 1200 1554 μὴ
1214 1518 1308 1553 ἔχοντα
1321 1515 1466 1551 ἀναπνοὴν,
1479 1513 1673 1567 διαφθείρεταιη
1686 1512 1773 1567 ὴμγὰρ
1785 1511 1839 1567 ηῶν

1059 1564 1196 1601 βραγχίων
1210 1564 1300 1594 αὐτοῖς
1320 1562 1454 1596 διαστολὴ,
1471 1561 1518 1588 καὶ
1538 1558 1690 1592 ὲπίπτυξις,
1705 1557 1838 1593 δεχομένη

1057 1610 1087 1637 τδ
1104 1610 1184 1645 ὕδωρ,
1206 1609 1252 1636 καὶ
1284 1608 1390 1639 διιεῖσα,
1406 1606 1507 1642 ταύτην
1521 1605 1569 1641 τὴν
1583 1605 1719 1639 ἀναπνοὴν
1741 1604 1838 1638 κέκτη-

1056 1665 1112 1683 ται.
1129 1655 1211 1682 Οὐδὲν
1222 1654 1287 1690 παρ’
1300 1654 1390 1685 αὐτοῖς
1401 1653 1429 1686 εξ
1440 1651 1565 1688 ἡμισείας
1577 1651 1631 1686 ἔχει
1642 1650 1705 1681 τοὺς
1717 1649 1837 1680 ὀδόντας,

1057 1700 1125 1728 ἀλλὰ
1145 1701 1232 1728 πάντα
1248 1699 1351 1726 ὀδοῦσιν
1365 1699 1435 1732 ὀξέσι
1451 1697 1706 1726 καταπεπύκνωται,
1725 1694 1794 1730 πρὸς
1809 1693 1839 1720 τὸ

1059 1747 1096 1783 μὴ
1110 1746 1243 1782 διαῤῥέειν
1257 1746 1289 1780 τῇ
1303 1744 1396 1780 χρονία
1412 1743 1528 1779 μασήσει
1538 1741 1585 1777 τὴν
1597 1741 1710 1777 τροφήν.
1724 1739 1838 1774 Ἔμελλε

1057 1792 1111 1828 γὰρ
1136 1793 1164 1818 ὲν
1189 1793 1221 1827 τῇ
1246 1791 1331 1826 λεπτῇ
1361 1791 1475 1825 μασήσει
1496 1787 1697 1823 διαφθείρεσθαι
1720 1786 1773 1812 ὑπὸ
1791 1785 1838 1812 τοῦ

1058 1839 1161 1869 ὓδατος.
1183 1837 1335 1873 Μηρυκίζει
1362 1836 1390 1862 δὲ
1403 1836 1478 1862 οὐδὲν
1492 1835 1555 1861 ἄλλο
1570 1835 1634 1869 παρ’
1645 1833 1738 1864 αὐτοῖς
1752 1833 1776 1858 εί
1800 1831 1837 1866 μὴ

1057 1885 1070 1911 ό
1086 1883 1194 1919 σκάρος.
1213 1882 1289 1909 Ἐστι
1304 1882 1332 1908 δὲ
1348 1881 1395 1908 καὶ
1408 1881 1424 1916 ή
1446 1879 1532 1916 τροφὴ
1550 1878 1615 1914 ἄλλη
1636 1877 1725 1908 ἄλλοις
1737 1876 1839 1903 κατάλ-

1057 1930 1146 1965 ληλος.
1159 1930 1190 1956 Οἱ
1207 1929 1255 1964 μὲν
1269 1927 1324 1964 γὰρ
1339 1927 1390 1954 ίλύῖ
1399 1927 1554 1963 τρέφονται,
1568 1925 1592 1952 οῑ
1608 1925 1636 1951 δὲ
1649 1924 1706 1955 τοῖς
1720 1923 1838 1957 φυκίοις,

1057 1978 1130 2005 ἄλλοι
1145 1978 1205 2008 ταῖς
1221 1976 1343 2011 βοτάναις
1354 1976 1412 2007 ταῖς
1423 1974 1602 2011 τρεφομέναις
1617 1972 1656 2008 τῷ
1672 1971 1750 1999 ὕδατι
1760 1979 1767 1986 '
1782 1971 1839 1996 ἓτε-

1059 2033 1099 2060 ροι
1111 2023 1140 2050 δέ
1154 2024 1220 2050 εἰσιν
1235 2021 1424 2058 ἁλληλοφάγοι.

1095 2102 1172 2129 Ἔστι
1186 2102 1214 2128 δὲ
1228 2100 1317 2128 αὐτῶν
1336 2099 1382 2126 καὶ
1403 2099 1519 2134 διάφορα
1538 2097 1678 2133 ἰδιώματα.
1700 2097 1731 2123 '0
1753 2094 1838 2131 πριὼν

1058 2149 1194 2185 πτέρυγας
1208 2148 1263 2183 ἔχει
1279 2147 1394 2183 μακράς·
1408 2145 1454 2172 καὶ
1467 2144 1632 2179 θεασάμενος
1645 2142 1737 2169 πλοῖον
1751 2142 1839 2177 οὐριο-

227 2201 288 2222 sum
300 2197 435 2221 tenentem
452 2201 531 2220 suum
547 2193 654 2224 viderit.
667 2193 718 2221 alis
728 2194 755 2220 in
767 2194 851 2221 altum
875 2193 1004 2225 extensis,

1060 2194 1184 2230 δρομοῦν,
1211 2194 1257 2220 καὶ
1279 2192 1359 2225 αὐτὸς
1380 2190 1488 2227 ὑψώσας
1508 2189 1604 2216 ἑαυτοῦ
1619 2188 1669 2220 τὰς
1688 2187 1837 2235 πτέρυγαςῘ

227 2239 304 2266 navis
315 2239 406 2266 varios
417 2238 591 2274 ingrediendo
607 2242 697 2266 motus
713 2243 794 2274 atque
806 2239 905 2275 ﬁguras
917 2239 1005 2265 imita-

226 2288 282 2315 tur.
297 2289 324 2312 et
337 2292 399 2311 cum
417 2285 484 2319 ipsis
497 2284 687 2319 navigantibus
701 2285 735 2312 de
744 2293 826 2312 cursu
841 2288 942 2316 certat;
958 2284 1004 2318 qui

227 2331 272 2358 ubi
289 2331 468 2366 quadraginta
493 2331 643 2358 stadiorum
659 2331 776 2366 spatium
792 2331 950 2366 expleverit,
969 2331 1006 2357 la-

225 2377 292 2404 bore
304 2377 443 2412 fatigatus,
455 2377 505 2405 aiis
527 2377 657 2408 dimissis,
681 2384 788 2404 summa
811 2383 882 2411 aqua
895 2380 1003 2409 natans,

224 2422 252 2450 in
272 2423 409 2458 proprium
423 2422 511 2449 locum
528 2426 601 2450 retro
613 2428 690 2450 actus
706 2421 826 2457 appellit.

261 2467 367 2495 Balaana
388 2475 469 2503 quam
483 2468 729 2502 Aspidochelonam
755 2467 866 2502 quidam
896 2467 1001 2498 dicunt.

225 2513 254 2540 in
269 2513 426 2541 immensam
444 2514 655 2549 magnitudinem
672 2513 814 2546 adolescit,
829 2513 866 2540 ita
882 2517 912 2540 ut
927 2514 1005 2540 navi-

225 2559 352 2594 gantibus
375 2560 492 2594 speciem
510 2559 628 2595 ingentis
644 2559 741 2586 insula:
752 2563 938 2594 reprzesentet.
965 2558 1003 2586 Ex

223 2605 357 2640 profundo
371 2613 486 2640 namque
502 2613 642 2640 emergens
663 2605 764 2632 eminet
780 2604 861 2632 dorso
889 2605 1003 2631 multum

223 2659 306 2685 supra
320 2659 414 2686 aquas,
428 2651 500 2687 quod
515 2651 591 2679 duris
610 2650 768 2686 asperisque
783 2651 856 2678 saxis
876 2651 1003 2678 vestitum

223 2696 346 2728 videtur;
365 2700 392 2724 et
415 2697 443 2724 in
462 2705 495 2725 eo
510 2697 570 2725 ﬁxis
593 2697 663 2731 palis
686 2704 770 2723 naves
793 2696 915 2731 alligant,
943 2702 1004 2730 qua:

225 2742 314 2768 statim
327 2742 354 2769 in
368 2750 466 2777 aquam
480 2745 633 2777 emergunt,
645 2750 707 2770 cum
717 2742 821 2769 balaena
837 2741 1004 2777 apricatione

225 2785 367 2814 incalucrit
380 2795 464 2822 seque
487 2788 514 2815 in
529 2788 692 2823 profundum
712 2787 893 2817 immerserit:
923 2787 1004 2815 habet

262 2833 283 2848 ¹¹
299 2832 362 2860 Cen.
381 2843 401 2867 ι,
419 2835 461 2862 l5.

1059 2242 1181 2276 μιμεῖται
1204 2239 1254 2274 τῆς
1276 2239 1338 2274 νηὸς
1358 2238 1391 2265 τὰ
1413 2238 1539 2274 σχήματα
1557 2236 1608 2270 τῆς
1627 2235 1771 2269 κινήσεωςι
1793 2232 1839 2259 καὶ

1058 2286 1141 2322 ἐρίζει
1155 2287 1210 2316 τοῖς
1233 2284 1351 2310 πλέουσι.
1367 2283 1485 2318 Ποιήσας
1498 2279 1544 2308 οὖν
1566 2280 1689 2310 σταδίους
1702 2277 1837 2313 τεσσαρά-

1058 2340 1149 2362 κοντα,
1168 2330 1213 2358 καὶ
1230 2329 1373 2361 κοπιάσας,
1393 2328 1515 2363 καθίησιν
1530 2325 1610 2354 αὑτοῦ
1625 2325 1673 2357 τὰς
1689 2324 1837 2360 πτέρυγας,

1057 2378 1104 2406 καὶ
1127 2377 1238 2413 φέρεται
1261 2376 1314 2403 ὑπὸ
1332 2375 1389 2402 τῶν
1412 2375 1540 2410 κυμάτων
1562 2373 1601 2404 εἰς
1621 2371 1667 2398 τὸν
1688 2371 1773 2397 τόπον
1794 2369 1838 2395 τὴν

1057 2425 1132 2452 ἴδιον.
1223 2423 1228 2427 ’

1091 2468 1128 2495 Τὸ
1143 2468 1171 2496 δὲ
1187 2469 1267 2504 κῆτος
1283 2467 1403 2494 καλεῖται
1415 2465 1465 2499 μὲν
1476 2462 1687 2499 Ἀσπιδοχελώνη
1702 2462 1780 2497 παρά
1798 2470 1837 2487 tv.—

1056 2524 1113 2543 σιν·
1132 2515 1190 2541 ἐστι
1207 2514 1235 2541 δὲ
1250 2515 1283 2549 τῇ
1300 2513 1378 2548 φύσει
1398 2510 1667 2548 παμμεγεθέστατον.
1685 2508 1724 2539 ὠς
1742 2508 1838 2535 πολλά-

1056 2570 1099 2593 κις
1120 2563 1176 2593 τοῖς
1198 2559 1414 2595 ναυτιλλομένοις
1438 2559 1519 2594 νήσου
1546 2556 1667 2592 μεγάλης
1691 2556 1839 2590 φαντασίαν

1055 2607 1212 2642 ἐμποιῆσαι.
1238 2606 1428 2637 ’Δναόὑσαντος
1449 2605 1503 2641 γὰρ
1523 2603 1604 2631 αὐτοῦ
1625 2604 1657 2629 ἐκ
1676 2601 1724 2629 τοῦ
1747 2600 1838 2636 βυθοῦ,

1056 2651 1094 2682 ὼς
1106 2651 1174 2678 λίθοι
1184 2652 1294 2686 τραχεῖς
1305 2650 1335 2677 τὸ
1348 2650 1426 2686 σῶμα
1439 2650 1519 2677 αὺτοῦ
1533 2649 1701 2683 ὲκφαὶνεται,
1715 2647 1763 2673 καὶ
1778 2654 1838 2680 περι

1058 2697 1123 2724 αὐτὸ
1145 2696 1245 2728 πάλους
1265 2696 1486 2732 καταπηγνύντες
1500 2693 1659 2729 ἐκδεσμοῦσι
1675 2693 1710 2719 τὰ
1737 2692 1838 2725 σκάφη.

1059 2742 1134 2769 ἅτινα
1162 2741 1330 2778 παραχρῆμα
1355 2740 1500 2776 βυθίζεται,
1521 2739 1567 2766 τοῦ
1592 2739 1690 2774 κήτους
1720 2736 1774 2763 ὑπὸ
1795 2734 1838 2762 τοῦ

1062 2783 1137 2823 ἡλίου
1148 2787 1397 2823 διαθερμανθέντος,
1413 2787 1459 2814 καὶ
1469 2787 1508 2816 εἰς
1520 2784 1564 2811 τὸν
1578 2783 1658 2819 βυθὸν
1669 2780 1834 2810 καταδύσαν-
