1909 3071
45 120 101 150 725

507 122 643 151 SPUBIA.
661 137 696 143 —
716 121 894 150 COMMENT.
914 121 947 149 ΙΝ
965 121 1214 152 HEXAEMERON.

1622 125 1675 154 726

44 191 110 215 τος·
131 183 188 219 ἔχει
204 183 232 210 δὲ
252 183 328 216 αὐτὸ,
353 184 400 211 καὶ
415 183 493 218 φύσει
529 184 639 221 βαρεῖαν
658 185 759 220 φωνὴν,
789 184 836 210 κιιὶ

896 187 914 210 :t
927 191 1020 211 vocem
1031 190 1152 219 gravem,
1168 188 1195 210 et
1217 181 1287 211 fame
1308 191 1339 212 os
1355 184 1452 219 aperit,
1469 184 1679 213 suavissimum-

45 230 182 265 πεινῆσαν
215 230 333 265 ἀνοίγειν
353 231 384 257 τὸ
411 231 513 266 στόμα,
545 231 592 257 καὶ
621 230 761 266 ἀποφορὰν
791 231 837 256 ὲκ-

46 277 171 311 πέμπειν
196 277 393 312 εὐωδεστάτην,
417 277 487 304 ὥστε
513 277 576 308 τοὺς
605 278 719 312 μικροὺς
745 275 838 311 ἰχθύας

44 323 226 358 ἁῳέλκεσθαι,
251 324 298 350 καὶ
318 325 357 355 εἰς
378 323 408 350 τὸ
431 324 518 358 στόμα
543 323 641 354 αὐτοὺς
665 323 742 354 ὅλους
757 322 837 349 αὑτοῦ

45 368 284 401 ἐπιστιϐάζεσθαι.
298 369 428 396 Κατοικεῖ
441 370 470 395 δὲ
490 369 568 396 τοῦτο
584 369 618 396 τὰ
638 369 778 395 Ἀτλαντια
791 377 838 395 πε-

44 414 116 450 λάγη
133 415 178 442 διὰ
192 415 222 442 τὺ
240 415 363 450 μέγεθος.

82 461 129 496 Τῷ
149 461 178 488 δὲ
200 462 322 497 καρκίνῳ
337 463 355 498 ἡ
375 461 442 498 σὰρξ
462 462 509 488 τοῦ
530 462 640 496 ὀστρέου
659 462 731 487 ἐστὶν
748 460 840 488 ἐδώδι-

47 515 108 541 μος,
123 507 173 534 καὶ
190 507 226 542 μὴ
245 507 344 542 ἰσχύων
361 507 464 540 ἀνοῖξαι
486 507 539 534 τῶν
559 508 667 542 κόγχων
687 506 768 533 αὑτοῦ
789 507 839 542 τὴν

47 552 216 587 σύμπτυξιν,
238 553 363 588 ἐπιτηρεῖ
386 552 434 584 τὰς
459 551 564 588 πτυχὰς
587 551 669 578 αὑτοῦ
697 551 839 584 ἀνοίξαντα

46 598 76 624 ὲν
99 599 158 630 τοῖς
179 598 331 633 ἀπηνέμοις
353 599 454 630 τόποις,
475 598 522 624 καὶ
543 599 574 633 τῇ
599 599 669 633 αὐτῇ
692 597 738 624 τοῦ
764 597 839 633 ἡλίου

45 644 228 679 τερπόμενον,
248 644 294 670 καὶ
314 643 403 671 λαϐὼν
421 643 525 679 ψηφῖδα.
546 643 666 679 ἐντίθησι
692 642 838 677 λαθραίως,

47 692 95 717 καὶ
109 691 212 717 κωλύει
226 690 276 726 τὴν
304 689 464 726 σύμπτυειν,
487 690 534 716 καὶ
558 689 629 716 οὕτω
658 689 756 725 ῥᾳδίως
775 688 840 716 αὐτὸ

47 737 205 764 κατέδεται.

89 783 118 810 '0
131 784 162 810 δὲ
182 785 270 819 ἐχῖνος
299 783 541 820 προγινώσκειτοῦ
564 782 697 819 χειμῶνος
711 782 758 817 τὴν
779 781 841 816 ἔφο-

47 829 103 861 δον,
122 830 170 856 καὶ
180 829 284 866 ψηφῖδα
298 830 443 866 ὑπέρχεται
457 830 523 866 πρὸς
534 829 564 855 τὸ
579 828 616 864 μὴ
627 828 678 855 ὑπὸ
692 828 741 863 τῆς
754 828 840 863 φορᾶς

46 875 101 902 τῶν
116 876 247 911 κυμάτων
265 876 345 903 αὑτὸν
359 875 548 912 περιάγεσθαι.

89 921 120 948 '0
143 921 171 948 δὲ
197 922 343 955 πολύπους,
368 922 560 958 προσπελάσας
577 921 664 957 πέτρᾳ
687 922 749 952 τινὶ,
773 922 838 957 ὀμό-

48 976 128 1002 1900;
146 969 215 1004 αὐτῇ
239 969 402 1004 καθέστηκε,
428 970 476 996 καὶ
490 970 552 1000 τοὺς
568 969 728 1002 ἐγγίζοντας
745 968 838 1004 ἰχθύας

48 1014 81 1048 τῇ
99 1013 189 1050 πέτρᾳ
203 1015 354 1041 κατέδεται.

83 1059 256 1096 Μικρότατον
277 1060 304 1087 δὲ
328 1062 361 1096 τῇ
380 1059 458 1095 φύσει
475 1061 492 1096 ἡ
515 1059 619 1095 ὲχενηῒς
636 1060 773 1095 τυγχάνει,
792 1060 838 1086 καὶ

48 1105 82 1133 τὰ
100 1106 217 1142 μέγιστα
231 1107 285 1133 τῶν
301 1107 399 1133 πλοίων
413 1107 442 1140 ἐξ
462 1107 555 1142 οὐρίας
571 1106 708 1142 φερόμενα
721 1107 836 1141 ἵστησιν,

49 1151 118 1180 ὥστε
133 1152 221 1179 δοκεῖν
232 1153 263 1180 τὸ
279 1153 368 1179 πλοῖον
385 1152 542 1188 ὲρηρεῖσθαι
556 1153 596 1184 εἰς
611 1153 641 1178 το
656 1152 782 1186 πέλαγος.

85 1197 183 1233 ¹’Υδρις
203 1198 232 1224 δὲ
257 1198 330 1225 ἔστιν
351 1199 379 1224 ὲν
397 1198 435 1233 τῷ
461 1197 586 1233 ποταμῷ,
611 1198 718 1234 μορφὴν
740 1197 838 1233 ἔχουσα

51 1244 148 1277 κυνὸς,
172 1245 234 1279 ἥτις
256 1243 303 1270 τοῦ
329 1244 498 1280 κροκοδείλου
521 1244 605 1280 ἐχθρὰ
629 1244 766 1278 τυγχάνει,
791 1245 838 1270 καὶ

49 1290 156 1324 ἀναιρεί
171 1289 266 1315 τοῦτον
289 1288 462 1316 καθεύδοντα.
485 1289 522 1316 Τὸ
546 1289 600 1325 γὰρ
626 1289 714 1325 στόμα
738 1289 837 1316 ἑαυτοῦ

48 1334 185 1367 διανοίξας
209 1335 224 1361 ὁ
247 1335 416 1370 κροκόδειλος
437 1335 576 1362 καθεύδει·
600 1335 647 1362 καὶ
662 1336 679 1371 ἡ
697 1335 780 1371 ὕδρις,
797 1337 838 1368 είς

49 1379 134 1415 πηλὸν
156 1380 255 1416 ἑαυτὴν
280 1380 458 1414 ὲγκωλὺσασα
485 1380 517 1416 [Γ.
545 1380 732 1416 ὲγκυλίσασαῙ,
751 1382 791 1413 είς
807 1382 838 1408 τὸ

49 1426 138 1460 στόμα
159 1425 242 1452 αὐτοῦ
271 1426 396 1461 demisi,
425 1425 471 1452 καὶ
493 1426 580 1452 πάντα
599 1425 633 1452 τὰ
661 1426 735 1458 ἐντὸς
754 1426 836 1454 αὐτοῦ

48 1471 232 1499 κατεσθίουσα
250 1472 356 1507 ἀναιρεῖ
371 1472 460 1498 αὐτόν.

86 1517 165 1546 Ἐστι
180 1516 209 1543 δὲ
225 1518 239 1544 ὁ
251 1516 420 1552 κροκόδειλος
436 1517 528 1553 Θηρίον
544 1517 611 1553 ὁμοῦ
627 1518 672 1545 καὶ
688 1517 772 1553 ἰχθὺς,
790 1518 838 1544 κα)⁵

51 1565 122 1600 μέγα
140 1563 195 1590 ἀπὸ
212 1563 334 1599 κεφαλῆς
349 1563 412 1599 ἄχρι
435 1564 527 1599 οὐρᾶς
542 1564 572 1590 οὺ
590 1564 638 1599 μὲν
654 1564 709 1599 ἔχει
722 1565 751 1590 τὸ
769 1563 838 1591 πλά-

48 1619 93 1643 τος
108 1608 156 1636 τοῦ
175 1609 307 1644 μεγέθους
326 1609 464 1644 ἀνάλογον.
487 1610 519 1636 Ἡ
535 1610 563 1636 δὲ
584 1610 650 1646 δορὰ
667 1610 748 1638 αὑτοῦ
762 1610 840 1642 λεπὶς

48 1656 179 1690 τυγχάνει
195 1655 274 1692 puri],
291 1656 338 1682 καὶ
354 1657 370 1691 ὴ
386 1656 464 1692 χροιὰ
483 1657 529 1683 τοῦ
550 1656 634 1683 νώτου
650 1656 731 1683 αὑτοῦ
752 1657 839 1693 πέτρᾳ

51 1701 166 1737 μελαίνῃ
183 1701 282 1733 ἔοικεν,
303 1702 319 1736 ὴ
340 1701 368 1727 δὲ
382 1701 488 1737 γαστὴρ
508 1701 602 1737 λευκῇ.
618 1701 699 1733 Πόδες
716 1701 744 1728 δὲ
757 1701 839 1728 αὑτοῦ

49 1748 102 1774 εἰσὶ
122 1747 266 1783 τέσσαρες,
292 1747 331 1778 εὶς
356 1746 385 1772 τὸ
406 1747 518 1781 πλάγιον
539 1747 629 1782 ἡρέμα
650 1748 838 1782 κυρτοὺμενοι·

48 1790 141 1822 καθὼς
157 1790 210 1826 τῆς
224 1790 354 1826 χερσαίας
369 1791 498 1826 χελώνης,
515 1791 584 1826 οὐρὰ
607 1792 701 1827 μακρὰ
722 1793 768 1819 καὶ
788 1802 841 1820 πα-

48 1839 119 1873 χεῖα·
141 1837 193 1872 τῆς
217 1837 322 1872 ῥάχεως
347 1838 400 1873 γάρ
420 1839 493 1865 ἐστιν
517 1838 577 1870 ἑνὸς
598 1838 692 1865 ὀστέου
715 1840 838 1876 τελευτή.

55 1884 237 1919 Ἐντέτμηται
257 1883 286 1909 δὲ
301 1883 402 1910 ἄνωθεν
419 1885 459 1916 εἰς
479 1884 609 1918 ἀκάνθας,
627 1885 674 1911 καὶ
689 1886 757 1912 εἰσὶν
773 1886 840 1912 ὡσεὶ

47 1931 102 1958 τῶν
116 1931 238 1967 πριόνων
251 1931 348 1967 ἁκμαὶ,
363 1933 409 1960 καὶ
422 1931 517 1957 τύπτει
535 1932 563 1957 ἐν
577 1932 644 1967 αὐτῇ
660 1931 728 1968 πρὸς
742 1931 789 1964 οὓς
807 1931 840 1958 ἂν

47 1977 164 2014 παλαίῃ.
181 1977 239 2004 Μία
255 1977 283 2004 δὲ
301 1977 381 2004 αὐτοῦ
395 1978 453 2004 ἐστὶ
470 1977 572 2014 κεφαλὴ
591 1979 647 2010 τοῖς
669 1977 765 2011 νώτοις
779 1986 840 2005 συν-

47 2025 232 2060 υφαινομένη,
256 2024 303 2051 καὶ
322 2025 362 2056 εἰς
384 2024 447 2060 μίαν
468 2024 610 2060 ἰθυνομένη
635 2025 768 2060 στάθμην·
794 2025 841 2052 καὶ

48 2073 92 2106 ἐφ’
105 2072 170 2098 ὅσον
184 2071 215 2097 οὐ
230 2070 338 2106 κέχηνε,
353 2070 448 2106 θηρίου
462 2070 519 2096 ἐστὶ
529 2070 644 2106 κεφαλὴ-
661 2070 708 2097 ὲὰν
719 2070 747 2097 δὲ
760 2071 839 2107 χάνῃ,

45 2118 112 2145 ὅλον
135 2116 226 2152 στόμα
253 2117 368 2151 γίνεται,
396 2116 477 2152 μέχρι
502 2116 557 2144 τῶν
580 2116 663 2152 ὤμων
688 2116 718 2142 τὸ
747 2117 840 2152 χάσμα

49 2172 180 2191 ποιουσα.

889 237 942 265 quc
961 229 1073 257 odorem
1102 230 1216 264 emittit;
1235 230 1273 257 ila
1289 233 1318 257 ut
1343 230 1477 265 pisciculi,
1503 231 1576 258 illius
1592 232 1677 260 odore

890 276 975 307 ducti.
1001 283 1098 304 omnes
1123 276 1205 303 simul
1232 276 1259 302 in
1275 275 1335 310 ejus
1358 284 1406 303 ore
1431 278 1677 312 constipentur;et

890 326 1003 358 propter
1020 322 1182 350 immensam
1203 321 1301 349 molem
1321 321 1486 349 Atlanticum
1509 331 1585 350 mare
1599 323 1677 350 inco-

891 367 929 394 lit.

927 468 1027 495 Cancri
1057 471 1210 495 ostrearum
1238 468 1349 494 aluntur
1371 468 1510 500 carnibus,
1532 469 1588 504 qui,
1615 477 1676 496 cum

890 521 985 541 earum
1001 518 1087 541 testas
1101 514 1177 542 lirme
1193 518 1352 542 contractas
1370 515 1477 550 aperire
1492 523 1545 542 non
1557 515 1676 548 valeant,

891 561 918 588 in
932 568 1025 588 earum
1040 561 1126 596 plicas
1146 561 1174 588 in
1194 562 1261 589 locis
1274 561 1388 596 placidis
1403 567 1429 589 et
1445 562 1510 589 solis
1527 561 1611 589 radiis
1630 570 1678 597 pa-

891 610 990 638 tentes,
1007 607 1143 634 calculum
1162 611 1300 641 arreptum
1314 607 1382 634 clam
1406 607 1560 642 imponunt,
1578 615 1678 642 easque

892 653 992 680 frustra
1011 661 1040 681 se
1057 653 1219 680 contrahere
1236 657 1373 682 ten-tantes
1388 654 1544 682 comedunt.

929 782 1025 810 Echini
1052 785 1185 812 saevitiam
1212 785 1297 812 maris
1324 786 1499 821 przesagiunt,
1516 787 1678 823 lapillosque

891 830 1010 857 subeunt
1036 830 1118 864 alhxi,
1144 838 1179 858 ne
1203 838 1336 866 aquarum
1365 832 1534 859 volutatione
1563 833 1677 861 mobiles

866 864 876 889 ³
893 874 957 901 hinc
968 874 1031 902 inde
1048 875 1200 903 trahantur.

927 920 1047 956 Polypus
1064 921 1098 948 ad
1112 922 1318 949 similitudinem
1335 923 1387 950 loci
1403 931 1482 958 quem
1498 924 1606 959 attingit
1630 932 1678 951 eo-

892 967 977 995 lorem
994 971 1091 1001 mutat,
1119 968 1334 1004 adnatantcsque
1355 969 1502 1004 pisciculos
1522 970 1556 996 ad
1572 975 1676 1005 petram

892 1019 1017 1042 venatur.

928 1061 975 1088 Est
994 1068 1094 1096 parvus
1109 1060 1254 1088 admodum
1273 1061 1356 1096 piscis
1371 1061 1497 1088 echeneis
1512 1061 1675 1096 appellatus,

891 1107 1016 1142 ingentes
1027 1114 1110 1134 naves
1124 1107 1219 1142 plenas
1236 1107 1324 1134 vcntis
1339 1107 1480 1135 adhaerens
1492 1112 1624 1139 moratur,
1639 1107 1677 1134 ita

892 1158 922 1181 ut
937 1153 1090 1180 immobiles
1101 1157 1173 1180 stare
1182 1153 1337 1180 videantur.

927 1197 1028 1234 Ilydris
1041 1199 1069 1225 in
1087 1198 1245 1227 ﬂuminibus
1261 1199 1338 1231 vivit.
1353 1199 1452 1227 canino
1465 1200 1563 1235 capite,
1580 1207 1676 1227 croco-

891 1245 946 1273 dilo
958 1245 1066 1273 infensa
1076 1254 1155 1281 quem
1171 1249 1197 1273 et
1211 1254 1307 1273 somno
1323 1247 1441 1282 sopitum
1456 1247 1595 1275 interimit.
1610 1247 1679 1274 Cro-

891 1292 998 1320 codilus
1012 1292 1085 1320 enim
1100 1292 1200 1320 dormit
1216 1293 1300 1320 hianti
1315 1301 1372 1326 ore,
1390 1297 1417 1320 et
1433 1293 1535 1329 hydrus
1549 1294 1606 1321 luto
1620 1302 1678 1322 cm-

892 1345 981 1372 noque
994 1337 1134 1369 obvoluta,
1152 1338 1180 1364 in
1194 1346 1225 1366 os
1241 1338 1337 1370 insilit,
1356 1342 1383 1365 et
1396 1339 1572 1368 interioribus
1588 1340 1676 1367 omni-

890 1384 943 1411 bus
958 1384 1048 1412 exesis
1063 1384 1174 1412 occidit.

926 1517 1062 1546 Caeterum
1084 1517 1239 1545 crocodilus
1255 1521 1296 1544 est
1314 1517 1404 1544 bellua
1426 1517 1508 1545 simul
1531 1522 1558 1545 et
1575 1518 1674 1554 piscis;

890 1564 1001 1599 longum
1018 1564 1089 1591 inter
1105 1568 1186 1598 caput
1200 1567 1226 1591 et
1237 1564 1351 1591 caudam
1380 1564 1496 1598 spatium
1513 1565 1676 1598 intercedit;

891 1610 938 1638 sed
952 1609 1115 1645 longitudini
1129 1609 1244 1636 latitudo
1264 1610 1440 1644 proportione
1466 1610 1675 1646 haudquaquam

891 1656 1057 1691 respondet;
1074 1655 1147 1683 culis
1165 1656 1287 1690 squamis
1297 1655 1403 1691 asperis
1422 1656 1585 1690 obducitur;
1602 1657 1677 1685 color

891 1702 966 1729 dorsi
986 1705 1068 1736 petrae
1083 1702 1166 1736 nigrae
1198 1701 1296 1729 similis
1326 1705 1379 1734 est,
1395 1701 1473 1729 alvus
1499 1702 1579 1735 alba;
1594 1702 1676 1736 pedes

891 1752 1018 1783 quatuor,
1035 1747 1062 1775 iu
1075 1747 1213 1782 obliquum
1233 1747 1334 1775 sensim
1351 1747 1467 1780 curvati,
1488 1747 1577 1782 qualis
1593 1751 1677 1774 terre—

891 1793 957 1821 stris
982 1793 1148 1826 testudinis;
1167 1793 1253 1820 cauda
1279 1793 1396 1829 oblonga
1418 1797 1445 1821 et
1470 1801 1574 1826 crassa,
1592 1794 1677 1829 spina:

891 1840 963 1867 enim
982 1839 1063 1867 unius
1077 1839 1150 1866 ossis
1163 1845 1205 1867 est
1221 1839 1366 1872 terminus,
1384 1838 1464 1874 cujus
1476 1839 1601 1874 superior
1612 1847 1676 1874 pars

892 1889 1011 1913 serralas
1042 1885 1123 1913 habet
1151 1887 1260 1917 cristas,
1291 1885 1400 1920 illisque
1427 1885 1510 1912 veluti
1538 1892 1676 1913 serrarum

892 1931 1077 1964 acuminibus,
1095 1939 1151 1966 quo
1168 1939 1229 1959 cum
1246 1935 1341 1964 certat.
1363 1931 1490 1967 percutit.
1505 1931 1592 1966 Caput
1603 1931 1678 1960 illius

892 1977 1014 2004 humeris
1027 1976 1195 2012 adjungitur,
1211 1980 1238 2004 et
1266 1977 1299 2004 ad
1314 1976 1447 2004 amussim
1470 1976 1602 2004 directum
1623 1980 1681 2008 est,

891 2022 967 2049 nullo
981 2025 1130 2057 apparente
1155 2021 1331 2054 discriminc;
1352 2025 1379 2048 et
1402 2021 1522 2056 quandiu
1537 2029 1592 2048 non
1608 2020 1676 2052 hiat,

891 2068 988 2096 bellua:
1001 2072 1084 2102 caput
1095 2072 1157 2101 est;
1172 2067 1217 2093 ubi
1238 2067 1329 2099 hiarit,
1347 2071 1435 2094 totum
1457 2075 1488 2095 os
1510 2067 1549 2099 lit,
1567 2072 1596 2094 ut
1614 2071 1677 2103 pote

891 2115 938 2150 qui
953 2115 988 2141 ad
1000 2114 1128 2141 humeros
1144 2121 1231 2149 usque
1244 2113 1348 2140 hiatum
1365 2113 1511 2149 protendit.

91 2210 122 2236 '0
136 2210 166 2236 δὲ
182 2209 326 2244 λεγόμενος
340 2209 529 2244 ἱπποπόταμος
547 2209 631 2235 ἵππου
650 2209 698 2244 μὲν
711 2209 774 2240 τοὺς
789 2208 838 2234 πό-

928 2204 1147 2240 Hippopotamus
1174 2204 1282 2239 equinis
1311 2204 1427 2240 pedibus
1451 2208 1478 2232 et
1491 2208 1595 2236 ventre,
1623 2203 1677 2231 nisi

47 2256 99 2287 δας
112 2255 171 2291 ἔχει
184 2255 232 2282 καὶ
247 2255 297 2290 τὴν
310 2254 438 2290 γαστέρα,
458 2253 506 2289 τὴν
526 2254 554 2281 δὲ
573 2253 658 2290 ὁπλὴν
676 2253 787 2288 σχιστὴν
802 2255 840 2286 ὠς

49 2301 149 2338 χηλὴν,
166 2300 249 2336 οὐρὰν
269 2302 383 2336 παχεῖαν
400 2301 447 2327 καὶ
459 2300 540 2337 ψιλὴν
559 2300 670 2336 τριχῶν,
685 2301 726 2326 ὅτι
743 2301 790 2327 καὶ
811 2301 841 2326 τὸ

50 2349 106 2375 πᾶν
130 2347 179 2374 τοῦ
205 2346 330 2382 σώματος
353 2346 439 2379 οὓτως
462 2346 529 2382 ἔχει,
557 2347 677 2382 κεφαλὴν
705 2347 840 2383 περιφερῆ

51 2394 153 2430 μικρὸν
170 2392 221 2428 τῆς
245 2393 328 2419 ἵππου
352 2393 469 2429 παρειᾶς
489 2392 626 2429 διάφορον,
650 2393 696 2420 καὶ
723 2392 778 2428 ἔχει
796 2401 841 2419 κε-

51 2439 156 2476 χηνότα
182 2439 228 2465 τὸν
254 2438 389 2475 μυκτῆρα,
416 2438 528 2474 πυρώδη
551 2439 661 2471 καπνὸν,
683 2439 720 2470 ὡς
744 2439 776 2465 ἐκ
793 2448 842 2465 κα-

53 2486 144 2520 μίνου,
180 2484 306 2517 πνέοντα,
331 2485 411 2519 γένυν
444 2485 582 2511 πλατεῖαν·
608 2485 687 2521 μέχρι
711 2483 765 2522 γέιρ
787 2486 842 2512 τῶν

561 2531 664 2558 Ὀδοῦσι
706 2532 734 2558 δὲ
769 2531 842 2559 ἔνδον

51 2577 154 2614 τριχῶς
171 2575 361 2609 πεπύκνωται,
383 2576 451 2612 ἔχων
467 2577 536 2613 πρὸς
549 2577 652 2609 τούτοις
673 2577 720 2604 δύο
735 2577 844 2610 ὀδόντας

51 2623 222 2659 ἐπικαμπεῖς
239 2622 277 2655 ὡς
294 2622 366 2654 συός,
382 2623 438 2650 Καὶ
451 2623 522 2649 ἔστιν
531 2622 756 2658 ἁδδηφαγώτατον
771 2623 842 2655 ὅλον,

51 2668 128 2704 λήϊον
156 2668 251 2695 ποιοῦν
276 2669 388 2703 τροφήν.
413 2668 517 2704 ’Λπάτῃ
535 2668 562 2694 δὲ
587 2668 703 2704 θηρᾶται
722 2668 842 2705 τοιαύτῃ.

59 2714 254 2750 Ἐπιτηροῦσιν
288 2713 370 2740 αὐτοῦ
407 2713 456 2746 τὰς
479 2713 630 2749 διατριϐὰς,
659 2715 706 2742 καὶ
737 2715 844 2751 ἧρυγμα

54 2761 173 2794 ποιοῦσι,
189 2761 236 2788 καὶ
258 2760 367 2796 καλάμῃ
386 2760 452 2787 αὐτὸ
471 2761 640 2794 στεγάζουσι,
663 2761 710 2787 καὶ
730 2763 845 2798 ὲπιχων-

55 2807 149 2835 νύουσι
175 2807 294 2842 ψάμμῳ,
312 2807 358 2834 καὶ
377 2806 480 2840 ξύλινον
496 2806 588 2834 ἱστῶσι
608 2807 728 2834 κάτωθεν
742 2808 845 2844 οἰκημα

57 2855 118 2893 [xcv
140 2854 319 2893 ἀνεῳγμένας
336 2853 385 2887 τὰς
403 2853 487 2891 θύρας
501 2855 540 2886 εἰς
557 2853 602 2880 τὸν
615 2852 711 2888 ὅροφον
737 2853 783 2881 τοῦ
802 2854 844 2889 βό-

51 2532 200 2568 κροτάφων
232 2531 334 2566 ἀνοίγει
363 2531 394 2557 τὸ
425 2531 521 2566 στόμα.

893 2251 967 2286 quod
982 2251 1094 2286 ungulis
1108 2250 1208 2283 biﬁdis,
1225 2251 1321 2286 quales
1346 2251 1552 2284 bobus;-cauda
1573 2252 1597 2278 ei
1617 2250 1680 2278 bre-

893 2298 934 2325 vis
948 2301 1000 2329 est,
1016 2301 1043 2325 et
1058 2297 1173 2332 pilorum
1189 2297 1344 2332 asperitate,
1354 2298 1581 2331 quemadmodum
1596 2297 1677 2325 etiam

892 2351 993 2378 corpus
1006 2343 1152 2378 reliquum,
1167 2351 1279 2376 carens;
1292 2343 1537 2378 eaputrotundum,
1554 2351 1677 2378 parvum,

893 2388 927 2416 ab
937 2387 1046 2423 equinis
1068 2387 1188 2416 maxillis
1217 2387 1370 2419 diversum;
1385 2394 1465 2414 nares
1482 2395 1612 2422 perquam
1630 2395 1679 2422 pa—

892 2434 967 2468 tulae,
978 2442 1010 2462 ac
1024 2434 1138 2469 ignitum
1150 2433 1264 2466 fumum,
1275 2437 1403 2468 tanquam
1417 2432 1487 2468 ignis
1498 2434 1679 2468 scaturigines

893 2481 1026 2516 quaedam,
1046 2481 1193 2516 spirantes,
1206 2484 1326 2507 mentum
1341 2480 1436 2511 latum,
1453 2479 1552 2506 etenim
1565 2479 1598 2506 ad
1610 2485 1680 2506 tem-

894 2535 962 2563 pora
972 2535 1059 2562 usque
1072 2527 1175 2554 hiatum
1193 2526 1340 2561 protendit,
1356 2530 1383 2553 et
1411 2525 1481 2552 trina
1496 2524 1619 2552 dentium
1635 2533 1680 2552 se-

893 2575 934 2602 rie
966 2574 1160 2609 eonstipatur:
1187 2577 1285 2607 praeter
1312 2572 1362 2600 hos
1377 2575 1404 2598 et
1428 2571 1528 2606 gemini
1545 2570 1680 2605 prodeunt

894 2621 970 2648 curvi
983 2620 1108 2655 aprugni,
1125 2627 1193 2654 quos
1210 2618 1323 2646 cauinos
1344 2622 1455 2650 vocant;
1476 2617 1558 2644 nullis
1579 2617 1682 2644 bestia-

894 2675 955 2694 rum
972 2666 1123 2694 voracitate
1140 2664 1263 2698 inferior,
1281 2664 1319 2691 ita
1334 2667 1364 2691 ut
1379 2666 1469 2699 segete
1480 2663 1588 2698 plenum
1603 2670 1680 2689 cam-

895 2722 963 2749 pum
985 2714 1121 2744 absumat,
1149 2712 1311 2747 capiturque
1337 2711 1389 2738 hoc
1417 2711 1490 2738 dolo.
1521 2708 1680 2736 Observatis

895 2760 968 2788 enim
984 2759 1051 2787 locis
1067 2759 1093 2786 in
1113 2759 1213 2793 quibus
1227 2758 1311 2794 degit,
1324 2761 1469 2784 venatores
1485 2755 1586 2784 fossam
1599 2763 1681 2782 exca-

896 2810 971 2839 vant,
998 2805 1235 2840 arundinibusque
1270 2805 1348 2839 quasi
1373 2807 1474 2831 tectum
1502 2802 1679 2836 contignant,

897 2859 1032 2888 arenaquc
1042 2851 1219 2889 cooperiunt;
1232 2851 1258 2878 in
1271 2857 1356 2886 caque
1368 2856 1461 2877 arcam
1481 2848 1598 2884 ligneam
1617 2847 1684 2875 sub—
