1909 3071
229 116 281 143 τ27

663 116 692 144 8.
713 116 935 144 EUSTATHIUS
954 112 1200 148 ANTIOCIIENUS
1219 113 1416 142 EPISCOPUS.

1799 116 1850 145 728

225 175 333 209 jiciunt,
347 174 426 209 cujus
436 174 507 202 fores
519 175 547 202 in
562 175 703 210 superiore
717 179 796 210 parte
815 175 848 202 ad
865 175 946 203 fossa:
971 173 1011 200 al-

1068 171 1136 208 ipou-
1154 173 1200 200 καὶ
1219 174 1316 206 ἐπιϐὰς
1332 175 1346 200 ὁ
1361 173 1412 209 θὴρ
1426 173 1531 208 ἀφελῶς
1543 174 1689 209 ἐμπίπτει,
1703 174 1751 201 καὶ
1766 174 1808 206 εἰς
1820 176 1851 201 τὺ

227 220 369 247 titudinem
399 219 535 255 adapertae
561 224 639 253 sunt;
657 224 684 247 et
706 220 794 247 bellua
825 228 883 248 eam
900 227 1012 255 supera—

228 266 384 293 scendeudo
398 266 599 294 inconsiderate
622 266 733 298 decidit,
757 269 784 293 et
813 266 840 293 in
864 273 955 292 aream
971 265 1014 292 de-

227 311 292 343 lata,
311 311 469 339 includitur.
487 311 690 348 Venatoresque
701 313 824 340 celeriter
839 316 1012 340 accurrentes

227 358 410 392 concludunt;
428 359 579 385 secundum
595 359 666 386 enim
682 359 715 386 ab
731 360 872 394 elephante
892 357 958 385 Indo
969 366 1014 385 ro-

227 403 300 430 boris
335 403 424 430 locum
455 404 576 434 obtinet,

229 449 378 475 maximum
390 456 525 484 quemque
541 449 635 476 bovem
647 451 807 484 wquiparat.

264 495 357 523 Pisces
387 495 527 522 continent
552 496 580 523 in
596 504 626 524 se
652 504 776 532 magnam
804 497 857 524 vim
871 497 971 524 caloris
985 501 1012 525 et

229 544 354 570 acutam;
370 547 454 574 quare
466 545 492 567 et
507 540 640 569 citissime
668 549 728 576 qua:
742 543 885 576 devorant,
910 547 1012 578 puncto

229 585 359 618 temporis
370 586 557 614 esculentisin
580 591 672 615 ventre
691 588 913 622 putrescentibus
936 589 1012 624 dige-

228 633 301 656 runt.

265 675 365 711 Vulpes
379 677 502 709 marinae,
521 677 566 705 ubi
578 679 724 713 piscatoris
745 679 860 707 insidias
871 679 1012 708 declinare

229 728 283 748 non
302 721 402 754 valent,
428 722 509 749 hamo
523 722 663 755 devorato,
682 724 839 752 exsilientes
865 729 892 752 et
914 733 1013 753 excur-

229 771 332 799 rentes,
349 768 439 794 funem
452 767 610 802 praerodunt
622 772 650 795 et
662 769 772 797 abeunt.

263 857 421 884 Crocodilus
432 857 520 884 bellua
536 861 578 885 cst
599 858 739 885 hominum
757 866 848 886 vorax.
879 857 1012 894 Tempore

230 902 328 934 coitus,
343 911 484 938 emergens
512 912 527 930 e
549 904 669 937 ﬂumine,
685 905 813 931 feminam
838 913 921 939 prope
939 905 1013 939 ripas

230 948 370 975 adversam
387 949 511 983 proiicit;
530 949 574 976 hic
586 957 703 984 namque
717 950 792 977 solus
808 949 922 984 supinus
937 957 1013 977 com—

230 995 309 1028 plexu
325 1002 441 1021 venereo
452 994 577 1029 jungitur
588 1004 594 1028 ;
606 994 735 1029 deinceps
752 995 949 1023 manibus'eam
970 1003 1013 1022 su~

228 1043 373 1066 stcntatam
388 1047 484 1068 rursus
499 1042 652 1074 convertit;
669 1041 692 1069 si
716 1049 777 1068 cum
791 1041 844 1069 alio
866 1049 926 1069 eam
948 1050 1014 1069 con-

228 1085 356 1112 cubuisse
371 1088 544 1121 compererit,
573 1088 682 1115 avidum
703 1096 733 1115 se
762 1096 822 1116 esse
850 1088 964 1116 Veneris
979 1088 1014 1116 si-

227 1131 346 1163 mulans,
380 1131 607 1166 quemadmodum
639 1133 723 1167 prius.
758 1133 899 1160 adversam
929 1133 1013 1160 odore

227 1176 407 1211 deprehendit
421 1177 474 1211 (est
494 1178 566 1205 enim
596 1178 668 1205 circa
694 1179 745 1205 hoc
761 1178 886 1205 acerrimi
902 1178 1012 1214 sensus)

227 1223 333 1250 incesto
347 1223 448 1259 ﬂagitio
464 1228 490 1251 et
504 1228 599 1259 stupro
625 1225 774 1260 pollutam;
792 1225 857 1251 hinc
877 1225 1013 1259 unguibus

230 1268 290 1295 alvo
302 1268 418 1302 disjecta
442 1269 546 1296 viscera
562 1270 634 1297 illius
649 1270 772 1297 devorat.
799 1269 828 1296 ln
849 1274 942 1298 ventre
961 1275 1015 1298 ete-

227 1315 283 1341 nim
302 1315 392 1343 moilis
408 1319 460 1347 est,
478 1317 623 1350 tenuisque
635 1316 707 1343 cutis
727 1316 885 1344 crocodilo:
901 1317 1012 1344 dorsum

227 1360 288 1396 ejus
301 1361 418 1387 maxima
428 1369 604 1396 squamarum
617 1362 744 1389 iirniitate
759 1367 893 1389 armatum
913 1368 964 1395 est,
976 1363 1013 1390 ita

229 1412 258 1433 ut
272 1411 299 1434 et
311 1408 500 1435 acutissimum
514 1407 615 1435 ferrum
635 1409 760 1436 adactum
777 1409 935 1443 hcbeseens,
951 1413 1013 1437 cute

228 1454 329 1488 injecta
343 1454 519 1488 repereutiat.

263 1541 419 1569 Producant
434 1551 508 1578 aqua:
523 1544 642 1570 volatilia
654 1545 805 1572 animarum
819 1545 958 1572 viventium
979 1545 1011 1579 “,

228 1595 255 1616 ct
267 1589 327 1616 sine
341 1590 394 1616 ulla
408 1598 484 1617 mora
500 1591 640 1617 volucrum
656 1591 746 1619 omnis
773 1592 880 1626 generis
896 1600 942 1620 aer
957 1593 1014 1628 ple-

229 1635 370 1664 nissimus.
391 1635 445 1664 illa:
459 1645 493 1664 ex
510 1636 589 1672 aquis
614 1641 704 1664 ortum
721 1637 831 1669 habent,
850 1641 913 1666 sunt
941 1638 1013 1665 enim

228 1690 291 1709 cum
309 1683 430 1717 piscibus
441 1684 604 1718 cognatione
627 1684 744 1719 quadam
758 1689 785 1712 et
808 1685 936 1712 aiiinitate
948 1693 1014 1713 con-

226 1728 338 1761 junctae.
364 1728 456 1756 Pisces
479 1730 579 1764 quippe
601 1730 706 1756 alarum
725 1734 814 1757 meatu
841 1738 927 1766 aquas
942 1731 1013 1758 divi-

228 1775 318 1802 dendo
334 1779 495 1809 transnant;
511 1777 552 1804 sic
563 1780 591 1803 et
611 1776 737 1804 volucres
751 1777 847 1811 pennis
864 1785 911 1812 per
923 1784 1013 1804 aerem

229 1823 459 1856 transvehuntur;
482 1823 579 1850 harum
607 1823 742 1858 qiuedam,
772 1824 932 1855 earnivoraa,
961 1831 1010 1851 suo

230 1874 319 1904 aptam
331 1869 440 1903 ingenio
455 1869 631 1903 moribusque
642 1869 874 1906 accommodatam
891 1869 1015 1904 corporis

228 1915 451 1942 constitutionem
467 1919 554 1942 nacta:
569 1918 643 1948 sunt,
668 1915 799 1950 unguium
828 1915 1012 1947 tenacitatem,

228 1967 380 1989 rostrorum
408 1962 606 1994 aduncitatcm,
636 1963 740 1989 alarum
768 1963 970 1998 pernicitatem,
983 1967 1014 1990 ut

230 2009 360 2036 facillimo
385 2009 492 2043 negotio
509 2009 639 2036 tenaciter
665 2009 785 2043 arripere
801 2014 882 2044 atque
909 2009 1015 2036 discer-

230 2063 294 2090 pere
307 2055 414 2090 possint
428 2059 454 2082 et
467 2055 606 2087 lacerare;
633 2056 756 2090 quzcdam
783 2056 932 2091 frugilegaa,
954 2056 1014 2083 alia:

231 2102 272 2129 his
297 2101 424 2127 omnibus
440 2100 550 2131 aluntur
578 2105 606 2128 et
635 2105 832 2133 sustentantur,
849 2106 876 2129 et
888 2107 1015 2129 constru-

230 2149 320 2175 ctione
338 2148 408 2175 inter
424 2156 454 2175 se
476 2147 605 2174 differunt
631 2156 738 2176 omnes.
754 2148 888 2176 Pratterea
914 2149 1012 2176 harum

617 404 859 439 magnitudineque
888 403 1012 438 corporis
1052 404 1054 406 '

1063 219 1165 255 οἴκημα
1177 219 1365 246 κατακλείεται
1382 220 1530 255 φερόμενος
1542 220 1626 247 κάτω.
1643 220 1699 246 Καὶ
1715 221 1741 247 οι
1755 220 1788 256 θη
1794 229 1852 255 ρευ-

1061 266 1106 292 ταὶ
1123 266 1202 298 εὐθὺς
1217 266 1400 293 ἀποκλείουσι.
1415 266 1553 302 Δεύτερον.
1575 285 1582 292 .
1598 287 1607 295 .
1620 287 1628 294 .
1648 287 1656 293 .
1670 266 1734 302 βοὸς
1752 267 1781 293 δὲ
1795 267 1853 302 ἔχει

1062 312 1092 338 τὸ
1104 311 1195 347 θηρίον
1212 312 1241 338 τὸ
1259 312 1381 348 μέγεθος.

1104 486 1146 512 Ἐν
1161 486 1189 513 δὲ
1207 489 1262 518 τοῖς
1280 486 1368 523 ἰχθύσι
1385 487 1467 524 πολλή
1485 496 1526 520 τις
1542 489 1690 524 ἐνυπάρχει
1705 488 1795 525 θέρμη
1810 489 1854 516 ἓν-

1061 531 1147 564 δοθεν,
1173 533 1218 559 καὶ
1233 533 1315 565 ὀξεῖα·
1333 534 1372 560 διὸ
1393 534 1439 561 καὶ
1461 535 1555 561 θᾶττον
1579 534 1813 567 καταπέπτουσιν,
1832 535 1852 561 ἃ.

1062 577 1206 610 ἐσθίουσιν,
1224 579 1323 611 εὐθέως
1336 579 1540 615 διασηπομένων
1551 579 1605 606 τῶν
1620 579 1761 606 ἐδωδίμων
1773 579 1803 605 ἐν
1817 581 1850 614 τῇ

1061 624 1159 660 γαστρὶ
1174 624 1272 651 αὐτῶν.

1103 670 1134 696 Ἥ
1148 670 1176 696 δὲ
1194 671 1364 703 θαλαττιαῖος
1378 671 1501 706 ἀλώπηξ,
1516 672 1585 698 ἐπὰν
1609 672 1646 707 μὴ
1666 671 1781 707 δύνηται
1794 672 1852 698 δια-

1061 717 1158 753 δράςαι
1175 718 1223 753 τὴν
1238 717 1336 753 ἄγραν,
1359 718 1529 745 καταπιοῦσα
1552 718 1582 744 τὸ
1596 719 1755 754 ᾶγχιστρον,
1779 717 1852 750 ἐξαλ-

1062 762 1162 799 λομένη
1187 763 1234 790 καὶ
1252 763 1449 800 ἀνατρέχουσα,
1470 763 1624 800 ἀποτρώγει
1640 763 1690 799 τὴν
1710 763 1850 800 μήρινθον,

1063 810 1110 836 καὶ
1126 809 1274 844 διαφεύγει.

1103 856 1132 882 '0
1147 855 1174 882 δὲ
1191 856 1359 891 κροκόδειλος
1373 856 1579 893 ἁνθρωποϐὁρον
1602 857 1651 892 μέν
1670 857 1729 882 ἐστι
1746 855 1851 891 θηρίον,

1063 902 1126 929 ὅταν
1147 902 1176 929 δὲ
1200 903 1284 939 μέλλῃ
1305 903 1439 930 ποιεῖσθαι
1460 904 1508 935 τὰς
1529 903 1629 938 ὀχείας,
1647 902 1851 937 ἀνανηξάμενον

1063 948 1226 986 ἀναστρέφει
1245 949 1293 984 τὴν
1310 949 1418 985 θήλειαν
1441 951 1486 976 ἐπὶ
1507 952 1565 982 ταῖς
1581 950 1684 984 ὄχθαις·
1702 949 1783 984 μόνος
1798 949 1851 984 γὰρ

1063 991 1138 1026 οὗτος
1157 993 1250 1026 ὕπτιος
1272 993 1429 1030 πλησιάζειν
1444 995 1558 1029 πέφυκε,
1576 995 1621 1021 χαί
1638 994 1708 1030 μετὰ
1727 995 1777 1030 τὴν
1792 995 1852 1029 ὀμι-

1063 1039 1122 1067 λίαν
1145 1040 1224 1067 πάλιν
1249 1041 1307 1072 ταῖς
1328 1040 1421 1076 χερσὶν
1444 1040 1527 1076 αὐτὴν
1541 1040 1725 1075 ἐπικουφίζων
1742 1048 1852 1066 συνεπι-

1064 1087 1188 1123 στρέφει·
1205 1087 1314 1114 ἐπειδὰν
1334 1087 1363 1113 δὲ
1385 1087 1469 1122 αὐτὴν
1486 1086 1557 1122 ἄλλῳ
1582 1086 1785 1121 συγγενομένην
1808 1087 1850 1113 ατ-

1065 1133 1171 1169 σθῆται,
1195 1132 1422 1168 καθυποκρίνεται
1449 1133 1619 1168 συμμιγῆναι
1642 1133 1723 1168 αὐτῇ,
1749 1133 1797 1158 καὶ
1813 1133 1851 1167 τῷ

1063 1178 1137 1213 αὺτῷ
1157 1178 1250 1214 τρόπῳ
1275 1178 1446 1214 ἀναστρέψας
1470 1178 1553 1213 αὐτὴν
1579 1177 1708 1212 γινώσκει
1735 1178 1781 1204 διὰ
1803 1179 1851 1211 τῆς

1063 1225 1148 1261 ὀδμῆς
1161 1226 1235 1260 (ἔχει
1251 1225 1303 1261 γὰρ
1317 1225 1448 1260 ὀξυτάτην
1461 1225 1525 1261 περὶ
1549 1225 1628 1251 τοῦτο
1639 1225 1688 1260 τὴν
1713 1225 1851 1260 αἴσθησιν)

1064 1272 1108 1306 ὑφ’
1135 1271 1227 1307 ἑτέρου
1246 1272 1404 1307 μιανθεῖπαν
1421 1271 1517 1306 αὐτὴν,
1534 1271 1652 1302 καὶτοῖς
1675 1271 1752 1304 ὄνυξι
1773 1271 1850 1307 διαρ-

1065 1317 1147 1353 ρήξας
1158 1317 1206 1353 τὴν
1220 1317 1341 1353 γαστέρα
1353 1318 1448 1353 αὐτῆς,
1457 1317 1546 1344 πάντα
1556 1316 1591 1344 τὰ
1600 1317 1675 1349 ἐντὸς
1691 1317 1779 1352 αὐτῆς
1791 1325 1853 1344 χατ-

1063 1363 1156 1389 εσθίει.
1185 1363 1252 1398 Περὶ
1287 1363 1340 1398 γὰρ
1363 1363 1412 1398 τὴν
1437 1363 1556 1399 γαστέρα
1584 1363 1642 1390 ἐστὶ
1663 1363 1801 1399 τρυφερὸν
1822 1363 1852 1390 τὸ

1063 1409 1132 1442 ζῶον
1143 1419 1149 1424 ·
1166 1411 1180 1436 ὁ
1197 1410 1250 1446 γὰρ
1267 1410 1350 1442 νῶτος
1371 1409 1452 1436 αὑτοῦ
1473 1410 1612 1446 στιϐαραῖς
1625 1410 1732 1436 λεπίσιν
1750 1410 1852 1436 ἐνδέδυ-

1063 1463 1118 1488 ται,
1135 1455 1205 1482 ὥστε
1222 1456 1323 1483 καὶτὸν
1340 1455 1466 1488 ὀξύτατον
1483 1455 1590 1491 σίδηρον
1607 1455 1791 1490 ἐπενεχθέντα
1804 1455 1852 1490 ἀμ-

1065 1500 1217 1527 ὃλύνεσθαι.

1105 1545 1288 1581 Ἐξαγαγέτω
1307 1546 1343 1572 τὰ
1362 1545 1455 1572 ὕδατα
1476 1545 1596 1573 πετεινὰ
1616 1545 1727 1580 ψυχῶν
1740 1545 1851 1578 ζωσῶν,

1063 1591 1110 1618 καὶ
1126 1590 1231 1626 ἀθρόως
1244 1592 1258 1617 ὸ
1273 1591 1326 1626 ἀὴρ
1344 1591 1470 1617 παντοίου
1487 1591 1581 1625 γένους
1596 1591 1651 1617 τῶν
1669 1591 1786 1627 ὀρνίθων
1806 1600 1851 1617 τις·

1064 1636 1215 1672 πλήρωται.
1232 1637 1336 1664 Ἔδωκε
1350 1637 1377 1663 δὲ
1392 1637 1482 1668 αὑτοῖς
1503 1637 1534 1663 ἐκ
1547 1636 1599 1662 τῶν
1622 1636 1726 1662 ὑδάτων
1744 1637 1793 1672 τὴν
1809 1637 1852 1670 γέ-

1064 1691 1148 1715 νεσιν,
1163 1683 1255 1719 ἐπειδὴ
1277 1683 1435 1717 συγγένειάν
1457 1691 1517 1709 τινα
1536 1683 1604 1718 προς
1621 1683 1683 1714 τοὺς
1699 1683 1794 1717 ἰχθύας
1809 1691 1854 1708 κε-

1065 1729 1226 1765 κλήρωνται.
1257 1729 1300 1761 Ὦς
1319 1729 1372 1764 γὰρ
1395 1730 1419 1756 ot
1445 1729 1536 1765 ἰχθύες
1560 1729 1589 1755 ἐν
1610 1730 1643 1764 τῇ
1669 1730 1778 1765 κινήσει
1798 1729 1852 1755 τῶν

1065 1776 1207 1812 πτερύγων
1221 1775 1252 1802 τὸ
1275 1775 1346 1811 ὕδωρ
1362 1775 1500 1810 τέμνουσι,
1516 1775 1562 1802 καὶ
1577 1775 1760 1811 διανήχονται,
1782 1775 1854 1802 οὓτω

1064 1821 1098 1848 τὰ
1114 1822 1222 1849 πετεινὰ
1234 1823 1290 1854 τοῖς
1307 1823 1416 1858 πτεροῖς
1432 1822 1477 1848 τὸν
1493 1823 1562 1857 ἀέρα
1574 1822 1757 1858 διανήχονται.
1776 1823 1852 1848 Ἔστι

1064 1869 1092 1895 δὲ
1106 1869 1194 1896 αὐτῶν
1213 1868 1246 1895 τὰ
1261 1869 1309 1904 μὲν
1333 1869 1493 1905 σαρκοφάγα
1509 1869 1664 1904 πρέπουσαν
1679 1869 1852 1903 κατασκευὴν

1064 1914 1111 1941 τοῦ
1136 1915 1237 1950 τρόπου
1263 1915 1313 1950 τῆς
1344 1915 1418 1950 σφῶν
1446 1915 1551 1950 διαίτης
1577 1915 1722 1950 ἐπέχοντα,
1749 1915 1853 1951 ὀνύχων

1065 1960 1167 1996 ἀκμαῖς
1176 1962 1195 1992 ”,
1208 1961 1255 1986 καὶ
1267 1961 1353 1996 χεῖλος
1369 1960 1496 1995 ἀγγύλον,
1509 1962 1555 1987 καὶ
1570 1961 1667 1996 πτερὸν
1679 1962 1726 1994 ὀξὺ
1743 1962 1811 1999 πρὸς
1824 1961 1853 1988 τὸ

1067 2005 1164 2041 ῥᾳδίως
1189 2006 1352 2042 ἀναρπάσαι,
1374 2006 1421 2033 καὶ
1440 2006 1587 2033 διασπάσαι
1609 2007 1749 2034 δύνασθαι’
1774 2008 1808 2034 τὰ
1825 2008 1853 2034 δὲ

1066 2052 1249 2088 σπερμολόγα,
1271 2052 1306 2078 τὰ
1325 2052 1352 2078 δὲ
1373 2053 1406 2079 ἐκ
1424 2054 1522 2085 παντὸς
1541 2053 1704 2090 τρεφόμενα.
1727 2055 1782 2081 Καὶ
1795 2055 1853 2081 τοὺ-

1064 2107 1118 2126 των
1132 2099 1269 2134 ἑκατέρων
1292 2100 1308 2135 ἡ
1333 2099 1488 2135 κατασκευὴ
1507 2100 1657 2136 διενήνοχε·
1683 2102 1730 2128 καί
1751 2101 1784 2128 τα
1807 2102 1853 2136 μέν

1066 2146 1139 2172 ἐστιν
1156 2146 1260 2181 ἇναρχα
1277 2145 1323 2172 καὶ
1343 2146 1488 2181 αὐτόνομα,
1509 2146 1542 2172 τὰ
1558 2146 1586 2172 δὲ
1605 2147 1649 2181 ὑφ’
1673 2147 1797 2182 ἡγεμόνα
1812 2147 1852 2172 τέ-

229 2193 353 2227 quadam
384 2193 537 2228 principatu
567 2201 621 2226 non
649 2198 785 2228 tenentur,
811 2194 859 2221 sed
885 2194 927 2221 sui
944 2194 1015 2228 juris

1068 2200 1176 2224 τακται,
1198 2192 1246 2219 καὶ
1264 2191 1298 2218 τὰ
1319 2191 1367 2226 μέν
1388 2192 1461 2218 ἐστιν
1482 2191 1677 2227 ἐπιδημητικὰ,
1698 2193 1734 2219 τὰ
1758 2192 1787 2219 δὲ
1810 2193 1852 2226 ἑγ-

228 2243 308 2273 sunt;
319 2239 441 2275 quaedam
455 2239 666 2267 dominationem
680 2240 790 2268 alterius
812 2241 912 2273 ferunt,
929 2246 955 2267 et
972 2241 1014 2268 liae

229 2285 340 2321 quidem
368 2286 515 2313 iuvectitia:
534 2290 560 2313 et
580 2287 796 2321 peregrinantes,
821 2287 881 2314 alite
907 2287 1012 2321 indige-

228 2339 281 2358 me.

264 2376 417 2412 Superbum
431 2376 495 2411 quid
508 2379 550 2404 est
562 2376 667 2412 gallus;
681 2381 710 2403 at
735 2376 866 2411 accipiter
881 2373 1013 2412 singulari

229 2423 416 2452 benevolentia
433 2423 557 2450 homines
578 2423 772 2458 prosequitur;
792 2423 904 2450 tradunt
928 2423 1013 2457 enim,

229 2471 373 2506 accipitres
384 2470 431 2505 qui
445 2470 472 2496 in
489 2468 604 2496 Thracia
631 2473 707 2500 sunt,
723 2477 800 2504 aeque
829 2469 956 2497 homines
970 2477 1015 2497 so-

228 2517 328 2544 cietate
338 2517 455 2551 quadam
472 2516 613 2550 aucupari;
632 2515 659 2542 in
680 2515 757 2542 silvis
774 2522 891 2550 namque
906 2515 1015 2543 densis-

229 2563 307 2590 simis
332 2563 524 2594 immorantur,
550 2569 619 2596 quas
649 2561 801 2588 volatilium
826 2569 907 2590 omne
928 2570 1014 2597 genus

228 2609 303 2640 colit,
319 2612 347 2635 et
365 2609 469 2635 habitat
485 2607 714 2643 frequentissime.
729 2612 757 2634 et
779 2615 832 2634 una
847 2615 909 2635 cum
929 2615 1014 2636 aucu-

229 2654 356 2688 pantibus
371 2658 545 2686 exercentur,
563 2654 595 2681 ad
623 2654 829 2682 similitudinem
858 2655 962 2682 bellicae
973 2655 1015 2682 di—

230 2700 362 2734 sciplinae,
383 2705 412 2728 ut
425 2705 539 2728 venatus
557 2708 661 2736 aequam
677 2704 780 2736 partem
798 2701 950 2737 accipiant;
965 2702 1014 2730 ho-

230 2745 317 2772 mines
339 2745 466 2780 quatiunt
498 2746 622 2778 arbores,
651 2745 714 2773 hinc
736 2745 860 2774 volucres
890 2747 1015 2774 excitata!

267 2829 290 2845 ιδ
305 2828 458 2861 (5:11.110.

1067 2237 1162 2274 χώρια.

1102 2371 1206 2407 Γαῦρον
1221 2373 1235 2398 ό
1251 2369 1416 2408 ἀλεκτρυὼν,
1434 2372 1448 2397 ὁ
1468 2370 1495 2398 δὲ
1509 2371 1584 2407 ἱέραξ
1600 2371 1780 2404 εὐνούστατος
1793 2380 1851 2405 τυγ-

1068 2419 1142 2454 χάνει
1156 2419 1220 2455 περὶ
1236 2418 1281 2444 τὸν
1299 2418 1450 2454 ἄνθρωπον.
1473 2417 1617 2454 Ἰστοροῦσι
1631 2419 1685 2453 γὰρ
1700 2419 1765 2450 τοὺς
1779 2420 1806 2445 ὲν
1822 2419 1850 2453 τῇ

1067 2465 1162 2502 θρᾴκῃ
1177 2465 1286 2501 ἱέρακας
1299 2465 1353 2495 τοῖς
1363 2463 1550 2499 ὀρνιθοθήραις
1562 2463 1625 2498 περὶ
1633 2465 1682 2500 τὴν
1692 2464 1783 2500 ἄγραν
1796 2473 1851 2491 συν-

1067 2511 1208 2548 αίρεσθαισ
1226 2510 1362 2536 ποιοῦνται
1379 2509 1427 2544 μὲν
1442 2509 1496 2545 γὰρ
1514 2509 1563 2540 τὰς
1574 2509 1715 2545 ὅιατριὸἂις
1737 2512 1767 2537 ἐν
1781 2510 1852 2542 ὕλαις

1067 2557 1239 2588 δασυτάταις,
1254 2555 1318 2582 ἔνθα
1334 2556 1399 2590 γένη
1413 2556 1466 2582 τῶν
1479 2555 1593 2592 ὀρνίθων
1611 2556 1792 2588 ἐνδιαιτᾶται,
1809 2557 1850 2584 καὶ

1067 2604 1123 2635 τοῖς
1146 2603 1192 2629 ἐπὶ
1209 2602 1257 2637 τὴν
1278 2603 1366 2638 ἄγραν
1391 2601 1460 2628 ἰοῦσι
1479 2602 1680 2633 συντάττοντα-ι,
1700 2602 1850 2637 ἰσομοιρίαν

1067 2648 1113 2675 τοῦ
1124 2647 1301 2684 ἀγρευθέντος
1313 2647 1452 2680 δέξασθαι·
1467 2648 1513 2674 καὶ
1528 2647 1580 2674 τῶν
1597 2646 1738 2682 θηρευτῶν
1751 2646 1786 2673 τὰ
1799 2647 1851 2673 δέν-

1068 2696 1118 2730 δρα
1140 2694 1322 2726 διασειόντων,
1337 2695 1361 2721 οἱ
1383 2694 1471 2730 δρνεις
1491 2693 1678 2729 τινασσόμενοι
1701 2693 1850 2721 σοϐοῦνται.

1068 2744 1114 2770 καὶ
1127 2743 1296 2776 ἀνίπτανται,
1311 2743 1356 2769 καὶ
1369 2743 1393 2769 οἱ
1411 2742 1518 2778 ἱέρακες
1533 2741 1602 2768 κατὰ
1617 2740 1740 2776 κεφαλῆς
1756 2740 1851 2767 τούτιίν
