1909 3071
113 109 170 137 729

587 109 724 138 SPURIA.
745 123 781 130 —-
799 109 976 138 COMMENT.
999 110 1031 138 IN
1048 109 1298 139 HEXAEMEBON.

1680 102 1734 131 730

115 171 344 207 ὕπεριπτάμενοι,
359 170 409 203 τὰς
424 170 544 206 κεφαλὰς
563 171 652 198 αὐτῶν
668 171 843 204 κολάπουσι,
857 181 892 198 κα

955 173 1101 207 abiguntur
1116 176 1143 200 et
1153 171 1271 204 evolant,
1299 171 1443 206 accipitres
1458 171 1664 207 supervolantes
1689 174 1736 201 de-

112 218 157 249 et;
169 217 222 252 γῆν
237 218 462 254 κκαρῤιπτουσι,
479 218 526 245 καὶ
539 217 653 254 εῠθηρον
676 218 725 254 τὴν
745 218 831 254 ἄγραν
847 219 903 250 τοῖς

111 263 269 300 ἀνθρώποις
284 264 545 300 παρασκευάζουσιν·
560 265 583 290 οἱ
594 264 622 290 δὲ
634 265 746 300 ἄσμενοι
757 265 805 300 τῆς
815 264 901 300 ἄγρας

111 309 200 345 αὐτῆς
211 310 384 345 παραχρῆμα
401 309 593 345 μεταδιδόασιν.

147 444 307 472 Φιλότεκνον
324 444 338 470 ὁ
354 443 482 470 πελεκάν·
501 442 607 480 τρέφων
622 442 676 479 γὰρ
686 443 749 474 τοὺς
762 443 899 475 νεοσσοὺς⁷

109 491 245 518 τύπτεται
262 491 307 517 ὑπ’
324 490 413 518 αὐτῶν
426 492 485 522 ταῖς
505 489 634 526 πτέρυξιν
647 491 686 522 εἰς
703 489 733 516 τὺ
745 490 898 526 πρόσωποψ

108 540 125 565 ὸ
148 538 178 564 δὲ
204 538 347 565 κολάπτων
370 537 467 569 αὐτοὺς
490 538 605 572 ἀναιρεῖ,
625 537 671 564 καὶ
691 536 900 572 σπλαγχνισθεὶς

109 584 206 610 πενθεῖ
218 584 263 610 ἐπὶ
275 585 348 620 τρεῖς
358 583 464 619 ἡμέρας
475 583 582 615 αὐτούς.
599 583 632 609 Ἦ
642 583 670 609 δὲ
683 583 774 618 μήτηρ
785 582 899 608 ἐλθοῦσα

108 630 204 656 ἐπάνω
223 629 313 657 αὐτῶν
333 631 447 665 ῥήγνυσι
467 629 517 665 τὴν
532 629 652 664 πλευρὰν
667 628 761 663 αὐτῆς,
779 628 824 655 καὶ
837 629 897 654 επι-

109 676 205 708 στὰζει
227 676 256 702 τὸ
269 673 338 711 αἷμα
355 676 441 709 αὐτῆς
463 676 509 702 ἐπὶ
528 676 591 707 τοὺς
612 675 748 706 νεοσσοὺς,
771 675 818 701 καὶ
832 674 899 706 ζωο-

106 722 261 757 γονοῦνται.
277 721 355 749 Οὗτοι
376 722 404 748 δὲ
419 722 443 748 οἱ
466 722 614 753 πελεκᾶνες
629 720 678 752 τὰς
699 721 800 755 κόγχας
812 720 899 755 τούτῳ

106 768 148 804 τῷ
165 769 259 804 τρόπῳ
274 768 404 795 ἐσθίουσυ
424 768 460 804 μὴ
481 767 624 803 δυνάμενοι
645 766 690 793 διὰ
705 766 734 793 τὺ
754 766 898 801 ἐσφίγχθαι

106 815 194 845 αὐτὰς
212 814 327 841 ἀνελεῖνυ
351 814 544 841 καταπίνουσιν
559 813 644 844 αὑτὰς
663 812 805 848 πρότερον,
824 812 896 844 ὅπως

104 862 140 896 τῇ
157 861 222 896 περὶ
234 861 278 887 τὸν
291 860 418 896 φάρυγγα
430 859 578 895 θερμότητι
597 859 709 894 διατακῇ
727 858 777 893 μὲν
788 858 805 892 ἡ
821 858 897 884 συνέ-

104 915 194 942 χουσα
214 905 307 941 κάλλη,
329 905 465 932 ἁνεῦεῑσαι
490 905 518 931 δὲ
540 905 568 931 αι
592 904 691 939 κόγχαι
714 903 894 939 χαλασθῶσιν·

104 952 287 987 ἐξεμέσαντες
301 949 347 978 οὖν
361 951 456 984 αὐτὰς,
472 949 599 986 εὐμαρῶς
613 950 644 977 τὸ
665 949 792 985 ἐδώδιμον
806 949 896 976 αὐτῶν

104 999 307 1026 κατεσθίουσιν.

142 1045 176 1070 Αἱ
189 1044 218 1070 δὲ
233 1044 335 1079 φάσσαι
351 1044 401 1070 οὐκ
411 1043 476 1070 ἔνθα
488 1043 624 1070 τίκτουσιν
636 1041 814 1074 ἐπωάζονται,
828 1040 896 1068 ἀλλὰ

105 1091 289 1125 μεταστᾶσαι,
301 1089 344 1116 διὰ
358 1089 388 1115 τὸ
406 1089 505 1124 πλῆθος
513 1088 567 1114 τῶν
582 1087 731 1124 Θηρευτῶν,
747 1088 786 1118 εἰς
802 1086 895 1122 ἕτερον

103 1137 201 1169 τόπον,
218 1136 379 1171 ἐκτρέφουσι
404 1136 467 1166 τοὺς
483 1134 616 1166 νεοττούς.
644 1134 699 1160 Καὶ
723 1132 833 1160 ἐπειδὰν
850 1133 893 1159 αἴ-

105 1182 226 1209 σθωνται
243 1183 283 1213 εις
303 1182 390 1217 θήραν
415 1180 581 1216 ἀφιγμένους
598 1179 674 1211 τινὰς
694 1179 747 1206 τῶν
768 1180 894 1210 νεοττῶν,

103 1229 279 1260 ἁνίπτανται,
293 1229 340 1254 καὶ
354 1227 402 1263 τὴν
419 1227 472 1253 τῶν
487 1225 624 1262 θηρευτῶν
642 1225 758 1262 σπουδὴν
777 1227 817 1257 εἰς
836 1226 897 1252 ἑαυ-

102 1276 155 1307 τὰς
173 1275 338 1311 περισπῶσι,
354 1274 448 1311 καιρὸν
462 1275 550 1309 φυγῆς
562 1275 618 1305 τοῖς
633 1276 749 1305 νεοττοῖς
763 1274 895 1310 παρέχου-

102 1330 164 1355 σαι,
183 1323 230 1348 καὶ
245 1322 417 1357 ἐκφυγόντων
437 1321 491 1348 τῶν
507 1322 632 1352 νεοττῶν,
655 1321 726 1356 μάλα
737 1320 893 1356 θαρσαλέως

103 1368 155 1394 σὺν
166 1369 222 1399 τοῖς
235 1369 361 1399 νεοττοῖς.
378 1367 529 1403 ἀπάρασαι,
544 1366 775 1403 αἰθεροόατοῦσιν.

139 1414 285 1441 Φιλόκαλον
309 1415 324 1441 ὁ
345 1414 416 1446 ταὼς
433 1414 461 1447 ἐξ
492 1413 580 1441 Ἰνδῶν
599 1413 767 1449 ὁρμώμενος.
793 1407 892 1445 Οὗτος,

100 1461 302 1498 ἀναπτερώσας
317 1461 346 1488 τὺ
364 1461 461 1493 κάλλος
484 1461 531 1487 καὶ
551 1460 604 1486 τῶν
628 1459 735 1495 πτερῶν
757 1459 892 1492 ἐπιδείξας

99 1509 133 1535 τὸ
150 1507 274 1543 Θέατρον,
300 1507 430 1541 ἐπάγεται
448 1506 514 1542 πρὸς
535 1506 676 1533 συνουσίαν
702 1504 750 1541 τὴν
773 1505 890 1540 θήλειαν,

100 1553 199 1589 ὣσπερ
210 1553 330 1588 λειμῶνα
347 1552 392 1579 τὸν
413 1551 603 1586 καλλωπισμὸν
616 1551 709 1578 τοῦτον
737 1550 892 1582 ἐπιδεικνὺς

98 1599 171 1634 αὐτῇ
182 1607 188 1614 ·
209 1598 265 1624 ἔστι
282 1598 336 1634 γὰρ
360 1597 451 1633 σχεδὸν
469 1597 600 1633 λειμῶνος
616 1598 630 1623 6
646 1597 718 1629 ταὼς
739 1597 893 1623 εὐανθέστε-

101 1653 158 1680 ρος.
172 1644 409 1680 Περιπεφύτευται
423 1643 477 1679 γὰρ
497 1642 570 1678 αύτῷ
591 1644 690 1679 χρυσὸς
699 1645 755 1675 τοῖς
772 1644 890 1678 πτεροῖς,

99 1692 150 1719 καὶ
167 1692 261 1726 κύκλῳ
270 1691 299 1718 τὸ
318 1690 447 1725 ἁλουργὲς
460 1689 579 1724 περιθέει
597 1688 752 1725 πορφυροῦν
767 1689 811 1715 τὸν
828 1697 892 1724 χρυ-

99 1738 148 1764 σόν
158 1747 165 1753 ·
184 1739 233 1764 καὶ
249 1737 301 1764 ὑπὸ
316 1737 363 1763 τοῦ
379 1737 478 1773 χρυσοῦ
493 1737 646 1772 περίκειται
663 1736 692 1762 τὸ
710 1736 765 1762 ἴσον
778 1734 888 1767 κύκλον,

100 1785 151 1810 καὶ
168 1784 242 1810 ἐστιν
256 1783 393 1818 ὀφθαλμὸς
415 1784 443 1810 ὲν
467 1783 570 1819 πτερῷ.

140 1831 170 1857 ὐ
184 1831 213 1857 δὲ
229 1829 315 1865 φοῖνιξ
334 1830 446 1865 μέγεοος
457 1831 504 1865 μὲν
521 1829 576 1865 ἔχει
589 1829 702 1861 ταῶνος,
723 1829 844 1865 διαφέρει
863 1828 891 1855 δὲ

97 1877 140 1912 τῷ
155 1877 250 1904 κάλλει
264 1877 308 1902 τοῦ
317 1876 418 1908 ταῶνος
427 1877 460 1912 τῇ
473 1877 566 1912 χροιᾷ·
582 1876 746 1911 κεκέρασται
756 1876 809 1910 γὰρ
817 1874 890 1910 αὐτῷ

98 1923 195 1959 χρυσῷ
206 1923 252 1950 καί
260 1923 387 1958 πορφύρᾳ
397 1923 431 1949 τὰ
438 1922 536 1959 πτερὰ,
550 1922 678 1957 εὐφυεῖδὲ
693 1921 784 1957 κύκλῳ
797 1921 892 1955 στεφά-

98 1978 146 1996 νου
162 1971 179 2004 ἡ
190 1969 295 2004 κεφαλὴ
310 1968 390 1996 αὑτοῦ
407 1969 575 2004 κεκόσμηται
587 1968 716 2003 φυσικῶς.
739 1968 816 1994 ’Ἐστι
835 1967 864 1993 δὲ
876 1968 896 2009 ὁ¹

99 2015 201 2046 κύκλος
216 2015 338 2046 κυάνεος,
347 2014 394 2040 καὶ
406 2014 490 2049 ῥόδοις
505 2014 756 2050 ὲμφερής,Εὺειδὴς
773 2013 801 2039 δὲ
810 2012 847 2039 ὣν
856 2014 888 2047 τῇ

98 2061 160 2096 θέᾳ,
167 2061 214 2088 καὶ
221 2061 310 2088 ἀκτῖσι
321 2062 424 2097 κομῶν,
434 2061 527 2097 ὥσπερ
535 2061 609 2096 ἥλιος
623 2061 664 2095 ἐφ’
673 2060 756 2095 ὕψους
765 2060 886 2086 ἵσταται·

99 2107 137 2138 ὼς
154 2107 294 2143 ἱστορῆσαι
311 2107 358 2134 καὶ
379 2108 474 2139 ἄλλους
490 2107 539 2142 τὴν
555 2107 661 2143 μορφὴν
677 2105 758 2133 αὑτοῦ
775 2105 821 2132 τοῦ
835 2105 889 2132 σώ-

101 2162 197 2189 ματος,
213 2153 250 2186 ὡς
259 2155 305 2181 καὶ
317 2154 392 2180 αὐτοὶ
406 2154 600 2190 διαγράφοντες
614 2153 762 2188 φάσκουσιν
784 2151 870 2184 οὕτως
879 2160 886 2167 '

98 2254 235 2281 Διπλοῦν
250 2248 306 2288 Τᾶρ
322 2253 387 2280 ἐστι
405 2253 437 2280 τὸ
449 2253 547 2288 μῆκος
562 2253 650 2280 ἀετοῦ
665 2252 786 2288 σχεδόν.

98 2289 222 2324 Πτεροῗς
229 2288 262 2315 δὲ
273 2289 465 2320 ποικίλοισιν,
481 2288 535 2322 ἠδὲ
548 2289 710 2324 χρώμασιν,

97 2323 188 2363 ζῶμα
200 2323 294 2363 αὑτοῦ
310 2324 461 2363 κέκαινταρ

96 2359 214 2392 Στῆθος
224 2359 283 2392 μὲν
297 2359 353 2385 οὖν
366 2359 459 2385 αὐτοῦ
474 2359 649 2394 πορφυροῦν
659 2360 804 2393 φαίνεται,

96 2394 197 2427 Σκέλη
213 2393 247 2420 δὲ
257 2395 455 2428 μιφῑτόχρωτιι,
472 2395 518 2420 καὶ
533 2395 596 2421 κατ’
609 2394 733 2428 αὐχένα,

95 2431 124 2455 Κ
120 2429 230 2462 ροκοπί
232 2437 295 2461 νοις
309 2428 474 2463 gallova
489 2429 694 2463 εὐτρεπίζὲται.

95 2464 181 2497 Κᾶρα
195 2463 229 2490 δὲ
244 2465 346 2497 κοίτης
361 2464 470 2498 ἡμέρας
485 2465 685 2499 παρεμφερὴς,

95 2500 152 2526 Καὶ
163 2499 276 2533 μηλίνῃ
288 2499 346 2534 μὲν
361 2499 397 2533 τῇ
414 2501 486 2534 κόρῃ
507 2500 704 2534 προσέϐλεπε.

96 2534 208 2566 Κύκνιῳ
225 2533 258 2569 δὲ
274 2533 380 2569 κιφῃσι
392 2535 501 2569 κᾷκκος
516 2533 555 2567 ὡς
569 2535 718 2569 ἐφαίνετο.

97 2568 206 2602 Φωνὴν
217 2568 250 2605 δὲ
266 2569 387 2605 πάντων
397 2568 479 2604 εἶχεν
491 2568 779 2605 εὐπρεὲῑεδεστάτην.

97 2604 249 2639 Bac/'91st
259 2604 293 2630 δὲ
308 2604 428 2631 πάντων
440 2605 551 2638 ὀρνέων
561 2606 708 2639 ἐφαίνετο,

103 2639 152 2672 Ὡς
160 2637 200 2674 ἦν
218 2639 329 2674 νοῆσαι
340 2648 346 2654 ·
363 2637 461 2667 πάντα
475 2640 531 2675 γὰρ
541 2637 690 2675 τᾶπτηνά
707 2642 780 2676 ὁμοῦ

99 2705 242 2732 Ὀπιοθθεν
254 2705 347 2733 αὐτοῦ
362 2706 570 2740 δολιχεύοντες
584 2706 766 2735 ὲπέσσυντο.

96 2740 195 2778 ᾼρςὸς
214 2740 248 2767 δὲ
263 2742 385 2778 πρόσθε,
399 2741 507 2778 ταῦρος
522 2742 562 2775 ὡς
579 2744 791 2778 γαυρούμενος,

99 2775 217 2802 Ἕϐαινε
233 2776 379 2809 κραιπνὸν
389 2776 474 2812 ,βῆμα
482 2775 641 2810 ,βαστᾶζωῦ
653 2775 754 2812 ποδός.

132 2831 218 2858 Τοῦτο
232 2832 298 2868 φασὶ
307 2834 448 2868 μονογενὲς
463 2834 594 2871 ὑπάρχειν
607 2835 686 2869 ζῶον,
706 2836 742 2872 μὴ
762 2837 881 2864 συνιστά-

952 217 1084 252 primunt,
1111 224 1180 252 quas
1195 220 1286 243 rostro
1310 216 1449 250 perforato
1471 217 1561 251 capite
1588 218 1613 244 in
1635 222 1736 246 terram

952 263 1110 298 projiciunt,
1141 262 1234 296 sicque
1248 261 1301 288 illis
1319 261 1474 288 hominibus
1497 261 1560 288 felix
1576 265 1604 289 et
1616 262 1736 290 faustum

951 308 1097 342 aucupium
1111 312 1290 342 comparant;
1307 307 1344 333 illi
1360 311 1453 342 captas
1471 315 1590 342 aucupes
1618 308 1736 336 divisas-

950 361 1004 389 que
1033 354 1124 382 statim
1149 352 1290 388 aequaliter
1317 359 1379 379 cum
1405 352 1580 387 accipitribus
1606 354 1737 388 partiun-

949 404 1004 428 tur.

984 447 1126 474 Palicanus
1156 446 1271 472 ﬁliorum
1293 444 1498 472 amantissimus
1523 449 1581 477 est;
1598 446 1643 473 hic
1662 446 1736 474 enim

949 493 1013 520 dum
1029 492 1119 528 pullos
1131 492 1189 524 alit,
1214 492 1247 518 ab
1264 491 1317 518 illis
1333 491 1384 518 alis
1409 491 1435 517 in
1455 490 1549 517 faciem
1575 492 1733 526 percutitur,

949 538 996 573 qui
1013 541 1104 565 rostro
1118 545 1166 564 eos
1182 544 1358 572 repercussos
1375 536 1515 568 interimit,
1539 540 1566 563 et
1579 537 1736 564 misericor-

949 585 993 611 dia
1017 588 1167 619 perunctus.
1182 583 1291 611 eosdem
1321 590 1336 608 a
1354 590 1382 609 se
1402 582 1509 609 occisos
1524 583 1596 617 luget
1622 591 1668 618 per
1685 583 1736 610 tri-

949 630 1045 658 duum.
1068 629 1210 657 Postrcmo
1236 633 1321 656 mater
1345 628 1502 660 adveniens,
1529 629 1600 655 latus
1616 630 1736 664 graviter

947 677 1119 704 vulneratum
1137 676 1239 707 eil‘odit,
1253 680 1279 702 et
1297 676 1457 710 sanguinem
1475 683 1555 702 suum
1574 683 1656 709 super
1672 683 1735 711 par—

947 722 1026 749 vulos
1041 722 1141 752 fundit,
1152 730 1206 756 quo
1231 721 1268 748 illi
1282 721 1395 756 perfusi,
1414 721 1588 749 reviviscunt.
1609 721 1639 748 lli
1667 730 1733 750 con-

947 767 1007 794 cliis
1022 767 1073 794 hac
1092 768 1199 795 ratione
1219 772 1365 794 vescuntur
1379 776 1386 794 -.
1402 775 1464 794 cum
1481 767 1542 794 illas
1566 768 1655 795 valide
1668 775 1735 795 con-

948 814 1058 841 strictas
1079 814 1212 848 perimere
1226 821 1280 840 non
1295 814 1409 848 possint,
1423 814 1499 848 prius
1509 821 1555 841 eas
1569 814 1732 849 deglutiunt,

948 863 978 886 ut
995 859 1113 886 faucium
1135 860 1234 890 calore,
1248 860 1326 894 quasi
1342 860 1447 895 glutino
1461 859 1654 888 ferruminatas
1671 867 1734 896 ape-

946 905 1032 937 riant;
1050 913 1111 940 qum
1128 905 1233 936 laxam,
1253 906 1371 933 claustra
1400 906 1558 937 resolvunt;
1576 905 1673 933 deinde
1686 913 1734 934 eas

945 954 1084 982 evomunt,
1097 955 1124 978 et
1145 959 1178 978 ex
1200 951 1242 978 bis
1257 959 1316 986 qua:
1330 954 1394 977 sunt
1424 951 1573 983 esculenta,
1605 951 1664 978 sine
1678 951 1733 978 ulla

946 995 1104 1024 dillicultate
1116 997 1230 1032 eligunt,
1246 1001 1272 1024 et
1288 996 1383 1024 edunt.

981 1041 1126 1071 Palumbes
1135 1051 1187 1070 non
1198 1043 1242 1070 ubi
1254 1044 1363 1078 pariunt
1374 1041 1549 1077 pullationem
1562 1041 1676 1074 faciunt,
1684 1041 1733 1070 sed

945 1097 1055 1127 propter
1070 1090 1270 1117 multitudinem
1282 1092 1450 1120 venatorum,
1460 1088 1526 1115 locis
1538 1087 1658 1119 mutatis,
1668 1088 1733 1115 alibi

944 1137 1073 1171 parvulos
1094 1136 1234 1168 nutriunt;
1254 1135 1300 1162 ubi
1319 1138 1463 1162 venatores
1488 1133 1587 1160 iuerint
1600 1133 1733 1167 odoratae,

945 1186 1007 1210 ante
1021 1181 1108 1216 pullos
1123 1185 1298 1208 excurrentes
1314 1180 1432 1211 evolant,
1449 1183 1475 1206 et
1497 1179 1523 1205 in
1542 1183 1627 1206 semet
1650 1187 1733 1206 vena-

944 1232 1032 1256 torum
1043 1228 1170 1262 impetum
1180 1231 1207 1254 et
1215 1227 1334 1255 studium
1345 1230 1517 1258 convertunt,
1528 1226 1637 1253 interim
1650 1225 1730 1259 ﬁlios,

945 1276 1006 1311 l‘uga
1017 1279 1111 1310 parata
1127 1278 1260 1305 tutantur,
1276 1274 1374 1309 quibus
1390 1273 1416 1300 in
1436 1273 1527 1308 fugam
1549 1273 1630 1305 datis,
1647 1273 1732 1300 auda-

943 1326 1002 1349 cter
1041 1321 1148 1348 volatus
1176 1328 1270 1348 eorum
1295 1325 1397 1347 matres
1422 1324 1584 1354 prosecutae,
1616 1320 1728 1348 sublimi

944 1367 1000 1393 aeri
1017 1374 1046 1393 se
1065 1366 1251 1392 committunt.

980 1411 1034 1438 Sua
1049 1411 1136 1438 forma
1159 1411 1307 1446 gloriosum
1324 1418 1458 1445 pavonem
1475 1411 1534 1438 lndi
1556 1410 1646 1438 lerunt
1660 1419 1667 1444 ;
1684 1410 1730 1438 hic

943 1462 1069 1485 ornatum
1097 1458 1231 1492 pandens,
1256 1461 1282 1484 et
1305 1465 1455 1492 pennarum
1476 1457 1630 1492 speciosum
1652 1457 1730 1484 thea-

943 1511 1015 1533 trum
1043 1509 1197 1539 ostentans,
1221 1506 1346 1534 dilectam
1369 1514 1385 1533 a
1411 1514 1441 1534 se
1466 1506 1600 1534 l'emellam
1625 1506 1731 1540 allicit;

944 1552 1174 1588 pulchritudinem
1193 1553 1262 1580 hanc
1277 1553 1360 1580 veluti
1374 1560 1524 1588 pennarum
1541 1557 1647 1588 pratum
1668 1561 1730 1588 spe-

942 1599 1070 1626 ctandam
1080 1592 1260 1634 proponens;
1277 1606 1398 1634 saneque
1411 1599 1525 1634 pavonis
1540 1605 1647 1633 pratum
1661 1607 1731 1634 quo-

941 1645 983 1672 vis
1004 1645 1058 1672 alio
1082 1649 1161 1680 prato
1182 1645 1261 1680 longe
1287 1645 1413 1673 ﬂoridius
1433 1649 1493 1678 est;
1520 1645 1546 1671 in
1571 1645 1631 1680 ejus
1656 1645 1728 1672 enim

942 1691 1039 1726 pennis
1052 1698 1149 1718 aurum
1166 1692 1326 1723 seminatur,
1345 1695 1372 1718 et
1385 1693 1458 1718 omni
1471 1699 1502 1718 ex
1519 1695 1595 1725 parte
1608 1699 1728 1726 purpura

941 1737 1082 1772 aequaliter
1097 1737 1265 1764 convestitur
1280 1741 1307 1764 et
1327 1737 1420 1769 vestit,
1435 1737 1561 1771 inestque
1577 1737 1632 1764 illis
1648 1737 1729 1772 quasi

941 1783 1082 1810 oculorum
1096 1782 1211 1817 species.

976 1829 1089 1857 Plimnix
1106 1831 1219 1865 pavonis
1235 1834 1365 1857 narratur
1378 1831 1576 1866 magnitudine,
1592 1831 1639 1859 sed
1653 1839 1667 1858 a
1678 1839 1728 1867 pa-

940 1883 1011 1903 vone
1038 1876 1242 1911 pulchritudine
1269 1880 1296 1903 et
1322 1877 1414 1904 colore
1446 1877 1596 1906 secundus.
1618 1876 1729 1905 Pennas

941 1922 1012 1949 enim
1039 1930 1107 1949 auro
1131 1926 1159 1950 et
1185 1930 1306 1958 purpura
1337 1923 1496 1958 interpictas
1520 1923 1613 1957 habet,
1644 1927 1726 1958 caput

940 1968 1076 1995 concinno
1103 1969 1181 2003 apice
1210 1969 1394 2005 undequaque
1421 1973 1448 1997 et
1475 1978 1576 1997 corona
1603 1970 1724 1997 cohone-

940 2017 1029 2041 statur
1041 2022 1048 2047 ;
1065 2015 1186 2042 circulus
1198 2016 1290 2043 colore
1302 2016 1418 2043 caeruleo
1429 2020 1472 2043 est
1483 2021 1509 2043 et
1521 2017 1594 2043 rosis
1607 2016 1727 2050 similis;

939 2058 980 2086 sic
998 2065 1108 2094 aspectu
1124 2060 1257 2094 jucundo,
1273 2065 1300 2088 et
1316 2061 1406 2088 radios
1421 2061 1570 2097 projiciens
1585 2062 1668 2089 veluti
1684 2062 1727 2089 sol

939 2104 966 2130 in
981 2112 1089 2132 summo
1106 2113 1135 2132 se
1150 2105 1280 2138 collocat;
1296 2107 1333 2133 ita
1350 2111 1378 2133 ut
1393 2111 1419 2134 et
1432 2107 1477 2134 alii
1496 2107 1610 2134 formam
1627 2115 1725 2142 corpo-

939 2150 978 2176 ris
999 2149 1073 2177 illius
1094 2150 1269 2184 tradiderint,
1292 2160 1374 2187 quam
1399 2153 1476 2181 hisce
1502 2153 1595 2182 verbis
1618 2153 1724 2181 descri-

904 2200 926 2228 ι)
940 2203 1018 2232 psere
1029 2205 1036 2223 :

939 2252 1027 2290 Dupla
1042 2254 1133 2288 quippe
1148 2258 1185 2280 est
1201 2254 1254 2288 fere
1266 2255 1363 2289 aquila:
1381 2256 1574 2290 magnitudine.

935 2288 994 2324 Alis
1011 2294 1098 2315 autem
1114 2289 1205 2319 curiis.
1221 2288 1298 2324 atque
1309 2288 1452 2324 coloribus,

938 2323 1039 2357 Corpus
1052 2324 1092 2350 illi
1097 2333 1125 2350 ns
1144 2323 1347 2352 interscribitur.

939 2358 1034 2385 Pectus
1047 2367 1105 2386 vero
1120 2359 1191 2385 illius
1206 2367 1365 2393 purpureum
1380 2361 1454 2387 nitet.

938 2393 1026 2431 Qrura
1039 2395 1143 2429 signata
1156 2403 1188 2421 ea:
1202 2396 1287 2426 milia,
1308 2401 1333 2422 et
1349 2397 1419 2423 circa
1436 2397 1544 2431 collum,

938 2429 1035 2456 Croceo
1049 2431 1136 2463 pinnae
1149 2430 1241 2456 vellere
1255 2431 1408 2457 decoratur.-

937 2464 1022 2500 Cﬁaput
1038 2465 1094 2500 ejus
1109 2465 1160 2491 diei
1174 2465 1254 2491 cubili
1270 2474 1322 2492 non
1337 2466 1476 2498 dissimile,

937 2499 972 2526 Et
987 2501 1104 2527 melineis
1117 2500 1222 2534 papillis
1238 2501 1420 2529 contuebatur.

938 2534 971 2572 l_t‘_t
984 2535 1054 2572 circa
1065 2543 1109 2561 eas
1126 2535 1299 2572 undequaque
1309 2537 1385 2569 quasi
1402 2545 1493 2564 caecus
1509 2537 1716 2572 diﬂ’unaebatur.

937 2568 1077 2607 galliaque
1092 2570 1246 2607 animalium
1262 2568 1319 2597 erat
1334 2572 1443 2605 pulchra
1457 2581 1515 2599 vuce
1530 2568 1651 2607 inferior.

936 2603 991 2639 Rex
1006 2605 1085 2639 igitur
1097 2606 1213 2631 omnium
1228 2606 1314 2631 arium
1327 2603 1381 2634 esse
1397 2607 1545 2638 videbatur.

939 2638 972 2665 Ut
986 2639 1136 2674 conjectura
1145 2640 1263 2675 jadicari
1279 2646 1379 2675 potest;
1399 2643 1489 2669 onmia
1505 2643 1574 2670 enim
1598 2645 1719 2673 volatilia

1602 2680 1683 2708 simul

936 2709 1001 2736 Post
1016 2718 1075 2736 eum
1097 2714 1216 2737 contento
1231 2718 1309 2737 cursu
1324 2711 1469 2739 irruebant.
1589 2678 1600 2715 [

935 2745 955 2782 τε
961 2750 969 2771 ι
981 2745 1035 2782 ipse
1049 2750 1110 2772 ante
1124 2754 1213 2782 pinnas
1228 2751 1356 2781 tanquam
1368 2752 1460 2774 taurus
1478 2749 1630 2782 superbiat;

935 2779 1074 2815 Pergebat,
1089 2780 1197 2807 celerem
1214 2779 1333 2816 greséum
1346 2779 1541 2818 volvens'pedis.

971 2835 1050 2864 Hunc
1067 2836 1160 2865 dicunt
1177 2837 1322 2873 unigcnum
1346 2839 1421 2866 nulla
1446 2841 1622 2871 successione
1637 2848 1721 2877 gene-
