1909 3071
180 127 230 154 751

609 124 639 152 S.
660 122 883 152 EUSTATHIUS
899 121 1145 151 ANTIOCHENUS
1161 120 1361 150 EPISCOPUS.

1754 119 1811 147 733

177 185 246 218 rari,
267 185 315 214 sed
329 192 391 213 esse
405 185 518 212 unicum
534 187 561 212 et
581 183 681 216 solum,
696 186 723 209 et
738 182 895 218 quingentis
906 189 968 208 eum

1022 189 1102 216 μενον
1131 181 1248 216 διαδοχῇ,
1272 179 1327 206 ἀλλ’
1348 178 1478 214 ὑπάρχειν
1494 177 1558 205 αὐτὸ
1581 176 1744 213 μονώτατον,
1760 177 1810 204 καὶ

177 232 283 259 durare
301 231 391 258 annis.
410 230 490 258 Morti
509 230 660 265 proximus,
677 229 782 256 obitum
798 228 872 256 enim
888 234 970 255 suum

177 278 236 311 ipse
250 277 402 313 praesentit,
420 277 447 305 in
469 276 585 304 sublime
599 274 717 306 delatus,
733 275 819 302 solem
836 273 969 300 orientem

178 323 303 357 intuens,
319 323 439 351 surculis
447 321 594 350 odoriferis
605 321 742 348 construit
754 320 859 351 nidum,
871 318 969 346 deinde

179 370 272 397 aeolis
293 369 377 396 radiis
393 373 467 395 totus
485 371 633 399 crematur,
658 371 684 394 et
701 368 728 394 in
752 366 890 401 pulverem
907 371 969 390 om-

181 416 247 443 nino
257 416 420 447 resolvitur;
436 423 469 442 ex
490 414 600 450 pulvere
622 413 720 440 deinde
742 411 907 440 vermiculus
920 418 969 438 na-

182 461 278 494 scitur,
294 460 356 488 inde
370 460 462 495 pullus
478 460 637 495 primusque
653 459 775 494 pllmnix.

216 593 314 629 Aquila
329 593 355 620 in
371 593 521 620 educandis
536 593 631 620 liberis
647 591 829 627 iniustissima
849 594 911 623 est;
927 591 969 618 bi-

181 647 232 667 nos
245 640 333 674 pullos
347 639 478 670 excludit,
491 647 607 674 quorum
623 639 738 666 alterum
759 637 811 665 sibi
829 637 968 668 conciliat,

181 686 297 712 alterum
319 685 422 711 alarum
438 685 535 712 ictibus
550 684 625 719 fugat
645 688 672 711 et
689 684 811 718 expellit,
829 683 919 710 labore
942 686 970 710 et

181 731 272 762 taedio,
289 734 317 757 ut
331 730 416 760 aiunt.
433 729 588 762 nutriendi;
615 729 663 757 sed
680 736 762 764 quam
779 732 879 756 vocant
897 728 969 755 ossi-

181 777 268 812 fraga,
289 782 317 803 ut
331 776 420 804 ferunt
445 777 561 810 ejectum
584 776 795 811 abdicatumque
817 775 918 810 excipit
942 778 970 802 et

181 822 280 850 educat
295 829 357 849 cum
374 822 441 850 suis.
457 821 556 849 Verum
569 822 614 849 ubi
632 822 735 857 pullum
757 822 848 858 aquila
863 821 968 849 enutri-

1021 227 1069 262 ἐτη
1085 227 1134 263 ζῇν
1149 226 1322 254 πεντακόσια.
1333 226 1388 252 Καὶ
1402 227 1430 252 ἐν
1447 225 1534 260 καιρῷ
1549 225 1595 252 τοῦ
1618 223 1725 260 μέλλειν
1742 224 1810 251 αὐτὸ

1020 273 1147 308 τελευτᾷν
1171 271 1396 308 (προαισθάνεται
1417 270 1470 306 γὰρ
1493 271 1542 306 τὴν
1564 270 1742 306 ἁποόίωσιν),
1764 271 1807 305 ἐφ’

1020 319 1122 355 ὑψηλοῦ
1138 319 1209 350 τινὸς
1220 319 1302 345 τόπου
1310 318 1517 352 ἐστοχασμένος,
1529 317 1599 344 κατὰ
1614 317 1664 352 τὴν
1675 316 1808 352 ἀνατολὴν

1019 366 1066 393 τοῦ
1084 366 1171 402 ἡλίου,
1193 365 1222 398 ἐξ
1246 365 1429 402 ἁρωματικῶν
1448 365 1592 400 φρυγάνων
1614 363 1807 399 συμπηγνύναι

1018 412 1068 448 τὴν
1083 412 1190 445 καλιὰν,
1205 412 1320 439 κᾶπειτα
1331 412 1384 438 ὑπὸ
1397 411 1445 447 τῆς
1467 411 1574 442 ἀκτῖνος
1585 409 1807 442 ὁλοκαυτίζεσθαι

1019 459 1066 484 τοῦ
1081 458 1168 493 ἡλίου,
1183 458 1230 484 καὶ
1244 459 1283 489 εἰς
1303 457 1376 483 κόνιν
1393 455 1530 487 παντελῶς
1549 455 1730 482 ἀναλύεσθαι·
1749 453 1809 481 εἶτα

1020 504 1051 530 ὲκ
1068 503 1117 538 τῆς
1131 503 1231 534 κόνεως
1243 502 1370 537 σκώληκα
1387 501 1538 536 γίγνεσθαι,
1554 501 1601 528 καὶ
1620 502 1652 527 ὲκ
1670 500 1717 526 τοῦ
1736 499 1808 526 σκώ-

1019 548 1101 584 ληκος
1117 549 1157 579 εἰς
1173 548 1217 574 τὸν
1232 547 1339 583 πρῶτον
1353 548 1460 582 φοίνικα
1478 546 1701 583 μεταϐάλλεσθαι.

1061 594 1090 619 '0
1106 593 1133 620 δὲ
1143 594 1221 625 ἀετὸς
1235 593 1298 628 περὶ
1314 593 1362 628 τὴν
1371 593 1524 628 ἀνατροφὴν
1536 592 1590 619 τῶν
1606 592 1722 619 νεοττῶν
1735 593 1809 619 ἐστιν

1020 638 1199 670 ἀδικώτατος·
1227 639 1272 666 δύο
1296 639 1351 675 γὰρ
1375 640 1499 675 ποιήσας,
1523 639 1567 666 τὸν
1588 639 1638 674 μὲν
1655 639 1749 674 ἕτερον
1767 640 1807 665 οἰ-

1020 684 1151 715 κειοῦται,
1177 684 1222 710 τὸν
1236 685 1263 710 δε
1282 685 1374 720 ἕτερον
1393 685 1529 720 μαστίζων
1547 687 1603 716 τοῖς
1618 688 1728 721 πτεροῖς
1740 687 1808 712 ἀπο-

1020 731 1170 766 πέμπεται,
1184 730 1227 757 διὰ
1245 731 1295 766 τῆς
1314 732 1425 767 τροφῆς.
1442 731 1480 763 ὡς
1490 731 1565 765 φασὶ,
1579 732 1609 758 τὸ
1620 733 1757 760 ἐπίπονον.
1777 735 1809 761 Ἡ

1018 777 1047 803 δὲ
1064 777 1146 812 φήνη,
1168 777 1213 804 τὸν
1233 777 1435 812 ἁποποιηθέντα
1457 777 1607 813 δεξαμένη,
1621 779 1678 810 τοῖς
1697 780 1809 812 οἰκείοις

1021 822 1077 858 ἃμα
1108 823 1235 858 ἐκτρέφει
1259 825 1387 855 νεοσσοῖς.
1415 823 1523 859 Θρὲψας
1551 824 1580 850 δὲ
1604 823 1650 850 τὸν
1665 825 1773 852 νεοττὸν
1796 827 1810 852 ὁ

180 868 426 903 vitapprehensum
445 869 536 895 volatu
554 867 581 894 in
601 868 745 895 sublimem
761 875 851 894 aerem
867 865 967 897 defert,

1021 868 1108 899 ἀετὸς,
1127 868 1297 901 συνίπταται,
1309 869 1390 895 αὐτὸν
1402 869 1468 904 πρὸς
1483 869 1527 895 τὸν
1538 869 1634 904 αἰθέρα
1646 869 1806 905 λαμῧὰνων·

180 918 208 942 et
219 915 310 942 sieum
322 915 453 942 adversus
469 914 534 941 solis
549 914 641 941 radios
653 913 730 940 ﬁrma
744 914 802 940 acie
813 913 963 940 intuentem

180 960 365 995 conspexerit,
381 963 409 987 et
423 967 487 987 aera
503 961 601 995 pennis
618 960 750 986 audacter
765 963 913 989 secantem.
929 958 969 986 uti

180 1007 327 1041 gcnuinum
343 1007 391 1033 alit
406 1006 540 1036 fovendo:
561 1006 584 1033 si
598 1008 788 1034 conniventem
806 1006 969 1033 humectan-

180 1055 288 1087 temque
309 1052 539 1084 animadverterit,
561 1052 601 1079 uti
618 1052 802 1080 adulterinum
820 1056 902 1086 atque
922 1051 970 1078 de-

179 1105 306 1133 generem
320 1099 442 1134 expellit.

217 1143 319 1172 Ferunt
342 1145 460 1180 aquilam
478 1144 556 1172 senio
571 1145 724 1172 confectam
745 1144 887 1172 oculorum
910 1142 970 1170 acie

180 1189 305 1221 obtundi,
323 1190 435 1225 alasque
459 1190 519 1224 ejus
534 1191 741 1225 ingravescere;
757 1190 820 1216 hinc
835 1196 895 1216 eam
908 1188 969 1215 fon-

179 1241 220 1264 tes
236 1237 410 1272 investigare,
426 1237 585 1272 delatasque
600 1238 628 1264 in
643 1243 734 1264 aerem
748 1236 807 1262 alas
823 1242 838 1261 a
853 1234 911 1261 sole
926 1234 969 1261 in-

179 1290 277 1310 censas
300 1283 389 1314 exuri,
405 1287 431 1311 et
447 1283 537 1310 visum
561 1289 737 1317 recuperare;
762 1279 862 1307 deinde
877 1278 968 1306 subito

180 1329 265 1363 petito
280 1328 364 1360 lonle,
382 1328 494 1355 tertium
515 1327 612 1362 mergi,
633 1330 659 1354 et
677 1325 819 1358 ren0vari;
838 1331 922 1359 quare
941 1327 969 1350 et

179 1374 315 1409 psalmum
331 1374 434 1401 dixisse
451 1373 562 1400 tradunt
577 1382 584 1400 :
600 1371 776 1399 Renorabitur
789 1371 857 1398 sicut
870 1369 967 1406 aquin

175 1420 299 1454 juventus
313 1424 358 1447 tua
371 1420 403 1447 ".

214 1519 314 1548 Vultur
328 1524 408 1548 vento
432 1520 562 1555 concipit,
585 1527 673 1555 neque
692 1527 754 1547 cum
777 1519 846 1546 mari
863 1526 965 1555 corpus

178 1566 349 1599 commiscet,
365 1566 486 1600 vivitque
503 1566 582 1592 annis
602 1570 729 1596 centum;
749 1565 776 1591 in
791 1565 907 1592 excelsis
922 1568 966 1591 at-

178 1619 232 1648 que
244 1612 307 1640 altis
322 1612 436 1647 rupibus
453 1615 604 1647 pernoctat,
622 1615 649 1639 et
668 1619 748 1639 nemo
761 1611 872 1638 ubinam
888 1610 966 1638 habi-

177 1661 227 1692 tet,
243 1659 387 1694 comperit.
402 1658 451 1686 Ubi
464 1659 630 1693 conceperit,
649 1658 676 1685 in
691 1657 795 1685 lndiam
813 1657 967 1692 proﬁcisci-

177 1706 233 1736 tur,
260 1707 287 1731 et
305 1703 422 1738 lapidem
448 1711 527 1738 quem
551 1707 649 1730 vocant
673 1703 811 1730 eutocium
838 1702 964 1736 suscipit,

177 1757 262 1784 super
277 1757 368 1784 quem,
387 1749 451 1776 dum
467 1749 609 1777 doloribus
629 1753 725 1783 partus
748 1748 899 1779 cruciatur,
923 1755 966 1776 se-

177 1795 223 1822 det
239 1799 266 1822 et
290 1796 371 1830 parit.
400 1795 447 1822 Est
462 1799 552 1822 autem
569 1795 638 1830 lapis
661 1795 706 1822 hic
727 1794 861 1821 rotundus
881 1794 965 1821 veluti

177 1850 245 1874 nux,
269 1846 297 1870 ct
310 1850 371 1870 cum
387 1842 519 1877 quatitur,
538 1842 620 1869 veluti
635 1841 849 1868 tintitmabulum
865 1848 964 1868 sonum

176 1887 243 1919 edit.
257 1888 311 1915 alio
328 1889 355 1915 in
377 1892 455 1915 utero
476 1888 565 1922 lapide
583 1891 709 1915 sonante.
725 1886 809 1914 Aiunt
825 1887 965 1914 vulturem

177 1942 256 1962 rosea
271 1939 408 1970 unguenta
421 1934 565 1961 odoratum
591 1933 722 1967 interimi,
747 1942 838 1969 neque
854 1934 965 1966 semini,

177 1989 267 2016 neque
293 1982 392 2008 viventi
409 1988 471 2008 esse
497 1980 691 2015 perniciosum,
709 1979 757 2007 sed
775 1984 802 2007 et
826 1983 965 2006 mortuum

177 2034 259 2054 omne
278 2027 387 2054 volatile
408 2030 520 2062 propter
544 2026 701 2053 aﬂinitatem
720 2026 878 2053 abhorrere.
896 2026 965 2052 Cum

177 2079 244 2101 vero
261 2072 385 2100 homines
402 2073 430 2099 in
447 2073 533 2100 aciem
552 2073 738 2104 instruuntur,
757 2073 892 2107 sequitur,
914 2079 966 2100 nec

177 2119 213 2148 ab
228 2119 295 2152 illis,
311 2119 435 2146 carnium
450 2119 520 2147 edax
535 2127 597 2147 cum
619 2120 664 2152 sit,
681 2119 858 2155 disiungitur.

1022 914 1068 940 καί¹
1083 915 1106 940 εἰ
1117 914 1238 941 θεάσοιτο
1251 914 1318 950 πρὸς
1329 914 1376 949 τὴν
1385 915 1562 950 λαμπρότητα
1576 915 1622 941 τοῦ
1640 915 1716 951 ἡλίου
1728 917 1809 944 αὑτὸν

1020 960 1217 995 όξυοπήσαντα,
1243 962 1289 987 καὶ
1301 961 1438 996 εὐτόλμως
1458 962 1503 988 τὸν
1519 962 1587 998 ἀέρα
1601 962 1807 998 διανηχόμενον,

1019 1006 1055 1037 ὡς
1071 1007 1168 1032 οἰκεῖον
1182 1008 1361 1042 περιποιεῖται
1371 1015 1378 1022 ⁸
1394 1008 1418 1033 εἰ
1435 1007 1462 1034 δὲ
1478 1007 1570 1035 ἄτονον
1582 1007 1650 1044 πρὸς
1659 1009 1758 1043 ταῦτα,
1770 1010 1808 1042 ὡς

1020 1052 1096 1078 νόθον
1111 1052 1268 1079 ἀποϐάλλει.

1053 1141 1122 1168 Φασὶ
1136 1140 1191 1177 γὰρ
1202 1141 1363 1177 γηράσαντα
1387 1142 1433 1169 τὸν
1450 1142 1527 1169 ἀετὸν
1553 1144 1745 1181 ἀμαυροῦσθαι
1759 1145 1809 1177 τὰς

1019 1187 1104 1221 ὄψεις,
1131 1188 1178 1214 καὶ
1200 1188 1341 1224 βαρεῖσθαι
1366 1188 1447 1216 αὐτοῦ
1465 1190 1515 1221 τὰς
1537 1191 1686 1226 πτέρυγας.
1702 1192 1749 1218 καὶ
1767 1193 1808 1223 εἰς

1019 1234 1110 1270 πηγὴν
1141 1235 1322 1268 ἀφικνεῖσθαι,
1347 1236 1395 1262 καὶ
1412 1236 1451 1267 εἰς
1464 1236 1510 1262 τὸν
1530 1236 1626 1271 αἰθέρα
1657 1238 1809 1273 ἀνιπτάμε-

1019 1289 1073 1312 νον,
1089 1280 1142 1306 ὑπὸ
1157 1280 1202 1307 τοῦ
1215 1281 1290 1316 ἡλίου
1303 1281 1352 1313 τὰς
1364 1282 1501 1317 πτέρυγας
1517 1283 1744 1317 καταφλέγεσθαι,
1761 1284 1809 1311 καὶ

1019 1327 1196 1359 ἀναϐλέπειν,
1223 1325 1271 1354 εἰτ’
1299 1328 1380 1360 εὐθὺς
1399 1329 1445 1354 ἐπὶ
1465 1328 1514 1364 τὴν
1536 1329 1626 1365 πηγὴν
1649 1330 1809 1358 καταϐάντα

1017 1373 1108 1408 τρίτον
1136 1372 1324 1408 βαπτίζεσθαι,
1349 1374 1394 1400 καὶ
1416 1373 1608 1400 ἀνανεοῦσθαι·
1633 1366 1673 1401 διὸ
1694 1376 1742 1402 καὶ
1762 1376 1809 1403 τὸν

1017 1418 1123 1453 ψαλμὸν
1132 1418 1246 1453 φάσκειν
1258 1419 1348 1453 φασίν·
1365 1419 1657 1454 Ἀνακαινισθήσεται
1667 1421 1709 1454 ὡς
1718 1422 1809 1449 ἀετοῦ

1019 1465 1038 1498 ἡ
1055 1464 1162 1498 νεότης
1180 1473 1249 1491 σου.

1064 1510 1092 1537 '0
1107 1511 1135 1537 δὲ
1151 1511 1205 1545 γὺψ
1227 1511 1374 1547 ὑπηνέμιον
1391 1511 1440 1547 τὴν
1455 1512 1536 1548 γονὴν
1555 1512 1695 1548 κέκτηται,
1713 1514 1760 1540 καὶ
1776 1515 1809 1541 οὐ

1018 1556 1297 1591 γινώσκεισυνουσίαν
1312 1558 1435 1594 ἄρρενος,
1445 1559 1491 1584 καὶ
1505 1559 1601 1585 ἑκατὸν
1615 1559 1649 1586 τὰ
1667 1559 1716 1595 ἔτη
1742 1559 1809 1595 βιοῖ.

1018 1603 1162 1635 Λὺλὶζεται
1191 1603 1220 1630 δὲ
1248 1604 1293 1630 ἐπὶ
1309 1603 1362 1630 τῶν
1379 1604 1497 1639 ὑψηλῶν,
1524 1606 1570 1632 καὶ
1586 1605 1742 1642 μετεώρων,
1761 1607 1810 1634 καὶ

1017 1649 1105 1680 οὐδεὶς
1128 1647 1182 1677 οἶδε
1213 1649 1266 1676 ποῦ
1289 1651 1362 1676 ποιεῖ
1381 1650 1430 1686 τὴν
1446 1651 1614 1686 κατοίκησιν.
1636 1652 1692 1678 Καὶ
1709 1653 1810 1687 ἔγγυος

1017 1695 1160 1730 γενόμενος
1176 1695 1321 1730 πορεύεται
1335 1697 1375 1727 εἰς
1390 1696 1439 1732 τὴν
1456 1696 1580 1732 Ἰνδικὴν,
1598 1697 1646 1724 καὶ
1660 1697 1751 1724 λαϐὼν
1761 1699 1810 1725 τὸν

1018 1741 1138 1767 εὐτόκιον
1155 1740 1227 1767 λίθον
1239 1741 1308 1767 οὕτω
1325 1741 1500 1777 καλούμενον,
1519 1743 1609 1769 ἐπάνω
1632 1742 1716 1769 αὑτοῦ
1731 1743 1812 1770 καθέ-

1017 1785 1092 1817 ζεται
1109 1786 1286 1822 συνεχόμενος
1308 1786 1394 1817 ὠδῖσι,
1416 1786 1463 1813 καὶ
1481 1787 1630 1814 ἀποτίκτει.
1655 1788 1734 1814 Ἔστι
1753 1788 1782 1814 δὲ
1795 1789 1810 1814 ὁ

1017 1831 1090 1862 λίθος
1116 1830 1267 1867 περιφερὴς
1298 1831 1335 1863 ὡς
1363 1832 1474 1867 κάρυον,
1499 1833 1545 1859 καὶ
1568 1832 1726 1868 κινούμενος
1741 1832 1811 1869 ἦχον

1017 1877 1153 1912 ἐκπέμπει
1178 1877 1215 1908 ὡς
1234 1877 1337 1910 κώδων,
1361 1877 1465 1905 ἔνδοθεν
1479 1878 1571 1914 ἑτέρου
1592 1879 1666 1906 λίθου
1678 1881 1810 1916 κινουμέα

1017 1931 1074 1949 νου.
1091 1924 1159 1950 Φασὶ
1178 1924 1207 1950 δὲ
1231 1924 1276 1950 τὸν
1299 1924 1373 1959 γῦπα
1393 1924 1427 1952 τὰ
1449 1925 1540 1960 psam
1566 1925 1640 1960 μύρα
1660 1926 1810 1962 χρισθέντα

1017 1969 1216 2005 ἀποθνήσκειν·
1230 1971 1374 2006 σπέρματα
1390 1971 1418 1997 δὲ
1435 1971 1472 2007 μὴ
1487 1970 1615 2005 βλάπτειν
1626 1971 1719 2004 αὑτὸν,
1738 1972 1808 2007 μηδὲ

1015 2023 1042 2041 τι
1057 2015 1175 2051 ἔμψυχον
1190 2015 1420 2051 διαλυμαίνεσθαι,
1436 2017 1483 2043 καὶ
1500 2017 1566 2053 μηδὲ
1580 2017 1671 2052 νεκρῷ
1686 2019 1807 2055 προσὲρ-

1016 2061 1111 2096 χεσθαι
1125 2062 1239 2097 πετεινῷ
1247 2062 1290 2089 διὰ
1298 2062 1346 2098 τὴν
1362 2063 1531 2097 συγγένειαν.
1552 2063 1647 2090 Ὴνίκα
1659 2063 1699 2096 δὲ,
1712 2064 1806 2098 φασὶν,

1016 2106 1112 2142 ἄνδρες
1127 2108 1167 2139 εἰς
1181 2107 1298 2142 πόλεμον
1319 2108 1548 2142 παρατάσσονται,
1563 2108 1743 2135 ἐπακολουθεῖ
1757 2110 1807 2136 αὺ-

1015 2154 1082 2185 τοῖς,
1097 2153 1144 2180 καὶ
1158 2154 1208 2180 οὑκ
1223 2154 1380 2188 ἀφίσταται,
1397 2155 1562 2190 σαρκοδόρος
1575 2154 1622 2181 ὧν.

212 2210 333 2239 Ciconite
350 2218 488 2238 consensu
512 2218 566 2238 uno
581 2215 607 2238 et
622 2210 738 2237 veniunt
754 2215 781 2237 et
797 2209 962 2243 discedunt;

1052 2201 1084 2226 Οἰ
1094 2200 1123 2226 δὲ
1137 2200 1268 2236 πελαργοὶ
1285 2200 1331 2227 καὶ
1347 2200 1387 2226 ἑνὶ
1401 2200 1562 2236 ἐπιδημοῦσι
1577 2200 1742 2236 συνθήματι,
1759 2202 1807 2228 καὶ

177 2258 226 2286 has
242 2257 462 2286 concomilantur
479 2257 644 2287 coturnices.
669 2261 705 2288 et,
722 2260 752 2283 ut
766 2264 815 2292 par
831 2261 883 2289 est,
901 2263 963 2283 cum

175 2305 231 2334 illis
252 2304 350 2332 avibus
377 2303 492 2331 infensis
517 2303 598 2331 simul
626 2303 695 2330 bella
722 2306 836 2338 gerunt;
864 2301 965 2331 saucia:

174 2351 276 2379 etenim
289 2352 475 2377 revertuntur.
489 2349 609 2376 Ciconize
621 2347 647 2375 in
660 2352 769 2376 senecta
781 2355 875 2382 pennae
889 2347 965 2375 exci-

174 2398 254 2431 dunt,
269 2400 297 2425 et
319 2396 366 2424 ﬁlii
391 2396 506 2424 suismet
528 2395 580 2423 alis
600 2395 799 2422 circumdatam
817 2394 920 2425 fovent,
938 2396 965 2420 et

174 2444 268 2472 cibum
297 2443 408 2471 abunde
434 2443 561 2477 Lauteque
586 2441 816 2474 subministrant;
844 2440 870 2467 in
903 2440 964 2474 ipso

173 2491 239 2518 item
252 2490 345 2517 volatu
363 2489 465 2518 sensim
486 2489 617 2524 utrinque
630 2496 691 2516 eam
706 2488 882 2516 sublevantes
899 2487 962 2520 alis,

171 2535 328 2565 subsidium
346 2535 384 2562 illi
400 2538 542 2570 prxstant.

211 2667 299 2697 Grues
313 2668 395 2696 sintut
412 2675 509 2696 omnes
524 2675 602 2704 aequa
623 2667 727 2695 ratione
743 2667 853 2700 volant;
877 2667 963 2702 agmi-

176 2714 220 2742 nis
235 2715 290 2742 dux
306 2718 334 2742 et
349 2714 494 2750 praefectus
508 2723 562 2742 una
579 2722 674 2742 earum
691 2717 743 2747 est,
757 2721 818 2748 qum
833 2713 879 2741 ubi
895 2721 964 2748 pra:-

176 2760 281 2794 scripto
292 2764 412 2795 tempore
421 2760 510 2794 duxit,
523 2760 549 2788 in
565 2764 716 2789 extremum
729 2759 844 2796 agminis
857 2759 962 2791 abiens,

214 2846 236 2863 ¹¹¹
248 2844 324 2874 Ριαί.
335 2854 382 2881 cn,
396 2847 422 2873 Β.

1016 2247 1054 2273 ἐνὶ
1071 2245 1228 2282 ἀπαίρουσι.
1252 2245 1447 2281 Προπέμπουσί
1466 2255 1496 2272 τε
1511 2246 1608 2278 αὐτοὺς
1627 2247 1656 2272 αἱ
1674 2247 1805 2282 κορῶναι,

1015 2292 1072 2324 καὶ,
1089 2291 1127 2323 ὡς
1143 2292 1225 2323 εἰκὸς,
1245 2291 1430 2328 συμμαχοῦσιν
1445 2292 1536 2324 αὐτοῖς
1552 2293 1620 2327 πρός
1634 2301 1711 2324 τινας
1725 2293 1805 2320 πολε-

1017 2340 1093 2376 μίους
1118 2338 1241 2375 δρνιθας’
1267 2339 1531 2374 τετραυματισμέναι
1557 2339 1611 2375 γὰρ
1637 2341 1806 2376 ἐπανέρχον-

1014 2394 1070 2412 ται.
1094 2386 1157 2412 Ἑάν
1180 2385 1208 2411 δὲ
1229 2384 1337 2421 γηράσῃ
1359 2386 1372 2411 ό
1394 2385 1540 2420 πελαργὸς,
1561 2387 1735 2422 πτερορρυεῖ,
1758 2388 1805 2413 καὶ

1014 2433 1048 2460 τὰ
1074 2432 1157 2459 τέκνα
1174 2431 1255 2458 αὐτοῦ
1287 2431 1454 2466 περιστάντα
1475 2432 1532 2463 τοῖς
1556 2431 1666 2463 οἰκείοις
1694 2434 1806 2470 πτεροξ

1015 2478 1220 2515 περιθάλπουσι,
1239 2477 1285 2505 καὶ
1300 2477 1350 2509 τὰς
1362 2477 1465 2513 τροφὰς
1479 2477 1604 2512 ἀφθόνως
1617 2479 1803 2514 παρέχουσιν·

1015 2526 1042 2552 ὲν
1059 2526 1086 2552 δὲ
1101 2526 1134 2560 τῇ
1160 2526 1257 2561 πτήσει
1283 2523 1458 2551 ὑποκάτωθεν
1475 2524 1556 2550 αὑτὸν
1572 2524 1802 2558 ὑποϐαστάζουσι,

1014 2571 1129 2603 καὶτοῖς
1147 2571 1222 2602 ἰδίοις
1245 2572 1353 2606 πτεροῖς
1372 2570 1463 2607 ἡρέμα
1478 2571 1558 2597 αὑτὸν
1575 2571 1803 2606 ὑποκουφίζουσιν

1014 2618 1094 2645 ἑκατέ
1098 2617 1152 2653 ρωθ
1156 2626 1193 2644 εν.
1663 2643 1666 2646 λ

1049 2664 1082 2690 Αἰ
1096 2662 1124 2688 δὲ
1140 2662 1248 2698 γέρανοι
1269 2661 1336 2697 όμοῦ
1359 2663 1443 2689 πᾶσαι
1461 2663 1490 2696 ἐξ
1511 2662 1567 2690 ἴσου
1588 2663 1727 2696 [πτανταιη
1754 2662 1803 2698 μία

1013 2709 1042 2736 δὲ
1053 2709 1213 2744 προηγεῖται
1226 2708 1325 2741 αὐτῶν,
1348 2708 1396 2735 καὶ
1418 2709 1516 2735 τακτόν
1536 2717 1596 2736 τινα
1608 2709 1706 2746 χρόνον
1718 2719 1801 2747 προη-

1005 2753 1158 2790 ’χησαμένη
1172 2754 1211 2786 εἰς
1234 2754 1263 2780 τὸ
1279 2753 1393 2782 κατόπιν
1410 2753 1587 2791 περιελθοῦσα
1599 2756 1632 2791 τῇ
1644 2755 1704 2791 μετ’
1718 2755 1799 2792 αὐτὴν
