1909 3071
104 137 156 166 733

570 137 747 166 SPURIA.—
763 138 940 168 COMMENT.
960 139 992 167 IN
1013 139 1256 169 llEXAEMERON.

1669 143 1722 172 736

103 196 152 232 τὴν
166 196 315 231 ἠγεμονίαν
327 195 376 231 τῆς
387 195 448 223 ὀδοῦ
463 195 653 232 παραδίδωσιν.
675 197 718 223 Ἐν
734 197 762 224 δὲ
777 197 816 233 τῷ
828 198 878 224 καθ

945 199 1039 234 primae
1061 203 1122 235 post
1141 207 1170 228 se
1182 199 1334 227 ducendum
1357 207 1452 235 agmen
1471 200 1625 228 committit.
1650 201 1720 229 Dum

104 242 192 270 εύδειν
212 243 229 278 ἡ
247 242 296 277 μία
312 242 375 274 ὅλας
399 241 571 278 περιέρχεται
596 243 818 279 ἀσφαλιζομὲνη*
843 245 891 271 καὶ¹

103 290 214 318 ἐπειδὰν
229 290 259 317 τὸ
275 291 372 326 μέτρον
392 290 424 316 τὸ
438 290 538 326 ἀρκοῦν
549 290 595 317 τοῦ
619 290 801 326 διαστήματος
820 291 890 328 πλη-

106 336 218 372 ρώσασα
236 335 330 372 βοήσῃ,
343 335 409 372 πρὸς
417 334 500 362 ὕπνον
514 335 653 370 τρέπεται,
666 336 713 362 καὶ
726 336 792 371 ἄλλη
809 335 890 363 πάλιν

102 381 257 416 διαδέχεται
269 381 318 417 τὴν
331 381 458 416 τοιαύτην
475 381 636 416 ὑπηρεσίαν.

137 427 175 454 Τὸ
196 427 226 454 δὲ
255 427 308 453 τῶν
332 426 422 462 χηνῶν
437 427 513 460 γένος
530 427 646 462 ὑπάρχει
669 426 816 462 ἄγρυπνον,
840 427 887 454 καὶ

101 469 231 506 ὀξυήκοον
248 470 351 505 ταχέως
366 469 418 496 τῶν
426 470 589 506 προσιόντων
605 470 709 503 ἁπλῶς,
724 471 740 506 ἢ
756 471 810 497 τῶν
830 473 888 498 ἐπι-

100 517 204 543 ϐούλων
210 516 260 551 τὴν
268 516 360 550 ἔφοδον
370 516 560 551 αἰσθανομένη.
575 517 668 549 Οὕτως
679 516 743 550 γοῦν
751 517 887 552 πολεμίων

98 562 180 589 τινῶν
192 563 226 589 δι’
245 562 385 597 ὑπονόμων
401 562 563 592 ὑποδύντων,
591 562 637 588 καὶ
664 562 814 597 μελλόντων
831 571 888 598 χει-

98 608 215 644 ροῦσθαι
237 607 345 643 Ῥώμην
359 608 409 644 τὴν
438 607 626 643 μεγαλόπολιν,
643 605 714 635 οὗτοι
738 610 771 644 τῇ
785 610 886 644 φυσικῇ

95 653 210 689 ὀξύτητι
241 654 290 688 τῆς
318 654 467 688 αἰσθήσεως
496 653 707 689 περιεσώσαντο,
738 655 771 689 τῇ
799 653 886 690 ἀθρόᾳ

97 700 174 734 φωνῇ
189 699 352 734 παραδόντες
363 699 425 730 τοὺς
440 698 600 731 ὲπιδούλους
615 701 670 731 τοῖς
685 699 811 734 φύλαξιν.

138 744 260 771 ’Δλκυών
273 745 331 771 ἐστι
345 744 484 771 θαλάττιον
495 744 597 780 ὄρνεον,
608 744 654 771 καὶ
669 744 744 780 παρὰ
760 745 823 776 τοὺς
835 744 885 779 τῆς

97 790 235 826 Θαλάττης
249 790 369 817 νοσσεύει
388 790 536 825 αἰγιαλοὺς,
547 790 593 817 τοῦ
606 790 737 826 χειμῶνος
754 791 884 826 μεσάζον-

96 846 154 869 τος.
168 837 252 864 Ὀταν
261 835 307 864 οὖν
319 837 483 873 ὲπωάζηται,
494 837 518 863 oi
534 837 580 872 μὲν
594 837 688 872 ἄνεμοι
705 836 882 872 κοιμίζονται,

97 885 114 918 ἠ
124 884 152 910 δὲ
163 883 281 910 θάλαττα
295 884 414 919 γαλήνην
438 883 493 919 ἔχει
520 883 663 919 σταθερὰν,
681 883 760 919 ἄχρις
771 883 883 919 ἡμερῶν
900 874 920 902 Β

97 929 178 961 ἑπτὰ,
192 930 223 956 τὸ
237 930 300 962 πρὶν
315 930 422 965 ἀνέμων
439 929 559 965 σφοδρῶν
573 929 759 965 ταραττόντων
775 930 824 965 τὴν
839 929 886 955 θά-

96 975 206 1002 λατταν.
230 976 353 1002 Ἐπειδὰν
368 973 414 1002 οὖν
437 975 589 1012 περιγλύψῃ
607 975 669 1007 τοὺς
690 975 812 1006 νεοττοὺς
834 975 885 1001 πά-

96 1020 137 1047 λιν
148 1020 231 1052 ἄλλας
252 1020 321 1047 ἑπτὰ
345 1021 459 1057 ἡμέρας,
472 1022 485 1047 ὁ
499 1021 564 1053 Θεὸς
581 1020 710 1057 νηνεμίαν
726 1020 882 1056 παρέχεται,

95 1067 149 1100 Eu;
160 1067 284 1104 ἐκθρέψῃ
295 1067 358 1099 τοὺς
369 1068 504 1100 νεοττούς.

130 1114 244 1150 Δολερὸν
259 1116 273 1141 ὁ
290 1114 392 1150 πέρδιξ,
407 1115 453 1141 καὶ⁸
468 1113 632 1150 ζηλότυπον,
648 1114 695 1140 καὶ
719 1113 882 1149 κακοῦργον,

98 1160 282 1194 συμπράττων
297 1161 353 1192 τοῖς
375 1160 518 1196 θηρευταῖς
533 1160 600 1195 πρὸς
612 1159 660 1195 τὴν
676 1159 773 1195 ἄγραν.
795 1159 882 1185 Ἀλλό-

97 1213 159 1241 cpta
183 1205 212 1232 δὲ
229 1205 352 1232 κλέπτων
377 1206 417 1232 ὼὰ
435 1206 602 1237 νοσσοποιεῖ,
625 1206 669 1232 καὶ
686 1205 846 1240 αὐξηθέντες
858 1206 882 1232 οἱ

97 1251 208 1283 νεοττοὶ,
227 1251 341 1282 ἕκαστος
356 1251 425 1278 κατὰ
441 1251 518 1285 γένος
537 1251 605 1286 πρὸς
620 1251 682 1282 τοὺς
695 1251 809 1282 οἰκείους
826 1250 882 1277 ἀνί-

94 1306 205 1329 πταται,
220 1298 266 1324 καὶ
279 1297 379 1333 ἔρημον
395 1297 474 1324 αὐτὸν
495 1297 755 1332 καταλιμπάνουσιν.

128 1343 236 1378 Λάγνον
252 1343 408 1378 περιστερὰ.
428 1343 505 1370 Ἔστι
521 1343 549 1369 δὲ
568 1343 674 1379 δένδρον
690 1344 718 1369 ὲν
734 1344 766 1378 τῇ
784 1342 880 1378 Ἰνδικῇ

94 1389 261 1423 καλούμενον
281 1388 440 1424 περιδέξιον,
461 1389 569 1422 γλυκεῖς
585 1389 665 1424 φέρον
685 1389 818 1424 καρποὺς,
835 1389 881 1415 καὶ

93 1435 181 1470 τούτῳ
199 1435 227 1461 αἱ
251 1435 409 1470 περιστεραὶ
422 1434 578 1471 τέρπονται,
596 1435 642 1460 καὶ
666 1434 880 1470 καταεκηνοῦσιν

95 1481 137 1507 ἐπ’
153 1479 246 1507 αὑτοῦ.
258 1479 335 1506 Ἐστι
345 1480 373 1506 δὲ
389 1481 402 1506 ό
412 1480 518 1515 δράκων
530 1480 626 1515 ὲχθρος
641 1479 690 1514 τῆς
705 1480 877 1515 περιστερᾶς,

93 1526 140 1552 καὶ
154 1525 282 1557 δεδοικὼς
293 1525 324 1552 τὸ
336 1525 441 1560 δένδρον
456 1525 505 1572 oin:
518 1525 678 1572 επέρχεταις
697 1526 736 1572 εἰς
754 1522 809 1552 οἷον
825 1524 879 1572 γὰρ
893 1544 913 1572 c

94 1571 180 1606 μέρος
201 1570 249 1596 τοῦ
262 1570 371 1606 δένδρου
388 1571 404 1606 ή
421 1570 484 1597 σκιὰ
500 1570 622 1605 γένηται,
637 1571 650 1596 ό
666 1571 772 1606 δράκων
786 1570 880 1605 φεύγει

92 1616 269 1651 φοϐούμενος.
286 1617 318 1643 Αἱ
337 1616 365 1642 δὲ
389 1617 550 1652 περιστεραὶ
578 1618 616 1648 εἰς
630 1617 659 1643 τὺ
682 1616 771 1647 κλίτος
793 1617 881 1642 ἐκεῖνο

90 1663 141 1698 τῆς
153 1663 233 1694 σκιᾶς
245 1662 434 1697 μεθίστανται’
451 1662 497 1688 ἐὰν
505 1661 559 1698 γὰρ
570 1662 724 1697 χωρισθῶσι
736 1662 785 1697 τῆς
802 1662 881 1694 σκιᾶς

90 1707 266 1743 ἀναιροῦνται
280 1707 331 1733 ὑπὸ
345 1707 392 1733 τοῦ
406 1706 559 1743 δράκοντος.
573 1708 623 1734 υῖα
639 1707 667 1733 δέ
680 1708 753 1734 ἐστιν
768 1709 784 1743 ἠ
801 1707 881 1741 φύσις

89 1754 140 1789 τῆς
156 1754 319 1789 περιστερᾶς
344 1753 479 1788 θαυμάσαι
492 1754 580 1786 ἄξιον·
596 1754 641 1781 τὸν
655 1753 708 1790 γὰρ
725 1753 834 1789 αὐχένα,
852 1754 880 1779 ὲν

88 1799 216 1835 ἡλιακαῖς
240 1799 476 1834 καταλαμφθέντα,
500 1800 608 1835 μυρίαις
622 1799 774 1835 χρωμάτων
799 1798 880 1830 ἰδέαις

89 1844 295 1879 ποικιλλόμενον
322 1844 451 1876 δείκνυσι,
477 1844 599 1880 φοινικῷ,
621 1844 726 1880 κυανῷ,
745 1844 877 1880 πυρωπῷ,

87 1889 284 1926 ἀνθρακοειδεῑ,
295 1889 376 1925 ὠχρῷ
393 1898 422 1916 τε
438 1890 484 1916 καὶ
500 1889 618 1926 ὲρυθρῷ,
634 1890 680 1917 καὶ
706 1889 795 1922 ἄλλοις
811 1898 880 1916 παν-

87 1936 216 1967 τοδαποῖς
231 1935 367 1972 χρώμασι.

124 1981 283 2008 Φιλὸτεκνον
305 1982 321 2016 ἡ
341 1980 446 2017 κορώνη
469 1981 516 2008 καὶ⁹
539 1982 702 2018 μόνανδρον·
723 1982 879 2018 ἐκθρέψασα

88 2028 147 2064 γὰρ
163 2029 225 2059 τοὺς
233 2028 365 2059 νεοττοὺς,
375 2027 509 2063 κηδομένη
525 2028 613 2054 αὐτῶν
626 2029 656 2054 οὐ
672 2028 787 2055 παύεται
800 2064 802 2066 τ
817 2029 879 2065 τρέ-

88 2081 178 2109 φουσα
192 2073 298 2106 αὐτοὺς,
314 2073 360 2099 καὶ
376 2073 420 2099 ἀεὶ
436 2074 619 2109 συνιπταμένη
635 2075 735 2106 αὐτοῖς.

130 2119 160 2146 '0
187 2118 214 2146 δὲ
240 2118 403 2154 νυκτικόραξ
429 2119 504 2154 φίλον
527 2120 585 2146 ὲστὶ
602 2119 652 2155 τῆς
672 2120 767 2151 νυκτὸς
788 2120 804 2156 ἢ
829 2120 878 2156 τῆς

86 2164 206 2201 ἡμέρας·

940 245 1089 278 dormiunt,
1110 253 1163 273 una
1189 253 1284 273 omnes
1310 245 1480 273 defendendo
1503 246 1647 280 circumit;
1673 247 1720 274 ubi

940 299 1096 320 mensuram
1126 292 1206 326 spatii
1228 292 1319 318 datam
1340 292 1497 326 expleverit,
1523 294 1667 325 acclamat,
1692 297 1720 321 et

939 344 1064 364 somnum
1078 337 1160 371 capit,
1182 340 1209 364 et
1227 337 1279 364 alia
1299 344 1396 364 rursus
1409 337 1591 365 intermissam
1608 339 1720 373 provin-

938 382 1008 409 ciam
1026 381 1207 408 administrat.

973 423 1020 451 Est
1032 429 1058 451 et
1070 425 1160 452 anseri
1172 425 1234 460 vigil
1249 433 1324 456 cura.
1343 429 1369 452 et
1382 426 1458 453 velox
1471 427 1596 454 audiendi
1608 435 1717 461 sensus,

937 469 976 496 ita
991 474 1020 496 ut
1035 470 1075 497 vel
1090 471 1177 497 solum
1194 471 1335 504 adeuntes,
1359 472 1433 506 ipsos
1447 472 1527 498 etiam
1548 473 1721 503 insidiatores

938 515 1083 548 irruentes,
1098 515 1318 550 deprehendant;
1336 517 1388 542 hae
1411 516 1494 551 igitur
1509 517 1615 545 ratione
1636 519 1721 546 hosti-

937 561 988 588 bus
1005 569 1054 595 per
1077 562 1218 589 cuniculos
1244 562 1387 597 ingressis.
1411 568 1438 590 et
1454 562 1566 590 Romam
1593 572 1718 599 magnam

936 607 1029 633 urbem
1043 612 1148 634 vastare
1163 609 1338 640 tentantibus,
1359 609 1385 635 hi
1411 617 1508 636 sensus
1523 611 1639 637 naturali
1661 612 1720 638 acie

936 652 1096 679 incolumem
1124 657 1276 686 servarunt,
1300 655 1439 689 repentina
1458 663 1525 683 voce
1544 656 1720 685 insidiatores

935 699 1096 726 custodibus
1112 700 1267 734 prodentes.

969 744 1082 780 Alcyon.
1106 745 1209 772 marina
1224 745 1292 776 avis,
1317 747 1405 773 media
1431 747 1518 775 hieme
1540 748 1612 776 circa
1635 750 1719 778 maris

934 797 1010 817 oram
1027 790 1152 823 fetiﬁcat;
1165 799 1227 818 cum
1243 791 1334 825 itaque
1349 800 1398 819 ova
1414 793 1534 825 incubat,
1551 795 1625 821 venti
1643 802 1720 822 eom-

934 836 1098 871 primuntur,
1115 843 1189 862 mare
1213 836 1272 863 sine
1287 837 1340 863 ulla
1365 838 1570 872 perturbatione
1595 848 1642 875 per
1658 841 1718 868 dies

936 886 1038 916 septem
1057 882 1257 917 tranquillatur,
1272 890 1333 909 cum
1349 887 1426 910 antea
1440 885 1615 913 validissimis
1631 887 1718 914 Ventis

937 935 1102 955 concussum
1127 929 1326 955 intumesceret.
1349 928 1497 965 Postquam
1518 931 1612 958 eduxit
1629 933 1718 967 pullos

935 981 983 1008 per
999 973 1068 1000 alios
1086 978 1187 1008 septem
1205 974 1278 1006 dies;
1293 974 1339 1002 Dei
1361 983 1484 1008 munere,
1510 978 1584 1004 nulla
1609 986 1642 1005 ne
1664 979 1717 1006 mi-

935 1018 1008 1045 nima
1023 1018 1131 1054 quidem
1145 1027 1212 1047 aura
1232 1020 1331 1050 ﬂuctus
1352 1027 1504 1050 commovet
1519 1024 1639 1058 quandiu
1653 1024 1712 1060 pul-

934 1064 975 1092 los
994 1066 1051 1092 alit.

969 1110 1070 1138 Perdix
1084 1111 1157 1144 dolo,
1175 1112 1364 1141 obtrectationi
1377 1118 1404 1142 et
1418 1115 1527 1142 malitia:
1544 1115 1638 1150 servit,
1651 1124 1714 1143 enm

934 1156 1001 1191 ipsis
1012 1158 1173 1185 venantibus
1189 1159 1291 1186 auxilio
1310 1160 1362 1192 sit;
1377 1160 1464 1187 aliena
1479 1168 1529 1187 ova
1543 1161 1612 1188 clam
1624 1166 1717 1196 erepta

932 1203 1038 1236 educit;
1062 1203 1107 1230 ubi
1123 1212 1186 1231 vero
1201 1205 1267 1239 pulli
1287 1205 1464 1238 adoleverint,
1482 1206 1515 1233 ad
1532 1214 1596 1234 suos
1617 1214 1714 1234 secun~

933 1248 995 1274 dum
1020 1256 1104 1283 genus
1127 1254 1253 1283 parentes
1276 1250 1413 1283 advolant,
1430 1259 1543 1286 eamque
1567 1251 1666 1279 nudam
1687 1255 1715 1279 et

931 1301 1045 1320 vacuant
1062 1294 1226 1322 destituunt.

967 1337 1131 1366 Libidinosa:
1153 1340 1296 1368 columba).
1328 1341 1415 1369 Arbor
1436 1346 1478 1369 est
1496 1343 1524 1370 in
1551 1342 1642 1370 indica
1669 1351 1714 1372 re-

931 1385 1019 1420 gione,
1040 1393 1121 1419 quam
1136 1390 1234 1413 vocant
1246 1386 1415 1421 per-idexion,
1432 1387 1528 1415 dulces
1547 1388 1639 1416 ferens
1656 1388 1715 1416 fru-

930 1435 1007 1463 ctus;
1022 1431 1072 1458 hae
1087 1431 1219 1458 columba:
1248 1432 1366 1467 gaudent
1382 1438 1408 1460 et
1431 1433 1459 1460 in
1484 1441 1515 1460 ea
1541 1441 1712 1461 commoran-

930 1480 984 1504 tur.
1000 1477 1134 1504 Caeterum
1149 1477 1243 1509 draco,
1260 1478 1393 1505 columbis
1414 1479 1548 1510 infensus,
1576 1485 1648 1507 metu
1669 1479 1717 1508 de-

930 1523 1015 1550 clinat
1030 1524 1174 1557 arborem;
1192 1532 1300 1559 semper
1314 1524 1387 1552 enim
1404 1525 1501 1552 timore
1518 1526 1552 1552 ab
1571 1533 1603 1553 ea
1628 1530 1716 1561 parte.

931 1569 1014 1596 draco
1027 1570 1181 1604 expellitur,
1193 1578 1274 1605 quam
1292 1571 1373 1597 arbor
1393 1571 1494 1605 patulis
1518 1570 1616 1598 diﬂ‘usa
1632 1571 1716 1598 ramis

931 1619 1038 1650 opacat.
1062 1614 1114 1642 Sed
1137 1616 1268 1642 columba:
1285 1624 1343 1643 eam
1361 1617 1463 1644 umbrae
1481 1621 1583 1651 partem
1606 1621 1715 1644 sectan-

933 1663 992 1687 tur:
1013 1661 1035 1686 si
1050 1661 1122 1687 enim
1146 1661 1179 1688 ab
1199 1668 1230 1687 ea
1252 1666 1423 1696 separentur,
1449 1669 1464 1688 a
1482 1662 1600 1689 dracone
1616 1662 1715 1690 interi-

931 1710 1053 1733 muntur.
1071 1705 1154 1741 Digna
1169 1714 1235 1734 sane
1249 1711 1290 1733 est
1304 1715 1357 1742 qua
1371 1715 1591 1735 commoveantur
1604 1708 1712 1736 colum—

932 1752 972 1779 ba:
991 1753 1217 1785 natura;collum
1234 1753 1299 1780 solis
1321 1753 1406 1781 radiis
1426 1754 1591 1781 illustratum
1609 1755 1714 1783 crebris

930 1798 1064 1830 colorum.
1084 1798 1224 1834 purpurei.
1245 1799 1350 1834 cyanei,
1374 1799 1454 1834 ignei.
1479 1799 1562 1826 veluti
1585 1801 1712 1829 carbonis

929 1845 1076 1877 rutilantis,
1092 1845 1167 1878 lutei,
1183 1845 1270 1878 rubei,
1286 1849 1313 1872 et
1326 1845 1492 1880 reliquorum
1507 1847 1628 1872 omnium
1651 1855 1712 1873 mn-

930 1891 1080 1918 tationibus
1093 1899 1125 1919 ac
1140 1891 1281 1926 speciebus
1297 1891 1440 1926 ﬁguratum
1457 1891 1634 1926 spectandum
1649 1899 1713 1927 pro-

928 1937 1016 1971 ponit.

964 1981 1065 2008 Cornix
1083 1982 1182 2009 liberos
1204 1981 1401 2009 humanissime
1425 1985 1508 2014 amat,
1531 1986 1558 2010 et
1574 1990 1628 2009 uno
1652 1982 1712 2010 viro

929 2031 1056 2054 contenta
1073 2033 1133 2061 est;
1154 2029 1242 2063 pullos
1263 2028 1335 2055 enim
1347 2028 1403 2062 jam
1425 2028 1560 2055 enutritos
1582 2032 1713 2063 perpetuo

929 2073 1026 2108 pascit,
1044 2080 1138 2100 eorum
1154 2080 1247 2099 curam
1260 2081 1357 2108 gerens
1374 2077 1400 2100 et
1416 2081 1469 2100 una
1485 2074 1593 2101 volans.

963 2117 1126 2153 Nycticorax
1146 2117 1231 2152 magis
1247 2119 1335 2146 noctis
1355 2126 1438 2154 quam
1459 2119 1512 2146 diei
1535 2119 1642 2147 amicus
1658 2124 1711 2148 est.

123 2211 300 2247 mltis-roma;
320 2211 335 2237 ὁ
355 2209 440 2246 ἔποψ·
455 2210 627 2246 γηράσαντας
645 2210 698 2246 γὰρ
715 2211 776 2242 τοὺς
790 2212 877 2245 γονεῖς

964 2203 1059 2240 Upupa
1076 2204 1134 2232 avis
1150 2204 1348 2233 humanissima
1361 2210 1421 2239 est;
1440 2210 1566 2242 parentes
1583 2207 1656 2234 enim
1670 2215 1713 2236 se-

88 2256 248 2292 τπερυγίζει
274 2256 323 2291 μὲν
345 2255 461 2292 πρῶτον,
476 2254 535 2283 εἶτα
551 2257 584 2291 τῇ
603 2256 710 2293 γλώττῃ
724 2256 874 2292 καταψύχει

84 2302 180 2330 αὐτῶν
195 2302 259 2333 τοὺς
277 2302 439 2338 ὀφθαλμοὺς,
460 2302 555 2330 ἔπειτα
569 2303 678 2330 θάλπων
696 2303 794 2334 αὐτοὺς
814 2303 877 2330 ἁνα-

86 2350 154 2376 vent.

130 2395 164 2422 Ἦ
180 2396 209 2422 δὲ
222 2395 331 2430 χελιδὼν
346 2394 420 2428 ἅπαξ
429 2396 511 2431 γεννᾷ
525 2395 571 2422 τοῦ
591 2394 698 2431 καιροῦ,
714 2394 874 2431 πηγνυμένη

85 2441 117 2468 δὲ
130 2441 181 2476 τὴν
201 2441 298 2468 καλιὰν
312 2441 346 2468 τὰ
364 2441 413 2477 μὲν
438 2441 530 2477 κάρφη
545 2441 622 2477 φέρει
636 2441 674 2476 τῷ
693 2441 817 2476 στόματι,
830 2440 874 2468 τὸν

85 2486 116 2513 δὲ
139 2486 224 2522 πηλὸν
244 2487 283 2522 τῷ
302 2487 408 2522 τιτερῷ’
423 2487 453 2513 τὸ
471 2487 526 2523 γὰρ
544 2487 628 2523 ἄκρον
648 2487 732 2523 αὐτῆς
754 2486 874 2523 βρέξασα

87 2531 176 2564 ὕδατι,
200 2534 233 2568 τῇ
262 2533 345 2569 λεπτῇ
371 2533 443 2560 κόνει
466 2533 617 2565 ὲνειλείται,
642 2533 690 2560 καὶ
715 2532 800 2564 οὕτως
823 2533 873 2568 τὴν

85 2578 184 2614 χρείαν
214 2580 316 2606 ἐπινοεῖ
338 2579 386 2606 τοῦ
421 2579 522 2616 πηλοῦ·
547 2580 594 2606 καὶ
624 2579 694 2606 κατὰ
720 2579 816 2615 μικρὸν
840 2579 874 2606 τὰ

85 2623 182 2660 κάρφη
202 2622 258 2652 οἷον
280 2626 362 2662 κόλλῃ
377 2626 430 2652 τινὶ
447 2625 632 2661 συνδεσμοῦσα
642 2625 681 2661 τῷ
694 2625 782 2661 πηλῷ,
798 2623 871 2651 συνί-

87 2677 169 2706 στησι
181 2670 230 2706 τὴν
244 2671 349 2703 καλιὰν,
363 2671 410 2698 καὶ
424 2671 552 2707 ἐκτρέφει
567 2672 630 2702 τοὺς
641 2670 776 2702 νεοσσούς.

121 2715 277 2751 Μόνανδρος
297 2718 314 2752 ὴ
336 2716 443 2752 τρυγών
453 2725 460 2732 ·
475 2716 530 2743 εἴτε
544 2716 598 2752 γὰρ
613 2717 627 2744 ό
638 2717 724 2752 ἄρρην
737 2715 869 2752 ἀποθάνῃ,

84 2760 141 2788 sit:
154 2762 171 2797 ἡ
180 2761 284 2797 θήλεια,
295 2762 380 2798 ἑτέρῳ
391 2763 421 2790 οὐ
427 2761 601 2789 συνάπτεται.

123 2851 155 2876 Δί
175 2849 205 2878 δὲ
218 2850 373 2878 κατοικίδιοι
396 2851 482 2887 ὄρνεις
501 2852 546 2879 ἰπὶ
559 2851 659 2883 παντὸς
670 2851 716 2878 τοῦ
728 2850 823 2886 καιροῦ
839 2849 868 2876 τὸ

929 2255 1071 2278 nescentes
1089 2251 1206 2286 primum
1231 2252 1281 2279 alis
1307 2253 1404 2286 operit,
1429 2253 1526 2280 deinde
1549 2253 1639 2288 lingua
1661 2259 1710 2281 eo-

927 2305 987 2324 rum
1010 2297 1103 2324 oculos
1127 2297 1222 2324 leniter
1239 2297 1390 2331 demulcet;
1413 2299 1521 2326 tandem
1544 2299 1639 2326 fovens
1662 2307 1710 2328 eos

926 2343 1048 2379 pristinae
1059 2343 1195 2378 juventuti
1211 2344 1341 2371 restituit.

960 2389 1084 2416 Hirundo
1099 2390 1181 2417 semel
1203 2397 1274 2417 anno
1296 2390 1384 2424 parit;
1400 2389 1465 2417 dum
1485 2391 1579 2418 nidum
1603 2391 1709 2419 contin-

925 2435 974 2470 git,
994 2444 1041 2463 ore
1056 2439 1215 2467 stramenta,
1232 2436 1317 2463 lutum
1341 2437 1436 2471 pennis
1449 2437 1604 2471 prehendit,
1619 2442 1709 2466 extre—

924 2481 977 2509 mis
994 2482 1065 2508 enim
1081 2490 1150 2517 aqua
1169 2483 1326 2510 madefactis
1341 2483 1522 2510 subtilissima
1543 2483 1648 2518 pulveri
1669 2483 1709 2510 in-

924 2528 1052 2559 volvitur,
1067 2529 1161 2563 sicque
1176 2529 1224 2556 luti
1244 2536 1323 2557 usum
1343 2529 1394 2556 sibi
1405 2530 1552 2564 excogitat,
1569 2534 1596 2557 et
1612 2530 1707 2564 paula-

924 2574 983 2606 tim,
1000 2578 1149 2602 stramenta
1164 2575 1220 2602 luto
1235 2575 1317 2602 veluti
1333 2575 1439 2610 glutino
1455 2575 1642 2609 consolidans,
1663 2576 1706 2604 ni-

924 2619 988 2646 dum
1001 2623 1136 2648 construit
1152 2625 1179 2648 et
1194 2621 1282 2657 pullos
1295 2621 1353 2648 alit.

957 2708 1059 2736 Turtur
1085 2709 1166 2736 unius
1192 2713 1296 2736 tantum
1322 2709 1467 2737 concubitu
1496 2713 1625 2738 contenta
1649 2714 1704 2745 est,

921 2757 1020 2784 etenim
1038 2756 1095 2784 sive
1114 2764 1183 2788 mas,
1206 2756 1264 2784 sive
1285 2756 1386 2784 femina
1405 2756 1546 2791 occiderit,
1562 2764 1701 2791 nunquam

921 2801 988 2829 ﬁdes
1004 2802 1122 2837 conjugii
1137 2802 1263 2830 violatur.

956 2848 1026 2878 Aves
1045 2849 1199 2878 domestica
1217 2849 1290 2877 omni
1308 2853 1429 2887 tempore
1441 2849 1603 2880 concubitus
1622 2856 1701 2885 appe-
