1909 3071
197 109 251 138 755

623 107 652 135 S.
669 106 890 135 EUSTATHIUS
909 103 1153 134 ANTIOCHENUS
1169 102 1369 131 EPISCOPUS.

1761 101 1816 129 736

193 170 268 196 tunt.
284 166 433 203 Aquaticaa,
448 165 531 193 veluti
548 169 642 192 anates
657 170 683 193 et
698 166 790 201 cygni,
803 169 829 193 et
844 166 887 194 bis
899 166 978 194 simi-

1040 162 1246 191 ruvoaciaonxbv
1268 161 1383 196 ἔχουσιν.
1406 160 1446 187 Τὰ
1458 160 1486 187 δὲ
1500 159 1622 196 φίλυδρα,
1636 157 1692 187 οἷον
1705 160 1816 195 νῆσσαι,

196 212 248 247 les,
261 213 364 241 divisos
383 213 466 247 pedes
483 220 537 239 non
551 212 663 243 habent,
683 212 730 239 sed
755 212 835 240 latos.
852 217 879 238 et
901 220 982 238 mem-

196 259 283 287 brana
297 258 472 293 coniunctos,
487 262 517 285 ut
534 257 642 284 facilius
665 257 692 284 in
716 258 794 292 aquis
810 261 903 284 natare
918 265 981 292 pose

198 305 263 336 sint,
286 305 452 332 membranis
467 304 566 340 pedum
581 304 660 339 quasi
680 304 762 332 remis
779 311 911 339 aquarum
927 303 980 331 vim

198 351 339 386 pellentes.

234 396 343 431 Cygnus
363 396 462 423 collum
484 395 597 431 pedibus
620 396 726 431 longius
748 395 902 431 protendit,
927 404 982 431 quo

199 441 288 477 pisces
303 449 318 469 e
331 442 413 468 fundo
430 443 524 476 arripit
540 443 642 477 plures.

233 487 330 514 Avium
349 489 441 514 multa:
457 492 579 522 tempore
601 488 664 514 anni
690 491 795 514 mutant
816 491 843 515 et
862 488 981 515 colorem

197 537 226 561 et
245 541 348 561 vocem.
367 533 468 561 Merula
483 541 599 568 namque
613 542 646 561 ex
663 534 738 569 nigra
761 533 893 564 rull'escit,
908 537 934 560 et
948 542 982 560 ex

198 587 300 606 canora
320 579 445 607 balbutit.
464 579 598 607 Luscinia:
613 580 676 607 item
693 587 744 607 vox
760 583 788 607 et
801 579 876 606 color
891 580 983 607 solsti~

201 625 238 652 tio
249 629 400 658 mutantur,
417 629 444 653 et
460 626 487 652 in
499 625 601 653 somnis
618 625 786 653 modulatum
802 625 858 653 edit
872 633 980 653 sonum.

235 757 363 790 Quaedam
382 757 464 786 etiam
486 765 550 786 aves
570 759 666 786 bruma
682 766 736 786 non
758 758 895 791 esuriunt,
921 766 983 787 aere

198 801 270 833 solo,
285 806 312 829 et
330 810 363 829 eo
379 810 440 830 rore
461 803 507 837 qui
523 803 620 831 herbas
633 804 712 838 rigat,
737 803 791 831 illis
812 803 909 831 famem
924 804 982 840 pel-

1032 210 1079 236 καὶ
1091 208 1195 240 κύκνοι,
1210 208 1257 234 καὶ
1270 207 1305 234 τὰ
1318 207 1396 242 ὅμοια
1410 207 1509 238 αὐτοῖς,
1520 206 1583 237 τοὺς
1596 205 1679 237 πόδας
1690 206 1818 241 ἐσχισμέ-

1031 264 1093 286 νους
1111 255 1161 281 οὐκ
1183 254 1299 289 ἔχουσιν,
1315 253 1383 280 ἀλλὰ
1399 253 1518 283 πλατεῖς.
1538 251 1683 287 ὺμενώδεις
1705 252 1773 287 πρὸς
1787 252 1818 279 τὸ

1032 301 1159 336 εὐμαρῶς
1166 302 1221 332 τοῖς
1238 299 1313 326 ὕδασι
1328 299 1466 334 νήχεσθαι,
1478 298 1559 324 οἱονεὶ
1571 297 1677 330 κώπαις
1696 298 1752 325 τισὶ
1762 299 1817 331 τοῖς

1032 347 1113 382 ὑμέσι
1127 345 1181 372 τῶν
1196 345 1284 372 ποδῶν
1297 345 1327 371 τὸ
1338 344 1421 380 ὑγρὸν
1433 343 1608 379 διωθούμενα.

1073 392 1101 418 '0
1116 391 1143 418 δὲ
1155 391 1253 422 κύκνος
1278 390 1444 426 μακρότερον
1459 389 1512 416 τῶν
1529 389 1616 416 ποδῶν
1629 389 1744 424 ἔχειτὸν
1757 390 1819 426 τρά-

1032 438 1121 474 χηλον,
1140 437 1208 473 πρὸς
1229 437 1258 463 τὸ
1272 438 1303 463 ὲκ
1319 435 1366 463 τοῦ
1383 436 1479 471 βάθους
1494 436 1616 471 ἁνασπᾷν
1630 435 1692 467 τοὺς
1712 435 1816 470 ίχθὺας.

1067 483 1127 510 Τῶν
1146 483 1174 509 δὲ
1196 483 1296 518 ὀρνέων
1315 482 1400 509 πολλὰ
1427 482 1486 508 κατ’
1511 481 1570 513 ἔτος
1590 481 1751 516 μεταϐάλλει
1769 481 1818 517 τὴν

1033 530 1124 566 φωνὴν
1140 529 1186 556 καὶ
1202 529 1251 564 τὴν
1266 527 1372 565 χροιάν.
1401 528 1431 555 '0
1445 527 1499 563 γὰρ
1513 527 1644 562 κόττυφος
1657 528 1688 553 ἐκ
1703 527 1818 562 μέλανος

1033 574 1129 607 ξανθὸς
1150 574 1322 606 καθίσταται,
1343 574 1388 600 καὶ
1405 573 1434 606 ἐξ
1453 573 1550 609 ᾠδικοῦ
1565 573 1721 608 κρακτικός.
1745 571 1776 598 Ἦ
1789 572 1818 598 δὲ

1033 619 1121 655 ἀηδὼν
1145 619 1176 646 τὸ
1199 620 1298 656 χρῶμα
1323 619 1370 646 καὶ
1388 619 1437 655 τὴν
1454 619 1545 654 φωνὴν
1572 619 1735 654 μεταϐάλλει
1758 620 1818 650 ταῖς

1031 668 1161 702 τροπαῖς·
1189 667 1236 693 καὶ
1263 666 1335 693 ἔστιν
1365 666 1501 702 ἄγρυπνον
1524 667 1557 701 τῇ
1585 666 1703 701 μελῳδίᾳ
1723 665 1818 700 σχολά-

1034 712 1127 744 ζουσα.

1070 759 1148 785 Ἔνια
1169 758 1197 785 δὲ
1216 758 1269 785 τῶν
1291 757 1391 795 ὀρνέων
1410 757 1458 789 τὰς
1475 757 1632 794 χειμερινὰς
1645 757 1676 784 οὐ
1705 757 1818 784 πεινῶσι

1033 804 1147 840 τροπὰς,
1162 803 1201 839 τῷ
1215 804 1278 840 ἀέρι
1301 804 1372 840 μόνῳ
1386 804 1537 840 τρεφόμενα
1550 803 1597 830 καὶ
1617 804 1650 838 τῇ
1675 802 1747 829 κατὰ
1768 802 1818 835 τὰς

200 847 292 881 lente;
321 848 367 876 sed
391 853 417 876 et
448 849 551 876 ventris
579 837 764 884 voluptatibus
795 837 979 877 dominantur.

1040 837 1199 885 (λοηφαγίας
1215 837 1409 886 ἐνυπαρχοόσῃν
1425 837 1515 881 νοτίδι,
1532 848 1599 875 ἀλλὰ
1614 837 1660 875 καὶ
1681 848 1730 880 τὰς
1750 848 1817 874 ὑπο-

200 893 367 926 Quibusdam
379 895 449 922 enim
461 903 533 928 vere,
547 899 574 923 et
586 900 718 923 autumno
729 896 894 932 aequinoctio
910 897 979 932 ipso.

199 940 363 974 quibusdam
379 941 462 968 semel
486 949 534 976 per
555 947 677 977 tempora
694 943 756 970 anni
775 943 837 970 stati
852 943 981 970 concubi-

199 989 253 1013 tus.
277 987 348 1014 Aves
373 987 479 1015 femina),
498 996 640 1023 quousque
667 990 852 1025 conceperint.
878 997 980 1018 marem

199 1031 353 1066 admittunt,
373 1038 517 1069 postquam
525 1034 707 1070 conceperint,
723 1039 892 1064 aversantur.

233 1121 367 1150 Scarahaei
381 1131 493 1151 rosaceo
506 1124 565 1151 illiti
578 1129 686 1159 repente
699 1124 896 1152 exanimantur.
909 1123 981 1160 Apes

197 1171 224 1195 et
236 1176 323 1203 vespa:
334 1169 394 1196 oleo
409 1169 578 1203 madefactae,
593 1170 728 1198 meatibus
742 1170 861 1198 occlusis
882 1178 982 1198 consu-

199 1219 328 1248 muntur;
344 1223 405 1250 quae
417 1216 439 1243 si
461 1220 537 1244 aceto
554 1220 744 1252 aspergantur,
773 1216 854 1243 vitam
869 1224 982 1252 recupe-

197 1265 268 1292 rant,
284 1265 309 1288 et
322 1262 470 1297 respirandi
480 1262 606 1290 facultate
620 1263 730 1297 privata:
741 1269 803 1290 aere
813 1263 979 1290 nutriuntur.

196 1305 267 1340 Apes
276 1314 365 1340 regem
380 1307 489 1337 habent.
502 1311 704 1334 etcommunem
714 1307 843 1340 volatum,
859 1315 981 1335 commu-

197 1358 313 1386 nemque
327 1356 435 1378 servant
450 1352 576 1386 domum;
595 1361 682 1386 neque
699 1353 752 1379 ulla
766 1353 868 1380 exitum
883 1357 980 1387 tentat,

197 1399 341 1431 antequam
359 1404 404 1423 rex
420 1397 476 1432 ipse
484 1397 602 1424 volatum
628 1390 769 1433 increperit
784 1407 791 1432 ;
804 1398 850 1434 qui
869 1407 924 1426 non
947 1399 981 1426 ab

197 1441 381 1477 illiseligitur,
393 1444 440 1470 sed
456 1447 552 1470 natura
560 1444 681 1471 omnium
697 1449 771 1472 tenet
786 1445 979 1480 principatum,

197 1489 302 1516 exteris
322 1489 418 1523 major,
440 1489 525 1516 forma
540 1498 700 1525 morumque
715 1490 824 1518 lenitate
844 1491 904 1518 illas
922 1492 980 1518 vin-

199 1542 281 1568 cens;
295 1534 376 1562 habet
393 1535 464 1562 enim
479 1536 613 1567 aculeum,
630 1543 684 1570 quo
700 1539 788 1563 tamen
801 1535 833 1562 ad
847 1537 982 1564 ulciscen-

199 1580 264 1607 dum
279 1588 333 1608 non
350 1581 444 1607 utitur.
454 1581 538 1609 Ceras
549 1590 582 1609 ex
598 1582 726 1608 arborum
742 1586 918 1617 satorumque
933 1582 981 1609 llo-

198 1627 274 1654 ribus
291 1627 459 1662 confingunt,
475 1631 502 1655 et
527 1635 625 1663 aquam
641 1632 786 1663 gultasque
803 1628 890 1655 instar
905 1629 975 1656 roris

197 1672 310 1699 ﬂoribus
327 1673 463 1705 diffusam,
475 1682 522 1701 ore
537 1674 728 1706 convehentes,
738 1682 860 1701 cerarum
868 1674 980 1702 alveolis

196 1722 366 1752 exonerant;
383 1719 446 1746 hinc
463 1720 597 1755 principio
615 1720 755 1747 humidum
776 1724 828 1751 est,
847 1720 894 1748 sed
910 1724 979 1747 tem-

196 1768 264 1797 pore
277 1763 430 1792 hominibus
445 1773 495 1792 usu
511 1765 626 1798 efficaci,
651 1770 813 1792 maturatum
837 1765 978 1793 dulcescit.

199 1807 287 1837 Mellis
302 1810 366 1837 item
383 1818 487 1838 summa
502 1812 644 1847 prudentia
656 1812 800 1846 studioque
811 1811 981 1847 receptacula

200 1855 330 1889 condunt,
343 1864 432 1885 ceram
451 1858 477 1884 in
500 1858 706 1886 subtilissimam
733 1857 916 1884 membranam
931 1866 976 1885 ex-

201 1903 360 1937 tendentes;
374 1905 485 1932 crebras
502 1909 528 1931 et
541 1904 686 1931 continuas
710 1904 833 1930 favorum
862 1907 982 1930 structu-

201 1956 246 1975 ras
263 1949 419 1980 conliciunt,
441 1955 469 1976 ut
495 1951 574 1977 simul
593 1950 721 1977 lateribus
744 1949 830 1976 affixa:
850 1949 979 1976 hmreant.

1031 895 1175 932 γαστρίους
1186 895 1330 932 κρατοῦσιν
1340 895 1444 931 ἡδονάς.
1457 896 1535 922 Ἔνια
1552 895 1600 930 μὲν
1616 894 1671 930 γὰρ
1685 895 1759 930 ἔαρι,
1771 894 1818 920 καὶ

1033 941 1182 977 μετοπώρῳ
1211 941 1281 968 κατὰ
1307 942 1356 973 τὰς
1384 941 1538 977 ἰσημερίας,
1563 940 1620 967 ἔνια
1636 941 1663 967 δὲ
1679 940 1753 973 ἅπαξ
1770 939 1817 967 τοῦ

1032 988 1108 1020 ἔτους
1125 989 1266 1015 ὲπιὸαίνει.
1283 988 1314 1014 Δί
1336 987 1364 1014 δὲ
1385 987 1490 1023 θήλειαι
1511 987 1600 1023 δρνεις
1615 987 1695 1022 μέχρι
1721 986 1818 1022 συλλή-

1031 1036 1104 1071 ψεως
1119 1036 1153 1070 τῇ
1170 1034 1246 1070 ὀχείᾳ
1254 1034 1370 1069 ἔχονται,
1385 1034 1432 1061 καὶ
1444 1033 1526 1066 εὐθὺς
1539 1033 1602 1065 τοὺς
1613 1032 1732 1069 ᾶρῤενας
1747 1032 1816 1059 ἀπο-

1031 1081 1184 1116 τρέφονται.

1067 1128 1097 1153 Οὶ
1109 1126 1137 1153 δὲ
1153 1126 1293 1162 κάνθαροι,
1311 1126 1358 1152 ἐὰν
1372 1126 1466 1161 ῥοδίνῳ
1479 1125 1634 1161 χρισθῶσιν,
1650 1124 1732 1156 εὐθὺς
1751 1125 1817 1151 ἀπο-

1032 1171 1203 1207 θνήσκουσιν.
1217 1173 1249 1199 Αἱ
1263 1173 1291 1199 δὲ
1309 1172 1432 1208 μέλισσαι
1447 1172 1493 1199 καὶ
1511 1172 1623 1207 σφῆκες,
1639 1171 1723 1207 ἐλαίῳ
1737 1180 1819 1198 κατα-

1032 1218 1185 1254 ϐρεχθεῖσαι
1211 1219 1375 1254 φθείρονται,
1401 1219 1454 1245 τῶν
1479 1219 1568 1254 πόρων
1590 1217 1816 1254 ἀποφραγέντων.

1033 1265 1107 1297 Ὀξει
1123 1263 1168 1292 οὖν
1178 1265 1317 1292 ἁναόιοῦσι
1329 1264 1498 1301 βρεχόμεναι-
1512 1264 1654 1300 τρέφονται
1668 1264 1695 1290 δὲ
1705 1264 1744 1299 τῷ
1757 1264 1816 1300 ἇερι

1031 1311 1165 1347 ἀναπνοὴν
1179 1312 1227 1338 οὐκ
1238 1311 1469 1346 ἔχουσαι.Ἔχουσι
1480 1311 1508 1338 δὲ
1521 1311 1629 1345 βασιλέα
1640 1311 1668 1337 αἱ
1679 1310 1816 1345 μέλισσαι,

1031 1357 1078 1384 καὶ
1092 1357 1183 1393 κοινὴν
1199 1357 1246 1392 μὲν
1262 1356 1399 1384 ποιοῦνται
1413 1356 1461 1392 τὴν
1480 1357 1587 1391 πτῆσιν,
1604 1356 1696 1391 κοινὴν
1719 1355 1749 1382 δὲ
1770 1355 1817 1390 τὴν

1031 1402 1135 1438 οἴκησιν
1146 1411 1152 1417 ⁸
1164 1403 1211 1429 καὶ
1221 1403 1331 1438 οὐδεμία
1347 1401 1498 1438 προχείρως
1509 1401 1591 1433 ἔξεισι
1605 1401 1695 1436 πρὶνῆ
1711 1401 1757 1427 τδν
1772 1399 1818 1436 βα-

1033 1446 1108 1473 σιλέα
1119 1447 1168 1481 τῆς
1184 1447 1308 1482 πτήσεως
1326 1446 1601 1482 κατάρξασθαι.Ἒστι
1616 1446 1644 1472 δὲ
1659 1446 1756 1477 αὐταῖς
1773 1443 1817 1472 οὗ·

1031 1500 1076 1524 τος
1090 1492 1294 1528 ἀχειροτόνητος
1309 1493 1340 1518 ἐκ
1356 1492 1462 1527 φύσεως
1482 1492 1550 1528 ἔχων
1563 1492 1611 1528 τὴν
1626 1491 1696 1519 κατὰ
1710 1491 1818 1518 πάντων

1032 1538 1129 1574 ἀρχὴν,
1148 1538 1268 1574 μεγέθει,
1282 1538 1329 1565 καὶ
1343 1538 1471 1574 σχήματι,
1484 1538 1530 1565 καὶ
1540 1539 1573 1574 τῇ
1585 1537 1630 1564 τοῦ
1641 1538 1724 1573 ἤθους
1735 1537 1819 1574 πραό-

1030 1593 1091 1619 τητι
1117 1584 1252 1619 διαφέρων
1271 1583 1376 1611 αὐτῶν·
1393 1584 1449 1611 ἔστι
1467 1584 1515 1620 μὲν
1538 1584 1592 1619 γὰρ
1603 1584 1714 1620 κέντρον
1733 1583 1817 1618 αὐτῷ,

1031 1628 1086 1654 ἀλλ’
1104 1628 1133 1654 οὐ
1148 1628 1246 1664 χρῆται
1262 1627 1348 1663 τούτῳ
1361 1627 1428 1663 πρὸς
1447 1629 1561 1664 ἄμυναν.
1577 1629 1727 1663 Συνάγουσι
1743 1628 1771 1654 δὲ
1788 1629 1818 1654 ὲκ

1029 1673 1083 1699 τῶν
1099 1673 1186 1699 ἀνθῶν
1203 1673 1247 1699 τὸν
1269 1673 1352 1708 κηρὸν
1366 1674 1394 1699 αἱ
1412 1673 1548 1708 μέλισσαι,
1567 1673 1614 1700 καὶ.
1632 1674 1682 1709 τὴν
1700 1673 1819 1708 δροσοει-

1027 1717 1081 1750 δῶς
1103 1719 1306 1754 ἐνεσπαρμένην
1331 1719 1421 1745 νοτίδα
1444 1720 1499 1751 τοῖς
1516 1719 1622 1746 ἄνθεσιν
1642 1718 1682 1754 τῷ
1703 1719 1818 1754 στόματι

1034 1764 1263 1800 ὲπισπασάμεναι,
1273 1766 1331 1796 ταῖς
1344 1764 1479 1800 κοιλότησι
1489 1765 1542 1791 τῶν
1553 1764 1644 1800 κηρῶν
1655 1764 1741 1800 αὐτὴν
1751 1765 1819 1791 ἐνιᾶ-

1035 1818 1092 1836 σιν·
1107 1810 1168 1837 ὂθεν
1192 1810 1239 1837 καὶ
1263 1810 1346 1846 ὑγρόν
1360 1811 1416 1837 ἐστι
1431 1810 1478 1846 τὴν
1493 1811 1588 1846 ἀρχὴν,
1607 1809 1664 1837 εἶτα
1675 1811 1715 1846 τῷ
1731 1812 1819 1847 χρόνῳ

1034 1857 1217 1891 καταπεφθὲν,
1235 1856 1282 1892 ἡδὺ
1296 1856 1409 1891 γίνεται⁷
1426 1858 1472 1883 καὶ
1484 1856 1632 1893 εὒχρηοτον
1646 1859 1701 1889 τοῖς
1712 1857 1818 1892 ἀνθρώ-

1035 1912 1106 1934 ποις,
1125 1903 1218 1937 Σοφῶς
1232 1903 1259 1929 δὲ
1273 1903 1320 1929 καὶ
1337 1902 1385 1934 τὰς
1407 1902 1547 1938 ἀποθήκας
1570 1903 1753 1938 φιλοτεχνοῦσι
1772 1903 1818 1930 τοῦ

1036 1949 1159 1984 μέλιτος·
1186 1951 1226 1981 εἰς
1249 1949 1346 1977 λεπτὸν
1360 1949 1446 1985 ὑμένα
1467 1949 1513 1975 τὸν
1533 1950 1615 1985 κηρὸν
1631 1950 1817 1980 διατείνουσαι.

202 1997 305 2029 πυκνὰς
321 1998 367 2024 καὶ
390 1999 509 2032 συνεχεῖς
524 1998 650 2034 ἀλλήλαις
665 1999 726 2030 τοὺς
753 1997 880 2033 σίμϐλους
904 1997 1098 2032 οἰκοδομοῦσιν,
1125 1997 1162 2028 ὠς
1188 1997 1218 2023 τὸ
1233 1997 1328 2033 μικρὸν
1343 1997 1391 2032 τῆς
1416 1996 1470 2023 τῶν
1489 1997 1658 2033 μικροτάτων
1679 1997 1747 2033 πρὸς
1774 1997 1819 2023 ἄλ-

202 2041 269 2077 ληλα
282 2043 378 2075 δέσεως
392 2044 540 2079 ἐδράξεται.

239 2090 363 2119 Locustae
375 2099 429 2118 uno
440 2099 575 2119 consensu
589 2091 710 2124 sublatm,
725 2095 812 2118 terras
825 2098 872 2125 per
886 2090 980 2117 latitu-

1069 2089 1102 2115 Δί
1124 2088 1152 2114 δὲ
1167 2088 1275 2124 ἀκρίδες
1291 2088 1332 2115 ἑνὶ
1347 2088 1496 2124 συνθήματι
1513 2088 1583 2115 κατὰ
1602 2087 1631 2114 τὸ
1649 2088 1749 2120 πλάτος
1771 2090 1820 2125 τῆς

201 2135 293 2163 dinem
306 2136 444 2167 infestant.
459 2137 637 2171 procedentes
651 2144 760 2171 campos
774 2136 841 2163 alios
851 2136 983 2163 fructibus

1040 2134 1126 2169 χώρας
1147 2133 1398 2169 στρατοπεδεύουσι.
1413 2133 1568 2169 Περιιοΰσαι
1584 2133 1612 2160 δὲ
1626 2134 1726 2170 ὁρῶσιν
1741 2135 1820 2171 ἕτερα

202 2185 317 2209 onustos
330 2183 513 2218 conspiciunt,
528 2191 578 2210 nec
587 2186 702 2217 tangunt.
717 2182 836 2210 exitiosa:
848 2202 855 2215 ,
886 2182 932 2210 sed
949 2182 982 2209 ad

203 2227 360 2261 pnescripta
375 2227 428 2254 illis
443 2228 501 2255 loca
513 2234 619 2254 summo
636 2235 707 2254 nexu
725 2227 901 2258 contendunt,
915 2235 982 2262 qua-

203 2272 226 2298 si
241 2273 339 2300 divinis
349 2272 473 2311 jussibus
484 2273 576 2307 pulsm,
588 2280 674 2307 neque
687 2278 829 2307 antequam
843 2273 896 2299 illis
905 2272 983 2299 detur

204 2317 330 2350 facultas,
347 2326 451 2346 messes
469 2318 625 2353 fructusque
645 2320 788 2346 erodentes
799 2322 916 2345 vastant.
933 2317 985 2345 Eas

204 2365 320 2392 seleucis
331 2365 389 2392 avis
402 2365 550 2392 insatiabili
563 2365 711 2392 voracitate
727 2366 849 2392 insecuta
866 2384 873 2396 ,
890 2371 984 2392 omnes

204 2411 332 2439 absumit.

239 2501 361 2532 Noctuze,
374 2505 404 2527 ut
422 2501 523 2532 ferunt,
551 2501 638 2528 oculis
653 2500 769 2528 interdiu
801 2499 887 2535 caligo
901 2499 986 2527 clien-

208 2545 289 2576 ditur,
310 2551 390 2572 noctu
408 2553 467 2572 eam
483 2545 544 2573 visu
557 2545 656 2572 valere.

241 2591 308 2618 Cum
325 2592 530 2626 vespertiliones
552 2591 673 2618 cubitum
699 2594 774 2622 eunt,
802 2594 895 2617 mutuo
912 2598 987 2618 com-

207 2637 286 2672 plexu
303 2637 517 2672 suspenduntur,
530 2641 557 2664 et
571 2638 594 2665 si
609 2645 688 2672 quem
702 2637 734 2663 ab
745 2643 777 2663 eo
791 2635 887 2663 ordine
897 2636 987 2664 divelli

207 2683 361 2718 contigerit.
377 2684 474 2718 reliqui
489 2684 644 2716 clamitant;
661 2682 754 2710 eadem
770 2682 828 2709 sola
846 2683 987 2710 volucrum

208 2729 360 2764 quadrupes
373 2733 414 2757 est
428 2733 455 2756 et
465 2729 592 2756 dentibus
607 2729 727 2756 fulcitur.

245 2815 352 2844 Cicada:
363 2815 450 2845 imbre
461 2821 633 2852 generantur,
649 2820 675 2845 et
691 2817 892 2848 obmutescunt.
904 2825 987 2854 quan-

1034 2181 1095 2215 λήῖα
1115 2180 1154 2215 τῷ
1169 2179 1267 2215 καρπῷ
1287 2180 1422 2215 βρίθοντα,
1437 2180 1484 2206 καὶ
1504 2180 1554 2206 οὐκ
1569 2179 1746 2214 ἐφάπτονται,
1764 2181 1819 2207 ἀλλ’

1036 2226 1082 2252 ἐπὶ
1096 2225 1140 2252 τὸν
1155 2225 1305 2261 ὡρισμένον
1317 2226 1410 2257 αὑταῖς
1424 2226 1504 2252 τόπον
1513 2226 1714 2258 σπουδάζουσιν,
1728 2226 1820 2262 ὥσπερ

1037 2272 1069 2298 ἐκ
1089 2270 1159 2297 θείου
1182 2271 1390 2306 προστάγματος
1406 2271 1590 2306 ἐπειγόμεναι.
1608 2271 1663 2297 Καὶ
1679 2272 1709 2297 οὐ
1726 2271 1821 2307 πρότε-

1039 2323 1083 2351 ρον
1095 2315 1141 2342 τοῦ
1155 2315 1259 2351 καρποῦ
1275 2315 1414 2346 ἅπτονται,
1429 2317 1492 2352 πρὶν
1507 2316 1523 2351 ἢ
1538 2316 1646 2351 δοθῆναι
1661 2317 1756 2348 αὐταῖς
1772 2317 1820 2352 τὴν

1038 2361 1219 2396 συγχώρησιν,
1236 2361 1391 2388 Μετέπειτα
1414 2362 1442 2388 δὲ
1463 2362 1557 2393 αὐταῖς
1579 2362 1702 2394 σελευκὶς
1721 2364 1822 2389 ἐπαπο-

1039 2406 1187 2438 στέλλεται,
1203 2406 1249 2433 καὶ
1265 2407 1353 2438 πάσας
1365 2407 1500 2434 κατεσθίει
1515 2407 1607 2440 αὑτὰς,
1618 2407 1764 2443 ἀκόρεστον
1775 2407 1821 2443 τὴν

1017 2479 1020 2481 ,
1040 2451 1118 2486 φύσιν
1133 2452 1240 2487 ἔχουσα.

1075 2498 1130 2534 Τὴν
1147 2498 1251 2532 γλαῦκα
1272 2506 1337 2532 φασι
1362 2498 1412 2534 τὴν
1436 2498 1544 2534 ἡμέραν
1561 2498 1754 2535 έιμαυροῦσθαι
1774 2500 1821 2535 τὴν

1040 2544 1111 2579 ὅφιν,
1122 2543 1171 2579 τὴν
1187 2544 1214 2570 δὲ
1230 2543 1314 2570 νύκτα
1329 2543 1488 2578 ρώννυσθαι.
1561 2531 1574 2543 ⁸

1081 2591 1177 2617 Ἦνίκα
1199 2591 1220 2617 δ’
1233 2591 1260 2616 αἱ
1285 2590 1438 2626 νυκτερίδες
1459 2590 1640 2623 καθεύδουσιν,
1658 2590 1687 2622 ἐξ
1701 2590 1822 2626 ἀλλήλων

1041 2635 1225 2673 ἀπήρτηνταιε
1241 2636 1287 2661 καὶ
1297 2636 1320 2660 εἱ
1333 2635 1396 2670 μίαν
1411 2635 1500 2670 συμϐῇ
1513 2634 1560 2661 τοῦ
1570 2635 1689 2670 ὁρμαθοῦ
1698 2636 1822 2662 ἀποσπα-

1041 2679 1136 2715 σθῆναι
1160 2678 1258 2711 αὖτῶν,
1273 2680 1301 2706 αξ
1316 2679 1406 2706 λοιπαὶ
1428 2679 1606 2706 καταϐοῶσιν.
1626 2679 1714 2706 Μόνον
1728 2680 1757 2706 δὶ
1770 2679 1822 2706 τῶν

1042 2725 1171 2752 πετεινῶν
1183 2726 1359 2760 τετρασκελὲς
1373 2725 1499 2761 ὑπάρχει,
1511 2725 1558 2752 καὶ
1575 2724 1663 2751 ὀδοῦσι
1677 2725 1823 2752 κατακεκό-

1042 2780 1151 2807 σμηται.

1077 2817 1109 2843 Οῑ
1119 2817 1146 2843 δὲ
1157 2817 1275 2852 τέττιγες
1288 2818 1317 2844 ὲν
1327 2816 1463 2852 ὲπομὸρίᾳ
1476 2816 1603 2851 γίνονται,
1621 2815 1817 2851 ἡσυχάζουσιὲ
