1909 3071
83 115 138 142 ’15⁵1

535 108 671 137 SPURIA.
692 121 727 127 ——
744 103 923 143 COMMENT.
947 103 979 131 IN
999 102 1248 130 IIEXAEMERON.

1652 100 1707 129 738

82 171 188 207 καιρὸν,
202 169 296 205 ἐπειδὴ
310 170 342 204 τῇ
354 168 440 205 δρόσῳ
459 167 619 203 πήγνυνται.
636 165 768 200 Πλήττειν
784 163 811 189 δὲ
827 162 873 189 καὶ

939 168 959 187 ιο
970 168 1030 188 rore
1040 163 1237 193 concrescunt;
1248 166 1340 187 carum
1362 159 1411 186 alis
1430 161 1458 186 et
1472 162 1582 185 cantum
1594 161 1621 186 et
1634 162 1705 186 δίκε

83 217 158 254 ᾅδειν
173 216 203 243 τὸ
216 215 315 251 πτερὸν
331 214 418 242 αὐτῶν
429 213 572 248 φάσκουσι.

119 274 161 309 Τῇ
171 273 199 299 δὲ
211 272 277 307 ἕκτη
286 271 378 306 ἡμέρᾳ
387 269 550 305 προσέταξεν
557 269 572 295 ὀ
581 268 646 299 Θεδς
654 267 810 302 ἐξαγαγεῖν
818 265 874 300 τὴν

82 320 144 355 τῆν
158 317 232 345 κατὰ
243 317 330 352 γένος
342 315 514 350 τετράποδα,
532 314 580 341 καὶ
594 314 712 348 ἑρπετὰ,
726 313 773 339 καὶ
789 313 874 346 (inpia

85 365 140 399 τῆς
156 363 278 399 nicum!
293 362 329 389 τὰ
345 362 449 395 κτήνη.
465 361 511 388 καὶ
523 360 620 387 πάντα
631 360 666 386 τὰ
685 359 812 393 ἓρπονῖει
826 358 874 384 ἐπὶ

85 410 140 444 τῆς
153 409 208 445 γῆς
215 409 289 435 κατὰ
302 407 398 443 γένος,
413 407 458 433 καὶ
468 405 593 441 παρήχθη
604 405 702 436 εὐθέως
715 405 754 435 εἰς
763 404 792 429 τὸ
807 402 874 429 εἶναι

87 457 189 487 πάντα,
201 455 270 490 ἅπερ
281 453 372 487 κοινὴν
384 452 431 488 μὲν
443 451 480 486 τῷ
492 450 580 485 ἀνῡρώ
586 460 626 485 πῳ
636 450 684 485 τῆς
700 449 804 484 φύσεως
821 449 875 484 ἔχει

88 502 137 538 τὴν
149 501 287 536 αἴσθησιν,
299 499 329 525 οὐ
342 499 393 534 μὴν
406 498 433 524 δὲ
445 498 504 532 ἴσην
516 497 562 524 καὶ
573 496 620 531 τὴν
631 495 718 531 ψυχὴν
731 495 876 530 κέκτηνται

91 549 192 582 ζῶντα,
207 549 254 575 καὶ
273 547 420 582 κινούμενα
441 546 557 580 κίνησιν,
573 545 606 580 ἢν
628 544 644 579 ή
664 543 808 578 ἀρχέγονος
830 541 876 568 τοῦ

91 596 209 631 αἵματος
229 595 309 629 φύσις
324 594 436 629 χορηγεῖ
448 592 486 628 τῷ
502 591 635 626 πνεύματι
655 590 701 616 τοῦ
721 589 819 622 ἔξωθεν
837 588 879 615 ἀέ-

94 651 140 678 ρος
152 641 393 676 κιρναμένη.“Εστι
413 639 440 665 δὲ
464 640 510 665 καὶ
532 639 560 664 ὲν
579 638 669 668 αὐτοῖς
683 636 735 672 ἦοη
751 636 876 671 διάφορα,

92 688 143 724 τὴν
168 689 301 724 Πρόνοιαν
327 686 373 713 τοῦ
401 685 468 712 Θεοῦ
486 684 683 719 αἰνιττόμεναι·
704 683 750 710 καὶ
763 683 817 719 γὰρ
833 683 879 708 καὶ

92 735 179 761 ταῦτα
203 734 233 760 οὺ
258 733 361 769 μικρῶς
382 732 483 766 ταύτην
499 729 717 765 συνίστησιν.Ὠς
737 728 790 764 γὰρ
810 727 878 763 σοφὴ

93 781 149 811 τῶν
163 780 283 816 βλαστῶν
299 782 315 815 ἡ
330 779 506 816 καρπογονία,
520 778 566 804 καὶ
584 777 690 812 ἄστρων
703 774 821 808 εὐταξία,
833 774 880 801 καὶ

94 826 182 862 ἡλίου,
200 825 248 852 καὶ
262 825 374 860 σελήνης
388 824 544 854 ἁνυπαίτιος
558 822 667 858 δρόμος,
684 821 732 848 καὶ
745 820 880 854 Θαλάσσης

95 873 165 908 ὅρων
181 871 280 907 θεσμὸς
296 872 332 907 μὴ
348 870 565 906 ὑπερισταμένης
579 869 628 905 τὴν
650 869 781 904 Πρόνοιαν
801 867 882 893 ἀναν-

94 917 233 952 τιῤῥήτως
252 916 430 952 μαρτύρεταν
441 915 526 946 οὕτως
538 915 584 942 καὶ
599 915 616 949 ἡ
630 913 683 941 τῶν
695 913 770 945 ζώων
784 912 882 947 ἰδιότης

95 963 126 990 τὸ
139 963 346 998 ἀπαράλλακτον
361 963 410 997 τῆς
429 961 530 994 τάξεως
548 960 738 995 ὲνδεικνυμένη
755 959 803 994 τὴν
818 958 884 994 Πρό-

97 1018 172 1036 νοιαν
194 1009 267 1044 μάλα
282 1008 372 1041 σαφῶς
391 1008 530 1044 κηρύττει,
542 1006 666 1041 καθάπερ
683 1005 755 1040 ψυχὴ
773 1004 884 1031 κινοῦσα

97 1054 145 1082 τοῦ
165 1055 268 1089 κόσμου
290 1055 380 1080 πᾶσαν
400 1055 448 1089 τὴν
463 1053 600 1080 σύστασιν.
618 1052 673 1079 Καὶ
684 1050 884 1084 καταγέλαστος

98 1100 131 1126 ἂν
148 1099 192 1134 εἴη
209 1100 263 1131 πᾶς
276 1100 290 1126 6
306 1099 451 1131 ἐκϐάλλων,
468 1099 521 1126 τῶν
536 1098 673 1133 στοιχείων
688 1096 814 1124 ἁπάντων
825 1097 886 1131 ὁμο-

98 1145 249 1179 λογούντων
264 1144 362 1179 αὑτήν·
381 1145 416 1181 γῆ
434 1145 482 1180 μὲν
493 1145 560 1181 πρὸς
571 1143 736 1179 φυτουργίαν
747 1143 796 1168 οὐκ
810 1143 886 1168 ἀπει-

99 1190 194 1223 θοῦσα,
212 1191 286 1227 ἥλιός
299 1199 338 1223 τε,
356 1192 402 1218 καὶ
418 1191 526 1226 σελήνη,
541 1191 587 1217 καὶ
597 1190 630 1217 τὰ
645 1188 724 1216 λοιπὰ
737 1189 823 1224 ἄστρα
839 1187 885 1214 τοῦ

100 1237 285 1272 προσήκοντος
305 1237 404 1273 δρόμου
427 1237 464 1272 μὴ
487 1236 637 1267 στείλαντα,
656 1235 774 1262 Θάλαττα
789 1234 886 1260 κανόνα

99 1282 259 1317 προσταγῆς
270 1283 318 1317 οὐχ
329 1282 536 1318 ὑπερϐαίνουσα,
547 1280 633 1316 νηκτὰ
647 1280 673 1306 δὲ
686 1281 732 1306 καὶ
743 1279 886 1315 ἀεροπόλα,

100 1328 147 1354 καὶ
158 1329 274 1364 χερσαῖα
284 1328 334 1362 τῆς
347 1327 522 1363 ὀφειλομένης
534 1326 627 1362 χρείας
635 1327 683 1361 οὐχ
693 1325 886 1361 ὑστερούμενοι.

100 1373 164 1404 Πῶς
187 1371 234 1401 οὖν
258 1374 308 1400 οὐκ
324 1373 414 1405 ἄδικος
437 1373 484 1400 καὶ
500 1374 594 1409 ἄφρων
607 1373 620 1398 ὀ
632 1372 744 1398 καθόλου
760 1371 808 1407 τὴν
823 1370 889 1406 Πρό-

100 1427 176 1445 νοιαν
188 1419 420 1454 παραιτούμενος;
434 1419 499 1445 ’Ποῦ
514 1418 591 1452 λόγος
604 1419 662 1454 ὲρεῖ
677 1417 796 1452 τεχνικὸν
810 1416 888 1452 ἔργον

102 1465 141 1500 μὴ
162 1465 440 1500 ἀπαυτοματίζεσοαι,
466 1464 533 1500 πρὸς
548 1464 701 1499 ἐπιστήμης
725 1462 752 1489 δὲ
773 1462 805 1488 τὰ
821 1461 890 1496 σοφὰ

100 1511 172 1547 ἔργα
186 1511 384 1538 ἀποτελεῖσθαι·
403 1512 500 1538 αὐτίκα
521 1510 586 1545 γοῦν
607 1509 826 1546 ἀνδριαντοποιοῦ
849 1509 890 1535 ἕν-

897 850 917 878 Β

925 207 1010 242 pitum
1026 207 1068 234 edi
1081 211 1247 234 a5severant.

961 274 1042 302 Sexto
1055 274 1097 301 die
1107 274 1190 309 jussit
1199 273 1270 301 Dens
1282 274 1421 308 producere
1435 279 1531 301 terram
1541 273 1708 308 quadrupede

925 321 1065 348 secundant
1082 329 1172 355 genus,
1189 326 1212 347 et
1228 321 1341 355 reptilia,
1361 325 1384 347 et
1406 322 1501 347 bestius
1522 325 1608 350 terrm,
1623 325 1646 346 et
1662 320 1710 354 ju-

926 373 1024 398 menla,
1044 372 1067 394 et
1080 368 1168 394 omnia
1192 367 1321 401 serpentia
1349 375 1425 400 super
1445 372 1552 400 ten-am,
1566 366 1709 393 secundum

925 422 1004 448 genus
1022 414 1053 445 ”,
1066 417 1092 441 (ι
1105 414 1195 441 slalim
1208 415 1297 440 omnia
1313 413 1443 448 producta
1455 416 1528 443 sunt,
1556 416 1584 439 ut
1605 417 1709 444 essent,

927 468 986 494 quae
1005 467 1175 487 communem
1194 468 1254 487 cum
1271 460 1380 488 homine
1410 464 1514 487 natura:
1526 467 1635 486 sensum
1661 459 1710 486 ba-

928 505 1002 536 bent.
1015 505 1066 532 etsi
1081 514 1133 532 nou
1148 506 1263 533 similent
1275 507 1390 532 animam
1408 506 1574 541 possideant.
1586 505 1714 539 quamvis

928 551 1030 583 vivant.
1044 555 1070 578 et
1081 556 1166 583 motu,
1182 560 1260 586 quem
1273 553 1358 587 prima
1375 552 1516 587 sanguinis
1530 556 1636 583 natura,
1649 558 1712 577 cum

929 597 1072 625 ambientis
1086 598 1570 633 aerisspirilumisceatur,elargitur,
1585 605 1714 624 movean-

929 647 984 674 tur,
997 643 1244 677 diversissimisque
1258 644 1312 670 sint
1327 645 1396 671 inter
1407 652 1435 671 se
1452 644 1583 676 moribus,
1594 643 1714 670 divinam

931 687 1134 715 Providentiam
1151 689 1365 720 insinuauiiluis,
1380 697 1442 716 nam
1464 693 1490 716 cl
1506 689 1562 716 haec
1588 688 1622 715 ad
1653 695 1713 715 eam

931 734 1170 762 commendandam
1183 734 1298 762 maxime
1307 735 1471 762 conducunt.
1483 734 1715 767 Quemadmodum

931 781 1002 807 enim
1016 781 1169 815 germinum
1184 781 1292 814 sapiens
1309 785 1336 807 et
1349 781 1441 808 varius
1451 782 1565 812 fructus.
1581 785 1608 807 et
1623 785 1716 808 rectus

934 830 1070 853 astrorum
1083 825 1157 857 ordo,
1176 829 1203 852 et
1214 825 1279 852 solis
1291 826 1413 860 longeque
1425 834 1523 853 cursus
1549 826 1715 860 inculpatns,

932 872 1069 906 marisque
1081 871 1258 898 terminorum
1283 871 1324 898 lex
1352 871 1489 902 inviolata,
1513 870 1716 898 Providentiam

933 924 988 944 non
1015 920 1198 951 repugnanter
1218 917 1413 950 testiﬁcantur;
1444 917 1483 944 sic
1508 920 1535 943 et
1559 917 1717 944 animalium

934 963 1096 998 proprietas,
1108 963 1265 997 ordiuisque
1282 967 1411 997 perpetrm
1427 967 1453 990 et
1469 970 1605 997 nunquam
1618 963 1718 989 immu-

935 1012 990 1035 tata
1003 1009 1097 1039 series,
1112 1010 1179 1035 satis
1201 1008 1273 1035 clare
1299 1007 1499 1035 Providentiam
1514 1007 1718 1039 demonstrans,

935 1054 1013 1090 quasi
1033 1062 1120 1089 praeco
1140 1054 1307 1089 pronuntiat,
1327 1057 1454 1088 tanquam
1481 1061 1588 1080 animus
1611 1061 1719 1080 onmem

935 1099 1006 1126 hanc
1020 1099 1112 1126 mundi
1130 1107 1241 1125 movens
1258 1102 1433 1125 structuram.
1451 1097 1481 1124 Et
1497 1105 1563 1125 sane
1588 1098 1720 1125 ridiculus

936 1149 1008 1173 esset
1019 1146 1065 1180 qui
1081 1152 1139 1172 eam
1156 1145 1310 1180 denegaret,
1326 1144 1467 1171 elementis
1481 1144 1606 1171 omnibus
1621 1145 1722 1171 conﬁr-

937 1191 1085 1222 mantibus,
1104 1195 1176 1218 terra
1187 1191 1294 1226 quidem
1307 1190 1340 1217 ad
1355 1190 1459 1218 fructus
1478 1190 1603 1217 ferendos
1615 1190 1723 1218 obtem-

937 1242 1024 1272 perat,
1041 1239 1080 1264 sol
1097 1241 1124 1264 et
1137 1237 1212 1269 luna,
1230 1241 1256 1264 et
1277 1237 1380 1272 reliqua
1405 1237 1494 1264 sidera
1523 1244 1538 1263 a
1562 1243 1645 1264 cursu
1672 1237 1723 1264 sibi

938 1282 1267 1317 convenienlenuuquam
1289 1282 1435 1313 desistunt,
1459 1290 1533 1310 mare
1558 1283 1643 1318 legem
1672 1282 1724 1309 sibi

938 1329 1125 1364 prxscriptam
1141 1329 1324 1364 incorruptam
1335 1329 1463 1359 custodit.
1480 1329 1605 1355 animalia
1621 1328 1724 1359 omnia,

939 1374 996 1400 sive
1007 1375 1085 1408 aquis
1103 1377 1207 1405 natent,
1221 1374 1278 1401 sive
1290 1382 1351 1401 aere
1363 1374 1462 1405 volent,
1475 1375 1532 1401 sive
1551 1378 1621 1400 terra
1637 1373 1726 1400 feran-

940 1426 994 1452 tur,
1011 1430 1146 1457 nusquam
1162 1422 1188 1448 in
1201 1422 1296 1450 usibus
1312 1423 1373 1449 vitae
1394 1422 1556 1449 necessariis
1570 1421 1726 1450 destituun-

940 1471 994 1494 tur.
1032 1467 1174 1500 Quomodo
1213 1468 1298 1503 igitur
1328 1475 1382 1495 non
1423 1469 1474 1495 erit
1503 1473 1528 1495 et
1557 1475 1572 1495 a
1600 1469 1724 1504 justitia,

941 1517 968 1540 et
983 1513 1017 1540 ab
1028 1514 1101 1540 omni
1117 1513 1231 1541 consilio
1248 1514 1364 1545 alienus,
1378 1515 1423 1549 qui
1449 1514 1556 1549 penitus
1580 1514 1613 1542 de
1637 1514 1735 1541 medio

100 1544 177 1584 νοιαν
189 1557 378 1593 λαμϐάνομεν
398 1558 490 1584 εἰκόνα
549 1544 718 1593 περικαλλὼς
732 1556 887 1591 γεγραμμέ-

942 1557 1143 1585 Providentiam
1159 1559 1245 1585 tollit?
1258 1544 1466 1592 Quantam-ratio
1481 1560 1505 1586 id
1521 1559 1639 1592 docebit,
1660 1560 1726 1586 arti-

101 1612 152 1639 νην
168 1604 329 1635 κατιδόντες,
341 1604 386 1631 τὸν
398 1604 500 1640 ταύτης
513 1604 620 1640 γραφέα
635 1601 807 1638 θαυμάζομεν
817 1610 824 1617 ·
841 1602 892 1636 νῆα

100 1651 131 1677 δὲ
157 1650 289 1686 ἐντέχνως
313 1651 452 1687 ἐπιστήμῃ
475 1648 730 1684 κατεσκευασμένην
752 1647 868 1684 ὁρῶντες
884 1666 891 1679 ,

101 1696 245 1731 ναυπηγὸν
261 1696 434 1731 ἐπαινοῦμεν.
449 1696 480 1722 Εἰ
496 1696 518 1722 δ⁴
536 1696 610 1723 αὐτοὶ
624 1694 735 1730 τεχνικὰ
747 1694 814 1729 ἔργα
825 1692 892 1719 Oed)-

105 1751 183 1778 μενοι
197 1742 242 1769 τὸν
259 1742 394 1777 ἐμμουσον
411 1742 532 1778 τεχνίτην
549 1741 726 1776 γινώσκομεν,
747 1740 773 1766 τί
796 1737 841 1766 οὖν
862 1738 892 1765 οὐ

104 1789 208 1824 μᾶλλον
230 1788 279 1824 τὴν
301 1791 408 1817 πάντων
432 1789 516 1825 σοφὴν
538 1788 668 1824 Πρόνοιαν
692 1787 721 1813 ἐν
743 1785 892 1820 καταλήψει

103 1834 224 1869 ἱξοιμεν,
244 1834 373 1870 ὀφθαλμῷ
396 1834 514 1860 διάνοιαν
529 1833 573 1859 διὰ
593 1832 646 1859 τῶν
664 1830 891 1866 ὲστοιχειωμένων

103 1880 211 1915 κόσμου
236 1880 337 1916 μερῶν,
361 1880 550 1916 ἐπιστημόνως
567 1877 759 1913 τεταγμένωνς
782 1876 822 1903 Τὰ
838 1876 892 1912 γὰρ

104 1925 164 1961 ετδη
189 1926 237 1953 καὶ
262 1927 388 1962 σχήματα
406 1927 484 1954 ἱκανὰ
500 1926 632 1961 γνωρίσαι
652 1924 698 1951 τὸν
719 1922 853 1958 τεχνίτην,
869 1923 893 1949 εἰ

105 1972 154 1998 καὶ
171 1972 243 2008 λόγῳ
254 1973 289 1999 τὰ
303 1973 511 2008 ὲστοιχειωμένα
530 1971 634 2006 σιωπὴν
660 1971 730 2004 ἄγει.
751 1969 824 1995 Φιλεῖ
839 1968 893 2003 γὰρ

104 2017 142 2044 τὰ
163 2019 232 2055 πρός
251 2028 323 2051 τινος
344 2019 520 2054 μορφωθέντα
533 2018 579 2045 τὺν
596 2016 786 2052 κεκοσμηκότα
800 2014 895 2051 ὁμολο-

105 2065 175 2098 γείν.

943 1603 1065 1631 ﬁciosum
1075 1612 1143 1639 opus
1155 1609 1266 1637 temere,
1277 1605 1442 1640 fortunaque
1456 1606 1588 1640 produci?
1603 1605 1652 1633 Ubi
1662 1614 1735 1641 pru-r

944 1649 1035 1676 dentia
1052 1650 1200 1685 perfectum
1216 1653 1242 1677 et
1265 1650 1434 1678 elaboratum
1461 1659 1529 1685 opus
1555 1652 1736 1686 conspexerir

944 1703 1018 1727 mus,
1036 1695 1096 1729 ejus
1112 1695 1242 1722 artiﬁcem
1259 1700 1347 1723 mente
1375 1697 1554 1730 revolvimus;
1582 1698 1735 1733 imaginem;

944 1741 1126 1776 pulcherrime
1141 1741 1239 1776 pictam
1256 1742 1356 1774 intuiti,
1372 1742 1431 1777 ejus
1453 1743 1584 1778 pictorem
1609 1745 1736 1772 admira-~

945 1795 1022 1818 mur;
1034 1788 1283 1816 navemnrtiﬁciose
1297 1788 1495 1824 prudenterque
1507 1797 1672 1825 compactam
1687 1793 1728 1820 vi-

945 1832 1050 1865 dentes,
1064 1840 1216 1869 naupcgum
1229 1833 1463 1861 commendamus.
1474 1834 1500 1861 Si
1517 1835 1599 1870 igitur
1609 1844 1660 1864 nos
1676 1837 1735 1872 ipsi.

945 1886 1028 1914 opera
1041 1885 1099 1907 arte
1113 1880 1238 1907 confecta
1254 1886 1396 1909 cernentes
1413 1882 1441 1909 in
1460 1883 1641 1918 cognitionem
1664 1891 1737 1918 pru—

946 1925 1036 1953 dentis
1054 1926 1165 1954 artiﬁcis
1180 1927 1348 1960 devenimus,
1363 1936 1478 1964 quanam
1495 1930 1600 1957 ratione
1621 1931 1731 1965 sapien-

946 1975 1001 1998 tem
1022 1979 1112 1999 rerum
1124 1973 1244 2000 onminm
1262 1972 1474 2006 Providentiam,
1492 1975 1615 2009 partibus
1635 1976 1730 2003 mundi

946 2017 1142 2045 elementorum
1159 2026 1209 2054 ope
1225 2019 1349 2047 conflatis
1360 2020 1644 2056 rectequedispositis,
1655 2030 1732 2049 men-

947 2062 983 2090 tis
998 2064 1086 2091 oculis
1104 2072 1158 2092 non
1172 2065 1451 2100 comprehendemus?
1480 2066 1553 2094 Satis
1577 2067 1649 2094 enim
1668 2074 1732 2096 sunt

106 2114 135 2140 et
149 2111 265 2146 species,
281 2115 308 2139 et
326 2111 429 2143 format,
446 2116 599 2146 cietcraque
620 2119 653 2138 ex
669 2108 809 2138 elementis
837 2108 998 2141 composita,
1029 2110 1080 2138 elsi
1097 2110 1205 2138 silentio
1234 2111 1384 2147 indulgent,
1409 2112 1442 2140 ad
1463 2120 1558 2140 eorum
1582 2113 1661 2142 nobis
1687 2121 1732 2141 ar-

106 2158 209 2186 tiﬁcem
223 2158 461 2187 manifestandum.
478 2158 571 2187 Solent
581 2159 680 2186 etenim
698 2164 740 2184 res
755 2157 789 2183 ab
799 2155 890 2189 aliquo
903 2155 1027 2183 conﬁctae
1044 2162 1183 2191 parentem
1195 2161 1222 2186 et
1234 2157 1409 2186 formatorem
1423 2158 1510 2186 effari.

145 2217 252 2254 Ὥσπερ
273 2217 303 2244 δὲ
323 2217 377 2244 τῶν
403 2217 540 2252 στοιχείων
561 2218 578 2253 ὴ
602 2217 729 2248 σύστασις
754 2214 887 2251 σαφηνίζεπ

981 2214 1114 2243 Caeterum
1123 2215 1351 2251 quemadmodum
1365 2217 1560 2245 elementorum
1571 2217 1732 2245 constitutio

107 2263 159 2299 τὴν
174 2264 316 2300 Πρόνοιαν,
341 2264 412 2291 οὕτω
428 2264 475 2291 καὶ
490 2265 506 2300 ὴ
519 2264 571 2291 τῶν
586 2263 662 2296 ζώων
678 2264 804 2299 διάφορος
818 2263 898 2297 φύσις

107 2309 159 2345 τὴν
173 2310 273 2344 γνῶσιν
289 2310 388 2346 ταύτης
401 2311 557 2346 παρέχεται.
575 2311 756 2345 Συγγεννᾶται
781 2310 829 2346 μὲν
845 2310 898 2344 γὰρ

108 2357 123 2383 6
138 2356 224 2391 θυμὸς
237 2355 274 2391 τῷ
285 2356 382 2388 λέοντι,
400 2357 446 2383 καὶ
466 2356 523 2383 ἔστι
535 2357 693 2392 μοναστικὺς
705 2358 718 2383 6
735 2356 791 2391 βίος
805 2356 897 2388 αὑτοῦ,

108 2401 199 2427 οὐδενὶ
210 2401 263 2427 τῶν
277 2401 352 2434 ζώων
365 2401 510 2432 κοινωνῶν,
524 2402 583 2428 οὐδὲ
594 2401 686 2436 χθιζην
697 2401 799 2437 τροφὴν
811 2400 900 2436 προϊέ-

112 2454 204 2481 μενος,
222 2446 289 2473 am
304 2447 459 2482 πρόσφατον
470 2456 476 2462 ·
491 2447 578 2480 ὀξεῖαν
593 2447 621 2473 δὲ
638 2447 692 2482 ἔχει
704 2446 752 2482 τὴν
763 2446 897 2482 αἴσθησιν,

110 2492 159 2519 καὶ
185 2492 281 2519 Θᾶττον
305 2493 354 2528 τῆς
377 2493 465 2529 ὀσμῆς
481 2493 535 2519 τῶν
550 2493 716 2529 θηρευόντων
731 2493 897 2526 αἰσθάνεται,

111 2539 159 2566 καὶ
173 2539 267 2574 δρόμῳ
288 2539 381 2573 φεύγει
395 2539 442 2565 ἐπὶ
457 2539 488 2565 τὸ
502 2539 641 2573 σπήλαιον,
655 2539 689 2566 τὰ
702 2539 763 2575 ἴχνη
786 2540 818 2574 τῇ
833 2540 897 2574 σοϐῇ

111 2584 368 2619 περισαίνων,ὄπως
377 2584 548 2618 καλυφθέντα
555 2585 606 2611 ὑπὸ
618 2585 666 2620 τῆς
676 2585 774 2616 κόνεως
782 2586 900 2620 ἀνίχνευ-

109 2638 157 2656 τον
172 2630 232 2660 τοῖς
248 2628 392 2665 θηρευταῑς
407 2630 622 2664 καταστήσωσιν.
639 2629 730 2665 Πηρὸς
748 2630 776 2655 δὲ
790 2629 871 2655 αὑτοῦ
885 2630 899 2655 6

112 2675 233 2711 σκύμνος
246 2675 376 2707 τίκτεται,
393 2676 440 2702 καὶ
455 2676 530 2710 τρεῖς
546 2675 652 2710 ἡμέρας
665 2675 717 2702 ὑπὸ
732 2675 782 2710 τῆς
792 2675 899 2710 λεαίνης

112 2722 287 2757 φυλάττεται,
298 2722 345 2748 καὶ
356 2721 440 2748 ἐλθὼν
455 2721 534 2752 αὐτὸς
541 2721 595 2747 ἀπὸ
608 2721 657 2755 τῆς
671 2720 766 2756 θήρας,
777 2721 900 2756 ὲμφυσήν

113 2777 162 2800 σας
183 2768 265 2795 αὑτὸν
281 2769 322 2800 εις
344 2769 375 2794 τὸ
394 2768 553 2804 πρόσωπον,
572 2767 704 2803 βλέποντα
728 2767 808 2793 αὑτὸν
827 2766 899 2799 ἐξαν-

149 2848 171 2865 ¹⁶
192 2847 258 2878 Gen.
273 2855 293 2880 ι,
308 2848 353 2880 21,
369 2847 409 2878 26,

948 2259 1148 2288 Providentiam
1163 2262 1332 2296 perspicuam
1351 2261 1424 2294 facit,
1449 2263 1489 2291 sic
1519 2268 1546 2291 et
1573 2264 1730 2292 animalium

948 2306 1024 2333 varia
1038 2310 1148 2338 natura,
1165 2307 1224 2342 ejus
1237 2307 1317 2334 nobis
1329 2307 1512 2341 cognitionem
1522 2310 1630 2344 ingerit.
1645 2309 1733 2336 Gene-

948 2353 1050 2379 rositas
1066 2352 1137 2379 enim
1149 2357 1175 2380 et
1187 2352 1326 2380 iracundia
1340 2360 1393 2379 una
1403 2360 1465 2380 cum
1480 2354 1557 2382 leone
1569 2361 1730 2386 nascuntur,

949 2399 1042 2434 illique
1058 2398 1176 2426 solitudo
1191 2402 1218 2425 et
1240 2406 1364 2426 recessus
1379 2400 1466 2426 amica
1482 2405 1558 2432 sunt,
1587 2409 1672 2436 seque
1696 2410 1728 2429 ex

949 2445 1107 2472 animalium
1126 2445 1277 2480 frequentia
1289 2446 1358 2472 tollit
1370 2454 1380 2478 ς
1390 2445 1467 2472 cibos
1482 2445 1609 2472 hesterna
1633 2447 1677 2474 die
1688 2454 1734 2473 ar-

949 2494 1040 2524 reptos
1056 2490 1171 2525 respuit,
1188 2491 1355 2518 recentiores
1368 2491 1486 2526 capessit
1499 2499 1506 2523 ;
1519 2498 1601 2518 sensu
1627 2493 1737 2519 acerri-v

949 2543 995 2562 mo
1009 2541 1061 2568 est,
1078 2536 1275 2570 celerrimeque
1292 2536 1376 2563 odore
1395 2536 1513 2571 quodam
1527 2541 1658 2565 venantes
1675 2546 1735 2565 sen-

949 2581 993 2613 tit,
1007 2588 1146 2617 cursuque
1159 2581 1245 2609 fertur
1255 2581 1282 2609 in
1296 2582 1595 2617 speluncam,vestigiis
1610 2587 1736 2611 reccnter

949 2627 1091 2661 impressis
1106 2627 1192 2654 cauda
1210 2626 1372 2662 deturpatis,
1386 2631 1415 2654 ut
1437 2628 1491 2654 illis
1511 2628 1622 2662 pulvere
1646 2629 1733 2656 obvo-

949 2672 1026 2705 latis,
1039 2677 1184 2700 venatores
1217 2678 1415 2707 consequentes
1443 2673 1563 2708 effugiat.
1592 2674 1736 2702 Camusil-

949 2717 1003 2745 lius
1025 2718 1132 2745 catulus
1147 2724 1292 2753 generatur
1303 2722 1330 2745 et
1344 2719 1432 2746 tribus
1451 2719 1545 2754 primis
1561 2720 1658 2747 diebus
1683 2727 1733 2747 cu-

950 2765 1038 2792 stodia
1056 2764 1146 2792 lemna:
1162 2769 1329 2799 asservatur,
1344 2765 1430 2792 donec
1448 2765 1492 2793 ille
1507 2773 1521 2792 a
1537 2766 1679 2794 venatione
1691 2774 1737 2795 res
