1909 3071
196 87 249 115 759
624 84 657 112 ‘S.
677 82 897 112 EUSTATHIUS
915 82 1157 122 ANTIOCHENUS
1176 84 1374 114 EPISCOPUS.
1765 87 1818 115 uo

193 149 305 178 gressus
317 141 346 168 in
362 140 458 169 (aciem
474 139 580 174 efﬂans,
600 139 709 168 videndi
727 140 780 167 vim
798 140 837 167 illi
853 147 960 168 commu

1027 143 1144 178 ιστησιν.
1153 143 1247 170 Ἦνικα
1261 143 1289 170 δὲ
1303 143 1438 180 ἀνθρώπῳ
1452 145 1530 181 ἦτινι
1545 145 1598 172 τῶν
1611 145 1688 178 ζώων
1704 145 1818 182 Putna-

193 189 276 215 nicat.
295 187 409 220 Quando
425 194 488 214 vero
504 187 641 213 hominem
654 186 696 213 vel
711 186 784 213 aliud
810 187 908 214 animal
934 194 960 222 ag

1031 196 1086 220 ται,
1105 188 1227 223 μαπιζει
1240 190 1272 224 τῇ
1290 188 1354 225 σοϐῇ
1369 188 1464 217 ἑαυτὸν
1477 191 1606 229 πρότερον
1615 192 1686 219 κατὰ
1696 191 1727 218 τδ
1738 201 1817 227 mu;-

192 233 326 268 greditur,
341 236 427 260 semet
443 232 520 267 prius
532 231 618 259 cauda
633 239 681 259 seu
691 231 807 267 quodam
818 233 979 260 incitamen-
1030 234 1120 260 τικόν·

192 282 222 304 ιο
236 277 363 313 ﬂagellat,
380 281 409 304 ut
425 283 502 312 poeta
522 277 621 304 cecinit
636 277 675 298 ¹⁷ε

227 332 322 361 Cauda
334 343 392 360 vero
405 334 539 369 lateraque
550 338 574 360 et
589 333 690 360 lumbos
705 334 825 367 utrinque

232 368 368 400 Verberat,
380 370 547 404 sequeipsum
563 370 660 396 excitat
673 370 707 395 ad
724 371 904 404 pugnandum.

191 424 221 452 In
236 429 355 457 senecta,
385 426 513 460 quoniam
527 425 561 452 ad
587 427 787 461 persequendas
811 426 883 453 feras
902 427 975 454 vires

191 479 246 498 non
261 475 401 506 superant,
417 473 499 499 urbes
514 472 629 506 obsidet,
656 473 811 500 hominibus
831 473 864 499 ad
887 473 970 499 vitam

190 517 406 544 conservandam
423 517 542 547 inhians,
553 524 711 552 semperque
726 518 797 545 illius
807 524 837 545 os
848 518 976 553 gravissi-

190 570 263 590 mum
273 560 632 590 omniumredditetodorem
641 567 667 591 et
676 563 787 590 halitum
795 572 802 596 ;
810 563 904 591 oculos
912 571 973 590 eum

189 607 300 639 dormit.
311 612 436 643 patentes
450 609 540 636 habet.
550 608 649 636 Leaena
667 606 712 636 vix
722 609 885 644 dillicileque
893 609 974 636 unius

188 654 272 680 catuli
283 658 390 689 partum
409 655 550 688 sustinet;
574 655 601 682 in
629 655 688 690 ipso
715 655 786 682 enim
814 655 896 682 eniru
921 663 972 682 un-

188 699 280 734 guium
296 700 355 727 acie
370 700 439 727 fetus
452 701 523 727 illius
538 700 667 728 dilacerat
680 706 795 728 uterum.

224 744 346 773 Pardalis
361 747 506 774 vehemens
517 751 559 774 est
569 752 595 774 et
617 748 759 782 repentino
780 747 883 783 impetu
904 755 973 783 pr:e~

1026 331 1108 370 ριῖιρῇ
1118 331 1181 366 μὴν
1194 333 1326 370 πέευράς
1339 341 1374 370 τεν
1384 333 1433 360 καὶ
1450 335 1533 369 ἰσχία
1544 335 1753 370 ἀμφοτέρωθεν

1028 369 1201 400 Μαστίεται,
1216 367 1247 394 Es
1265 367 1291 394 δ’
1306 369 1398 395 αὐτὸν
1409 367 1776 406 ἐποτίύνείραχέονασθαι.

1027 422 1153 458 Γηράσας
1163 422 1202 455 δὲ,
1217 423 1263 449 καὶ
1274 422 1313 454 εὶς
1323 423 1409 459 ἄγραν
1425 423 1542 458 βαδίζειν
1555 424 1657 451 ὰτονῶν
1671 425 1813 461 ἐφεδρεύει

1026 470 1085 500 ταῖς
1100 468 1217 501 πόλεσιν,
1237 468 1360 504 θηρεύειν
1382 469 1422 501 εἰς
1446 469 1539 504 βίωσιν
1565 471 1626 502 τοὺς
1653 470 1812 507 ἀνθρώπους

1026 514 1275 549 γλιχόμενος.¹Εσ“τι
1290 515 1317 541 δὲ
1329 514 1411 542 αὐτοῦ
1428 515 1457 542 τὸ
1472 516 1556 551 στόμα
1570 516 1683 543 πάντοτε
1695 517 1811 544 δυσωδέ-

1028 568 1123 587 στατον
1132 568 1139 575 ο
1155 559 1293 587 καθεύδων
1303 561 1331 587 δὲ
1343 561 1514 593 ἀναπετάσας
1526 562 1624 597 ἔχειτὰ
1637 562 1768 599 βλέφαρα.
1778 564 1810 590 Ἦ

1025 605 1054 633 δὲ
1068 606 1159 633 λέαινα
1175 606 1250 642 μόλις
1265 607 1323 638 ἑνὸς
1338 607 1456 643 σκύμνου
1481 607 1610 643 ὑπομένει
1628 609 1678 645 τὴν
1695 609 1790 646 κύησιν
1800 619 1808 626 ·

1026 652 1129 688 προῖὼν
1144 653 1198 688 γὰρ
1212 653 1252 684 εἰς
1265 653 1295 680 τὸ
1306 653 1357 687 ἔξω
1377 656 1437 686 ταῖς
1452 655 1554 690 ἀκμαῖς
1569 656 1623 682 τῶν
1639 655 1743 692 ὀνύχων
1759 657 1810 693 τὴν

1027 698 1135 734 μήτραν
1149 698 1346 735 διασπαράσσει
1363 697 1456 735 αὐτῆς.

1065 745 1238 779 Ῥαγδαλαῑον
1261 747 1277 781 ὴ
1300 746 1430 782 πάρδαλις
1454 748 1499 774 καὶ
1521 747 1669 784 ὀξύρροπον
1684 749 1746 780 ταῖς
1769 749 1810 783 δρ-

189 798 270 826 ceps;
284 796 382 819 caetera
394 793 522 820 animalia
545 793 687 821 tremenda
709 794 794 821 vincit
818 794 960 821 velocitate

1023 793 1096 827 μαῖς,
1111 793 1158 819 καὶ
1170 793 1224 819 τῶν
1240 793 1325 820 ἄλλοιν
1339 793 1476 830 διαφέρων
1493 793 1611 831 ὀξύτητι,
1633 796 1679 822 καὶ
1697 796 1742 823 ἐπὶ
1759 795 1809 827 τὰς

185 839 213 862 et
231 840 292 863 ante
307 841 466 864 venatorum
484 838 578 865 oculos
593 838 629 865 ita
645 838 743 873 pedum
760 838 830 866 valet
854 838 972 873 pernici-

186 883 252 914 tate,
266 886 294 908 ut
310 883 401 909 volare
414 884 530 918 quisque
542 883 654 911 diceret.

221 927 297 956 Ursa:
314 933 410 956 natura
423 930 514 964 segnis
526 933 553 956 et
565 930 721 965 peculiaris,
750 938 841 958 mores
865 931 970 958 malitia

185 973 309 1005 solertes,
321 981 422 1009 corpus
436 982 528 1009 grave.
541 974 718 1010 Saupeitaque
729 976 898 1011 gravissimis
911 977 970 1004 vul-

184 1017 296 1045 neribus
319 1019 454 1052 confecta,
472 1020 523 1047 sibi
536 1023 616 1055 parat
641 1021 850 1052 medicamenta.
873 1022 968 1049 siccis-

184 1063 253 1090 simo
268 1065 397 1091 verbaseo
412 1065 571 1092 vulneribus
587 1066 738 1098 obturatis;
763 1066 827 1092 dum
854 1074 969 1102 congre-

182 1108 256 1136 ditur
276 1114 304 1137 et
329 1110 458 1143 luctatur,
483 1111 629 1138 artiﬁciose
658 1111 741 1146 pedes
767 1112 921 1146 complical,
941 1117 968 1140 et

181 1163 242 1183 eum
255 1157 364 1191 quicum
381 1161 478 1190 certat,
493 1158 660 1193 supplantat,
684 1162 711 1185 et
735 1158 853 1185 medium
879 1159 967 1187 valide

180 1208 333 1237 curreptum
344 1203 460 1238 impetit.

216 1247 323 1276 Taurus
334 1250 475 1282 cornibus,
488 1248 589 1284 quibus
601 1250 695 1278 hostes
711 1250 862 1282 ulciscitur,
876 1258 966 1278 arma-

182 1299 237 1328 tur,
255 1296 424 1330 pedibusque
439 1296 600 1323 athletarum
620 1304 695 1323 more
709 1297 846 1331 pulverem
870 1297 897 1324 in
924 1296 965 1324 al-

179 1344 237 1367 tum
253 1341 367 1376 spargit,
379 1341 536 1375 desitieatus
543 1341 628 1368 torvis
640 1341 726 1369 oculis
740 1341 896 1373 ardescens,
906 1349 966 1368 cor-

179 1386 261 1413 nibus
277 1386 424 1417 inclinatis,
441 1390 468 1412 et
484 1385 524 1412 ira
553 1386 694 1421 gliscente,
723 1390 779 1413 toto
796 1393 909 1421 corpore
922 1386 964 1413 di-

179 1431 353 1458 micationem
369 1431 468 1465 poscit.

1024 837 1099 872 δψεις
1115 837 1168 864 τῶν
1186 837 1325 874 θηρευτῶν
1339 839 1530 875 ὲφιπτάμενον.

1057 926 1157 963 Νωθρὰ
1169 925 1185 963 ἢ
1204 927 1283 962 φύσις
1297 928 1346 963 τῆς
1359 927 1468 964 ἄρκτου,
1485 930 1530 956 καὶ
1550 930 1708 966 ῑδιότροπος,
1719 932 1767 959 καὶ
1776 933 1806 959 ὀὗ

1022 969 1087 1008 ἦθος
1104 971 1228 1005 ὕπουλος,
1244 973 1291 1000 καὶ
1317 973 1410 1010 βαρεῖα
1424 974 1464 1009 τῷ
1478 975 1593 1010 σώματι.
1611 977 1745 1010 Πολλάκις
1760 977 1806 1005 οὖν

1022 1018 1185 1054 βαθυτάταις
1198 1020 1332 1056 τρωθεῖσαι
1346 1020 1472 1056 πληγαῖς,
1489 1023 1605 1058 turpe-iet
1631 1024 1730 1059 ἑαυτὴν
1757 1024 1803 1059 Er,-

1022 1065 1125 1101 ροτάτῳ
1141 1066 1234 1102 φλόμῳ
1249 1065 1298 1098 τὰς
1314 1067 1426 1099 ὠτειλὰς
1442 1068 1628 1102 παραϐύουσα.
1649 1070 1805 1098 Παλαίουσα

1019 1111 1047 1137 δὲ
1061 1111 1199 1138 διαπλέκει
1214 1112 1277 1144 τοὺς
1292 1112 1374 1144 πόδας
1391 1113 1535 1149 τεχνικῶς,
1554 1115 1599 1141 καὶ
1619 1115 1802 1148 ὑποσκελίζει,

1020 1156 1066 1182 καὶ
1083 1156 1270 1191 μεσολαὸοὖσα
1285 1157 1422 1193 κραταιῶς
1436 1158 1580 1187 καθάπτει.

1058 1245 1088 1271 '0
1109 1245 1207 1282 ταῦρος
1223 1247 1278 1278 τοῖς
1294 1246 1389 1282 κέρασι
1406 1247 1473 1282 πρὸς
1490 1247 1593 1283 ἄμυναν
1609 1248 1663 1276 τῶν
1686 1250 1802 1277 ἀντιπά-

1017 1289 1070 1316 λων
1083 1289 1278 1323 καθώπλισται,
1294 1293 1350 1323 τοῖς
1365 1291 1392 1318 δὲ
1409 1293 1486 1318 ποσὶν
1504 1292 1619 1328 ἀθλητοῦ
1639 1294 1742 1329 τρόπον
1762 1304 1803 1322 χο-

1016 1336 1133 1368 νιζεται·
1152 1336 1368 1372 ὑποδλεπόμενος
1383 1337 1410 1364 δὲ
1427 1341 1565 1374 magniﬁci;
1577 1340 1691 1375 δμματι,
1704 1341 1752 1368 καὶ
1770 1342 1802 1368 τὰ

1016 1382 1118 1418 κέρατα
1134 1375 1307 1417 ἐγκεκλικὼς,
1323 1384 1370 1410 καὶ
1383 1382 1450 1415 ζέων
1464 1385 1550 1421 θυμῷ,
1563 1387 1670 1422 ὲφορμᾷ
1685 1387 1740 1422 ὅλῳ
1763 1388 1801 1422 τῷ

1016 1426 1132 1463 σώματι.

213 1477 285 1511 Aper
300 1477 323 1504 si
334 1477 436 1504 locatos
448 1476 556 1503 insidiis
570 1480 714 1504 venatores
723 1476 805 1504 fuerit
823 1476 960 1508 odoratus,

1051 1473 1104 1506 Σῦς
1118 1474 1156 1505 δὲ,
1168 1475 1232 1501 ὅταν
1247 1475 1288 1511 ἴδῃ
1305 1477 1438 1512 κυνηγοὺς
1449 1477 1477 1503 ὲν
1487 1478 1546 1509 ταῖς
1559 1477 1635 1510 ὕλαις
1650 1478 1800 1514 λοχῶντας,

177 1523 280 1551 viribus
296 1523 433 1555 excitatis,
451 1523 542 1550 nullus
561 1523 611 1549 init
632 1523 846 1555 contentionem,
874 1522 963 1557 prius-

176 1578 258 1606 quam
276 1570 309 1597 ad
322 1570 425 1598 vicinas
441 1571 554 1597 arbores
568 1569 664 1597 dentes
680 1569 828 1596 exacuerit.

211 1616 363 1651 Anlholops
380 1616 469 1643 bellua
480 1620 521 1643 est
532 1615 781 1646 vehementissima,
797 1618 896 1641 venatu
911 1613 962 1640 dif-

177 1661 265 1694 ﬁcilis,
279 1662 405 1696 oblongis
419 1661 560 1693 cornibus,
584 1668 722 1689 serrarum
747 1660 843 1691 instar,
862 1659 960 1695 quibus

176 1708 246 1734 altas
261 1707 439 1742 ingentesque
453 1708 635 1735 cireumsecat
648 1707 771 1734 arbores.
786 1697 887 1733 Siiiens
910 1705 960 1732 Eu-

176 1753 298 1788 phratem
317 1753 427 1780 ﬂuvium
448 1754 524 1788 petit,
543 1753 658 1788 indeque
681 1757 745 1788 potu
769 1752 865 1779 hausto
888 1752 959 1778 inter

173 1799 301 1830 ericulas,
321 1807 380 1833 quae
390 1800 462 1826 circa
474 1798 594 1827 ﬂuminis
617 1800 689 1834 ripas
714 1799 861 1830 virescunt,
890 1797 958 1824 ludit

173 1844 261 1880 iisque
274 1845 427 1880 colligatur.
446 1845 550 1872 Etenim
568 1853 628 1871 cum
646 1845 701 1871 sint
715 1844 842 1871 tenuibus
861 1847 888 1870 et
901 1844 957 1870 len-

173 1890 208 1917 tis
225 1891 353 1922 surculis,
367 1892 438 1918 inter
455 1899 484 1917 se
511 1890 642 1918 cornibus
673 1889 747 1916 illius
770 1889 954 1924 implicantur,

171 1937 216 1964 illa
233 1945 343 1972 gemens
364 1937 511 1964 clamorem
530 1936 601 1969 edit;
626 1934 699 1970 quod
726 1943 788 1962 cum
814 1939 956 1962 venatores

171 1983 366 2018 persenserint,
381 1982 454 2008 illico
469 1989 527 2008 eam
547 1981 772 2014 comprehensam
785 1980 953 2006 interimunt.

206 2027 254 2055 Est
268 2032 295 2055 et
306 2028 376 2062 apud
395 2027 520 2062 Scythas,
534 2034 603 2061 quos
620 2025 690 2053 Loos
705 2030 812 2057 vocant,
830 2025 896 2057 fera,
915 2029 954 2051 ta-

169 2074 273 2102 randus
287 2075 407 2104 nomine,
427 2074 470 2100 cui
488 2072 645 2107 magnitudo
655 2079 714 2106 qua:
730 2071 801 2102 bovi,
827 2077 953 2106 aspectus

168 2120 214 2155 qui
231 2127 329 2152 cervo;
351 2120 433 2154 litque
456 2118 585 2146 assimilis
601 2117 753 2150 cuicunque
776 2117 813 2143 rei
832 2118 952 2151 proxime

1012 1518 1223 1555 διανιστάμενος,
1240 1521 1270 1547 ού
1287 1522 1416 1557 πρότερον
1431 1524 1537 1559 ὲφορμᾷ
1554 1524 1646 1560 πρὶνῆ
1663 1526 1721 1556 τοῖς
1734 1524 1801 1559 πλη-

1014 1564 1070 1591 σίον
1088 1565 1204 1601 δένδροις
1218 1566 1361 1603 παραθήξῃ
1376 1570 1438 1599 τοὺς
1453 1568 1571 1601 ὀδόντας.

1048 1612 1124 1638 Ἔστι
1134 1612 1161 1638 δὲ
1171 1612 1237 1643 ζῶον
1252 1613 1366 1649 άνθόλοψ
1381 1615 1481 1651 σφόδρα
1496 1616 1656 1652 δριμύτατον
1669 1617 1717 1644 καὶ
1733 1617 1798 1644 δυσ-

1012 1656 1139 1693 θήρατον,
1163 1658 1223 1693 ἕχον
1242 1659 1270 1685 δὲ
1289 1660 1381 1695 μακρὰ
1393 1661 1494 1696 κέρατα
1510 1662 1589 1696 ὅμοια
1602 1662 1723 1698 πρίοσιν,
1739 1662 1797 1690 δέν-

1010 1702 1061 1737 δρα
1077 1703 1199 1740 μετέωρα
1214 1705 1260 1732 καὶ
1278 1707 1381 1740 μεγάλα
1396 1707 1502 1743 πρίζει·
1518 1708 1630 1743 διψῆσαν
1642 1708 1669 1735 δὲ
1684 1709 1795 1744 ἔρχεται

1010 1749 1056 1775 ἐπὶ
1079 1750 1125 1776 τὸν
1150 1751 1294 1786 Εὐφράτην
1311 1753 1440 1788 ποταμδν,
1458 1754 1503 1780 καὶ
1526 1754 1594 1780 mt‘ov
1620 1754 1711 1786 παέζει
1734 1756 1794 1786 ταῖς

1010 1795 1166 1830 ὲρεικίναις,
1180 1798 1238 1828 ταῖς
1255 1797 1347 1829 οὖσαις
1362 1798 1436 1833 παρὰ
1450 1799 1508 1830 ταῖς
1530 1798 1623 1834 δχϐαις
1643 1799 1690 1825 τοῦ
1709 1808 1792 1826 ποτα-

1011 1840 1071 1874 μοῦ,
1099 1841 1145 1867 καὶ
1172 1841 1309 1877 δεσμεῖται
1335 1843 1381 1869 ὑπ’
1407 1843 1506 1871 αὐτῶν.
1534 1844 1712 1871 Λεπτὸκλονοι
1738 1845 1792 1881 γὰρ

1009 1886 1187 1922 ὑπάρχουσαι,
1204 1888 1382 1922 ἐμπλέκονται
1395 1889 1476 1915 αὑτοῦ
1490 1890 1553 1925 περὶ
1567 1890 1600 1916 τά
1616 1891 1730 1926 κέρατα,
1746 1891 1793 1918 καὶ

1008 1931 1058 1967 βοᾷ
1068 1940 1074 1947 ·
1095 1933 1140 1959 καὶ
1156 1933 1180 1959 οἱ
1196 1935 1318 1969 κυνηγοὶ,
1333 1934 1501 1970 αἰσθόμενοι,
1518 1935 1617 1968 εὐθέως
1636 1936 1718 1963 αὑτὸν
1733 1936 1792 1963 συλ-

1007 1977 1184 2013 λαμϐάνουσι,
1203 1979 1249 2005 καὶ
1261 1979 1425 2015 ἀναιροῦσιν.

1042 2024 1119 2050 Ἐστι
1135 2024 1163 2051 δὲ
1186 2025 1214 2050 ὲν
1235 2026 1290 2056 τοῖς
1308 2025 1424 2057 Σκύθαις
1437 2028 1492 2058 τοῖς
1507 2027 1681 2062 καλουμένοις
1702 2022 1789 2060 Λώοις

1005 2067 1073 2100 ζῶον
1097 2069 1259 2105 καλούμενον
1282 2070 1420 2106 τὰρανδος,
1442 2072 1553 2107 μέγεθος
1572 2073 1632 2108 ἔχον
1652 2073 1723 2108 βοὸς,
1740 2074 1787 2109 τὴν

1004 2115 1032 2141 δὲ
1046 2115 1106 2150 ὄψιν
1117 2116 1166 2151 τῆς
1179 2116 1224 2143 τοῦ
1240 2116 1339 2151 ἐλάφου
1350 2108 1558 2154 παραπλήσιον.
1577 2119 1630 2146 Καὶ
1647 2121 1705 2146 ἐστι
1727 2108 1788 2146 δυσ-

171 2145 213 2155 1⁷⁷⁷
236 2145 259 2147 θ’
301 2145 307 2146 ί
322 2145 329 2152 ι
390 2145 396 2154 I
424 2145 430 2146 ί
494 2145 497 2146 ⁷
711 2145 718 2150 ·
832 2145 838 2151 ”

167 2167 283 2197 venerit,
301 2166 473 2199 coloremque
485 2164 604 2190 omnium
620 2164 717 2195 reddit,
735 2164 790 2190 sive
804 2163 847 2189 illa
859 2163 950 2195 arbor,

1022 2145 1131 2196 ήρατον,
1206 2163 1273 2198 πρὸς
1293 2145 1326 2189 τὰ
1348 2145 1442 2200 δένδρα
1465 2145 1510 2190 καὶ
1532 2165 1629 2200 χωρία,
1647 2145 1703 2192 και

163 2212 224 2240 sive
239 2216 322 2243 terra,
338 2211 394 2238 sive
405 2210 507 2244 aliquid
523 2209 595 2236 aliud
610 2209 660 2243 sit;
674 2209 737 2236 hinc
753 2209 842 2236 evenit
859 2213 887 2235 ut
898 2208 951 2235 dif-

165 2257 275 2285 tlculter
291 2257 350 2292 capi
366 2256 463 2292 possit,
487 2256 690 2290 multorumque
716 2255 839 2282 notitiam
854 2254 949 2288 fugiat.

199 2344 301 2372 Eadem
317 2344 425 2372 ratione
439 2348 466 2370 et
475 2343 640 2370 chamaeleon
654 2345 742 2369 mutat
756 2341 874 2370 colorem
889 2341 950 2370 red-

165 2390 257 2426 ditque
286 2398 476 2425 quemcunque
511 2388 636 2424 proxime
665 2388 784 2423 attingit,
810 2387 869 2415 sive
896 2395 950 2421 .per

163 2440 304 2471 pratorum
319 2436 494 2468 viriditatem,
514 2435 572 2462 sive
589 2441 636 2469 per
655 2434 706 2462 soli
724 2433 875 2461 siccitatem
888 2440 948 2460 ser-

163 2489 219 2520 νει.

197 2530 286 2558 Cervo
297 2530 368 2559 inest
381 2536 431 2557 sua
448 2528 591 2559 timiditas,
604 2533 759 2562 quanquam
775 2525 810 2553 sit
822 2525 946 2553 acerrimi

161 2576 239 2604 visus
253 2583 427 2611 pugnamque
450 2582 513 2601 cuin
540 2573 703 2600 animalibus
717 2579 778 2606 quae
800 2571 874 2598 humi
903 2579 946 2599 re-

162 2627 229 2657 punt
256 2622 416 2650 committat.
430 2620 458 2648 Si
473 2620 582 2656 quando
601 2626 661 2646 eum
679 2625 801 2653 serpens,
815 2617 843 2644 in
863 2625 945 2645 saxo--

162 2675 223 2694 rum
236 2668 332 2694 rimam
346 2668 496 2701 ingressus,
515 2665 642 2700 fugiendo
657 2664 809 2696 declinarit,
837 2663 882 2691 siti
897 2671 943 2690 ar-

162 2713 229 2740 dens
243 2712 277 2740 ad
291 2712 378 2739 fontes
388 2719 418 2739 se
432 2711 549 2744 confert,
575 2710 693 2746 graviter
715 2717 832 2745 namque
841 2710 886 2738 siti
901 2709 944 2737 in-

215 2800 234 2815 "
252 2798 328 2826 llom.
346 2798 425 2825 Iliad.
440 2798 471 2831 Υ,
489 2806 513 2825 v.
530 2797 588 2824 l70.

1003 2206 1091 2233 πάντα
1107 2205 1146 2238 οἷς
1162 2208 1195 2233 ἂν
1212 2208 1304 2243 ἐγγίζῃ
1319 2208 1367 2243 τὴν
1384 2209 1475 2244 χροιὰν
1494 2210 1681 2245 μεταϐάλλειν,
1696 2211 1784 2247 καὶτῇ

1001 2252 1111 2278 ἐκείνων
1127 2253 1320 2288 ἀφομοιοῦσθαι
1339 2254 1410 2289 ἰδέᾳ,
1428 2255 1474 2281 καὶ
1486 2255 1529 2282 διὰ
1540 2255 1618 2282 τοῦτο
1633 2254 1705 2283 εἶναι
1723 2257 1786 2284 πολ-

1000 2296 1056 2328 λοῖς
1069 2299 1278 2332 ἀνεπίγνωστον.

1041 2344 1156 2379 Ὁμοίως
1178 2345 1206 2371 δὲ
1224 2346 1271 2372 καὶ
1296 2347 1310 2372 ό
1334 2347 1487 2382 χαμαιλέων
1501 2348 1540 2379 εἰς
1557 2348 1628 2380 οἴους
1652 2349 1685 2375 ἂν
1713 2348 1784 2386 ῑρπῃ

999 2388 1142 2424 λειμῶνας,
1158 2391 1205 2417 καὶ
1218 2391 1302 2426 ἐδάφη
1315 2390 1392 2427 ξηρὰ,
1404 2395 1453 2428 τὴν
1464 2393 1557 2428 χροιὰν
1575 2393 1685 2419 ἐκείνων
1703 2402 1785 2429 μετα-

999 2435 1141 2471 λαμϐάνει.

1031 2526 1122 2553 Δειλον
1138 2527 1154 2562 ἡ
1168 2526 1264 2561 ἔλαφος
1280 2526 1326 2553 καὶ
1337 2526 1486 2562 ὀξυδερκὲς,
1505 2527 1552 2554 καὶ
1568 2527 1636 2563 πρδς
1650 2528 1685 2554 τὰ
1698 2529 1779 2564 ἑρπε-

995 2571 1030 2598 τὰ
1045 2571 1126 2607 (inpia
1143 2572 1285 2607 πολέμιον’
1309 2572 1356 2599 καὶ
1378 2573 1402 2598 εἰ
1416 2571 1534 2609 διαφύγῃ
1549 2573 1632 2607 αὐτὴν
1643 2573 1715 2607 δφις,
1733 2575 1779 2600 καί

995 2618 1034 2649 εἰς
1055 2617 1158 2652 ραγὰδα
1180 2618 1326 2653 παρεισδύῃ
1347 2619 1458 2653 πέτρας,
1478 2620 1629 2653 ἀφικνεῖται
1642 2619 1778 2656 διψήσασα

994 2665 1034 2695 εἰς
1049 2664 1097 2695 τὰς
1114 2663 1220 2697 πηγάς·
1240 2664 1310 2690 πάνυ
1328 2665 1380 2701 γάρ
1396 2666 1453 2692 ἐστι
1472 2665 1540 2700 πρὸς
1555 2665 1603 2700 τὴν
1619 2665 1700 2700 δίψαν
1721 2667 1764 2694 διὰ

993 2717 1090 2744 πυρος,
1105 2709 1142 2741 ὡς
1154 2709 1200 2737 καὶ
1209 2709 1258 2746 τὴν
1282 2709 1402 2745 γλῶτταν
1417 2711 1555 2739 ἐκϐάλλειν
1571 2711 1618 2738 τοῦ
1632 2712 1778 2748 στόματα»
