1909 3071
96 102 148 130 ἿΗ

551 96 686 125 ερωιιλ.
706 111 742 116 --
759 93 937 123 COMMENT.
957 91 991 120 IN
1011 88 1257 119 HEXAEMERON.

1661 85 1714 114 742

94 161 163 197 πρὸς
187 158 218 186 τὺ
242 157 294 185 ὑπὸ
309 157 357 193 τῆς
374 157 540 192 ψυχρότητος
556 155 602 182 τοῦ
620 155 699 190 ἀέρος
716 153 800 188 αὐτὴν
814 153 880 180 ἀνα-

944 151 1096 182 Iammatur,
1108 148 1146 175 ita
1161 152 1190 174 ut
1207 149 1300 174 exerta
1327 144 1419 179 lingua
1450 145 1557 174 aestuet,
1590 145 1620 169 ut
1643 143 1715 170 aeris

95 204 238 242 ψύχεσθαι.
247 202 448 239 Ἐμπλησθεῖσα
460 199 505 228 οὖν
517 201 564 227 τοῦ
578 200 683 231 ὓδατος,
696 199 804 234 ἔρχεται
817 197 880 223 ἔνθα

95 254 108 279 ὁ
122 253 185 287 ὄφις
200 250 359 287 κρύπτεται,
374 249 420 276 καὶ
436 247 615 275 ἀνασπάσασα
631 245 710 273 αὑτὸν
727 246 758 271 ἐκ
773 245 821 280 τῆς
834 245 881 278 ρα-

96 299 189 334 γάὂος,
208 296 385 332 σύμπατοῦσα
405 295 519 330 ἀναιρεῖ.
537 294 568 319 Et
584 291 611 319 δὲ
623 293 669 318 καὶ
690 291 743 317 τῶν
759 290 881 326 κεράτων

96 345 183 379 αὐτῆς
201 343 296 379 μικρόν
311 351 338 368 τι
355 341 438 377 ἢτῶν
457 339 556 375 τριχῶν
582 339 624 364 ἐπ’
636 337 722 368 οἰκίας
745 336 880 370 κατακαῇ,

96 391 124 416 εἴ
140 398 190 415 που
216 389 248 415 ἂν
269 386 419 423 ὲμφωλεύει
442 385 545 421 θηρίον,
559 383 749 418 διαδιδράσκει.
759 380 882 408 Ἐπειδὰν

97 435 126 461 δὲ
140 434 263 468 ἀποϐάλῃ
279 433 314 459 τὰ
331 432 443 467 κέρατα,
463 431 574 466 μόνασιν
598 429 683 463 ζητεῖ,
701 427 747 454 καὶ
762 425 882 462 κρημνὸν

97 480 245 516 ἀπρόσιτον
260 477 469 512 καταλαμϐάνει,
485 476 532 503 καὶ
548 475 646 502 ἇὸατον
667 472 784 509 ἐρημίαν
803 480 883 508 μετα-

98 526 202 557 διώκει,
219 524 256 556 ὡς
272 523 443 551 ἀποϐαλοῦσα
460 522 528 557 πρὸς
538 521 572 548 τὰ
580 520 646 547 ἄλλα
659 518 740 554 θηρία
754 518 784 544 τὸ
797 518 883 552 ἀμυν-

98 573 203 608 τήριον.
213 571 290 597 Ἐπεὶ
305 568 351 597 οὖν
365 569 432 604 πρὸς
448 568 496 599 τὰς
517 567 594 602 ῥίζας
609 566 663 592 τῶν
679 563 884 599 ἀποϐληθέντων

100 618 225 654 κεράτων
241 616 309 644 εἰσὶν
326 615 462 647 ἐλκώσεις,
480 615 520 646 είς
542 611 714 648 πολύδενδρον
731 610 812 637 τόπον
835 617 884 635 κα-

100 665 242 700 ταηηνοῖ,
260 664 327 700 πρὸς
348 663 378 689 τὸ
404 662 441 698 μὴ
467 660 518 687 ὑπὸ
545 659 631 695 μυιῶν
653 656 826 693 ἐκμυζεῐσθαι
851 654 886 682 τὰ

100 711 257 746 τραύματα,
282 709 328 736 καὶ
348 708 443 739 νυκτὸς
458 707 566 742 νέμεται
584 705 673 732 ἄνεσιν
693 703 886 738 ἕχονσα.”οταν

102 757 130 783 δέ
147 756 253 791 ἐκφύσῃ
269 755 302 781 τὰ
319 755 430 790 κέρατα,
448 752 585 788 θαρροῦσα
598 751 703 786 πρόεισι
717 749 762 776 καὶ
781 756 887 784 μεσημ-

103 802 193 838 ϐρίας.
209 801 360 836 Βουλομένη
377 800 404 827 δὲ
420 799 563 833 δοκιμάσαι
580 799 604 824 ει
620 796 760 832 πεπηγότα
772 795 839 830 αὐτῇ
851 794 885 821 τὰ

103 848 219 883 κέρατα,
235 846 356 883 τρυφερὰ
371 846 424 882 γὰρ
440 846 504 872 δντα
522 844 573 871 ὺπὺ
595 843 641 870 τοῦ
667 843 741 879 ἡλίου
758 842 886 878 θραύεται

104 893 353 928 καταφλεγόμεναι·
371 892 490 928 δένδρεσι
506 891 534 918 δὲ
550 889 716 927 παραϐάλλει
731 889 781 924 τὴν
802 896 886 922 κεφα-

104 938 163 974 λὴν,
181 940 229 966 καὶ
252 939 367 974 ἐντρίὸει
390 938 552 969 ἁντιτύπως,
569 935 723 972 πειρωμένη
734 934 845 969 γνῶναι,
863 934 887 959 et

105 985 223 1021 βεϐαίως
239 987 403 1022 ἐρήρεισται.
420 985 491 1020 Πρὸς
502 983 530 1010 δὲ
543 984 576 1011 τὰ
589 983 714 1019 δήγματα
723 981 775 1008 τῶν
786 980 888 1016 φαλαγ-

103 1032 183 1066 γίων,
201 1033 329 1068 καρκῖνον
344 1031 468 1058 ἐσθίουσα
484 1031 566 1059 ἰᾶται.

147 1132 181 1158 Ἢ
197 1131 225 1158 δὲ
244 1130 289 1162 αἲξ
311 1131 327 1166 ἡ
347 1130 430 1166 ἀγρία
448 1130 519 1156 κατὰ
537 1129 585 1164 τὴν
604 1129 731 1164 Κρήτην,
755 1127 802 1153 ἐὰν
818 1127 889 1162 βέλει

103 1178 236 1213 διαπαρῇ,
247 1177 277 1203 τὸ
287 1176 450 1211 καλούμενον
465 1175 594 1210 δίκταμον
608 1173 778 1210 ἐμφαγοῦσα,
792 1172 889 1209 ῥᾳδίως

104 1222 136 1248 τὺ
151 1221 263 1257 τραῦμα
278 1220 466 1256 θεραπεύεται.

142 1278 176 1304 At
189 1277 217 1304 δέ
229 1277 373 1313 παρδάλεις
387 1277 521 1313 θηρῶνται
535 1275 662 1312 εὐμαρῶς
672 1276 705 1302 τὰ
715 1275 781 1308 ζῶα.
795 1276 890 1310 Σαφῶς

105 1323 162 1358 γὰρ
180 1323 276 1349 εἰδυῖαι
289 1324 348 1354 ταῖς
365 1322 412 1349 ἀπ’
427 1321 515 1348 αὐτῶν
527 1321 621 1356 ὀδμαῖς
634 1321 763 1356 χαίροντα
777 1321 811 1347 τὰ
824 1321 890 1347 ἄλλα

107 1370 175 1402 ζῶα,
191 1370 299 1405 βαθέσιν
313 1370 420 1405 ἄντροις
438 1369 548 1405 ίδροῦσι·
567 1369 600 1395 τὰ
616 1369 654 1400 δὲ,
666 1366 710 1395 οἷα
725 1368 836 1403 κνίσσης
851 1369 892 1394 αι-

107 1416 236 1451 σθόμενα,
253 1416 397 1451 ῥινηλατεῖ,
417 1416 462 1442 καὶ
478 1415 621 1449 ἐγγίσαντα
641 1414 679 1450 τῷ
694 1415 777 1450 τόπῳ,
793 1413 892 1445 εὐθέως

106 1462 161 1488 ὑπὸ
177 1461 232 1488 τῶν
247 1461 404 1498 παρδάλεων
416 1461 613 1488 κατεσθίονται.

148 1551 179 1578 '0
200 1550 228 1577 δὲ
251 1550 357 1585 πάλιθηρ
382 1548 455 1583 φίλον
473 1548 521 1584 μέν
538 1548 594 1574 ἐστι
610 1548 718 1574 πάντων
734 1547 788 1573 τῶν
803 1546 889 1580 ζώων,

107 1596 205 1632 ἐχθρὸν
220 1595 248 1622 δέ
261 1595 307 1622 τοῦ
322 1595 475 1630 δράκοντος.
495 1594 571 1620 Ἔστι
587 1593 614 1620 δὲ
636 1593 673 1628 τῷ
693 1592 798 1628 σώματι
814 1593 893 1619 ἀστε-

108 1643 201 1678 ρωπὸν
221 1641 268 1668 καὶ
289 1641 358 1668 πάνυ
380 1640 500 1675 ἡσύχιον.
524 1640 578 1666 Καὶ
599 1639 651 1670 ἓως
674 1638 722 1674 μὲν
744 1637 775 1664 οὐ
796 1637 892 1673 χρήζει

107 1687 223 1724 τροφῆς,
243 1686 462 1722 μένει’καθεῦδον
477 1687 506 1713 ἐν
525 1685 564 1721 τῷ
586 1684 689 1720 φωλεῷ·
710 1685 742 1719 τῇ
765 1683 794 1710 δὲ
814 1683 892 1719 τρίτῃ

109 1733 206 1768 ἡμέρᾳ
222 1733 352 1759 πεινάσαν
375 1732 467 1765 ἔξεισι,
485 1731 532 1757 καὶ
553 1730 657 1766 μεγάλῃ
682 1730 755 1764 φωνῇ
774 1728 832 1764 βοᾷ,
846 1728 893 1755 καὶ

109 1780 142 1805 ὲκ
153 1778 200 1805 τοῦ
215 1778 346 1813 στόματος
359 1777 439 1804 αὐτοῦ
452 1777 548 1803 εὐωδία
560 1785 600 1808 τις
611 1775 708 1808 ἔξεισιν
719 1774 891 1810 ἀρωματικὴ,

109 1824 144 1850 δι’
159 1821 193 1859 ἧς
207 1822 242 1849 τὰ
259 1823 325 1850 ἄλλα
339 1823 394 1854 ζῶα
408 1821 557 1857 θελγόμενα
571 1821 605 1847 τὰ
621 1821 703 1854 ἐγγὺς
720 1819 765 1846 καὶ
779 1818 812 1845 τὰ
826 1818 893 1853 πόρ-

110 1869 198 1905 ρωθεν
212 1869 365 1904 ἐγγίζουσιν
378 1868 462 1903 αὐτῷ,
483 1868 529 1894 καὶ
544 1867 653 1893 ἕπονται
671 1865 825 1902 τερπόμενα
843 1865 892 1891 αὺ-

108 1915 158 1942 τοῦ
172 1917 206 1950 τῇ
221 1914 339 1951 ποικιλίᾳ
353 1915 400 1941 τοῦ
413 1913 546 1950 σώματος.
571 1914 598 1939 '0
614 1913 642 1939 δὲ
655 1911 761 1947 πάνθηρ
770 1911 856 1946 ὀλίγον
867 1920 893 1938 τι

110 1961 340 1997 προηγησάμενος
360 1960 448 1988 αὐτῶν
469 1959 677 1995 ὑποστρέφεται,
696 1959 742 1985 καὶ
758 1959 892 1993 ἐπιτηρεῖ,

110 2008 159 2034 καὶ
175 2008 199 2040 ὃ,
213 2008 235 2034 τ’
249 2007 281 2034 ἂν
294 2006 349 2033 τῶν
366 2006 442 2039 ζώων
455 2005 540 2043 ἀρέσῃ
551 2005 634 2042 αὐτῷ,
652 2005 813 2040 ἐπιπιδὴσας
826 2004 895 2039 λαμ-

111 2054 198 2080 δάνει.

932 195 1082 230 frigiditate
1098 195 1246 220 recreetur.
1263 190 1379 224 Depulsa
1395 190 1485 224 itaque
1498 191 1574 223 potu,
1597 186 1653 220 siti,
1680 186 1716 214 ad

931 240 1067 276 serpentis
1079 238 1198 266 latebras
1214 243 1393 270 recessusque
1408 233 1524 265 accedit,
1538 232 1601 260 inde
1623 236 1716 260 extra-

932 290 1007 314 ctum
1029 285 1201 321 pedibusque
1216 281 1406 309 eonculcatum
1426 279 1564 307 interficit.
1589 278 1621 306 Et
1632 280 1655 307 si
1673 277 1716 305 vel

932 340 1064 360 cornuum
1081 331 1198 358 frustum
1215 328 1256 355 vel
1271 327 1385 362 pilorum
1399 327 1425 352 in
1441 327 1521 352 domo
1533 329 1640 355 uratur,
1656 323 1716 358 ejus

933 379 1038 411 nidore,
1055 376 1180 404 animalia
1202 382 1262 410 qua:
1277 374 1394 404 latitant,
1417 372 1552 406 fugantur.
1579 369 1716 397 Cornibus

934 423 1054 456 amissis,
1071 421 1247 450 solitudinem
1273 418 1380 453 quaerit,
1407 420 1541 452 praerupta
1558 423 1622 442 saxa
1640 415 1716 441 inac-

934 475 1068 502 cessaque
1097 465 1235 496 convenit,
1254 462 1510 496 desertissimasmle
1537 460 1630 487 incolit
1647 459 1716 487 soli-

933 515 1053 546 tudines,
1070 512 1149 548 quasi
1165 519 1207 544 eo,
1220 517 1274 545 quo
1287 517 1316 536 se
1330 509 1364 536 ab
1379 507 1496 534 aliarum
1512 505 1630 533 ferarum
1644 505 1717 539 inju-

934 562 975 589 ria
991 567 1083 587 arcere
1100 557 1196 594 possit,
1214 555 1354 590 deperdito
1365 563 1371 587 ;
1384 557 1411 580 et
1425 559 1486 580 cum
1510 551 1537 578 in
1553 551 1717 578 amissorum

934 613 1068 634 cornuum
1080 603 1218 632 radicibus
1231 602 1320 628 ulcera
1338 600 1495 635 gignantur,
1508 598 1598 624 locum
1625 596 1719 624 multis

936 653 1079 681 arboribus
1092 650 1228 679 consitum
1241 648 1355 678 habitat,
1380 654 1414 673 ne
1440 653 1455 672 a
1476 644 1580 671 muscis
1605 643 1719 670 vulnera

935 704 1136 736 exsurgantur,
1165 702 1304 733 noctuque
1328 696 1450 732 pascitur
1477 693 1672 730 pacatissima;
1692 695 1721 719 at

936 755 1001 776 vero
1017 754 1078 773 cum
1094 753 1196 772 cornua
1205 743 1353 779 eruperint,
1374 742 1501 768 audacter
1519 743 1546 767 et
1558 740 1652 771 libere,
1664 746 1722 765 me-

941 794 1064 828 ridieque
1075 792 1131 827 ipso
1143 791 1264 827 procedit
1278 790 1310 816 ad
1323 788 1432 824 pabula;
1447 787 1591 821 experiens
1602 785 1625 812 si
1641 788 1721 812 enata

938 846 1041 866 cornua
1060 838 1112 864 lixa
1129 837 1241 863 firmiter
1256 839 1319 862 sunt
1332 834 1406 868 (dum
1432 832 1503 859 enim
1524 831 1614 858 mollia
1632 830 1721 856 incre-

938 887 1029 916 scunt,
1045 891 1061 910 a
1076 883 1141 910 solis
1150 882 1240 909 calore
1250 885 1346 908 exusta
1357 876 1528 913 franguntur)
1540 885 1547 910 ;
1561 877 1595 903 ad
1611 877 1722 903 arbores

938 931 1066 959 collatum
1084 931 1165 964 caput
1186 927 1353 962 comprobat,
1380 925 1579 958 adversumque
1605 922 1720 953 aﬂ‘ricat,

938 976 1158 1012 repercutiendo,
1175 978 1284 1001 tentans
1297 971 1445 1008 periclitari
1464 971 1486 997 si
1504 970 1617 996 firmiter
1632 969 1723 995 adhae-

938 1026 1027 1051 reant.
1040 1020 1250 1056 Phalangiorum
1266 1017 1402 1045 morsibus
1414 1023 1514 1043 cancro
1528 1018 1622 1041 vorato
1633 1013 1724 1040 mede-

939 1074 994 1097 tur.

975 1127 1063 1162 Capra
1080 1124 1215 1153 silvestris
1239 1123 1267 1149 in
1281 1121 1371 1153 Creta,
1389 1120 1450 1148 telis
1462 1119 1526 1151 icta,
1542 1117 1627 1145 herba
1642 1124 1724 1152 quam

939 1172 1089 1200 dictamum
1107 1176 1237 1198 vocamus
1252 1171 1330 1204 pasta
1341 1186 1348 1199 ,
1365 1165 1441 1193 nullo
1451 1164 1543 1191 labore
1559 1163 1661 1191 excutit
1677 1169 1724 1192 ac-

940 1223 1019 1253 cepta
1034 1217 1098 1244 tela.

976 1273 1100 1302 Pardalis
1125 1271 1255 1308 perfacile
1275 1269 1347 1304 capit
1369 1267 1506 1295 animalia.
1535 1266 1640 1293 Etenim
1661 1272 1723 1293 cum

942 1324 984 1349 sat
1004 1319 1109 1347 noverit
1131 1321 1245 1345 cunctas
1266 1314 1456 1351 quadrupedes
1477 1314 1536 1348 ejus
1557 1313 1640 1340 odore
1657 1312 1726 1339 miro

942 1366 1095 1397 sollicitari,
1112 1365 1139 1392 in
1154 1362 1298 1399 profundis
1313 1361 1435 1388 cavernis
1453 1360 1577 1391 insudat,
1601 1359 1642 1386 hic
1661 1365 1727 1385 vem

942 1412 1019 1448 quasi
1040 1411 1136 1438 nidore
1161 1409 1278 1444 quodam
1303 1408 1440 1438 invitatm,
1471 1405 1607 1440 sagaciter
1633 1411 1728 1439 person

943 1462 1075 1494 quuntur,
1095 1457 1140 1483 ubi
1160 1458 1305 1490 properato
1318 1454 1345 1481 in
1360 1453 1420 1480 loca
1434 1451 1524 1479 vicina
1536 1450 1726 1484 convenerint,

905 1501 926 1530 C
943 1504 1034 1532 subito
1049 1506 1190 1537 correptas
1203 1500 1318 1528 mandit.

978 1549 1113 1577 Panthera
1131 1555 1192 1575 cum
1208 1546 1313 1574 caeteris
1328 1543 1512 1571 animantibus
1522 1562 1529 1574 ,
1546 1550 1601 1569 uno
1613 1545 1727 1576 excepto

943 1595 1072 1626 dracone,
1087 1592 1221 1620 amicitias
1232 1595 1259 1618 et
1272 1588 1485 1617 consuetudines
1494 1587 1600 1622 jungit;
1614 1586 1727 1614 minutis

943 1641 1111 1669 macularqu
1129 1638 1216 1665 oculis
1227 1657 1234 1668 ,
1250 1636 1328 1671 quasi
1346 1634 1432 1662 stellis
1447 1636 1618 1669 superpieta,
1635 1633 1727 1660 valde-

943 1694 996 1722 que
1007 1686 1097 1716 cicur,
1115 1688 1141 1711 ct
1166 1682 1286 1718 quandiu
1309 1681 1372 1708 cibo
1393 1688 1447 1708 non
1469 1684 1548 1715 eget,
1571 1680 1598 1706 in
1615 1678 1726 1706 latebris

944 1731 1060 1764 dormit;
1086 1729 1132 1758 sed
1144 1733 1204 1764 post
1218 1732 1273 1755 tres
1289 1727 1347 1755 dies
1357 1747 1365 1758 ,
1382 1727 1451 1753 fame
1464 1726 1632 1757 dominante,
1649 1732 1727 1760 egre-

944 1774 1018 1802 ditur
1032 1773 1203 1807 maximeque
1219 1772 1334 1803 clamat,
1352 1770 1469 1804 indeque
1485 1778 1517 1797 ex
1534 1777 1582 1797 ore
1605 1770 1727 1797 suavitas

946 1820 1088 1856 qua'dam,
1111 1819 1203 1846 odoris
1237 1819 1324 1845 instar
1347 1821 1498 1844 aromatum
1520 1816 1640 1848 efﬂatur,
1667 1823 1723 1851 quo

944 1865 1071 1892 animalia
1087 1864 1202 1900 pellecta
1218 1863 1362 1898 capiantur
1373 1883 1381 1895 ,
1407 1867 1434 1889 et
1452 1866 1508 1888 tum
1534 1861 1641 1891 vicina,
1669 1866 1727 1888 tum

945 1911 1133 1946 longinquiora
1164 1910 1287 1945 proxime
1318 1908 1469 1940 accedunt.
1502 1912 1727 1943 sequunturque,

945 1958 1068 1992 corporis
1089 1956 1221 1983 varietate
1244 1955 1387 1982 delectata.
1413 1953 1513 1982 Verum
1530 1954 1659 1988 panthera
1684 1954 1728 1980 via

944 2012 998 2032 non
1015 2004 1094 2038 longa
1110 2003 1262 2038 procedens
1279 2001 1435 2032 revertitur.
1461 2004 1616 2035 attenteque
1636 1999 1729 2027 consi-

945 2049 1022 2078 derat
1034 2069 1041 2080 ,
1064 2053 1091 2076 et
1104 2056 1137 2076 ex
1156 2048 1321 2074 animalibus
1338 2046 1409 2081 quod
1426 2046 1465 2073 illi
1486 2046 1638 2073 collibitum
1666 2049 1727 2077 est,

946 2096 1048 2130 impetu
1064 2094 1146 2126 facto,
1161 2093 1378 2128 comprehendit.

154 2156 184 2182 Ὀ
197 2155 225 2182 δέ
243 2154 340 2189 ἐλέφας
356 2154 502 2189 ἐγκυμονεῖ
522 2153 570 2188 μὲν
585 2153 688 2188 χρόνῳ,
705 2153 745 2183 εἰς
760 2150 825 2178 δέκα
841 2150 890 2186 γὰρ

983 2152 1032 2178 Diu
1049 2151 1182 2186 gravescit
1207 2154 1285 2177 utero
1300 2149 1428 2184 elephas,
1445 2148 1537 2176 decem
1560 2149 1632 2176 enim
1649 2148 1729 2175 annis

113 2201 160 2236 ἔτη
176 2201 267 2227 πέττει
278 2201 326 2236 τὴν
343 2199 456 2235 σπορὰν,
472 2199 519 2225 καὶ
530 2200 593 2225 ὃταν
605 2199 618 2224 ὁ
630 2197 707 2229 τόκος
718 2197 805 2232 γέρων
816 2197 895 2231 γένη-

111 2255 168 2278 ται,
193 2246 254 2272 τότε
278 2245 427 2272 ἀποτίκτει·
452 2245 532 2280 ἡνίκα
555 2243 576 2270 δ’
597 2243 630 2270 ἂν
651 2244 679 2275 ἐς
700 2242 793 2279 βόθρον
816 2251 896 2269 κατε-

112 2291 206 2326 νεχθῇ,
227 2291 273 2317 καὶ
287 2290 363 2321 ἄλλος
377 2290 474 2324 ἐλέφας
490 2289 629 2324 θεάσηται,
655 2288 797 2323 πορευθεὶς
817 2287 897 2313 συνά-

114 2346 157 2372 γει
171 2337 286 2368 πολλοὺς
301 2336 458 2370 ἐλέφαντας,
475 2335 522 2361 καὶ
540 2334 661 2366 ἐλθόντες
675 2334 720 2361 τὸν
736 2333 896 2360 πεπτωκότα

113 2382 273 2410 ἀνασπῶσιν
289 2381 378 2417 ἠρέμα
389 2380 622 2415 ὑποκουφίζοντες.

155 2439 186 2465 Ὀ
202 2437 231 2464 δέ
243 2437 349 2474 δράκων
365 2438 378 2463 ὁ
393 2437 463 2463 κατὰ
477 2437 525 2471 τὴν
544 2436 637 2462 Ἰνδίαν
650 2436 714 2471 περὶ
725 2435 759 2462 τὰ
769 2435 839 2462 νῶτα
850 2436 896 2462 τοῦ

114 2485 260 2518 ἐλέφαντος
273 2483 396 2518 ὰνέρπει,
408 2483 455 2509 καὶ
463 2483 511 2518 τὴν
522 2483 603 2518 νηδὺν
611 2483 698 2509 πᾶσαν
713 2483 895 2518 περιειλείται,

115 2531 162 2557 καὶ
177 2530 212 2565 ἢν
225 2530 258 2556 ἂν
273 2529 342 2566 τύχῃ
355 2528 440 2564 φλέϐα
452 2528 546 2555 διελεῖν
555 2548 562 2559 .
579 2528 723 2564 ἀπλήστως
739 2529 897 2564 ἐμφορεῖται

114 2576 163 2603 τοῦ
176 2576 302 2611 αἵματος,
320 2574 508 2610 ἐπισπώμενος
528 2574 607 2610 βιαίῳ
620 2574 764 2609 πνεύματι,
778 2575 824 2601 καὶ
836 2583 897 2601 συν-

115 2623 184 2657 τόνῳ
208 2621 300 2658 ῥοίζῳ.
321 2622 351 2647 '0
366 2621 394 2648 δὲ
415 2620 512 2655 ἐλέφας
533 2621 639 2655 σκιρτᾷ,
660 2621 707 2647 καὶ
725 2621 757 2656 τῇ
775 2621 896 2656 προνομῇ

115 2668 214 2696 1ιύιιιίιει
233 2667 267 2694 τὰ
290 2667 401 2703 πλευρὰ,
421 2667 459 2699 ὡς
476 2666 522 2693 τοῦ
542 2666 685 2702 δράκοντος
697 2666 896 2702 καθεζόμενος⁴¹⁸

116 2713 176 2742 εἶτα
191 2714 388 2748 ὲκκενουμένου
403 2713 449 2740 τοῦ
462 2713 585 2748 αἵματος,
605 2713 694 2739 οὐκέτι
713 2712 799 2748 πηδᾷν
817 2711 898 2738 δυνά-

120 2769 209 2795 μενος,
221 2761 329 2796 τρέμων
341 2761 456 2792 ἵσταται,
471 2759 565 2795 μικρὸν
576 2759 604 2785 δέ
615 2758 726 2793 ὕστερον
737 2758 840 2790 πίπτει,
853 2758 899 2784 καὶ

117 2806 172 2834 τῶν
190 2806 293 2834 σκελῶν
310 2806 551 2842 ἐξασθενησάντων·
567 2802 626 2832 εἶτα
637 2806 683 2832 καὶ
697 2803 841 2840 ἀποψύχει,
854 2804 899 2831 καὶ

946 2201 1043 2233 gestat,
1069 2204 1215 2232 semenque
1229 2196 1386 2231 concoquit,
1403 2199 1429 2222 et
1447 2198 1630 2222 senescentem
1644 2194 1728 2221 fetum

946 2243 1081 2280 parturit,
1105 2251 1168 2270 cum
1194 2244 1222 2269 in
1246 2242 1351 2269 foveam
1366 2241 1519 2268 deerrando
1535 2240 1682 2272 ceciderit,
1703 2239 1728 2267 si

946 2290 1016 2317 alius
1027 2289 1136 2324 elephas
1147 2289 1296 2324 inspexerit
1310 2288 1353 2314 via
1366 2291 1473 2322 arrepta
1489 2287 1590 2314 multos
1605 2286 1631 2313 in
1643 2293 1727 2313 unum

946 2336 1105 2370 elephantes
1120 2335 1193 2370 cogit
1209 2335 1254 2370 qui
1271 2341 1332 2362 eum
1350 2333 1398 2368 qui
1412 2333 1560 2366 ceciderit,
1580 2333 1686 2365 leniter,
1702 2336 1729 2359 et

947 2382 1038 2418 quiete
1052 2382 1227 2409 sustollentes
1246 2380 1402 2407 extrahunt.

982 2437 1069 2464 Draco
1084 2436 1154 2471 apud
1166 2435 1246 2463 lmlos
1256 2436 1284 2462 in
1297 2434 1447 2469 elephantis
1463 2438 1537 2469 terga
1551 2434 1614 2462 salit
1625 2436 1729 2461 toturn-

947 2491 1000 2518 que
1025 2487 1147 2510 ventrem
1175 2481 1350 2509 circumﬂexu
1368 2481 1446 2507 facile
1462 2480 1555 2512 ambit,
1572 2483 1599 2507 et
1613 2487 1647 2507 ex
1661 2486 1730 2506 vena

948 2537 1028 2565 quam
1045 2527 1172 2555 inciderit
1185 2547 1193 2559 ,
1208 2526 1365 2554 avidissime
1392 2525 1495 2560 absque
1513 2525 1636 2553 satietate
1665 2533 1730 2553 san-

948 2574 1056 2610 guinem
1072 2576 1163 2608 captat
1176 2572 1298 2599 violento
1312 2570 1408 2606 spiritu
1425 2569 1555 2597 hauriens
1572 2570 1729 2606 ingentique

948 2620 1073 2654 strepitu.
1098 2618 1131 2645 At
1157 2617 1266 2652 elephas
1279 2617 1388 2648 exsilit,
1406 2615 1622 2651 proboscideqtte
1644 2615 1729 2643 latera

948 2667 1082 2697 verberat,
1091 2664 1167 2700 quasi
1176 2665 1320 2691 draconem
1329 2666 1531 2697 prostraturus;
1543 2661 1589 2689 sed
1599 2661 1729 2696 sanguine

949 2712 1110 2742 deficiente,
1131 2717 1194 2737 cum
1218 2709 1318 2736 saltare
1339 2716 1392 2735 non
1406 2707 1511 2743 possit,
1538 2710 1596 2734 toto
1615 2713 1730 2742 corpore

951 2757 1051 2790 tremit,
1061 2764 1111 2784 nec
1123 2756 1207 2783 multo
1222 2759 1283 2790 post
1300 2754 1365 2786 ruit,
1377 2754 1558 2788 cruribusque
1569 2753 1729 2786 debilitatis,

951 2811 1059 2837 unaque
1079 2809 1172 2831 secum
1187 2802 1277 2830 obruit
1289 2800 1432 2828 draconem
1444 2820 1451 2832 ,
1468 2804 1495 2827 et
1510 2799 1592 2827 draco
1613 2799 1731 2829 vinculis
