1909 3071
161 71 213 100 Ἶιὲδ

587 70 617 98 S.
637 68 858 98 EUSTATHIUS
877 68 1123 97 ANTIOCHENUS
1142 67 1342 97 EPISCOPUS.

1736 68 1790 95 7-H

159 129 259 164 quibus
274 137 338 157 eum
363 131 568 164 praestrinxerat
595 126 733 154 solvendis
756 127 863 162 impar,
892 126 948 154 ele-

1012 125 1228 161 ωνεπιλαμΰᾰνει
1242 125 1287 152 τὸν
1300 125 1443 161 δράκοντα·
1461 126 1474 152 6
1485 125 1513 152 δὲ
1526 125 1635 161 δράκων
1649 125 1680 151 ὃν
1696 123 1790 160 περιέ-

160 175 270 211 phantis
287 175 405 212 pondere
424 183 547 210 pressus,
560 174 711 202 suffocatus
727 174 847 201 eliditur.

196 265 310 294 Ardenti
341 273 427 300 equus
458 265 484 291 in
514 263 643 291 feminam
668 263 799 290 incitatur
822 262 945 290 libidine.

162 312 269 340 Tardus
286 312 395 342 asinus,
420 311 514 338 auditu
531 318 611 341 acer,
633 313 659 337 et
681 317 771 337 rerum
787 309 946 336 recordans.

161 360 324 395 lnjuriarum
337 366 440 385 memor
456 357 586 384 camelus.
606 355 805 382 lmmansnetns
822 355 910 390 lupus.

197 406 250 433 Bos
262 405 355 432 firmus
372 408 398 432 et
412 407 552 430 constans.
573 401 673 429 Gratus
694 405 735 428 est
759 401 948 428 dominorum—

161 459 215 486 que
237 450 422 477 amicissimus
450 447 541 480 canis;
558 454 628 481 smpe
641 446 713 474 enim
731 447 757 472 in
775 445 872 472 itinere
885 453 947 471 cum

161 496 265 525 domini
283 495 485 524 occiderentur,
503 497 529 520 et
548 494 606 527 ipse
621 500 674 518 una
690 495 870 526 consumptus
889 495 946 524 est;

161 543 207 570 alii
223 547 355 569 eteorum
373 547 549 576 percussores
573 539 637 566 fassi
656 542 736 570 sunt,
757 541 784 565 et
808 541 837 564 ut
858 537 948 571 justas

161 595 258 624 pinnas
285 595 335 622 pro
355 589 432 613 tanto
456 585 557 612 scelere
585 584 772 618 persolverent
789 585 946 617 coegerunt.

197 634 325 671 Hymnam
340 632 454 659 alternis
469 630 548 657 annis
563 637 676 662 marem,
692 628 804 655 alternis
820 627 947 654 feminam

161 681 236 712 ﬁeri,
254 677 582 709 nonnullicrediderunt;
600 675 671 710 quod
691 674 787 701 falsum
807 676 866 705 est;
884 680 947 699 nam

162 727 263 754 animal
279 726 331 752 hoc
342 732 402 751 cum
420 723 532 758 perditae
546 721 741 756 flagitiosaaque
758 720 794 747 sit
807 719 928 746 libidinis
939 739 946 750 ,

162 777 260 810 praeter
276 772 398 799 foramen
414 769 487 804 quod
500 769 551 796 sub
571 767 658 795 cauda
678 771 736 798 est,
752 772 883 793 tumorem
899 773 948 800 pu-

999 171 1060 198 θετο
1081 172 1177 207 δεσμὸν
1200 172 1278 198 λῦσαι
1304 171 1339 207 μὴ
1356 171 1510 206 δυνάμενος,
1527 172 1573 198 καὶ
1588 171 1627 207 τῷ
1644 171 1724 207 βάρει
1741 170 1790 197 τοῦ

998 219 1143 253 ἐλέφαντος
1156 219 1325 254 πιεζόμενος,
1344 219 1448 252 πνιγεὶς
1466 218 1587 254 τελευτᾷ.

1033 266 1139 301 Θερμος
1152 267 1165 291 ὁ
1180 266 1262 297 ἵππος
1276 266 1343 301 πρὸς
1359 265 1504 300 ἐπιθυμίαν
1515 265 1561 291 τοῦ
1574 264 1679 300 Θήλεος.
1695 263 1791 294 Νωϐὸς

997 312 1012 337 ὁ
1028 311 1096 344 ὄνος,
1117 311 1163 337 καὶ
1182 311 1320 347 όξυήκοος,
1337 311 1382 337 καὶ
1403 312 1525 346 μνήμων.
1544 309 1723 345 Μνησίκακον
1739 309 1791 335 κὰ-

1000 362 1092 391 μηλος.
1114 357 1175 390 Ἀνή
1180 365 1260 392 μερον
1277 356 1366 388 λύκος.

1034 402 1173 438 Εὑσταθὴς
1191 404 1205 429 ὁ
1222 402 1294 438 βοῦς.
1309 402 1474 438 Εὐχάριστος
1489 402 1503 427 ὁ
1517 401 1600 433 κύων,
1621 400 1669 428 καὶ
1687 400 1791 435 φιλοδε-

999 448 1110 483 σπότης·
1129 448 1258 479 πολλάκις
1272 447 1325 483 γὰρ
1344 447 1402 474 καθ’
1418 447 1475 473 ὁδὸν
1492 446 1682 482 φονευομένοις
1698 446 1791 475 αὐτοῖς

998 493 1179 520 ἐπαπέθανεν
1197 493 1285 528 ἕτεροι
1299 492 1327 518 δὲ
1341 493 1387 519 καὶ
1403 493 1464 523 τοὺς
1480 493 1569 526 φονεῖς
1584 492 1789 526 κατεμήνυσαν,

999 541 1046 567 καὶ
1067 539 1115 575 τὴν
1137 539 1238 565 ἔνδικον
1253 539 1397 565 πείσασθαι
1414 538 1511 569 αὐτοὺς
1527 537 1664 573 τιμωρίαν
1681 533 1791 572 προεξέ-

999 594 1094 621 νησαν.

1034 630 1089 666 Τὴν
1113 630 1141 657 δὲ
1163 629 1258 656 ὖαιναν
1289 629 1464 664 ὑπετόπησάν
1497 637 1568 660 τινες
1588 628 1790 663 ὑπονοήσαντες

999 676 1122 712 ἀμείϐειν
1143 677 1202 703 κατ’
1217 675 1276 707 ἔτος
1292 676 1341 711 τὴν
1357 675 1474 710 θηλυκὴν
1491 674 1570 708 φύσιν
1584 674 1630 700 ἐπὶ
1646 673 1677 700 τὸ
1693 673 1789 709 ἄρρεν,

999 724 1014 760 ἢ
1033 724 1081 759 τὴν
1103 724 1206 759 ἄρρενα
1227 723 1273 748 ἐπὶ
1289 722 1319 748 τὸ
1335 721 1410 757 θῆλυ.
1430 722 1505 756 Ἔχει
1521 720 1548 746 δὲ
1571 721 1620 755 οὐχ
1640 720 1737 751 οὓτως·
1759 719 1790 745 τδ

999 770 1052 806 γὰρ
1076 769 1155 802 ζῶον,
1182 769 1378 803 ἀσελγέστατον
1405 768 1473 794 πάνυ
1500 767 1631 802 ὑπάρχον,
1660 766 1715 802 πρὸ
1742 765 1789 792 τοῦ

162 819 252 848 dendo
269 817 393 845 mulieris
415 823 468 843 non
491 815 652 841 dissimilem
674 813 813 845 continet,
841 812 869 838 in
894 819 948 846 quo

1012 815 1083 851 τόρου
1107 814 1159 841 ὑπὸ
1181 813 1229 849 τὴν
1251 813 1349 849 κέρκον
1368 812 1463 848 ἐξοχὴν
1480 812 1620 846 κέκτηται,
1636 811 1730 846 αἰδοίῳ
1740 811 1791 846 Θη-

162 864 286 892 foramen
301 869 355 889 non
369 866 411 888 est
421 881 428 892 ,
442 859 488 888 sed
505 863 609 886 tantum
626 866 722 885 cavum
733 878 740 890 ,
757 857 829 892 quod
843 857 947 883 nullum

161 909 249 937 vulvae
262 915 341 935 usum
358 905 487 933 exhibere
514 905 603 935 valet,
632 903 679 931 sed
699 903 834 930 duntaxat
859 902 948 930 inanis

163 957 284 984 libidinis
309 953 510 989 receptaculum
540 952 701 984 extuberat;
731 955 840 986 propter
868 948 949 983 igitur

163 1002 324 1029 immensam
340 999 482 1027 muliebria
499 998 617 1033 patiendi
634 997 826 1033 appetentiam,
843 995 911 1022 mari
922 998 949 1022 et

162 1048 270 1076 femina
299 1046 444 1082 singularis
461 1045 518 1072 hac
536 1044 688 1080 proprietas
716 1034 825 1070 dicitur'
841 1042 948 1074 inesse;

163 1095 226 1122 dum
248 1094 319 1122 enim
341 1093 421 1128 plena
445 1091 579 1118 foramina
605 1090 633 1117 in
660 1093 792 1124 conceptu
819 1087 950 1115 salvando

163 1145 343 1175 occupantur,
354 1139 426 1165 inter
440 1145 470 1165 se
481 1136 694 1172 ﬂagitiosissime
704 1139 799 1162 contra
810 1138 948 1166 naturam,

163 1187 310 1214 mixturam
326 1185 439 1212 faciunt.
458 1182 536 1210 Unde
548 1183 671 1218 hyzenam
684 1181 813 1208 feminam
829 1180 951 1208 invenire

162 1233 335 1261 rarissimum
360 1235 411 1262 est,
434 1230 500 1257 huic
531 1230 605 1257 enim
633 1228 726 1256 bestia:
749 1235 805 1254 non
828 1227 950 1255 continui

164 1283 260 1314 partus
275 1279 353 1306 tiunt.

201 1326 290 1360 Lepus
306 1328 348 1352 est
370 1325 397 1351 in
414 1323 488 1351 coitu
504 1320 744 1357 intemperantior;
768 1320 868 1348 femina
884 1327 953 1355 quo-

165 1372 232 1399 libet
247 1378 341 1397 mense
359 1369 444 1404 parit;
468 1376 528 1403 que:
544 1375 605 1395 cum
619 1366 740 1402 peperit,
764 1374 861 1394 rursus
878 1373 894 1392 a
913 1365 952 1392 le-

166 1425 232 1454 pore
248 1423 439 1452 quemcunque
465 1423 526 1442 sors
550 1415 664 1445 tulerit,
689 1413 784 1445 initur,
811 1416 839 1440 et
863 1411 953 1439 adhuc

167 1464 272 1491 lactans
286 1462 414 1497 concipit,
433 1470 481 1489 nec
493 1469 547 1488 uno
562 1464 690 1488 contenta
706 1462 758 1487 est.

202 1510 339 1545 Gryphem
355 1507 554 1543 magnitudinis
581 1508 721 1534 immensae
741 1506 846 1537 ferunt,
870 1505 904 1531 ita
923 1507 953 1530 ut

169 1556 263 1594 umbra
279 1555 352 1582 illius
365 1554 496 1589 praedium
508 1560 624 1589 opacet,
646 1557 672 1581 et
697 1553 781 1580 veluti
808 1551 880 1587 apud
901 1558 953 1577 nos

168 1602 259 1637 aquila
281 1602 414 1636 leporem,
435 1601 475 1628 sic
495 1601 540 1628 ille
563 1601 668 1627 leonem
690 1598 820 1626 facillimo
844 1596 953 1632 negotio

167 1651 276 1681 raptum
288 1646 433 1681 praedatur.

203 1692 382 1723 Charadrius.
399 1692 478 1727 cujus
499 1691 606 1725 Moyses
623 1690 747 1718 meminit
763 1689 795 1722 "‘,
812 1693 869 1716 toto
891 1695 953 1715 cor-

169 1747 237 1776 pore
253 1738 474 1773 splendidissimo
498 1739 566 1765 nitet
583 1737 702 1765 candore
719 1737 832 1763 alterius
854 1735 955 1763 coloris

170 1785 286 1813 maculis
311 1792 443 1820 nusquam
460 1791 606 1819 aspersus;
623 1783 705 1818 hujus
723 1782 829 1809 eﬂluvia
850 1782 955 1809 obtusze

170 1831 312 1858 oculorum
326 1831 393 1858 aciei
416 1830 518 1857 mederi
545 1830 674 1861 tradunt,
696 1828 890 1862 immorarique
913 1835 956 1855 re-

169 1877 240 1913 giis,
264 1877 327 1904 vita:
343 1881 370 1904 et
384 1876 480 1904 mortis
506 1876 663 1903 hominibus
686 1883 764 1910 aegra:
788 1874 957 1908 infirmaque

170 1923 334 1951 valetudinis
355 1923 535 1958 prrenuntios.
553 1923 621 1949 Cum
640 1922 713 1950 enim
730 1921 834 1949 aifeetis
851 1921 956 1948 viribus

171 1969 253 1997 homo
269 1970 360 2001 fuerit,
373 1969 546 1996 charadrium
566 1969 605 1995 ita
619 1968 836 2000 accommodant,
854 1973 883 1994 ut
894 1975 957 1995 eum

173 2015 295 2043 adversis
315 2016 403 2043 oculis
426 2015 526 2042 intueri
544 2015 645 2050 possit;
670 2014 716 2048 qui
731 2014 754 2041 si
771 2017 804 2041 ad
825 2017 956 2049 aegrotum

172 2060 330 2092 attenderit,
343 2063 516 2095 :egrotusqne
526 2060 560 2087 ad
569 2060 668 2095 ipsum,
682 2060 779 2087 hausta
789 2059 956 2091 infirmitate,

173 2107 335 2135 charadrius
356 2114 403 2141 per
419 2114 521 2139 aerem,
541 2107 625 2134 solem
639 2114 735 2134 versus
750 2106 855 2138 volitat,
866 2105 957 2140 ibique

999 860 1073 895 λυκῷ
1099 860 1297 896 παραπλήσιον,
1323 859 1390 894 ὅπερ
1409 859 1458 885 οὐκ
1483 857 1538 892 ἔχει
1564 857 1656 892 πόρον,
1673 856 1691 892 ἢ
1711 856 1791 891 μόνον

999 907 1154 942 κοιλότητα,
1173 907 1211 938 είς
1225 906 1301 932 οὐδὲν
1314 906 1419 941 μήτρας
1435 904 1562 940 χρειῶδες
1577 903 1790 938 καθεστηκυῖαν,

1001 953 1047 979 καὶ
1057 952 1137 988 κενὴν
1149 952 1232 987 μόνην
1244 951 1369 985 λαγνείαν
1382 951 1497 986 δέχεται.
1508 950 1557 976 Διὰ
1571 950 1635 984 γοῦν
1645 949 1692 975 τὸν
1704 950 1789 985 ὑπερ·

999 998 1130 1025 ϐάλλοντα
1147 997 1355 1033 πασχητιασμὸν
1375 996 1452 1023 τοῦτο
1463 997 1477 1022 ὁ
1494 997 1580 1032 ᾶρῤην
1597 996 1644 1022 καὶ
1660 996 1677 1031 ἡ
1696 995 1792 1030 θήλεια

1001 1044 1092 1079 ἔχουσι
1108 1044 1138 1070 τὺ
1159 1043 1266 1078 ἰδίωμα·
1283 1043 1346 1069 ὅταν
1364 1042 1418 1078 γὰρ
1436 1043 1460 1068 οἱ
1481 1042 1558 1077 πόροι
1578 1041 1791 1076 πεπληρωμένοι

1000 1090 1177 1125 ἀσχολοῦνται
1194 1090 1257 1125 περὶ
1276 1089 1325 1124 τὴν
1340 1088 1446 1124 κύησιν,
1463 1089 1492 1114 ὲν
1508 1087 1631 1122 ἀλλήλοις
1648 1088 1698 1122 τὴν
1716 1087 1792 1123 παρὰ

1002 1136 1082 1170 φύσιν
1105 1135 1176 1171 μίξιν
1200 1134 1370 1171 ἐργάζονται.
1399 1133 1479 1160 Ὅθεν
1505 1132 1691 1159 σπανιώτατόν
1718 1133 1791 1158 ἐστιν

1001 1184 1091 1220 εὑρεῖν
1112 1183 1220 1218 θήλειαν
1244 1182 1347 1208 ὖαιναν·
1366 1181 1397 1207 οὐ
1414 1180 1468 1216 γὰρ
1490 1181 1612 1214 συνεχεῖς
1628 1179 1656 1206 αἱ
1679 1179 1793 1214 κυήσεις

1001 1229 1040 1265 τῷ
1056 1229 1117 1265 ζώῳ
1132 1228 1279 1263 γίγνονται.

1043 1330 1072 1356 Ὁ
1087 1329 1114 1356 δὲ
1127 1328 1231 1364 λαγωὸς
1246 1329 1314 1364 πρὸς
1329 1328 1470 1356 συνουσίαν
1489 1327 1562 1355 ἐστὶν
1578 1327 1790 1363 ἀκρατέστερος.

1008 1376 1041 1402 Ἦ
1057 1376 1086 1403 δὲ
1109 1375 1203 1412 θήλεια
1223 1375 1294 1402 κατὰ
1312 1376 1383 1410 μῆνα
1399 1376 1495 1406 τίκτει,
1513 1375 1560 1401 καὶ
1576 1374 1695 1400 τεκοῦσα
1713 1374 1793 1400 πάλιν

1004 1422 1056 1449 ὑπὸ
1071 1422 1117 1449 τοῦ
1132 1422 1257 1457 τυχόντος
1274 1421 1380 1455 λαγωοῦ
1396 1421 1528 1456 ὀχεύεται,
1546 1421 1592 1446 καὶ
1609 1419 1794 1454 συλλαμϐάνει

1004 1470 1044 1496 ἔτι
1057 1469 1236 1505 θηλαζομὲνη·
1253 1469 1283 1494 οὺ
1300 1467 1354 1502 γὰρ
1368 1468 1492 1503 ἀρκεῖται
1511 1467 1560 1493 ἐνί.

1041 1516 1093 1542 Τὸν
1105 1515 1133 1542 δὲ
1150 1514 1243 1550 γρῦπα
1259 1515 1339 1548 φασὶν
1355 1514 1422 1540 εἶναι
1438 1512 1504 1545 ζῶον
1522 1510 1794 1548 παμμεγεθέστατον,

1005 1561 1043 1593 ὼς
1056 1560 1204 1597 ἁρουραίαν
1221 1559 1299 1585 σκιὰν
1316 1558 1443 1585 ἐκτελεῖν
1461 1558 1578 1593 ἁρπάζει
1592 1558 1619 1583 δὲ
1635 1557 1735 1584 λέοντα
1749 1555 1794 1583 οὗ-

1004 1614 1058 1637 τως
1072 1604 1200 1640 εὐχερῶς,
1218 1604 1255 1635 ὠς
1272 1603 1349 1635 ἀετὸς
1363 1604 1427 1639 παρ’
1440 1604 1506 1638 ἡμῖν
1522 1602 1635 1636 λαγωόν.

1042 1695 1119 1721 Ἐστι
1137 1693 1205 1726 ζῶον
1226 1693 1370 1729 χαραδριὺς
1385 1694 1400 1719 ό
1417 1692 1493 1728 παρὰ
1509 1693 1611 1728 Μωῡσῇ
1627 1692 1795 1727 μνημονευό-

1008 1750 1096 1777 μενος,
1114 1740 1285 1771 λευκότατος,
1300 1739 1333 1766 δι’
1344 1739 1403 1765 ὅλον
1419 1738 1449 1765 τὸ
1463 1738 1541 1774 σῶμα
1560 1739 1596 1774 μὴ
1617 1739 1686 1774 ἔχων
1700 1739 1796 1765 σπῖλον

1006 1787 1088 1821 ἄλλης
1100 1786 1192 1822 χρόας·
1213 1787 1260 1812 καὶ
1276 1785 1369 1812 τούτου
1388 1785 1437 1816 τὰς
1455 1785 1579 1821 ὲκρύσεις
1595 1785 1658 1816 τοὺς
1672 1784 1798 1820 ἀμϐλυω-

1007 1833 1124 1864 ποῦντας
1143 1831 1232 1859 ἰᾶσθαί
1252 1840 1326 1866 φασι.
1346 1831 1517 1866 Καταμένειν
1533 1831 1561 1857 δὲ
1580 1831 1660 1857 αὑτὸν
1685 1832 1714 1857 ὲν
1736 1832 1796 1861 ταῖς

1007 1879 1101 1910 αὐλαῖς
1123 1879 1183 1909 ταῖς
1209 1878 1360 1913 βασιλικαῖς
1386 1876 1530 1912 ἱστοροῦσι,
1557 1877 1699 1913 προφήτην
1724 1876 1795 1910 ζωῆς

1008 1925 1054 1952 καὶ
1069 1925 1183 1952 θανάτου
1201 1926 1257 1956 τοῖς
1273 1924 1405 1960 κάμνουσι
1423 1923 1476 1950 τῶν
1493 1923 1642 1958 ἀνθρώπων
1665 1923 1794 1958 γιγνόμε-

1008 1972 1149 1998 νον.Ὂταν
1159 1971 1223 2006 γὰρ,
1238 1970 1329 2004 φασὶν,
1344 1969 1483 2006 ἀρρωστία
1498 1978 1539 2000 τις
1551 1969 1697 2004 περιπέσῃ,
1713 1968 1795 2002 ἄγου-

1009 2025 1051 2043 σιν
1068 2016 1181 2043 ὲνώπιον
1196 2015 1277 2043 αὑτοῦ
1292 2015 1337 2041 τὸν
1352 2015 1505 2050 χαραδριὸν,
1527 2016 1574 2041 καὶ
1590 2015 1612 2040 εἰ
1631 2016 1737 2050 προσχῇ
1757 2014 1796 2049 τῷ

1008 2062 1139 2094 νοσοῦντι,
1155 2062 1202 2088 καὶ
1218 2062 1232 2088 ό
1246 2061 1330 2088 νοσῶν
1350 2061 1435 2096 αὐτῷ,
1457 2060 1600 2087 καταπίνει
1620 2060 1668 2095 τὴν
1689 2060 1766 2087 νόσον
1781 2061 1796 2086 ό

1009 2108 1154 2144 χαραδριδς
1173 2108 1265 2141 αὑτοῦ,
1288 2109 1334 2134 καὶ
1352 2107 1494 2134 ἀνίπταται
1511 2108 1551 2138 εις
1569 2106 1615 2133 τὸν
1631 2106 1729 2142 αἰθέρα
1750 2106 1795 2132 τοῦ

172 2153 298 2181 morbum
308 2149 425 2180 hominis
433 2152 594 2188 dissipatura
606 2152 738 2187 disperdit
748 2160 755 2184 ;
765 2151 788 2179 si
800 2159 853 2178 non
865 2152 958 2186 inspe-

1012 2155 1094 2190 ἡλίου,
1111 2156 1190 2181 κάκεῖ
1204 2154 1344 2190 τὴν’νόσον
1356 2154 1402 2180 τοῦ
1417 2153 1558 2190 ἀνθρώπου
1574 2153 1754 2185 διαςκεδάζει·
1772 2154 1797 2179 εἰ

173 2199 259 2230 xerit,
283 2198 317 2226 de
333 2199 482 2226 laborantis
507 2198 617 2225 interitu
635 2198 820 2232 conjecturam
843 2197 957 2223 faciunt.

211 2245 358 2273 Unicornis
375 2246 476 2272 animal
491 2249 543 2275 est.
555 2250 582 2274 et
599 2245 666 2273 illud
681 2253 805 2280 parvum.
818 2244 887 2271 haedi
902 2251 960 2271 ma-

173 2291 325 2327 gnitudine,
341 2291 440 2319 eximia
456 2291 617 2326 pernicitate
632 2294 659 2318 et
674 2290 856 2322 vehementia,
873 2297 961 2316 cornu

174 2338 202 2365 in
217 2338 375 2365 summitate
391 2338 488 2372 capitis
502 2338 597 2370 unico;
621 2337 672 2364 hac
694 2345 775 2372 porro
793 2337 899 2364 ratione
914 2345 961 2364 ca-

176 2383 260 2420 pitur.
274 2383 415 2419 Virginem
427 2384 614 2418 incorruptam
635 2387 697 2411 ante
713 2391 774 2411 eum
790 2383 959 2417 conjiciunt,

175 2430 256 2464 cujus
272 2430 330 2464 ipse
353 2430 380 2457 in
400 2430 490 2458 sinum
511 2430 614 2463 insilit,
637 2437 669 2457 ea
685 2429 828 2464 complexu
845 2428 962 2456 fovendo

176 2476 204 2503 in
220 2476 308 2511 regias
323 2475 419 2503 defert.

211 2520 352 2549 Castorem
360 2522 462 2549 animal
472 2521 610 2551 facillimis
622 2521 744 2549 moribus
756 2524 783 2548 et
801 2520 962 2552 mansuetis,

177 2567 257 2602 quies
276 2567 410 2603 delectat;
434 2569 522 2597 mirus
547 2569 658 2596 testium
683 2568 743 2602 ejus
765 2568 794 2594 in
820 2567 963 2595 medicinis

180 2620 263 2646 usus;
280 2615 502 2649 persequentium
521 2619 680 2642 venatorum
695 2617 808 2646 urgente
823 2613 944 2649 periculo
955 2632 963 2643 ,

179 2663 229 2684 ωε
259 2663 400 2693 amputat,
430 2663 626 2694 currentesque
661 2667 676 2685 a
703 2665 850 2694 progressu
879 2661 963 2685 arcet.

182 2701 212 2729 Si
225 2703 272 2730 alii
287 2704 338 2732 hoc
353 2705 424 2732 idem
440 2709 549 2742 petant,
566 2709 651 2733 testes
667 2706 808 2741 ademptus
823 2704 962 2736 ostendit,

181 2756 330 2784 eorumque
346 2758 444 2779 cursus
459 2756 591 2779 moratur.

219 2805 241 2820 “
261 2804 342 2833 Leuit.
357 2813 394 2839 ιι,
414 2806 461 2840 19ς
485 2806 561 2834 υειιιΔ
577 2815 631 2839 xiv,
644 2806 686 2833 18.

1009 2201 1038 2228 δὲ
1054 2201 1091 2236 μὴ
1105 2202 1221 2236 προσχῇ,
1236 2200 1423 2234 γινώσκουσιν,
1435 2201 1475 2227 ὅτι
1486 2200 1640 2235 τελευτήσει
1650 2200 1665 2226 ό
1674 2200 1795 2234 κάμνων.

1052 2248 1081 2273 '0
1101 2247 1128 2273 δὲ
1146 2247 1299 2282 μονόκερως
1318 2247 1386 2279 ζῶόν
1401 2248 1458 2273 ἐστι
1472 2247 1577 2282 μικρὸν,
1591 2247 1683 2281 ὅμοιον
1699 2247 1796 2281 ἐρίφῳ,

1011 2293 1174 2329 δριμύτατον
1191 2293 1302 2328 σφόδρα.
1329 2293 1376 2319 Ἓν
1391 2292 1419 2318 δὲ
1434 2293 1517 2327 κέρας
1532 2293 1611 2327 μόνον
1625 2292 1672 2318 ἐπὶ
1689 2293 1738 2326 τῆς
1752 2300 1797 2318 κο-

1013 2339 1100 2374 ρυφῆς
1120 2338 1176 2373 ἔχει
1187 2339 1237 2374 τῆς
1249 2338 1379 2373 κεφαλῆς,
1395 2339 1441 2365 καὶ
1452 2339 1568 2374 θηρᾶται
1584 2337 1705 2364 τοιώσδε·
1723 2338 1797 2372 Παρ-

1014 2384 1088 2412 θόνον
1107 2385 1192 2421 ἁγνὴν
1215 2385 1355 2420 ῥίπτουσιν
1378 2385 1459 2411 αὑτοῦ
1483 2384 1656 2420 ἐπίπροσθεν·
1678 2385 1692 2410 ὁ
1713 2384 1740 2410 δὲ
1760 2385 1799 2415 εἰς

1013 2431 1075 2462 τοὺς
1092 2430 1208 2462 κόλπους
1224 2431 1308 2466 αὐτῆς
1327 2431 1480 2466 ὲφάλλεται·
1505 2433 1521 2466 ἡ
1545 2431 1572 2457 δὲ
1594 2430 1798 2466 περιθάλπουσα

1014 2476 1093 2503 αὐτὸν
1107 2477 1146 2508 είς
1160 2477 1222 2508 τοὺς
1232 2477 1322 2508 οἴκους
1337 2477 1390 2504 τῶν
1404 2477 1533 2512 βασιλέων
1549 2477 1722 2512 ἀποκομίζει.

1051 2523 1129 2549 Ἐστι
1141 2523 1209 2555 ζῶον
1221 2523 1386 2559 καλούμενον
1399 2523 1553 2559 καστόριον,
1570 2524 1651 2559 ἦπιον
1667 2523 1739 2550 πάνυ
1754 2523 1799 2550 καὶ

1015 2569 1134 2604 ἡσύχιον·
1155 2570 1314 2604 χρησιμεύει
1332 2570 1360 2596 δὲ
1376 2570 1410 2596 τὰ
1425 2570 1511 2596 αἰδοῖα
1532 2570 1614 2596 αὑτοῦ
1632 2569 1700 2605 πρὸς
1719 2569 1798 2596 ῖασιν.

1016 2614 1182 2649 Διωκόμενον
1202 2612 1248 2641 οὖν
1268 2616 1313 2642 ἐπὶ
1330 2615 1408 2642 τοῦτο
1428 2615 1480 2642 ὑπὸ
1499 2615 1553 2641 τῶν
1569 2615 1720 2651 Θηρευτῶν,
1735 2616 1800 2641 ἀτω-

1015 2660 1110 2685 κόπτει
1123 2659 1205 2686 αὑτοῦ
1216 2660 1249 2687 τὰ
1261 2661 1357 2692 αιδοῖα,
1376 2661 1423 2688 καὶ
1435 2661 1558 2696 ἐφίστησι
1570 2661 1632 2692 τοὺς
1644 2659 1798 2690 διώκοντας.

1022 2705 1234 2732 Ἐπιδιωλόντων
1246 2706 1274 2732 δὲ
1287 2707 1384 2738 ἄλλων,
1399 2707 1622 2742 ἀποκεκομμένον
1639 2706 1735 2733 ἑαυτὸν
1749 2705 1799 2732 δεί-

1016 2759 1104 2785 κνυσι,
1119 2752 1165 2778 καὶ
1176 2753 1303 2779 ἐκκόπτει
1318 2753 1364 2780 τοῦ
1376 2753 1477 2789 δρόμου
1490 2754 1552 2785 τοὺς
1567 2753 1712 2789 Θηρευτάς.
