1909 3071
210 84 268 112 ’⁸147

636 88 665 117 S.
685 88 906 119 EUSTATHIUS
924 89 1168 119 ANTIOCHENUS
1187 90 1351 120 EPISCOPU
1359 92 1387 120 S.

1785 99 1837 126 748

249 143 380 172 Lacertus
405 151 486 179 quem
511 144 628 174 dicimus
647 148 865 180 salamandram,
889 150 946 177 sive
968 149 990 176 in

1080 148 1171 184 Σαῦρα
1182 149 1209 175 δὲ
1221 150 1236 185 ἡ
1251 150 1383 186 λεγομένη
1398 151 1582 189 σαλαμάνδρα,
1595 153 1642 180 ἐὰν
1654 155 1695 186 εἰς
1708 161 1834 190 καμινον,

213 189 351 218 fornacem
365 210 373 222 ,
389 191 447 218 sive
461 191 488 218 in
504 191 631 220 balneum
647 193 787 229 ingressus
800 195 891 228 fuerit,
908 196 998 231 ignem

211 239 315 262 tactum
329 255 336 268 ,
351 244 406 264 non
421 237 475 264 alio
494 238 575 265 modo
587 246 669 273 quam
683 240 783 274 glacies
794 242 952 276 exstinguit.

246 282 328 309 Aiunt
350 283 471 318 viperam
493 292 542 319 per
568 293 599 312 os
621 287 705 313 maris
731 295 823 315 semen
854 289 997 324 excipere;

210 327 386 364 membroque
409 330 520 363 exciso,
538 331 613 358 illum
633 332 773 366 occidere;
789 341 849 369 qutc
870 334 915 362 ubi
932 342 999 362 con-

205 374 357 410 ~ceperit,a
383 376 446 404 ﬁliis
472 377 637 405 interimitur
659 387 666 412 ;
691 387 810 415 namque
839 381 943 409 exclusi
970 381 997 409 in

210 425 298 455 utero,
323 422 421 450 abrasa
442 423 541 456 vulva,
561 424 725 461 effractoque
749 430 919 462 ventre,pcr
940 427 997 456 dis-

205 471 289 502 rupta
305 467 389 495 latera
405 473 562 504 erumpunt.

243 543 363 579 Serpens
395 545 552 574 obeaecatur
579 552 657 577 :ctale
683 550 886 585 ingravescente
902 571 910 584 ,
940 547 995 588 'qui

204 591 387 627 quadraginta
403 593 461 621 dies
476 594 588 628 jejuniis
611 603 725 631 corpore
750 597 839 624 laxato
851 617 858 629 ,
872 598 931 626 saxi
955 599 995 626 ri-

207 644 280 664 mam
299 639 384 666 intrat
404 640 649 676 angustam,vique
669 649 699 670 se
717 643 882 672 contrahens
897 644 994 679 pellem

207 688 400 720 scnectamque
422 686 498 713 exuit
514 690 541 714 et
560 691 722 722 renovatur;
739 688 803 716 dum
827 690 901 724 sitit,
918 691 993 726 prius

207 737 312 756 veneno
323 729 457 765 deposito,
469 729 588 759 fontanis
597 732 675 767 aquis
687 733 760 760 sitim
773 733 993 770 depellit.Captis

207 776 357 810 musculis,
375 776 469 803 oculos
485 778 557 804 eruit
573 777 723 813 nutritque,
739 779 813 807 etiis
829 779 891 807 cibo
909 781 993 808 utitur

1050 194 1066 228 ἢ
1085 194 1222 229 βαλανεῖον
1232 197 1386 234 ἐπεισέλθῃ,
1398 198 1592 234 ἀποψυχραίνει
1610 201 1686 228 αὐτό.

1084 285 1152 311 Φασὶ
1169 285 1198 312 δὲ
1215 285 1263 321 τὴν
1277 286 1381 322 ἔχιδναν
1398 287 1440 314 διὰ
1460 287 1592 324 στόματος
1604 289 1650 316 τοῦ
1661 290 1776 326 ἄρρενος
1787 292 1837 327 τὴν

1049 330 1130 365 γονὴν
1150 329 1285 366 δέχεσθαι,
1303 332 1349 358 καὶ
1367 332 1579 359 συναποκόπτειν
1591 335 1648 366 τοῖς
1666 334 1756 361 ὁόοὖσι
1772 336 1836 362 αὐτὸ

1047 376 1078 402 τὸ
1095 376 1198 412 μόριον,
1216 377 1263 403 καὶ
1279 377 1448 404 ἀποκτείνειν
1465 378 1554 405 αὐτόν.
1579 379 1652 414 Αὕτη
1673 380 1711 412 δὲ,
1737 380 1835 415 ἔγγυος

1047 422 1192 458 γενομένη,
1209 423 1263 449 ὑπὸ
1277 423 1330 449 τῶν
1350 423 1452 450 τέκνων
1467 424 1628 460 άναιρείται’
1642 425 1682 452 ἔτι
1696 426 1750 462 γάρ
1763 428 1791 453 ἐν
1801 429 1834 463 τῇ

1047 468 1135 504 κοιλίᾳ
1153 469 1238 504 αὐτῆς
1260 469 1416 505 ὑπάρχοντα
1438 470 1487 506 τὴν
1510 472 1615 507 μήτραν
1630 472 1833 507 καταφαγόντα,

1048 515 1094 540 καὶ
1102 514 1152 550 τὴν
1159 515 1263 541 κοιλίαν
1277 516 1467 552 ἀναρρήξαντα
1477 517 1520 543 διὰ
1532 517 1581 552 τῆς
1595 518 1715 554 πλευρᾶς
1738 518 1831 551 ἔξεισι.

1081 560 1206 596 Γηράσας
1229 561 1257 588 δὲ
1280 563 1295 588 ὀ
1313 562 1373 597 ὖφις
1393 563 1582 598 ὲκτυφλοῧται,
1611 565 1658 591 καὶ
1681 565 1833 600 νηστεύσας

1045 604 1150 640 ἡμέρας
1162 607 1365 642 τεσσαράκοντα
1381 607 1525 643 χαυνοῦται
1540 608 1578 644 τῷ
1592 608 1708 644 σώματι,
1720 610 1768 637 καὶ
1778 611 1831 637 είσ-

1046 649 1154 686 έρχεται
1170 651 1209 683 είς
1226 652 1330 688 ῥαγάδα
1348 653 1449 688 πέτρας
1472 653 1567 689 στενὴν
1577 674 1583 686 ,
1605 654 1652 680 καὶ
1667 655 1702 690 τῇ
1717 654 1763 690 βίᾳ
1776 654 1832 681 δια-

1045 695 1193 730 συρόμενος
1215 696 1245 722 τὸ
1263 696 1350 732 δέρμα
1368 697 1398 723 τὸ
1419 698 1576 733 γεροντικὸν
1599 697 1762 729 ἀποδύεται,
1785 698 1831 724 καὶ

1044 741 1214 770 άνανεοῦται.
1236 742 1318 769 Ὅταν
1336 743 1364 769 δὲ
1380 743 1490 778 διψήσῃ,
1505 743 1550 769 τὸν
1564 743 1601 769 ίὸν
1617 743 1750 778 πρότερον
1765 744 1832 770 ἀπο-

1043 787 1154 820 τίοεται,
1177 789 1224 815 καὶ
1244 787 1330 820 οὕτως
1347 789 1452 815 ἐκπίνει
1471 789 1502 816 τὸ
1518 789 1590 825 ὓδωρ
1605 790 1637 816 ἐκ
1655 790 1708 824 τῆς
1727 789 1828 825 πηγῆς.

207 821 323 848 maturis
345 825 373 848 et
381 821 560 856 pinguefactis
569 830 576 855 ;
586 822 722 850 hominem
733 824 835 852 nudum
846 825 870 853 si
878 833 990 860 aspexe-

1048 833 1183 869 Ἀγρεὺων
1199 834 1227 861 δὲ
1243 835 1306 866 τοὺς
1323 835 1438 870 μυοξοὺς
1462 821 1589 870 ὲκτυφλοί
1602 835 1649 862 καὶ
1663 821 1829 870 τρέφει,κῶ

204 867 258 899 fit,
279 874 333 894 non
355 867 420 900 adit,
436 868 566 900 vestitum
580 868 747 904 aggreditur.

238 1012 387 1042 Basiliscus
410 1022 545 1042 venenum
571 1015 730 1050 pestiferum
746 1016 832 1044 oculis
850 1017 933 1051 jacit,
952 1018 988 1045 ita

205 1065 234 1087 ut
251 1061 386 1088 hominem
402 1062 444 1089 vel
457 1062 515 1089 solo
530 1065 640 1097 aspectu
655 1063 747 1090 statim
761 1063 907 1091 interimat.
925 1064 988 1099 Spi-

201 1107 274 1135 ritus
283 1107 342 1141 cjus
355 1108 460 1143 igneus,
472 1111 573 1135 terram
589 1109 688 1140 exurit,
704 1112 731 1136 et
746 1109 854 1141 herbas.
870 1114 896 1138 et
909 1111 989 1138 arbo-

203 1159 257 1180 res.
284 1152 316 1179 Et
336 1153 387 1180 hoc
411 1153 492 1180 modo
513 1153 585 1189 gigni
612 1154 734 1182 historiis
758 1156 894 1190 proditum
919 1160 985 1184 est:

202 1207 264 1226 cum
296 1199 387 1234 plures
410 1208 512 1235 angues
541 1201 567 1227 in
592 1208 676 1228 unum
705 1201 838 1232 conclusi.
865 1201 987 1237 fameque

203 1245 290 1272 vexati
316 1245 416 1273 fuerint
437 1247 492 1281 (est
518 1247 592 1274 enim
619 1247 718 1274 animal
738 1247 985 1284 scelestissimum),

201 1291 272 1319 alius
286 1291 369 1319 alium
387 1292 438 1319 sibi
456 1293 614 1320 riciniorem
628 1293 756 1326 comedit,
768 1292 918 1329 fortiorque
935 1294 986 1321 im-

202 1338 342 1365 becilliore
375 1342 487 1370 vorato.
517 1338 639 1365 omnium
669 1339 813 1374 anguium,
833 1347 901 1375 quos
926 1339 986 1368 loco

202 1384 255 1411 cibi
270 1384 402 1416 adhibuit,
418 1384 528 1412 venenis
548 1384 644 1419 plenus
657 1392 689 1412 ac
709 1385 846 1419 refectus,
866 1385 894 1412 ﬁt
912 1386 985 1414 basi-

203 1431 308 1464 liscus,
321 1438 457 1458 venenum
483 1431 588 1459 habens
604 1431 878 1466 perniciosissimum,
902 1432 937 1460 ita
955 1437 984 1460 ut

201 1476 244 1504 vel
264 1476 324 1505 solo
347 1479 425 1503 necet
444 1479 567 1511 aspectu.

237 1521 389 1550 Scarabeus
403 1529 435 1550 ex
457 1521 556 1549 bovino
576 1526 710 1555 stercore,
726 1522 849 1549 rotundae
871 1522 962 1557 ﬁgurae
974 1543 981 1554 ,

201 1568 302 1604 pilulas
319 1567 402 1596 volvit
422 1567 660 1601 aversusyferunt
682 1567 755 1595 hunc
777 1575 824 1596 sex
845 1568 983 1596 mensibus

201 1622 282 1651 super
295 1618 367 1643 terra
385 1614 537 1646 immorari,
553 1621 701 1650 semenque
715 1614 743 1641 in
757 1618 922 1642 stercoream
943 1615 983 1650 pi-

201 1662 254 1689 lam
278 1662 412 1694 emittere,
429 1661 546 1696 indcquc
562 1661 650 1688 oritur
664 1669 722 1689 mas
741 1661 903 1695 scarabeus,
916 1669 982 1689 nus-

200 1715 281 1742 quam
299 1708 371 1735 enim
389 1708 549 1736 scarabcum
568 1707 696 1736 feminam
711 1707 832 1734 invenire
847 1710 899 1734 est.
914 1706 982 1734 Pro-

199 1758 259 1789 pter
279 1753 349 1782 hanc
364 1754 424 1788 ejus
442 1759 566 1782 naturam
588 1753 707 1789 Egyptii
729 1752 889 1780 scarabeum
909 1752 980 1780 inter

199 1800 312 1828 numina
333 1801 443 1833 colunt,
467 1800 518 1828 soli
543 1799 659 1827 similem
685 1803 890 1830 asseverantes,
907 1797 979 1833 quod

199 1848 334 1883 splizeram
346 1848 437 1875 volvat
447 1868 454 1880 ,
470 1851 493 1874 ct
517 1847 605 1875 sidera
619 1846 787 1882 serpentium
802 1845 896 1881 ﬁguris
910 1845 980 1873 assi-

197 1894 304 1927 milant,
332 1894 405 1929 quod
431 1897 583 1921 tortuosum
602 1896 630 1919 et
653 1891 793 1927 obliquum
822 1891 859 1918 sit
885 1898 979 1918 eorum

200 1939 262 1967 iter.

232 1984 381 2017 Formicte,
397 1985 462 2012 dum
477 1984 641 2011 frumentum
653 1987 828 2018 congregant,
845 1989 977 2010 annosum

197 2039 291 2060 semen
313 2031 454 2062 dividunt,
470 2038 505 2058 ne
521 2037 616 2057 rursus
645 2029 825 2057 madefactum
843 2029 870 2056 in
887 2028 977 2064 fruges

195 2082 275 2106 exeat
289 2085 304 2105 e
319 2081 410 2110 terra;
427 2077 515 2105 hieme
531 2084 585 2104 non
597 2076 782 2111 egrediuntur,
798 2075 870 2111 quod
884 2080 977 2104 azstale

195 2123 248 2152 sibi
261 2123 351 2151 cibum
369 2124 437 2151 satis
453 2122 624 2150 commodum
639 2123 834 2158 compararim.

230 2170 333 2198 llirudo
356 2178 389 2198 ex
414 2177 512 2205 genere
527 2169 659 2197 vermium
681 2169 781 2198 animal
803 2170 830 2197 in
850 2169 974 2196 dulcibus
991 2176 1012 2203 ι)

193 2217 272 2253 aquis
287 2217 374 2252 degit;
391 2217 413 2244 si
429 2217 491 2252 quis
516 2215 632 2244 sitiendo
647 2215 725 2243 avide
741 2215 854 2247 biberit,
871 2223 923 2242 una
946 2218 973 2242 et

193 2262 279 2297 ipsam
303 2261 453 2293 combibit,
477 2268 537 2296 qua:
558 2265 667 2296 propter
699 2261 811 2288 nimiam
836 2261 972 2288 levitatem

191 2316 255 2336 cum
270 2315 339 2343 aqua
356 2312 418 2343 pota
437 2308 574 2340 illabitur;
590 2307 653 2334 inde
668 2306 786 2334 maxima
802 2305 972 2333 incommoda

191 2352 376 2388 molestizeque
394 2352 527 2382 accedunt
547 2351 671 2386 corpori,
688 2351 734 2378 illa
750 2350 909 2386 sanguinem
924 2358 972 2378 ex-

191 2402 321 2433 sugente,
338 2402 365 2426 et
388 2402 566 2434 augescente,
591 2397 739 2425 insatiabili
765 2404 882 2432 namque
908 2404 972 2423 san-

189 2445 280 2480 guinis
306 2444 448 2472 hauriendi
473 2443 622 2479 cupiditate
643 2447 760 2475 tenetur,
783 2445 811 2470 et
834 2442 971 2470 multoties

188 2489 284 2522 afﬁxa,
302 2497 352 2517 nec
373 2490 508 2521 evellitur,
535 2497 585 2516 nec
611 2488 771 2520 detrahitur,
797 2487 848 2516 etsi
872 2488 969 2515 medici

187 2536 346 2565 obnitantur
356 2557 363 2566 .
378 2537 464 2564 donec
487 2536 605 2572 pondere
621 2535 680 2571 ipso
696 2535 837 2570 sanguinis
851 2534 970 2563 disrum-

188 2587 277 2617 patur.

222 2629 293 2656 Inter
310 2629 430 2664 aspidem
447 2632 598 2663 cmteraque
620 2635 735 2662 quorum
761 2635 869 2655 morsus
895 2627 970 2655 ulce-

186 2679 274 2707 mt,ct
290 2675 367 2704 l'elem
379 2675 453 2711 jugis
465 2675 611 2702 discordia.
628 2675 648 2700 Α
662 2674 843 2708 serpentibus,
857 2673 968 2701 locustis

186 2721 330 2756 erucisque
340 2722 456 2750 dissidet
470 2721 530 2748 ibis.
544 2721 674 2753 Ccrastis,
691 2720 879 2755 scorpionibus
894 2720 968 2747 aliis-

185 2774 239 2801 que
255 2767 367 2794 minutis
389 2767 530 2802 reptilibus
553 2767 682 2801 accipiter
698 2767 831 2795 exitiosus
847 2771 905 2800 est;
922 2767 966 2793 hic

185 2813 304 2841 hominis
320 2814 554 2842 commiseratione
567 2812 701 2847 ﬂectitur;
728 2814 751 2840 si
774 2814 845 2840 enim
861 2813 888 2840 in
903 2821 965 2840 cum

1043 878 1227 911 πεπανθέντας
1241 879 1378 906 κατεσθίει
1398 879 1505 911 αὐτούς.
1529 879 1591 905 Ἐὰν
1608 879 1635 905 δὲ
1649 879 1754 914 γυμνὸν
1768 879 1830 905 θεάς

1042 933 1121 961 σηται
1139 925 1291 961 ἄνθρωπον,
1312 925 1343 952 οὺ
1366 925 1520 961 πρόσεισιν·
1547 926 1570 952 εί
1593 925 1622 952 δὲ
1644 925 1827 961 ἐνδεδυμένον,

1040 970 1194 1004 ὲφάλλεται.

1080 1018 1109 1044 '0
1126 1017 1154 1044 δὲ
1179 1017 1332 1053 βασιλίσκος
1355 1018 1393 1044 ίὺν
1411 1016 1594 1052 Θανατηφόρον
1609 1016 1770 1051 ἀποπέμπει
1788 1016 1826 1051 τῷ

1038 1063 1180 1100 ὀφθαλμῷ,
1203 1063 1272 1090 ὥστε
1293 1064 1340 1090 τὸν
1361 1063 1527 1099 Θεασάμενον
1543 1063 1712 1098 παραχρῆμα
1728 1064 1826 1089 ἀπονε-

1039 1108 1181 1144 κροῦσθαι.
1198 1110 1235 1136 Τὺ
1255 1109 1283 1136 δὲ
1309 1109 1421 1145 φύσημα
1445 1109 1527 1135 αὐτοῦ
1550 1110 1677 1144 τυγχάνει
1701 1109 1824 1146 πύρινον,

1037 1155 1206 1191 καταφλέγον
1219 1155 1321 1192 χώρας,
1338 1157 1384 1183 καὶ
1397 1157 1478 1183 τόπον
1493 1155 1656 1191 σύνδενδρον.
1678 1156 1824 1192 Ἱστοροῦτι

1037 1202 1064 1229 δὲ
1083 1203 1163 1230 αὑτὸν
1178 1203 1290 1239 τοιούτῳ
1312 1203 1405 1239 τρόπῳ
1425 1202 1608 1230 συνίστασθαι.
1641 1202 1728 1229 Ἐπὰν
1749 1203 1825 1237 ὄφεις

1038 1248 1158 1280 πλείονες
1171 1249 1402 1276 xatlestcrﬁdmv
1409 1248 1488 1284 ὁμοῦ,
1500 1249 1546 1275 καὶ
1555 1248 1726 1284 λοιμώξωσιν
1741 1249 1824 1284 (ἐπει-

1036 1295 1123 1330 δήπερ
1135 1295 1165 1320 τὸ
1178 1293 1247 1326 ζῶόν
1260 1295 1318 1321 ἐστι
1328 1294 1510 1330 παμμίαρον),
1523 1294 1637 1325 ἕκαστος
1650 1294 1696 1320 τὸν
1709 1294 1823 1329 πλησίον

1037 1339 1184 1368 κατεσθίει·
1209 1340 1256 1367 καὶ
1280 1341 1294 1367 ὁ
1319 1340 1492 1376 ἰσχυρότερος
1515 1339 1666 1367 ἀναλίσκων
1691 1339 1755 1374 δφις
1777 1339 1822 1364 τὸν

1035 1386 1240 1423 ἀσθενέστερον,
1253 1388 1300 1414 καὶ
1314 1386 1466 1422 πληρωθεὶς
1481 1386 1588 1413 πάντων
1599 1386 1653 1412 τῶν
1666 1385 1756 1420 ὄφεων
1770 1384 1820 1417 ἰοῦ,

1034 1429 1071 1458 ὧν
1093 1433 1263 1469 κατεδήδοκε,
1287 1433 1441 1468 βασιλίσκος
1458 1432 1579 1467 γίγνεται
1599 1432 1638 1459 ἱὸν
1652 1432 1722 1466 ἔχων
1743 1431 1823 1466 χαλε-

1035 1478 1168 1511 πώτατον,
1185 1479 1222 1511 ὼς
1236 1480 1283 1506 καὶ
1297 1479 1350 1506 ἀπὸ
1369 1480 1448 1514 μόνου
1463 1479 1509 1506 τοῦ
1523 1478 1661 1514 ὀφθαλμοῦ
1674 1477 1821 1505 θανατοῦν.

1076 1525 1104 1552 '0
1120 1525 1149 1552 δὲ
1172 1526 1316 1562 κάνθαρος,
1339 1527 1370 1552 ὲκ
1392 1526 1442 1562 τῆς
1459 1519 1548 1562 βοείας
1564 1525 1641 1553 ὗνθου
1658 1524 1822 1559 κυκλοτερὲς

1035 1572 1129 1607 σχῆμα
1144 1571 1327 1608 πλασάμενος,
1344 1573 1549 1607 ἀντιπρόσωπος
1565 1571 1692 1600 κυλινδεῖ.
1705 1572 1777 1599 Φασὶ
1792 1571 1821 1599 δὲ

1033 1617 1114 1644 αὐτὸν
1127 1616 1262 1653 ἑξάμηνον
1281 1617 1374 1645 ἐπάνω
1387 1617 1436 1652 τῆς
1449 1618 1511 1653 γῆς,
1526 1619 1574 1645 καὶ
1588 1618 1768 1653 σπερμαίνειν
1780 1619 1820 1649 είς

1031 1664 1081 1699 τὴν
1096 1663 1184 1690 δνθιὸν
1197 1665 1324 1700 σφαῖραν,
1339 1664 1385 1691 καὶ
1401 1665 1502 1691 τίκτειν
1515 1665 1616 1700 ἄρρενα
1628 1664 1774 1700 κάνθαρον·
1787 1664 1818 1691 οὐ

1031 1711 1085 1746 γὰρ
1098 1710 1180 1745 Θῆλυς
1197 1710 1312 1746 ὑπάρχει
1327 1709 1460 1746 κάνθαρος
1477 1710 1596 1737 πώποτε.
1618 1711 1673 1737 Καὶ
1691 1711 1717 1737 οἱ
1733 1711 1817 1745 Δίγύ-

1031 1764 1104 1782 πτιοι
1125 1756 1169 1782 διὰ
1188 1756 1238 1791 τὴν
1256 1755 1382 1791 τοιαύτην
1398 1755 1477 1790 φύσιν
1494 1755 1576 1783 αὑτοῦ
1596 1756 1721 1783 σέϐονται
1736 1756 1818 1782 αὐτὸν

1029 1803 1069 1834 είς
1083 1802 1157 1838 ἥλιον
1171 1801 1460 1838 μετασχηματίζοντες,
1479 1801 1570 1837 ἐπειδὴ
1587 1801 1672 1828 κυλίει
1687 1803 1815 1838 σφαῖραν,

1030 1849 1077 1874 καὶ
1096 1848 1130 1874 τὰ
1148 1848 1235 1884 ἄστρα
1257 1847 1343 1882 ὅφεων
1363 1848 1498 1883 σχήμασιν
1519 1847 1709 1880 ἀπεικάζουσι,
1725 1848 1770 1874 διὰ
1786 1847 1817 1874 τὸ

1029 1893 1107 1929 λοξὴν
1125 1893 1257 1921 ποιεῖσθαι
1271 1893 1320 1929 τὴν
1336 1893 1447 1930 πορείαν
1460 1893 1567 1924 αὐτούς.

1063 1985 1094 2011 Οἱ
1110 1985 1138 2011 δὲ
1160 1985 1303 2021 μύρμηκες
1325 1987 1371 2010 τον
1395 1985 1465 2010 σῖτον
1490 1983 1647 2018 συνάγοντες
1669 1983 1715 2009 διὰ
1731 1983 1814 2018 μέσου

1026 2030 1080 2057 τῶν
1105 2031 1211 2058 κόκκων
1233 2031 1372 2066 τέμνουσι,
1397 2030 1464 2066 πρὸς
1489 2029 1520 2056 τὺ
1543 2029 1580 2065 μὴ
1600 2029 1717 2064 ἐκφύσαι
1732 2030 1814 2057 αὑτὸν

1026 2076 1203 2111 νοτιζόμενον·
1222 2077 1269 2102 καὶ
1283 2075 1391 2111 μένουσι
1408 2075 1452 2102 τὸν
1470 2075 1590 2110 χειμῶνα
1612 2075 1748 2110 άπρόῖτοι,
1769 2075 1813 2102 διὰ

1025 2121 1072 2149 τοῦ
1088 2122 1184 2158 θέρους
1197 2122 1319 2158 αὐτάρκη
1335 2121 1384 2157 τὴν
1398 2121 1500 2157 τροφὴν
1515 2121 1701 2156 πορισάμενοι.

1067 2168 1098 2195 'H
1115 2169 1142 2196 δὲ
1161 2168 1266 2204 βδέλλα,
1290 2168 1481 2203 σκωληκοειῖρὲς
1502 2167 1569 2200 ζῶον
1590 2167 1761 2203 ὑπάρχουσι,
1783 2169 1812 2194 ἐν

1025 2216 1080 2247 τοῖς
1097 2214 1222 2250 γλυκέσιν
1243 2214 1408 2241 ὲκδιαιτᾶται
1427 2213 1512 2240 ὕδασι⁸
1535 2213 1581 2240 καὶ
1600 2213 1684 2240 πίνων
1701 2222 1746 2245 τις
1764 2214 1811 2241 λά-

1022 2261 1098 2297 ϐρως
1119 2261 1312 2295 συγκαταπίνει
1332 2260 1408 2292 αὐτὸ,
1427 2259 1471 2286 διὰ
1492 2260 1541 2295 τὴν
1564 2259 1661 2295 πολλὴν
1683 2259 1810 2296 λειότητα

1025 2307 1218 2335 συνολισθαίνει
1233 2306 1272 2342 τῷ
1293 2306 1428 2342 πινομένῳ
1446 2305 1595 2332 ὒδατι.Καὶ
1612 2306 1642 2332 οὑ
1661 2306 1763 2341 μικρὰν
1780 2306 1808 2340 ἐξ

1024 2352 1106 2380 αὑτοῦ
1131 2351 1232 2388 βλάϐην
1257 2352 1410 2386 ὑφίσταται,
1433 2352 1483 2387 τῆς
1504 2351 1603 2387 σαρκὸς
1622 2351 1669 2378 τοῦ
1693 2352 1808 2387 αἵματος

1023 2398 1204 2434 ἐκμυζοῦντος
1218 2397 1310 2430 αὑτοῦ,
1326 2398 1373 2425 καὶ
1384 2397 1478 2424 τούτου
1492 2397 1626 2429 αῠξοντος·
1641 2398 1807 2433 ἀχόρταστον

1022 2444 1050 2472 δὲ
1061 2445 1188 2480 τυγχάνει
1202 2444 1269 2480 πρὸς
1281 2443 1359 2479 δίψαν
1377 2444 1501 2479 αἵματος.
1521 2443 1576 2470 Καὶ
1595 2443 1726 2475 πολλάκις
1742 2443 1807 2470 αὐτὸ

1022 2490 1072 2525 τῆς
1085 2491 1253 2526 ἀφαιρέσεως
1265 2490 1400 2526 δεομένοις
1417 2491 1518 2526 ἰατροῖς
1531 2491 1581 2517 οὐκ
1595 2490 1738 2525 ἀνιμᾶται,
1756 2490 1807 2522 ἕως

1021 2536 1082 2563 ὅτου
1093 2535 1262 2573 διαρραγείη.

1055 2627 1121 2658 Ταῖς
1137 2627 1165 2653 δὲ
1182 2627 1276 2653 ἀσπίσι
1289 2627 1335 2653 καὶ
1359 2626 1414 2658 τοῖς
1430 2625 1520 2658 ἄλλοις
1533 2626 1588 2657 τοῖς
1606 2625 1744 2661 δηκτικοῐς
1761 2626 1806 2660 ἐρ-

1021 2675 1111 2704 πετοῖς
1135 2672 1260 2708 αἴλουρός
1279 2673 1336 2698 ὲστι
1354 2671 1489 2707 πολέμιος.
1511 2671 1570 2697 Τῶν
1588 2671 1616 2698 δὲ
1638 2671 1744 2705 ὄφεων,
1760 2671 1805 2698 καὶ

1020 2719 1216 2754 τῶνιάκρίδων,
1231 2718 1277 2746 καὶ
1293 2718 1346 2745 τῶν
1363 2718 1481 2754 καμπῶν
1496 2718 1511 2744 ὁ
1528 2717 1590 2749 ἴϐις.
1606 2717 1667 2749 Τοῖς
1680 2718 1709 2744 δὲ
1724 2718 1805 2754 κερά-

1021 2774 1106 2797 σταις,
1128 2765 1175 2792 καὶ
1199 2764 1347 2800 σκορπίοις,
1366 2764 1412 2790 καὶ
1427 2764 1483 2794 τοῖς
1499 2762 1588 2795 ἄλλοις
1601 2763 1709 2797 μικροῖς
1721 2763 1804 2796 ipa-.2-

1018 2814 1073 2845 τοῖς
1087 2813 1101 2838 ὁ
1113 2811 1187 2847 ἱέραξ
1199 2811 1383 2846 Θανατηφόρος
1395 2810 1571 2845 καθέστηκεν.
1587 2809 1663 2834 Ἐστι
1680 2807 1708 2834 δὲ
1723 2807 1802 2835 τοῦτο
