1909 3071
71 166 121 194 740
529 167 666 196 SPUBIA.
682 184 716 188 —
732 167 825 195 COMM

935 167 964 195 IN
985 167 1232 195 IIEXAEMERON.
1639 173 1689 200 730

69 226 211 262 συμπαθὲς
225 226 294 262 πρδς
307 226 350 252 τὸν
369 225 518 262 ἄνθρωπον·
533 227 579 253 ἐὰν
594 227 647 262 γὰρ
664 227 792 263 θεάσηται
806 237 822 254 α

938 230 1044 254 ortuum
1064 225 1284 262 insepultumquc
1306 228 1445 263 inciderit,
1468 231 1595 268 lacrymis
1610 232 1692 262 deco-

67 273 113 299 τὸν
129 273 224 308 νεκρὸν
247 273 292 299 καὶ
311 273 429 308 ἄταφον,
448 272 633 308 κατοδύρεται,
647 273 691 300 καὶ
709 274 759 310 γῆν
776 275 820 300 ἐπι

477 272 633 308 ιτοδὺρεται,
647 273 691 300 καὶ
709 274 759 310 γῆν
776 275 854 310 ἐπιῤ-
907 281 965 302 rato
980 274 1116 309 pulverem
1135 275 1231 309 injicit.

70 320 159 355 ῥίπτει
174 319 258 354 αὐτῷ.

102 365 179 391 Μετὰ
193 365 221 391 δὲ
240 364 288 400 τὴν
300 364 346 391 τοῦ
364 365 465 400 κόσμου
484 365 600 400 ποίησιν,
619 365 731 402 ὕστερον
745 366 790 393 τὸν
806 367 853 394 ἇν-

941 361 1005 390 Post
1018 362 1112 390 mu‘ndi
1133 363 1215 398 hujus
1241 364 1372 393 fabricam
1388 367 1539 402 expletam,
1564 369 1689 397 ultimum

66 411 176 446 θρωπον
191 412 206 437 ὁ
219 411 285 442 Θεὸς
296 410 503 446 ἐδημιούργησε,
517 411 556 446 τῷ
571 411 619 445 μὲν
631 410 723 447 θερμῷ
734 411 820 447 θραύσ

936 408 1041 435 ιηιίιιθιιι
1056 407 1128 436 Deus
1143 410 1297 444 procreavit
1314 411 1335 427 ¹⁹
1347 432 1354 444 ,
1376 412 1422 440 ubi
1438 413 1527 441 calido
1543 413 1690 450 frigiditate

65 457 96 483 τὸ
115 456 231 492 ψυχρὸν,
246 456 285 491 τῷ
297 456 326 482 δὲ
348 454 422 491 ξηρῷ
444 454 529 490 δήσας
543 455 573 481 τὸ
588 455 686 490 ὑγρὸν,
708 455 754 481 καὶ
770 455 819 481 λύσ

936 459 1000 487 icta,
1011 454 1226 490 humiditateque
1234 457 1308 484 sicco
1320 458 1480 491 constricta,
1490 467 1539 487 nec
1548 468 1602 488 non
1609 462 1690 489 sicci-

65 505 147 531 πάλιν
161 504 193 530 τὸ
209 503 290 540 ξηρὸν
302 503 341 538 τῷ
352 503 436 538 ὑγρῷ,
455 504 637 538 συνεστήσατο
655 503 744 533 αὑτὸν,
759 502 818 538 ἔχον

934 504 959 527 te
966 500 1077 527 humido
1087 500 1233 534 dissoluto,
1251 502 1326 529 illum
1333 503 1558 533 eﬂecitomnibus
1570 506 1688 535 universi

65 552 154 578 πάντα
168 550 203 577 τὰ
218 551 287 587 μέρη
304 550 351 577 τοῦ
368 551 476 582 παντός.
491 551 594 586 ’Ὠσπερ
603 549 657 585 γὰρ
669 550 685 585 ἡ
696 550 732 584 γῆ
747 549 816 576 ἐστῶ

933 547 1027 574 ιιιίἰιιιε
1036 547 1200 575 absolutum.
1209 547 1443 581 Quemadmodum
1463 551 1535 578 enim
1545 556 1627 586 terra,
1641 554 1687 581 llr-

64 598 107 624 τὺν
114 598 220 633 ψυχρὸν
229 598 296 633 ἀέρα
308 597 519 633 περικεχυμένον
531 598 558 623 εν
567 598 648 632 ἑαυτῇ
660 597 798 632 κέκτηται,
807 606 818 623 ἰ

933 601 947 620 a
956 593 1115 628 stabilisque
1124 601 1186 620 cum
1198 595 1309 627 sil,aerc
1315 594 1482 624 circumfuso
1491 598 1686 632 circumdatur,

63 644 207 679 ταγμένως
218 644 245 670 δὲ
257 644 300 669 ἐπ’
309 643 383 679 αὐτῷ
402 644 431 669 τὸ
441 643 496 679 πῦρ
507 643 700 679 αἰωρούμενον,
711 644 758 670 καὶ
770 644 817 670 πάλ

945 639 1057 666 vestitur
1071 641 1254 672 extrinsecus,
1263 648 1310 668 aer
1320 640 1441 669 ordinem
1451 650 1579 678 sequens,
1588 644 1650 680 igne
1661 646 1687 673 in

62 690 92 716 τὸ
107 690 181 725 ὕδωρ
195 689 320 725 περιθέον
332 688 461 716 κύκλοθεν
475 690 559 724 αὑτήν
569 697 576 703 ·
590 689 661 716 οὕτω
672 689 704 725 δὴ
717 689 766 716 καὶ
780 690 794 716 6
808 691 816 717 ἐ

931 688 988 711 met
1002 688 1167 717 sustentato,
1187 690 1213 713 et
1239 694 1334 714 rursus
1350 694 1420 722 aqua
1442 688 1589 724 irrequieta
1612 690 1685 719 illius

62 736 171 770 ϐρωπος
184 736 309 770 καθάπερ
325 735 360 770 γῆ
369 735 422 761 τῶν
433 735 532 761 ὀστέων
544 736 691 770 στερεμνίᾳ
706 735 816 770 φύσει,κ

933 729 1052 757 districta
1060 730 1187 764 circuitu,
1200 731 1240 759 sic
1249 736 1275 759 et
1284 732 1363 760 homo
1371 734 1452 761 veluti
1461 739 1532 762 terra
1542 743 1575 763 ex
1584 737 1687 764 ossium

60 785 93 818 τῇ
111 783 155 809 ἐπ’
168 782 251 809 αὑτὸν
268 782 403 817 κεχυμένη
419 782 500 817 σαρκὶ
518 781 653 814 συνεστὼς
665 782 713 817 τὴν
728 791 814 818 πνευμ

931 775 989 802 lida
1017 780 1132 808 natura,
1157 785 1292 812 carneque
1317 787 1377 814 qua:
1402 788 1463 807 eum
1479 782 1685 818 complectitur,

59 827 138 863 τικὴν
152 827 198 853 διὰ
211 827 265 855 τῶν
288 827 433 862 μυκτήρων
447 826 593 861 ἀναπνοὴν,
609 826 702 862 ὥσπερ
718 827 786 862 ἀέρα
802 836 813 853 ν

932 822 1079 857 mpositus,
1091 831 1140 858 per
1154 831 1234 852 nares
1250 824 1365 853 ﬂabilem
1389 828 1594 861 respirationem
1608 849 1616 863 ,
1630 831 1686 858 vel-

59 874 201 910 κλὴρωται
215 873 263 910 τὴν
281 873 399 909 ἔμφυτον
421 873 503 900 αὑτοῦ
526 874 679 910 Θερμότητα
703 875 750 901 καὶ
766 883 813 901 κατ

934 870 940 898 i
965 876 1066 901 aerem,
1083 878 1143 905 qua:
1170 872 1291 898 innatam
1310 872 1384 900 illius
1405 874 1570 902 caliditatcm
1587 878 1686 906 restin-

59 902 211 956 ψύχουσαν.
228 902 282 946 Ιέαὶ
368 921 381 946 6
398 920 467 956 ὑπὲρ
481 902 602 956 κεφαλῆς
623 902 701 955 ἡιμῶν
718 921 783 956 ἀὴρ,
799 929 813 947 τ

931 921 965 942 lat
977 919 1003 943 et
1017 916 1169 952 refrigeret,
1187 918 1301 946 sortitus
1321 923 1373 946 cst.
1389 920 1443 947 Acr
1457 921 1528 949 enim
1547 923 1626 952 nobis
1639 933 1685 952 su-

59 966 172 1003 πυρώδη
190 965 237 992 τοῦ
249 966 330 1002 ἀέρος
344 966 423 1001 φύσιν
438 965 611 1001 καταψύχων,
623 965 753 1002 εὔκρατον
767 975 813 993 παι

931 970 948 989 :r
963 965 1044 997 caput
1058 963 1161 992 eﬂ'usus
1183 964 1289 1000 igneam
1305 966 1376 994 aeris
1390 971 1515 994 naturam
1529 988 1536 1000 ,
1563 978 1612 997 sua
1637 969 1685 997 fri-

58 1012 96 1047 τῷ
119 1012 171 1048 βίῳ
194 1011 249 1038 τῶν
268 1011 343 1044 ζώων
365 1012 519 1047 καθίστησι.
537 1012 572 1038 Τὸ
587 1012 615 1037 δὲ
629 1011 729 1048 θερμὸν
751 1013 782 1039 τὸ
805 1013 812 1038 ἓ

930 1008 1011 1035 ditate
1028 1008 1174 1037 inhibendo
1190 1009 1348 1038 animalium
1364 1012 1426 1040 vita:
1443 1014 1593 1049 universzc,
1616 1020 1684 1044 tem-

57 1059 182 1095 υπάρχον
189 1058 229 1094 τῷ
244 1058 401 1093 σώματιτοῦ
415 1058 558 1094 ἀνθρώπου
572 1058 621 1094 τὴν
632 1058 679 1085 τοῦ
694 1059 811 1094 φλέγμα-ι

934 1059 1018 1082 ratam
1035 1055 1132 1083 reddit.
1151 1055 1276 1084 Calidum
1294 1058 1366 1093 quod
1391 1060 1418 1087 in
1434 1060 1555 1089 humano
1569 1070 1685 1099 corpore

57 1106 172 1141 ἐκτήκει
195 1105 343 1140 ἀμετρίαν,
367 1105 491 1140 καθάπερ
514 1105 717 1142 κρυσταλλῶδες
741 1105 811 1141 πίληλ

930 1105 949 1133 t,
969 1101 1141 1128 immodicam
1159 1103 1264 1137 pituita:
1284 1104 1479 1133 abundantiam
1495 1107 1626 1144 dissipat,
1645 1111 1684 1138 uti

57 1152 164 1183 ὓδατος.
180 1152 214 1178 Αἱ
227 1151 254 1178 δὲ
270 1151 366 1186 φλέϐες
379 1152 426 1177 καὶ¹
434 1151 464 1178 τδ
476 1150 546 1187 αἷμα
562 1151 592 1178 τὸ
606 1153 636 1178 ἐν
651 1152 747 1184 αὑταῖς
766 1161 811 1178 ποτ

934 1154 974 1174 ua:
990 1148 1200 1182 spissamentum
1215 1150 1423 1184 conglaciatum.
1438 1151 1518 1181 Vena:
1529 1158 1556 1182 et
1571 1157 1684 1190 sanguis

56 1199 115 1234 μῶν
132 1199 280 1234 μιμήματα
292 1197 487 1229 ἀποσώζουσιν.
503 1197 629 1225 Τοιοῦτον
643 1200 657 1225 6
672 1198 738 1230 Θεὸς
750 1207 810 1225 τεκτ

945 1193 999 1221 illis
1013 1193 1157 1221 ﬂuviowm
1174 1194 1262 1222 instar
1276 1204 1305 1224 se
1320 1197 1431 1225 habent.
1446 1197 1502 1226 lloc
1516 1205 1597 1235 pacto
1611 1201 1683 1230 Deus

54 1246 174 1281 νάμενος
189 1245 234 1272 τὸν
256 1244 397 1281 ἄνθρωπον
423 1245 454 1272 ὲκ
473 1245 522 1281 τῆς
544 1245 604 1280 γῆς.
622 1245 669 1272 καὶ
691 1245 753 1277 δοὺς
770 1245 808 1272 αὐι

930 1240 1033 1266 minem
1058 1247 1073 1267 e
1099 1243 1172 1267 terra
1198 1242 1368 1276 perfectum,
1398 1245 1542 1281 animaque
1567 1247 1684 1277 rationis

53 1291 168 1327 λογικὴν
192 1290 291 1326 ψυχὴν,
316 1290 361 1317 τοῦ
387 1290 549 1326 παραδείσου
572 1291 622 1326 τῆς
647 1292 752 1327 τρυφῆς
774 1292 807 1318 ἀτη

931 1290 1020 1321 mpote
1036 1286 1206 1322 insignitum,
1221 1287 1380 1317 deliciarum
1397 1290 1477 1318 horto
1491 1297 1521 1319 ut
1547 1292 1683 1322 frueretur

52 1335 782 1371 λαὺειναὺτὸνπαρ................

927 1331 1041 1358 :stinavit
1057 1332 1091 1360 ²⁰.
1114 1331 1215 1360 Verum
1232 1334 1276 1361 ubi
1294 1335 1408 1370 imperio
1431 1345 1485 1364 non
1514 1340 1604 1373 paruit
1618 1359 1626 1371 ,
1654 1340 1681 1370 in

51 1379 120 1408 Εἶτα
143 1381 193 1416 τῆς
216 1381 324 1416 ἐντολῆς
346 1381 556 1417 παρακούσαντα
575 1383 615 1414 εἰς
635 1383 685 1418 τὴν
699 1383 751 1418 γῆν
762 1384 805 1410 αὐτ

927 1385 995 1404 rram
1009 1377 1080 1405 hanc
1094 1378 1134 1405 uti
1151 1377 1278 1405 colonum
1293 1387 1355 1407 eum
1374 1381 1516 1417 ablegavit,
1532 1383 1588 1411 vita
1605 1383 1644 1411 illi
1655 1385 1681 1412 in

49 1426 157 1462 ταύτην
184 1426 357 1462 μετέστησεν,
369 1427 518 1463 ¹ἐπίμοχϐον
542 1428 616 1463 αὺτῷ
638 1429 683 1455 τὸν
702 1428 757 1464 βίον
772 1429 802 1465 ἐχ

644 1429 683 1455 τὸν
702 1428 757 1464 βίον
772 1429 842 1465 ἔχειν
893 1429 926 1449 ea
937 1422 1177 1451 calamitosissima
1198 1426 1347 1453 constituta
1367 1427 1398 1452 “.

49 1473 94 1500 ἐπ’
107 1474 195 1508 αὐτῆς
212 1474 428 1510 ἀποφηνάμενος.

87 1519 231 1554 Γνωρίσας
250 1518 296 1547 οὖν
312 1520 360 1557 τὴν
377 1523 492 1556 γυναῖκα
513 1522 595 1549 αὑτοῦ
610 1522 692 1556 Εὕαν,
706 1524 780 1555 υἱοὺς
795 1523 841 1550 δύο

928 1514 966 1543 lie
981 1514 1071 1550 itaque
1087 1523 1150 1543 cum
1166 1524 1251 1544 uxore
1273 1516 1329 1544 Eva
1351 1517 1455 1551 habita,
1470 1519 1539 1547 duos
1561 1522 1682 1556 suscepit

50 1564 184 1599 ὶγέννησε
195 1585 202 1597 ,
216 1565 262 1591 τὸν
277 1565 361 1599 Κάΐν,
375 1566 421 1593 καὶ
437 1567 483 1593 τὸν
500 1567 590 1593 Ἀϐελ.
607 1568 662 1594 Καὶ
675 1569 690 1594 6
708 1569 756 1603 μὲν
772 1569 804 1595 Κ(

926 1568 1006 1594 peros,
1024 1561 1091 1588 Cain
1110 1565 1138 1588 et
1153 1561 1220 1589 Abel
1234 1563 1267 1591 “.
1299 1562 1366 1590 Cain
1391 1565 1583 1600 agriculturae,
1612 1567 1680 1594 Abel

48 1608 83 1645 ἦν
108 1612 242 1648 γεωργὸς,
265 1613 279 1638 ὁ
300 1613 328 1639 δὲ
345 1613 426 1640 Ἅϐελ
441 1613 553 1649 ποιμὴν,
576 1614 622 1641 καὶ
647 1614 693 1641 τοῦ
717 1623 802 1651 γεωρ]

928 1608 1026 1635 cuaria‘;
1041 1607 1168 1635 studebat
1182 1608 1215 1640 ",
1232 1616 1282 1636 nec
1298 1609 1349 1637 ulla
1367 1617 1430 1637 cmn
1449 1611 1515 1638 Cain
1540 1611 1679 1640 familiari-

49 1657 80 1683 οὐ
98 1656 196 1692 μετῄει
211 1657 259 1689 τὰς
275 1658 400 1694 ἀπαρχὰς
418 1659 472 1686 τῶν
488 1660 611 1695 καρπῶν.
625 1661 803 1697 Προσήνεγκεε

922 1657 946 1681 te
960 1653 1137 1689 iungebatur.
1164 1654 1232 1681 Abel
1253 1654 1388 1689 primitias
1404 1655 1458 1683 Deo
1482 1657 1599 1691 obtulit,
1617 1666 1676 1694 qua:

52 1702 137 1729 Ἀὃελ
159 1703 199 1738 τῷ
222 1703 289 1739 Θεῷ·
306 1704 354 1731 καὶ
379 1706 395 1740 ἡ
418 1704 498 1732 θυσία
520 1705 603 1732 αὐτοῦ
630 1706 736 1741 ἐδέχθη.
760 1707 788 1734 '0

923 1713 924 1724 ι
947 1700 994 1728 illo
1018 1701 1138 1736 gratiose
1162 1705 1280 1736 acceptae
1293 1705 1357 1729 sunt
1369 1703 1402 1729 ³⁸.
1419 1702 1486 1731 Cain
1504 1705 1623 1739 primum
1647 1713 1677 1733 se

51 1748 132 1779 Κάῖν,
151 1748 260 1783 πρῶτος
284 1750 366 1781 αὐτὸς
391 1750 444 1776 τῶν
463 1751 638 1786 γεννωμένων
660 1752 805 1788 ὲμφορηθεὶ

931 1756 974 1776 ius
991 1749 1073 1776 editis
1094 1748 1202 1775 abunde
1221 1753 1396 1778 exsaturatus
1407 1769 1416 1782 ,
1442 1750 1546 1779 hostias
1563 1752 1636 1787 praei)
1647 1757 1685 1780 uat

50 1793 138 1826 οὕτως
153 1795 296 1830 ἀνήνεγκε
311 1796 357 1822 καὶ
373 1796 484 1828 ἇδεκτος
500 1796 582 1824 αὑτοῦ
595 1798 611 1833 ἡ
627 1797 706 1824 Θυσία
722 1797 804 1832 ἐγένε’

942 1795 1106 1822 sacrificium
1121 1815 1130 1827 ,
1161 1802 1231 1830 quat.
1255 1795 1366 1824 minime
1391 1796 1520 1831 jucundae
1544 1797 1620 1826 fuere
1651 1798 1683 1827 ⁸⁸.

51 1841 106 1867 Καὶ
125 1841 265 1876 ὀργισθεὶς
288 1842 333 1868 ἐπὶ
354 1842 440 1877 τούτῳ
454 1844 468 1869 ὁ
483 1843 570 1875 Κάῖν,
585 1843 673 1870 ἀνεῖλε
688 1844 777 1879 φθόνῳ
795 1853 805 1870 ιι

928 1846 1006 1876 optet
1020 1841 1071 1870 hoc
1090 1843 1208 1878 graviter
1224 1841 1368 1875 exardens,
1387 1842 1537 1871 invidentia
1564 1843 1681 1871 fratrem

50 1887 166 1923 ἀδελφὺν
179 1888 272 1914 αὑτοῦ·
290 1889 335 1914 καὶ
352 1890 366 1915 6
391 1889 455 1921 Θεὸς
477 1890 612 1925 ἐπάρατον
627 1889 707 1916 αὑτὸν
727 1899 804 1925 ποιησ

927 1888 999 1915 cavit
1023 1889 1058 1922 ’⁸,
1071 1893 1099 1916 et
1121 1889 1194 1917 Deus
1211 1889 1407 1917 exsecrandum
1433 1894 1460 1917 et
1489 1889 1681 1918 detestabilem

52 1942 142 1969 μενος,
157 1935 206 1961 καὶ
220 1934 268 1970 τῆς
289 1934 340 1970 γῆς
357 1935 463 1971 ἐκείνης
479 1935 614 1968 ἐξέϐαλεν.
638 1936 667 1962 '0
680 1935 718 1968 δὲ,
740 1936 806 1963 πολλ

927 1935 1019 1962 mibus
1031 1935 1210 1968 declaratum,
1227 1943 1260 1964 ex
1276 1936 1322 1963 illa
1336 1940 1409 1964 terra
1424 1936 1521 1971 ejecit,
1541 1937 1588 1972 qui
1608 1937 1681 1963 mul-

50 1980 252 2015 περινοστήσας
266 1980 335 2013 ὁδὸν,
350 1982 390 2013 εἰς
412 1982 493 2008 τόπον
509 1982 569 2009 τινὰ
589 1983 692 2009 Καῖνᾶν
705 1982 804 2018 ὀνομαζ

925 2000 926 2005 η
948 1981 1109 2016 magnisque
1138 1982 1283 2011 itineribus
1305 1983 1507 2018 peregrinatus,
1530 1983 1558 2010 in
1585 1982 1679 2010 locmn

51 2035 130 2062 μενον
140 2024 217 2062 ἦλθε,
231 2027 277 2054 καὶ
289 2028 378 2054 πᾶσαν
391 2029 585 2064 ἀρρητοποιίαν
601 2030 759 2065 μετήρχετο,
774 2039 804 2057 το

922 2027 1034 2054 ιθιιιᾱιιιη
1064 2026 1168 2054 Cainan
1196 2032 1384 2062 nuncupatum
1417 2027 1536 2063 appulit,
1568 2027 1596 2055 in
1621 2035 1676 2063 quo

49 2073 198 2108 παριόντας
210 2073 364 2109 ἐνεδρεύων,
379 2074 425 2100 καὶ
440 2074 574 2110 ἀναιρῶν,
588 2075 635 2101 καὶ
650 2075 682 2102 ἐκ
701 2075 755 2102 τῶν
772 2085 803 2103 σκ

922 2081 970 2101 uile
997 2073 1074 2101 nefas
1101 2074 1246 2110 scelusque
1265 2074 1441 2107 admittebat,
1470 2074 1588 2103 viatores
1606 2082 1676 2111 pne-

48 2119 100 2146 λων
114 2119 264 2155 χρημάτων
280 2119 403 2154 συνάγων
417 2119 518 2155 πλῆθος
531 2120 676 2156 ἀμύθητον.

921 2125 1029 2148 reuntes
1054 2121 1161 2148 insidiis
1182 2121 1389 2156 aggrediebatur
1403 2115 1504 2156 eosque
1525 2121 1675 2149 occidendo

49 2164 107 2199 ipse
124 2165 276 2193 latrociniis
289 2166 408 2194 intentus
421 2165 527 2201 prendas
538 2166 644 2202 agebat,
668 2171 696 2196 et
719 2176 752 2196 ex
772 2171 865 2205 spoliis
890 2164 1059 2193 innumeram
1075 2167 1127 2194 sibi
1143 2167 1265 2202 pecunia:
1280 2166 1491 2200 multitudinem,
1503 2175 1564 2203 quae
1585 2168 1675 2196 verbis

47 2211 142 2246 nequit
157 2211 297 2247 explicari,
314 2213 427 2247 paravit.
748 2209 759 2212 ⁴

81 2256 196 2293 Πρῶτος
218 2257 247 2283 δὲ
263 2258 331 2284 Κάῖν
348 2259 449 2294 μέτρα,
464 2259 511 2285 καὶ
532 2258 679 2295 σταθμοὺς,
695 2260 741 2286 καὶ
756 2260 834 2295 ὄρους

923 2258 1031 2286 Primus
1043 2258 1110 2286 Cain
1124 2266 1268 2286 mensuras
1286 2263 1313 2287 et
1336 2259 1467 2294 pondera,
1487 2262 1621 2296 terraeque
1641 2261 1674 2289 li-

46 2302 96 2338 γῆς
113 2303 262 2339 ἐπενόησε,
281 2304 328 2330 καὶ
351 2304 493 2340 οἰκοδομὴν
516 2305 629 2338 πόλεως,
652 2306 762 2332 πάντων
779 2314 800 2332 τι

920 2305 968 2333 itcs
986 2305 1109 2339 invenit;
1128 2305 1324 2340 civitatumque
1348 2309 1502 2334 structuras
1514 2326 1521 2338 ,
1548 2308 1674 2336 omnibus

46 2348 106 2375 κατ’
124 2349 213 2375 ἐκεῖνο
227 2349 322 2384 καιροῦ
336 2350 382 2376 τὸν
397 2350 522 2386 ἀκέραιον
539 2351 585 2377 καὶ
601 2351 764 2387 ἀπράγμονα
778 2351 800 2386 βξ

920 2359 952 2378 nc
968 2351 1098 2386 temporis
1115 2350 1266 2385 simplicem
1283 2351 1446 2386 minimeque
1470 2353 1607 2381 curiosam
1633 2353 1674 2381 νὶ-

45 2394 254 2430 ἁσπαζομένων.
275 2395 302 2422 '0
323 2395 350 2422 δὲ
373 2396 466 2431 Ἀδὰμ,
481 2397 567 2432 μένων
582 2398 611 2423 ἐν
629 2394 651 2431 ᾧ
665 2398 739 2433 τόπῳ
756 2397 799 2423 ὲτύ

917 2405 942 2424 m
960 2398 1187 2433 amplectentihus
1199 2398 1230 2424 ³⁷.
1248 2397 1333 2424 Adam
1347 2405 1412 2425 vero
1428 2397 1524 2426 iisdem
1538 2399 1604 2426 locis
1619 2399 1671 2426 im-

44 2449 120 2476 χανε,
136 2440 251 2473 πολλοὺς
263 2442 361 2474 παῖδας
373 2443 420 2469 καὶ
434 2443 585 2477 Θυγατέρας
601 2444 738 2479 ἐποίησεν,
753 2444 798 2470 ἐν(

918 2448 1019 2476 oratus,
1037 2444 1127 2479 plures
1152 2443 1222 2471 ﬁlios
1247 2443 1372 2478 ﬁliasque
1390 2443 1503 2475 habuit,
1529 2443 1556 2470 in
1573 2444 1672 2479 quibus

43 2486 181 2523 ἐξαίρετός
202 2496 243 2519 τις
262 2488 381 2524 ὑπῆρχεν
394 2489 408 2514 6
424 2489 488 2525 Σὴθ,
508 2490 581 2522 ὅστις
602 2491 630 2517 ἐν
646 2491 737 2527 ἡλικίᾳ
756 2499 797 2525 γει

917 2491 1039 2525 ‘aecipuus
1055 2495 1113 2517 erat
1130 2489 1196 2517 Seth
1217 2489 1255 2522 ³⁸,
1274 2489 1420 2523 qui,:etate
1436 2488 1557 2521 ineunte,
1572 2490 1671 2517 multas

44 2540 126 2567 μενος
141 2532 241 2564 πολλὰς
254 2534 355 2569 ἀρετὰς
375 2535 529 2571 ἐπενόησεν,
545 2532 581 2562 ὧν
597 2537 644 2563 καὶ
655 2537 717 2568 τοὺς
732 2536 798 2571 ἀπογ

919 2538 987 2571 perit
1003 2537 1133 2568 virtutes,
1158 2542 1273 2570 quarum
1291 2534 1443 2562 imitatores
1459 2538 1583 2569 posteros
1608 2533 1673 2561 reli-

42 2586 104 2609 νους
119 2578 202 2604 αὑτοῦ
215 2579 337 2614 ζηλωτὰς
348 2581 550 2608 καταλέλοιπεν.
566 2579 649 2614 Οὗτος
659 2582 714 2618 γὰρ
725 2583 796 2618 πρῶτ

917 2584 953 2610 lit.
972 2582 1021 2609 llic
1035 2582 1108 2609 enim
1128 2581 1234 2616 primus
1256 2584 1392 2608 astrorum
1415 2580 1556 2607 scientiam
1570 2583 1671 2607 totatu-

41 2625 227 2661 ἀστρονομίαν
243 2626 291 2652 καὶ
312 2627 401 2653 πᾶσαν
424 2627 473 2663 τὴν
488 2627 612 2662 οὐράνιον
630 2627 729 2663 ἐφεῦρε
743 2628 795 2655 δια>

915 2637 937 2656 Ie
969 2635 1060 2655 rerum
1089 2627 1243 2655 cmlestium
1274 2626 1439 2660 descriptam
1467 2625 1669 2653 distinctionem

43 2680 154 2706 σμησιν,
168 2672 264 2706 ἥντινα
283 2672 346 2708 ἄχρι
367 2672 421 2699 τῶν
443 2673 564 2707 ἐσχάτων
578 2673 680 2709 χρόνων
696 2674 797 2709 διαμεῖν

919 2675 1046 2710 cogitavit
1058 2683 1065 2708 ;
1089 2681 1182 2709 quam,
1199 2681 1232 2701 ne
1246 2673 1376 2701 extremis
1389 2671 1558 2707 temporibus
1571 2679 1669 2699 evane-

40 2717 153 2743 τοιῶσδε
166 2719 180 2744 6
193 2718 278 2752 Ἀδὰμ
286 2718 322 2752 (1)
331 2718 529 2754 παρεσκεύασε”
539 2719 640 2754 μέλλων
646 2720 699 2757 γὰρ
705 2720 794 2747 τελευτ

915 2725 990 2753 eret,
1014 2720 1060 2747 tali
1087 2719 1263 2747 meditatione
1289 2725 1410 2753 curaque
1429 2717 1556 2745 servavit.
1583 2716 1669 2744 Adam

39 2763 54 2788 ὁ
77 2763 163 2798 Ἀδὰμ
177 2764 343 2799 προφητεύει
356 2765 412 2795 τοῖς
430 2765 508 2791 παισὶ
522 2764 627 2799 μέλλειν
641 2765 686 2793 τὸν
702 2766 767 2793 Θεὸν
781 2775 793 2793 τ

920 2768 966 2799 im,
986 2765 1067 2793 morti
1082 2765 1200 2798 vicinus,
1217 2763 1301 2792 Deum
1317 2763 1472 2791 universam
1490 2761 1561 2790 hanc
1576 2762 1670 2789 mundi

75 2830 98 2846 “
116 2829 269 2867 Cen._i,2'l.
307 2832 330 2847 ²⁰
344 2831 407 2859 Gen.
421 2840 450 2865 ιι,
461 2832 488 2860 8.
527 2833 548 2848 "
565 2812 628 2862 Gen.
647 2842 687 2866 ιιι,
699 2834 745 2862 24.
784 2836 806 2851 ²¹
823 2837 829 2861 t

915 2843 939 2867 ι’,
956 2835 980 2862 1.
1019 2833 1121 2861 "Ibid.
1135 2833 1162 2860 2.
1202 2832 1225 2848 ’⁵
1237 2831 1309 2860 Ibid.
1321 2831 1348 2859 5.
1387 2830 1410 2847 ³⁵
1423 2829 1494 2858 Ibid.
1506 2830 1534 2858 5.
1572 2829 1668 2860 "Ibid.

43 2866 86 2893 Η.
126 2866 149 2881 ⁸⁷
170 2865 237 2892 Gen.
262 2874 299 2899 tv,
324 2867 368 2894 17.
407 2868 429 2884 ³⁸
447 2867 519 2895 Ibid.
536 2868 582 2895 ‘25.

78 2924 118 2960 (l)
131 2923 222 2952 Voces
236 2924 251 2950 6
265 2924 359 2960 Ἀδάμ,
374 2924 450 2961 lapsu
467 2927 663 2963 typographico
675 2927 729 2954 huc
739 2927 885 2962 irrepsisse
896 2926 1033 2967 videnttrr,
1045 2933 1133 2962 neque
1141 2933 1189 2953 eas
1202 2925 1267 2961 legit
1284 2924 1429 2961 interpres.
1446 2924 1525 2953 Enn.
1541 2921 1627 2952 ΡΑτι.
