1909 3071
223 126 269 156 75!
655 127 682 154 S.
702 127 926 155 EUSTATHIUS
945 127 1187 155 ANTIOCHENUS
1206 126 1403 154 EPISCOPUS.

1787 125 1838 152 752

223 193 346 215 naturam
361 191 388 214 et
403 186 464 222 igne
478 189 505 214 et
517 193 587 221 aqua
603 187 858 220 exterminaturum,
871 187 934 215 ﬁliis
950 188 1007 215 suis

1063 189 1085 213 ὲν
1111 187 1203 222 κόσμῳ
1227 186 1306 221 φύσιν
1333 185 1491 219 ἀπαλείφειν
1515 183 1581 219 πυρὶ
1609 183 1655 210 καὶ
1684 183 1772 210 ὕδατι·
1791 185 1838 210 καὶ

223 234 401 264 vaticinatur;
416 239 470 267 quo
490 232 593 264 audito,
611 233 657 268 qui
673 240 727 259 una
744 241 805 260 cum
817 232 888 260 ‘Seth
907 237 1005 265 erant,

222 281 290 308 duas
303 283 450 308 erexerunt
465 278 617 311 columnas,
635 286 715 306 unam
735 279 845 314 quidem
861 287 891 306 ex
905 279 1005 314 lapide,

222 328 334 353 alteram
348 325 484 352 caesilibus
500 324 640 352 latereulis
656 328 824 356 exstructam
835 345 842 357 ,
864 329 890 352 ct
920 325 946 351 in
965 325 1007 353 his

221 379 316 399 omnes
343 371 404 398 cmli
432 374 520 398 motus
550 370 764 405 inscripserunt,
798 378 832 398 ne
859 378 953 398 eorum
979 371 1007 398 in

223 421 358 444 astrorum
373 417 486 445 scientia
505 417 709 444 observationes
725 417 888 451 inventaque
916 417 1006 452 aliqua

222 464 380 491 obscuraret
404 463 513 490 oblivio.
541 461 569 489 Si
592 462 663 490 enim
679 469 749 497 aqua
775 463 866 489 omnia
882 464 1007 490 consumi

221 509 391 544 Contigisset,
406 509 511 544 lapidea
527 508 572 535 illa
587 509 712 535 columna
733 513 959 541 conservaretur;
984 509 1007 536 si

223 555 458 590 igne,'testacea;
482 561 544 581 cum
566 554 657 589 itaque
686 562 762 589 aquae
784 555 882 589 pluvia:
909 559 1007 581 terram

223 600 412 633 inundassent,
426 601 534 635 lapidea
549 601 706 634 permansit,
723 609 782 636 quae
799 601 833 628 ad
848 601 905 628 haec
922 609 1008 637 usque

223 651 345 681 tempora
361 647 390 673 in
408 645 603 674 terra‘Seiriail
615 649 706 673 erecta
717 647 896 682 conspicitur.

259 686 358 720 Genuit
373 700 456 728 porro
472 693 549 720 'Cain
565 692 676 726 'Enocb,
693 696 720 719 et
740 693 833 720 Euoch
846 688 966 726 Gaida‘d,
982 697 1009 721 et

224 739 328 766 Gaida‘d
343 739 473 772 Malelecl,
488 743 514 766 et
536 737 655 766 Maleleel
670 739 832 772 Mathusala,
853 743 880 767 et
900 739 944 766 hic
958 739 1009 766 La-

225 785 314 817 mech,
331 785 377 820 qui
400 784 468 812 duas
483 785 560 812 duxit
584 792 682 812 uxores
704 785 781 812 Adan
798 790 825 813 et
852 785 950 816 Selan,
976 794 1010 813 ex

225 832 324 866 quibus
351 836 406 859 tres
437 831 530 858 habuit
553 831 632 863 ﬁlios,
649 839 681 859 ex
699 832 775 859 Adan
795 831 882 865 Jobel,
900 833 945 867 qui
961 833 1008 868 ju-

1057 233 1222 263 ἀκούσαντες
1244 233 1268 258 οἱ
1291 232 1354 267 περὶ
1374 231 1420 257 τὸν
1440 229 1492 265 Σὴθ
1513 228 1559 255 δύο
1581 229 1680 264 στήλας
1697 230 1839 264 ἐποίησαν,

1057 280 1106 314 τὴν
1128 279 1175 314 μὲν
1197 279 1229 305 ὲκ
1253 278 1344 308 λίθου,
1367 277 1417 312 τὴν
1437 276 1465 302 δὲ
1479 275 1508 307 ἐξ
1523 275 1608 310 ὀπτῆς
1623 275 1732 301 πλίνθου
1754 284 1839 301 κατα-

1058 323 1245 354 σκευάσαντες
1255 323 1302 349 καὶ
1309 323 1337 348 ὲν
1344 321 1454 352 ταύταις
1464 321 1552 347 πᾶσαν
1562 319 1610 355 τὴν
1619 320 1744 355 οὐράνιον
1757 319 1841 355 φορὰν

1058 368 1233 405 ἐνεχάραξαν,
1249 368 1316 403 πρὸς
1337 368 1368 394 τὸ
1390 368 1427 403 μὴ
1440 367 1554 402 ἄληστον
1575 367 1624 402 τὴν
1646 366 1695 401 τῆς
1713 366 1842 401 ἀστρονο-

1060 415 1123 451 μίας
1145 415 1234 442 αὐτῶν
1257 413 1381 448 γενέσθαι
1399 413 1516 448 εὖρεσιν’
1537 413 1595 445 ἵνα,
1609 413 1633 438 εί
1652 412 1702 447 μὲν
1719 411 1795 438 ὕδατι
1808 412 1842 438 τὰ

1057 461 1145 487 πάντα
1160 459 1308 495 φθείρεται,
1332 460 1348 494 ή
1365 458 1463 490 λίθινος
1484 457 1565 493 στήλη
1582 457 1760 492 φυλάττηται,
1778 458 1802 483 εἰ
1814 457 1842 483 δὲ

1057 507 1134 542 πυρὶ,
1151 507 1168 541 ἡ
1183 505 1363 541 ὀστρακώδης.
1379 505 1528 539 Γενομένης
1543 501 1588 529 οὖν
1600 504 1649 538 τῆς
1661 503 1841 539 κατομϐρίας,

1057 552 1074 586 ὴ
1089 551 1187 582 λίθινος
1206 550 1290 585 στήλη
1305 550 1446 585 διέμεινεν,
1461 550 1521 584 ἥτις
1532 550 1594 585 ἄχρι
1610 550 1659 585 τῆς
1674 549 1754 584 δεῦρο
1769 549 1842 584 μένει

1057 598 1086 623 ὲν
1103 598 1138 632 γῇ
1155 597 1187 632 τῇ
1204 596 1328 631 Σηῖρειὰδ
1341 595 1523 631 ἐστηλωμένη.

1099 687 1241 722 Ἐγέννησε
1254 686 1282 712 δὲ
1300 687 1314 712 ὁ
1328 687 1397 713 Κάῖν
1415 687 1460 713 τὸν
1484 686 1576 722 Ἑνὼχ,
1598 687 1645 712 καὶ
1658 687 1672 712 ὁ
1693 685 1780 721 Ἐνὼχ
1798 685 1843 712 τὸν

1058 733 1164 764 Γαῖδάδ,
1179 733 1226 759 καὶ
1239 733 1254 758 ὁ
1272 732 1368 759 Γαῖδὰδ
1380 733 1424 758 τὸν
1438 732 1587 767 Μαλελεὴλ,
1608 732 1655 759 καὶ
1672 733 1687 759 ό
1702 731 1844 767 Μαλελεὴλ

1058 779 1103 805 τὸν
1117 778 1295 811 Μαθουσάλα,
1309 778 1356 805 καὶ
1376 776 1451 809 οὗτος
1467 778 1511 805 τὸν
1527 779 1632 813 Λάμεχ.
1646 778 1702 804 Καὶ
1720 778 1734 804 6
1748 778 1843 812 Λάμεχ

1058 825 1104 851 δύο
1117 826 1247 858 γυναῖκας
1263 824 1390 859 ἠγάγετο,
1411 823 1489 850 Ἀδὰν
1504 824 1550 850 καὶ
1565 823 1657 856 Σελὰν,
1677 823 1726 850 καὶ
1747 823 1776 855 ἐξ
1796 823 1844 850 αὺ-

226 881 314 904 menta
327 885 376 905 suo
391 877 481 905 studio
494 877 636 910 educabat,
648 882 674 905 et
688 877 767 905 Jubal
786 878 832 914 qui
850 878 1007 913 psalterium

1063 870 1111 896 τῶν
1133 870 1206 905 τρεῖς
1231 869 1326 899 παῖδας
1348 868 1484 904 ἐποίησεν,
1506 868 1538 894 ὲκ
1560 869 1608 903 μὲν
1623 868 1673 903 τῆς
1698 867 1776 894 Ἀδὰν
1798 867 1843 893 τὸν

225 924 409 959 citharamque
422 924 523 951 invenit
536 933 543 956 ;
560 932 593 951 ex
603 923 683 951 Selan
693 924 806 956 Thobel,
817 925 862 960 qui
875 925 1008 953 malleolis

223 979 261 999 as
273 971 429 1005 ferrumque
445 971 566 998 excussit
582 971 614 998 ¹⁹.
640 971 725 998 Adam
739 977 828 999 autem
846 980 908 999 cum
923 972 1008 999 vixis-

225 1022 266 1046 set
277 1017 355 1047 annis
370 1017 513 1045 duodecim
527 1023 552 1045 et
568 1019 722 1053 nongentis,
735 1019 790 1046 vita
797 1018 906 1047 functus
919 1023 962 1047 est
974 1019 1006 1046 ‘°.

260 1141 343 1174 Enos,
359 1141 430 1169 ﬁlius
442 1141 507 1170 Seth
520 1162 528 1174 ,
553 1150 651 1170 nomen
674 1142 780 1170 Domini
799 1143 916 1178 speravit
933 1143 1010 1170 invo—

225 1195 289 1216 care
302 1188 324 1204 ³¹
339 1197 346 1215 :
361 1188 407 1223 qui
422 1196 483 1215 cum
498 1188 610 1216 vixisset
619 1188 697 1215 annis
723 1195 792 1220 cuv,
820 1193 944 1216 mortuus
957 1194 1008 1223 est,

224 1239 250 1260 et
263 1233 334 1260 ﬁlius
347 1234 432 1268 ipsius
448 1234 552 1260 Cainan
567 1234 634 1260 vixit
650 1234 728 1261 annis
753 1241 834 1265 cum,
845 1238 871 1260 et
885 1239 1009 1262 mortuus

224 1284 283 1312 est;
299 1279 419 1306 Maleleel
438 1280 509 1306 ﬁlius
520 1280 580 1314 ejus
597 1279 676 1307 annis
695 1287 829 1312 nccxcxv,
845 1285 871 1308 et
886 1285 1009 1308 mortuus

224 1329 276 1354 est.
292 1325 379 1360 llujus
406 1326 476 1352 ﬁlius
492 1324 573 1353 Jared
593 1326 660 1353 vixit
687 1327 765 1354 annis
803 1334 870 1359 cux,
896 1331 922 1355 et
936 1335 1010 1354 mor-

225 1375 289 1398 tuus
303 1371 359 1404 est;
386 1371 456 1399 ﬁlius
470 1371 551 1399 Jared
568 1371 671 1404 Enoch,
685 1380 747 1400 cum
764 1373 835 1408 apud
851 1373 933 1400 Deum
950 1374 1010 1408 plu-

225 1417 324 1443 rimum
338 1417 422 1452 gratia
436 1418 585 1452 potuisset,
603 1418 750 1446 translatus
767 1422 820 1450 est,
835 1418 913 1452 cujus
940 1418 1010 1445 ﬁlius

218 1461 378 1489 'Mathusala
396 1463 464 1490 vixit
501 1464 579 1490 anuis
600 1471 730 1496 Dccuix,
753 1467 780 1491 ct
804 1467 926 1490 mortuus
949 1467 1008 1496 est;

225 1507 382 1536 etLamech
399 1509 478 1536 'ﬁllus
511 1509 682 1545 Mathusalae,
708 1517 770 1537 cum
807 1510 886 1537 armis
913 1517 1010 1538 DCCLItl

225 1554 349 1587 sixisset,
356 1555 431 1582 -obiit
447 1555 481 1582 ³³.

259 1643 377 1673 Lamech
400 1644 470 1672 ﬁlius
485 1644 550 1676 Noe,
568 1645 614 1681 qui
631 1645 713 1674 rebus
728 1645 953 1673 administrandis
969 1654 1012 1674 re-

225 1690 354 1725 gendisve
368 1698 473 1718 Summa
488 1691 603 1723 virtute,
619 1695 657 1723 et,
672 1697 701 1718 ut
717 1699 766 1726 par
780 1695 854 1723 erat,
869 1699 930 1719 cum
945 1700 1012 1727 gau-

225 1735 282 1767 dio,
298 1735 425 1763 omnibus
440 1737 561 1763 omnium
583 1744 712 1772 generum
733 1736 894 1764 mortalibus
907 1756 915 1768 ,
941 1741 971 1764 ut
996 1744 1011 1764 a

226 1781 298 1809 vitiis
311 1781 499 1814 abhorrerent,
515 1782 642 1810 virtutem
660 1782 898 1817 amplecterentur,
913 1783 1011 1810 suade-

225 1827 289 1860 bat;
308 1827 342 1855 ad
367 1828 510 1863 septimam
540 1828 612 1856 enim
639 1831 747 1855 aetatem
771 1836 858 1863 usque
887 1828 1011 1856 homines

226 1873 310 1900 Deum
327 1881 416 1901 rerum
432 1873 552 1900 omnium
571 1873 713 1901 Dominum
729 1881 791 1902 esse
807 1874 859 1902 sibi
877 1874 943 1909 ipsis
957 1879 1012 1901 sta-

225 1919 347 1953 tuebant,
357 1919 547 1954 justitiamque
558 1919 731 1954 expetebant.

261 1964 383 1992 Tandem
413 1965 561 2000 longinquo
587 1965 718 1999 temporis
741 1973 804 1997 usu,
829 1966 957 1993 omnibus
981 1974 1010 1993 se

225 2009 301 2037 vitiis
315 2010 504 2044 inquinarunt,
517 2010 645 2044 aquibus
659 2017 707 2037 eos
722 2018 784 2037 cum
802 2009 868 2042 Noe,
882 2015 911 2037 ut
926 2011 1011 2038 absti-

227 2059 335 2086 nerent,
361 2063 415 2082 non
442 2059 535 2090 posset
557 2055 697 2087 inducere,
728 2063 824 2083 eorum
852 2056 1010 2084 societatem

227 2100 424 2133 stomachatus,
443 2101 471 2128 in
496 2101 563 2129 alios
588 2108 619 2129 se
640 2105 775 2128 terrarum
800 2102 870 2129 situs
883 2102 1007 2129 contulit.

225 2146 295 2175 Huic
306 2147 377 2175 Deus
385 2147 533 2180 mandavit,
542 2152 571 2174 ut
584 2155 675 2175 aream
689 2148 834 2176 aediﬁcaret
842 2148 1007 2181 “"‘,tecl0-

1065 915 1168 951 Ἰωϐήλ,
1185 915 1258 946 ὅστις
1271 914 1452 950 κτηνοτρόφος
1467 913 1588 947 ἐγένετο,
1605 914 1650 940 καὶ
1663 913 1709 940 τὸν
1729 912 1843 943 Ἰουϐἁλ,

1058 963 1088 993 ὃς
1098 961 1244 996 ψαλτήριον
1255 961 1301 987 καὶ
1315 960 1428 996 κιθάραν
1443 960 1560 996 ἐξεῦρεν.
1584 960 1630 986 Ἐκ
1650 959 1679 986 δὲ
1699 959 1749 994 τῆς
1760 959 1845 985 Σελὰν
1863 992 1867 995 Ι

1059 1006 1104 1031 τὸν
1129 1004 1225 1036 Θόϐελ,
1249 1005 1321 1036 ὅστις
1345 1005 1514 1040 σφυροκόπος
1534 1003 1634 1040 χαλκοῦ
1661 1004 1708 1030 καὶ
1734 1004 1844 1039 σιδήρου

1059 1051 1176 1085 ἐγένετο.
1199 1050 1226 1077 '0
1241 1050 1268 1076 δὲ
1285 1051 1378 1086 Ἀδὰμ,
1396 1051 1479 1086 ζήσας
1494 1051 1540 1086 ἐτη
1555 1051 1696 1077 ἐννακόσια
1710 1050 1778 1077 δέκα
1787 1050 1844 1082 δύο,

1059 1096 1203 1124 ἀπέθανεν.

1101 1142 1182 1174 Ἐνὼς
1204 1142 1233 1168 δὲ
1257 1143 1314 1174 υἱὸς
1336 1141 1382 1168 τοῦ
1404 1142 1456 1178 Σὴθ
1478 1142 1589 1178 ἤλπισεν
1604 1142 1794 1169 ἐπικαλεῖσθαι
1814 1141 1846 1168 τὺ

1059 1189 1144 1225 ὄνομα
1160 1189 1270 1224 Κυρίου·
1294 1189 1377 1224 ζήσας
1399 1190 1426 1216 δὲ
1449 1189 1495 1225 ἐτη
1518 1189 1658 1216 ἐννακόσια
1674 1190 1757 1216 πέντε
1779 1190 1846 1216 ἁπέ-

1061 1235 1134 1262 θανε.
1151 1235 1206 1262 Καὶ
1219 1233 1301 1266 suo;
1317 1234 1399 1261 αὑτοῦ
1415 1235 1527 1267 Καϊνὰν,
1541 1235 1625 1270 ζήσας
1640 1235 1686 1270 ἐτη
1702 1235 1845 1262 ἐννακόσια

1060 1281 1135 1312 δέκα,
1150 1280 1324 1316 ἐτελεύτησε.
1349 1281 1403 1307 Καὶ
1423 1282 1438 1307 ὁ
1454 1281 1511 1312 υἱὸς
1523 1281 1674 1316 Μαλελεὴλ,
1692 1281 1779 1316 ζήσας
1799 1281 1844 1317 ἐτη

1061 1327 1207 1354 ἑπτακόσια
1231 1327 1402 1362 ἐννενήκοντα
1419 1327 1495 1354 πέντε
1507 1347 1514 1360 ,
1537 1327 1680 1354 ἀπέθανεν.
1700 1328 1729 1354 Ὀ
1745 1328 1773 1354 δὲ
1787 1327 1847 1355 τοὺ-

1060 1382 1106 1400 του
1120 1374 1175 1406 υίὸς
1190 1374 1284 1409 Ἰάρεδ,
1299 1374 1344 1409 ἐτη
1363 1373 1464 1409 βιώσας
1476 1374 1616 1400 ἐννακόσια
1631 1374 1775 1409 ἑξήκοντα,
1791 1375 1846 1401 ἐτε-

1061 1420 1200 1456 λεύτησεν.
1216 1420 1268 1446 Τοῦ
1292 1419 1320 1446 δὲ
1348 1419 1433 1455 Ἰάρεδ
1455 1420 1511 1450 υἱὸς
1540 1419 1632 1454 Ἑνὼχ,
1658 1420 1846 1455 εὖαρεστήσας

1061 1462 1099 1497 τῷ
1121 1462 1194 1498 Θεῷ,
1219 1462 1360 1498 μετετέθη.
1380 1463 1408 1489 '0
1430 1463 1458 1489 δὲ
1483 1463 1538 1494 υἱὸς
1559 1463 1639 1490 αὐτοῦ
1662 1463 1846 1496 Μαθουσάλα,

1062 1507 1148 1544 ζήσας
1164 1508 1211 1544 ἐτη
1234 1509 1381 1535 ἑπτακόσια
1405 1509 1452 1535 καὶ
1474 1508 1602 1544 ἑξήκοντα
1619 1509 1697 1536 ἐννέα
1710 1530 1718 1543 ,
1743 1509 1847 1536 ἐτελεύ-

1061 1563 1136 1590 τησε.
1152 1555 1247 1590 Λάμεχ
1268 1555 1297 1581 δὲ
1309 1556 1323 1582 ὁ
1337 1555 1393 1586 υἱὸς
1409 1554 1582 1587 Μαθουσάλα,
1598 1555 1683 1590 ζήσας
1700 1556 1749 1592 ἔτη
1767 1557 1848 1582 ἑπτα-

1062 1600 1140 1626 κόσια
1155 1601 1320 1634 πεντήκοντα
1332 1599 1404 1635 τρία,
1421 1599 1565 1626 ἀπέθανεν.

1097 1645 1188 1680 Τούτῳ
1204 1645 1242 1680 τῷ
1257 1645 1354 1680 Λάμεχ
1375 1645 1431 1677 υἱὸς
1450 1645 1511 1671 Νῶε
1530 1646 1636 1680 ἐγένετο
1649 1646 1764 1681 ἀρεταῖς
1781 1647 1847 1680 ἀγα-

1062 1691 1115 1718 θῶν
1135 1691 1259 1727 πράξεων
1286 1691 1429 1726 ἡδόμενος,
1454 1691 1484 1722 ὃς
1506 1690 1596 1717 ἔπειθε
1621 1691 1651 1718 τὸ
1678 1691 1847 1727 ἀνθρώπινον

1061 1738 1138 1772 γένος
1165 1736 1364 1772 μεταϐληθῆναι
1387 1737 1440 1763 ἀπὸ
1471 1737 1520 1771 τῆς
1547 1737 1644 1768 κακίας
1670 1738 1711 1768 είς
1736 1738 1846 1773 ἀρετήν’

1061 1785 1123 1819 ἄχρι
1138 1783 1192 1818 γὰρ
1204 1782 1320 1818 ἑϐδόμης
1333 1783 1428 1817 γενεᾶς
1441 1782 1466 1808 οι
1487 1782 1623 1818 ἄνθρωποι
1639 1783 1774 1819 δεσπότην
1795 1784 1848 1810 τῶν

1062 1830 1187 1857 ἁπάντων
1213 1829 1257 1856 τὸν
1289 1829 1353 1855 Θεὸν
1377 1828 1577 1864 ἐπεγράφοντο,
1602 1830 1649 1856 καὶ
1674 1829 1848 1864 δικαιοσύνης

1061 1874 1225 1910 ἐφρόντιζον.

1097 1967 1228 2002 Ὕστερον
1243 1966 1272 1992 δὲ
1288 1965 1334 1992 τοῦ
1359 1966 1453 2002 χρόνου
1472 1966 1610 2001 προϊόντος
1630 1965 1670 1996 εἰς
1688 1965 1779 1991 πᾶσαν
1793 1973 1847 1990 πα-

1062 2013 1192 2048 ρανομίαν
1214 2011 1368 2045 ἐξώκειλαν.
1391 2011 1433 2044 Ὡς
1453 2011 1499 2039 οὖν
1517 2013 1531 2038 ὁ
1550 2012 1611 2038 Νῶε
1626 2012 1675 2038 οὐκ
1691 2009 1783 2037 ἔπειθε
1798 2009 1847 2044 τῆς

1060 2058 1160 2089 κακίας
1174 2058 1322 2092 ἀποστῆναι
1336 2057 1448 2089 αὐτοὺς,
1462 2057 1510 2092 τὴν
1526 2056 1667 2082 συνουσίαν
1684 2054 1775 2082 αὐτῶν
1791 2055 1848 2090 βδε-

1060 2103 1208 2138 λυξάμενος
1222 2104 1260 2134 είς
1271 2103 1355 2138 ἄλλην
1367 2103 1417 2138 γῆν
1432 2101 1598 2138 ἀνεχώρησε.
1614 2102 1669 2128 Καὶ
1684 2101 1847 2137 προστάττει

1061 2149 1136 2185 αὑτῷ
1160 2151 1174 2176 ὑ
1196 2149 1261 2181 Θεὸς
1286 2149 1487 2176 κατασκευάσαι
1512 2148 1626 2175 κιϐωτὸν
1649 2147 1846 2183 τετράστεγον,

225 2201 286 2221 rum
302 2197 432 2229 quatuor,
450 2193 619 2228 longitudine
635 2198 818 2222 trecentorum
841 2195 1008 2228 cubitorum,

1063 2196 1176 2232 ἔχουσαν
1190 2196 1220 2222 τὴ
1234 2196 1282 2231 μὲν
1300 2196 1385 2230 μῆκος
1396 2194 1557 2230 τριακοσίων
1570 2193 1675 2229 πηχῶν,
1690 2194 1722 2220 τδ
1738 2194 1767 2220 δὲ
1780 2193 1847 2220 πλά-

226 2241 372 2268 latitudine
386 2240 596 2276 quinquaginta,
612 2241 756 2268 altitudine
775 2241 896 2276 triginta,
926 2245 956 2268 ut
978 2241 1008 2268 in

225 2295 257 2316 ea
269 2287 351 2315 simul
362 2295 423 2315 cum
436 2287 509 2314 omni
524 2287 686 2322 cognatione
700 2287 840 2318 occlusus,
857 2287 1007 2322 periculum

225 2332 298 2368 quod
314 2341 348 2360 ex
360 2333 537 2360 inundatione
547 2333 717 2364 imminebat.
731 2333 945 2368 subterfugeret:
957 2333 1008 2360 hoc

224 2379 296 2406 enim
311 2378 444 2414 supplicio
454 2377 525 2406 Deus
543 2379 667 2407 homines
678 2379 724 2414 qui
739 2378 767 2406 id
784 2378 915 2412 temporis
931 2379 1008 2404 vive-

224 2423 301 2456 bant,
318 2424 415 2459 punire
431 2425 576 2460 delereque
592 2425 730 2460 cupiebat.
749 2423 849 2451 Verum
875 2431 937 2450 cum
954 2427 1009 2451 ter-

223 2477 282 2496 ram
297 2469 476 2497 inundassent
485 2477 562 2505 aqua:
571 2471 742 2498 summitates
757 2469 901 2500 montium,
914 2476 1008 2496 earum

225 2515 298 2542 ﬂuxu
313 2515 410 2542 abditae
423 2515 592 2550 occultaque
621 2520 686 2544 sunt
713 2516 746 2542 ³⁸.
773 2515 841 2542 Nam
865 2519 892 2543 et
907 2515 1008 2542 nostris

224 2560 301 2588 hisce
315 2561 485 2596 temporibus
498 2561 526 2588 in
540 2562 643 2590 vertice
657 2561 754 2589 Libani
774 2561 876 2596 lapides
898 2561 1009 2596 quidam

223 2606 258 2634 ad
276 2607 468 2634 aediﬁcandum
497 2607 667 2640 excidentes,
694 2607 864 2634 marinorum
893 2607 1009 2642 piscium

225 2653 300 2680 varia
324 2661 423 2690 genera
450 2654 602 2686 inveniunt,
626 2661 696 2689 quos
715 2657 781 2680 tunc
800 2654 828 2680 in
855 2654 930 2680 cavis
954 2653 1008 2679 illis

226 2700 359 2727 montium
374 2701 432 2728 luto
448 2701 552 2729 deﬁxos
563 2709 741 2729 concrescere
756 2700 879 2736 contigit.

256 2802 278 2817 “
290 2801 353 2829 Gen.
368 2811 405 2833 iv,
417 2803 443 2833 7,
475 2803 519 2833 19,
539 2802 584 2830 22.
623 2803 644 2819 ³ο
661 2803 724 2831 Gen.
738 2811 764 2835 v,
783 2803 808 2830 5.

226 2844 263 2868 Vi,
292 2836 332 2863 14.
371 2837 392 2852 "
408 2837 471 2864 Gen.
488 2845 536 2869 νη,
550 2837 592 2863 i9.

1061 2252 1106 2275 τος
1120 2243 1295 2278 πεντήκοντα,
1311 2241 1358 2268 καὶ
1374 2242 1403 2267 τὸ
1425 2240 1506 2276 βάθος
1527 2240 1681 2276 τριάκοντα,
1700 2240 1785 2271 ὅπως,
1804 2239 1847 2266 ἐπ’

1061 2289 1144 2324 αὐτῆς
1161 2289 1218 2324 ἅμα
1233 2289 1265 2323 τῇ
1293 2287 1435 2321 συγγενείᾳ
1462 2285 1544 2312 αὑτοῦ
1569 2284 1714 2320 καθείρξας
1740 2284 1846 2315 ἑαυτὸν,

1061 2335 1167 2370 ἐκφύγῃ
1183 2335 1228 2361 τὸν
1245 2335 1276 2360 ἐκ
1290 2333 1337 2360 τοῦ
1351 2332 1542 2367 κατακλυσμοῦ
1557 2332 1687 2358 κίνδυνον.
1708 2331 1848 2357 Ἐϐούλετο

1061 2382 1115 2418 γὰρ
1129 2383 1143 2408 ὁ
1159 2381 1224 2413 Θεὸς
1238 2379 1347 2415 τοιαύτῃ
1364 2379 1484 2414 τιμωρίᾳ
1503 2378 1553 2414 τὴν
1570 2377 1700 2413 πονηρίαν
1718 2377 1772 2403 τῶν
1785 2377 1846 2407 τότε

1061 2427 1232 2462 ἐξαφανίσαι.
1252 2424 1455 2460 Ἐπενεχθέντος
1470 2424 1499 2450 δὲ
1515 2423 1560 2449 τοῦ
1576 2421 1770 2457 κατακλυσμοῦ
1782 2422 1846 2448 ἐκα-

1061 2473 1149 2509 λύφθη
1166 2473 1199 2499 τὰ
1223 2472 1312 2507 ὑψηλὰ
1334 2472 1388 2498 τῶν
1409 2472 1493 2507 ὁρέων
1514 2470 1567 2496 ὑπὸ
1588 2469 1636 2495 τοῦ
1662 2468 1770 2499 ὓδατος.
1787 2468 1848 2494 Ἔτι

1062 2519 1117 2554 γὰρ
1132 2519 1179 2545 καὶ
1194 2519 1241 2545 νῦν
1259 2518 1304 2543 ἐπὶ
1315 2517 1365 2552 τῆς
1378 2516 1534 2552 ἀκρωρείας
1556 2514 1602 2541 τοῦ
1624 2514 1740 2541 Λιϐάνου
1759 2513 1848 2544 λίθους

1060 2565 1100 2596 εἰς
1123 2563 1267 2599 οἰκοδομήν
1285 2570 1359 2594 τινες
1372 2561 1559 2597 ὲκτέμνοντες⁷
1576 2559 1726 2586 θαλαττίων
1749 2557 1849 2593 ἰχθύων

1060 2610 1125 2645 γένη
1139 2609 1320 2645 εὑρίσκουσιν,
1335 2607 1381 2640 οὓς
1402 2607 1499 2642 συνέϐη
1511 2608 1552 2639 εἰς
1571 2607 1605 2634 τὰ
1623 2606 1782 2642 κοιλώματα
1797 2605 1848 2632 τῶν

1060 2655 1145 2691 ὁρέων
1163 2654 1386 2689 συναποπαγῆναι
1400 2654 1433 2689 τῇ
1451 2652 1514 2679 ἰλύῖ.

846 2803 866 2818 ³·
881 2801 943 2828 Ccu.
963 2810 998 2836 iv,

1094 2803 1115 2818 λ’
1133 2802 1196 2830 Gen.
1213 2810 1237 2835 ν,
1255 2802 1355 2835 “.14,
1377 2800 1540 2834 17,20,2t,
1555 2799 1601 2833 27,
1625 2800 1671 2828 si.
1711 2798 1847 2828 ιι-ιιοαι.
