1909 3071
70 153 134 182 753.

531 151 665 181 SPURIA.
686 167 720 172 —
738 151 915 179 COMMENT.
936 150 970 178 ΙΝ
989 149 1243 178 ΗΕΧΑΕΜΕΒΟΝι

1639 150 1694 180 τευ

113 211 147 238 Ἥ
171 211 200 238 δξ
213 211 343 243 κιϐωτὸς,
361 211 529 246 ἁνυψωθεῖσα
553 211 604 238 ὑπὸ
620 211 666 238 τοῦ
694 211 798 244 ὕδατος,
818 212 847 238 ιίι

944 209 996 238 Sed
1012 217 1086 242 arca,
1104 210 1182 245 aquis
1201 209 1282 239 altius
1300 213 1462 242 sustentata,
1478 209 1505 236 in
1532 209 1689 238 summitate

71 257 161 291 ἄκραν
174 255 235 283 τινὰ
248 256 328 291 ὅρους
340 256 384 282 τοῦ
399 255 469 283 κατὰ
479 256 529 292 τὴν
548 256 693 292 ’Δρμενίαν
716 256 792 292 ἔστη,
811 257 857 283 καὶ

70 301 247 336 λωφήσαντος
269 301 316 328 τοῦ
341 301 452 335 ὓδατος,
476 303 499 328 οἱ
525 302 553 328 ὲν
576 303 608 337 τῇ
630 301 737 337 κιὸωτῷ
758 302 858 334 πάντες

71 347 302 383 ὲξεπορεύθησαν.
319 347 374 374 Καὶ
395 347 441 374 τὸν
460 347 540 374 τόπον
557 347 597 374 ἐτι
619 347 666 374 καὶ
689 347 735 374 νῦν
755 348 856 375 ἐκεῖνον

77 391 274 427 Ἀποὸατήριον
291 393 315 419 οἱ
331 392 472 428 ἐπιχώριοι
490 392 737 428 προσαγορεύουσι,
752 393 799 419 καὶ
822 392 856 420 τὰ

70 437 185 472 λείψανα
197 438 245 473 τῆς
260 437 376 465 κιϐωτοῦ
389 438 597 472 ἐπιδεικνύουσι,
614 439 660 466 καὶ
675 440 706 475 τῇ
729 439 856 475 ἀσφάλτῳ

71 483 158 518 αὑτῆς
171 483 212 515 είς
229 484 465 520 ἀποτροπιασμοὺς
482 485 638 521 κέχρηνται.

113 530 143 555 '0
162 529 191 556 δὲ
205 529 266 556 Νῶε
284 530 458 566 ἐτελεύτησεν
479 531 526 566 ἐτη
548 532 635 567 ζήσας
655 532 796 559 ἐννακόσια
810 533 856 560 καὶ

70 576 252 611 πεντήκοντα,
271 576 318 602 καὶ
335 577 360 602 ot
380 577 432 603 υἱοὶ
454 577 547 610 αὑτοῦ,
565 577 714 610 δεδοικότας
731 579 793 611 τοὺς
809 579 856 606 ἄλ-

71 623 136 654 λους
148 622 251 654 πάντας
261 623 314 649 ἀπὸ
324 622 369 649 τοῦ
380 623 458 658 ὅρους
467 624 674 659 μεταναστῆναι,
686 624 856 659 (ὑπώπτευον

71 669 127 704 γὰρ
148 669 246 705 ἐτέρας
261 667 337 701 αὖθις
348 670 526 704 πειρασθῆναι
542 670 719 706 ἐπομϐρίας)
733 670 855 698 πείθουσι

71 715 229 747 κατελθεῖν,
246 716 292 742 καὶ
315 715 364 750 τὴν
379 715 542 751 ἠπλωμένην
563 715 714 742 κατοικίσαι
733 717 854 745 πεδιάδα.

71 760 132 786 Ἵνα
146 759 175 786 δὲ
191 759 228 796 μὴ
243 759 436 795 πληθυνθέντες
451 760 543 787 στάσιν
565 760 623 796 μετ’
642 760 763 795 ἀλλήλων
780 762 856 797 κινή-

71 814 150 838 σωσι,
167 806 347 842 προσέταττεν
363 807 453 839 αὐτοῖς
475 807 489 833 ὸ
513 806 579 838 Θεὸς
599 807 726 839 ἀποικίας
742 809 856 843 ποιήσα-

70 849 144 877 σθαι.
163 850 196 876 Οἱ
217 850 245 876 δὲ
268 851 316 885 οὺχ
333 851 500 886 ὑπήκουσαν,
518 851 570 887 γῆν
594 852 678 888 καλὴν
699 853 854 888 γεωργοῦν-

68 903 126 926 τες,
141 895 189 921 καὶ
202 896 316 931 καρπῶν
333 897 462 931 ἀφθονίαν
487 898 616 934 μεγίστην
640 899 753 935 ἔχοντες.
769 901 853 929 Πάλιν

68 938 114 967 οὖν
132 942 258 977 συμφορᾷ
273 942 376 978 χαλεπῇ
401 943 544 970 ὑποϐάλλει
564 945 661 978 αὐτοὺς
678 946 745 981 πρὸς
760 947 789 974 τὸ
804 947 853 983 τὴν

68 985 201 1012 ἀποικίαν
225 987 388 1014 στείλασθαι.
416 989 449 1015 Οί
471 989 498 1015 δὲ
521 990 576 1016 οὐδ’
601 990 686 1022 οὕτως
708 991 781 1025 εἶξαν
805 993 852 1020 τοῦ

67 1031 135 1058 Θεοῦ
152 1032 192 1066 τῷ
216 1032 374 1069 βουλήματι,
388 1035 436 1070 τὴν
459 1036 588 1072 εὐφορίαν
608 1038 658 1073 τῆς
671 1038 723 1074 γῆς
742 1039 773 1066 οὐ
792 1040 851 1067 κατ’

67 1077 213 1112 εὐμένειαν
227 1078 274 1104 τοῦ
289 1079 366 1113 Θεοῦ,
385 1080 452 1107 ἀλλὰ
470 1082 530 1108 κατ’
546 1082 612 1108 ἰδίαν
631 1084 706 1118 ίσχὺν
720 1086 852 1120 περιεῖναι

67 1122 158 1154 αὑτοῖς
182 1123 380 1159 ὑπελάμϐανον.
407 1125 512 1162 Ταύτην
536 1126 564 1154 δὲ
590 1128 639 1163 τὴν
667 1128 754 1164 οἴησιν
780 1129 852 1166 ἔχειν

66 1167 167 1199 αὐτοὺς
189 1168 303 1205 Νεερὼο
325 1169 432 1196 ἔπειθεν
452 1172 465 1197 ὁ
484 1172 575 1205 γίγας,
594 1173 727 1209 τολμηρός
743 1183 785 1207 τις
803 1175 850 1208 ὢν,

66 1212 112 1239 καὶ
127 1214 200 1240 κατὰ
215 1216 294 1250 χεῖρα
307 1218 436 1250 γενναῖος,
445 1217 474 1249 ὃς
488 1218 546 1250 καὶ,
558 1219 603 1245 τοῦ
615 1219 682 1246 Θεοῦ
696 1221 852 1257 ἀποστήσας

65 1259 174 1292 αὐτοὺς,
192 1261 267 1296 αὐτῷ
277 1262 316 1297 τῷ
334 1263 414 1295 σέὅας
439 1265 636 1300 περιποιεῖσθαι
652 1267 750 1300 αὐτοὺς
768 1269 852 1304 ἠνάγ-

65 1312 143 1336 κασε,
160 1306 209 1332 καὶ
229 1307 260 1342 δὴ
281 1307 383 1343 πύργον
400 1310 498 1342 αὐτοὺς
517 1312 656 1347 ἐπιτρέπει
671 1314 850 1350 τεκτήνασθαι

65 1350 102 1385 τῷ
115 1350 179 1385 ὕψει
192 1352 239 1379 τοῦ
257 1354 371 1389 οὐρανοῦ
393 1356 568 1391 ἐπιψαύοντα,
586 1358 705 1385 ἀπειλῶν
722 1360 766 1387 τὸν
785 1360 850 1387 Θεὸν

64 1397 282 1434 ἀνταμύνασοαι,
305 1402 329 1427 εί
349 1401 428 1428 πάλιν
444 1401 483 1438 τῷ
500 1402 594 1439 κόσμῳ
617 1405 751 1442 ἐπενέγκῃ
768 1415 850 1433 κατα-

63 1443 197 1479 κλυσμόν.

97 1490 152 1517 Τοῦ
168 1491 233 1525 γοῦν
247 1492 363 1527 πλήθους
381 1494 463 1530 πολλῇ
482 1495 581 1531 σπουδῇ
599 1498 630 1532 τῇ
655 1497 737 1534 μανίᾳ
758 1507 851 1535 συνερ-

61 1536 176 1569 γοῦντος
197 1537 279 1572 αὐτῷ,
296 1539 342 1565 καὶ
363 1538 441 1573 λόγου
463 1540 557 1568 θᾶττον
579 1541 624 1568 τὸν
646 1544 751 1579 πύργον
767 1553 849 1571 κατα-

61 1580 252 1615 σκευάζοντος,
263 1583 277 1608 ὁ
288 1582 352 1614 Θεὸς
365 1583 414 1619 τὴν
428 1584 564 1612 διάλεκτον
576 1586 665 1613 αὐτῶν
679 1589 847 1625 παραχρῆμα

61 1627 185 1662 συνέχεε,
205 1629 252 1655 καὶ
272 1630 323 1656 ὑπὸ
338 1629 386 1665 τῆς
397 1631 640 1666 ὰνομοιογλωσσίας
660 1633 848 1672 διεσκεδάσθη-

61 1680 122 1704 σαν,
139 1673 194 1699 xix
207 1673 301 1700 τούτου
313 1675 327 1701 ὁ
342 1675 423 1707 τόπος
439 1676 583 1704 Βαϐυλῶνα
599 1678 648 1714 τὴν
664 1679 758 1716 κλῆσιν
774 1681 848 1718 εἴλη-

61 1727 126 1752 φεν,
150 1718 206 1745 τῶν
227 1719 359 1755 Ἑϐραίων
380 1721 429 1756 τὴν
440 1723 593 1757 σύγχυσιν
603 1725 730 1754 Βαϐυλὼν
748 1727 846 1763 ὀνομα-

61 1765 173 1796 ζὸντων.

869 887 890 914 Β

862 1569 882 1598 C

97 1809 232 1841 Ἕκαστος
254 1810 318 1844 γοῦν
343 1810 391 1846 τὴν
415 1814 668 1849 προστυγχάνουσαν
699 1817 750 1853 γῆν
767 1827 866 1846 κατε-.

59 1853 200 1888 λάμδανε,
226 1856 273 1882 καὶ
299 1857 432 1892 ἐπλήρουν
461 1859 549 1886 πᾶσαν
577 1861 709 1896 παράλιόν
738 1871 767 1889 τε
799 1865 846 1892 καὶ

59 1899 184 1936 ῆπειρον,
205 1900 245 1928 ἔτι
269 1901 298 1928 δὲ
321 1903 368 1929 καὶ
393 1895 441 1936 τὰς
467 1905 575 1940 νήσους
598 1906 628 1932 τὸ
650 1907 704 1944 γὰρ
728 1908 845 1944 πέλαγος

59 1945 163 1977 πλοίοις
175 1945 417 1983 διαπορθμεύοντες
433 1950 544 1982 ταύταις
556 1951 799 1989 ὲγκαθωρμίζοντο.

96 1991 175 2017 Ἐνια
206 1991 270 2026 γοῦν
294 1993 347 2020 τῶν
373 1994 456 2022 ἐθνῶν
484 1995 564 2028 σώζει
589 1997 638 2030 τὰς
661 2000 845 2036 προσηγορίας

57 2035 283 2081 τῶνλκτισαντων,
303 2038 360 2065 ἔνια
376 2040 461 2067 δὲκαὶ
481 2041 621 2076 μετέϐαλε,
641 2044 693 2071 τῶν
713 2035 844 2081 Ἑλλήνων

58 2079 129 2114 μετὰ
145 2080 231 2107 ταῦτα
244 2084 449 2119 κρατησάντωλ,
465 2086 512 2112 καὶ
526 2086 599 2118 ίδίοις
615 2088 726 2123 ὀνόμασι
742 2079 843 2117 καλλω-

56 2126 197 2153 πισάντων
218 2127 252 2154 τὰ
277 2129 357 2165 ἔθνη,
381 2132 427 2157 καὶ
451 2132 549 2168 νόμους
571 2133 599 2160 δὲ
623 2135 713 2167 αὐτοῖς
728 2137 843 2169 οἰκείους

55 2170 156 2198 ἔθεσαν
180 2173 249 2208 πρὸς
272 2174 320 2209 τὴν
344 2176 423 2208 δόξαν
438 2177 488 2213 τῆς
506 2178 620 2211 κτίσεως
635 2181 841 2216 σφετερίσασθαι

55 2217 166 2249 αὐτοὺς,
183 2218 220 2250 ὠς
237 2220 370 2256 μηδεμίαν
385 2223 510 2251 ὑπόνοιαν
527 2226 746 2263 προγενεστέρων
760 2237 842 2256 κατα-

55 2261 146 2288 λιπεῖν
161 2265 217 2295 τοῖς
234 2266 388 2300 μετέπειτα.

97 2309 237 2343 Ἐγένοντο
248 2310 293 2338 οὖν
308 2313 346 2349 τῷ
358 2314 419 2341 Νῶε
434 2317 507 2352 τρεῖς
521 2317 582 2349 υἱοὶ,
600 2318 670 2354 Σὴμ,
687 2319 760 2354 Χὰμ,
785 2320 838 2347 Ἰάη

54 2354 114 2389 (μεθ’
134 2356 188 2382 ἀπὸ
205 2357 310 2394 Ταύρου
324 2361 370 2386 καὶ
393 2361 530 2396 Ἀμμανοῦ
546 2363 599 2390 τῶν
611 2364 681 2399 ὀρῶν
693 2365 840 2401 ἀρξάμενοι

53 2401 177 2437 ᾤκησαν,
193 2403 240 2429 καὶ
256 2405 387 2440 προῆλθον
402 2407 449 2433 ἐπὶ
472 2408 520 2442 μὲν
535 2409 585 2444 τῆς
606 2410 696 2442 Ἀσίας
713 2411 775 2447 ἄχρι
790 2421 840 2438 πο-

52 2448 141 2483 ταμοῦ
156 2449 294 2483 Τανάϊδος,
313 2452 358 2478 ἐπὶ
371 2453 399 2479 δὲ
411 2453 459 2488 τῆς
474 2454 606 2490 Εὐρώπης
618 2456 681 2492 ἄχρι
696 2457 838 2494 Γαδείρων.

87 2547 148 2574 Εἰσὶ
169 2549 198 2575 δὲ
219 2547 300 2577 οὗτοι·
320 2551 428 2587 Γαμὲρ,
452 2554 525 2586 ὅστις
546 2555 691 2591 Γαμαρεῖς,
708 2558 769 2589 τοὺς
788 2557 836 2585 νῦν

52 2594 192 2627 Γαλάτας,
220 2597 392 2633 συνέστησεν·
422 2600 506 2634 ’Λγὼὸ
531 2601 686 2635 Μαγώόεις,
707 2604 767 2636 τοὺς
788 2604 836 2631 νῦν

51 2640 166 2673 Σκύθας·
189 2642 261 2669 ’Λδαῒ
283 2644 434 2678 Μαδαίους,
457 2648 520 2679 τοὺς
544 2648 590 2675 νῦν
616 2649 739 2685 Μήδους·
764 2651 835 2678 Ούὰν

57 2687 159 2714 Ἰωνίαν
176 2707 184 2719 ,
218 2696 266 2715 και
291 2691 354 2722 τοὺς
376 2691 526 2727 Ἕλληνας·
561 2694 637 2721 om
667 2695 832 2730 Θεοϐέλονς,

49 2734 113 2765 τοὺς
133 2733 182 2760 νῦν
201 2734 331 2771 Ἴϐηρας·
355 2737 432 2773 Ὀσὸχ
457 2739 653 2776 Μεσχηναίους,
684 2743 746 2775 τοὺς
785 2743 852 2782 νῦν.

99 2822 202 2870 ξξηϐεᾷη.
216 2826 383 2870 γιιιημηξξ
401 2828 472 2870 Ibid.
493 2831 536 2859 ΓΙ.
575 2832 597 2854 ³⁸
615 2832 677 2861 Cen.
693 2841 730 2869 ιι,
744 2833 788 2862 29.
830 2834 847 2852 ἐ

903 2844 932 2863 ‘n.
951 2845 979 2870 x,
996 2836 1022 2864 8.
1061 2836 1085 2854 “
1100 2836 1164 2865 Gen.
1183 2845 1218 2869 ﬂ,
1231 2836 1261 2864 5,
1308 2837 1332 2854 ⁴⁸
1347 2836 1416 2864 Ibid.
1436 2837 1461 2865 7.

50 2857 71 2874 υ
85 2858 150 2886 Gen.
169 2868 195 2894 ι,
215 2860 239 2889 1.
273 2857 302 2877 ⁷⁸⁵
322 2862 387 2890 (bid.
400 2865 426 2891 2.

857 2248 879 2275 D

908 255 1010 284 montis
1025 255 1169 291 cujusdam
1191 255 1238 291 qui
1262 255 1290 282 in
1312 255 1441 283 Armenia
1454 259 1506 287 est.
1519 256 1595 284 stetlt
1613 256 1646 289 “,
1662 261 1690 283 et

909 310 979 337 aqua
997 310 1059 330 cum
1074 305 1222 334 cessasset,
1237 302 1283 337 qui
1296 302 1324 329 in
1337 309 1369 330 ea
1380 305 1467 334 erant,
1482 309 1578 329 omnes
1585 301 1689 338 ρει-εςςί

907 352 971 375 sunt
986 349 1019 382 ",
1043 352 1070 375 et
1087 348 1176 376 locum
1199 348 1275 376 illum
1297 347 1325 374 in
1346 347 1473 382 praisenti
1496 347 1690 382 Apobaterium

907 394 1003 422 incolae
1019 398 1189 430 nuncupant,
1202 402 1326 429 arczeque
1340 394 1470 429 reliquias
1480 399 1645 427 monstrant,
1661 398 1694 422 et

906 440 966 476 ejus
978 440 1111 468 bitumine
1124 440 1157 468 ad
1186 439 1390 468 averruncanda
1406 440 1476 468 mala
1488 444 1611 467 utuntur.

940 530 997 558 Noe
1012 538 1076 558 vero
1100 538 1116 558 e
1141 530 1196 558 vita
1211 530 1339 566 migravit
1354 529 1502 565 nongentis
1515 533 1541 557 et
1554 530 1690 565 quinqua—

905 577 981 614 ginta
997 577 1077 604 annis
1091 576 1196 604 exactis
1211 576 1244 611 ³⁸,
1264 581 1291 604 et
1310 576 1358 603 lilii
1372 576 1432 610 ejus
1447 575 1516 603 alios
1538 583 1633 602 omnes
1655 577 1688 603 tis

905 624 994 652 midos
1008 627 1090 658 atque
1115 624 1239 658 ignavos,
1265 623 1345 650 aliam
1367 622 1441 650 enim
1464 621 1583 649 futuram
1598 625 1687 649 terra-

905 677 966 697 rum
983 670 1189 697 inundationem
1205 663 1430 704 suspicabantur,
1446 673 1475 696 nt
1493 676 1508 695 e
1524 672 1615 695 monte
1631 668 1688 695 dis-

905 716 1042 747 cederent,
1061 716 1275 751 planissimaqne
1289 715 1412 742 colerent
1423 715 1494 743 loca.
1511 714 1685 749 persuadent.

905 762 976 790 Deus
999 762 1033 789 ad
1051 762 1183 790 sedaudas
1205 762 1363 794 seditiones,
1387 769 1448 796 qua:
1468 765 1578 796 propter
1591 768 1686 788 eorum

904 807 1108 835 multitudinem
1131 805 1243 834 conﬂari
1273 810 1395 842 possent,
1419 800 1452 833 iri
1472 806 1539 834 alias
1562 805 1687 840 regiones

905 854 1028 881 colonias
1045 853 1178 881 deducere
1199 852 1329 888 iubebat;
1356 856 1383 879 at
1409 853 1436 879 hi
1460 859 1515 879 non
1542 852 1687 878 audit-runt

903 903 1048 935 pracepta,
1063 907 1125 927 cum
1141 899 1271 934 optimam
1285 903 1384 925 terram
1402 898 1534 930 colerent,
1547 901 1573 925 et
1587 897 1686 925 uberes

903 945 1091 980 maximosque
1109 944 1280 980 perciperent
1301 943 1424 977 fructus;
1441 943 1520 970 novis
1534 943 1625 978 itaque
1638 951 1686 970 cos

903 991 1103 1018 calamitatibus
1115 995 1205 1023 vexat,
1220 994 1250 1017 nt
1262 990 1396 1017 coloniam
1407 990 1561 1023 mitterent;
1576 990 1623 1025 qui
1635 997 1685 1016 nec

902 1038 943 1065 sic
956 1038 1055 1065 divinae
1072 1038 1206 1065 voluntati
1220 1035 1361 1069 obediunt,
1386 1040 1413 1063 et
1435 1043 1494 1064 eam
1509 1040 1590 1063 terra:
1603 1035 1685 1063 uber-

902 1086 984 1110 tatem
1003 1082 1224 1117 l‘ertilitatemque
1237 1089 1292 1109 non
1305 1081 1405 1109 divinis
1417 1081 1535 1116 placitis,
1547 1081 1595 1109 sed
1613 1081 1686 1109 suis-

901 1134 958 1157 met
976 1129 1083 1157 viribus
1105 1128 1296 1163 industriaque
1317 1127 1408 1163 parari
1435 1127 1633 1162 opinabantur;
1656 1128 1683 1154 in

901 1183 1017 1210 eamque
1036 1181 1084 1202 eos
1103 1174 1264 1202 sententiam
1281 1173 1446 1209 perducebat
1461 1172 1593 1205 Nebroth,
1608 1174 1685 1208 gigas

902 1221 1063 1248 temerarius
1075 1223 1103 1247 et
1116 1219 1216 1252 audax,
1244 1219 1425 1254 maximisque
1451 1219 1557 1247 viribus
1577 1219 1684 1252 valens.

901 1266 947 1301 qui
962 1274 1010 1294 eos
1022 1269 1051 1292 ut
1068 1265 1172 1292 cultum
1187 1265 1239 1293 sibi
1257 1265 1386 1293 oti'errent
1403 1272 1418 1291 a
1434 1264 1489 1293 Deo
1504 1273 1615 1293 aversos
1626 1274 1685 1293 coe-

901 1311 940 1344 git
953 1309 986 1337 ³⁹.
1004 1309 1075 1343 Quin
1089 1314 1115 1337 et
1131 1309 1229 1336 turrim
1253 1309 1308 1337 illis
1326 1309 1547 1337 exzediﬁcandam
1563 1311 1685 1338 commit-

901 1355 944 1387 tit,
959 1362 1019 1390 quce
1027 1355 1182 1382 summitate
1193 1354 1290 1381 ctelum
1306 1354 1460 1389 attingeret,
1473 1354 1683 1389 jactans.Deum

900 1400 1032 1433 ulturum,
1055 1400 1079 1427 si
1098 1400 1196 1428 iterum
1219 1400 1321 1427 mundo
1347 1399 1554 1428 inundationem
1579 1405 1683 1430 lentas:

901 1450 943 1475 set
957 1447 990 1473 ‘°.

936 1491 1110 1520 Multitudine
1130 1491 1212 1527 igitur
1227 1499 1334 1520 summo
1352 1492 1442 1520 studio
1462 1499 1494 1520 ac
1510 1492 1684 1522 contentione

900 1538 974 1566 illius
988 1537 1102 1565 insania:
1122 1544 1200 1572 opem
1220 1536 1334 1569 ferente,
1351 1541 1378 1564 et
1395 1537 1468 1565 dicto
1484 1538 1566 1565 citius
1582 1539 1680 1565 turrim

899 1587 1066 1615 exslruente,
1092 1582 1164 1610 Deus
1189 1583 1289 1618 lingua:
1309 1591 1404 1611 eorum
1420 1585 1612 1619 proprietatem
1635 1593 1681 1612 re~

897 1634 978 1665 pente
1000 1629 1140 1662 confudit;
1164 1636 1250 1664 quare
1272 1629 1306 1656 ob
1338 1629 1492 1664 linguarum
1520 1630 1680 1658 varietatem

898 1675 1015 1709 dispersi
1032 1678 1096 1702 sunt
1113 1675 1157 1709 ",,
1174 1675 1291 1709 indeque
1319 1675 1396 1702 locns
1413 1683 1512 1703 nomen
1534 1675 1679 1712 Babylonis

897 1721 1012 1755 adeptus
1028 1724 1071 1748 est
1095 1721 1128 1746 δ’.
1155 1719 1319 1755 Babylonem
1345 1720 1416 1747 enim
1432 1720 1611 1755 confusionem
1626 1721 1679 1749 Ee-

897 1767 962 1795 btaei
977 1766 1130 1794 nominant.

933 1812 1128 1848 Unusquisque
1145 1813 1237 1847 itaque
1252 1816 1352 1840 terram
1368 1812 1421 1840 sibi
1434 1813 1543 1840 obviam
1560 1821 1679 1849 occupa.-

896 1858 953 1890 bat,
970 1859 1065 1894 sicque
1080 1859 1250 1886 continentia
1273 1859 1343 1890 loca,
1365 1863 1446 1893 atque
1460 1859 1608 1892 maritima,
1627 1867 1679 1887 nec

895 1913 950 1932 non
966 1908 992 1933 et
1008 1905 1113 1933 insulas
1135 1905 1300 1941 implebant;
1321 1905 1436 1933 navibus
1453 1905 1525 1933 enim
1540 1913 1588 1941 per
1603 1914 1678 1934 mare

896 1951 1002 1985 trajecti
1019 1951 1047 1978 in
1061 1958 1108 1978 eas
1125 1951 1340 1979 advehebantur.

931 1997 1058 2024 Gentium
1069 2002 1158 2024 autem
1171 1997 1293 2032 quredam
1305 1997 1475 2026 conditorum
1492 1998 1604 2026 nomina
1618 2007 1679 2027 ser-

895 2048 970 2076 vant,
995 2043 1118 2078 quaedam
1136 2044 1181 2070 illa
1210 2048 1423 2076 commutarunt,
1446 2044 1603 2076 ﬂrzecorum
1631 2045 1679 2072 im-

895 2090 969 2124 perio
986 2090 1144 2122 subsecnto,
1159 2089 1206 2125 qui
1230 2092 1287 2118 suis
1310 2090 1465 2118 nominibus
1489 2091 1615 2126 gentibus
1630 2099 1676 2119 or-

895 2138 1052 2162 namentum
1064 2135 1238 2169 addiderunt,
1251 2136 1378 2171 legesque
1394 2136 1448 2164 illis
1463 2137 1588 2172 proprias
1603 2145 1678 2165 com-

893 2181 1080 2214 municarunt,
1094 2185 1125 2208 ut
1146 2182 1260 2217 gloriam
1276 2183 1448 2211 conditorum
1464 2183 1515 2210 sibi
1532 2183 1677 2211 tribuendo

893 2231 1045 2262 captarent,
1060 2235 1111 2255 nec
1125 2227 1208 2255 ullam
1226 2229 1343 2263 posteris
1357 2229 1391 2256 de
1412 2229 1563 2264 majoribus
1586 2230 1677 2265 suspi-

895 2273 984 2300 cionis
998 2281 1093 2300 ansam
1108 2274 1305 2308 relinquerent.

928 2317 985 2345 Noe
1001 2318 1101 2346 liberos
1123 2319 1278 2354 procreavit
1303 2322 1371 2352 tres,
1401 2319 1475 2353 Sem,
1503 2320 1600 2353 Cham,
1629 2320 1676 2348 Ja-

891 2363 973 2398 pheth
989 2364 1022 2395 ",
1038 2364 1083 2399 qui
1101 2372 1115 2391 a
1140 2363 1231 2392 Tauro
1251 2369 1279 2392 et
1292 2365 1425 2393 Ammano
1441 2367 1581 2394 montibus
1597 2367 1676 2394 initio

891 2409 974 2437 ducto
990 2410 1159 2443 habitarunt,
1179 2415 1206 2438 ct
1222 2411 1249 2438 in
1265 2411 1357 2439 Asiam
1373 2413 1510 2447 progressi
1536 2417 1600 2440 sunt
1626 2422 1675 2441 us-

890 2463 943 2490 que
963 2455 997 2483 ad
1011 2455 1116 2484 Tanain
1128 2456 1238 2489 llumen,
1252 2461 1279 2484 et
1294 2457 1322 2484 in
1336 2457 1443 2493 Europa
1455 2465 1541 2493 usque
1563 2459 1596 2486 ad
1622 2458 1676 2487 Ga-

890 2504 960 2531 dira.

924 2560 1047 2587 Fuerunt
1061 2564 1153 2588 autem
1168 2560 1196 2587 hi
1213 2560 1236 2576 “
1252 2570 1258 2587 :
1276 2560 1384 2594 Camer,
1411 2563 1458 2598 qui
1482 2562 1673 2595 Gamerenscs,

888 2614 957 2642 quos
972 2614 1045 2634 trutic
1057 2606 1166 2634 Galatas
1181 2615 1322 2640 vocamus,
1338 2609 1481 2636 constituit
1499 2618 1506 2643 ;
1521 2609 1597 2644 Agod
1615 2610 1667 2637 llla-

888 2653 1033 2687 godenses,
1049 2660 1118 2688 quos
1141 2660 1214 2680 nunc
1228 2652 1442 2689 ScythasaAdai
1458 2654 1585 2687 Madteos,
1603 2663 1673 2690 quos

887 2707 959 2726 nunc
972 2698 1082 2732 Medos;
1095 2699 1181 2726 .lavan
1196 2699 1309 2732 Ioniam,
1325 2704 1352 2727 et
1368 2699 1492 2734 Graecos;
1508 2700 1675 2730 ObelTheo~

886 2745 974 2780 belos,
990 2754 1059 2781 quos
1074 2754 1145 2773 nunc
1160 2745 1263 2780 Iberos;
1281 2746 1371 2775 Osoch
1391 2746 1585 2782 Meschcnaaos,
1601 2756 1671 2784 quos

1517 2837 1538 2854 "
1555 2837 1622 2865 Ibid.
1642 2837 1671 2867 Q-
