  <div class='ocr_page' id='page_1' title='image "/cluster/home/n/w/nwhite01/storage/ocr_20150623/18/njp.32101077772455/600.png"; bbox 0 0 1909 3071; ppageno 0'>
   <div class='ocr_carea' id='block_1_1' title="bbox 77 105 135 134">
    <p class='ocr_par' dir='ltr' id='par_1_1' title="bbox 77 105 135 134">
     <span class='ocr_line' id='line_1_1' title="bbox 77 105 135 134; baseline 0 -1"><span class='ocrx_word' id='word_1_1' title='bbox 77 105 135 134; x_wconf 82' lang='lat'><strong>757</strong></span> 
     </span>
    </p>
   </div>
   <div class='ocr_carea' id='block_1_2' title="bbox 542 118 1244 159">
    <p class='ocr_par' dir='ltr' id='par_1_2' title="bbox 542 118 1244 159">
     <span class='ocr_line' id='line_1_2' title="bbox 542 118 1244 159; baseline 0.02 -14"><span class='ocrx_word' id='word_1_2' title='bbox 542 118 677 148; x_wconf 78' lang='lat' dir='ltr'><strong>SPURIA.</strong></span> <span class='ocrx_word' id='word_1_3' title='bbox 693 137 728 142; x_wconf 90' lang='lat'><em>—</em></span> <span class='ocrx_word' id='word_1_4' title='bbox 748 123 922 152; x_wconf 80' lang='lat' dir='ltr'><strong>COMMENT.</strong></span> <span class='ocrx_word' id='word_1_5' title='bbox 944 126 978 153; x_wconf 84' lang='grc' dir='ltr'>ΙΝ</span> <span class='ocrx_word' id='word_1_6' title='bbox 998 127 1244 159; x_wconf 73' lang='grc' dir='ltr'><strong>ΙΙΕΧΑΕΜΕΚΟΝ.</strong></span> 
     </span>
    </p>
   </div>
   <div class='ocr_carea' id='block_1_3' title="bbox 1649 137 1701 168">
    <p class='ocr_par' dir='ltr' id='par_1_3' title="bbox 1649 137 1701 168">
     <span class='ocr_line' id='line_1_3' title="bbox 1649 137 1701 168; baseline 0.038 -2"><span class='ocrx_word' id='word_1_7' title='bbox 1649 137 1701 168; x_wconf 70' lang='lat'><strong>758</strong></span> 
     </span>
    </p>
   </div>
   <div class='ocr_carea' id='block_1_4' title="bbox 73 162 854 226">
    <p class='ocr_par' dir='ltr' id='par_1_4' title="bbox 73 162 852 216">
     <span class='ocr_line' id='line_1_4' title="bbox 73 162 852 216; baseline 0.024 -28"><span class='ocrx_word' id='word_1_8' title='bbox 73 162 221 199; x_wconf 71' lang='grc' dir='ltr'>Φερεζαῖοι</span> <span class='ocrx_word' id='word_1_9' title='bbox 244 166 346 203; x_wconf 76' lang='grc' dir='ltr'>ἀναμὶξ</span> <span class='ocrx_word' id='word_1_10' title='bbox 364 171 420 202; x_wconf 82' lang='grc' dir='ltr'>τοῖς</span> <span class='ocrx_word' id='word_1_11' title='bbox 441 171 603 206; x_wconf 82' lang='grc' dir='ltr'><strong>Χαναναίοις</strong></span> <span class='ocrx_word' id='word_1_12' title='bbox 619 175 668 211; x_wconf 79' lang='grc' dir='ltr'><strong>τὴν</strong></span> <span class='ocrx_word' id='word_1_13' title='bbox 687 176 852 216; x_wconf 82' lang='grc' dir='ltr'><strong>Παλαιστίνη</strong></span> 
     </span>
    </p>
   </div>
   <div class='ocr_carea' id='block_1_5' title="bbox 910 162 1703 226">
    <p class='ocr_par' dir='ltr' id='par_1_5' title="bbox 921 181 1703 226">
     <span class='ocr_line' id='line_1_5' title="bbox 921 181 1703 226; baseline 0.017 -17"><span class='ocrx_word' id='word_1_14' title='bbox 921 181 996 214; x_wconf 81' lang='lat' dir='ltr'><strong>bant.</strong></span> <span class='ocrx_word' id='word_1_15' title='bbox 1013 188 1040 211; x_wconf 82' lang='lat' dir='ltr'><strong>et</strong></span> <span class='ocrx_word' id='word_1_16' title='bbox 1054 185 1099 213; x_wconf 83' lang='lat' dir='ltr'><strong>alii</strong></span> <span class='ocrx_word' id='word_1_17' title='bbox 1112 185 1255 222; x_wconf 82' lang='lat' dir='ltr'><strong>Raphiam,</strong></span> <span class='ocrx_word' id='word_1_18' title='bbox 1272 195 1332 222; x_wconf 69' lang='lat' dir='ltr'><strong>qua:</strong></span> <span class='ocrx_word' id='word_1_19' title='bbox 1348 187 1534 225; x_wconf 79' lang='lat' dir='ltr'><strong>Philadelphia</strong></span> <span class='ocrx_word' id='word_1_20' title='bbox 1548 196 1608 226; x_wconf 87' lang='lat' dir='ltr'><strong>est;</strong></span> <span class='ocrx_word' id='word_1_21' title='bbox 1625 193 1665 221; x_wconf 90' lang='lat' dir='ltr'><strong>sic</strong></span> <span class='ocrx_word' id='word_1_22' title='bbox 1676 200 1703 222; x_wconf 81' lang='lat' dir='ltr'><strong>et</strong></span> 
     </span>
    </p>
   </div>
   <div class='ocr_carea' id='block_1_6' title="bbox 75 214 866 258">
    <p class='ocr_par' dir='ltr' id='par_1_6' title="bbox 75 214 866 258">
     <span class='ocr_line' id='line_1_6' title="bbox 75 214 866 258; baseline 0.021 -21"><span class='ocrx_word' id='word_1_23' title='bbox 75 214 223 248; x_wconf 78' lang='grc' dir='ltr'>κατεῖχον·</span> <span class='ocrx_word' id='word_1_24' title='bbox 238 215 262 241; x_wconf 76' lang='grc' dir='ltr'>οἱ</span> <span class='ocrx_word' id='word_1_25' title='bbox 276 215 306 242; x_wconf 78' lang='grc' dir='ltr'>δὲ</span> <span class='ocrx_word' id='word_1_26' title='bbox 326 216 439 252; x_wconf 75' lang='grc' dir='ltr'>Ῥαφίαν</span> <span class='ocrx_word' id='word_1_27' title='bbox 450 219 499 255; x_wconf 86' lang='grc' dir='ltr'>τὴν</span> <span class='ocrx_word' id='word_1_28' title='bbox 517 220 692 258; x_wconf 80' lang='grc' dir='ltr'>Φιλαδελφίαν</span> <span class='ocrx_word' id='word_1_29' title='bbox 703 233 709 240; x_wconf 84' lang='grc'><strong>”</strong></span> <span class='ocrx_word' id='word_1_30' title='bbox 739 226 818 253; x_wconf 82' lang='grc' dir='ltr'>πάλιν</span> <span class='ocrx_word' id='word_1_31' title='bbox 838 214 866 253; x_wconf 76' lang='grc' dir='ltr'>δὲ</span> 
     </span>
    </p>
   </div>
   <div class='ocr_carea' id='block_1_7' title="bbox 73 258 867 304">
    <p class='ocr_par' dir='ltr' id='par_1_7' title="bbox 73 258 867 304">
     <span class='ocr_line' id='line_1_7' title="bbox 73 258 867 304; baseline 0.021 -21"><span class='ocrx_word' id='word_1_32' title='bbox 73 259 100 304; x_wconf 72' lang='grc' dir='ltr'><strong>σί</strong></span> <span class='ocrx_word' id='word_1_33' title='bbox 117 258 140 284; x_wconf 85' lang='grc' dir='ltr'><strong><em>Γ</em></strong></span> <span class='ocrx_word' id='word_1_34' title='bbox 141 262 278 294; x_wconf 84' lang='grc' dir='ltr'>εργεσαῖοι</span> <span class='ocrx_word' id='word_1_35' title='bbox 294 261 329 288; x_wconf 83' lang='grc' dir='ltr'><strong>τὰ</strong></span> <span class='ocrx_word' id='word_1_36' title='bbox 346 263 464 300; x_wconf 80' lang='grc' dir='ltr'><strong>Γάδαρα,</strong></span> <span class='ocrx_word' id='word_1_37' title='bbox 485 266 531 293; x_wconf 65' lang='grc' dir='ltr'><strong>κα)⁸</strong></span> <span class='ocrx_word' id='word_1_38' title='bbox 546 267 677 304; x_wconf 88' lang='grc' dir='ltr'>Γέργισαν</span> <span class='ocrx_word' id='word_1_39' title='bbox 698 271 784 301; x_wconf 82' lang='grc' dir='ltr'>πόλιν.</span> <span class='ocrx_word' id='word_1_40' title='bbox 819 273 867 299; x_wconf 75' lang='grc' dir='ltr'>καὶ</span> 
     </span>
    </p>
   </div>
   <div class='ocr_carea' id='block_1_8' title="bbox 73 303 865 354">
    <p class='ocr_par' dir='ltr' id='par_1_8' title="bbox 73 303 865 354">
     <span class='ocr_line' id='line_1_8' title="bbox 73 303 865 354; baseline 0.021 -26"><span class='ocrx_word' id='word_1_41' title='bbox 73 303 129 339; x_wconf 77' lang='grc' dir='ltr'>τὴν</span> <span class='ocrx_word' id='word_1_42' title='bbox 147 304 294 341; x_wconf 78' lang='grc' dir='ltr'>Τιϐεριάδα</span> <span class='ocrx_word' id='word_1_43' title='bbox 307 305 380 343; x_wconf 83' lang='grc' dir='ltr'>εἶχον</span> <span class='ocrx_word' id='word_1_44' title='bbox 404 309 511 349; x_wconf 77' lang='grc' dir='ltr'>λίμνην,</span> <span class='ocrx_word' id='word_1_45' title='bbox 533 303 587 340; x_wconf 62' lang='grc' dir='ltr'><strong>καί</strong></span> <span class='ocrx_word' id='word_1_46' title='bbox 600 315 624 340; x_wconf 78' lang='grc' dir='ltr'>οἱ</span> <span class='ocrx_word' id='word_1_47' title='bbox 644 315 799 344; x_wconf 76' lang='grc' dir='ltr'>Ἰεὸουσαῖοι</span> <span class='ocrx_word' id='word_1_48' title='bbox 816 318 865 354; x_wconf 80' lang='grc' dir='ltr'>τὴν</span> 
     </span>
    </p>
   </div>
   <div class='ocr_carea' id='block_1_9' title="bbox 74 350 338 389">
    <p class='ocr_par' dir='ltr' id='par_1_9' title="bbox 74 350 338 389">
     <span class='ocr_line' id='line_1_9' title="bbox 74 350 338 389; baseline 0.019 -14"><span class='ocrx_word' id='word_1_49' title='bbox 74 350 127 376; x_wconf 82' lang='grc' dir='ltr'>νῦν</span> <span class='ocrx_word' id='word_1_50' title='bbox 149 350 303 388; x_wconf 85' lang='grc' dir='ltr'>Ἱερουσαλή</span> <span class='ocrx_word' id='word_1_51' title='bbox 309 362 338 389; x_wconf 91' lang='grc' dir='ltr'>μ.</span> 
     </span>
    </p>
   </div>
   <div class='ocr_carea' id='block_1_10' title="bbox 115 396 865 445">
    <p class='ocr_par' dir='ltr' id='par_1_10' title="bbox 115 396 865 445">
     <span class='ocr_line' id='line_1_10' title="bbox 115 396 865 445; baseline 0.019 -23"><span class='ocrx_word' id='word_1_52' title='bbox 115 396 202 423; x_wconf 81' lang='grc' dir='ltr'><strong>Πέντε</strong></span> <span class='ocrx_word' id='word_1_53' title='bbox 217 398 265 424; x_wconf 79' lang='grc' dir='ltr'>καὶ</span> <span class='ocrx_word' id='word_1_54' title='bbox 277 399 336 434; x_wconf 83' lang='grc' dir='ltr'><strong>Σὴμ</strong></span> <span class='ocrx_word' id='word_1_55' title='bbox 348 402 442 434; x_wconf 82' lang='grc' dir='ltr'>παῖδες</span> <span class='ocrx_word' id='word_1_56' title='bbox 460 402 591 437; x_wconf 75' lang='grc' dir='ltr'>ἐγένοντο,</span> <span class='ocrx_word' id='word_1_57' title='bbox 609 406 706 439; x_wconf 79' lang='grc' dir='ltr'>οἵτινες</span> <span class='ocrx_word' id='word_1_58' title='bbox 719 408 768 444; x_wconf 81' lang='grc' dir='ltr'>τὴν</span> <span class='ocrx_word' id='word_1_59' title='bbox 786 409 865 445; x_wconf 81' lang='grc' dir='ltr'>μέχρι</span> 
     </span>
    </p>
   </div>
   <div class='ocr_carea' id='block_1_11' title="bbox 73 441 867 489">
    <p class='ocr_par' dir='ltr' id='par_1_11' title="bbox 73 441 867 489">
     <span class='ocr_line' id='line_1_11' title="bbox 73 441 867 489; baseline 0.019 -22"><span class='ocrx_word' id='word_1_60' title='bbox 73 441 124 468; x_wconf 81' lang='grc' dir='ltr'>τοῦ</span> <span class='ocrx_word' id='word_1_61' title='bbox 142 443 202 470; x_wconf 72' lang='grc' dir='ltr'>κατ’</span> <span class='ocrx_word' id='word_1_62' title='bbox 215 443 282 471; x_wconf 86' lang='grc' dir='ltr'>ίδίαν</span> <span class='ocrx_word' id='word_1_63' title='bbox 300 446 426 474; x_wconf 80' lang='grc' dir='ltr'>Ὠκεανοῦ</span> <span class='ocrx_word' id='word_1_64' title='bbox 444 449 534 477; x_wconf 80' lang='grc' dir='ltr'>Ἀσίαν</span> <span class='ocrx_word' id='word_1_65' title='bbox 551 451 722 488; x_wconf 83' lang='grc' dir='ltr'><strong>κατῴκησαν,</strong></span> <span class='ocrx_word' id='word_1_66' title='bbox 738 454 796 489; x_wconf 78' lang='grc' dir='ltr'>ἧτοι</span> <span class='ocrx_word' id='word_1_67' title='bbox 812 455 867 482; x_wconf 81' lang='grc' dir='ltr'><strong>ἀπὸ</strong></span> 
     </span>
    </p>
   </div>
   <div class='ocr_carea' id='block_1_12' title="bbox 71 488 866 533">
    <p class='ocr_par' dir='ltr' id='par_1_12' title="bbox 71 488 866 533">
     <span class='ocr_line' id='line_1_12' title="bbox 71 488 866 533; baseline 0.018 -19"><span class='ocrx_word' id='word_1_68' title='bbox 71 488 123 514; x_wconf 78' lang='grc' dir='ltr'>τοῦ</span> <span class='ocrx_word' id='word_1_69' title='bbox 142 489 286 525; x_wconf 71' lang='grc' dir='ltr'>Εὐφράτου</span> <span class='ocrx_word' id='word_1_70' title='bbox 303 492 352 527; x_wconf 82' lang='grc' dir='ltr'>τὴν</span> <span class='ocrx_word' id='word_1_71' title='bbox 376 493 465 529; x_wconf 82' lang='grc' dir='ltr'>ἀρχὴν</span> <span class='ocrx_word' id='word_1_72' title='bbox 487 497 676 533; x_wconf 84' lang='grc' dir='ltr'>ποιησάμενοι.</span> <span class='ocrx_word' id='word_1_73' title='bbox 698 488 759 526; x_wconf 69' lang='lat' dir='ltr'><strong>Etsi.</strong></span> <span class='ocrx_word' id='word_1_74' title='bbox 775 500 803 527; x_wconf 82' lang='grc' dir='ltr'>δὲ</span> <span class='ocrx_word' id='word_1_75' title='bbox 821 498 866 528; x_wconf 81' lang='grc' dir='ltr'>οὗ-</span> 
     </span>
    </p>
   </div>
   <div class='ocr_carea' id='block_1_13' title="bbox 73 536 864 584">
    <p class='ocr_par' dir='ltr' id='par_1_13' title="bbox 73 536 864 584">
     <span class='ocr_line' id='line_1_13' title="bbox 73 536 864 584; baseline 0.018 -24"><span class='ocrx_word' id='word_1_76' title='bbox 73 543 116 561; x_wconf 77' lang='grc' dir='ltr'><strong>τοι</strong></span> <span class='ocrx_word' id='word_1_77' title='bbox 126 543 133 550; x_wconf 81' lang='grc'><em>’</em></span> <span class='ocrx_word' id='word_1_78' title='bbox 149 536 249 584; x_wconf 42' lang='grc' dir='ltr'>ξίλὰμ,</span> <span class='ocrx_word' id='word_1_79' title='bbox 261 538 307 573; x_wconf 83' lang='grc' dir='ltr'><strong>ἀφ’</strong></span> <span class='ocrx_word' id='word_1_80' title='bbox 318 537 348 565; x_wconf 79' lang='grc' dir='ltr'>οὗ</span> <span class='ocrx_word' id='word_1_81' title='bbox 363 540 516 576; x_wconf 79' lang='grc' dir='ltr'>Αίλαμαῖοι,</span> <span class='ocrx_word' id='word_1_82' title='bbox 530 544 554 569; x_wconf 82' lang='grc' dir='ltr'>οἱ</span> <span class='ocrx_word' id='word_1_83' title='bbox 564 544 610 570; x_wconf 83' lang='grc' dir='ltr'>νῦν</span> <span class='ocrx_word' id='word_1_84' title='bbox 624 544 738 581; x_wconf 81' lang='grc' dir='ltr'><strong>Πέρσαι·</strong></span> <span class='ocrx_word' id='word_1_85' title='bbox 757 547 864 584; x_wconf 80' lang='grc' dir='ltr'>Ἀσοὺρ,</span> 
     </span>
    </p>
   </div>
   <div class='ocr_carea' id='block_1_14' title="bbox 72 578 864 628">
    <p class='ocr_par' dir='ltr' id='par_1_14' title="bbox 72 578 864 628">
     <span class='ocr_line' id='line_1_14' title="bbox 72 578 864 628; baseline 0.018 -22"><span class='ocrx_word' id='word_1_86' title='bbox 72 581 124 615; x_wconf 81' lang='grc' dir='ltr'><strong>ἀφ’</strong></span> <span class='ocrx_word' id='word_1_87' title='bbox 141 578 172 608; x_wconf 73' lang='grc' dir='ltr'>οὗ</span> <span class='ocrx_word' id='word_1_88' title='bbox 195 583 348 619; x_wconf 74' lang='grc' dir='ltr'>Ἀσσύριοιο</span> <span class='ocrx_word' id='word_1_89' title='bbox 372 585 518 622; x_wconf 72' lang='grc' dir='ltr'><strong>Ἀρφαξάδ,</strong></span> <span class='ocrx_word' id='word_1_90' title='bbox 539 590 586 624; x_wconf 81' lang='grc' dir='ltr'><strong>ἀφ’</strong></span> <span class='ocrx_word' id='word_1_91' title='bbox 601 587 632 617; x_wconf 80' lang='grc' dir='ltr'><strong>οὗ</strong></span> <span class='ocrx_word' id='word_1_92' title='bbox 657 578 823 628; x_wconf 65' lang='grc' dir='ltr'>’Ᾰρφαξαῖοι,</span> 
     </span>
    </p>
   </div>
   <div class='ocr_carea' id='block_1_15' title="bbox 73 626 863 670">
    <p class='ocr_par' dir='ltr' id='par_1_15' title="bbox 73 626 863 670">
     <span class='ocr_line' id='line_1_15' title="bbox 73 626 863 670; baseline 0.014 -18"><span class='ocrx_word' id='word_1_93' title='bbox 73 626 123 653; x_wconf 77' lang='grc' dir='ltr'><strong>νῦν</strong></span> <span class='ocrx_word' id='word_1_94' title='bbox 137 627 280 655; x_wconf 80' lang='grc' dir='ltr'><strong>Χαλδαῖοι·</strong></span> <span class='ocrx_word' id='word_1_95' title='bbox 303 629 405 666; x_wconf 80' lang='grc' dir='ltr'>Ἀρὰμ,</span> <span class='ocrx_word' id='word_1_96' title='bbox 421 632 468 666; x_wconf 77' lang='grc' dir='ltr'><strong>ἀφ’</strong></span> <span class='ocrx_word' id='word_1_97' title='bbox 483 630 513 660; x_wconf 77' lang='grc' dir='ltr'><strong>οὗ</strong></span> <span class='ocrx_word' id='word_1_98' title='bbox 534 626 728 670; x_wconf 50' lang='grc' dir='ltr'>Ἀραμαῖοιξοξ</span> <span class='ocrx_word' id='word_1_99' title='bbox 749 636 797 663; x_wconf 81' lang='grc' dir='ltr'>νῦν</span> <span class='ocrx_word' id='word_1_100' title='bbox 813 637 863 663; x_wconf 79' lang='grc' dir='ltr'><strong>Σύ-</strong></span> 
     </span>
    </p>
   </div>
   <div class='ocr_carea' id='block_1_16' title="bbox 73 673 864 716">
    <p class='ocr_par' dir='ltr' id='par_1_16' title="bbox 73 673 864 716">
     <span class='ocr_line' id='line_1_16' title="bbox 73 673 864 716; baseline 0.014 -18"><span class='ocrx_word' id='word_1_101' title='bbox 73 679 129 707; x_wconf 87' lang='grc' dir='ltr'>ροι.</span> <span class='ocrx_word' id='word_1_102' title='bbox 149 673 289 710; x_wconf 78' lang='grc' dir='ltr'>Κατέσχον</span> <span class='ocrx_word' id='word_1_103' title='bbox 309 675 338 702; x_wconf 77' lang='grc' dir='ltr'>δὲ</span> <span class='ocrx_word' id='word_1_104' title='bbox 356 674 429 703; x_wconf 75' lang='grc' dir='ltr'>οὗτοι</span> <span class='ocrx_word' id='word_1_105' title='bbox 446 677 499 704; x_wconf 79' lang='grc' dir='ltr'><strong>ἀπὸ</strong></span> <span class='ocrx_word' id='word_1_106' title='bbox 514 679 727 716; x_wconf 79' lang='grc' dir='ltr'><strong>Μεσοποταμίας</strong></span> <span class='ocrx_word' id='word_1_107' title='bbox 742 681 794 714; x_wconf 76' lang='grc' dir='ltr'>ἕως</span> <span class='ocrx_word' id='word_1_108' title='bbox 810 683 864 709; x_wconf 77' lang='grc' dir='ltr'>τῶν</span> 
     </span>
    </p>
   </div>
   <div class='ocr_carea' id='block_1_17' title="bbox 72 717 862 763">
    <p class='ocr_par' dir='ltr' id='par_1_17' title="bbox 72 717 862 763">
     <span class='ocr_line' id='line_1_17' title="bbox 72 717 862 763; baseline 0.016 -20"><span class='ocrx_word' id='word_1_109' title='bbox 72 717 317 763; x_wconf 36' lang='grc' dir='ltr'>ὀρέωιιβΑραρὰτ,</span> <span class='ocrx_word' id='word_1_110' title='bbox 340 722 357 749; x_wconf 79' lang='grc' dir='ltr'>ἃ</span> <span class='ocrx_word' id='word_1_111' title='bbox 374 724 432 750; x_wconf 79' lang='grc' dir='ltr'>ἐστι</span> <span class='ocrx_word' id='word_1_112' title='bbox 454 724 522 760; x_wconf 78' lang='grc' dir='ltr'>πρὸς</span> <span class='ocrx_word' id='word_1_113' title='bbox 535 725 584 762; x_wconf 83' lang='grc' dir='ltr'>τὴν</span> <span class='ocrx_word' id='word_1_114' title='bbox 610 727 766 763; x_wconf 80' lang='grc' dir='ltr'><strong>Ἀρμενίαν·</strong></span> <span class='ocrx_word' id='word_1_115' title='bbox 783 729 862 762; x_wconf 81' lang='grc' dir='ltr'>Λοὺδ,</span> 
     </span>
    </p>
   </div>
   <div class='ocr_carea' id='block_1_18' title="bbox 72 761 864 809">
    <p class='ocr_par' dir='ltr' id='par_1_18' title="bbox 72 761 864 809">
     <span class='ocr_line' id='line_1_18' title="bbox 72 761 864 809; baseline 0.016 -19"><span class='ocrx_word' id='word_1_116' title='bbox 72 765 122 798; x_wconf 78' lang='grc' dir='ltr'><strong>ἀφ’</strong></span> <span class='ocrx_word' id='word_1_117' title='bbox 142 761 174 792; x_wconf 66' lang='grc' dir='ltr'><strong>οὗ</strong></span> <span class='ocrx_word' id='word_1_118' title='bbox 189 766 313 801; x_wconf 82' lang='grc' dir='ltr'>Λυδαῖοι,</span> <span class='ocrx_word' id='word_1_119' title='bbox 330 770 354 795; x_wconf 77' lang='grc' dir='ltr'>οἱ</span> <span class='ocrx_word' id='word_1_120' title='bbox 371 769 418 796; x_wconf 77' lang='grc' dir='ltr'>νῦν</span> <span class='ocrx_word' id='word_1_121' title='bbox 437 771 517 798; x_wconf 89' lang='grc' dir='ltr'>Λυδοί</span> <span class='ocrx_word' id='word_1_122' title='bbox 529 780 535 786; x_wconf 90' lang='grc'><strong>·</strong></span> <span class='ocrx_word' id='word_1_123' title='bbox 553 772 671 804; x_wconf 66' lang='grc' dir='ltr'>Καϊνὰν,</span> <span class='ocrx_word' id='word_1_124' title='bbox 689 775 736 809; x_wconf 77' lang='grc' dir='ltr'><strong>ἀφ’</strong></span> <span class='ocrx_word' id='word_1_125' title='bbox 754 773 784 803; x_wconf 79' lang='grc' dir='ltr'><strong>οὗ</strong></span> <span class='ocrx_word' id='word_1_126' title='bbox 806 777 864 803; x_wconf 86' lang='grc' dir='ltr'>Κα-</span> 
     </span>
    </p>
   </div>
   <div class='ocr_carea' id='block_1_19' title="bbox 73 819 167 838">
    <p class='ocr_par' dir='ltr' id='par_1_19' title="bbox 73 819 167 838">
     <span class='ocr_line' id='line_1_19' title="bbox 73 819 167 838; baseline 0.032 -3"><span class='ocrx_word' id='word_1_127' title='bbox 73 819 167 838; x_wconf 82' lang='grc' dir='ltr'>ναται.</span> 
     </span>
    </p>
   </div>
   <div class='ocr_carea' id='block_1_20' title="bbox 917 227 1702 274">
    <p class='ocr_par' dir='ltr' id='par_1_20' title="bbox 917 227 1702 274">
     <span class='ocr_line' id='line_1_20' title="bbox 917 227 1702 274; baseline 0.015 -19"><span class='ocrx_word' id='word_1_128' title='bbox 917 227 1052 264; x_wconf 64' lang='lat' dir='ltr'><strong>Gergesaei</strong></span> <span class='ocrx_word' id='word_1_129' title='bbox 1066 230 1199 259; x_wconf 82' lang='lat' dir='ltr'><strong>Gadaram</strong></span> <span class='ocrx_word' id='word_1_130' title='bbox 1212 232 1407 270; x_wconf 78' lang='lat' dir='ltr'><strong>Gergisamque</strong></span> <span class='ocrx_word' id='word_1_131' title='bbox 1428 235 1533 269; x_wconf 88' lang='lat' dir='ltr'><strong>urbem,</strong></span> <span class='ocrx_word' id='word_1_132' title='bbox 1558 237 1702 274; x_wconf 83' lang='lat' dir='ltr'><strong>lacumque</strong></span> 
     </span>
    </p>
   </div>
   <div class='ocr_carea' id='block_1_21' title="bbox 918 272 1702 317">
    <p class='ocr_par' dir='ltr' id='par_1_21' title="bbox 918 272 1702 317">
     <span class='ocr_line' id='line_1_21' title="bbox 918 272 1702 317; baseline 0.015 -17"><span class='ocrx_word' id='word_1_133' title='bbox 918 272 1071 304; x_wconf 84' lang='lat' dir='ltr'><strong>Tiberiadis</strong></span> <span class='ocrx_word' id='word_1_134' title='bbox 1087 276 1256 310; x_wconf 85' lang='lat' dir='ltr'><strong>obtinebant,</strong></span> <span class='ocrx_word' id='word_1_135' title='bbox 1275 283 1302 306; x_wconf 89' lang='lat' dir='ltr'><strong>et</strong></span> <span class='ocrx_word' id='word_1_136' title='bbox 1318 278 1446 314; x_wconf 72' lang='lat' dir='ltr'><strong>Jebuszei,</strong></span> <span class='ocrx_word' id='word_1_137' title='bbox 1468 289 1528 317; x_wconf 63' lang='lat' dir='ltr'><strong>quae</strong></span> <span class='ocrx_word' id='word_1_138' title='bbox 1543 291 1616 312; x_wconf 88' lang='lat' dir='ltr'><strong>nunc</strong></span> <span class='ocrx_word' id='word_1_139' title='bbox 1638 272 1702 312; x_wconf 83' lang='lat' dir='ltr'><strong>Ilie-</strong></span> 
     </span>
    </p>
   </div>
   <div class='ocr_carea' id='block_1_22' title="bbox 917 321 1102 350">
    <p class='ocr_par' dir='ltr' id='par_1_22' title="bbox 917 321 1102 350">
     <span class='ocr_line' id='line_1_22' title="bbox 917 321 1102 350; baseline 0.011 -3"><span class='ocrx_word' id='word_1_140' title='bbox 917 321 1035 348; x_wconf 86' lang='lat' dir='ltr'><strong>rusalem</strong></span> <span class='ocrx_word' id='word_1_141' title='bbox 1050 326 1102 350; x_wconf 91' lang='lat' dir='ltr'><strong>est.</strong></span> 
     </span>
    </p>
   </div>
   <div class='ocr_carea' id='block_1_23' title="bbox 952 411 1700 453">
    <p class='ocr_par' dir='ltr' id='par_1_23' title="bbox 952 411 1700 453">
     <span class='ocr_line' id='line_1_23' title="bbox 952 411 1700 453; baseline 0.011 -15"><span class='ocrx_word' id='word_1_142' title='bbox 952 411 1014 440; x_wconf 86' lang='lat' dir='ltr'><strong>Sem</strong></span> <span class='ocrx_word' id='word_1_143' title='bbox 1033 412 1154 448; x_wconf 90' lang='lat' dir='ltr'><strong>quinque</strong></span> <span class='ocrx_word' id='word_1_144' title='bbox 1169 413 1217 441; x_wconf 85' lang='lat' dir='ltr'><strong>lilii</strong></span> <span class='ocrx_word' id='word_1_145' title='bbox 1242 413 1362 449; x_wconf 81' lang='lat' dir='ltr'><strong>fuerunt,</strong></span> <span class='ocrx_word' id='word_1_146' title='bbox 1385 415 1432 450; x_wconf 85' lang='lat' dir='ltr'><strong>qui</strong></span> <span class='ocrx_word' id='word_1_147' title='bbox 1448 416 1539 444; x_wconf 79' lang='lat' dir='ltr'><strong>Asiam</strong></span> <span class='ocrx_word' id='word_1_148' title='bbox 1560 426 1650 453; x_wconf 82' lang='lat' dir='ltr'><strong>usque</strong></span> <span class='ocrx_word' id='word_1_149' title='bbox 1666 419 1700 445; x_wconf 87' lang='lat' dir='ltr'><strong>ad</strong></span> 
     </span>
    </p>
   </div>
   <div class='ocr_carea' id='block_1_24' title="bbox 916 457 1699 501">
    <p class='ocr_par' dir='ltr' id='par_1_24' title="bbox 916 457 1699 501">
     <span class='ocr_line' id='line_1_24' title="bbox 916 457 1699 501; baseline 0.009 -16"><span class='ocrx_word' id='word_1_150' title='bbox 916 457 1053 486; x_wconf 79' lang='lat' dir='ltr'><strong>Oceanum</strong></span> <span class='ocrx_word' id='word_1_151' title='bbox 1078 459 1247 493; x_wconf 85' lang='lat' dir='ltr'><strong>habitarunt,</strong></span> <span class='ocrx_word' id='word_1_152' title='bbox 1264 461 1306 488; x_wconf 92' lang='lat' dir='ltr'><strong>vel</strong></span> <span class='ocrx_word' id='word_1_153' title='bbox 1327 461 1361 489; x_wconf 88' lang='lat' dir='ltr'><strong>ab</strong></span> <span class='ocrx_word' id='word_1_154' title='bbox 1378 461 1515 498; x_wconf 83' lang='lat' dir='ltr'><strong>Euphrate</strong></span> <span class='ocrx_word' id='word_1_155' title='bbox 1535 465 1699 501; x_wconf 73' lang='lat' dir='ltr'><strong>principium</strong></span> 
     </span>
    </p>
   </div>
   <div class='ocr_carea' id='block_1_25' title="bbox 916 504 1699 544">
    <p class='ocr_par' dir='ltr' id='par_1_25' title="bbox 916 504 1699 544">
     <span class='ocr_line' id='line_1_25' title="bbox 916 504 1699 544; baseline 0.011 -14"><span class='ocrx_word' id='word_1_156' title='bbox 916 508 1066 532; x_wconf 77' lang='lat' dir='ltr'><strong>sumentes.</strong></span> <span class='ocrx_word' id='word_1_157' title='bbox 1081 504 1151 532; x_wconf 90' lang='lat' dir='ltr'><strong>Sunt</strong></span> <span class='ocrx_word' id='word_1_158' title='bbox 1165 510 1256 534; x_wconf 89' lang='lat' dir='ltr'><strong>autem</strong></span> <span class='ocrx_word' id='word_1_159' title='bbox 1276 507 1314 538; x_wconf 90' lang='lat' dir='ltr'><strong>hi,</strong></span> <span class='ocrx_word' id='word_1_160' title='bbox 1333 506 1434 539; x_wconf 68' lang='lat' dir='ltr'><strong>Elam,</strong></span> <span class='ocrx_word' id='word_1_161' title='bbox 1447 516 1479 536; x_wconf 83' lang='lat' dir='ltr'><strong>ex</strong></span> <span class='ocrx_word' id='word_1_162' title='bbox 1495 517 1549 544; x_wconf 89' lang='lat' dir='ltr'><strong>quo</strong></span> <span class='ocrx_word' id='word_1_163' title='bbox 1566 509 1699 543; x_wconf 69' lang='lat' dir='ltr'><strong>.Elamzei,</strong></span> 
     </span>
    </p>
   </div>
   <div class='ocr_carea' id='block_1_26' title="bbox 915 549 1699 591">
    <p class='ocr_par' dir='ltr' id='par_1_26' title="bbox 915 549 1699 591">
     <span class='ocr_line' id='line_1_26' title="bbox 915 549 1699 591; baseline 0.01 -15"><span class='ocrx_word' id='word_1_164' title='bbox 915 549 962 584; x_wconf 86' lang='lat' dir='ltr'><strong>qui</strong></span> <span class='ocrx_word' id='word_1_165' title='bbox 979 558 1052 578; x_wconf 88' lang='lat' dir='ltr'><strong>nunc</strong></span> <span class='ocrx_word' id='word_1_166' title='bbox 1062 550 1170 583; x_wconf 70' lang='lat' dir='ltr'><strong>Persae;</strong></span> <span class='ocrx_word' id='word_1_167' title='bbox 1186 551 1268 584; x_wconf 78' lang='lat' dir='ltr'><strong>Asur,</strong></span> <span class='ocrx_word' id='word_1_168' title='bbox 1282 561 1314 580; x_wconf 86' lang='lat' dir='ltr'><strong>ex</strong></span> <span class='ocrx_word' id='word_1_169' title='bbox 1328 561 1382 588; x_wconf 89' lang='lat' dir='ltr'><strong>quo</strong></span> <span class='ocrx_word' id='word_1_170' title='bbox 1403 554 1525 590; x_wconf 84' lang='lat' dir='ltr'><strong>Assyrii;</strong></span> <span class='ocrx_word' id='word_1_171' title='bbox 1541 556 1699 591; x_wconf 82' lang='lat' dir='ltr'><strong>Arphaxad,</strong></span> 
     </span>
    </p>
   </div>
   <div class='ocr_carea' id='block_1_27' title="bbox 915 597 1701 634">
    <p class='ocr_par' dir='ltr' id='par_1_27' title="bbox 915 597 1701 634">
     <span class='ocr_line' id='line_1_27' title="bbox 915 597 1701 634; baseline 0.011 -12"><span class='ocrx_word' id='word_1_172' title='bbox 915 603 947 622; x_wconf 82' lang='lat' dir='ltr'><strong>ex</strong></span> <span class='ocrx_word' id='word_1_173' title='bbox 973 604 1028 631; x_wconf 87' lang='lat' dir='ltr'><strong>quo</strong></span> <span class='ocrx_word' id='word_1_174' title='bbox 1046 597 1207 632; x_wconf 67' lang='lat' dir='ltr'><strong>Arpliaxmi,</strong></span> <span class='ocrx_word' id='word_1_175' title='bbox 1225 598 1271 634; x_wconf 91' lang='lat' dir='ltr'><strong>qui</strong></span> <span class='ocrx_word' id='word_1_176' title='bbox 1297 607 1371 626; x_wconf 88' lang='lat' dir='ltr'><strong>nunc</strong></span> <span class='ocrx_word' id='word_1_177' title='bbox 1395 600 1533 634; x_wconf 82' lang='lat' dir='ltr'><strong>Chaldaei;</strong></span> <span class='ocrx_word' id='word_1_178' title='bbox 1550 601 1644 634; x_wconf 88' lang='lat' dir='ltr'><strong>Aram,</strong></span> <span class='ocrx_word' id='word_1_179' title='bbox 1667 611 1701 631; x_wconf 81' lang='lat' dir='ltr'><strong>ex</strong></span> 
     </span>
    </p>
   </div>
   <div class='ocr_carea' id='block_1_28' title="bbox 914 643 1702 683">
    <p class='ocr_par' dir='ltr' id='par_1_28' title="bbox 914 643 1702 683">
     <span class='ocr_line' id='line_1_28' title="bbox 914 643 1702 683; baseline 0.009 -14"><span class='ocrx_word' id='word_1_180' title='bbox 914 651 969 678; x_wconf 91' lang='lat' dir='ltr'><strong>quo</strong></span> <span class='ocrx_word' id='word_1_181' title='bbox 981 643 1108 676; x_wconf 72' lang='lat' dir='ltr'><strong>Aramazi,</strong></span> <span class='ocrx_word' id='word_1_182' title='bbox 1120 644 1166 679; x_wconf 92' lang='lat' dir='ltr'><strong>qui</strong></span> <span class='ocrx_word' id='word_1_183' title='bbox 1183 653 1256 672; x_wconf 88' lang='lat' dir='ltr'><strong>nunc</strong></span> <span class='ocrx_word' id='word_1_184' title='bbox 1276 644 1347 681; x_wconf 81' lang='lat' dir='ltr'><strong>Syri.</strong></span> <span class='ocrx_word' id='word_1_185' title='bbox 1369 645 1401 673; x_wconf 89' lang='lat' dir='ltr'><strong>lli</strong></span> <span class='ocrx_word' id='word_1_186' title='bbox 1423 654 1487 674; x_wconf 91' lang='lat' dir='ltr'><strong>vero</strong></span> <span class='ocrx_word' id='word_1_187' title='bbox 1501 652 1670 683; x_wconf 85' lang='lat' dir='ltr'><strong>occuparunt</strong></span> <span class='ocrx_word' id='word_1_188' title='bbox 1686 658 1702 676; x_wconf 87' lang='lat' dir='ltr'><strong>a</strong></span> 
     </span>
    </p>
   </div>
   <div class='ocr_carea' id='block_1_29' title="bbox 915 688 1701 729">
    <p class='ocr_par' dir='ltr' id='par_1_29' title="bbox 915 688 1701 729">
     <span class='ocr_line' id='line_1_29' title="bbox 915 688 1701 729; baseline 0.009 -14"><span class='ocrx_word' id='word_1_189' title='bbox 915 688 1108 725; x_wconf 75' lang='lat' dir='ltr'><strong>Mesopotamia</strong></span> <span class='ocrx_word' id='word_1_190' title='bbox 1121 698 1208 724; x_wconf 83' lang='lat' dir='ltr'><strong>usque</strong></span> <span class='ocrx_word' id='word_1_191' title='bbox 1222 691 1255 718; x_wconf 92' lang='lat' dir='ltr'><strong>ad</strong></span> <span class='ocrx_word' id='word_1_192' title='bbox 1271 696 1376 720; x_wconf 85' lang='lat' dir='ltr'><strong>montes</strong></span> <span class='ocrx_word' id='word_1_193' title='bbox 1400 692 1508 725; x_wconf 84' lang='lat' dir='ltr'><strong>Ararat,</strong></span> <span class='ocrx_word' id='word_1_194' title='bbox 1521 694 1568 729; x_wconf 90' lang='lat' dir='ltr'><strong>qui</strong></span> <span class='ocrx_word' id='word_1_195' title='bbox 1589 698 1654 722; x_wconf 87' lang='lat' dir='ltr'><strong>sunt</strong></span> <span class='ocrx_word' id='word_1_196' title='bbox 1673 696 1701 722; x_wconf 82' lang='lat' dir='ltr'><strong>in</strong></span> 
     </span>
    </p>
   </div>
   <div class='ocr_carea' id='block_1_30' title="bbox 913 733 1700 774">
    <p class='ocr_par' dir='ltr' id='par_1_30' title="bbox 913 733 1700 774">
     <span class='ocr_line' id='line_1_30' title="bbox 913 733 1700 774; baseline 0.009 -14"><span class='ocrx_word' id='word_1_197' title='bbox 913 733 1041 774; x_wconf 74' lang='lat' dir='ltr'><strong>Armenia</strong></span> <span class='ocrx_word' id='word_1_198' title='bbox 1056 744 1063 768; x_wconf 90' lang='lat'><strong>;</strong></span> <span class='ocrx_word' id='word_1_199' title='bbox 1079 734 1147 766; x_wconf 80' lang='lat' dir='ltr'><strong>Lud.</strong></span> <span class='ocrx_word' id='word_1_200' title='bbox 1164 743 1196 762; x_wconf 80' lang='lat' dir='ltr'><strong>ex</strong></span> <span class='ocrx_word' id='word_1_201' title='bbox 1211 743 1265 770; x_wconf 93' lang='lat' dir='ltr'><strong>quo</strong></span> <span class='ocrx_word' id='word_1_202' title='bbox 1276 735 1377 771; x_wconf 76' lang='lat' dir='ltr'><strong>Lyd-.ei,</strong></span> <span class='ocrx_word' id='word_1_203' title='bbox 1391 738 1437 772; x_wconf 88' lang='lat' dir='ltr'><strong>qui</strong></span> <span class='ocrx_word' id='word_1_204' title='bbox 1453 746 1526 765; x_wconf 81' lang='lat' dir='ltr'><strong>nunc</strong></span> <span class='ocrx_word' id='word_1_205' title='bbox 1536 738 1603 774; x_wconf 84' lang='lat' dir='ltr'><strong>Lydi</strong></span> <span class='ocrx_word' id='word_1_206' title='bbox 1616 748 1624 773; x_wconf 86' lang='lat'><strong>;</strong></span> <span class='ocrx_word' id='word_1_207' title='bbox 1637 740 1700 768; x_wconf 87' lang='lat' dir='ltr'><strong>Cai-</strong></span> 
     </span>
    </p>
   </div>
   <div class='ocr_carea' id='block_1_31' title="bbox 913 772 1230 817">
    <p class='ocr_par' dir='ltr' id='par_1_31' title="bbox 913 772 1230 817">
     <span class='ocr_line' id='line_1_31' title="bbox 913 772 1230 817; baseline 0.003 -9"><span class='ocrx_word' id='word_1_208' title='bbox 913 789 980 813; x_wconf 87' lang='lat' dir='ltr'><strong>nan,</strong></span> <span class='ocrx_word' id='word_1_209' title='bbox 995 772 1034 809; x_wconf 71' lang='lat' dir='ltr'><strong>ex~</strong></span> <span class='ocrx_word' id='word_1_210' title='bbox 1046 789 1100 817; x_wconf 90' lang='lat' dir='ltr'><strong>quo</strong></span> <span class='ocrx_word' id='word_1_211' title='bbox 1112 782 1230 809; x_wconf 65' lang='lat' dir='ltr'><strong>(lanata).</strong></span> 
     </span>
    </p>
   </div>
   <div class='ocr_carea' id='block_1_32' title="bbox 109 854 854 906">
    <p class='ocr_par' dir='ltr' id='par_1_32' title="bbox 109 857 854 901">
     <span class='ocr_line' id='line_1_32' title="bbox 109 857 854 901; baseline 0.016 -18"><span class='ocrx_word' id='word_1_212' title='bbox 109 857 171 884; x_wconf 72' lang='grc' dir='ltr'><strong>Υἱοὶ</strong></span> <span class='ocrx_word' id='word_1_213' title='bbox 196 857 224 885; x_wconf 84' lang='grc' dir='ltr'>δὲ</span> <span class='ocrx_word' id='word_1_214' title='bbox 244 859 291 886; x_wconf 84' lang='grc' dir='ltr'><strong>τοῦ</strong></span> <span class='ocrx_word' id='word_1_215' title='bbox 322 861 409 896; x_wconf 77' lang='grc' dir='ltr'>Ἀρὰμ</span> <span class='ocrx_word' id='word_1_216' title='bbox 430 862 561 899; x_wconf 80' lang='grc' dir='ltr'>τέσσαρες</span> <span class='ocrx_word' id='word_1_217' title='bbox 577 865 774 901; x_wconf 76' lang='grc' dir='ltr'>ἐγεννήθησαν·</span> <span class='ocrx_word' id='word_1_218' title='bbox 793 867 854 901; x_wconf 51' lang='grc' dir='ltr'>Οὒξι</span> 
     </span>
    </p>
   </div>
   <div class='ocr_carea' id='block_1_33' title="bbox 910 854 1700 906">
    <p class='ocr_par' dir='ltr' id='par_1_33' title="bbox 949 868 1700 906">
     <span class='ocr_line' id='line_1_33' title="bbox 949 868 1700 906; baseline 0.007 -11"><span class='ocrx_word' id='word_1_219' title='bbox 949 868 1030 895; x_wconf 85' lang='lat' dir='ltr'><strong>Aram</strong></span> <span class='ocrx_word' id='word_1_220' title='bbox 1047 868 1094 895; x_wconf 84' lang='lat' dir='ltr'><strong>ﬁlii</strong></span> <span class='ocrx_word' id='word_1_221' title='bbox 1117 873 1235 904; x_wconf 77' lang='lat' dir='ltr'><strong>quatuor</strong></span> <span class='ocrx_word' id='word_1_222' title='bbox 1249 869 1305 897; x_wconf 87' lang='lat' dir='ltr'><strong>nati</strong></span> <span class='ocrx_word' id='word_1_223' title='bbox 1329 874 1411 897; x_wconf 89' lang='lat' dir='ltr'><strong>sunt:</strong></span> <span class='ocrx_word' id='word_1_224' title='bbox 1432 870 1482 902; x_wconf 85' lang='lat' dir='ltr'><strong>Uz,</strong></span> <span class='ocrx_word' id='word_1_225' title='bbox 1506 872 1552 906; x_wconf 90' lang='lat' dir='ltr'><strong>qui</strong></span> <span class='ocrx_word' id='word_1_226' title='bbox 1575 872 1700 901; x_wconf 87' lang='lat' dir='ltr'><strong>condidit</strong></span> 
     </span>
    </p>
   </div>
   <div class='ocr_carea' id='block_1_34' title="bbox 70 903 861 949">
    <p class='ocr_par' dir='ltr' id='par_1_34' title="bbox 70 903 861 949">
     <span class='ocr_line' id='line_1_34' title="bbox 70 903 861 949; baseline 0.015 -21"><span class='ocrx_word' id='word_1_227' title='bbox 70 903 148 934; x_wconf 82' lang='grc' dir='ltr'>ὅστις</span> <span class='ocrx_word' id='word_1_228' title='bbox 164 903 256 931; x_wconf 78' lang='grc' dir='ltr'><strong>ἔκτισε</strong></span> <span class='ocrx_word' id='word_1_229' title='bbox 278 906 422 941; x_wconf 74' lang='grc' dir='ltr'>Δαμασκὸν</span> <span class='ocrx_word' id='word_1_230' title='bbox 445 908 492 935; x_wconf 76' lang='grc' dir='ltr'>καὶ</span> <span class='ocrx_word' id='word_1_231' title='bbox 516 909 565 945; x_wconf 86' lang='grc' dir='ltr'>τὴν</span> <span class='ocrx_word' id='word_1_232' title='bbox 598 910 780 946; x_wconf 81' lang='grc' dir='ltr'><strong>Τραχωνῖτιν,</strong></span> <span class='ocrx_word' id='word_1_233' title='bbox 802 914 861 949; x_wconf 79' lang='grc' dir='ltr'>ἥτις</span> 
     </span>
    </p>
   </div>
   <div class='ocr_carea' id='block_1_35' title="bbox 73 948 860 992">
    <p class='ocr_par' dir='ltr' id='par_1_35' title="bbox 73 948 860 992">
     <span class='ocr_line' id='line_1_35' title="bbox 73 948 860 992; baseline 0.015 -18"><span class='ocrx_word' id='word_1_234' title='bbox 73 948 144 984; x_wconf 75' lang='grc' dir='ltr'>μέση</span> <span class='ocrx_word' id='word_1_235' title='bbox 153 949 206 992; x_wconf 63' lang='grc' dir='ltr'>τῆς</span> <span class='ocrx_word' id='word_1_236' title='bbox 220 950 400 988; x_wconf 76' lang='grc' dir='ltr'>Παλαιστίνης</span> <span class='ocrx_word' id='word_1_237' title='bbox 414 954 461 980; x_wconf 82' lang='grc' dir='ltr'>καὶ</span> <span class='ocrx_word' id='word_1_238' title='bbox 472 955 572 991; x_wconf 79' lang='grc' dir='ltr'><strong>Κοίλης</strong></span> <span class='ocrx_word' id='word_1_239' title='bbox 582 957 682 992; x_wconf 80' lang='grc' dir='ltr'>Συρίας</span> <span class='ocrx_word' id='word_1_240' title='bbox 695 959 784 985; x_wconf 76' lang='grc' dir='ltr'>ἐστίν·</span> <span class='ocrx_word' id='word_1_241' title='bbox 797 948 860 992; x_wconf 68' lang='grc' dir='ltr'>σδλ,</span> 
     </span>
    </p>
   </div>
   <div class='ocr_carea' id='block_1_36' title="bbox 70 990 860 1041">
    <p class='ocr_par' dir='ltr' id='par_1_36' title="bbox 70 990 860 1041">
     <span class='ocr_line' id='line_1_36' title="bbox 70 990 860 1041; baseline 0.015 -21"><span class='ocrx_word' id='word_1_242' title='bbox 70 994 119 1028; x_wconf 67' lang='grc' dir='ltr'><strong>ἀφ’</strong></span> <span class='ocrx_word' id='word_1_243' title='bbox 134 990 166 1021; x_wconf 78' lang='grc' dir='ltr'><strong>οὗ</strong></span> <span class='ocrx_word' id='word_1_244' title='bbox 187 996 331 1029; x_wconf 81' lang='grc' dir='ltr'>Λαζονεῖς·</span> <span class='ocrx_word' id='word_1_245' title='bbox 351 998 371 1024; x_wconf 87' lang='grc' dir='ltr'><strong><em>Γ</em></strong></span> <span class='ocrx_word' id='word_1_246' title='bbox 372 998 448 1035; x_wconf 78' lang='grc' dir='ltr'>αθὲρ,</span> <span class='ocrx_word' id='word_1_247' title='bbox 471 1000 517 1035; x_wconf 76' lang='grc' dir='ltr'><strong>ἀφ’</strong></span> <span class='ocrx_word' id='word_1_248' title='bbox 534 998 564 1028; x_wconf 77' lang='grc' dir='ltr'><strong>οὗ</strong></span> <span class='ocrx_word' id='word_1_249' title='bbox 586 990 734 1039; x_wconf 77' lang='grc' dir='ltr'>Σταφηνοί“</span> <span class='ocrx_word' id='word_1_250' title='bbox 759 990 860 1041; x_wconf 35' lang='grc' dir='ltr'>Μεσὺχζ</span> 
     </span>
    </p>
   </div>
   <div class='ocr_carea' id='block_1_37' title="bbox 70 1038 351 1078">
    <p class='ocr_par' dir='ltr' id='par_1_37' title="bbox 70 1038 351 1078">
     <span class='ocr_line' id='line_1_37' title="bbox 70 1038 351 1078; baseline 0.021 -13"><span class='ocrx_word' id='word_1_251' title='bbox 70 1039 118 1074; x_wconf 75' lang='grc' dir='ltr'><strong>ἀφ’</strong></span> <span class='ocrx_word' id='word_1_252' title='bbox 140 1038 172 1068; x_wconf 69' lang='grc' dir='ltr'><strong>οὗ</strong></span> <span class='ocrx_word' id='word_1_253' title='bbox 190 1042 351 1078; x_wconf 78' lang='grc' dir='ltr'>Μασσήνιοι.</span> 
     </span>
    </p>
   </div>
   <div class='ocr_carea' id='block_1_38' title="bbox 106 1086 861 1129">
    <p class='ocr_par' dir='ltr' id='par_1_38' title="bbox 106 1086 861 1129">
     <span class='ocr_line' id='line_1_38' title="bbox 106 1086 861 1129; baseline 0.016 -17"><span class='ocrx_word' id='word_1_254' title='bbox 106 1086 168 1113; x_wconf 79' lang='grc' dir='ltr'>Υἱοὶ</span> <span class='ocrx_word' id='word_1_255' title='bbox 190 1088 457 1125; x_wconf 80' lang='grc' dir='ltr'>Ἀρφαξάδ-Καϊνὰν,</span> <span class='ocrx_word' id='word_1_256' title='bbox 476 1090 569 1128; x_wconf 74' lang='grc' dir='ltr'><strong>ἀφ’οὗ</strong></span> <span class='ocrx_word' id='word_1_257' title='bbox 597 1094 782 1129; x_wconf 85' lang='grc' dir='ltr'>Σογγοδιανοί·</span> <span class='ocrx_word' id='word_1_258' title='bbox 807 1097 861 1124; x_wconf 80' lang='grc' dir='ltr'><strong>ἀπὸ</strong></span> 
     </span>
    </p>
   </div>
   <div class='ocr_carea' id='block_1_39' title="bbox 69 1133 862 1178">
    <p class='ocr_par' dir='ltr' id='par_1_39' title="bbox 69 1133 862 1178">
     <span class='ocr_line' id='line_1_39' title="bbox 69 1133 862 1178; baseline 0.014 -19"><span class='ocrx_word' id='word_1_259' title='bbox 69 1133 168 1160; x_wconf 72' lang='grc' dir='ltr'>τούτου</span> <span class='ocrx_word' id='word_1_260' title='bbox 181 1135 211 1161; x_wconf 80' lang='grc' dir='ltr'>δὲ</span> <span class='ocrx_word' id='word_1_261' title='bbox 226 1136 273 1162; x_wconf 79' lang='grc' dir='ltr'>καὶ</span> <span class='ocrx_word' id='word_1_262' title='bbox 287 1137 303 1172; x_wconf 81' lang='grc' dir='ltr'>ἡ</span> <span class='ocrx_word' id='word_1_263' title='bbox 320 1137 485 1174; x_wconf 78' lang='grc' dir='ltr'>ἀστρονομία</span> <span class='ocrx_word' id='word_1_264' title='bbox 503 1140 550 1166; x_wconf 78' lang='grc' dir='ltr'><strong>καὶ</strong></span> <span class='ocrx_word' id='word_1_265' title='bbox 565 1141 705 1177; x_wconf 73' lang='grc' dir='ltr'>οἰωνισμοὶ</span> <span class='ocrx_word' id='word_1_266' title='bbox 717 1143 862 1178; x_wconf 77' lang='grc' dir='ltr'>ἐπενοήθη-</span> 
     </span>
    </p>
   </div>
   <div class='ocr_carea' id='block_1_40' title="bbox 70 1188 130 1206">
    <p class='ocr_par' dir='ltr' id='par_1_40' title="bbox 70 1188 130 1206">
     <span class='ocr_line' id='line_1_40' title="bbox 70 1188 130 1206; baseline 0.017 -1"><span class='ocrx_word' id='word_1_267' title='bbox 70 1188 130 1206; x_wconf 78' lang='grc' dir='ltr'>σαν.</span> 
     </span>
    </p>
   </div>
   <div class='ocr_carea' id='block_1_41' title="bbox 105 1227 859 1269">
    <p class='ocr_par' dir='ltr' id='par_1_41' title="bbox 105 1227 859 1269">
     <span class='ocr_line' id='line_1_41' title="bbox 105 1227 859 1269; baseline 0.013 -17"><span class='ocrx_word' id='word_1_268' title='bbox 105 1227 172 1259; x_wconf 81' lang='grc' dir='ltr'><strong>Υἱὸς</strong></span> <span class='ocrx_word' id='word_1_269' title='bbox 181 1227 210 1254; x_wconf 84' lang='grc' dir='ltr'>δὲ</span> <span class='ocrx_word' id='word_1_270' title='bbox 229 1228 337 1263; x_wconf 79' lang='grc' dir='ltr'>ἐγένετο</span> <span class='ocrx_word' id='word_1_271' title='bbox 355 1230 394 1266; x_wconf 83' lang='grc' dir='ltr'>τῷ</span> <span class='ocrx_word' id='word_1_272' title='bbox 410 1231 513 1258; x_wconf 77' lang='grc' dir='ltr'>Καϊνὰν</span> <span class='ocrx_word' id='word_1_273' title='bbox 529 1232 610 1265; x_wconf 68' lang='grc' dir='ltr'>Σαλα,</span> <span class='ocrx_word' id='word_1_274' title='bbox 630 1234 677 1269; x_wconf 76' lang='grc' dir='ltr'><strong>ἀφ’</strong></span> <span class='ocrx_word' id='word_1_275' title='bbox 700 1230 730 1261; x_wconf 76' lang='grc' dir='ltr'><strong>οὗ</strong></span> <span class='ocrx_word' id='word_1_276' title='bbox 747 1235 859 1261; x_wconf 78' lang='grc' dir='ltr'>Σουσια-</span> 
     </span>
    </p>
   </div>
   <div class='ocr_carea' id='block_1_42' title="bbox 68 1281 118 1299">
    <p class='ocr_par' dir='ltr' id='par_1_42' title="bbox 68 1281 118 1299">
     <span class='ocr_line' id='line_1_42' title="bbox 68 1281 118 1299; baseline 0.02 -1"><span class='ocrx_word' id='word_1_277' title='bbox 68 1281 118 1299; x_wconf 77' lang='grc' dir='ltr'>νοι.</span> 
     </span>
    </p>
   </div>
   <div class='ocr_carea' id='block_1_43' title="bbox 103 1319 860 1363">
    <p class='ocr_par' dir='ltr' id='par_1_43' title="bbox 103 1319 860 1363">
     <span class='ocr_line' id='line_1_43' title="bbox 103 1319 860 1363; baseline 0.013 -19"><span class='ocrx_word' id='word_1_278' title='bbox 103 1319 169 1351; x_wconf 76' lang='grc' dir='ltr'><strong>Υἱὸς</strong></span> <span class='ocrx_word' id='word_1_279' title='bbox 182 1319 228 1346; x_wconf 78' lang='grc' dir='ltr'>τοῦ</span> <span class='ocrx_word' id='word_1_280' title='bbox 245 1320 318 1348; x_wconf 88' lang='grc' dir='ltr'><strong>Σαλά</strong></span> <span class='ocrx_word' id='word_1_281' title='bbox 334 1322 427 1359; x_wconf 73' lang='grc' dir='ltr'>Ἔϐερ,</span> <span class='ocrx_word' id='word_1_282' title='bbox 444 1323 490 1358; x_wconf 79' lang='grc' dir='ltr'><strong>ἀφ’</strong></span> <span class='ocrx_word' id='word_1_283' title='bbox 502 1321 532 1351; x_wconf 71' lang='grc' dir='ltr'>οὖ</span> <span class='ocrx_word' id='word_1_284' title='bbox 554 1324 684 1362; x_wconf 76' lang='grc' dir='ltr'>Ἑϐραῖοι,</span> <span class='ocrx_word' id='word_1_285' title='bbox 702 1326 798 1358; x_wconf 77' lang='grc' dir='ltr'>οἵτινες</span> <span class='ocrx_word' id='word_1_286' title='bbox 811 1327 860 1363; x_wconf 78' lang='grc' dir='ltr'><strong>τὴν</strong></span> 
     </span>
    </p>
   </div>
   <div class='ocr_carea' id='block_1_44' title="bbox 66 1364 859 1410">
    <p class='ocr_par' dir='ltr' id='par_1_44' title="bbox 66 1364 859 1410">
     <span class='ocr_line' id='line_1_44' title="bbox 66 1364 859 1410; baseline 0.013 -20"><span class='ocrx_word' id='word_1_287' title='bbox 66 1364 186 1400; x_wconf 83' lang='grc' dir='ltr'>ἀρχαίαν</span> <span class='ocrx_word' id='word_1_288' title='bbox 200 1367 332 1402; x_wconf 80' lang='grc' dir='ltr'>κατέσχον</span> <span class='ocrx_word' id='word_1_289' title='bbox 345 1369 394 1405; x_wconf 85' lang='grc' dir='ltr'>τὴν</span> <span class='ocrx_word' id='word_1_290' title='bbox 412 1370 537 1406; x_wconf 78' lang='grc' dir='ltr'>Ἐὁραῖδα</span> <span class='ocrx_word' id='word_1_291' title='bbox 552 1371 700 1405; x_wconf 79' lang='grc' dir='ltr'>διάλεκτον,</span> <span class='ocrx_word' id='word_1_292' title='bbox 716 1373 763 1399; x_wconf 83' lang='grc' dir='ltr'>τοῦ</span> <span class='ocrx_word' id='word_1_293' title='bbox 776 1374 859 1410; x_wconf 78' lang='grc' dir='ltr'><strong>’Έόερ</strong></span> 
     </span>
    </p>
   </div>
   <div class='ocr_carea' id='block_1_45' title="bbox 67 1411 860 1454">
    <p class='ocr_par' dir='ltr' id='par_1_45' title="bbox 67 1411 860 1454">
     <span class='ocr_line' id='line_1_45' title="bbox 67 1411 860 1454; baseline 0.013 -18"><span class='ocrx_word' id='word_1_294' title='bbox 67 1411 106 1446; x_wconf 77' lang='grc' dir='ltr'>μὴ</span> <span class='ocrx_word' id='word_1_295' title='bbox 127 1415 407 1449; x_wconf 73' lang='grc' dir='ltr'>συμπαραγενομένου</span> <span class='ocrx_word' id='word_1_296' title='bbox 433 1417 473 1448; x_wconf 85' lang='grc' dir='ltr'><strong>είς</strong></span> <span class='ocrx_word' id='word_1_297' title='bbox 490 1416 539 1452; x_wconf 86' lang='grc' dir='ltr'>τὴν</span> <span class='ocrx_word' id='word_1_298' title='bbox 566 1417 613 1444; x_wconf 77' lang='grc' dir='ltr'>τοῦ</span> <span class='ocrx_word' id='word_1_299' title='bbox 635 1418 739 1454; x_wconf 81' lang='grc' dir='ltr'>πύργου</span> <span class='ocrx_word' id='word_1_300' title='bbox 758 1419 860 1446; x_wconf 76' lang='grc' dir='ltr'>οἰκοδο-</span> 
     </span>
    </p>
   </div>
   <div class='ocr_carea' id='block_1_46' title="bbox 67 1456 611 1497">
    <p class='ocr_par' dir='ltr' id='par_1_46' title="bbox 67 1456 611 1497">
     <span class='ocr_line' id='line_1_46' title="bbox 67 1456 611 1497; baseline 0.017 -16"><span class='ocrx_word' id='word_1_301' title='bbox 67 1456 132 1491; x_wconf 82' lang='grc' dir='ltr'>μὴν,</span> <span class='ocrx_word' id='word_1_302' title='bbox 146 1457 194 1483; x_wconf 77' lang='grc' dir='ltr'>καὶ</span> <span class='ocrx_word' id='word_1_303' title='bbox 210 1458 399 1492; x_wconf 80' lang='grc' dir='ltr'>ἀλλοιωθέντος</span> <span class='ocrx_word' id='word_1_304' title='bbox 415 1462 463 1497; x_wconf 68' lang='grc' dir='ltr'>τὴν</span> <span class='ocrx_word' id='word_1_305' title='bbox 479 1463 611 1496; x_wconf 84' lang='grc' dir='ltr'>γλῶτταν.</span> 
     </span>
    </p>
   </div>
   <div class='ocr_carea' id='block_1_47' title="bbox 101 1502 892 1554">
    <p class='ocr_par' dir='ltr' id='par_1_47' title="bbox 101 1502 892 1554">
     <span class='ocr_line' id='line_1_47' title="bbox 101 1502 892 1554; baseline 0.013 -25"><span class='ocrx_word' id='word_1_306' title='bbox 101 1502 165 1530; x_wconf 75' lang='grc' dir='ltr'>Υἱοὶ</span> <span class='ocrx_word' id='word_1_307' title='bbox 181 1503 210 1530; x_wconf 85' lang='grc' dir='ltr'>δὲ</span> <span class='ocrx_word' id='word_1_308' title='bbox 224 1504 270 1531; x_wconf 67' lang='grc' dir='ltr'>τοῦ</span> <span class='ocrx_word' id='word_1_309' title='bbox 291 1506 373 1543; x_wconf 74' lang='grc' dir='ltr'>Ἔϐερ</span> <span class='ocrx_word' id='word_1_310' title='bbox 387 1508 485 1540; x_wconf 81' lang='grc' dir='ltr'>Φαλὲκ,</span> <span class='ocrx_word' id='word_1_311' title='bbox 503 1509 550 1544; x_wconf 76' lang='grc' dir='ltr'><strong>ἀφ’</strong></span> <span class='ocrx_word' id='word_1_312' title='bbox 566 1506 596 1536; x_wconf 79' lang='grc' dir='ltr'><strong>οὗ</strong></span> <span class='ocrx_word' id='word_1_313' title='bbox 616 1510 766 1546; x_wconf 76' lang='grc' dir='ltr'>Ἀδιαδηνοί</span> <span class='ocrx_word' id='word_1_314' title='bbox 777 1520 783 1526; x_wconf 84' lang='grc'><strong>”</strong></span> <span class='ocrx_word' id='word_1_315' title='bbox 811 1513 858 1538; x_wconf 82' lang='grc' dir='ltr'><strong>’ἰε-</strong></span> <span class='ocrx_word' id='word_1_316' title='bbox 871 1525 892 1554; x_wconf 74' lang='lat' dir='ltr'>C</span> 
     </span>
    </p>
   </div>
   <div class='ocr_carea' id='block_1_48' title="bbox 914 915 1700 951">
    <p class='ocr_par' dir='ltr' id='par_1_48' title="bbox 914 915 1700 951">
     <span class='ocr_line' id='line_1_48' title="bbox 914 915 1700 951; baseline 0.006 -10"><span class='ocrx_word' id='word_1_317' title='bbox 914 915 1086 945; x_wconf 79' lang='lat' dir='ltr'><strong>Damascum,</strong></span> <span class='ocrx_word' id='word_1_318' title='bbox 1102 919 1128 943; x_wconf 86' lang='lat' dir='ltr'><strong>et</strong></span> <span class='ocrx_word' id='word_1_319' title='bbox 1154 915 1385 948; x_wconf 84' lang='lat' dir='ltr'><strong>Trachonitidem.</strong></span> <span class='ocrx_word' id='word_1_320' title='bbox 1414 917 1562 951; x_wconf 65' lang='lat' dir='ltr'><strong>quaeinter</strong></span> <span class='ocrx_word' id='word_1_321' title='bbox 1576 917 1700 946; x_wconf 60' lang='lat' dir='ltr'><strong>Palesti-</strong></span> 
     </span>
    </p>
   </div>
   <div class='ocr_carea' id='block_1_49' title="bbox 912 961 1698 999">
    <p class='ocr_par' dir='ltr' id='par_1_49' title="bbox 912 961 1698 999">
     <span class='ocr_line' id='line_1_49' title="bbox 912 961 1698 999; baseline 0.006 -12"><span class='ocrx_word' id='word_1_322' title='bbox 912 969 976 988; x_wconf 84' lang='lat' dir='ltr'><strong>nam</strong></span> <span class='ocrx_word' id='word_1_323' title='bbox 1000 965 1025 988; x_wconf 87' lang='lat' dir='ltr'><strong>et</strong></span> <span class='ocrx_word' id='word_1_324' title='bbox 1045 961 1224 997; x_wconf 75' lang='lat' dir='ltr'><strong>Cwlosyriam</strong></span> <span class='ocrx_word' id='word_1_325' title='bbox 1245 963 1332 990; x_wconf 88' lang='lat' dir='ltr'><strong>media</strong></span> <span class='ocrx_word' id='word_1_326' title='bbox 1348 967 1406 996; x_wconf 86' lang='lat' dir='ltr'><strong>est;</strong></span> <span class='ocrx_word' id='word_1_327' title='bbox 1430 962 1472 994; x_wconf 86' lang='lat' dir='ltr'><strong>Ul.</strong></span> <span class='ocrx_word' id='word_1_328' title='bbox 1490 971 1523 990; x_wconf 85' lang='lat' dir='ltr'><strong>ex</strong></span> <span class='ocrx_word' id='word_1_329' title='bbox 1544 972 1598 999; x_wconf 92' lang='lat' dir='ltr'><strong>quo</strong></span> <span class='ocrx_word' id='word_1_330' title='bbox 1611 964 1698 992; x_wconf 79' lang='lat' dir='ltr'><strong>Lam-</strong></span> 
     </span>
    </p>
   </div>
   <div class='ocr_carea' id='block_1_50' title="bbox 912 1005 1699 1043">
    <p class='ocr_par' dir='ltr' id='par_1_50' title="bbox 912 1005 1699 1043">
     <span class='ocr_line' id='line_1_50' title="bbox 912 1005 1699 1043; baseline 0.003 -10"><span class='ocrx_word' id='word_1_331' title='bbox 912 1014 1029 1040; x_wconf 87' lang='lat' dir='ltr'><strong>nenses;</strong></span> <span class='ocrx_word' id='word_1_332' title='bbox 1049 1005 1159 1039; x_wconf 84' lang='lat' dir='ltr'><strong>Gather,</strong></span> <span class='ocrx_word' id='word_1_333' title='bbox 1174 1014 1207 1033; x_wconf 85' lang='lat' dir='ltr'><strong>ex</strong></span> <span class='ocrx_word' id='word_1_334' title='bbox 1223 1014 1277 1042; x_wconf 90' lang='lat' dir='ltr'><strong>quo</strong></span> <span class='ocrx_word' id='word_1_335' title='bbox 1297 1006 1446 1042; x_wconf 86' lang='lat' dir='ltr'><strong>Stapheni;</strong></span> <span class='ocrx_word' id='word_1_336' title='bbox 1462 1006 1582 1040; x_wconf 85' lang='lat' dir='ltr'><strong>Mesoch,</strong></span> <span class='ocrx_word' id='word_1_337' title='bbox 1598 1015 1630 1035; x_wconf 86' lang='lat' dir='ltr'><strong>ex</strong></span> <span class='ocrx_word' id='word_1_338' title='bbox 1643 1016 1699 1043; x_wconf 90' lang='lat' dir='ltr'><strong>quo</strong></span> 
     </span>
    </p>
   </div>
   <div class='ocr_carea' id='block_1_51' title="bbox 912 1051 1051 1080">
    <p class='ocr_par' dir='ltr' id='par_1_51' title="bbox 912 1051 1051 1080">
     <span class='ocr_line' id='line_1_51' title="bbox 912 1051 1051 1080; baseline 0.007 -2"><span class='ocrx_word' id='word_1_339' title='bbox 912 1051 1051 1080; x_wconf 82' lang='lat' dir='ltr'><strong>Massenii.</strong></span> 
     </span>
    </p>
   </div>
   <div class='ocr_carea' id='block_1_52' title="bbox 946 1097 1698 1136">
    <p class='ocr_par' dir='ltr' id='par_1_52' title="bbox 946 1097 1698 1136">
     <span class='ocr_line' id='line_1_52' title="bbox 946 1097 1698 1136; baseline 0.005 -12"><span class='ocrx_word' id='word_1_340' title='bbox 946 1097 1007 1125; x_wconf 84' lang='lat' dir='ltr'><strong>Filii</strong></span> <span class='ocrx_word' id='word_1_341' title='bbox 1033 1097 1178 1133; x_wconf 81' lang='lat' dir='ltr'><strong>Arphaxad</strong></span> <span class='ocrx_word' id='word_1_342' title='bbox 1192 1108 1199 1125; x_wconf 89' lang='lat'><strong><em>:</em></strong></span> <span class='ocrx_word' id='word_1_343' title='bbox 1215 1097 1361 1130; x_wconf 73' lang='lat' dir='ltr'><strong>Cainan&quot;,</strong></span> <span class='ocrx_word' id='word_1_344' title='bbox 1382 1107 1416 1127; x_wconf 81' lang='lat' dir='ltr'><strong>ex</strong></span> <span class='ocrx_word' id='word_1_345' title='bbox 1442 1107 1497 1134; x_wconf 91' lang='lat' dir='ltr'><strong>quo</strong></span> <span class='ocrx_word' id='word_1_346' title='bbox 1515 1098 1698 1136; x_wconf 80' lang='lat' dir='ltr'><strong>Soggodiani;</strong></span> 
     </span>
    </p>
   </div>
   <div class='ocr_carea' id='block_1_53' title="bbox 911 1144 1589 1180">
    <p class='ocr_par' dir='ltr' id='par_1_53' title="bbox 911 1144 1589 1180">
     <span class='ocr_line' id='line_1_53' title="bbox 911 1144 1589 1180; baseline 0.001 -9"><span class='ocrx_word' id='word_1_347' title='bbox 911 1144 956 1172; x_wconf 95' lang='lat' dir='ltr'><strong>hic</strong></span> <span class='ocrx_word' id='word_1_348' title='bbox 970 1144 1059 1172; x_wconf 83' lang='lat' dir='ltr'><strong>sidera</strong></span> <span class='ocrx_word' id='word_1_349' title='bbox 1072 1144 1237 1178; x_wconf 72' lang='lat' dir='ltr'><strong>observavit,</strong></span> <span class='ocrx_word' id='word_1_350' title='bbox 1250 1149 1276 1171; x_wconf 92' lang='lat' dir='ltr'><strong>et</strong></span> <span class='ocrx_word' id='word_1_351' title='bbox 1295 1145 1406 1180; x_wconf 75' lang='lat' dir='ltr'><strong>auguria</strong></span> <span class='ocrx_word' id='word_1_352' title='bbox 1417 1145 1589 1180; x_wconf 82' lang='lat' dir='ltr'><strong>excogitavit.</strong></span> 
     </span>
    </p>
   </div>
   <div class='ocr_carea' id='block_1_54' title="bbox 946 1231 1553 1269">
    <p class='ocr_par' dir='ltr' id='par_1_54' title="bbox 946 1231 1553 1269">
     <span class='ocr_line' id='line_1_54' title="bbox 946 1231 1553 1269; baseline 0.007 -11"><span class='ocrx_word' id='word_1_353' title='bbox 946 1231 1049 1259; x_wconf 88' lang='lat' dir='ltr'><strong>Cainan</strong></span> <span class='ocrx_word' id='word_1_354' title='bbox 1067 1231 1138 1260; x_wconf 74' lang='lat' dir='ltr'><strong>illius</strong></span> <span class='ocrx_word' id='word_1_355' title='bbox 1154 1232 1202 1260; x_wconf 81' lang='lat' dir='ltr'><strong>fuit</strong></span> <span class='ocrx_word' id='word_1_356' title='bbox 1223 1233 1302 1266; x_wconf 72' lang='lat' dir='ltr'><strong>Salce,</strong></span> <span class='ocrx_word' id='word_1_357' title='bbox 1320 1242 1352 1261; x_wconf 80' lang='lat' dir='ltr'><strong>ex</strong></span> <span class='ocrx_word' id='word_1_358' title='bbox 1364 1243 1417 1269; x_wconf 92' lang='lat' dir='ltr'><strong>quo</strong></span> <span class='ocrx_word' id='word_1_359' title='bbox 1434 1234 1553 1262; x_wconf 85' lang='lat' dir='ltr'><strong>Susiani.</strong></span> 
     </span>
    </p>
   </div>
   <div class='ocr_carea' id='block_1_55' title="bbox 946 1319 1697 1359">
    <p class='ocr_par' dir='ltr' id='par_1_55' title="bbox 946 1319 1697 1359">
     <span class='ocr_line' id='line_1_55' title="bbox 946 1319 1697 1359; baseline 0.007 -13"><span class='ocrx_word' id='word_1_360' title='bbox 946 1319 1031 1347; x_wconf 86' lang='lat' dir='ltr'><strong>Filius</strong></span> <span class='ocrx_word' id='word_1_361' title='bbox 1049 1319 1117 1347; x_wconf 81' lang='lat' dir='ltr'><strong>Salae</strong></span> <span class='ocrx_word' id='word_1_362' title='bbox 1143 1320 1232 1349; x_wconf 90' lang='lat' dir='ltr'><strong>lleber</strong></span> <span class='ocrx_word' id='word_1_363' title='bbox 1244 1323 1277 1354; x_wconf 71' lang='grc' dir='ltr'><strong>σθ,</strong></span> <span class='ocrx_word' id='word_1_364' title='bbox 1299 1331 1332 1350; x_wconf 81' lang='lat' dir='ltr'><strong>ex</strong></span> <span class='ocrx_word' id='word_1_365' title='bbox 1354 1331 1407 1358; x_wconf 92' lang='lat' dir='ltr'><strong>quo</strong></span> <span class='ocrx_word' id='word_1_366' title='bbox 1428 1322 1545 1356; x_wconf 65' lang='lat' dir='ltr'><strong>Hebraei,</strong></span> <span class='ocrx_word' id='word_1_367' title='bbox 1561 1324 1606 1359; x_wconf 91' lang='lat' dir='ltr'><strong>qui</strong></span> <span class='ocrx_word' id='word_1_368' title='bbox 1623 1329 1697 1351; x_wconf 85' lang='lat' dir='ltr'><strong>vete-</strong></span> 
     </span>
    </p>
   </div>
   <div class='ocr_carea' id='block_1_56' title="bbox 910 1366 1699 1403">
    <p class='ocr_par' dir='ltr' id='par_1_56' title="bbox 910 1366 1699 1403">
     <span class='ocr_line' id='line_1_56' title="bbox 910 1366 1699 1403; baseline 0.008 -12"><span class='ocrx_word' id='word_1_369' title='bbox 910 1373 966 1392; x_wconf 89' lang='lat' dir='ltr'><strong>rem</strong></span> <span class='ocrx_word' id='word_1_370' title='bbox 990 1366 1160 1393; x_wconf 82' lang='lat' dir='ltr'><strong>retinuerunt</strong></span> <span class='ocrx_word' id='word_1_371' title='bbox 1183 1367 1281 1403; x_wconf 64' lang='lat' dir='ltr'><strong>linguae</strong></span> <span class='ocrx_word' id='word_1_372' title='bbox 1303 1370 1507 1403; x_wconf 81' lang='lat' dir='ltr'><strong>proprietatem,</strong></span> <span class='ocrx_word' id='word_1_373' title='bbox 1526 1377 1588 1397; x_wconf 90' lang='lat' dir='ltr'><strong>cum</strong></span> <span class='ocrx_word' id='word_1_374' title='bbox 1608 1369 1699 1397; x_wconf 76' lang='lat' dir='ltr'><strong>Heber</strong></span> 
     </span>
    </p>
   </div>
   <div class='ocr_carea' id='block_1_57' title="bbox 910 1412 1699 1449">
    <p class='ocr_par' dir='ltr' id='par_1_57' title="bbox 910 1412 1699 1449">
     <span class='ocr_line' id='line_1_57' title="bbox 910 1412 1699 1449; baseline 0.008 -11"><span class='ocrx_word' id='word_1_375' title='bbox 910 1412 938 1438; x_wconf 93' lang='lat' dir='ltr'><strong>in</strong></span> <span class='ocrx_word' id='word_1_376' title='bbox 952 1417 1117 1440; x_wconf 85' lang='lat' dir='ltr'><strong>structuram</strong></span> <span class='ocrx_word' id='word_1_377' title='bbox 1134 1414 1218 1443; x_wconf 86' lang='lat' dir='ltr'><strong>turris</strong></span> <span class='ocrx_word' id='word_1_378' title='bbox 1235 1415 1347 1443; x_wconf 84' lang='lat' dir='ltr'><strong>minime</strong></span> <span class='ocrx_word' id='word_1_379' title='bbox 1369 1424 1430 1443; x_wconf 87' lang='lat' dir='ltr'><strong>eum</strong></span> <span class='ocrx_word' id='word_1_380' title='bbox 1444 1416 1504 1444; x_wconf 91' lang='lat' dir='ltr'><strong>aliis</strong></span> <span class='ocrx_word' id='word_1_381' title='bbox 1524 1417 1699 1449; x_wconf 78' lang='lat' dir='ltr'><strong>convenerit,</strong></span> 
     </span>
    </p>
   </div>
   <div class='ocr_carea' id='block_1_58' title="bbox 910 1459 1393 1496">
    <p class='ocr_par' dir='ltr' id='par_1_58' title="bbox 910 1459 1393 1496">
     <span class='ocr_line' id='line_1_58' title="bbox 910 1459 1393 1496; baseline 0.01 -10"><span class='ocrx_word' id='word_1_382' title='bbox 910 1459 1026 1495; x_wconf 86' lang='lat' dir='ltr'><strong>ideoque</strong></span> <span class='ocrx_word' id='word_1_383' title='bbox 1045 1468 1094 1488; x_wconf 88' lang='lat' dir='ltr'><strong>nec</strong></span> <span class='ocrx_word' id='word_1_384' title='bbox 1105 1461 1224 1496; x_wconf 78' lang='lat' dir='ltr'><strong>linguam</strong></span> <span class='ocrx_word' id='word_1_385' title='bbox 1235 1463 1393 1491; x_wconf 82' lang='lat' dir='ltr'><strong>mutaverit.</strong></span> 
     </span>
    </p>
   </div>
   <div class='ocr_carea' id='block_1_59' title="bbox 946 1506 1697 1546">
    <p class='ocr_par' dir='ltr' id='par_1_59' title="bbox 946 1506 1697 1546">
     <span class='ocr_line' id='line_1_59' title="bbox 946 1506 1697 1546; baseline 0.012 -14"><span class='ocrx_word' id='word_1_386' title='bbox 946 1506 1006 1534; x_wconf 84' lang='lat' dir='ltr'><strong>Filii</strong></span> <span class='ocrx_word' id='word_1_387' title='bbox 1022 1506 1120 1540; x_wconf 84' lang='lat' dir='ltr'><strong>lleber,</strong></span> <span class='ocrx_word' id='word_1_388' title='bbox 1135 1508 1235 1537; x_wconf 86' lang='lat' dir='ltr'><strong>Phalec</strong></span> <span class='ocrx_word' id='word_1_389' title='bbox 1245 1510 1280 1542; x_wconf 81' lang='lat'><strong>&quot;,</strong></span> <span class='ocrx_word' id='word_1_390' title='bbox 1296 1518 1329 1538; x_wconf 89' lang='lat' dir='ltr'><strong>ex</strong></span> <span class='ocrx_word' id='word_1_391' title='bbox 1346 1519 1400 1546; x_wconf 91' lang='lat' dir='ltr'><strong>quo</strong></span> <span class='ocrx_word' id='word_1_392' title='bbox 1415 1512 1566 1546; x_wconf 80' lang='lat' dir='ltr'><strong>Adiabeni;</strong></span> <span class='ocrx_word' id='word_1_393' title='bbox 1588 1512 1697 1546; x_wconf 72' lang='lat' dir='ltr'><strong>Jeetan.</strong></span> 
     </span>
    </p>
   </div>
   <div class='ocr_carea' id='block_1_60' title="bbox 64 1548 854 1592">
    <p class='ocr_par' dir='ltr' id='par_1_60' title="bbox 64 1548 854 1588">
     <span class='ocr_line' id='line_1_60' title="bbox 64 1548 854 1588; baseline 0.013 -13"><span class='ocrx_word' id='word_1_394' title='bbox 64 1549 144 1583; x_wconf 78' lang='grc' dir='ltr'>κτὰν,</span> <span class='ocrx_word' id='word_1_395' title='bbox 169 1550 217 1585; x_wconf 84' lang='grc' dir='ltr'><strong>ἀφ’</strong></span> <span class='ocrx_word' id='word_1_396' title='bbox 242 1548 272 1579; x_wconf 73' lang='grc' dir='ltr'><strong>οὗ</strong></span> <span class='ocrx_word' id='word_1_397' title='bbox 306 1552 470 1588; x_wconf 81' lang='grc' dir='ltr'>Ἐὸραμαῖοι.</span> <span class='ocrx_word' id='word_1_398' title='bbox 499 1555 527 1581; x_wconf 88' lang='grc' dir='ltr'>ὐ</span> <span class='ocrx_word' id='word_1_399' title='bbox 550 1555 578 1581; x_wconf 81' lang='grc' dir='ltr'>δὲ</span> <span class='ocrx_word' id='word_1_400' title='bbox 601 1556 689 1583; x_wconf 81' lang='grc' dir='ltr'>Φαλὲκ</span> <span class='ocrx_word' id='word_1_401' title='bbox 713 1557 756 1584; x_wconf 78' lang='grc' dir='ltr'><strong>διὰ</strong></span> <span class='ocrx_word' id='word_1_402' title='bbox 777 1558 854 1585; x_wconf 64' lang='grc' dir='ltr'>τοῦτο</span> 
     </span>
    </p>
   </div>
   <div class='ocr_carea' id='block_1_61' title="bbox 910 1548 1695 1592">
    <p class='ocr_par' dir='ltr' id='par_1_61' title="bbox 910 1552 1695 1592">
     <span class='ocr_line' id='line_1_61' title="bbox 910 1552 1695 1592; baseline 0.01 -14"><span class='ocrx_word' id='word_1_403' title='bbox 910 1560 942 1579; x_wconf 87' lang='lat' dir='ltr'><strong>ex</strong></span> <span class='ocrx_word' id='word_1_404' title='bbox 955 1560 1009 1587; x_wconf 90' lang='lat' dir='ltr'><strong>quo</strong></span> <span class='ocrx_word' id='word_1_405' title='bbox 1023 1552 1183 1581; x_wconf 80' lang='lat' dir='ltr'><strong>Hedramaei.</strong></span> <span class='ocrx_word' id='word_1_406' title='bbox 1199 1555 1316 1591; x_wconf 88' lang='lat' dir='ltr'><strong>Ideoque</strong></span> <span class='ocrx_word' id='word_1_407' title='bbox 1339 1556 1438 1585; x_wconf 84' lang='lat' dir='ltr'><strong>Phalec</strong></span> <span class='ocrx_word' id='word_1_408' title='bbox 1457 1558 1548 1585; x_wconf 83' lang='lat' dir='ltr'><strong>dictus</strong></span> <span class='ocrx_word' id='word_1_409' title='bbox 1561 1563 1614 1592; x_wconf 78' lang='lat' dir='ltr'><strong>est,</strong></span> <span class='ocrx_word' id='word_1_410' title='bbox 1632 1567 1695 1586; x_wconf 78' lang='lat' dir='ltr'><strong>cum</strong></span> 
     </span>
    </p>
   </div>
   <div class='ocr_carea' id='block_1_62' title="bbox 64 1595 855 1635">
    <p class='ocr_par' dir='ltr' id='par_1_62' title="bbox 64 1595 855 1635">
     <span class='ocr_line' id='line_1_62' title="bbox 64 1595 855 1635; baseline 0.013 -14"><span class='ocrx_word' id='word_1_411' title='bbox 64 1595 168 1631; x_wconf 75' lang='grc' dir='ltr'>ἐκλήθη</span> <span class='ocrx_word' id='word_1_412' title='bbox 200 1597 298 1630; x_wconf 75' lang='grc' dir='ltr'>Φαλὲκ,</span> <span class='ocrx_word' id='word_1_413' title='bbox 325 1599 417 1635; x_wconf 78' lang='grc' dir='ltr'>ἐπειδὴ</span> <span class='ocrx_word' id='word_1_414' title='bbox 448 1601 518 1627; x_wconf 78' lang='grc' dir='ltr'>κατὰ</span> <span class='ocrx_word' id='word_1_415' title='bbox 551 1602 595 1628; x_wconf 63' lang='grc' dir='ltr'><strong>τὸν</strong></span> <span class='ocrx_word' id='word_1_416' title='bbox 628 1603 774 1631; x_wconf 73' lang='grc' dir='ltr'>ἀπόστολον</span> <span class='ocrx_word' id='word_1_417' title='bbox 801 1604 855 1631; x_wconf 79' lang='grc' dir='ltr'><strong>τῶν</strong></span> 
     </span>
    </p>
   </div>
   <div class='ocr_carea' id='block_1_63' title="bbox 64 1644 856 1686">
    <p class='ocr_par' dir='ltr' id='par_1_63' title="bbox 64 1644 856 1686">
     <span class='ocr_line' id='line_1_63' title="bbox 64 1644 856 1686; baseline 0.011 -17"><span class='ocrx_word' id='word_1_418' title='bbox 64 1644 201 1670; x_wconf 81' lang='grc' dir='ltr'>ἀποικιῶν</span> <span class='ocrx_word' id='word_1_419' title='bbox 216 1645 322 1681; x_wconf 76' lang='grc' dir='ltr'>ἐτέχθη.</span> <span class='ocrx_word' id='word_1_420' title='bbox 345 1647 432 1673; x_wconf 78' lang='grc' dir='ltr'>Φαλέικ</span> <span class='ocrx_word' id='word_1_421' title='bbox 446 1647 498 1684; x_wconf 82' lang='grc' dir='ltr'><strong>γὰρ</strong></span> <span class='ocrx_word' id='word_1_422' title='bbox 519 1649 542 1674; x_wconf 80' lang='grc' dir='ltr'>οἱ</span> <span class='ocrx_word' id='word_1_423' title='bbox 568 1649 686 1685; x_wconf 76' lang='grc' dir='ltr'>Ἑϐραῖοι</span> <span class='ocrx_word' id='word_1_424' title='bbox 709 1651 856 1686; x_wconf 78' lang='grc' dir='ltr'>μερισμὸν</span> 
     </span>
    </p>
   </div>
   <div class='ocr_carea' id='block_1_64' title="bbox 63 1687 855 1732">
    <p class='ocr_par' dir='ltr' id='par_1_64' title="bbox 63 1687 855 1732">
     <span class='ocr_line' id='line_1_64' title="bbox 63 1687 855 1732; baseline 0.014 -19"><span class='ocrx_word' id='word_1_425' title='bbox 63 1687 201 1722; x_wconf 75' lang='grc' dir='ltr'>λέγουσιν,</span> <span class='ocrx_word' id='word_1_426' title='bbox 223 1689 265 1716; x_wconf 79' lang='grc' dir='ltr'><strong>ἐπ’</strong></span> <span class='ocrx_word' id='word_1_427' title='bbox 280 1691 361 1717; x_wconf 75' lang='grc' dir='ltr'>αὐτοῦ</span> <span class='ocrx_word' id='word_1_428' title='bbox 382 1692 575 1728; x_wconf 72' lang='grc' dir='ltr'>ἐμερίσθησαν.</span> <span class='ocrx_word' id='word_1_429' title='bbox 593 1695 647 1720; x_wconf 75' lang='grc' dir='ltr'><strong>Καὶ</strong></span> <span class='ocrx_word' id='word_1_430' title='bbox 659 1695 673 1721; x_wconf 86' lang='grc' dir='ltr'><strong>ό</strong></span> <span class='ocrx_word' id='word_1_431' title='bbox 691 1696 855 1732; x_wconf 71' lang='grc' dir='ltr'>ὑπονοούμε-</span> 
     </span>
    </p>
   </div>
   <div class='ocr_carea' id='block_1_65' title="bbox 63 1734 855 1778">
    <p class='ocr_par' dir='ltr' id='par_1_65' title="bbox 63 1734 855 1778">
     <span class='ocr_line' id='line_1_65' title="bbox 63 1734 855 1778; baseline 0.013 -19"><span class='ocrx_word' id='word_1_432' title='bbox 63 1742 109 1765; x_wconf 80' lang='grc' dir='ltr'><strong>νος</strong></span> <span class='ocrx_word' id='word_1_433' title='bbox 125 1734 181 1761; x_wconf 88' lang='grc' dir='ltr'>τῶν</span> <span class='ocrx_word' id='word_1_434' title='bbox 196 1735 264 1762; x_wconf 76' lang='grc' dir='ltr'>ἐτῶν</span> <span class='ocrx_word' id='word_1_435' title='bbox 285 1737 336 1772; x_wconf 79' lang='grc' dir='ltr'>τῆς</span> <span class='ocrx_word' id='word_1_436' title='bbox 352 1737 397 1764; x_wconf 80' lang='grc' dir='ltr'>τοῦ</span> <span class='ocrx_word' id='word_1_437' title='bbox 414 1738 516 1774; x_wconf 83' lang='grc' dir='ltr'>κόσμου</span> <span class='ocrx_word' id='word_1_438' title='bbox 530 1740 659 1776; x_wconf 78' lang='grc' dir='ltr'>διαμονῆς</span> <span class='ocrx_word' id='word_1_439' title='bbox 679 1742 794 1778; x_wconf 83' lang='grc' dir='ltr'>ἀριθμὸς</span> <span class='ocrx_word' id='word_1_440' title='bbox 816 1744 855 1774; x_wconf 85' lang='grc' dir='ltr'><strong>είς</strong></span> 
     </span>
    </p>
   </div>
   <div class='ocr_carea' id='block_1_66' title="bbox 62 1779 853 1824">
    <p class='ocr_par' dir='ltr' id='par_1_66' title="bbox 62 1779 853 1824">
     <span class='ocr_line' id='line_1_66' title="bbox 62 1779 853 1824; baseline 0.014 -19"><span class='ocrx_word' id='word_1_441' title='bbox 62 1779 110 1806; x_wconf 75' lang='grc' dir='ltr'>δύο</span> <span class='ocrx_word' id='word_1_442' title='bbox 125 1781 238 1817; x_wconf 78' lang='grc' dir='ltr'><strong>διῃρέθη</strong></span> <span class='ocrx_word' id='word_1_443' title='bbox 256 1783 380 1810; x_wconf 75' lang='grc' dir='ltr'>ἰσαίτατα</span> <span class='ocrx_word' id='word_1_444' title='bbox 393 1793 399 1798; x_wconf 92' lang='grc'>·</span> <span class='ocrx_word' id='word_1_445' title='bbox 422 1786 559 1821; x_wconf 80' lang='grc' dir='ltr'>τρισχίλια</span> <span class='ocrx_word' id='word_1_446' title='bbox 574 1786 627 1823; x_wconf 81' lang='grc' dir='ltr'><strong>γὰρ</strong></span> <span class='ocrx_word' id='word_1_447' title='bbox 641 1788 686 1814; x_wconf 71' lang='grc' dir='ltr'><strong>ἐπὶ</strong></span> <span class='ocrx_word' id='word_1_448' title='bbox 702 1789 734 1824; x_wconf 83' lang='grc' dir='ltr'><strong>τῇ</strong></span> <span class='ocrx_word' id='word_1_449' title='bbox 749 1789 853 1822; x_wconf 77' lang='grc' dir='ltr'>γενέσει</span> 
     </span>
    </p>
   </div>
   <div class='ocr_carea' id='block_1_67' title="bbox 62 1826 852 1870">
    <p class='ocr_par' dir='ltr' id='par_1_67' title="bbox 62 1826 852 1870">
     <span class='ocr_line' id='line_1_67' title="bbox 62 1826 852 1870; baseline 0.013 -18"><span class='ocrx_word' id='word_1_450' title='bbox 62 1826 111 1862; x_wconf 79' lang='grc' dir='ltr'>τῆς</span> <span class='ocrx_word' id='word_1_451' title='bbox 126 1827 210 1854; x_wconf 74' lang='grc' dir='ltr'>αὐτοῦ</span> <span class='ocrx_word' id='word_1_452' title='bbox 221 1828 268 1855; x_wconf 85' lang='grc' dir='ltr'>τοῦ</span> <span class='ocrx_word' id='word_1_453' title='bbox 279 1830 381 1865; x_wconf 66' lang='grc' dir='ltr'>κῦσμου</span> <span class='ocrx_word' id='word_1_454' title='bbox 398 1831 539 1867; x_wconf 82' lang='grc' dir='ltr'><strong>ὑπάρξεως</strong></span> <span class='ocrx_word' id='word_1_455' title='bbox 555 1832 600 1869; x_wconf 74' lang='grc' dir='ltr'>ἔτη</span> <span class='ocrx_word' id='word_1_456' title='bbox 616 1834 785 1870; x_wconf 75' lang='grc' dir='ltr'>ἐπερατώθη.</span> <span class='ocrx_word' id='word_1_457' title='bbox 801 1837 852 1862; x_wconf 91' lang='grc' dir='ltr'>Λο-</span> 
     </span>
    </p>
   </div>
   <div class='ocr_carea' id='block_1_68' title="bbox 63 1872 854 1916">
    <p class='ocr_par' dir='ltr' id='par_1_68' title="bbox 63 1872 854 1916">
     <span class='ocr_line' id='line_1_68' title="bbox 63 1872 854 1916; baseline 0.013 -18"><span class='ocrx_word' id='word_1_458' title='bbox 63 1872 197 1907; x_wconf 78' lang='grc' dir='ltr'>γιςόμεθα</span> <span class='ocrx_word' id='word_1_459' title='bbox 211 1875 264 1910; x_wconf 80' lang='grc' dir='ltr'><strong>γὰρ</strong></span> <span class='ocrx_word' id='word_1_460' title='bbox 277 1875 411 1911; x_wconf 80' lang='grc' dir='ltr'>διαμεῖναι</span> <span class='ocrx_word' id='word_1_461' title='bbox 428 1877 476 1913; x_wconf 84' lang='grc' dir='ltr'>τὴν</span> <span class='ocrx_word' id='word_1_462' title='bbox 503 1878 590 1905; x_wconf 82' lang='grc' dir='ltr'>κτίσιν</span> <span class='ocrx_word' id='word_1_463' title='bbox 612 1879 691 1916; x_wconf 84' lang='grc' dir='ltr'>ἄχρις</span> <span class='ocrx_word' id='word_1_464' title='bbox 707 1881 789 1916; x_wconf 70' lang='grc' dir='ltr'>ἕκτης</span> <span class='ocrx_word' id='word_1_465' title='bbox 813 1891 854 1916; x_wconf 83' lang='grc' dir='ltr'>χι-</span> 
     </span>
    </p>
   </div>
   <div class='ocr_carea' id='block_1_69' title="bbox 62 1918 852 1962">
    <p class='ocr_par' dir='ltr' id='par_1_69' title="bbox 62 1918 852 1962">
     <span class='ocr_line' id='line_1_69' title="bbox 62 1918 852 1962; baseline 0.011 -17"><span class='ocrx_word' id='word_1_466' title='bbox 62 1918 163 1952; x_wconf 47' lang='lat' dir='ltr'><strong>nam,</strong></span> <span class='ocrx_word' id='word_1_467' title='bbox 177 1921 238 1947; x_wconf 77' lang='grc' dir='ltr'>ἐπεὶ</span> <span class='ocrx_word' id='word_1_468' title='bbox 252 1922 298 1948; x_wconf 74' lang='grc' dir='ltr'><strong>καὶ</strong></span> <span class='ocrx_word' id='word_1_469' title='bbox 315 1923 342 1949; x_wconf 84' lang='grc' dir='ltr'>ὲν</span> <span class='ocrx_word' id='word_1_470' title='bbox 355 1923 384 1955; x_wconf 78' lang='grc' dir='ltr'>ἓξ</span> <span class='ocrx_word' id='word_1_471' title='bbox 399 1924 515 1960; x_wconf 79' lang='grc' dir='ltr'>ἡμέραις</span> <span class='ocrx_word' id='word_1_472' title='bbox 529 1925 543 1951; x_wconf 88' lang='grc' dir='ltr'>ὁ</span> <span class='ocrx_word' id='word_1_473' title='bbox 557 1925 623 1957; x_wconf 79' lang='grc' dir='ltr'>Θεὸς</span> <span class='ocrx_word' id='word_1_474' title='bbox 637 1926 686 1962; x_wconf 81' lang='grc' dir='ltr'>τὴν</span> <span class='ocrx_word' id='word_1_475' title='bbox 700 1928 852 1954; x_wconf 77' lang='grc' dir='ltr'>συντέλειαν</span> 
     </span>
    </p>
   </div>
   <div class='ocr_carea' id='block_1_70' title="bbox 61 1965 852 2006">
    <p class='ocr_par' dir='ltr' id='par_1_70' title="bbox 61 1965 852 2006">
     <span class='ocr_line' id='line_1_70' title="bbox 61 1965 852 2006; baseline 0.013 -15"><span class='ocrx_word' id='word_1_476' title='bbox 61 1965 138 1992; x_wconf 76' lang='grc' dir='ltr'>τοῦδε</span> <span class='ocrx_word' id='word_1_477' title='bbox 165 1966 212 1993; x_wconf 80' lang='grc' dir='ltr'>τοῦ</span> <span class='ocrx_word' id='word_1_478' title='bbox 241 1969 341 2000; x_wconf 78' lang='grc' dir='ltr'>παντὸς</span> <span class='ocrx_word' id='word_1_479' title='bbox 359 1971 550 2006; x_wconf 74' lang='grc' dir='ltr'>συνεστήσατο.</span> <span class='ocrx_word' id='word_1_480' title='bbox 582 1972 716 2005; x_wconf 86' lang='grc' dir='ltr'>Χιλιετεῖς</span> <span class='ocrx_word' id='word_1_481' title='bbox 747 1973 774 2000; x_wconf 80' lang='grc' dir='ltr'>δὲ</span> <span class='ocrx_word' id='word_1_482' title='bbox 803 1973 852 2005; x_wconf 77' lang='grc' dir='ltr'><strong>τὰς</strong></span> 
     </span>
    </p>
   </div>
   <div class='ocr_carea' id='block_1_71' title="bbox 62 2012 849 2057">
    <p class='ocr_par' dir='ltr' id='par_1_71' title="bbox 62 2012 849 2057">
     <span class='ocr_line' id='line_1_71' title="bbox 62 2012 849 2057; baseline 0.013 -19"><span class='ocrx_word' id='word_1_483' title='bbox 62 2012 170 2047; x_wconf 85' lang='grc' dir='ltr'>ἡμέρας</span> <span class='ocrx_word' id='word_1_484' title='bbox 203 2014 355 2048; x_wconf 82' lang='grc' dir='ltr'>λογίζεσθαι</span> <span class='ocrx_word' id='word_1_485' title='bbox 379 2016 408 2043; x_wconf 76' lang='grc' dir='ltr'>τὸ</span> <span class='ocrx_word' id='word_1_486' title='bbox 431 2017 507 2044; x_wconf 84' lang='grc' dir='ltr'>Θεῖον</span> <span class='ocrx_word' id='word_1_487' title='bbox 535 2016 629 2053; x_wconf 77' lang='grc' dir='ltr'>οἶμαι·</span> <span class='ocrx_word' id='word_1_488' title='bbox 652 2021 763 2054; x_wconf 82' lang='grc' dir='ltr'>Κυρίου</span> <span class='ocrx_word' id='word_1_489' title='bbox 785 2021 849 2057; x_wconf 76' lang='grc' dir='ltr'>γὰρ,</span> 
     </span>
    </p>
   </div>
   <div class='ocr_carea' id='block_1_72' title="bbox 62 2058 484 2097">
    <p class='ocr_par' dir='ltr' id='par_1_72' title="bbox 62 2058 484 2097">
     <span class='ocr_line' id='line_1_72' title="bbox 62 2058 484 2097; baseline 0.019 -14"><span class='ocrx_word' id='word_1_490' title='bbox 62 2058 156 2094; x_wconf 74' lang='grc' dir='ltr'>φησὶν,</span> <span class='ocrx_word' id='word_1_491' title='bbox 170 2059 266 2094; x_wconf 82' lang='grc' dir='ltr'>ἡμέρα</span> <span class='ocrx_word' id='word_1_492' title='bbox 276 2062 315 2094; x_wconf 85' lang='grc' dir='ltr'>ὡς</span> <span class='ocrx_word' id='word_1_493' title='bbox 325 2062 408 2097; x_wconf 82' lang='grc' dir='ltr'>χίλια</span> <span class='ocrx_word' id='word_1_494' title='bbox 422 2062 484 2097; x_wconf 81' lang='grc' dir='ltr'>ἔτη.</span> 
     </span>
    </p>
   </div>
   <div class='ocr_carea' id='block_1_73' title="bbox 97 2147 848 2192">
    <p class='ocr_par' dir='ltr' id='par_1_73' title="bbox 97 2147 848 2192">
     <span class='ocr_line' id='line_1_73' title="bbox 97 2147 848 2192; baseline 0.012 -20"><span class='ocrx_word' id='word_1_495' title='bbox 97 2147 204 2174; x_wconf 82' lang='grc' dir='ltr'>Γίνεται</span> <span class='ocrx_word' id='word_1_496' title='bbox 219 2147 265 2175; x_wconf 78' lang='grc' dir='ltr'>οὖν</span> <span class='ocrx_word' id='word_1_497' title='bbox 277 2149 329 2176; x_wconf 82' lang='grc' dir='ltr'><strong>ἀπὸ</strong></span> <span class='ocrx_word' id='word_1_498' title='bbox 351 2150 437 2186; x_wconf 81' lang='grc' dir='ltr'>Ἀδὰμ</span> <span class='ocrx_word' id='word_1_499' title='bbox 450 2152 496 2178; x_wconf 80' lang='grc' dir='ltr'><strong>ἐπὶ</strong></span> <span class='ocrx_word' id='word_1_500' title='bbox 508 2152 556 2188; x_wconf 85' lang='grc' dir='ltr'>τὴν</span> <span class='ocrx_word' id='word_1_501' title='bbox 566 2152 693 2189; x_wconf 83' lang='grc' dir='ltr'>τελευτὴν</span> <span class='ocrx_word' id='word_1_502' title='bbox 701 2154 789 2181; x_wconf 81' lang='grc' dir='ltr'>Φαλὲκ</span> <span class='ocrx_word' id='word_1_503' title='bbox 802 2155 848 2192; x_wconf 81' lang='grc' dir='ltr'>ἔτη</span> 
     </span>
    </p>
   </div>
   <div class='ocr_carea' id='block_1_74' title="bbox 907 1599 1697 1635">
    <p class='ocr_par' dir='ltr' id='par_1_74' title="bbox 907 1599 1697 1635">
     <span class='ocr_line' id='line_1_74' title="bbox 907 1599 1697 1635; baseline 0.011 -11"><span class='ocrx_word' id='word_1_504' title='bbox 907 1602 988 1626; x_wconf 81' lang='lat' dir='ltr'><strong>natus</strong></span> <span class='ocrx_word' id='word_1_505' title='bbox 1004 1599 1040 1627; x_wconf 88' lang='lat' dir='ltr'><strong>sit</strong></span> <span class='ocrx_word' id='word_1_506' title='bbox 1052 1601 1161 1635; x_wconf 86' lang='lat' dir='ltr'><strong>quando</strong></span> <span class='ocrx_word' id='word_1_507' title='bbox 1179 1602 1293 1630; x_wconf 55' lang='lat' dir='ltr'><strong>colonia</strong></span> <span class='ocrx_word' id='word_1_508' title='bbox 1305 1603 1491 1632; x_wconf 85' lang='lat' dir='ltr'><strong>mittebantur.</strong></span> <span class='ocrx_word' id='word_1_509' title='bbox 1508 1604 1607 1632; x_wconf 89' lang='lat' dir='ltr'><strong>Phalec</strong></span> <span class='ocrx_word' id='word_1_510' title='bbox 1620 1605 1697 1633; x_wconf 78' lang='lat' dir='ltr'><strong>enim.</strong></span> 
     </span>
    </p>
   </div>
   <div class='ocr_carea' id='block_1_75' title="bbox 907 1644 1696 1687">
    <p class='ocr_par' dir='ltr' id='par_1_75' title="bbox 907 1644 1696 1687">
     <span class='ocr_line' id='line_1_75' title="bbox 907 1644 1696 1687; baseline 0.011 -16"><span class='ocrx_word' id='word_1_511' title='bbox 907 1644 1083 1674; x_wconf 76' lang='lat' dir='ltr'><strong>Hebraeorum</strong></span> <span class='ocrx_word' id='word_1_512' title='bbox 1108 1648 1198 1683; x_wconf 80' lang='lat' dir='ltr'><strong>lingua</strong></span> <span class='ocrx_word' id='word_1_513' title='bbox 1215 1649 1307 1676; x_wconf 80' lang='lat' dir='ltr'><strong>divisio</strong></span> <span class='ocrx_word' id='word_1_514' title='bbox 1322 1650 1502 1684; x_wconf 74' lang='lat' dir='ltr'><strong>signiﬁcatur,</strong></span> <span class='ocrx_word' id='word_1_515' title='bbox 1520 1655 1548 1679; x_wconf 86' lang='lat' dir='ltr'><strong>et</strong></span> <span class='ocrx_word' id='word_1_516' title='bbox 1572 1655 1696 1687; x_wconf 82' lang='lat' dir='ltr'><strong>tempore</strong></span> 
     </span>
    </p>
   </div>
   <div class='ocr_carea' id='block_1_76' title="bbox 906 1692 1693 1731">
    <p class='ocr_par' dir='ltr' id='par_1_76' title="bbox 906 1692 1693 1731">
     <span class='ocr_line' id='line_1_76' title="bbox 906 1692 1693 1731; baseline 0.009 -12"><span class='ocrx_word' id='word_1_517' title='bbox 906 1692 980 1721; x_wconf 88' lang='lat' dir='ltr'><strong>illius</strong></span> <span class='ocrx_word' id='word_1_518' title='bbox 992 1693 1071 1721; x_wconf 80' lang='lat' dir='ltr'><strong>divisi</strong></span> <span class='ocrx_word' id='word_1_519' title='bbox 1087 1699 1162 1721; x_wconf 90' lang='lat' dir='ltr'><strong>sunt.</strong></span> <span class='ocrx_word' id='word_1_520' title='bbox 1181 1694 1213 1721; x_wconf 88' lang='lat' dir='ltr'><strong>Et</strong></span> <span class='ocrx_word' id='word_1_521' title='bbox 1227 1695 1273 1730; x_wconf 89' lang='lat' dir='ltr'><strong>qui</strong></span> <span class='ocrx_word' id='word_1_522' title='bbox 1291 1695 1347 1730; x_wconf 82' lang='lat' dir='ltr'><strong>jam</strong></span> <span class='ocrx_word' id='word_1_523' title='bbox 1366 1696 1448 1731; x_wconf 86' lang='lat' dir='ltr'><strong>hujus</strong></span> <span class='ocrx_word' id='word_1_524' title='bbox 1464 1698 1557 1725; x_wconf 92' lang='lat' dir='ltr'><strong>mundi</strong></span> <span class='ocrx_word' id='word_1_525' title='bbox 1570 1697 1693 1726; x_wconf 87' lang='lat' dir='ltr'><strong>duratio-</strong></span> 
     </span>
    </p>
   </div>
   <div class='ocr_carea' id='block_1_77' title="bbox 905 1739 1692 1780">
    <p class='ocr_par' dir='ltr' id='par_1_77' title="bbox 905 1739 1692 1780">
     <span class='ocr_line' id='line_1_77' title="bbox 905 1739 1692 1780; baseline 0.009 -14"><span class='ocrx_word' id='word_1_526' title='bbox 905 1739 949 1766; x_wconf 85' lang='lat' dir='ltr'><strong>nis</strong></span> <span class='ocrx_word' id='word_1_527' title='bbox 964 1747 1096 1768; x_wconf 91' lang='lat' dir='ltr'><strong>numerus</strong></span> <span class='ocrx_word' id='word_1_528' title='bbox 1107 1749 1168 1769; x_wconf 88' lang='lat' dir='ltr'><strong>esse</strong></span> <span class='ocrx_word' id='word_1_529' title='bbox 1184 1742 1366 1774; x_wconf 78' lang='lat' dir='ltr'><strong>existimatur,</strong></span> <span class='ocrx_word' id='word_1_530' title='bbox 1385 1743 1411 1770; x_wconf 92' lang='lat' dir='ltr'><strong>in</strong></span> <span class='ocrx_word' id='word_1_531' title='bbox 1424 1743 1493 1771; x_wconf 86' lang='lat' dir='ltr'><strong>duas</strong></span> <span class='ocrx_word' id='word_1_532' title='bbox 1508 1748 1599 1779; x_wconf 86' lang='lat' dir='ltr'><strong>partes</strong></span> <span class='ocrx_word' id='word_1_533' title='bbox 1611 1752 1692 1780; x_wconf 76' lang='lat' dir='ltr'><strong>pares</strong></span> 
     </span>
    </p>
   </div>
   <div class='ocr_carea' id='block_1_78' title="bbox 904 1786 1693 1826">
    <p class='ocr_par' dir='ltr' id='par_1_78' title="bbox 904 1786 1693 1826">
     <span class='ocr_line' id='line_1_78' title="bbox 904 1786 1693 1826; baseline 0.008 -14"><span class='ocrx_word' id='word_1_534' title='bbox 904 1786 1077 1821; x_wconf 70' lang='lat' dir='ltr'><strong>mqualesque</strong></span> <span class='ocrx_word' id='word_1_535' title='bbox 1100 1786 1205 1815; x_wconf 83' lang='lat' dir='ltr'><strong>divisus</strong></span> <span class='ocrx_word' id='word_1_536' title='bbox 1217 1792 1258 1815; x_wconf 89' lang='lat' dir='ltr'><strong>est</strong></span> <span class='ocrx_word' id='word_1_537' title='bbox 1272 1797 1279 1821; x_wconf 90' lang='lat'><strong>;</strong></span> <span class='ocrx_word' id='word_1_538' title='bbox 1297 1789 1360 1816; x_wconf 90' lang='lat' dir='ltr'><strong>anni</strong></span> <span class='ocrx_word' id='word_1_539' title='bbox 1380 1790 1481 1824; x_wconf 85' lang='lat' dir='ltr'><strong>quippe</strong></span> <span class='ocrx_word' id='word_1_540' title='bbox 1495 1798 1527 1818; x_wconf 88' lang='lat' dir='ltr'><strong>ex</strong></span> <span class='ocrx_word' id='word_1_541' title='bbox 1544 1798 1599 1826; x_wconf 93' lang='lat' dir='ltr'><strong>quo</strong></span> <span class='ocrx_word' id='word_1_542' title='bbox 1612 1798 1693 1817; x_wconf 90' lang='lat' dir='ltr'><strong>mun-</strong></span> 
     </span>
    </p>
   </div>
   <div class='ocr_carea' id='block_1_79' title="bbox 904 1830 1695 1869">
    <p class='ocr_par' dir='ltr' id='par_1_79' title="bbox 904 1830 1695 1869">
     <span class='ocr_line' id='line_1_79' title="bbox 904 1830 1695 1869; baseline 0.009 -13"><span class='ocrx_word' id='word_1_543' title='bbox 904 1830 956 1857; x_wconf 83' lang='lat' dir='ltr'><strong>dus</strong></span> <span class='ocrx_word' id='word_1_544' title='bbox 973 1831 1016 1858; x_wconf 93' lang='lat' dir='ltr'><strong>hic</strong></span> <span class='ocrx_word' id='word_1_545' title='bbox 1033 1832 1162 1860; x_wconf 88' lang='lat' dir='ltr'><strong>conditus</strong></span> <span class='ocrx_word' id='word_1_546' title='bbox 1179 1838 1231 1864; x_wconf 85' lang='lat' dir='ltr'><strong>est.</strong></span> <span class='ocrx_word' id='word_1_547' title='bbox 1253 1834 1338 1869; x_wconf 88' lang='lat' dir='ltr'><strong>elapsi</strong></span> <span class='ocrx_word' id='word_1_548' title='bbox 1354 1838 1418 1861; x_wconf 86' lang='lat' dir='ltr'><strong>sunt</strong></span> <span class='ocrx_word' id='word_1_549' title='bbox 1433 1839 1475 1862; x_wconf 87' lang='lat' dir='ltr'><strong>ter</strong></span> <span class='ocrx_word' id='word_1_550' title='bbox 1486 1835 1569 1863; x_wconf 91' lang='lat' dir='ltr'><strong>mille.</strong></span> <span class='ocrx_word' id='word_1_551' title='bbox 1583 1835 1695 1863; x_wconf 85' lang='lat' dir='ltr'><strong>Etenim-</strong></span> 
     </span>
    </p>
   </div>
   <div class='ocr_carea' id='block_1_80' title="bbox 903 1876 1694 1908">
    <p class='ocr_par' dir='ltr' id='par_1_80' title="bbox 903 1876 1694 1908">
     <span class='ocr_line' id='line_1_80' title="bbox 903 1876 1694 1908; baseline 0.008 -6"><span class='ocrx_word' id='word_1_552' title='bbox 903 1876 1034 1904; x_wconf 90' lang='lat' dir='ltr'><strong>mundum</strong></span> <span class='ocrx_word' id='word_1_553' title='bbox 1064 1877 1137 1906; x_wconf 87' lang='lat' dir='ltr'><strong>hunc</strong></span> <span class='ocrx_word' id='word_1_554' title='bbox 1163 1878 1196 1906; x_wconf 79' lang='lat' dir='ltr'><strong>ad</strong></span> <span class='ocrx_word' id='word_1_555' title='bbox 1226 1883 1330 1907; x_wconf 84' lang='lat' dir='ltr'><strong>sextam</strong></span> <span class='ocrx_word' id='word_1_556' title='bbox 1360 1880 1506 1908; x_wconf 82' lang='lat' dir='ltr'><strong>ehiliadem</strong></span> <span class='ocrx_word' id='word_1_557' title='bbox 1527 1880 1694 1908; x_wconf 27' lang='lat' dir='ltr'><strong>duraturum.</strong></span> 
     </span>
    </p>
   </div>
   <div class='ocr_carea' id='block_1_81' title="bbox 902 1923 1689 1959">
    <p class='ocr_par' dir='ltr' id='par_1_81' title="bbox 902 1923 1689 1959">
     <span class='ocr_line' id='line_1_81' title="bbox 902 1923 1689 1959; baseline 0.008 -11"><span class='ocrx_word' id='word_1_558' title='bbox 902 1923 1056 1957; x_wconf 87' lang='lat' dir='ltr'><strong>opinamur,</strong></span> <span class='ocrx_word' id='word_1_559' title='bbox 1071 1924 1182 1959; x_wconf 84' lang='lat' dir='ltr'><strong>quando</strong></span> <span class='ocrx_word' id='word_1_560' title='bbox 1199 1929 1226 1952; x_wconf 89' lang='lat' dir='ltr'><strong>et</strong></span> <span class='ocrx_word' id='word_1_561' title='bbox 1248 1934 1295 1954; x_wconf 85' lang='lat' dir='ltr'><strong>sex</strong></span> <span class='ocrx_word' id='word_1_562' title='bbox 1312 1925 1409 1955; x_wconf 86' lang='lat' dir='ltr'><strong>diebus</strong></span> <span class='ocrx_word' id='word_1_563' title='bbox 1427 1927 1500 1954; x_wconf 89' lang='lat' dir='ltr'><strong>Deus</strong></span> <span class='ocrx_word' id='word_1_564' title='bbox 1530 1928 1689 1956; x_wconf 87' lang='lat' dir='ltr'><strong>universum</strong></span> 
     </span>
    </p>
   </div>
   <div class='ocr_carea' id='block_1_82' title="bbox 902 1968 1691 2008">
    <p class='ocr_par' dir='ltr' id='par_1_82' title="bbox 902 1968 1691 2008">
     <span class='ocr_line' id='line_1_82' title="bbox 902 1968 1691 2008; baseline 0.01 -14"><span class='ocrx_word' id='word_1_565' title='bbox 902 1968 954 1995; x_wconf 90' lang='lat' dir='ltr'><strong>hoc</strong></span> <span class='ocrx_word' id='word_1_566' title='bbox 977 1969 1139 2004; x_wconf 85' lang='lat' dir='ltr'><strong>perfectum,</strong></span> <span class='ocrx_word' id='word_1_567' title='bbox 1167 1972 1352 2008; x_wconf 89' lang='lat' dir='ltr'><strong>omnibusque</strong></span> <span class='ocrx_word' id='word_1_568' title='bbox 1376 1974 1434 2001; x_wconf 92' lang='lat' dir='ltr'><strong>suis</strong></span> <span class='ocrx_word' id='word_1_569' title='bbox 1456 1974 1581 2008; x_wconf 85' lang='lat' dir='ltr'><strong>partibus</strong></span> <span class='ocrx_word' id='word_1_570' title='bbox 1605 1974 1691 2002; x_wconf 84' lang='lat' dir='ltr'><strong>edidit</strong></span> 
     </span>
    </p>
   </div>
   <div class='ocr_carea' id='block_1_83' title="bbox 902 2014 1690 2056">
    <p class='ocr_par' dir='ltr' id='par_1_83' title="bbox 902 2014 1690 2056">
     <span class='ocr_line' id='line_1_83' title="bbox 902 2014 1690 2056; baseline 0.01 -16"><span class='ocrx_word' id='word_1_571' title='bbox 902 2014 1073 2048; x_wconf 85' lang='lat' dir='ltr'><strong>absolutum;</strong></span> <span class='ocrx_word' id='word_1_572' title='bbox 1094 2020 1121 2043; x_wconf 87' lang='lat' dir='ltr'><strong>et</strong></span> <span class='ocrx_word' id='word_1_573' title='bbox 1139 2017 1210 2051; x_wconf 88' lang='lat' dir='ltr'><strong>apud</strong></span> <span class='ocrx_word' id='word_1_574' title='bbox 1231 2017 1314 2046; x_wconf 90' lang='lat' dir='ltr'><strong>Deum</strong></span> <span class='ocrx_word' id='word_1_575' title='bbox 1342 2027 1426 2047; x_wconf 87' lang='lat' dir='ltr'><strong>unam</strong></span> <span class='ocrx_word' id='word_1_576' title='bbox 1446 2020 1517 2048; x_wconf 90' lang='lat' dir='ltr'><strong>diem</strong></span> <span class='ocrx_word' id='word_1_577' title='bbox 1539 2028 1590 2056; x_wconf 90' lang='lat' dir='ltr'><strong>pro</strong></span> <span class='ocrx_word' id='word_1_578' title='bbox 1614 2020 1690 2048; x_wconf 85' lang='lat' dir='ltr'><strong>mille</strong></span> 
     </span>
    </p>
   </div>
   <div class='ocr_carea' id='block_1_84' title="bbox 901 2061 1689 2102">
    <p class='ocr_par' dir='ltr' id='par_1_84' title="bbox 901 2061 1689 2102">
     <span class='ocr_line' id='line_1_84' title="bbox 901 2061 1689 2102; baseline 0.009 -14"><span class='ocrx_word' id='word_1_579' title='bbox 901 2061 981 2089; x_wconf 87' lang='lat' dir='ltr'><strong>annis</strong></span> <span class='ocrx_word' id='word_1_580' title='bbox 1006 2063 1158 2096; x_wconf 86' lang='lat' dir='ltr'><strong>computari</strong></span> <span class='ocrx_word' id='word_1_581' title='bbox 1183 2064 1298 2098; x_wconf 86' lang='lat' dir='ltr'><strong>opinor;</strong></span> <span class='ocrx_word' id='word_1_582' title='bbox 1315 2065 1353 2092; x_wconf 87' lang='lat' dir='ltr'><strong>ait</strong></span> <span class='ocrx_word' id='word_1_583' title='bbox 1378 2067 1490 2102; x_wconf 83' lang='lat' dir='ltr'><strong>quippe,</strong></span> <span class='ocrx_word' id='word_1_584' title='bbox 1513 2067 1621 2095; x_wconf 78' lang='lat' dir='ltr'><strong>Domini</strong></span> <span class='ocrx_word' id='word_1_585' title='bbox 1634 2068 1689 2095; x_wconf 70' lang='lat' dir='ltr'><strong>dies</strong></span> 
     </span>
    </p>
   </div>
   <div class='ocr_carea' id='block_1_85' title="bbox 900 2108 1198 2142">
    <p class='ocr_par' dir='ltr' id='par_1_85' title="bbox 900 2108 1198 2142">
     <span class='ocr_line' id='line_1_85' title="bbox 900 2108 1198 2142; baseline 0.01 -8"><span class='ocrx_word' id='word_1_586' title='bbox 900 2108 978 2142; x_wconf 78' lang='lat' dir='ltr'><strong>quasi</strong></span> <span class='ocrx_word' id='word_1_587' title='bbox 993 2109 1065 2136; x_wconf 87' lang='lat' dir='ltr'><strong>mille</strong></span> <span class='ocrx_word' id='word_1_588' title='bbox 1086 2110 1150 2136; x_wconf 82' lang='lat' dir='ltr'><strong>anni</strong></span> <span class='ocrx_word' id='word_1_589' title='bbox 1165 2111 1198 2137; x_wconf 76' lang='grc'><strong>⁸³.</strong></span> 
     </span>
    </p>
   </div>
   <div class='ocr_carea' id='block_1_86' title="bbox 935 2155 1690 2193">
    <p class='ocr_par' dir='ltr' id='par_1_86' title="bbox 935 2155 1690 2193">
     <span class='ocr_line' id='line_1_86' title="bbox 935 2155 1690 2193; baseline 0.009 -11"><span class='ocrx_word' id='word_1_590' title='bbox 935 2155 977 2183; x_wconf 81' lang='lat' dir='ltr'><strong>Ab</strong></span> <span class='ocrx_word' id='word_1_591' title='bbox 990 2155 1075 2184; x_wconf 80' lang='lat' dir='ltr'><strong>Adam</strong></span> <span class='ocrx_word' id='word_1_592' title='bbox 1089 2157 1180 2192; x_wconf 88' lang='lat' dir='ltr'><strong>itaque</strong></span> <span class='ocrx_word' id='word_1_593' title='bbox 1194 2166 1283 2193; x_wconf 87' lang='lat' dir='ltr'><strong>usque</strong></span> <span class='ocrx_word' id='word_1_594' title='bbox 1295 2159 1329 2186; x_wconf 89' lang='lat' dir='ltr'><strong>ad</strong></span> <span class='ocrx_word' id='word_1_595' title='bbox 1338 2159 1442 2187; x_wconf 89' lang='lat' dir='ltr'><strong>obitum</strong></span> <span class='ocrx_word' id='word_1_596' title='bbox 1458 2159 1559 2188; x_wconf 88' lang='lat' dir='ltr'><strong>Phalec</strong></span> <span class='ocrx_word' id='word_1_597' title='bbox 1567 2161 1632 2188; x_wconf 86' lang='lat' dir='ltr'><strong>anni</strong></span> <span class='ocrx_word' id='word_1_598' title='bbox 1648 2165 1690 2189; x_wconf 88' lang='lat' dir='ltr'><strong>ter</strong></span> 
     </span>
    </p>
   </div>
   <div class='ocr_carea' id='block_1_87' title="bbox 61 2193 854 2237">
    <p class='ocr_par' dir='ltr' id='par_1_87' title="bbox 61 2193 849 2235">
     <span class='ocr_line' id='line_1_87' title="bbox 61 2193 849 2235; baseline 0.014 -17"><span class='ocrx_word' id='word_1_599' title='bbox 61 2193 207 2228; x_wconf 80' lang='grc' dir='ltr'>τρισχίλια.</span> <span class='ocrx_word' id='word_1_600' title='bbox 235 2195 294 2221; x_wconf 79' lang='grc' dir='ltr'><strong>Ἐπὶ</strong></span> <span class='ocrx_word' id='word_1_601' title='bbox 312 2196 340 2222; x_wconf 78' lang='grc' dir='ltr'>δὲ</span> <span class='ocrx_word' id='word_1_602' title='bbox 362 2197 410 2232; x_wconf 80' lang='grc' dir='ltr'>τὴν</span> <span class='ocrx_word' id='word_1_603' title='bbox 433 2198 479 2224; x_wconf 80' lang='grc' dir='ltr'><strong>τοῦ</strong></span> <span class='ocrx_word' id='word_1_604' title='bbox 500 2199 602 2235; x_wconf 84' lang='grc' dir='ltr'>Κυρίου</span> <span class='ocrx_word' id='word_1_605' title='bbox 629 2201 777 2235; x_wconf 85' lang='grc' dir='ltr'>παρουσίαν</span> <span class='ocrx_word' id='word_1_606' title='bbox 803 2203 849 2229; x_wconf 80' lang='grc' dir='ltr'>καὶ</span> 
     </span>
    </p>
   </div>
   <div class='ocr_carea' id='block_1_88' title="bbox 910 2193 1696 2237">
    <p class='ocr_par' dir='ltr' id='par_1_88' title="bbox 910 2202 1696 2237">
     <span class='ocr_line' id='line_1_88' title="bbox 910 2202 1696 2237; baseline 0.008 -9"><span class='ocrx_word' id='word_1_607' title='bbox 910 2202 976 2230; x_wconf 89' lang='lat' dir='ltr'><strong>nille</strong></span> <span class='ocrx_word' id='word_1_608' title='bbox 995 2208 1222 2237; x_wconf 83' lang='lat' dir='ltr'><strong>annumerantur,</strong></span> <span class='ocrx_word' id='word_1_609' title='bbox 1247 2210 1274 2233; x_wconf 90' lang='lat' dir='ltr'><strong>et</strong></span> <span class='ocrx_word' id='word_1_610' title='bbox 1294 2206 1326 2233; x_wconf 87' lang='lat' dir='ltr'><strong>ad</strong></span> <span class='ocrx_word' id='word_1_611' title='bbox 1359 2205 1466 2234; x_wconf 89' lang='lat' dir='ltr'><strong>Domini</strong></span> <span class='ocrx_word' id='word_1_612' title='bbox 1492 2207 1638 2234; x_wconf 81' lang='lat' dir='ltr'><strong>adventum</strong></span> <span class='ocrx_word' id='word_1_613' title='bbox 1662 2212 1696 2234; x_wconf 72' lang='lat' dir='ltr'><strong>et</strong></span> 
     </span>
    </p>
   </div>
   <div class='ocr_carea' id='block_1_89' title="bbox 60 2240 850 2283">
    <p class='ocr_par' dir='ltr' id='par_1_89' title="bbox 60 2240 850 2283">
     <span class='ocr_line' id='line_1_89' title="bbox 60 2240 850 2283; baseline 0.011 -18"><span class='ocrx_word' id='word_1_614' title='bbox 60 2240 208 2266; x_wconf 73' lang='grc' dir='ltr'>ἀνάστασιν</span> <span class='ocrx_word' id='word_1_615' title='bbox 227 2240 275 2276; x_wconf 80' lang='grc' dir='ltr'>ἔτη</span> <span class='ocrx_word' id='word_1_616' title='bbox 301 2244 508 2279; x_wconf 77' lang='grc' dir='ltr'>πεντακισχίλια</span> <span class='ocrx_word' id='word_1_617' title='bbox 531 2245 578 2272; x_wconf 77' lang='grc' dir='ltr'><strong>καὶ</strong></span> <span class='ocrx_word' id='word_1_618' title='bbox 599 2247 766 2274; x_wconf 81' lang='grc' dir='ltr'>πεντακόσια</span> <span class='ocrx_word' id='word_1_619' title='bbox 792 2256 850 2283; x_wconf 88' lang='grc' dir='ltr'>τρι-</span> 
     </span>
    </p>
   </div>
   <div class='ocr_carea' id='block_1_90' title="bbox 59 2286 848 2328">
    <p class='ocr_par' dir='ltr' id='par_1_90' title="bbox 59 2286 848 2328">
     <span class='ocr_line' id='line_1_90' title="bbox 59 2286 848 2328; baseline 0.013 -17"><span class='ocrx_word' id='word_1_620' title='bbox 59 2286 160 2312; x_wconf 81' lang='grc' dir='ltr'>άκοντα</span> <span class='ocrx_word' id='word_1_621' title='bbox 179 2286 218 2318; x_wconf 79' lang='grc' dir='ltr'><strong>ἓν,</strong></span> <span class='ocrx_word' id='word_1_622' title='bbox 238 2287 276 2318; x_wconf 80' lang='grc' dir='ltr'>ὡς</span> <span class='ocrx_word' id='word_1_623' title='bbox 289 2287 393 2315; x_wconf 75' lang='grc' dir='ltr'>λείπειν</span> <span class='ocrx_word' id='word_1_624' title='bbox 408 2291 570 2326; x_wconf 75' lang='grc' dir='ltr'>τετρακόσια</span> <span class='ocrx_word' id='word_1_625' title='bbox 587 2293 756 2328; x_wconf 80' lang='grc' dir='ltr'>πεντήκοντα</span> <span class='ocrx_word' id='word_1_626' title='bbox 770 2294 848 2321; x_wconf 80' lang='grc' dir='ltr'>ἐννέα.</span> 
     </span>
    </p>
   </div>
   <div class='ocr_carea' id='block_1_91' title="bbox 58 2331 847 2375">
    <p class='ocr_par' dir='ltr' id='par_1_91' title="bbox 58 2331 847 2375">
     <span class='ocr_line' id='line_1_91' title="bbox 58 2331 847 2375; baseline 0.013 -18"><span class='ocrx_word' id='word_1_627' title='bbox 58 2331 104 2367; x_wconf 78' lang='grc' dir='ltr'>ἐτη</span> <span class='ocrx_word' id='word_1_628' title='bbox 118 2332 167 2366; x_wconf 85' lang='grc' dir='ltr'>τῆς</span> <span class='ocrx_word' id='word_1_629' title='bbox 178 2332 260 2368; x_wconf 72' lang='grc' dir='ltr'>ἕκτης</span> <span class='ocrx_word' id='word_1_630' title='bbox 271 2334 398 2369; x_wconf 77' lang='grc' dir='ltr'>χιλιάδος.</span> <span class='ocrx_word' id='word_1_631' title='bbox 414 2336 491 2362; x_wconf 78' lang='grc' dir='ltr'>Ἐστι</span> <span class='ocrx_word' id='word_1_632' title='bbox 502 2336 530 2363; x_wconf 81' lang='grc' dir='ltr'>δὲ</span> <span class='ocrx_word' id='word_1_633' title='bbox 542 2337 591 2373; x_wconf 84' lang='grc' dir='ltr'>τῆς</span> <span class='ocrx_word' id='word_1_634' title='bbox 602 2338 648 2364; x_wconf 77' lang='grc' dir='ltr'>τοῦ</span> <span class='ocrx_word' id='word_1_635' title='bbox 666 2339 769 2375; x_wconf 79' lang='grc' dir='ltr'>κόσμου</span> <span class='ocrx_word' id='word_1_636' title='bbox 785 2348 847 2366; x_wconf 81' lang='grc' dir='ltr'>συν-</span> 
     </span>
    </p>
   </div>
   <div class='ocr_carea' id='block_1_92' title="bbox 57 2377 845 2417">
    <p class='ocr_par' dir='ltr' id='par_1_92' title="bbox 57 2377 845 2417">
     <span class='ocr_line' id='line_1_92' title="bbox 57 2377 845 2417; baseline 0.014 -15"><span class='ocrx_word' id='word_1_637' title='bbox 57 2377 162 2410; x_wconf 80' lang='grc' dir='ltr'>τελείας</span> <span class='ocrx_word' id='word_1_638' title='bbox 194 2381 306 2414; x_wconf 83' lang='grc' dir='ltr'>σημεῖον</span> <span class='ocrx_word' id='word_1_639' title='bbox 337 2380 367 2407; x_wconf 79' lang='grc' dir='ltr'>τὸ</span> <span class='ocrx_word' id='word_1_640' title='bbox 395 2381 542 2409; x_wconf 76' lang='grc' dir='ltr'>σάϐϐατον·</span> <span class='ocrx_word' id='word_1_641' title='bbox 580 2385 626 2410; x_wconf 78' lang='grc' dir='ltr'>καὶ</span> <span class='ocrx_word' id='word_1_642' title='bbox 655 2384 785 2417; x_wconf 83' lang='grc' dir='ltr'>είκότως”</span> <span class='ocrx_word' id='word_1_643' title='bbox 802 2387 845 2413; x_wconf 78' lang='grc' dir='ltr'><strong>ἐπ’</strong></span> 
     </span>
    </p>
   </div>
   <div class='ocr_carea' id='block_1_93' title="bbox 58 2424 845 2468">
    <p class='ocr_par' dir='ltr' id='par_1_93' title="bbox 58 2424 845 2468">
     <span class='ocr_line' id='line_1_93' title="bbox 58 2424 845 2468; baseline 0.013 -18"><span class='ocrx_word' id='word_1_644' title='bbox 58 2424 181 2458; x_wconf 70' lang='grc' dir='ltr'>ἐσχάτων</span> <span class='ocrx_word' id='word_1_645' title='bbox 214 2425 267 2451; x_wconf 83' lang='grc' dir='ltr'><strong>τῶν</strong></span> <span class='ocrx_word' id='word_1_646' title='bbox 296 2427 406 2463; x_wconf 85' lang='grc' dir='ltr'>ἡμερῶν</span> <span class='ocrx_word' id='word_1_647' title='bbox 435 2429 450 2454; x_wconf 89' lang='grc' dir='ltr'>ὀ</span> <span class='ocrx_word' id='word_1_648' title='bbox 480 2429 581 2466; x_wconf 84' lang='grc' dir='ltr'>Κύριος</span> <span class='ocrx_word' id='word_1_649' title='bbox 608 2432 780 2468; x_wconf 79' lang='grc' dir='ltr'>ἐπιδημήσας</span> <span class='ocrx_word' id='word_1_650' title='bbox 806 2433 845 2468; x_wconf 86' lang='grc' dir='ltr'>τῷ</span> 
     </span>
    </p>
   </div>
   <div class='ocr_carea' id='block_1_94' title="bbox 57 2471 845 2519">
    <p class='ocr_par' dir='ltr' id='par_1_94' title="bbox 57 2471 845 2519">
     <span class='ocr_line' id='line_1_94' title="bbox 57 2471 845 2519; baseline 0.013 -23"><span class='ocrx_word' id='word_1_651' title='bbox 57 2471 151 2507; x_wconf 76' lang='grc' dir='ltr'>κόσμῳ</span> <span class='ocrx_word' id='word_1_652' title='bbox 177 2472 206 2498; x_wconf 82' lang='grc' dir='ltr'>ἐν</span> <span class='ocrx_word' id='word_1_653' title='bbox 226 2475 386 2509; x_wconf 84' lang='grc' dir='ltr'>παρασκευῇ</span> <span class='ocrx_word' id='word_1_654' title='bbox 411 2475 554 2507; x_wconf 80' lang='grc' dir='ltr'>πέπονθεν,</span> <span class='ocrx_word' id='word_1_655' title='bbox 578 2477 638 2511; x_wconf 79' lang='grc' dir='ltr'>ἥτις</span> <span class='ocrx_word' id='word_1_656' title='bbox 661 2478 734 2505; x_wconf 68' lang='grc' dir='ltr'>ἐστὶν</span> <span class='ocrx_word' id='word_1_657' title='bbox 754 2478 845 2519; x_wconf 71' lang='grc' dir='ltr'>ἡμέρα</span> 
     </span>
    </p>
   </div>
   <div class='ocr_carea' id='block_1_95' title="bbox 57 2517 840 2559">
    <p class='ocr_par' dir='ltr' id='par_1_95' title="bbox 57 2517 840 2559">
     <span class='ocr_line' id='line_1_95' title="bbox 57 2517 840 2559; baseline 0.013 -17"><span class='ocrx_word' id='word_1_658' title='bbox 57 2517 133 2552; x_wconf 75' lang='grc' dir='ltr'>ἕκτη,</span> <span class='ocrx_word' id='word_1_659' title='bbox 152 2518 200 2544; x_wconf 77' lang='grc' dir='ltr'><strong>καὶ</strong></span> <span class='ocrx_word' id='word_1_660' title='bbox 219 2517 322 2551; x_wconf 81' lang='grc' dir='ltr'>ταύτης</span> <span class='ocrx_word' id='word_1_661' title='bbox 341 2519 391 2554; x_wconf 83' lang='grc' dir='ltr'>τῆς</span> <span class='ocrx_word' id='word_1_662' title='bbox 413 2521 518 2556; x_wconf 77' lang='grc' dir='ltr'>ἡμέρας</span> <span class='ocrx_word' id='word_1_663' title='bbox 538 2521 648 2558; x_wconf 79' lang='grc' dir='ltr'><strong>ὥραῆν</strong></span> <span class='ocrx_word' id='word_1_664' title='bbox 663 2524 734 2550; x_wconf 76' lang='grc' dir='ltr'>ὡσεὶ</span> <span class='ocrx_word' id='word_1_665' title='bbox 758 2524 840 2559; x_wconf 78' lang='grc' dir='ltr'>ἕκτη,</span> 
     </span>
    </p>
   </div>
   <div class='ocr_carea' id='block_1_96' title="bbox 56 2563 842 2603">
    <p class='ocr_par' dir='ltr' id='par_1_96' title="bbox 56 2563 842 2603">
     <span class='ocr_line' id='line_1_96' title="bbox 56 2563 842 2603; baseline 0.013 -15"><span class='ocrx_word' id='word_1_666' title='bbox 56 2563 135 2597; x_wconf 80' lang='grc' dir='ltr'>ἡνίκα</span> <span class='ocrx_word' id='word_1_667' title='bbox 161 2563 321 2600; x_wconf 76' lang='grc' dir='ltr'>ἐσταυρώοη</span> <span class='ocrx_word' id='word_1_668' title='bbox 333 2585 340 2595; x_wconf 91' lang='grc'>,</span> <span class='ocrx_word' id='word_1_669' title='bbox 369 2565 416 2592; x_wconf 75' lang='grc' dir='ltr'><strong>τοῦ</strong></span> <span class='ocrx_word' id='word_1_670' title='bbox 436 2566 515 2601; x_wconf 88' lang='grc' dir='ltr'>λόγου</span> <span class='ocrx_word' id='word_1_671' title='bbox 540 2569 716 2603; x_wconf 83' lang='grc' dir='ltr'>σημαίνοντος</span> <span class='ocrx_word' id='word_1_672' title='bbox 736 2570 779 2597; x_wconf 83' lang='grc' dir='ltr'><strong>διὰ</strong></span> <span class='ocrx_word' id='word_1_673' title='bbox 796 2571 842 2597; x_wconf 74' lang='grc' dir='ltr'>τοῦ</span> 
     </span>
    </p>
   </div>
   <div class='ocr_carea' id='block_1_97' title="bbox 55 2609 842 2652">
    <p class='ocr_par' dir='ltr' id='par_1_97' title="bbox 55 2609 842 2652">
     <span class='ocr_line' id='line_1_97' title="bbox 55 2609 842 2652; baseline 0.013 -18"><span class='ocrx_word' id='word_1_674' title='bbox 55 2610 103 2644; x_wconf 75' lang='grc' dir='ltr'>τῆς</span> <span class='ocrx_word' id='word_1_675' title='bbox 113 2609 200 2645; x_wconf 74' lang='grc' dir='ltr'>ἕκτης</span> <span class='ocrx_word' id='word_1_676' title='bbox 219 2610 335 2645; x_wconf 81' lang='grc' dir='ltr'>χιλιάδος</span> <span class='ocrx_word' id='word_1_677' title='bbox 348 2612 378 2638; x_wconf 81' lang='grc' dir='ltr'><strong>τὸ</strong></span> <span class='ocrx_word' id='word_1_678' title='bbox 391 2612 492 2648; x_wconf 79' lang='grc' dir='ltr'>ἥμισυ·</span> <span class='ocrx_word' id='word_1_679' title='bbox 510 2614 557 2640; x_wconf 72' lang='grc' dir='ltr'><strong>καί¹</strong></span> <span class='ocrx_word' id='word_1_680' title='bbox 572 2615 615 2642; x_wconf 77' lang='grc' dir='ltr'>διὰ</span> <span class='ocrx_word' id='word_1_681' title='bbox 628 2616 706 2643; x_wconf 80' lang='grc' dir='ltr'>τοῦτο</span> <span class='ocrx_word' id='word_1_682' title='bbox 721 2616 842 2652; x_wconf 83' lang='grc' dir='ltr'>ὡρισμέ-</span> 
     </span>
    </p>
   </div>
   <div class='ocr_carea' id='block_1_98' title="bbox 56 2653 842 2698">
    <p class='ocr_par' dir='ltr' id='par_1_98' title="bbox 56 2653 842 2698">
     <span class='ocr_line' id='line_1_98' title="bbox 56 2653 842 2698; baseline 0.014 -18"><span class='ocrx_word' id='word_1_683' title='bbox 56 2663 107 2687; x_wconf 85' lang='grc' dir='ltr'><strong>νως</strong></span> <span class='ocrx_word' id='word_1_684' title='bbox 125 2656 176 2682; x_wconf 86' lang='grc' dir='ltr'><strong>οὐκ</strong></span> <span class='ocrx_word' id='word_1_685' title='bbox 197 2653 273 2683; x_wconf 83' lang='grc' dir='ltr'>εἶπεν</span> <span class='ocrx_word' id='word_1_686' title='bbox 292 2657 352 2693; x_wconf 76' lang='grc' dir='ltr'>ὥρα</span> <span class='ocrx_word' id='word_1_687' title='bbox 371 2658 449 2694; x_wconf 69' lang='grc' dir='ltr'>ἕκτη,</span> <span class='ocrx_word' id='word_1_688' title='bbox 467 2659 681 2695; x_wconf 72' lang='grc' dir='ltr'>ὑπεμφαίνοντος</span> <span class='ocrx_word' id='word_1_689' title='bbox 703 2663 748 2689; x_wconf 79' lang='grc' dir='ltr'>τοῦ</span> <span class='ocrx_word' id='word_1_690' title='bbox 763 2663 842 2698; x_wconf 85' lang='grc' dir='ltr'>λόγου</span> 
     </span>
    </p>
   </div>
   <div class='ocr_carea' id='block_1_99' title="bbox 54 2701 842 2741">
    <p class='ocr_par' dir='ltr' id='par_1_99' title="bbox 54 2701 842 2741">
     <span class='ocr_line' id='line_1_99' title="bbox 54 2701 842 2741; baseline 0.013 -15"><span class='ocrx_word' id='word_1_691' title='bbox 54 2701 135 2736; x_wconf 59' lang='grc' dir='ltr'>ἑλίγῳ</span> <span class='ocrx_word' id='word_1_692' title='bbox 155 2701 241 2728; x_wconf 84' lang='grc' dir='ltr'>πλείω</span> <span class='ocrx_word' id='word_1_693' title='bbox 259 2702 305 2729; x_wconf 85' lang='grc' dir='ltr'>τοῦ</span> <span class='ocrx_word' id='word_1_694' title='bbox 324 2704 632 2741; x_wconf 58' lang='grc' dir='ltr'>ἀριθμοῦιὺπερπαίειν.</span> <span class='ocrx_word' id='word_1_695' title='bbox 655 2708 721 2734; x_wconf 82' lang='grc' dir='ltr'><strong>Ἀπὸ</strong></span> <span class='ocrx_word' id='word_1_696' title='bbox 743 2710 771 2736; x_wconf 85' lang='grc' dir='ltr'>δὲ</span> <span class='ocrx_word' id='word_1_697' title='bbox 795 2709 842 2736; x_wconf 84' lang='grc' dir='ltr'>τοῦ</span> 
     </span>
    </p>
   </div>
   <div class='ocr_carea' id='block_1_100' title="bbox 56 2746 840 2786">
    <p class='ocr_par' dir='ltr' id='par_1_100' title="bbox 56 2746 840 2786">
     <span class='ocr_line' id='line_1_100' title="bbox 56 2746 840 2786; baseline 0.014 -16"><span class='ocrx_word' id='word_1_698' title='bbox 56 2746 169 2781; x_wconf 71' lang='grc' dir='ltr'>Χριστοῦ</span> <span class='ocrx_word' id='word_1_699' title='bbox 192 2747 239 2773; x_wconf 72' lang='grc' dir='ltr'><strong>ἐπὶ</strong></span> <span class='ocrx_word' id='word_1_700' title='bbox 266 2748 315 2784; x_wconf 83' lang='grc' dir='ltr'>τὴν</span> <span class='ocrx_word' id='word_1_701' title='bbox 344 2751 602 2786; x_wconf 81' lang='grc' dir='ltr'>τριακονταετηρίδα</span> <span class='ocrx_word' id='word_1_702' title='bbox 635 2753 840 2780; x_wconf 84' lang='grc' dir='ltr'>Κωνσταντίνου</span> 
     </span>
    </p>
   </div>
   <div class='ocr_carea' id='block_1_101' title="bbox 89 2833 854 2877">
    <p class='ocr_par' dir='ltr' id='par_1_101' title="bbox 89 2833 854 2870">
     <span class='ocr_line' id='line_1_101' title="bbox 89 2833 854 2870; baseline 0.013 -10"><span class='ocrx_word' id='word_1_703' title='bbox 89 2833 173 2861; x_wconf 81' lang='lat' dir='ltr'><strong>&quot;Gen</strong></span> <span class='ocrx_word' id='word_1_704' title='bbox 201 2843 229 2868; x_wconf 71' lang='grc' dir='ltr'><strong>ι,</strong></span> <span class='ocrx_word' id='word_1_705' title='bbox 242 2836 286 2864; x_wconf 69' lang='grc' dir='ltr'><strong>Ἡ.</strong></span> <span class='ocrx_word' id='word_1_706' title='bbox 325 2838 346 2853; x_wconf 68' lang='grc' dir='ltr'><strong>ιθ</strong></span> <span class='ocrx_word' id='word_1_707' title='bbox 363 2837 431 2866; x_wconf 82' lang='lat' dir='ltr'><strong>Ibid.</strong></span> <span class='ocrx_word' id='word_1_708' title='bbox 471 2840 492 2856; x_wconf 83' lang='lat'><strong>&quot;</strong></span> <span class='ocrx_word' id='word_1_709' title='bbox 508 2839 577 2867; x_wconf 81' lang='lat' dir='ltr'><strong>Ibid.</strong></span> <span class='ocrx_word' id='word_1_710' title='bbox 594 2840 638 2869; x_wconf 69' lang='lat'><strong>25.</strong></span> <span class='ocrx_word' id='word_1_711' title='bbox 670 2842 691 2857; x_wconf 83' lang='grc'><strong>³¹</strong></span> <span class='ocrx_word' id='word_1_712' title='bbox 705 2841 779 2869; x_wconf 77' lang='lat' dir='ltr'><strong>Psal.</strong></span> <span class='ocrx_word' id='word_1_713' title='bbox 796 2850 854 2870; x_wconf 77' lang='lat' dir='ltr'><strong>Lxx:</strong></span> 
     </span>
    </p>
   </div>
   <div class='ocr_carea' id='block_1_102' title="bbox 910 2833 951 2877">
    <p class='ocr_par' dir='ltr' id='par_1_102' title="bbox 930 2844 951 2871">
     <span class='ocr_line' id='line_1_102' title="bbox 930 2844 951 2871; baseline -0.048 0"><span class='ocrx_word' id='word_1_714' title='bbox 930 2844 951 2871; x_wconf 73' lang='grc' dir='ltr'>ί.</span> 
     </span>
    </p>
   </div>
   <div class='ocr_carea' id='block_1_103' title="bbox 902 2249 1691 2289">
    <p class='ocr_par' dir='ltr' id='par_1_103' title="bbox 902 2249 1691 2289">
     <span class='ocr_line' id='line_1_103' title="bbox 902 2249 1691 2289; baseline 0.009 -14"><span class='ocrx_word' id='word_1_715' title='bbox 902 2249 1143 2282; x_wconf 79' lang='lat' dir='ltr'><strong>resurrectionem,</strong></span> <span class='ocrx_word' id='word_1_716' title='bbox 1159 2251 1224 2278; x_wconf 90' lang='lat' dir='ltr'><strong>anni</strong></span> <span class='ocrx_word' id='word_1_717' title='bbox 1242 2252 1365 2288; x_wconf 86' lang='lat' dir='ltr'><strong>quinque</strong></span> <span class='ocrx_word' id='word_1_718' title='bbox 1387 2253 1462 2280; x_wconf 87' lang='lat' dir='ltr'><strong>mille</strong></span> <span class='ocrx_word' id='word_1_719' title='bbox 1482 2254 1624 2289; x_wconf 84' lang='lat' dir='ltr'><strong>quingenti</strong></span> <span class='ocrx_word' id='word_1_720' title='bbox 1640 2254 1691 2282; x_wconf 87' lang='lat' dir='ltr'><strong>tri-</strong></span> 
     </span>
    </p>
   </div>
   <div class='ocr_carea' id='block_1_104' title="bbox 901 2293 1690 2328">
    <p class='ocr_par' dir='ltr' id='par_1_104' title="bbox 901 2293 1690 2328">
     <span class='ocr_line' id='line_1_104' title="bbox 901 2293 1690 2328; baseline 0.011 -9"><span class='ocrx_word' id='word_1_721' title='bbox 901 2293 976 2328; x_wconf 74' lang='lat' dir='ltr'><strong>ginta</strong></span> <span class='ocrx_word' id='word_1_722' title='bbox 991 2298 1019 2321; x_wconf 90' lang='lat' dir='ltr'><strong>ct</strong></span> <span class='ocrx_word' id='word_1_723' title='bbox 1030 2302 1112 2328; x_wconf 87' lang='lat' dir='ltr'><strong>unus,</strong></span> <span class='ocrx_word' id='word_1_724' title='bbox 1126 2295 1162 2322; x_wconf 90' lang='lat' dir='ltr'><strong>ita</strong></span> <span class='ocrx_word' id='word_1_725' title='bbox 1178 2301 1207 2323; x_wconf 90' lang='lat' dir='ltr'><strong>ut</strong></span> <span class='ocrx_word' id='word_1_726' title='bbox 1219 2297 1253 2324; x_wconf 84' lang='lat' dir='ltr'><strong>ad</strong></span> <span class='ocrx_word' id='word_1_727' title='bbox 1268 2302 1372 2326; x_wconf 77' lang='lat' dir='ltr'><strong>sextam</strong></span> <span class='ocrx_word' id='word_1_728' title='bbox 1383 2298 1529 2326; x_wconf 84' lang='lat' dir='ltr'><strong>chiliadem</strong></span> <span class='ocrx_word' id='word_1_729' title='bbox 1543 2300 1690 2328; x_wconf 84' lang='lat' dir='ltr'><strong>absolven-</strong></span> 
     </span>
    </p>
   </div>
   <div class='ocr_carea' id='block_1_105' title="bbox 900 2340 1690 2381">
    <p class='ocr_par' dir='ltr' id='par_1_105' title="bbox 900 2340 1690 2381">
     <span class='ocr_line' id='line_1_105' title="bbox 900 2340 1690 2381; baseline 0.01 -15"><span class='ocrx_word' id='word_1_730' title='bbox 900 2340 963 2366; x_wconf 90' lang='lat' dir='ltr'><strong>dam</strong></span> <span class='ocrx_word' id='word_1_731' title='bbox 983 2344 1088 2369; x_wconf 90' lang='lat' dir='ltr'><strong>tantum</strong></span> <span class='ocrx_word' id='word_1_732' title='bbox 1103 2343 1293 2379; x_wconf 76' lang='lat' dir='ltr'><strong>quadringenti</strong></span> <span class='ocrx_word' id='word_1_733' title='bbox 1310 2345 1509 2381; x_wconf 78' lang='lat' dir='ltr'><strong>quinquaginta</strong></span> <span class='ocrx_word' id='word_1_734' title='bbox 1530 2353 1627 2374; x_wconf 87' lang='lat' dir='ltr'><strong>novem</strong></span> <span class='ocrx_word' id='word_1_735' title='bbox 1641 2347 1690 2374; x_wconf 54' lang='lat' dir='ltr'><strong>de.</strong></span> 
     </span>
    </p>
   </div>
   <div class='ocr_carea' id='block_1_106' title="bbox 899 2387 1688 2428">
    <p class='ocr_par' dir='ltr' id='par_1_106' title="bbox 899 2387 1688 2428">
     <span class='ocr_line' id='line_1_106' title="bbox 899 2387 1688 2428; baseline 0.008 -14"><span class='ocrx_word' id='word_1_736' title='bbox 899 2387 1065 2415; x_wconf 85' lang='lat' dir='ltr'><strong>siderentur.</strong></span> <span class='ocrx_word' id='word_1_737' title='bbox 1085 2387 1198 2424; x_wconf 82' lang='lat' dir='ltr'><strong>Signum</strong></span> <span class='ocrx_word' id='word_1_738' title='bbox 1216 2398 1282 2418; x_wconf 86' lang='lat' dir='ltr'><strong>vero</strong></span> <span class='ocrx_word' id='word_1_739' title='bbox 1294 2391 1376 2426; x_wconf 88' lang='lat' dir='ltr'><strong>hujus</strong></span> <span class='ocrx_word' id='word_1_740' title='bbox 1392 2391 1487 2420; x_wconf 86' lang='lat' dir='ltr'><strong>mundi</strong></span> <span class='ocrx_word' id='word_1_741' title='bbox 1500 2393 1688 2428; x_wconf 59' lang='lat' dir='ltr'><strong>consumptio-</strong></span> 
     </span>
    </p>
   </div>
   <div class='ocr_carea' id='block_1_107' title="bbox 898 2434 1688 2472">
    <p class='ocr_par' dir='ltr' id='par_1_107' title="bbox 898 2434 1688 2472">
     <span class='ocr_line' id='line_1_107' title="bbox 898 2434 1688 2472; baseline 0.009 -12"><span class='ocrx_word' id='word_1_742' title='bbox 898 2434 942 2461; x_wconf 83' lang='lat' dir='ltr'><strong>nis</strong></span> <span class='ocrx_word' id='word_1_743' title='bbox 956 2434 1098 2462; x_wconf 85' lang='lat' dir='ltr'><strong>sabbatum</strong></span> <span class='ocrx_word' id='word_1_744' title='bbox 1120 2440 1176 2470; x_wconf 86' lang='lat' dir='ltr'><strong>est;</strong></span> <span class='ocrx_word' id='word_1_745' title='bbox 1203 2436 1319 2472; x_wconf 85' lang='lat' dir='ltr'><strong>ideoque</strong></span> <span class='ocrx_word' id='word_1_746' title='bbox 1340 2446 1394 2465; x_wconf 82' lang='lat' dir='ltr'><strong>non</strong></span> <span class='ocrx_word' id='word_1_747' title='bbox 1414 2439 1463 2466; x_wconf 85' lang='lat' dir='ltr'><strong>abs</strong></span> <span class='ocrx_word' id='word_1_748' title='bbox 1480 2446 1509 2466; x_wconf 89' lang='lat' dir='ltr'><strong>re</strong></span> <span class='ocrx_word' id='word_1_749' title='bbox 1524 2439 1622 2466; x_wconf 87' lang='lat' dir='ltr'><strong>diebus</strong></span> <span class='ocrx_word' id='word_1_750' title='bbox 1636 2447 1688 2466; x_wconf 86' lang='lat' dir='ltr'><strong>no-</strong></span> 
     </span>
    </p>
   </div>
   <div class='ocr_carea' id='block_1_108' title="bbox 899 2476 1687 2516">
    <p class='ocr_par' dir='ltr' id='par_1_108' title="bbox 899 2476 1687 2516">
     <span class='ocr_line' id='line_1_108' title="bbox 899 2476 1687 2516; baseline 0.011 -13"><span class='ocrx_word' id='word_1_751' title='bbox 899 2476 1018 2505; x_wconf 86' lang='lat' dir='ltr'><strong>vissimis</strong></span> <span class='ocrx_word' id='word_1_752' title='bbox 1049 2478 1181 2507; x_wconf 90' lang='lat' dir='ltr'><strong>Dominus</strong></span> <span class='ocrx_word' id='word_1_753' title='bbox 1209 2481 1236 2508; x_wconf 90' lang='lat' dir='ltr'><strong>in</strong></span> <span class='ocrx_word' id='word_1_754' title='bbox 1268 2481 1400 2509; x_wconf 92' lang='lat' dir='ltr'><strong>mundum</strong></span> <span class='ocrx_word' id='word_1_755' title='bbox 1437 2483 1607 2516; x_wconf 88' lang='lat' dir='ltr'><strong>adveniens,</strong></span> <span class='ocrx_word' id='word_1_756' title='bbox 1643 2484 1687 2512; x_wconf 74' lang='lat' dir='ltr'><strong>die</strong></span> 
     </span>
    </p>
   </div>
   <div class='ocr_carea' id='block_1_109' title="bbox 899 2521 1686 2564">
    <p class='ocr_par' dir='ltr' id='par_1_109' title="bbox 899 2521 1686 2564">
     <span class='ocr_line' id='line_1_109' title="bbox 899 2521 1686 2564; baseline 0.01 -15"><span class='ocrx_word' id='word_1_757' title='bbox 899 2521 1011 2551; x_wconf 89' lang='lat' dir='ltr'><strong>Veneris</strong></span> <span class='ocrx_word' id='word_1_758' title='bbox 1037 2524 1146 2553; x_wconf 86' lang='lat' dir='ltr'><strong>dolores</strong></span> <span class='ocrx_word' id='word_1_759' title='bbox 1173 2527 1313 2556; x_wconf 88' lang='lat' dir='ltr'><strong>sustinuit.</strong></span> <span class='ocrx_word' id='word_1_760' title='bbox 1340 2536 1401 2564; x_wconf 68' lang='lat' dir='ltr'><strong>qua:</strong></span> <span class='ocrx_word' id='word_1_761' title='bbox 1432 2533 1474 2557; x_wconf 89' lang='lat' dir='ltr'><strong>est</strong></span> <span class='ocrx_word' id='word_1_762' title='bbox 1500 2528 1559 2557; x_wconf 89' lang='lat' dir='ltr'><strong>dies</strong></span> <span class='ocrx_word' id='word_1_763' title='bbox 1590 2535 1686 2563; x_wconf 83' lang='lat' dir='ltr'><strong>sexta,</strong></span> 
     </span>
    </p>
   </div>
   <div class='ocr_carea' id='block_1_110' title="bbox 897 2569 1686 2608">
    <p class='ocr_par' dir='ltr' id='par_1_110' title="bbox 897 2569 1686 2608">
     <span class='ocr_line' id='line_1_110' title="bbox 897 2569 1686 2608; baseline 0.01 -13"><span class='ocrx_word' id='word_1_764' title='bbox 897 2569 1011 2603; x_wconf 84' lang='lat' dir='ltr'><strong>ejusque</strong></span> <span class='ocrx_word' id='word_1_765' title='bbox 1030 2570 1083 2598; x_wconf 86' lang='lat' dir='ltr'><strong>diei</strong></span> <span class='ocrx_word' id='word_1_766' title='bbox 1104 2571 1169 2599; x_wconf 86' lang='lat' dir='ltr'><strong>hara</strong></span> <span class='ocrx_word' id='word_1_767' title='bbox 1185 2577 1243 2599; x_wconf 79' lang='lat' dir='ltr'><strong>erat</strong></span> <span class='ocrx_word' id='word_1_768' title='bbox 1268 2574 1346 2606; x_wconf 80' lang='lat' dir='ltr'><strong>quasi</strong></span> <span class='ocrx_word' id='word_1_769' title='bbox 1371 2579 1446 2602; x_wconf 72' lang='lat' dir='ltr'><strong>sexta</strong></span> <span class='ocrx_word' id='word_1_770' title='bbox 1463 2576 1496 2608; x_wconf 80' lang='grc'><strong>⁸³,</strong></span> <span class='ocrx_word' id='word_1_771' title='bbox 1519 2575 1583 2602; x_wconf 84' lang='lat' dir='ltr'><strong>dum</strong></span> <span class='ocrx_word' id='word_1_772' title='bbox 1610 2578 1686 2604; x_wconf 81' lang='lat' dir='ltr'><strong>cruci</strong></span> 
     </span>
    </p>
   </div>
   <div class='ocr_carea' id='block_1_111' title="bbox 897 2614 1687 2652">
    <p class='ocr_par' dir='ltr' id='par_1_111' title="bbox 897 2614 1687 2652">
     <span class='ocr_line' id='line_1_111' title="bbox 897 2614 1687 2652; baseline 0.011 -12"><span class='ocrx_word' id='word_1_773' title='bbox 897 2614 992 2642; x_wconf 82' lang='lat' dir='ltr'><strong>allixus</strong></span> <span class='ocrx_word' id='word_1_774' title='bbox 1008 2620 1060 2648; x_wconf 77' lang='lat' dir='ltr'><strong>est,</strong></span> <span class='ocrx_word' id='word_1_775' title='bbox 1081 2625 1136 2652; x_wconf 90' lang='lat' dir='ltr'><strong>quo</strong></span> <span class='ocrx_word' id='word_1_776' title='bbox 1153 2618 1233 2645; x_wconf 90' lang='lat' dir='ltr'><strong>nobis</strong></span> <span class='ocrx_word' id='word_1_777' title='bbox 1244 2625 1327 2646; x_wconf 69' lang='lat' dir='ltr'><strong>sextae</strong></span> <span class='ocrx_word' id='word_1_778' title='bbox 1343 2619 1476 2648; x_wconf 88' lang='lat' dir='ltr'><strong>chiliados</strong></span> <span class='ocrx_word' id='word_1_779' title='bbox 1492 2620 1634 2648; x_wconf 92' lang='lat' dir='ltr'><strong>dimidium</strong></span> <span class='ocrx_word' id='word_1_780' title='bbox 1648 2622 1687 2649; x_wconf 86' lang='lat' dir='ltr'><strong>si-</strong></span> 
     </span>
    </p>
   </div>
   <div class='ocr_carea' id='block_1_112' title="bbox 895 2660 1683 2699">
    <p class='ocr_par' dir='ltr' id='par_1_112' title="bbox 895 2660 1683 2699">
     <span class='ocr_line' id='line_1_112' title="bbox 895 2660 1683 2699; baseline 0.011 -13"><span class='ocrx_word' id='word_1_781' title='bbox 895 2660 1051 2696; x_wconf 83' lang='lat' dir='ltr'><strong>gniﬁcatur,</strong></span> <span class='ocrx_word' id='word_1_782' title='bbox 1076 2663 1191 2699; x_wconf 87' lang='lat' dir='ltr'><strong>ideoque</strong></span> <span class='ocrx_word' id='word_1_783' title='bbox 1212 2665 1323 2693; x_wconf 75' lang='lat' dir='ltr'><strong>deﬁnite</strong></span> <span class='ocrx_word' id='word_1_784' title='bbox 1343 2673 1397 2693; x_wconf 90' lang='lat' dir='ltr'><strong>non</strong></span> <span class='ocrx_word' id='word_1_785' title='bbox 1419 2666 1487 2695; x_wconf 86' lang='lat' dir='ltr'><strong>dixit</strong></span> <span class='ocrx_word' id='word_1_786' title='bbox 1510 2667 1576 2694; x_wconf 90' lang='lat' dir='ltr'><strong>hora</strong></span> <span class='ocrx_word' id='word_1_787' title='bbox 1595 2672 1683 2699; x_wconf 80' lang='lat' dir='ltr'><strong>sexta.</strong></span> 
     </span>
    </p>
   </div>
   <div class='ocr_carea' id='block_1_113' title="bbox 896 2710 1685 2743">
    <p class='ocr_par' dir='ltr' id='par_1_113' title="bbox 896 2710 1685 2743">
     <span class='ocr_line' id='line_1_113' title="bbox 896 2710 1685 2743; baseline 0.01 -11"><span class='ocrx_word' id='word_1_788' title='bbox 896 2713 992 2741; x_wconf 83' lang='lat' dir='ltr'><strong>parum</strong></span> <span class='ocrx_word' id='word_1_789' title='bbox 1009 2715 1025 2734; x_wconf 83' lang='lat' dir='ltr'><strong>a</strong></span> <span class='ocrx_word' id='word_1_790' title='bbox 1041 2716 1157 2736; x_wconf 86' lang='lat' dir='ltr'><strong>numero</strong></span> <span class='ocrx_word' id='word_1_791' title='bbox 1179 2710 1317 2743; x_wconf 85' lang='lat' dir='ltr'><strong>aberrare,</strong></span> <span class='ocrx_word' id='word_1_792' title='bbox 1335 2719 1463 2739; x_wconf 82' lang='lat' dir='ltr'><strong>sermone</strong></span> <span class='ocrx_word' id='word_1_793' title='bbox 1485 2711 1536 2739; x_wconf 87' lang='lat' dir='ltr'><strong>hoc</strong></span> <span class='ocrx_word' id='word_1_794' title='bbox 1551 2712 1631 2740; x_wconf 73' lang='lat' dir='ltr'><strong>nobis</strong></span> <span class='ocrx_word' id='word_1_795' title='bbox 1644 2713 1685 2740; x_wconf 59' lang='lat' dir='ltr'><strong>in-</strong></span> 
     </span>
    </p>
   </div>
   <div class='ocr_carea' id='block_1_114' title="bbox 896 2754 1687 2791">
    <p class='ocr_par' dir='ltr' id='par_1_114' title="bbox 896 2754 1687 2791">
     <span class='ocr_line' id='line_1_114' title="bbox 896 2754 1687 2791; baseline 0.011 -10"><span class='ocrx_word' id='word_1_796' title='bbox 896 2762 992 2784; x_wconf 86' lang='lat' dir='ltr'><strong>nuens.</strong></span> <span class='ocrx_word' id='word_1_797' title='bbox 1011 2755 1033 2782; x_wconf 86' lang='lat' dir='ltr'><strong>A</strong></span> <span class='ocrx_word' id='word_1_798' title='bbox 1055 2756 1165 2784; x_wconf 86' lang='lat' dir='ltr'><strong>Christo</strong></span> <span class='ocrx_word' id='word_1_799' title='bbox 1183 2757 1215 2785; x_wconf 81' lang='lat' dir='ltr'><strong>ad</strong></span> <span class='ocrx_word' id='word_1_800' title='bbox 1234 2754 1404 2787; x_wconf 80' lang='lat' dir='ltr'><strong>tricesimum</strong></span> <span class='ocrx_word' id='word_1_801' title='bbox 1429 2767 1530 2787; x_wconf 82' lang='lat' dir='ltr'><strong>annum</strong></span> <span class='ocrx_word' id='word_1_802' title='bbox 1546 2759 1687 2791; x_wconf 55' lang='lat' dir='ltr'><strong>Consum.</strong></span> 
     </span>
    </p>
   </div>
   <div class='ocr_carea' id='block_1_115' title="bbox 1007 2846 1253 2879">
    <p class='ocr_par' dir='ltr' id='par_1_115' title="bbox 1007 2846 1253 2879">
     <span class='ocr_line' id='line_1_115' title="bbox 1007 2846 1253 2879; baseline 0.004 -6"><span class='ocrx_word' id='word_1_803' title='bbox 1007 2847 1030 2862; x_wconf 76' lang='grc'><strong><em>⁵³</em></strong></span> <span class='ocrx_word' id='word_1_804' title='bbox 1044 2846 1123 2875; x_wconf 76' lang='grc' dir='ltr'><strong>.Ιο(‹η⁴</strong></span> <span class='ocrx_word' id='word_1_805' title='bbox 1140 2855 1196 2879; x_wconf 74' lang='lat' dir='ltr'><strong>xu,</strong></span> <span class='ocrx_word' id='word_1_806' title='bbox 1212 2847 1253 2875; x_wconf 76' lang='grc' dir='ltr'><strong>Η.</strong></span> 
     </span>
    </p>
   </div>
  </div>
