1909 3071
231 111 284 138 ’159

674 107 703 136 S.
725 107 946 137 EUSTATHIUS
964 109 1207 138 ANTIOCHENUS
1224 107 1421 136 EPISCOPUS.

1801 105 1854 132 760

231 171 283 198 lini
308 175 487 196 numerantur
514 167 579 194 anni
603 174 712 202 ccum,
734 169 1014 204 et‘quemadmodum

1068 169 1112 206 Ετη
1131 168 1189 196 ἐστὶ
1212 167 1276 200 σξθ’.
1294 168 1397 203 Ὥσπερ
1410 166 1438 192 δὲ
1453 166 1468 192 ὸ
1487 165 1579 197 Ἰωνᾶς
1593 165 1668 200 τρεῖς
1680 163 1788 200 ἡμέρας
1802 165 1854 190 καὶ

229 215 312 244 Jonas
331 214 420 241 tribus
436 213 533 240 diebus
561 216 588 240 et
608 212 696 240 tribus
719 215 845 242 noctibus
866 215 895 242 in
917 219 1012 242 ventre

229 261 283 288 ceti
299 262 495 291 commoratus,
514 259 606 287 salvus
626 260 769 287 restitutus
789 265 841 292 cst,
860 260 900 288 sic
918 264 945 288 et
961 268 1012 289 nos

228 314 324 334 omnes
336 306 426 334 tribus
441 306 572 341 temporis
595 305 744 333 intervallis
757 306 784 332 in
799 309 870 333 terra
886 314 1014 334 consum-

228 352 293 387 ptis,
310 358 496 386 resurgemus,
512 358 626 385 quorum
643 350 764 385 symbola
778 349 903 378 Salvator
920 355 1015 378 noster

228 397 363 431 expressit
379 395 468 422 tribus
481 394 587 427 diebus,
604 398 630 423 et
649 396 737 423 tribus
755 396 882 423 noctibus
897 396 1014 430 peractis

228 442 280 470 sub
298 446 380 474 terra,
399 441 467 468 satis
483 440 601 468 dilucide
625 441 752 469 erudiens
768 441 905 476 praadictis
928 441 1013 468 inter-

229 487 308 514 vallis
320 487 451 522 temporis
470 486 623 522 completis,
645 487 874 514 resurrectionem
889 491 1013 515 nostram

229 533 395 566 adfuturam,
410 533 503 560 seculi
516 533 707 568 consequentis
720 533 893 568 principium.

263 665 358 693 Jectan
367 665 390 682 "
401 665 501 693 liberos
516 665 611 692 habuit
627 663 784 695 Salmodad,
801 671 835 691 ex
859 671 914 699 quo
933 662 990 691 Indi
1004 673 1012 697 ς

230 711 340 746 Saleph,
356 719 389 739 ex
404 719 458 747 quo
471 711 561 738 Baetri
575 720 582 744 ;
600 710 753 741 Asarmoth,
769 718 801 737 ex
822 717 877 745 quo
893 710 1012 743 Arabes;

230 757 333 789 larach,
351 765 385 784 ex
404 765 457 792 quo
481 757 626 790 Garmani;
647 755 762 788 Odorra,
780 764 812 783 ex
835 763 890 790 quo
911 755 1012 788 Mardi;

230 803 303 834 lezil,
314 811 347 830 ex
363 811 417 839 quo
430 803 556 835 Arriani;
575 802 666 834 Decla,
681 810 715 830 ex
736 810 790 836 quo
804 801 944 834 Cedrusii;
961 800 1012 828 Ge-

1063 217 1136 252 τρεῖς
1146 215 1245 245 νύκτας
1258 215 1286 240 ὲν
1299 214 1331 248 τῇ
1344 212 1431 247 κοιλία
1445 210 1492 237 τοῦ
1504 211 1604 246 κήτους
1616 209 1758 245 διατρίψας
1771 209 1854 244 ὑγιὴς

1064 260 1193 296 ἀπεδόθη,
1222 259 1293 285 οὕτω
1316 259 1363 284 καὶ
1393 258 1474 292 ἡμεῖς
1496 257 1606 287 πάντες,
1630 254 1678 286 τὰς
1703 256 1778 290 τρεῖς
1803 254 1852 280 τοῦ

1065 306 1161 337 αἰῶνος
1181 304 1334 335 διαστάσεις
1354 303 1513 337 ποιήσαντες
1532 301 1562 327 ἐν
1579 301 1612 335 τῇ
1629 302 1674 335 γῇ,
1699 300 1854 334 ἀναστησό-

1067 350 1145 386 μεθα.
1170 349 1239 385 Τρία
1260 349 1314 384 γὰρ
1327 348 1372 375 τοῦ
1397 348 1493 383 χρόνου
1513 347 1572 373 ἐστὶ
1590 345 1721 373 καθολικα
1738 345 1853 380 Eua-1+,-

1066 405 1148 432 ματα,
1164 395 1288 426 ἐνεστὼς,
1304 393 1482 430 παρῳχηκὼς,
1503 392 1616 428 μέλλων,
1630 388 1668 418 ὦν
1681 391 1716 418 τὰ
1729 391 1853 426 σύμϐολα

1065 443 1078 468 ὁ
1099 442 1192 477 Σωτὴρ
1210 441 1287 476 ἡμῶν
1304 440 1476 476 ᾠκονόμησε,
1494 439 1568 475 τρεῖς
1590 438 1697 474 ἡμέρας
1713 438 1762 464 καὶ
1778 439 1853 471 τρεῖς

1064 487 1164 518 νύκτας
1181 487 1295 522 ποιήσας
1312 487 1340 512 ἐν
1354 487 1386 521 τῇ
1403 487 1447 520 γῇ,
1465 484 1596 511 διδάσκων
1612 483 1716 518 σαφῶς,
1730 484 1783 513 ὅτι,
1798 483 1853 508 τῶν

1065 531 1271 568 προειρημένων
1293 529 1498 565 περαιωθέντων
1513 528 1704 562 διαστημάτων
1720 526 1767 552 τοῦ
1787 526 1851 560 χρό-

1065 587 1121 610 νου,
1143 577 1216 604 ἔσται
1232 576 1309 612 ἡμῶν
1325 577 1341 611 ἡ
1357 575 1513 606 ἀνάστασις,
1530 573 1576 600 τοῦ
1594 572 1736 608 μέλλοντος
1755 572 1852 603 etiam;

1065 623 1135 659 ἀρχὴ
1153 623 1322 658 ὑπάρχουσα.

1100 670 1160 695 Υἱοὶ
1175 668 1204 695 δὲ
1229 668 1351 702 ἐγένοντο
1371 666 1409 701 τῷ
1440 664 1551 695 Ἱεκτὰν,
1575 664 1734 700 Σαλμωδὰδ,
1758 664 1806 698 ἀφ’
1822 660 1852 689 οὗ

1071 715 1161 741 Ἰνδοί·
1178 714 1277 748 Σάλεφ,
1298 714 1344 748 ἀφ’
1360 709 1390 739 οἷ’)
1412 711 1544 747 Βόικτροι⁸
1576 709 1729 746 Ἀσαρμὼθ,
1759 709 1807 743 ἀφ’
1823 706 1853 735 αὖ

1067 760 1198 796 Ἄραϐες·
1226 758 1328 795 ’1αρὰχ,
1354 759 1399 792 ἀφ’
1424 754 1454 784 οὗ
1474 756 1625 792 Καρμανοί·
1658 755 1783 791 Ὀδορρὰ,
1807 755 1852 789 ἀφ’

1065 803 1096 832 οὗ
1117 806 1240 842 Μάρδοι·
1271 805 1373 837 Ἰεζεὶλ,
1399 805 1445 839 ἀφ’
1468 800 1498 830 οὗ
1526 801 1670 839 Ἀρριανοι⁸
1684 801 1784 831 Δεχλὰ,
1806 801 1852 836 ἀφ’

228 850 283 882 bal,
295 857 328 877 ex
341 857 396 884 quo
406 849 528 885 Scytha;
543 848 675 878 Abimeel.
692 856 725 875 ex
738 857 792 883 quo
812 848 947 883 Hyrcani;
960 847 1012 874 Sa—

1068 848 1092 878 )ἵδ
1121 851 1295 886 Κεδρούσιοι·
1322 851 1342 877 Γ
1344 850 1419 883 εὸὰλ,
1444 851 1491 885 ἀφ’
1509 846 1538 876 οὗ
1562 849 1678 876 Σκύθαι·
1709 847 1851 883 Ἄδιμεὴλ,

230 896 280 923 heu
301 903 334 923 ex
348 903 402 930 quo
413 895 515 922 Arabes
531 893 644 926 Felices;
657 893 752 929 Uphir,
763 903 796 922 ex
812 902 866 929 quo
879 893 1011 926 Armenii;

228 941 326 974 Evilat,
343 948 375 968 ex
389 949 444 976 quo
456 940 706 976 Gymnosophistze;
718 940 746 967 hi
761 947 856 968 omnes
873 939 920 966 lilii
937 938 1012 968 Sent.

263 1029 325 1056 Sala
346 1029 439 1065 genuit
460 1028 564 1065 Ragau,
582 1029 676 1065 Ragau
696 1029 813 1061 Seruch,
836 1028 941 1056 Seruch
960 1028 1011 1055 Na-

227 1075 294 1103 ehor
302 1076 336 1108 ",
351 1075 395 1103 cui
406 1075 595 1103 Chaldaeorum
613 1075 779 1103 vaticinandi
795 1079 881 1102 artem
892 1079 919 1102 et
940 1075 1012 1102 side-

227 1128 287 1147 rum
307 1120 365 1147 vias
383 1120 505 1147 tradidit.
523 1119 610 1154 llujus
632 1120 801 1155 temporibus
823 1119 870 1147 filii
885 1119 941 1147 Noe
953 1119 1013 1146 ido-

227 1166 315 1192 lorum
328 1166 445 1193 cultibus
457 1174 486 1193 se
500 1165 608 1197 dedere,
622 1166 741 1200 vitiaque
758 1165 850 1193 omnia
872 1173 1010 1198 exercere,

226 1211 309 1238 urbes
331 1214 482 1242 exstruere,
501 1217 579 1245 reges
601 1217 706 1242 creare,
731 1209 875 1237 obsidione
891 1209 1011 1244 cingere,

226 1256 352 1291 praedari,
371 1255 521 1290 eaptivare.

261 1340 370 1368 Nachor
384 1342 475 1376 genuit
493 1340 636 1371 Tharra",
653 1339 756 1368 Tharra
765 1340 910 1373 Abraham,
924 1345 950 1369 et
958 1341 1012 1368 Na-

227 1386 304 1418 chor,
315 1390 342 1413 et
355 1386 447 1414 Aram.
458 1386 550 1419 Aram,
560 1385 620 1418 Lot,
633 1390 659 1414 et
671 1385 792 1417 Sarram,
803 1391 830 1414 et
845 1386 967 1414 Melchau
975 1387 1008 1414 ⁵⁷.

226 1432 307 1458 Aram
330 1432 358 1458 in
377 1432 445 1459 urbe
467 1431 672 1465 Chaldmorum,
693 1440 752 1467 qua:
773 1432 836 1459 Urel
858 1432 1009 1466 dicebatur,

225 1477 281 1504 vita
297 1477 419 1511 privatus
432 1477 514 1509 est",
530 1477 610 1511 cujus
627 1481 654 1503 et
669 1477 696 1504 in
713 1477 771 1504 hzec
787 1482 909 1512 tempora
925 1478 1011 1512 sepul-

226 1530 303 1549 crum
320 1522 354 1549 ab
369 1522 496 1549 omnibus
514 1522 621 1555 visitur,
639 1522 811 1557 decessitque
825 1523 853 1549 in
874 1523 1011 1556 incendio,

226 1577 281 1604 quo
308 1569 410 1595 Abram
425 1568 496 1596 idola
513 1569 598 1603 patris
615 1569 658 1596 sui
670 1569 857 1604 conflagravit,
875 1569 938 1596 dum
958 1569 1011 1597 illis

227 1619 256 1642 ut
272 1615 428 1642 subveniret
442 1615 552 1642 domum
572 1619 645 1643 esset
670 1615 830 1650 ingressus;
855 1623 1011 1650 uxoresque

226 1661 329 1687 ducunt
337 1667 456 1691 sorores,
465 1659 587 1687 lllelchan
596 1660 720 1693 Nachor;
733 1660 844 1687 Sarram
867 1660 1006 1688 Abraham

226 1704 261 1730 ³³.
282 1703 373 1739 Neque
392 1703 418 1731 id
431 1710 528 1739 praeter
541 1705 587 1739 jus
598 1710 690 1741 agunt,
707 1713 769 1732 cum
784 1705 858 1732 nulla
867 1710 946 1733 antea
958 1707 1012 1734 lata

226 1753 299 1776 esset
317 1749 359 1776 lex
382 1757 441 1785 quae
455 1750 507 1777 hoc
531 1754 644 1778 vetaret.
670 1749 776 1778 Etenim
793 1751 815 1778 si
829 1751 864 1778 ab
889 1751 1011 1778 omnium

226 1795 363 1822 communi
385 1799 496 1830 parente
510 1795 596 1822 Adam
620 1796 734 1830 ejusque
746 1803 832 1824 uxore
851 1796 940 1824 editos
954 1800 1010 1824 tum

225 1847 327 1871 mares,
342 1845 400 1868 tum
427 1840 552 1872 feminas,
570 1841 695 1876 quamvis
718 1845 810 1868 essent
829 1844 856 1869 ct
872 1841 971 1869 fratres
986 1848 1012 1869 et

225 1894 335 1914 sorores
351 1887 384 1913 ad
402 1886 586 1922 procreaudos
608 1887 710 1915 liberos
726 1891 824 1915 natura
839 1888 898 1922 ipsa
912 1887 1012 1916 fratres

226 1932 378 1965 sororibus,
406 1936 436 1959 ut
464 1933 713 1968 conjungerentur,
742 1934 961 1968 collocarentqne
984 1934 1012 1960 in

226 1978 410 2011 matrimonio,
431 1979 596 2006 necessitate
621 1979 737 2013 quadam
766 1980 906 2015 compulit,
931 1980 972 2007 sic
986 1984 1013 2007 et

226 2025 272 2058 qui
289 2032 336 2053 eos
352 2026 438 2053 secuti
453 2029 527 2058 sunt,
543 2026 606 2053 dum
626 2026 715 2053 adhuc
731 2027 758 2054 in
776 2027 863 2061 prima
885 2027 930 2054 illa
947 2035 1012 2055 suc-

226 2070 350 2098 cessione
373 2071 441 2106 legis
459 2072 582 2099 viverent
601 2073 736 2107 majorum
756 2081 846 2100 mores
861 2077 922 2108 apte
946 2081 1014 2101 con-

225 2120 406 2152 gruenterque
422 2117 663 2152 amplectebantur.

259 2161 346 2189 Porro
373 2161 478 2190 Tharra
497 2162 651 2191 Chaldmam
682 2164 745 2191 odio
770 2164 873 2192 habens
901 2168 1011 2200 propter

225 2208 353 2236 acerbum
365 2209 410 2236 filii
429 2209 542 2242 luctum,
554 2210 582 2237 in
600 2210 825 2246 Mesopotamiam
842 2218 871 2238 se
882 2211 1008 2243 contulit,

225 2254 316 2289 ibique
329 2262 391 2281 cum
406 2255 485 2284 annis
499 2255 625 2284 ducentis
635 2260 662 2284 et
673 2257 793 2292 quinque
805 2256 930 2289 vixisset,
939 2256 1010 2284 diem

224 2309 304 2328 suum
321 2301 427 2329 obiit“.

259 2347 299 2373 Ex
325 2355 359 2374 eo
380 2348 454 2375 enim
470 2352 591 2384 tempore
615 2349 670 2376 vita
696 2349 836 2376 hominum
863 2349 1010 2376 contrahe-

222 2393 314 2424 batur.
329 2394 587 2430 angustioribusque
605 2395 818 2422 concludebatur
835 2394 949 2426 ﬁnibus,
963 2402 1011 2421 us-

223 2445 276 2472 que
300 2437 334 2464 ad
359 2437 460 2474 Moysis
481 2444 582 2466 ortum.
601 2439 708 2467 Etenim
727 2443 788 2474 post
807 2439 926 2475 Moysem
946 2440 1009 2466 vita

224 2483 352 2511 humanae
365 2486 500 2512 terminus
512 2486 680 2513 constitutus
693 2490 735 2513 est
746 2493 881 2512 annorum
899 2491 1008 2513 centum

221 2534 250 2557 et
265 2530 371 2565 viginti,
390 2539 460 2565 quos
471 2540 534 2559 cum
548 2537 575 2559 et
593 2532 652 2567 ipse
672 2531 777 2567 Moyses
794 2532 955 2567 peregisset,
970 2533 1010 2559 vi-

221 2579 277 2602 tam
295 2584 358 2604 cum
373 2581 460 2605 morte
471 2578 659 2605 commutavit.

258 2621 358 2650 Verum
392 2623 528 2651 Abraham
547 2629 654 2659 'terque
677 2627 828 2658 quaterque
852 2624 957 2655 beatus,
980 2624 1008 2650 in

223 2673 362 2695 astrorum
378 2669 492 2697 scientia
507 2675 566 2697 erat
580 2670 716 2698 excellens
727 2674 754 2698 et
773 2671 931 2705 singularis,
950 2677 1008 2696 ma-

221 2714 383 2750 joribusque
402 2724 484 2751 quam
501 2717 546 2744 alii
561 2717 774 2752 cogitationibus
786 2717 880 2744 virtuti
895 2725 1006 2752 operam

258 2806 282 2822 ”
297 2806 360 2832 Gen.
384 2815 410 2838 ιι,
422 2807 466 2834 26.

507 2809 529 2823 υ
545 2807 607 2835 σενι.
626 2807 665 2841 ξι,
683 2808 728 2834 22.
767 2808 790 2824 ια
806 2807 874 2834 Ibid.
891 2807 935 2834 ει.
974 2808 995 2824 ετ
1013 2806 1075 2835 ατη.
1101 2815 1140 2840 ιι,
1166 2805 1211 2834 22.

1065 897 1111 932 ἀφ’
1123 894 1153 924 οὗ
1175 897 1314 933 ’Υρκανοί·
1330 896 1427 929 Σαϐεὖ,
1440 897 1486 930 ἀφ’
1500 893 1530 923 οὗ
1545 894 1663 930 ’Ἄραϐες
1671 893 1850 928 Εὑδαίμονες·

1064 944 1161 979 Οὺφὶρ,
1186 943 1232 977 ἀφ’
1246 939 1276 969 οὗ
1303 942 1457 978 Ἀρμένιοι·
1478 941 1587 973 Εὺὶλὰτ,
1605 942 1650 975 ἀφ’
1665 936 1696 966 οὗ
1716 948 1851 975 γυμνοσοο

1064 990 1167 1024 φισταί.
1188 985 1268 1016 Οὗτοι
1283 989 1383 1020 πάντες
1395 989 1448 1014 υἱοὶ
1464 989 1533 1023 Σήμ.

1099 1036 1171 1063 Ζαλὰ
1185 1036 1212 1062 δὲ
1233 1035 1359 1070 ἐγέννησε
1379 1035 1423 1061 τὸν
1444 1034 1556 1069 Ῥαγαῦ’
1579 1033 1680 1068 Ῥαγαῦ
1695 1034 1723 1060 δὲ
1738 1033 1785 1060 τὸν
1805 1033 1852 1059 Σε-

1067 1081 1146 1118 ρούχ·
1166 1081 1267 1117 Σεροὺχ
1279 1081 1307 1107 δὲ
1322 1081 1366 1107 τὸν
1385 1079 1494 1115 Ναχὼρ,
1511 1081 1556 1106 καὶ
1573 1079 1690 1112 ἐδίδαξεν
1705 1079 1788 1106 αὑτὸν
1805 1080 1853 1114 τὴν

1062 1128 1116 1156 τῶν
1138 1127 1279 1154 Χαλδαίων
1304 1126 1432 1161 μαντείαν
1468 1126 1516 1152 καὶ
1539 1125 1731 1160 ἀστρονομίαν.
1757 1125 1803 1151 Ἐν
1823 1125 1852 1151 δὲ

1062 1175 1117 1206 τοῖς
1139 1173 1244 1208 χρόνοις
1269 1173 1370 1208 Σεροὺχ
1387 1173 1410 1198 oi
1428 1172 1480 1198 υἱοὶ
1497 1171 1558 1197 Νῶε
1577 1171 1779 1206 εἰδωλολατρεῐν
1801 1172 1851 1207 ἧρ-

1063 1217 1141 1250 ξαντο
1157 1218 1204 1244 καὶ
1218 1216 1316 1244 κακίαν
1333 1217 1420 1243 πᾶσαν
1435 1215 1624 1252 μετέρχεσθαι,
1642 1216 1689 1242 καὶ
1701 1217 1854 1251 οἰκοδομεῖν

1062 1262 1164 1294 πόλεις,
1181 1263 1228 1290 καὶ
1250 1261 1369 1297 βασιλεῖς
1385 1261 1526 1296 καθιστᾷν,
1549 1261 1596 1287 καὶ
1619 1260 1790 1296 πολιορκεῖν,
1806 1261 1852 1287 χαὶ

1063 1309 1204 1344 ἁρπάζειν,
1221 1309 1268 1334 καὶ
1284 1307 1503 1343 αἰχμαλωτίζειν.

1097 1354 1197 1390 Ναχὼρ
1219 1354 1247 1380 δὲ
1275 1353 1404 1388 ἐγέννησε
1437 1353 1482 1379 τὸν
1502 1353 1606 1388 Θάρρα,
1638 1353 1736 1388 esse;
1759 1353 1788 1379 δὲ
1806 1351 1854 1380 τδν

1068 1399 1201 1435 Ἀϐραὰμ,
1213 1399 1260 1426 καὶ
1270 1400 1314 1426 τὺν
1326 1399 1435 1434 Ναχὼρ,
1447 1399 1493 1425 καὶ
1504 1399 1548 1424 τὸν
1565 1396 1655 1434 ’Λράν.
1672 1399 1755 1434 Ἀρὰν
1769 1399 1797 1424 δὲ
1808 1398 1852 1424 τὶν

1062 1445 1133 1477 Λὼτ,
1163 1445 1210 1471 καὶ
1229 1445 1279 1480 τὴν
1302 1445 1421 1480 Σάρραν,
1438 1444 1485 1471 καὶ
1509 1444 1628 1480 Μελχὰν.
1660 1445 1688 1471 '0
1711 1445 1740 1471 δὲ
1770 1444 1851 1479 Ἀρὰν

1063 1490 1197 1516 ἀπέθανεν
1213 1491 1243 1516 ἐν
1265 1489 1339 1515 πόλει
1363 1489 1454 1525 Οὑρὴλ
1477 1489 1608 1525 λεγομένῃ
1624 1489 1678 1515 τῶν
1698 1489 1850 1520 Χαλδαίων,

1062 1537 1092 1562 ἐν
1147 1536 1186 1562 ἔτι
1205 1536 1252 1563 καὶ
1269 1536 1316 1562 νῦν
1331 1536 1415 1570 τάφος
1438 1535 1519 1561 αὑτοῦ
1541 1535 1689 1562 δείκνυται.
1720 1535 1851 1562 Ἀπέθανε

1062 1583 1090 1609 δὲ
1115 1584 1143 1609 ἐν
1175 1582 1212 1617 τῷ
1245 1581 1427 1617 ὲμπυρισμῷ,
1452 1579 1474 1616 ᾧ
1499 1582 1657 1618 ἐνεπύρισεν
1692 1581 1801 1617 Ἀϐρὰμ
1820 1582 1851 1608 τὲ

1063 1628 1158 1655 εἰδωλα
1172 1627 1218 1654 τοῦ
1243 1629 1345 1664 πατρὸς
1365 1627 1445 1654 αὑτοῦ
1463 1629 1492 1654 ἐν
1505 1628 1543 1663 τῷ
1557 1627 1685 1654 εἰσελθεῖν
1711 1628 1852 1660 ἐξελέσθαι

1063 1675 1142 1702 αὐτὰ.
1166 1674 1287 1709 Γαμοῦσι
1306 1674 1334 1700 δὲ
1357 1674 1406 1705 τὰς
1430 1674 1547 1708 ἀδελφὰς
1570 1673 1680 1708 Μελχὰν
1714 1674 1764 1708 μὲν
1796 1673 1851 1699 Να-

1063 1722 1130 1757 χὼρ,
1160 1721 1267 1757 Σάρραν
1294 1721 1321 1747 δὲ
1346 1722 1359 1747 ὁ
1387 1721 1522 1756 Ἀϐραάμ..
1549 1720 1604 1747 Καὶ
1627 1720 1657 1746 οὐ
1683 1719 1852 1755 παρανόμως

1063 1767 1141 1793 τοῦτο
1170 1766 1307 1798 ποιοῦσιν,
1335 1766 1428 1801 ἐπειδὴ
1455 1766 1521 1801 μηδὲ
1545 1766 1626 1800 νόμος
1648 1763 1682 1800 ἦν
1705 1765 1818 1791 πώποτε
1838 1765 1852 1790 ὁ

1063 1813 1184 1840 κωλύων.
1208 1814 1239 1840 El
1255 1812 1308 1848 γὰρ
1326 1812 1388 1843 τοὺς
1407 1812 1461 1838 ἀπὺ
1483 1811 1529 1838 τοῦ
1552 1811 1641 1838 κοινοῦ
1666 1811 1778 1837 πάντων
1800 1819 1852 1836 πα-

1063 1860 1126 1896 τρὸς
1152 1859 1236 1894 ’Λδὰμ
1264 1859 1378 1893 καὶτῆς
1399 1858 1494 1885 τούτου
1514 1857 1642 1892 γυναικὸς
1674 1857 1853 1892 γεννηοέντας

1063 1903 1180 1938 ἄρρενας
1202 1904 1249 1929 καὶ
1271 1903 1391 1937 θηλείας,
1413 1902 1543 1936 ἀδελφοὺς
1563 1902 1642 1934 ὄντας
1657 1902 1706 1928 καὶ
1723 1901 1853 1935 ἀδελφὰς,

1063 1950 1079 1985 ἡ
1111 1950 1191 1984 φύσις
1214 1950 1260 1976 ἐπὶ
1287 1948 1457 1975 παιδοποιίαν
1475 1948 1694 1984 προκαλουμένη,
1722 1948 1852 1982 ἀδελφοὺς

1063 1996 1190 2030 ἀδελφαῖς
1210 1995 1316 2031 ἀνάγκῃ
1333 1996 1378 2022 ἐπὶ
1392 1996 1481 2031 γάμου
1507 1995 1648 2022 κοινωνίαν
1673 1995 1784 2030 ἐνῆγεν·
1803 1995 1852 2021 οὐκ

1063 2043 1176 2074 ἀπεικὸς
1205 2041 1327 2086 οὗνικαὶ
1350 2043 1412 2074 τοὺς
1445 2042 1513 2077 μετὰ
1548 2041 1635 2067 ταῦτα
1663 2041 1714 2076 τῆς
1742 2040 1854 2077 πρώτης

1063 2088 1244 2123 τυγχάνοντας
1262 2087 1388 2123 διαδοχῆς
1402 2087 1448 2114 τοῦ
1462 2087 1545 2122 νόμου
1563 2086 1617 2114 τῶν
1636 2087 1779 2122 προγόνων
1806 2095 1854 2113 κα-

1062 2134 1174 2160 τακολου
1179 2134 1244 2161 Οεῖν.

1105 2179 1134 2204 Ὀ
1153 2178 1181 2205 δὲ
1201 2179 1304 2214 Θάρρει,
1323 2179 1441 2214 μισήσας
1456 2179 1505 2214 τὴν
1521 2178 1657 2205 Χαλδαίαν
1679 2178 1725 2205 διὰ
1746 2179 1776 2204 τὸ
1791 2179 1853 2205 πένε

1063 2223 1109 2254 00;
1124 2223 1171 2249 τοῦ
1187 2223 1256 2254 υἱοῦ,
1272 2225 1312 2255 εἰς
1325 2224 1375 2258 τὴν
1392 2224 1603 2259 Μεσοποταμίαν
1620 2224 1740 2258 μετῆλοε
1751 2244 1758 2255 ,
1773 2225 1853 2250 κάκεῖ

1062 2266 1231 2301 ἐτελεύτησε,
1249 2266 1349 2301 βιώσας
1363 2267 1410 2303 ἔτη
1429 2267 1509 2294 πέντε
1527 2269 1573 2294 καὶ
1589 2268 1726 2295 διακόσια.

1100 2355 1212 2381 Ἐκτοτε
1233 2355 1285 2391 γὰρ
1303 2356 1356 2382 τῶν
1370 2356 1520 2392 ἀνθρώπων
1536 2357 1566 2383 τὸ
1584 2357 1633 2392 ζῇν
1662 2358 1852 2394 συνετέμνετο,

1062 2398 1109 2425 καὶ
1132 2399 1296 2435 βραχύτερον
1320 2400 1440 2434 ἐγένετο,
1461 2402 1524 2437 ἄχρι
1543 2403 1592 2437 τῆς
1618 2403 1760 2435 Μωῦσέως
1777 2405 1852 2437 γενέ-

1063 2453 1140 2476 σεως.
1163 2445 1240 2472 Μετὰ
1252 2446 1307 2481 γὰρ
1324 2447 1442 2473 Μωῧσέα
1455 2448 1516 2483 ὄρος
1534 2447 1581 2474 τοῦ
1601 2448 1650 2483 ζῇν
1675 2450 1785 2483 ἐγένετο
1805 2451 1851 2486 ἐτη

1064 2493 1115 2524 ρκ’,
1138 2490 1215 2517 ἅτινα
1231 2492 1278 2518 καὶ
1294 2492 1373 2524 αὐτὸς
1388 2490 1465 2524 οὗτος
1485 2494 1580 2528 ζήσας,
1605 2494 1652 2520 τὸν
1680 2494 1777 2530 θνητὸν
1796 2495 1851 2530 βίον

1066 2535 1242 2570 μετήλλαξεν.

1105 2623 1230 2658 Ἀϐραὰμ
1246 2623 1273 2649 δὲ
1292 2624 1306 2650 ὁ
1331 2624 1530 2660 τρισμακάριος
1550 2625 1660 2661 ἄριστος
1683 2626 1849 2662 ἀστρονόμος

1062 2667 1204 2702 ἐτύγχανε,
1221 2667 1267 2694 καὶ
1286 2667 1369 2702 μείζω
1387 2668 1440 2694 τῶν
1464 2668 1550 2695 ἄλλων
1572 2668 1680 2704 φρονῶν
1701 2670 1732 2695 ἐν
1753 2670 1846 2705 ἀρετῇ·

1063 2716 1169 2742 πάντων
1181 2715 1234 2741 τῶν
1246 2715 1310 2742 υἱῶν
1322 2716 1382 2742 Νῶε
1395 2717 1434 2748 ei;
1445 2715 1653 2750 δεισιδαιμονίαν
1667 2724 1848 2743 καταπεπι-

1252 2807 1273 2822 η
1292 2805 1361 2833 Ibid.
1376 2807 1420 2834 28.
1457 2807 1479 2822 δν
1496 2806 1566 2833 Ibid.
1583 2806 1626 2834 29.
1669 2808 1691 2823 ‘°
1709 2807 1821 2836 mea:
