1909 3071
76 95 131 122 761

546 85 682 117 SPliRlA,
700 99 735 104 —-
755 81 936 112 COMMENT.
955 81 989 108 IN
1010 81 1256 109 llEXAEMERON.

1656 81 1706 109 ’ῖῧὶ

76 152 180 181 κάτων,
205 148 287 185 μόνος
309 144 387 178 οὗτος
403 144 571 181 Δημιουργὺν
595 142 648 168 τῶν
673 141 780 167 πάντων
804 138 869 166 Θεὸν

924 137 1011 165 dabat.
1022 137 1088 164 Cum
1098 144 1193 163 omnes
1205 135 1251 162 lilii
1266 135 1322 163 Noe
1333 136 1359 162 in
1373 135 1592 171 superstitiosum
1607 135 1707 164 dzemo-

77 197 244 231 ἀπεφήνατο
257 193 336 225 εἶναι,
353 194 385 219 ὲκ
399 192 453 218 τῶν
467 191 530 226 περὶ
546 190 619 225 ἥλιον
634 188 680 215 καὶ
696 187 807 222 σελήνην
821 185 869 212 ἀλ-

76 242 219 270 λοιώσεων
239 240 288 267 καὶ
302 240 334 266 ἐκ
357 239 410 265 τῶν
436 237 499 273 περὶ
514 236 575 271 γῆν,
593 235 640 262 καὶ
665 234 742 269 ἀέρα,
758 232 804 259 καὶ
824 231 871 258 θά-

78 289 184 315 λατταν
215 285 386 321 παθημάτων
414 283 535 313 εἰκάσας.
563 280 612 307 Διὰ
634 280 660 306 τί
686 279 751 314 γὰρ,
776 277 868 313 φησὶν,

81 333 178 368 ἰσχύος
192 331 276 366 οὓσης
290 331 319 358 ὲν
334 330 424 360 αὐτοῖς
439 328 488 363 τῆς
501 327 605 353 ὲαυτῶν
621 325 745 356 εὐταξίας
761 325 791 350 οὺ
807 332 871 359 προ-

79 378 220 409 νοοῦνται,
236 377 295 403 ἀλλ’
306 374 480 411 ὑστεροῦνται
493 372 611 406 ταύτης;
631 372 678 398 Ἐκ
690 370 754 405 γοῦν
770 369 871 396 τούτων

80 424 231 459 γινώσκειν
247 423 360 455 ἔξεστιν,
375 422 416 448 ὅτι
430 421 460 447 οὺ
478 419 536 446 κατ’
555 419 624 445 ίδίαν
648 418 723 452 ἰσχὺν
740 416 870 448 συντελεῖ,

81 472 107 497 εἰ
125 470 175 497 καὶ
191 470 264 496 δοκεί
279 469 430 504 εὐεργετεῖν
445 466 507 498 τοὺς
527 465 686 500 ἀνθρώπους
704 464 734 490 οὺ
754 461 871 498 μικρῶς,

81 516 154 543 ἀλλὰ
169 516 242 542 κατὰ
255 515 304 552 τὴν
323 514 446 550 βούλησιν
459 513 504 539 τοῦ
525 513 696 548 ποιήσαντος.

121 608 196 643 Πρὸς
219 606 285 641 γοῦν
310 605 359 640 τὴν
385 603 463 636 δόξαν
479 603 561 630 αὐτοῦ
587 603 687 637 ταύτην
703 603 728 628 οἱ
745 601 871 628 Χαλδαῖοι

84 654 134 680 καὶ
149 654 174 680 οἱ
188 653 238 688 τὴν
260 651 470 686 Μεσοποταμίαν
486 650 622 683 οἰκοῦντες
639 649 805 684 διεφέροντο,
825 647 872 673 καὶ

83 699 209 733 ἀντεῖχον
239 696 324 732 αὐτῷ.
344 697 398 723 Καὶ
423 696 541 727 ἀναστὰς
568 695 671 721 ἐκεῖθεν
697 694 769 720 κατὰ
789 693 872 728 πρόσ-

84 753 179 779 ταγμα
196 743 264 770 Θεοῦ
280 743 327 778 τὴν
344 742 396 777 γῆν
412 741 464 768 τῶν
480 741 637 768 Χαναναίων
653 739 806 775 κατῴκησε.
826 740 872 765 Λι-

87 789 137 825 μοῦ
151 789 181 816 δὲ
198 789 395 820 καταλαϐόντος
416 788 518 819 δεινοῦ,
534 788 574 819 εἰς
593 787 728 821 Αἴγυπτον
751 786 871 821 παρεγέ-

920 191 985 210 num
1003 183 1104 209 cultum
1128 181 1310 212 corruissent,
1327 181 1402 208 solus
1428 181 1483 214 hic,
1505 180 1589 209 Deum
1614 189 1706 209 rerum

920 229 1042 257 omnium
1057 235 1118 256 esse
1132 227 1290 255 Creatorem
1307 227 1412 254 deﬁniit
1441 234 1456 253 a
1485 227 1551 254 solis
1582 227 1706 262 lunaeque

921 274 1180 302 commutationibus
1207 273 1374 307 reliquisque
1401 280 1461 307 qua:
1487 273 1513 299 in
1533 277 1616 304 terra,
1631 280 1704 306 aere,

921 320 1045 354 marique
1061 320 1234 354 contingunt,
1252 318 1421 352 coniectans.
1443 318 1594 351 Quidnam,
1616 319 1663 350 ait,
1680 318 1704 345 si

921 367 1050 397 facult'as,
1071 367 1209 401 roburque
1225 365 1252 391 in
1279 364 1333 391 illis
1350 367 1401 394 est,
1416 364 1518 390 nullam
1541 364 1583 391 sui
1599 364 1704 391 ordinis

921 412 1098 440 conservandi
1108 419 1202 439 curam
1219 415 1327 447 gerunt,
1343 410 1391 438 sed
1407 410 1452 436 illa
1466 410 1650 437 frustrantur?
1664 409 1704 437 Ex

922 459 964 486 bis
981 459 1071 493 itaque
1086 457 1225 485 fatendum
1247 461 1300 489 est,
1315 464 1346 484 ea
1368 464 1423 483 non
1440 456 1531 482 innata
1551 456 1588 488 vi,
1605 456 1656 483 etsi
1670 456 1704 483 de

921 512 1019 540 genere
1036 505 1154 530 humano
1169 511 1251 538 quam
1274 504 1391 530 maxime
1405 503 1474 530 bene
1497 502 1595 529 mereri
1611 501 1706 529 viden-

921 555 975 583 tur,
993 551 1040 578 sed
1054 550 1193 578 Creatoris
1205 551 1344 578 voluntate
1362 548 1502 584 perlicere.

955 597 1056 624 Contra
1070 598 1139 624 hanc
1149 597 1311 624 sententiam
1323 596 1381 630 ejus
1393 595 1511 623 Chaldaei
1520 600 1546 623 et
1555 595 1707 631 Mesopota-

921 644 981 671 mia:
990 645 1084 671 incolae
1096 644 1173 678 plura
1186 643 1372 678 disputabant,
1381 643 1447 669 etab
1464 650 1496 669 eo
1504 642 1706 676 discrepabant,

921 690 967 725 qui
986 690 1113 716 mandato
1136 689 1182 716 Dei
1204 689 1266 716 inde
1281 697 1408 723 egressus
1425 689 1458 719 ⁶¹,
1474 692 1574 715 terram
1599 687 1707 714 Chana-

922 743 1041 763 nazorum
1066 736 1213 767 habitavit;
1234 735 1332 762 deinde
1353 742 1414 761 cum
1435 734 1519 760 fames
1535 734 1630 768 ingens
1647 740 1706 760 eam

922 782 1059 816 regionem
1071 786 1192 813 vexaret,
1208 780 1355 815 [Egyptum
1371 780 1521 811 advenit",
1534 783 1614 814 atque
1624 777 1708 813 {Egy-

85 844 157 866 νετο,
174 837 222 862 καὶ
246 836 308 867 τοὺς
331 835 493 869 Αἰγυπτίους
512 834 635 870 ἀλλήλοις
657 833 869 866 ἁντιδοξοῦντας,

924 829 993 863 ptios
1012 828 1058 863 qui
1082 828 1156 854 varia
1184 827 1342 858 sentientes,
1367 826 1495 860 legesque
1508 824 1631 859 proprias
1645 831 1708 859 pes-

86 881 132 908 καὶ
147 881 183 908 τὰ
205 881 307 916 νόμιμα
324 880 426 907 ἑαυτῶν
449 880 628 911 διαπτύοντας
643 880 690 906 καὶ
708 880 872 915 ἀνατρέπον-

85 935 134 959 τας
147 927 289 960 ἀπέδειξεν
306 927 428 958 ἅπαντας
442 927 539 958 αὐτοὺς
555 926 636 961 μηδὲν
653 925 790 959 ἀξιόλογον
806 925 872 961 μηδὲ

86 974 272 1010 φρονοῦντας,
290 973 356 1008 μηδὲ
373 972 558 1005 θεσπίζοντας.
576 973 630 999 Καὶ
646 972 811 1007 Θαυμασθεὶς
826 972 872 998 ἐπὶ

87 1020 193 1047 συνέσει
204 1020 252 1046 καὶ
266 1019 346 1054 σοφίᾳ
362 1019 453 1054 πολλῇ,
468 1019 516 1054 τὴν
529 1017 710 1053 ἀριθμητικὴν
723 1018 813 1049 αὐτοῖς
826 1017 871 1043 καὶ

85 1066 133 1101 τὴν
150 1065 334 1101 ἀστρονομίαν
357 1064 523 1100 παραδίδωσι
535 1072 541 1078 '
560 1063 613 1098 πρὸ
631 1063 684 1099 γὰρ
701 1064 749 1098 τῆς
768 1072 870 1098 παρου-

86 1111 145 1143 σίας
160 1111 245 1137 αὐτοῦ
262 1111 368 1146 ἄπειροι
385 1109 487 1136 τούτων
502 1109 648 1144 ἐτύγχανον
670 1110 694 1135 οἱ
712 1108 869 1142 Αἰγύπτιοι·

86 1157 219 1192 μαθόντες
243 1156 272 1182 δὲ
300 1156 411 1191 ὕστερον
437 1157 491 1187 τοῖς
510 1155 622 1189 Ἕλλησι
647 1154 869 1189 μεταδεδώκασιν·

86 1203 287 1238 ὑποστρέψαντι
309 1202 338 1228 δὲ
355 1203 386 1229 ἐκ
401 1202 450 1237 τῆς
466 1201 603 1235 Αἰγύπτου
620 1201 658 1236 τῷ
679 1201 802 1236 Ἀϐραὰμ
817 1201 871 1232 υἱὸς

91 1247 206 1282 Ἰσμαὴλ
220 1247 327 1281 ἐγένετο
342 1248 373 1273 ἐκ
389 1247 439 1281 τῆς
461 1246 606 1280 παιδίσκης
629 1246 726 1282 Ἀγαρ,
744 1246 774 1278 ἐξ
793 1244 826 1282 ἦς
843 1248 872 1274 τὸ

85 1294 162 1324 ἒῡνος
192 1293 350 1328 Ἀγαρηνῶν
365 1301 395 1318 τε
409 1293 456 1319 καὶ
470 1292 634 1328 Σαρακηνῶν
653 1292 765 1328 συνέστη
777 1301 783 1307 ·
801 1293 831 1318 τὸ
844 1292 874 1319 δὲ

85 1339 140 1364 τῶν
162 1338 338 1374 Ἰσμαηλιτῶν
356 1339 388 1365 ὲκ
401 1338 446 1364 τοῦ
468 1338 588 1373 Ἱσμαήλ.

130 1386 159 1411 'U
175 1385 203 1411 δὲ
221 1385 282 1411 Λὼτ
298 1385 442 1420 χωρίζεται
466 1384 512 1411 τοῦ
539 1384 672 1421 Ἀϐραὰμ,
690 1385 736 1411 καὶ
756 1385 805 1420 τὴν
821 1384 872 1419 χὼ⁴

88 1441 138 1468 ραν
150 1433 200 1466 τὴν
213 1432 365 1467 Σοδομηνὴν
376 1431 492 1467 ᾣκησεν,
505 1432 564 1466 ἥτις
578 1432 693 1466 οὐρανίῳ
706 1432 872 1467 πυρπολήσει

86 1480 120 1505 δι’
137 1478 257 1513 ἄθεσμον
283 1478 452 1513 παρανομίαν
475 1478 670 1513 κατεδικάσθη,
696 1479 743 1504 καὶ
766 1478 805 1504 ἔτι
826 1478 872 1504 καὶ

86 1526 135 1552 νῦν
160 1525 317 1560 κεκαυμένα
349 1525 432 1560 αὐτῆς
448 1524 483 1551 τὰ
505 1524 564 1559 ἴχνη
587 1524 727 1558 φαίνεται’
744 1525 798 1551 ἔστι
819 1525 872 1560 γὰρ

89 1573 153 1599 [δεῖν
170 1572 251 1598 πέντε
268 1572 370 1598 πόλεων
388 1571 476 1603 σκιὰς,
494 1572 522 1597 ἐν
537 1568 580 1603 αἷς
597 1571 737 1606 βλαστάνει
757 1572 871 1607 καρπὸς,

85 1617 116 1649 ὃς
130 1618 255 1652 φαίνεται
272 1617 320 1652 μὲν
340 1616 437 1648 ἔξωθεν
451 1616 640 1652 παραπλήσιος
652 1618 707 1648 τοῖς
722 1616 871 1651 ἐδωδίμοις,

85 1662 202 1698 ληφθεὶς
216 1662 244 1688 δὲ
264 1663 325 1693 ταῖς
339 1662 443 1697 χερσὶν.
460 1663 499 1693 είς
516 1662 618 1696 τέφραν
633 1662 680 1688 καὶ
694 1662 795 1688 καπνὸν
807 1663 872 1689 ἁνα-

86 1709 192 1736 λᾶεται.
212 1708 318 1743 Γειτνιᾷ
339 1708 368 1734 δὲ
384 1708 469 1745 ταύτῃ
489 1709 506 1743 ἡ
538 1708 708 1741 Ἀσφαλτῖτις
731 1708 824 1743 λίμνη,
854 1708 871 1743 ἢ

87 1755 221 1789 πρότερον
242 1754 290 1788 μὲν
311 1752 344 1789 ἦν
371 1753 462 1785 κοιλὰς
482 1754 585 1789 φρέατα
611 1753 710 1788 ἔχουσα
727 1754 871 1788 ἀσφάλτου,

88 1799 283 1834 ἁξρανισθείσης
299 1800 325 1825 δὲ
346 1801 393 1835 τῆς
417 1800 518 1835 χώρας,
536 1800 617 1834 λίμνη
637 1800 790 1834 γεγένηται,
812 1801 873 1834 ἣτις

88 1848 134 1874 καὶ
155 1847 248 1882 Νεκρὰ
264 1846 386 1873 Θάλασσα
406 1846 645 1883 προσαγορεύεται.
668 1847 721 1873 Καὶ
745 1846 801 1873 ἔστι
824 1847 873 1881 μὲν

89 1892 241 1928 πικροτάτη
265 1893 344 1927 φύσει
367 1893 415 1919 καὶ
437 1893 548 1926 ἄγονος·
573 1892 673 1926 κοῦφον
696 1892 723 1918 δὲ
746 1892 776 1918 τὸ
802 1892 872 1928 ὕδωρ

87 1939 230 1974 κέκτηται,
247 1939 284 1970 ὡς
299 1939 353 1966 τῶν
371 1940 400 1966 ἐν
415 1940 484 1975 αὐτῇ
510 1940 680 1974 ῥιπτομένων
701 1939 815 1975 βαρέων,
833 1940 873 1966 λί-

89 1984 136 2012 Θου
151 1985 167 2020 ἢ
188 1985 308 2021 σιδήρου,
324 1986 403 2020 τυχὸν
428 1986 464 2021 μὴ
481 1985 637 2012 καταδὺνειν
656 1986 694 2016 εἰς
711 1985 756 2012 τὸν
784 1985 872 2020 βυθὸν,

88 2029 146 2056 ἀλλ’
161 2028 238 2062 αὖθις
253 2030 347 2066 ὥσπερ
371 2032 423 2057 ὑπὸ
439 2031 592 2066 πνεύματος
611 2031 808 2066 ὰναφυσᾱσῧαι,
827 2033 873 2059 καὶ

90 2075 280 2102 ὲπιπολᾶσθαι.
302 2076 438 2110 Ῥιφέντες
452 2076 506 2111 γὰρ
519 2077 561 2101 ἐπ’
576 2076 642 2110 αὐτῇ
657 2075 756 2107 ζῶντες
771 2076 875 2112 ἄνθρω-

90 2129 136 2148 ποι
166 2121 410 2148 ἁναϐλυστάνουσι·
438 2121 530 2158 νεκροὶ
556 2121 582 2147 δὲ
605 2121 799 2148 καταδύνουσι*
827 2122 872 2148 καὶ

89 2167 179 2202 λύχνοι
196 2167 225 2194 δὲ
245 2167 383 2203 καιόμενοι
400 2167 585 2202 ἐπιφέρονται,
608 2167 766 2198 σϐεσοέντες
781 2167 808 2193 δὲ
825 2176 874 2194 και
889 2183 910 2210 D

89 2214 295 2242 ταποντοῦνται.
316 2214 458 2248 ’Λναιρέρει
477 2214 506 2240 δὲ
526 2213 592 2245 ἃλας
616 2214 722 2250 πικρὸν,
746 2214 793 2240 καὶ
810 2222 872 2240 στυ-

90 2261 219 2296 πτηρίαν,
246 2260 294 2287 καὶ⁸
319 2260 368 2295 τῆς
390 2259 526 2294 ἀσφάλτου
556 2259 680 2295 μελαίνας
698 2259 808 2294 βώλους,
834 2259 871 2290 ὡς

90 2306 207 2333 ἐοικέναι
221 2305 331 2338 τούτους
347 2306 456 2340 ταύροις
471 2306 616 2339 ἀκεφάλοις
630 2305 659 2332 τὸ
677 2305 798 2340 μέγεθος.
817 2305 872 2332 Καὶ

88 2354 112 2380 οἱ
135 2352 245 2384 ναῦται,
270 2352 319 2384 τὰς
339 2351 439 2386 βώλους
463 2352 563 2383 ταύτας
589 2352 774 2387 δρασσόμενοι,
803 2351 871 2385 πλη-

91 2399 166 2434 ροῦσι
181 2398 216 2425 τὰ
231 2398 332 2433 σκάφη,
350 2398 395 2424 καὶ
408 2398 531 2424 ἕλκουσιν
547 2398 593 2424 ἐπὶ
604 2397 652 2432 τὴν
663 2397 767 2433 χέρσον.
785 2397 872 2432 Προσ-

90 2444 233 2480 πήγνυταιῖ
247 2443 275 2470 δὲ
295 2443 334 2478 τῷ
353 2443 423 2477 ξύλῳ
442 2443 488 2469 τοῦ
512 2443 604 2470 πλοίου
625 2444 640 2478 ἡ
657 2442 803 2477 ἄσφαλτος,
824 2442 872 2469 καὶ

89 2488 281 2522 ἀποξυλοῦται,
296 2489 333 2520 ὡς
349 2489 385 2525 μὴ
401 2488 529 2516 δύνασθαι
546 2489 631 2520 ἄλλως
644 2488 869 2524 ἀποκολληϐἧναι,

89 2538 113 2563 εί
127 2536 165 2572 μὴ
182 2536 308 2572 βρεχθείη
321 2535 412 2571 οὔροις
426 2536 474 2562 καὶ
488 2535 650 2569 γυναικείοις
661 2536 801 2570 ἐμμήνοις
813 2535 872 2561 τού-

89 2592 143 2615 τοις
161 2583 217 2618 γὰρ
234 2582 318 2608 εἴκειν
335 2582 424 2617 μόνοις
441 2581 571 2616 πέφυκεν.
594 2581 743 2608 Ἀλλάττειν
756 2582 784 2608 δέ
806 2591 872 2616 φασι

923 874 1092 904 sumdantes,
1110 873 1277 903 avertebant,
1294 872 1425 899 instruxit
1439 870 1507 897 nihil
1532 878 1577 897 eos
1594 869 1635 897 vel
1648 876 1707 896 mo-

922 920 1017 952 menti,
1040 919 1082 946 vel
1114 917 1240 953 ponderis
1271 918 1401 952 cogitare,
1431 923 1519 950 neque
1543 916 1706 948 decernere;

922 971 1006 999 quare
1031 969 1140 998 propter
1164 962 1335 997 prudentiam
1361 961 1585 995 sapientiamque,
1601 965 1707 986 summa

921 1017 983 1036 cum
1001 1008 1181 1035 admiratione
1204 1007 1339 1037 laudatus,
1357 1005 1534 1032 arithmeticae
1551 1004 1604 1031 illis
1619 1009 1708 1030 astro-

921 1063 1036 1089 rumque
1052 1058 1137 1081 artem
1153 1054 1255 1085 tradit;
1270 1057 1332 1080 ante
1357 1052 1430 1079 enim
1454 1051 1526 1078 illius
1553 1057 1706 1080 accessum.

922 1100 1017 1128 harum
1030 1099 1207 1126 scientiarum
1221 1098 1341 1133 Egyptii
1359 1097 1440 1124 rudes
1451 1100 1538 1128 erant,
1547 1095 1646 1130 quibus
1657 1094 1708 1120 im-

922 1147 979 1174 buti
991 1154 1036 1173 eas
1051 1150 1144 1180 postea
1158 1152 1219 1172 eum
1231 1144 1332 1171 Graecis
1346 1143 1599 1172 communicarunt;
1616 1147 1706 1166 rever-

922 1199 1006 1225 soque
1018 1191 1155 1217 Abraham
1168 1198 1201 1217 ex
1217 1189 1373 1224 Aigypto",
1391 1188 1462 1215 [ilius
1474 1187 1568 1214 lsmael
1584 1185 1708 1212 nasdtur

921 1247 953 1266 ex
972 1238 1069 1265 ancilla
1086 1237 1166 1272 Agar,
1180 1237 1379 1272 quaaAgarenis
1394 1236 1600 1270 Saracenisque,
1612 1241 1706 1269 quem-

922 1285 1068 1312 admodum
1086 1283 1232 1312 lsmaelitis
1245 1284 1352 1315 lsmael,
1370 1283 1446 1318 origo
1461 1282 1522 1309 fuit.

957 1394 1016 1426 Lot,
1034 1394 1173 1428 sejunctas
1184 1393 1217 1420 ab
1231 1392 1406 1424 Abraham“,
1421 1391 1558 1426 regionem
1577 1388 1706 1416 Sodoma.

922 1446 985 1465 nam
996 1439 1163 1466 domicilium
1175 1438 1280 1469 habuit,
1296 1445 1355 1472 qua:
1371 1441 1480 1472 propter
1502 1435 1634 1462 nefarium
1647 1442 1707 1461 sce-

923 1484 966 1512 lus
976 1484 1080 1511 ctelcsti
1097 1484 1222 1511 incendio
1242 1483 1461 1518 conﬂagravit“,
1476 1485 1503 1508 et
1521 1481 1623 1508 nostris
1639 1484 1708 1507 tem-

923 1531 1036 1565 poribus
1052 1530 1112 1564 ejus
1129 1530 1248 1557 incendii
1261 1530 1381 1564 reliquiae
1393 1532 1554 1556 cernuntur.
1573 1527 1706 1554 Videntur

923 1584 1040 1610 namque
1053 1576 1193 1603 civitatum
1212 1576 1332 1610 quinque
1346 1575 1470 1609 vestigia,
1487 1574 1514 1600 iu
1532 1573 1632 1608 quibus
1648 1572 1706 1599 fru-

923 1626 983 1649 ctus
995 1622 1125 1656 assurgit,
1139 1621 1183 1656 qui
1208 1621 1328 1648 exterius
1344 1620 1493 1648 esculentis
1508 1619 1606 1646 similis
1623 1625 1707 1653 appa-

923 1670 974 1699 ret,
993 1670 1066 1694 tactu
1082 1675 1194 1702 pressus
1217 1666 1319 1694 fumum
1332 1666 1451 1698 exhalat,
1463 1669 1489 1692 et
1501 1664 1602 1692 fatiscit
1617 1664 1643 1690 in
1659 1673 1706 1690 va-

923 1721 986 1749 gum
998 1714 1145 1748 pulverem.
1160 1713 1229 1740 Iluic
1239 1712 1343 1747 regioni
1357 1711 1497 1747 proximus
1514 1714 1556 1738 est
1566 1710 1706 1745 Asphalti-

923 1763 964 1786 tes
978 1759 1064 1791 lacus,
1079 1759 1124 1794 qui
1141 1759 1216 1794 prius
1227 1763 1284 1784 erat
1298 1757 1385 1788 vallis,
1402 1757 1491 1791 puteis
1504 1755 1637 1783 bitumine
1650 1755 1706 1789 ple-

923 1806 982 1838 nis;
996 1813 1084 1832 mersa
1096 1806 1218 1840 regione,
1230 1805 1305 1831 lacus
1319 1804 1413 1836 crevit,
1426 1803 1472 1838 qui
1493 1806 1520 1829 et
1541 1809 1616 1829 mare
1635 1801 1702 1828 Mor-

924 1854 999 1876 tuum
1013 1854 1127 1877 vocatur
1146 1859 1153 1877 :
1171 1850 1247 1877 dirus
1270 1853 1382 1881 natura,
1399 1847 1565 1882 sterilisque,
1583 1852 1609 1874 et
1625 1846 1706 1873 undis

923 1896 1038 1927 levibus,
1059 1897 1096 1922 ita
1112 1900 1142 1923 ut
1164 1896 1221 1924 sive
1242 1895 1358 1931 lapides,
1375 1895 1431 1922 sive
1455 1894 1567 1925 ferrum,
1582 1893 1639 1920 sive
1657 1893 1708 1919 ali-

923 1941 989 1976 quid
1015 1941 1089 1968 aliud
1111 1949 1192 1976 grave
1213 1941 1242 1968 in
1272 1941 1347 1967 illum
1372 1940 1558 1975 projiciantnr,
1575 1947 1630 1966 non
1652 1938 1706 1965 ima

923 1993 1024 2022 petere,
1042 1987 1089 2015 sed
1102 1995 1198 2015 rursus
1209 1991 1339 2022 tanquam
1356 1993 1371 2013 a
1382 1990 1462 2014 vento
1473 1986 1577 2013 etilatur
1591 1985 1618 2012 in
1631 1993 1706 2012 sum-

923 2042 1022 2068 moque
1038 2033 1138 2066 lluitat,
1153 2033 1180 2060 in
1189 2041 1303 2068 eamque
1318 2033 1372 2059 vivi
1391 2032 1514 2059 homines
1537 2031 1629 2066 iniecti
1645 2039 1707 2066 ege-

924 2085 1031 2111 runtur,
1055 2079 1154 2107 mortui
1182 2082 1359 2113 merguntur;
1390 2079 1561 2113 lucernteque
1586 2084 1708 2104 accensa:

924 2128 1110 2159 supernatant,
1126 2124 1269 2151 exstinctae
1293 2125 1457 2152 obruuntur.
1474 2123 1521 2150 Sal
1539 2130 1660 2150 amarum
1680 2126 1708 2150 et

925 2171 1032 2198 alumen
1045 2170 1243 2206 bituminisque
1254 2171 1350 2206 globos
1368 2171 1535 2206 nigricantes
1547 2169 1631 2196 tauris
1647 2169 1707 2196 sine

925 2217 1013 2251 capite
1027 2217 1129 2244 similes
1145 2217 1332 2252 magnitudine
1352 2217 1447 2252 gignit,
1460 2221 1486 2244 et
1510 2220 1598 2243 nauta:
1613 2216 1707 2250 globos

925 2261 1006 2289 hosce
1023 2262 1159 2296 abreptos,
1179 2262 1294 2289 navibus
1315 2263 1420 2290 onustis
1435 2263 1461 2289 in
1478 2262 1553 2289 littus
1569 2261 1707 2290 trahentes

925 2308 1059 2335 deferunt.
1075 2307 1212 2335 Navicultc
1228 2316 1292 2335 vero
1307 2309 1386 2344 lignis
1400 2309 1522 2336 bitumen
1535 2313 1707 2344 compactum

925 2354 1054 2385 adium-et,
1069 2358 1095 2381 et
1111 2355 1193 2382 veluti
1217 2355 1320 2390 lignum
1346 2355 1514 2388 obdurescit,
1531 2355 1566 2381 ita
1580 2359 1608 2382 ut
1629 2355 1708 2382 evelli

924 2400 1095 2435 discindique
1115 2404 1239 2435 nequeat,
1257 2404 1436 2435 przeterquam
1455 2400 1528 2427 lotiis
1543 2401 1708 2428 menstruis-

923 2453 977 2480 que
990 2446 1133 2473 mulierum
1144 2453 1298 2480 aspersum.
1315 2445 1378 2472 Sola
1389 2445 1461 2473 enim
1476 2445 1527 2472 hac
1543 2447 1568 2473 vi
1585 2447 1708 2481 superari

923 2497 1022 2528 potest.
1040 2491 1163 2519 Tradunt
1178 2499 1275 2526 aquam
1290 2492 1410 2525 quotidie
1422 2492 1509 2519 tribus
1523 2492 1631 2520 vicibus
1648 2501 1708 2520 mu-

925 2543 982 2565 tare
999 2538 1117 2568 colores,
1132 2538 1283 2572 crebraque
1303 2537 1410 2564 illorum
1427 2537 1574 2564 mutatione
1593 2538 1626 2564 ad
1642 2539 1707 2566 solis

925 2584 1017 2610 radios
1032 2583 1196 2610 illustratum
1215 2583 1283 2610 mire
1307 2583 1455 2610 videntium
1475 2583 1570 2610 oculos
1589 2583 1704 2613 atlicere.

90 2629 137 2664 τῆς
158 2628 264 2664 ἡμέρας
292 2629 385 2665 χροιὰς
407 2631 481 2660 τρεῖς
505 2629 536 2655 τὺ
561 2629 642 2664 ὕδωρ,
667 2629 713 2656 καὶ
736 2628 871 2656 ποικιλίαν
886 2629 973 2664 ὅψεως
992 2629 1142 2664 ἐκπέμπειν
1160 2625 1231 2664 πρὸς
1254 2629 1303 2666 τὴν
1317 2630 1413 2656 ἀκτῖνα
1443 2629 1489 2656 τοῦ
1515 2629 1590 2655 ’ἡλίου
1606 2629 1704 2656 ἀνταυ-

107 2685 198 2702 ουσαν.

89 2684 198 2710 γουσαν.

130 2723 158 2749 '0
177 2724 206 2750 δὲ
228 2723 362 2758 ’Ᾱῧραὲιμη
382 2722 576 2758 ἑκατοντούτης
591 2723 743 2758 γενόμενος,
767 2725 874 2759 γνήσιον

373 2803 394 2818 ⁶¹
410 2801 481 2828 Ibid.
497 2801 541 2830 10.

125 2802 147 2818 ¹¹
162 2801 227 2829 Gen.
242 2809 292 2835 xu,
312 2803 335 2830 ι.
373 2803 394 2818 "
410 2801 481 2828 Ibid.
497 2801 541 2830 10.
580 2801 601 2818 ⁸³
618 2801 682 2830 Gen.
701 2811 755 2836 ut,
773 2803 798 2830 ὅ.

836 2804 856 2820 ‘l
874 2803 936 2831 Gen.
953 2811 1012 2836 χιιι,
1030 2801 1072 2830 10.

964 2722 1062 2749 Verum
1078 2721 1213 2748 Abraham
1241 2721 1329 2749 aetatis
1343 2729 1398 2750 suae
1415 2729 1486 2750 anno
1504 2721 1653 2750 centesimo
1664 2721 1704 2750 le—

1113 2802 1135 2840 °_'
1156 2801 1223 2832 Gen.
1240 2811 1295 2837 nx,
1313 2802 1358 2832 24.
