1909 3071
214 109 267 136 765

652 104 680 131 S.
704 102 927 131 EUSTATIIIUS
946 103 1193 133 ANTIOCHENUS
1213 104 1412 134 EPISCOPUS.

1800 107 1854 134 7C4

213 165 339 200 gitimum
351 165 434 193 ﬁlium
441 163 516 193 Isaac
524 172 555 192 ex
565 164 647 192 Sarra
655 165 774 200 suscepit
783 165 844 199 “,et
854 170 915 201 post
930 167 1006 190 octa-

1057 164 1138 191 παῖδα
1155 165 1188 191 ὲκ
1201 164 1250 199 τῆς
1262 163 1370 199 Σάρρας
1381 163 1427 189 τὸν
1446 163 1538 190 Ἰσαὰκ
1550 164 1681 200 ἐγέννησε
1692 173 1698 179 ·
1715 165 1764 192 καὶ
1781 167 1852 201 μετᾶ

213 219 275 238 vum
287 211 358 238 diem
374 209 587 241 circumcidit".
602 209 720 243 indeque
729 217 786 236 mos
797 209 841 236 hic
859 209 1004 236 circumci-

212 256 294 284 dcndi
309 263 410 291 pueros
431 255 504 290 apud
518 255 646 283 Hebraeos
663 255 788 282 invaluit.
806 255 873 283 Nam
888 256 1001 287 Arabes,

213 303 292 338 quiet
301 303 453 333 lsmaelitae,
465 301 573 329 decium
584 302 664 330 tertio
674 302 910 329 circumciduntur
917 310 1002 335 anno,

213 358 274 377 cum
284 357 378 377 eorum
397 349 501 384 primus
515 357 614 384 parcns
631 349 727 378 lsatael
737 357 770 377 eo
786 354 906 385 tempore
923 349 1004 378 fuerit

213 396 394 424 circumcisus
402 396 436 423 ⁵⁸.

247 442 383 469 Abraham
419 442 456 469 ita
492 442 624 470 suadente
649 441 748 475 Sarra,
780 442 922 470 lsmaelem
950 442 1004 470 alio

211 487 356 515 transtulit
367 488 400 520 ",
415 495 449 515 ne
461 496 494 515 co
508 488 563 515 vita
581 487 674 516 functo
686 488 744 523 ipse
752 488 831 523 qttasi
843 489 949 523 primus
959 496 1003 524 ge-

211 534 288 561 nitus
303 534 337 561 de
354 534 534 569 primogcniis
549 534 659 569 juribus
673 534 853 567 contendens,
868 534 945 562 Isaac
956 535 1003 563 de—

211 580 370 607 trimentum
388 580 558 615 importaret.
576 580 696 609 lsmaelis
711 581 803 616 itaque
816 589 1001 614 successores,

210 630 312 654 terram
329 634 390 661 quae
412 627 446 654 ab
468 626 605 662 Euphrate
623 627 650 654 in
669 634 744 655 mare
758 627 882 656 Rubrum
900 627 1001 656 diﬁun-

210 673 294 705 ditur,
308 677 488 708 occuparunt.

248 718 302 747 Nec
323 720 408 746 multo
424 720 516 754 post"
528 720 599 748 Deus
615 723 645 747 ut
664 721 717 748 sibi
736 721 770 747 ad
789 725 903 748 mortem
927 720 1002 748 Isaac

210 763 366 796 oll‘erretur.
384 766 522 800 praecepit.
535 769 561 793 et
571 766 707 793 Abraham
722 773 856 794 summam
872 766 924 794 hoc
940 775 1002 794 esse

210 814 303 838 notam
321 810 430 845 pictatis
451 811 624 843 existimans,
640 806 767 840 maximis
790 813 944 845 conatibus,
967 813 1000 840 ad

210 856 395 883 summitatem
410 856 556 891 quamdam
572 858 668 892 pergit.
678 857 815 892 rebusque
825 857 954 885 omnibus
969 857 1002 884 ad
1018 841 1039 869 Β

211 902 379 930 sacriﬁcium
397 907 460 938 apte
473 903 698 936 accommodatis,
713 904 750 930 ita
779 903 864 930 [ilium
889 903 1005 939 alloqui-

211 952 257 976 llﬂ‘
272 957 280 976 τ

247 1004 256 1020 ι
278 994 378 1030 Longis
391 994 705 1030 inﬁnitisqueprccibus,
720 999 749 1023 ut
761 995 826 1023 mihi
835 995 1000 1028 nascereris,

209 1050 226 1069 υ
239 1041 286 1073 ﬁli,
302 1049 316 1068 a
338 1041 393 1068 Deo
415 1041 576 1076 impetravi;
593 1041 620 1068 in
637 1041 725 1068 lucem
740 1041 814 1069 edito
829 1042 920 1069 omnia
940 1049 1001 1077 qua:

211 1085 245 1112 ad
267 1091 340 1112 tuam
355 1085 546 1113 educationem
560 1085 788 1122 disciplinamque
799 1087 953 1114 conducere
965 1087 1004 1114 vi-

209 1132 354 1164 debantur,
389 1132 552 1160 ambitiosus
581 1132 733 1168 insumpsi;
768 1133 796 1160 in
827 1141 914 1169 coque
944 1134 1003 1162 solo

210 1184 346 1205 summam
364 1177 429 1204 mihi
443 1177 524 1205 rebar
536 1177 693 1205 felicitatem
708 1179 837 1214 positam,
849 1180 871 1207 si
887 1183 913 1207 te
925 1180 1002 1207 adul-

209 1226 267 1249 turn
283 1222 311 1249 in
327 1227 452 1250 extremo
467 1223 529 1250 vita:
546 1231 613 1250 mea:
629 1223 683 1254 die.
697 1231 790 1251 rerum
809 1232 931 1252 mearum
947 1230 1003 1252 sta-

210 1273 309 1304 tusque
331 1269 466 1296 htcrcdcm
482 1277 724 1304 successoremque
739 1270 930 1306 relinquerem.
947 1270 1000 1298 Sed

209 1323 272 1342 cum
289 1315 335 1342 Dei
366 1315 500 1342 beneﬁcio
523 1320 604 1351 alque
629 1323 742 1343 munere
758 1320 834 1351 pater
857 1321 921 1344 tuus
936 1317 997 1348 sitn,

211 1370 321 1389 rursum
337 1362 375 1388 illi
393 1362 542 1397 postulanti
565 1365 592 1389 te
611 1361 707 1389 oﬂ'cro.
725 1361 835 1390 Sustine
859 1362 943 1397 igitur
953 1370 1000 1397 ge-

210 1416 309 1435 nerosc
341 1407 512 1442 viriliterque
536 1408 606 1435 hanc
638 1408 874 1435 consecrationem
898 1418 904 1435 :
931 1408 999 1435 cedo

209 1455 281 1481 enim
300 1459 326 1481 te
337 1453 402 1486 Deo,
421 1454 467 1489 qui
479 1454 584 1481 honore
598 1453 650 1482 hoc
667 1462 682 1481 a
701 1454 780 1482 nobis
790 1455 847 1482 vult
861 1454 996 1486 decorari,

212 1503 324 1536 propter
335 1507 367 1527 ea
383 1507 444 1535 quae
464 1500 529 1527 mihi
554 1501 686 1536 benignus
703 1504 852 1535 custosque
861 1501 996 1535 prtestitit.

211 1545 262 1574 Abi
284 1532 367 1581 igitur
392 1554 446 1574 non
477 1546 617 1573 communi
637 1547 758 1573 omnium
783 1553 857 1573 more
883 1550 997 1574 mortetn

209 1592 316 1623 obiens,
343 1592 390 1620 sed
415 1599 429 1619 a
451 1597 529 1628 patre
555 1593 674 1627 proprio,
696 1600 786 1619 rerum
810 1593 932 1619 omnium
953 1600 999 1628 pa-

210 1639 280 1666 renti
306 1639 370 1671 Deo,
387 1640 447 1667 vice
462 1639 588 1667 sacriﬁcii
611 1639 780 1674 prmmissus,
797 1639 844 1674 qui
868 1643 955 1671 tuum,
966 1646 998 1666 ea

209 1689 252 1713 est
269 1686 343 1714 illius
359 1686 500 1720 majestas.
519 1694 607 1721 neque
623 1685 730 1718 morbo,
747 1693 835 1720 neque
853 1686 934 1717 bello,
951 1693 998 1713 ne-

210 1741 265 1768 que
279 1733 335 1760 ullo
357 1733 420 1765 alio,
436 1733 536 1768 quibus
556 1740 642 1768 genus
664 1733 814 1759 humanutn
835 1732 932 1760 conﬁci
949 1740 999 1759 na-

211 1783 269 1806 tum
285 1783 336 1811 est,
351 1778 398 1806 sed
410 1779 538 1814 precibus
551 1784 577 1806 et
597 1777 733 1806 sacriﬁcio
748 1777 869 1804 animum
887 1778 996 1812 excipit.

212 1823 281 1852 Tum
302 1824 384 1852 Deum
400 1825 466 1852 mihi
485 1829 612 1857 tutorem,
630 1829 801 1858 senectarque
822 1832 887 1851 mea?
906 1824 999 1852 mode-

193 1906 196 1910 .
212 1875 341 1903 ratorem,
357 1871 416 1898 vice
432 1875 478 1898 tua
494 1870 647 1906 prmstabis.
670 1880 677 1895 ι

247 1917 353 1952 Quibus
366 1917 477 1950 attditis,
494 1918 529 1944 ita
545 1917 643 1944 eﬁ‘atus
663 1920 705 1944 est
720 1916 794 1944 Isaac
811 1927 817 1942 ε
833 1927 841 1942 ‹
854 1916 925 1944 Sane
942 1917 999 1952 qui-

211 1966 273 1993 dem
291 1973 379 2001 neque
392 1965 469 1992 initio
483 1964 747 2000 dignusjudicarer,
760 1964 806 1998 qui
818 1971 957 1996 nascerer,
975 1964 997 1991 si

213 2012 261 2040 Dei
277 2012 415 2047 patrisque
425 2011 560 2046 judicium
578 2011 744 2046 probaturus
761 2017 815 2036 non
828 2017 928 2043 essem,
941 2018 999 2038 me-

215 2065 270 2092 quc
287 2057 491 2092 promptissime
513 2057 656 2092 utriusque
680 2056 814 2084 voluntati
837 2056 999 2083 commissu-

213 2108 272 2128 rus.
297 2100 350 2128 Sed
365 2101 387 2127 si
403 2101 444 2128 vel
460 2105 537 2135 pater
564 2101 640 2129 solus
660 2101 712 2129 hoc
727 2105 870 2133 tentasset,
886 2101 998 2136 itnpium

212 2150 285 2173 esset
300 2154 354 2173 non
369 2146 488 2174 obedire.
510 2156 519 2172 ι

1055 210 1104 243 τὴν
1123 210 1218 246 ὀγδόην
1237 210 1342 246 ἡμέραν
1360 209 1442 236 αὑτὸν
1461 209 1632 245 περιέτεμεν,
1649 210 1678 243 ἐξ
1694 208 1726 237 οὗ
1741 212 1789 237 καὶ¹
1803 211 1851 238 νῦν

1053 256 1084 282 τὸ
1111 256 1170 288 ἔθος
1189 256 1267 283 τοῦτο
1291 257 1316 283 οἱ
1345 256 1466 291 Ἑϐραῖοι
1493 256 1666 290 φυλάττουσι,
1690 259 1725 293 τῇ
1757 258 1851 293 ἡμέρᾳ

1052 302 1139 338 ταύτῃ
1163 303 1397 339 περιτεμνόμενοι.
1420 302 1537 337 Ἄραϐες
1555 303 1609 338 γὰρ
1632 304 1680 330 καὶ
1702 305 1727 330 οἱ
1753 304 1851 339 Ἰσμα-

1053 348 1143 383 ηλῖται
1160 349 1375 385 τρισκαιδεκάτῳ
1395 349 1604 385 περιτέμνονται
1625 350 1691 382 ἔτει,
1712 350 1761 376 τοῦ
1778 358 1850 386 προ-

1054 395 1171 430 πάτορος
1188 396 1277 422 αὐτῶν
1299 396 1410 432 Ἰσμαὴλ
1427 396 1497 423 οὓτω
1519 396 1746 432 περιτμηθέντος.

1088 441 1211 473 Πεισθεὶς
1235 441 1264 468 δὲ
1289 442 1342 468 ὑπὸ
1367 443 1416 477 τῆς
1443 442 1560 478 Σάρρας,
1592 443 1606 468 ὁ
1640 442 1767 477 Ἀϐραὰμ
1797 442 1846 469 τὸν

1060 487 1171 523 Ἰσμαὴλ
1193 488 1320 524 ἀλλαχόσε
1342 488 1494 524 μετέαησε,
1517 488 1622 523 μήποτε
1643 488 1713 523 μετὰ
1727 488 1777 523 τὴν
1795 489 1846 514 αὺ-

1053 533 1099 560 τοῦ
1120 533 1279 566 ὰποϐίωσιν,
1293 534 1331 566 ὡς
1350 534 1521 570 πρωτότοκος
1543 534 1605 569 περὶ
1620 534 1674 560 τῶν
1690 533 1845 568 πρεσϐείων

1053 580 1229 615 κακουργήσῃ
1244 579 1289 606 τὸν
1313 579 1416 606 Ἰσαάκ.
1433 579 1571 614 Κατέσχον
1586 579 1651 613 γοῦν
1664 579 1712 606 τοῦ
1731 580 1845 615 Ίσμαῆλ

1052 625 1079 650 οί
1098 626 1225 659 ἀπόγονοι
1239 625 1288 661 τὴν
1303 626 1356 652 ἀπὺ
1377 625 1520 662 Εὐφράτου
1539 625 1712 661 καθήκουσαν
1729 625 1782 661 γῆν
1796 626 1844 652 ἐπὶ

1052 671 1102 706 τὴν
1125 671 1258 706 Ἐρυθρὰν
1278 671 1425 698 θάλασσαν.

1087 718 1165 744 Μετὰ
1177 718 1205 744 δὲ
1223 718 1317 753 χρόνον
1332 719 1371 750 είς
1385 718 1480 745 θυσίαν
1495 719 1509 745 ὁ
1524 718 1589 750 Θεὸς
1603 719 1650 745 τὸν
1681 718 1772 746 Ἰσαὰκ
1799 720 1845 746 ἀν⁶

1052 763 1192 798 ενεχθῆναι
1218 763 1292 798 αὐτῷ
1315 764 1495 798 προσέταξεν-
1513 765 1560 791 καὶ
1583 765 1597 791 ὁ
1631 764 1765 800 Ἀϐραὰμ,
1792 765 1843 800 μέ-

1052 818 1145 844 γιστον
1169 809 1215 836 καὶ
1236 809 1316 836 τοῦτο
1341 810 1483 842 εὐσεϐείας
1503 809 1637 846 σύμϐολον
1658 810 1842 846 ἡγησάμενος,

1055 858 1208 891 ἀιρικνεῖται
1225 858 1272 884 σὺν
1287 856 1371 892 πολλῇ
1386 857 1523 893 προθυμίᾳ
1538 858 1580 884 ἐπ’
1593 858 1748 893 ἀκρωρείας
1761 857 1841 889 τινὸς,

1056 903 1103 930 καὶ
1123 903 1211 930 πάντα
1228 903 1261 929 τὰ
1278 903 1345 939 πρὸς
1368 903 1416 938 τὴν
1433 903 1529 930 θυσίαν
1543 904 1717 940 εὐτρεπίσας,
1743 903 1843 938 φάσκει

1056 948 1124 984 πρὸς
1137 948 1182 974 τὸν
1199 948 1279 974 παῖδα
1297 947 1395 974 αὐτοῦ·

1093 1003 1104 1019 ε
1131 991 1165 1020 Ὦ
1191 995 1256 1026 παῖ,
1285 993 1396 1029 μυρίαις
1421 994 1514 1029 εὐχαῖς
1538 994 1722 1030 αἰτησάμενός
1746 1002 1775 1020 σε
1796 1001 1842 1027 γε·

1053 1039 1147 1067 νέσθαι
1169 1049 1213 1076 μοι
1233 1041 1308 1076 παρὰ
1328 1040 1406 1070 Θεοῦ.
1422 1041 1483 1067 ἐπεὶ
1497 1041 1635 1077 παρῆλθες
1656 1042 1696 1073 εἰς
1714 1040 1760 1067 τὸν
1774 1040 1840 1075 βίον,

1054 1088 1105 1114 οὑκ
1122 1087 1195 1113 ἔστιν
1208 1087 1222 1113 ὅ
1241 1095 1267 1113 τι
1284 1086 1321 1122 μὴ
1337 1087 1401 1122 περὶ
1417 1087 1466 1122 τὴν
1486 1087 1534 1123 σὴν
1553 1087 1708 1123 ἀνατροφὴν
1724 1086 1840 1121 ἐφιλοτι-

1055 1133 1195 1170 μησάμην,
1220 1133 1274 1160 οὐδ’
1294 1134 1337 1168 ἐφ’
1361 1129 1383 1167 ᾦ
1405 1133 1503 1169 μᾶλλον
1523 1133 1728 1168 εὐδαιμονήσειν
1750 1133 1839 1167 ᾤμην,

1052 1180 1090 1212 ὡς
1108 1180 1201 1215 ἐπειδή
1221 1179 1254 1215 μέ
1269 1188 1299 1206 σε
1314 1179 1486 1215 ἠνδρωμένον
1502 1180 1548 1206 καὶ
1567 1178 1700 1205 τελευτῶν
1720 1178 1840 1212 διάδοχον

1052 1227 1140 1262 ἀρχῆς
1155 1227 1206 1262 τῆς
1224 1225 1343 1260 ἐμαυτοῦ
1364 1226 1566 1261 καταλείποιμι.
1597 1225 1666 1252 Ἀλλ’
1691 1225 1753 1251 ἐπεὶ
1771 1224 1838 1250 Θεοῦ

1053 1271 1214 1307 βουλομένου
1237 1271 1281 1304 ob;
1307 1273 1397 1308 πατὴρ
1415 1272 1559 1307 ἐγενόμην,
1581 1271 1662 1298 πάλιν
1686 1271 1773 1306 τούτῳ
1797 1271 1838 1297 αί-

1049 1317 1138 1345 τοῦντι
1153 1318 1300 1353 ἀνατίθημί
1322 1327 1361 1345 σε.
1382 1318 1450 1354 Φέρε
1470 1316 1516 1345 οὖν
1531 1318 1662 1352 γενναίως
1677 1318 1727 1352 τὴν
1748 1317 1839 1343 καθιέ-

1052 1374 1148 1401 ρωσιν⁶
1171 1365 1210 1401 τῷ
1231 1364 1290 1400 Θεῷ
1314 1365 1369 1400 γάρ
1392 1373 1421 1391 σε
1438 1363 1604 1400 παραχωρῶ,
1628 1363 1731 1398 ταύτης
1757 1362 1837 1396 ἀξιώ-

1050 1421 1126 1439 σαντι
1145 1412 1210 1448 παρ’
1234 1412 1310 1448 ἡμῶν
1326 1411 1377 1446 τῆς
1401 1411 1494 1446 τιμῆς,
1510 1411 1568 1437 ἀνθ’
1591 1406 1628 1436 ὧν
1652 1410 1769 1445 εὐμενὴς
1792 1409 1839 1435 καὶ

1050 1458 1203 1494 προστάτης
1225 1467 1270 1493 μοι
1289 1458 1412 1493 γέγονεν.
1436 1457 1530 1484 Ἀπιθι
1548 1455 1595 1484 οὖν
1622 1457 1672 1483 οὐκ
1695 1455 1839 1483 ἀποθανὼν

1049 1504 1095 1530 τὸν
1112 1504 1201 1531 κοινὸν
1217 1504 1249 1530 ὲκ
1266 1503 1312 1530 τοῦ
1329 1504 1377 1539 ζῇν
1389 1503 1499 1540 τρόπον,
1511 1503 1567 1530 ἀλλ’
1588 1502 1640 1528 ὑπὸ
1653 1502 1757 1537 πατρὸς
1774 1501 1838 1528 ἰδίου

1049 1550 1108 1585 Θεῷ
1126 1549 1165 1584 τῷ
1180 1550 1289 1576 πάντων
1302 1550 1386 1585 πατρὶ
1398 1550 1472 1585 νόμῳ
1486 1549 1581 1580 θυσίας
1598 1548 1836 1584 προπεμπόμενος.

1051 1596 1142 1629 Ἀξιον
1165 1593 1241 1631 οἶμαί
1263 1604 1292 1622 σε
1309 1596 1451 1631 κρίναντος
1472 1594 1565 1627 αὑτοῦ,
1587 1595 1654 1630 μήτε
1671 1594 1755 1629 νόσῳ,
1773 1594 1838 1630 μήτε

1050 1642 1169 1677 πολέμῳ,
1193 1642 1262 1677 μήτε
1282 1642 1354 1677 ἄλλῳ
1373 1642 1426 1668 τινὶ
1445 1642 1498 1669 τῶν
1515 1641 1618 1673 παθῶν,
1634 1640 1652 1667 ὃ.
1673 1641 1838 1676 συμπίπτειν

1049 1687 1204 1724 ἀνθρώποις
1228 1688 1342 1722 πέφυκε,
1367 1688 1423 1723 μετ’
1447 1687 1533 1723 εὐχῶν
1561 1687 1590 1714 δὲ
1616 1687 1662 1714 καὶ
1686 1687 1838 1723 ἱερουργίας

1049 1732 1154 1758 ἐκείνου
1168 1731 1216 1767 τὴν
1239 1731 1288 1767 σὴν
1303 1731 1392 1767 ψυχὴν
1412 1731 1641 1766 προσδεξαμένου.
1659 1732 1729 1767 Ἐσῃ
1744 1732 1774 1758 δέ
1796 1741 1838 1767 μοι

1049 1778 1089 1808 είς
1102 1777 1236 1812 κηδεμόνα
1249 1777 1295 1803 καὶ
1307 1776 1461 1812 γηροκόμον
1472 1775 1517 1802 τὸν
1531 1776 1596 1802 Θεόν
1609 1785 1653 1811 μοι
1668 1776 1729 1802 ἀντὶ
1742 1776 1838 1803 σαυτοῦ

1049 1823 1265 1859 παρασχόμενος.
1285 1832 1294 1848 ι

1085 1912 1192 1938 Τούτων
1207 1909 1326 1941 ἀκούσας
1343 1910 1357 1936 ὁ
1380 1908 1472 1935 Ἰσαὰκ
1483 1908 1535 1944 ἔφη
1556 1909 1623 1944 πρὸς
1635 1909 1734 1935 αὐτόν’
1753 1919 1762 1934 ‹
1775 1908 1840 1936 Οὐδὲ

1048 1959 1097 1994 τὴν
1117 1958 1204 1994 ἀρχὴν
1229 1957 1369 1991 γεγονέναι
1386 1956 1490 1987 δίκαιος
1507 1956 1567 1991 εἴην
1587 1955 1630 1987 ἂν,
1654 1957 1678 1982 εί
1699 1955 1768 1982 Θεοῦ
1794 1956 1840 1983 καὶ

1050 2004 1152 2038 πατρὸς
1176 2002 1300 2038 μέλλοιμι
1321 2003 1413 2038 κρίσιν
1436 2003 1615 2033 ἀπωθεῖσθαι,
1632 2002 1679 2029 καὶ
1694 2003 1732 2037 μὴ
1755 2003 1840 2038 παρέ-

1049 2060 1106 2086 χειν
1130 2050 1246 2086 ὲμαυτὸν
1269 2051 1323 2081 τοῖς
1345 2050 1507 2086 ἀμφοτέρων
1522 2049 1689 2084 βουλήμασιν
1711 2049 1838 2084 ἑτοίμως.

1057 2096 1126 2122 Ἀλλ’
1145 2098 1169 2123 εἰ
1192 2096 1239 2123 καὶ
1263 2095 1342 2131 μόνος
1362 2095 1449 2122 ταῦτα
1471 2097 1486 2121 ὁ
1508 2095 1598 2131 πατὴρ
1619 2096 1778 2131 προῃρεῖτο,
1795 2096 1840 2131 μὴ

1050 2142 1198 2169 ὑπακούειν
1213 2141 1305 2168 ἄδικον
1318 2139 1362 2177 ἧν.
1386 2151 1394 2167 ›

249 2191 316 2219 Dum
343 2192 394 2220 hoc
410 2193 539 2228 loquitur,
556 2193 588 2221 ad
611 2201 687 2220 aram
712 2193 868 2228 caulemque
884 2197 996 2228 paratus

1086 2189 1140 2215 Καὶ
1160 2187 1247 2214 ταῦτα
1268 2187 1354 2222 λέγων
1374 2187 1503 2223 ὥρμησεν
1530 2187 1576 2214 ἐπεὶ
1598 2187 1643 2213 τὸν
1668 2186 1772 2222 βωμὸν,
1794 2188 1840 2214 καὶ

213 2246 374 2274 progressus
382 2239 489 2267 est.Sed
499 2239 723 2274 Deus,iitt'ittsqtve
730 2243 855 2274 prompto
862 2239 999 2275 alacrique

214 2286 305 2312 animo
317 2289 469 2320 perspecto,
486 2286 554 2321 patri
569 2286 652 2312 ﬁlium
664 2285 775 2313 donavit
789 2286 823 2317 “.
837 2285 923 2313 ariete
937 2285 997 2312 loco

214 2331 341 2359 sacriﬁcii
360 2331 407 2358 ﬁlii
421 2336 643 2363 commonstrato,
654 2339 734 2367 quem
751 2332 842 2359 statim
859 2339 908 2366 pro
924 2331 999 2358 Isaac

214 2377 268 2405 ﬁlio
280 2385 330 2405 suo
343 2378 450 2405 obtulit.

247 2465 338 2494 Primo
351 2467 474 2494 omnium
493 2466 609 2497 Abralne
635 2465 683 2492 Dei
702 2465 830 2497 Verbum.
854 2465 881 2492 in
912 2465 997 2500 ﬁgura

213 2513 331 2540 huntana
353 2520 486 2548 apparens
497 2513 531 2544 ",
548 2513 669 2548 gentium
684 2512 856 2539 vocationem
871 2511 999 2538 vaticina-

214 2563 271 2586 tum
283 2563 335 2589 est,
351 2567 432 2594 quam
451 2559 551 2587 nostris
568 2558 736 2593 temporibus
751 2558 779 2584 in
799 2557 929 2584 mundum
948 2557 997 2583 ad-

215 2606 339 2634 veniens.
354 2613 435 2640 opere
451 2605 606 2640 complevit,
617 2612 666 2640 per
681 2604 864 2639 evangelicam
879 2603 953 2630 illius
968 2603 996 2630 in

215 2658 308 2679 omnes
319 2655 411 2687 gentes
425 2651 586 2678 doctrinam.

251 2696 326 2724 Isaac
342 2697 550 2732 quadragesimo
561 2696 648 2724 mtatis
662 2704 734 2724 anno
741 2697 764 2712 ⁷³
777 2695 927 2724 Rcbeccam
946 2697 997 2724 sibi

257 2792 280 2807 “
293 2792 358 2830 Gen:
370 2801 442 2830 xv",
455 2794 497 2830 Π.
531 2793 634 2830 fige".
648 2803 702 2826 χιιι,
714 2795 741 2823 9.,
764 2795 788 2823 4.
829 2796 850 2811 θ’
867 2795 930 2823 Gen.
948 2803 1009 2830 χνιι1

1056 2796 1073 2824 i.
1111 2797 1132 2811 “5‘
1145 2794 1207 2822 (ἴση.
1224 2804 1278 2828 xxi,
1298 2796 1338 2823 l0.

227 2827 269 2856 i3.
308 2828 330 2844 "
347 2827 414 2854 Ibid.
435 2829 478 2855 l6.
517 2829 538 2845 ”
555 2828 619 2856 Gen.
634 2837 696 2864 xxv,
709 2830 754 2857 20.

1051 2235 1100 2272 τὴν
1116 2235 1233 2270 σφαγήν,
1265 2234 1293 2261 Ὀ
1309 2234 1338 2260 δὲ
1359 2234 1434 2266 Θεὸς,
1460 2234 1509 2269 τὴν
1529 2234 1658 2269 ἑκατέρου
1683 2233 1840 2270 προθυμίαν

1051 2281 1259 2317 ἀποδεξάμενος,
1275 2281 1419 2316 ἐχαρίσατο
1433 2280 1472 2316 τῷ
1488 2281 1571 2316 πατρὶ
1586 2281 1632 2307 τὸν
1648 2280 1743 2312 παῖδα,
1764 2280 1839 2313 κριὸν

1051 2329 1110 2356 ἀντὶ
1126 2329 1175 2363 τῆς
1191 2327 1237 2354 τοῦ
1260 2328 1354 2359 παιδὸς
1373 2327 1463 2359 δείξας
1479 2326 1687 2359 ὁλοκαυτώσεως
1697 2335 1703 2342 ·
1729 2327 1776 2353 καὶ
1790 2335 1839 2353 πα-

1053 2375 1180 2411 ραχρῆμα
1204 2374 1298 2400 τοῦτον
1320 2375 1454 2409 ἀνήνεγκε
1474 2373 1535 2400 ἀντὶ
1561 2372 1653 2400 Ἰσαὰκ
1672 2373 1720 2399 τοῦ
1742 2373 1838 2403 παιδὸς

1051 2420 1143 2447 αὑτοῦ.

1086 2466 1190 2501 Πρώτῳ
1206 2465 1234 2492 δὲ
1255 2465 1294 2500 τῷ
1313 2464 1436 2500 Ἀϐραὰμ
1451 2466 1465 2492 ὁ
1480 2464 1526 2491 τοῦ
1544 2463 1610 2490 Θεοῦ
1634 2463 1722 2497 Λόγος
1739 2465 1840 2498 ἐπιφα-

1049 2513 1105 2544 νεὶς
1121 2513 1149 2539 ἐν
1171 2513 1289 2548 σχήματι
1315 2511 1457 2548 ἀνθρώπου
1484 2511 1533 2547 τὴν
1558 2511 1612 2537 τῶν
1628 2510 1716 2536 ἐθνῶν
1743 2510 1841 2545 κλῆσιν

1050 2559 1203 2589 ἐθέσπισεν,
1222 2559 1254 2594 ἥν
1268 2558 1328 2584 καθ’
1345 2559 1418 2593 ἡμᾶς
1434 2558 1605 2593 ἐπιδημήσας
1619 2556 1659 2591 τῷ
1672 2557 1781 2592 κόσμῳ,
1794 2555 1840 2583 ἐπὶ

1050 2605 1135 2641 πέρας
1149 2605 1251 2639 ἢγαγεν
1269 2603 1314 2630 διὰ
1330 2604 1378 2639 τῆς
1396 2604 1436 2635 είς
1453 2604 1541 2630 πάντα
1561 2603 1594 2630 τὰ
1614 2603 1676 2638 ἔθνη
1697 2603 1838 2638 εὐαγγελι-

1052 2651 1102 2685 xi;
1117 2649 1286 2681 διδασκαλίας
1301 2649 1391 2676 αὐτοῦ.

1089 2697 1179 2729 ’Λγων
1191 2696 1218 2722 δὲ
1230 2695 1446 2731 τεσσαρακοστὸν
1459 2694 1518 2727 ἔτος
1528 2695 1577 2730 τῆς
1592 2695 1701 2730 ἡλικίας
1711 2695 1726 2721 ὁ
1747 2694 1838 2722 Ἰσαὰκ

1665 2798 1687 2813 ⁷¹
1723 2795 1796 2825 Ibid.

1381 2796 1402 2812 '”'
1417 2795 1480 2823 Gen.
1503 2805 1570 2829 ΠΗ,
1602 2798 1626 2824 1.
