1909 3071
221 85 272 112 767

658 86 686 114 S.
708 86 929 114 EUSTATHIUS
949 86 1196 117 ANTIOCHENUS
1215 88 1413 118 EPISCOPUS.

1811 89 1861 116 708

221 144 371 179 insignivit.
397 144 458 171 Nati
481 148 546 172 sunt
563 143 593 172 et
618 144 681 172 ﬁliis
696 145 769 173 illius
784 145 831 172 ﬁlii
852 146 964 180 legitimi
975 147 1009 180 ⁸⁸,

1062 148 1112 183 τῆς
1134 148 1345 183 Μεσοποταμίας
1366 147 1557 180 ἐπανελθόντος
1582 149 1747 184 ὁμοτκηνείν
1765 148 1816 175 διὰ
1832 149 1860 175 τῆ

221 189 330 225 Eliphas
346 190 477 225 qui-nque,
495 190 633 222 Theman,
665 189 783 226 Hymar,
805 190 928 225 Sophar,
953 191 1008 219 Go-

220 236 306 268 moth,
319 235 425 269 Cenex,
453 236 525 262 inter
538 243 607 270 quos
632 240 659 263 et
682 236 794 271 spurius
812 242 1008 265 annumeratur

219 280 328 308 Amalec
341 301 347 313 ,
366 289 446 316 quem
472 289 487 308 e
504 281 599 316 pellice
620 281 743 309 Thamna
759 287 916 318 susceperat
930 292 937 316 ;
954 283 1008 310 Ra-

220 326 292 361 gueli
305 333 311 352 :
323 330 349 353 et
365 327 416 361 ipsi
438 332 554 360 quatuor
570 327 614 353 ﬁlii
633 328 687 354 nati
704 332 769 355 sunt
782 327 890 360 Namin,
906 328 1006 362 Zares,

221 369 311 403 Some,
328 369 435 404 Rhoze;
452 370 535 397 EdOm
553 372 697 399 undecim:
713 372 855 406 Thamma,
872 373 948 407 Gela,
964 373 1008 402 lo-

219 416 305 448 thom,
326 416 499 450 Elibmman,
515 417 600 450 Jolas,
617 417 734 451 Phinon.
750 419 853 455 Cenyx,
868 419 1002 453 Theman,

219 461 331 494 Mazari,
349 462 479 495 Maediel,
499 463 664 498 Zephonem.
686 464 745 492 Seir
759 465 888 494 Chorrazo
901 467 923 482 ⁸⁷
936 487 943 499 ,
961 468 1008 502 qui

219 508 358 542 regionem
374 507 468 535 Lotam
487 509 633 543 habitavit,
648 510 695 537 ﬁlii
710 512 831 546 quinque
846 513 900 539 uati
917 517 982 540 sunt
1000 523 1005 540 :

217 551 310 579 Sobnl,
324 552 458 588 Sebegon,
473 554 629 586 Anadeson,
645 555 723 587 Aser,
740 556 858 590 Resom;
883 563 910 585 et
922 558 1009 586 Lotan

219 599 284 631 duo,
300 598 406 632 Chorri,
421 599 532 634 Emam;
559 601 682 629 Thamna
700 611 764 630 vero
786 611 865 631 soror
879 610 937 632 erat
957 604 1010 631 Lo-

219 648 277 677 tan,
291 653 352 680 qum
368 645 497 681 Eliphazo
514 648 623 675 Amalec
638 649 741 684 genuit.
766 649 847 678 Sobal
865 650 935 679 ﬁlius
950 650 1010 678 Scir

219 691 339 725 quinque
356 692 425 719 ﬁlios
440 692 543 725 habuit,
559 693 720 727 Odomnam,
736 695 874 728 Nachath,
892 696 989 724 Gebeel
1000 718 1007 730 ,

220 737 304 772 Soph,
322 737 482 771 Omnan;et
496 739 637 775 Oscbegon
652 741 721 767 duos
733 761 740 773 ,
760 741 823 768 IEdi
847 745 874 769 et
895 741 985 768 Euan
1000 762 1008 774 ,

220 784 266 819 qui
288 784 314 810 in
334 783 423 811 Jamin
445 785 568 819 jumenta
592 787 678 821 patris
700 787 741 814 sui
760 786 882 822 Sebegon
898 795 1013 822 pascen-

220 834 273 856 tem
292 829 396 856 incidit.
419 830 516 857 lEnam
543 839 607 858 vero
632 831 731 865 Deson,
744 837 770 860 et
785 832 906 860 Elibama
924 834 1007 861 ﬁliam
1023 835 1044 862 Β

219 875 321 902 habuit.
336 875 422 903 Deson
444 876 581 909 Amadan,
605 877 716 910 Asbam,
732 878 850 906 Gelhran
869 883 896 907 et
918 880 1002 907 Char-

219 929 286 956 ran;
302 922 369 949 Aser
381 927 496 958 quartus
521 923 581 951 Seir
596 924 667 952 ﬁlius
681 931 807 959 quatuor,
823 925 917 958 Balan,
933 926 1004 954 Zuc-

218 975 281 1000 can,
296 968 414 1004 Joycau,
439 969 539 1003 Ucam;
556 970 668 1005 quintus
685 974 775 998 autem
787 971 857 1000 ﬁlius
870 972 929 1000 Seir
940 973 1007 1001 Ore-

219 1022 288 1045 som.
305 1014 435 1042 Ossaran.

1059 193 1160 228 πλῆθος
1180 192 1233 219 τῶν
1248 193 1424 228 ὑπαρχόντων
1441 193 1540 224 αὐτοῖς.
1556 193 1675 228 Ποιήσας
1694 191 1742 220 οὖν
1764 194 1861 220 κάκεῖ-

1059 239 1103 266 θεν
1120 228 1211 272 παῖδα,
1229 240 1261 266 ὲκ
1284 239 1333 274 τῆς
1359 238 1455 265 ἑαυτοῦ
1480 238 1635 274 ἐπωνυμίας
1656 238 1748 274 Ἐδὼμ.
1773 239 1859 265 αὐτὸν

1058 285 1231 320 ἐπωνόμασε.
1241 285 1379 318 Ἐγένοντο
1394 284 1422 310 δὲ
1439 284 1553 316 καὶτοῖς
1570 285 1637 315 υἱοῖς
1653 284 1737 310 αὑτοῦ
1757 284 1858 316 παῖδες

1059 331 1174 365 γνήσιοι,
1189 330 1226 365 τῷ
1253 330 1301 365 μὲν
1321 329 1430 364 Ἐλιφὰς
1456 329 1546 361 πέντε,
1563 329 1781 366 Θεμὰν,’Υμέιρ,
1799 330 1858 356 Σω-

1059 377 1125 412 (pip,
1141 375 1240 411 Γομῦθ,
1261 375 1355 409 Κενὲξ,
1374 377 1401 402 ἐν
1418 373 1458 406 οἷς
1469 373 1502 410 ἦν
1519 375 1565 401 καὶ
1582 375 1668 407 νόθος,
1680 375 1793 411 τεχθεὶς
1805 376 1855 402 αὖ·

1057 422 1096 458 τῷ
1120 422 1242 458 Ἀμαλὴκ
1265 423 1297 448 ἐκ
1322 421 1480 453 παλλακίδος
1498 421 1606 456 Θαμνᾶς
1620 421 1749 456 ὀνόματι·
1770 421 1812 456 τῷ
1826 421 1854 448 δὲ

1064 468 1196 502 Ῥαγουὴλ
1213 468 1260 494 καὶ
1276 467 1347 503 αὐτῷ
1363 468 1493 503 τέσσαρες
1506 468 1597 499 παῖδες
1615 467 1778 502 ἐτέχθησαν,
1796 467 1853 494 Na-

1060 515 1116 550 μὶν,
1134 515 1231 550 Ζαρὲς,
1244 513 1410 549 Σομέ,Ἰ⁷οζέ
1422 523 1427 528 ·
1446 514 1492 540 καὶ
1509 513 1597 548 Ἐὂὼμ
1611 513 1718 544 ἕνδεκα,
1731 512 1851 548 Θαμμέι,

1058 561 1253 596 Γωλὰ,Ἰοθδμ,
1271 560 1551 597 Αἱλιϐαιμὰν,’1ήλας,
1569 560 1665 592 Φίνων,
1683 559 1787 592 Κενῦξ,
1805 559 1852 585 Θε-

1060 607 1123 642 μὰν,
1140 607 1285 643 Μαζαριεὶ,
1304 606 1433 641 Μαεδιὴλ,
1455 606 1582 641 Ζεφονήν.
1597 605 1641 640 Τῷ
1664 605 1692 630 δὲ
1709 605 1796 640 Σηεὶρ
1812 604 1851 639 τῷ

1058 653 1193 690 Χωρῤαίῳ
1209 653 1247 688 τῷ
1269 653 1317 689 τὴν
1333 653 1384 688 γῆν
1403 651 1448 678 τοῦ
1467 650 1560 678 Λωτὰν
1576 651 1772 686 κατοικήσαντι
1797 651 1851 677 υἱοὶ

1058 701 1138 727 πέντε
1166 700 1297 734 ἐγένοντο,
1316 699 1419 730 Σὼϐαλ,
1436 697 1569 732 Σεὸεγὼν,
1580 696 1850 732 ’Δναδησίυ-β,Ἀσὴρ,

1064 744 1184 779 Ῥησὼν·
1211 745 1257 770 καὶ
1282 744 1320 779 τῷ
1348 744 1441 770 Λωτὰν
1464 744 1519 774 δύο,
1537 743 1804 779 Χωρῤεὶ,¹Εμάν.”Η
1822 742 1851 768 δὲ

1059 789 1154 825 Θαμνὰ
1171 789 1269 825 ἀδελφὴ
1283 789 1329 816 τοῦ
1343 789 1437 815 Λωτὰν
1452 788 1608 823 ἐτύγχανεν,
1625 788 1685 823 ἥτις
1701 788 1747 814 τὸν
1764 788 1850 822 Ἀμα-

1058 835 1108 871 λὴκ
1131 835 1169 870 τῷ
1189 835 1298 869 Ἐλιφὰζ
1325 835 1515 870 ἐγέννησεν.”0
1531 834 1559 860 δὲ
1575 833 1670 860 Σωϐὰλ
1691 833 1706 859 ὁ
1728 833 1786 864 υἱὸς
1802 832 1850 858 τοῦ

1059 883 1142 918 Σηεὶρ
1158 883 1239 908 πέντε
1257 882 1353 913 παῖδας
1373 879 1655 916 ἐποίησεν,ὐδομνὰν,
1673 877 1780 913 Ναχὰθ,
1801 877 1850 903 Γε-

1059 928 1134 964 ϐεὴλ,
1161 927 1360 962 Σὼφ,“Ωμνᾶν·
1378 927 1425 953 καὶ
1451 925 1600 960 ὐσεϐεγὼν
1628 924 1684 956 δύο,
1701 924 1776 950 Altis).
1800 922 1848 950 καὶ

1059 974 1152 1007 Αῐνὰν,
1168 974 1241 1005 ὅστις
1258 971 1334 1008 εὗρεν
1348 974 1376 999 ἐν
1392 974 1423 1008 τῇ
1441 973 1535 1008 ἐρήμῳ
1551 971 1596 998 τὸν
1610 971 1688 1006 ’Ᾱμὶν
1698 969 1734 996 τὰ
1745 968 1848 1001 6310;5-

1059 1027 1105 1053 για
1121 1019 1237 1054 νέμοντα
1252 1018 1298 1045 τοῦ
1315 1019 1417 1054 πατρὸς
1430 1018 1511 1044 αὑτοῦ
1522 1016 1653 1051 Σεόεγών.
1666 1015 1748 1042 mm
1759 1015 1789 1041 δέ
1802 1015 1848 1041 τὸν

217 1060 312 1096 Δησὼν
338 1061 383 1087 καὶ
407 1061 537 1096 Ἑλιϐαμὰ
560 1062 697 1098 θυγατέρα
712 1063 871 1099 ἐγέννησεν·
890 1065 904 1090 ὁ
920 1064 948 1090 δὲ
962 1063 1055 1099 Δησὼν
1069 1064 1113 1090 τὸν
1135 1063 1263 1099 Ἀμαδὰν,
1279 1065 1326 1090 καὶ
1346 1063 1454 1095 Ἀσὸὰν,
1490 1063 1536 1089 καὶ
1559 1061 1672 1098 Γεθρὰν,
1702 1061 1750 1087 καὶ
1773 1061 1848 1096 Χαρ-

219 1108 279 1143 ράν.
289 1108 316 1134 '0
332 1108 360 1134 δὲ
385 1108 467 1144 Ἀσὴρ
486 1110 499 1135 ὁ
515 1109 642 1145 τέταρτος
657 1110 713 1142 υἱὸς
735 1111 782 1138 τοῦ
806 1112 897 1147 Σηεὶρ,
912 1113 1047 1149 τέσσαρας
1074 1113 1171 1144 παῖδας
1201 1112 1353 1147 ἐγέννησεν,
1373 1111 1477 1146 Βαλὰμ,
1496 1110 1616 1145 Ζουκὰμ,
1650 1109 1772 1144 Ἰουκάμ,
1801 1109 1851 1135 0'5-

218 1152 276 1190 κάμ
288 1163 294 1170 ⁵
310 1156 324 1182 ὁ
339 1155 367 1180 δὲ
382 1155 506 1190 πέμπτος
523 1157 578 1188 υἱὸς
595 1157 640 1183 τοῦ
655 1158 737 1194 Σηεὶρ
752 1159 874 1194 Ὀρήσων
888 1161 933 1187 τὸν
949 1160 1093 1196 Ὠσσαράν.

253 1201 353 1229 Verum
369 1208 513 1237 antequam
536 1211 614 1238 reges
628 1209 788 1231 crearentur
809 1206 836 1232 in
857 1206 937 1234 lsracl
952 1228 959 1239 ,
977 1208 1004 1234 hi

217 1251 366 1282 regnarunt
382 1248 408 1275 in
422 1248 506 1275 Edom
520 1249 543 1264 ⁸⁵
559 1259 565 1276 ;
587 1249 667 1277 Baiae
683 1250 753 1277 ﬁlius
771 1250 850 1284 Beor,
863 1257 890 1279 et
907 1261 1004 1280 nomen

217 1294 291 1321 illius
306 1294 423 1322 civitatis
445 1295 567 1329 Denaba;
591 1296 654 1323 huic
676 1298 809 1325 successit
833 1298 919 1326 Jobab
935 1300 1005 1328 l'ilius

219 1340 301 1367 Sirra
317 1348 350 1367 ex
373 1340 497 1376 Bossyra.
516 1347 658 1377 postquam
674 1344 754 1370 Asom
770 1352 802 1371 ex
827 1344 1004 1377 Themanon,

221 1389 282 1420 post
299 1394 378 1420 quem
391 1387 465 1413 Adad
482 1387 552 1415 ﬁlius
568 1388 664 1421 Bai-ad,
683 1389 729 1423 qui
755 1391 782 1416 in
809 1399 906 1425 campo
928 1391 1007 1419 Moab

220 1433 320 1459 excidit
335 1432 461 1465 Madiam,
477 1438 502 1460 et
515 1442 614 1461 nomen
629 1436 750 1463 civitatis
776 1436 849 1464 illius
862 1437 985 1466 Getthem
997 1458 1004 1469 ,

218 1485 280 1515 post
302 1481 375 1509 hunc
397 1481 521 1510 Samalac
538 1491 571 1510 ex
596 1483 736 1517 Masecca;
763 1490 824 1519 post
839 1493 918 1520 quem
941 1486 1006 1513 Saul

218 1534 251 1553 cx
266 1526 383 1560 Roboth,
398 1536 458 1563 qua:
474 1533 514 1556 est
529 1537 613 1564 prope
635 1529 754 1563 ﬁumen;
777 1535 839 1565 post
860 1539 938 1565 quem
954 1531 1005 1558 lla-
1021 1523 1042 1554 (ἶ

219 1573 334 1600 laennon
353 1573 423 1601 ﬁlius
440 1575 574 1606 Ahochor.
592 1578 636 1602 cui
653 1580 710 1603 erat
727 1584 796 1603 uxor
816 1577 924 1604 nomine
951 1577 1007 1604 Me-

220 1619 306 1646 lcheel
325 1620 378 1647 ﬁlia
394 1620 512 1653 Matrad,
543 1621 588 1648 lilii
613 1622 753 1657 Mezooph,
770 1622 866 1649 horum
887 1624 1007 1650 omnium

219 1666 282 1692 anni
303 1671 493 1701 computantur
512 1676 626 1695 numero
649 1676 674 1695 D.
698 1667 759 1695 Filii
776 1677 840 1695 vero
854 1667 938 1696 Jacob
954 1669 1008 1695 fra-

218 1713 270 1739 tris
283 1711 381 1748 Joseph
394 1714 465 1741 laudi
478 1715 624 1750 gloriaeque
639 1715 792 1742 invidentes
807 1716 829 1731 ⁸⁹
840 1736 847 1748 ,
867 1723 928 1742 cum
943 1723 1010 1742 ven-

220 1759 288 1785 dunt
305 1758 459 1791 lsmaelitis.
475 1765 502 1788 et
521 1761 572 1796 ipsi
590 1761 617 1788 iu
637 1760 755 1796 Egypto
770 1761 933 1796 Pctephrin,
962 1769 1009 1788 co-

220 1813 336 1840 quorum
350 1806 465 1841 principi
476 1807 510 1833 9°.

256 1851 355 1879 Eadem
372 1855 530 1886 tempestate
543 1851 626 1880 Jmlas
642 1853 674 1879 ad
692 1853 762 1880 iram
770 1853 914 1888 quemdam
928 1853 1009 1881 Odol-

219 1899 340 1926 lamitcm
354 1899 470 1930 accedit,
487 1899 579 1933 ibique
602 1899 742 1926 mulierem
759 1899 950 1932 Chananaeam,
963 1900 1007 1926 cui

221 1952 320 1972 nomen
334 1948 392 1972 erat
409 1945 478 1972 Saba
493 1965 499 1977 ,
522 1945 673 1979 inspectam
698 1945 776 1972 duxit
796 1954 918 1978 uxorem.
934 1951 959 1973 et
974 1955 1007 1973 ex

221 1998 253 2017 ea
276 1995 393 2024 quatuor
417 1991 536 2025 suscepit
551 1991 651 2018 liberos
666 2000 671 2018 :
693 1991 755 2025 Her,
772 1992 880 2024 Auuan,
900 1992 1006 2025 Sel-im,

221 2034 339 2068 Phares;
357 2039 383 2062 et
397 2035 482 2063 ludas
498 2035 551 2063 llcr
565 2043 614 2063 suo
630 2037 810 2071 primogenito
834 2039 1007 2065 matrimonio

222 2081 332 2116 copulat
343 2080 469 2115 Thamar,
481 2082 527 2116 qui
555 2087 663 2117 propter
678 2091 783 2110 morum
802 2084 928 2112 eximiam
955 2085 1006 2111 im-

222 2125 395 2160 probitatem,
411 2126 470 2153 siue
481 2127 542 2154 ﬁliis
555 2127 663 2161 occidit,
680 2127 734 2155 Deo
749 2129 824 2155 illum
842 2129 874 2157 ad
892 2133 1006 2157 mortem

222 2171 365 2206 trudente;
394 2176 421 2199 et
444 2172 527 2201 Judas
550 2173 627 2201 Onan
651 2175 772 2201 secundo
796 2174 865 2206 ﬁlio,
899 2180 927 2202 ut
953 2184 1006 2202 una

221 2226 284 2246 cum
301 2218 419 2246 Thamar
434 2221 636 2253 concumberet,
649 2221 764 2255 imponit
781 2221 814 2248 ad
845 2221 938 2249 fratris
965 2223 1006 2249 sui

222 2273 316 2293 semen
353 2266 536 2293 excitandum.
575 2266 628 2294 Sed
654 2267 731 2294 Onan
760 2275 822 2294 cum
856 2268 1004 2295 liberorum

221 2313 437 2347 procreationem
451 2312 483 2339 ad
499 2321 528 2340 se
540 2321 594 2340 non
606 2314 742 2348 pertinere
759 2314 943 2349 cognmisset,
962 2314 1006 2341 ubi

221 2365 282 2385 cum
298 2358 411 2386 muliere
426 2367 471 2387 res
488 2364 544 2386 erat
559 2359 692 2392 habenda,
707 2368 798 2386 semen
812 2367 894 2393 super
907 2364 1005 2386 terram

220 2404 394 2439 effundebat;
410 2413 495 2440 quare
520 2405 591 2433 Deus
608 2406 742 2433 alienatus
757 2408 784 2432 et
806 2405 925 2433 olleusus
944 2413 1006 2433 eum

221 2451 301 2478 morti
314 2451 434 2478 tradidit.
449 2451 481 2478 Et
499 2451 584 2479 Judas
596 2451 714 2478 Thamar
730 2452 757 2478 in
778 2451 899 2486 paternis
919 2451 1006 2478 domi-

222 2498 282 2528 hus,
295 2503 324 2524 ut
342 2498 421 2525 vidua
437 2499 553 2529 sederet.
570 2499 656 2526 donec
671 2498 760 2525 Selom
781 2502 916 2525 cresceret
936 2505 1007 2532 przc-

221 2544 298 2578 cipit,
313 2552 392 2579 quem
411 2549 531 2576 auctum,
547 2548 574 2572 et
591 2544 712 2572 adultum
726 2565 733 2578 ,
766 2544 862 2572 timore
892 2544 1005 2575 ductus.

223 2591 530 2625 atquesuspicioneme
549 2596 575 2618 et
603 2591 626 2618 is
649 2590 788 2621 interiret,
815 2591 918 2618 nullum
944 2599 1005 2618 cum

222 2635 340 2662 Thamar
356 2637 512 2672 conjunxit;
529 2644 589 2672 quae
605 2644 675 2672 aegre
703 2636 753 2663 hoc
775 2636 940 2671 molesteque
964 2636 1005 2663 fe-

222 2689 297 2715 rens,
312 2682 364 2709 hac
376 2682 481 2710 ratione
493 2682 569 2710 Judze
583 2683 668 2709 vicem
680 2682 813 2716 rependit.
828 2681 932 2709 Etenim
944 2688 1005 2708 cum

223 2727 298 2754 Illum
317 2728 350 2755 ad
365 2736 429 2756 oves
446 2729 597 2756 tondeudas
614 2728 763 2763 profectum
788 2735 849 2756 esse
872 2727 943 2755 fama
960 2735 1005 2754 ac-

1092 1208 1147 1243 Πρδ
1174 1207 1202 1234 δὲ
1216 1207 1262 1234 τοῦ
1288 1204 1444 1242 βασιλεῦσαι
1474 1204 1600 1240 βασιλέας
1613 1206 1640 1231 ἐν
1657 1203 1778 1239 Ἰσραὴλ,
1797 1203 1848 1237 τῆς

1064 1254 1152 1289 Ἐδὼμ
1179 1249 1252 1280 οὗτοι
1275 1253 1298 1278 οἱ
1323 1251 1440 1287 βασιλεῖς
1457 1250 1646 1277 ἐϐασίλευσαν·
1675 1249 1765 1275 Βαλὰκ
1789 1248 1846 1279 υἱὸς

1058 1299 1134 1336 Βεὼρ
1163 1300 1209 1326 καὶ
1225 1299 1308 1334 ὖνομα
1321 1299 1353 1333 τῇ
1366 1298 1441 1324 πόλει
1454 1297 1534 1324 αὐτοῦ
1548 1296 1660 1327 Δενάδα,
1675 1295 1735 1331 μεθ’
1744 1295 1774 1322 ὃν
1788 1295 1846 1320 Ἰω-

1059 1347 1110 1373 ϐὰϐ
1122 1347 1178 1378 υἱὸς
1185 1346 1335 1382 Ζαρρὰὸἐκ
1347 1343 1495 1380 Βοσσύρας,
1511 1343 1568 1379 μεθ’
1579 1343 1607 1370 ὃν
1625 1342 1708 1378 Ἀζὸμ
1721 1343 1736 1369 ὁ
1751 1343 1783 1368 ἐκ
1794 1342 1844 1377 γῆς

1058 1392 1198 1428 Θεμανὼν,
1227 1392 1284 1427 μεθ’
1301 1391 1330 1418 ὃν
1351 1390 1438 1422 'A6‘16,
1457 1391 1513 1421 υἱὸς
1537 1389 1634 1425 Βαρὰδ,
1655 1390 1729 1419 ὅστις
1754 1389 1783 1414 ἐν

1059 1438 1142 1474 πεδίῳ
1158 1437 1244 1465 Μωὰϐ
1260 1436 1371 1471 ἐξέκοψε
1383 1436 1432 1472 τὴν
1452 1435 1573 1470 Μαδιὰμ,
1590 1435 1636 1461 καὶ
1649 1434 1734 1469 ὄνομα
1749 1435 1783 1468 τῇ
1800 1433 1846 1458 πό-

1058 1483 1098 1510 λει
1112 1483 1194 1511 αὑτοῦ
1208 1483 1326 1518 Γετθὲμ·
1347 1483 1413 1518 μετὰ
1432 1482 1459 1508 δὲ
1472 1482 1564 1508 τοῦτον
1578 1481 1709 1516 Σαμαλὰκ
1719 1481 1733 1506 ὁ
1745 1481 1776 1506 ἐκ
1786 1480 1845 1506 Μα-

1060 1530 1168 1561 σέκκας,
1188 1529 1245 1565 μεθ’
1261 1530 1290 1555 ὃν
1313 1529 1398 1555 Σαοὺλ
1419 1529 1434 1554 ὁ
1457 1529 1489 1554 ἐκ
1509 1527 1609 1554 Ῥοϐὼθ
1636 1527 1687 1561 τῆς
1711 1525 1786 1562 παρὰ
1799 1526 1845 1552 τὸν

1061 1576 1190 1611 ποταμὸν,
1207 1575 1264 1611 μεθ’
1277 1575 1307 1602 ὃν
1322 1573 1477 1601 Βαλαεννὼν
1494 1574 1550 1606 υἱὸς
1570 1573 1690 1608 ’Λῦοχὼρ
1712 1573 1780 1607 ἔχων
1796 1580 1843 1606 γυ-

1059 1624 1139 1649 ναῖκα
1158 1622 1268 1656 ὀνόματι
1290 1620 1443 1656 Μετεϐεὴλ,
1470 1620 1608 1655 θυγατέρα
1635 1619 1759 1655 Ματρὰδ,
1785 1618 1842 1644 υἱοῦ

1059 1665 1184 1700 Μεςοὼῳ,
1201 1665 1225 1692 οἳ
1246 1666 1346 1697 πάντες
1363 1663 1433 1701 ἦσαν
1449 1664 1496 1700 ἔτη
1513 1664 1627 1700 aptam»;
1647 1667 1683 1699 φ’.
1702 1665 1733 1690 Οἱ
1749 1664 1777 1690 δὲ
1793 1664 1842 1690 υἱοὶ

1065 1711 1171 1742 Ἰακὼϐ,
1191 1712 1235 1738 τὸν
1252 1711 1364 1745 ἀδελφὸν
1389 1711 1477 1738 αὐτῶν
1494 1710 1590 1746 Ἰωσὴφ
1606 1709 1694 1745 φθόνῳ
1712 1711 1842 1744 μισήσαν-

1058 1767 1113 1790 τες,
1134 1759 1190 1789 τοῖς
1209 1758 1392 1792 Ἰσμαηλίταις
1417 1758 1556 1784 ἀπέδοντο.
1574 1757 1620 1783 καὶ
1634 1756 1712 1782 αὑ·.οὶ
1736 1757 1776 1788 εἰς
1796 1757 1840 1782 AE-

1058 1812 1159 1838 γυπτον
1175 1803 1212 1839 τῷ
1227 1804 1352 1838 Πετεφρῇ
1369 1803 1406 1838 τῷ
1421 1802 1611 1839 ἀρχιμαγείρῳ
1627 1801 1737 1838 Φαραώ.

1094 1851 1149 1876 Καὶ
1170 1851 1198 1877 ἐν
1214 1850 1252 1885 τῷ
1268 1850 1354 1885 χρόνῳ
1371 1850 1456 1885 τούτῳ
1479 1849 1578 1880 Ἰούδας
1598 1849 1751 1883 ἀῳικνεῖται
1776 1848 1840 1883 πρὸς

1065 1896 1135 1932 Ἰράν
1148 1905 1206 1922 τινα
1226 1895 1414 1931 Ὀδολλαμίτην
1425 1904 1431 1910 ·
1446 1896 1492 1921 καὶ
1507 1895 1672 1930 Θεασάμενος
1684 1895 1743 1920 ἐκεῖ
1753 1894 1838 1920 Χανα-

1059 1943 1135 1969 ναίαν
1152 1943 1269 1976 γυναῖκα
1285 1942 1373 1968 Σάϐαν
1399 1941 1520 1976 ὀνόματι,
1538 1941 1639 1975 ταύτην
1663 1940 1731 1976 πρὸς
1756 1940 1840 1975 γάμον

1058 1989 1162 2022 ἄγεται,
1184 1988 1230 2014 καὶ
1257 1989 1328 2014 ποιεῖ
1351 1987 1446 2019 παῖδας
1471 1987 1500 2020 ἐξ
1525 1987 1607 2022 αὐτῆς
1627 1986 1838 2021 τέσσαρας,Ἣρ.

1058 2034 1156 2066 mm,
1185 2028 1293 2069 Σηλὼμ,
1319 2034 1415 2070 Φαρές.
1444 2035 1500 2061 Καὶ
1530 2034 1627 2066 Ἰούδας
1648 2033 1781 2068 λαμϐάνει
1805 2033 1840 2068 τῷ

1059 2080 1222 2115 πρωτοτόκῳ
1243 2079 1322 2106 αὑτοῦ
1345 2079 1394 2115 υἱῲ
1413 2080 1452 2115 τῷ
1465 2081 1518 2116 Ἧρ
1534 2081 1649 2115 γυναῖκα
1664 2080 1776 2115 ὀνόματι
1790 2079 1840 2106 Θά-

1059 2134 1125 2162 μαρ,
1145 2126 1190 2153 καὶ
1213 2126 1257 2152 διὰ
1282 2126 1412 2161 πονηρίαν
1436 2126 1535 2162 πολλὴν
1559 2126 1612 2153 τῶν
1635 2127 1744 2162 τρόπων
1761 2125 1837 2153 αὐτοῦ

1058 2173 1141 2204 ἄπαις
1167 2172 1342 2208 ἀποθνήσκει,
1366 2172 1413 2198 τοῦ
1440 2172 1506 2198 Θεοῦ
1527 2172 1606 2199 αὐτὸν
1627 2171 1837 2202 θανατώσαντος.

1024 2214 1044 2240 D
1059 2219 1114 2245 Καὶ
1129 2219 1270 2254 ἐπιτρέπει
1284 2219 1298 2244 ὁ
1317 2219 1415 2250 Ἰούδας
1430 2218 1468 2254 τῷ
1484 2218 1599 2254 δευτέρῳ
1611 2218 1692 2245 αὐτοῦ
1707 2218 1781 2244 παιδὶ
1793 2219 1838 2244 A5-

1058 2266 1105 2292 νὰν
1119 2265 1328 2300 συνευνασθῆναι
1340 2266 1372 2300 τῇ
1389 2265 1497 2300 Θάμαρ,
1513 2264 1581 2290 ὥστε
1593 2264 1742 2298 ἀναστῆσαι
1761 2263 1836 2299 σπέρ-

1060 2320 1097 2346 μα
1111 2310 1149 2346 τῷ
1165 2310 1271 2345 ἀδελφῷ
1288 2310 1380 2336 αὑτοῦ.
1399 2310 1454 2335 Καὶ
1471 2311 1484 2336 ὁ
1506 2309 1594 2336 Λὺνὰν
1613 2310 1703 2343 γνοὺς,
1729 2309 1769 2335 δτι
1791 2309 1836 2334 οὐκ

1057 2357 1132 2392 αύτῷ
1149 2356 1295 2392 καθῆκενὴ
1312 2356 1365 2382 τῶν
1387 2355 1488 2382 τέκνων
1508 2355 1604 2391 σπορὰ,
1628 2356 1656 2381 ἐν
1679 2355 1719 2389 τῷ
1736 2354 1835 2390 μέλλειν

1059 2405 1175 2430 συνεῖναι
1192 2405 1224 2438 τῇ
1241 2402 1350 2437 γυναικὶ
1364 2402 1469 2438 ἐξέχεεν
1486 2402 1532 2428 ἐπὶ
1546 2402 1595 2435 τῆς
1611 2401 1663 2435 γῆς
1687 2401 1770 2427 αὑτοῦ
1792 2401 1835 2436 τὴν

1060 2449 1154 2484 γονήν·
1180 2449 1226 2475 καὶ
1251 2448 1410 2483 νεμεσηθεὶς
1427 2448 1471 2474 ἐπὶ
1494 2447 1571 2474 τοῦτο
1591 2447 1642 2473 ὑπὸ
1661 2447 1739 2478 Θεοῦ,
1756 2455 1835 2482 παρα-

1058 2496 1151 2531 χρῆμα
1168 2494 1311 2522 ἀπέθανεν.
1325 2494 1380 2521 Καὶ
1398 2488 1412 2521 ὖ
1434 2494 1532 2526 Ἰούδας
1553 2493 1656 2520 κελεύει
1677 2493 1728 2528 τὴν
1744 2493 1833 2529 Θάμαρ

1057 2543 1086 2567 ἐν
1101 2543 1155 2572 τοῖς
1169 2541 1304 2577 πατρῴοις
1320 2541 1402 2572 οἴκοις
1414 2541 1500 2576 χήραν
1521 2539 1692 2572 καθέζεσθαι,
1707 2540 1760 2571 ἕως
1783 2536 1832 2566 οὖὰ

1058 2587 1157 2623 Σηλὼμ
1184 2587 1303 2619 αὒξεται.
1322 2586 1513 2622 Ἀνδρωθέντος
1537 2584 1582 2613 οὖν
1607 2585 1688 2612 αὐτοῦ
1719 2586 1830 2621 ἐφοϐήθη

1059 2635 1173 2669 συνάψαι
1189 2634 1268 2661 αὐτὸν
1284 2636 1316 2670 τῇ
1334 2634 1441 2670 Θάμαρ,
1460 2634 1630 2668 ὑποτοπήσας
1645 2633 1680 2668 μὴ
1702 2634 1750 2659 καὶ
1764 2630 1831 2663 οὗτος

1057 2681 1206 2708 ἀπολεῖται.
1216 2681 1285 2706 Ἡδὲ
1303 2681 1347 2707 ἐπὶ
1361 2680 1447 2716 τούτῳ
1460 2680 1572 2716 ἀχθεῖσα
1586 2680 1733 2715 ὀδυνηρῶς,
1747 2679 1830 2715 retritis

1055 2728 1146 2762 τρόπῳ
1168 2727 1212 2753 τὸν
1235 2726 1332 2753 Ἰούδαν
1343 2726 1493 2762 ἀμείϐεται.
1512 2724 1685 2761 ’Δφιχθέντος
1697 2723 1745 2753 οὖν
1758 2725 1835 2753 αὐτοῦ

278 2806 300 2823 ⁸⁸
316 2806 377 2835 Gen.
396 2816 486 2836 xxxvi.
525 2808 626 2835 "Ibid.
665 2809 686 2825 ⁸⁸
702 2808 764 2836 Gen.
781 2817 872 2835 xxxvi.
910 2810 931 2825 "
943 2807 1005 2836 Gen.
1024 2815 1125 2837 xxxvu.
1163 2807 1186 2823 ⁰⁰
1200 2807 1261 2834 Cen.
1279 2815 1369 2835 xutx.
