1909 3071
43 111 89 139 773

42 169 166 206 ριέποντα,
188 167 296 203 πικρῶς
318 166 478 199 στενάξασα,
492 167 539 193 καὶ
562 166 710 193 κωκύσασα
733 164 811 192 εἷπε·
828 169 849 196 Α

44 214 86 241 (Ὦ
99 214 137 249 δὴ,
154 213 251 249 Κύριε,
265 213 306 240 ὅτι
320 213 379 239 οὐδὲ
393 215 448 245 τοῖς
464 214 596 245 πετεινοῖς
610 213 716 245 τούτοις
730 213 812 248 ὡμοί-

41 268 103 294 ωμαι
119 258 239 294 γονίμοις
260 258 426 294 ὑπάρχουσιί
443 269 452 284 ι
476 259 531 285 Καὶ
549 259 635 286 ταῦτα
650 258 754 294 βοώσης
767 260 815 285 αὺ-

40 305 82 339 τῆς
96 304 158 340 προς
182 303 227 329 τὸν
246 303 323 334 Θεὸν,
338 303 458 338 ἄγγελος
468 304 569 340 Κυρίου
585 304 729 339 ἐπιφανεὶς
744 305 813 339 αὐτῇ

41 349 227 384 εὐαγγελίζεται
245 349 314 385 αὐτῇ
332 350 554 377 παιδοποιίαν.Ἡ
572 351 600 377 δὲ
614 350 753 377 ἀκούσασα
769 350 814 376 εὑ-

42 396 81 426 65;
96 395 124 421 τὸ
136 394 264 429 γεννηθὲν
281 394 419 422 ἀναθεῖναι
434 395 473 430 τῷ
488 395 547 430 Θεῷ
563 395 752 430 ἐπηγγείλατο.

71 441 178 468 Τοιαῦτα
188 441 216 467 δὲ
236 441 285 468 καὶ
298 440 337 476 τῷ
360 441 486 477 Ἰωακεὶμ
505 442 520 467 ὁ
540 441 654 476 ἄγγελος
667 442 695 468 ὲν
706 442 745 477 τῷ
757 442 815 478 ὄρει

41 487 177 523 διεσήμανε.
203 487 259 513 Καὶ
289 486 411 518 καταϐὰς
429 487 556 524 Ὶωακεὶμ
581 487 635 514 ἀπὸ
655 487 702 514 τοῦ
725 488 814 523 ὄρους,

41 534 94 561 δέκα
108 533 229 568 ἀμνάδων
241 532 337 560 θυσίαν
349 533 388 569 τῷ
403 533 498 568 Κυρίῳ
510 534 691 570 προσήνεγκε,
703 533 815 565 καὶτοῖς

44 579 129 614 ἱερεῦσι
144 579 259 614 μόσχους
273 578 395 610 δεκαδύο,
410 579 457 606 καὶ
522 580 653 616 γερουσίᾳ
669 580 716 607 καὶ
733 581 816 607 παντὶ

42 626 72 661 τῷ
85 625 135 661 λαῷ
149 626 244 653 ἑκατὸν
257 626 402 662 χιμάρους.
415 626 470 653 Καὶ
484 627 642 659 ἐπιτελέσας
657 627 706 659 τὰς
722 627 815 660 θυσίας

42 673 132 705 ταύτας
142 674 168 699 ἐν
183 673 221 708 τῷ
235 672 293 708 ναῷ
307 673 353 700 τοῦ
369 673 447 705 Θεοῦ,
464 674 618 708 ἀφικνεῖται
634 674 674 706 εἰς
685 674 730 701 τὸν
742 672 815 701 οἷκον

42 719 126 746 αὐτοῦ’
145 719 191 746 καὶ
203 720 285 753 γνοὺς
298 719 347 755 τὴν
360 721 475 754 γυναῖκα
488 719 583 751 αὑτοῦ,
600 721 671 747 ποιεῖ
685 720 714 753 ὲξ
727 720 813 756 αὐτῆς

43 765 171 801 θυγατέρα,
182 765 229 792 καὶ
242 764 370 800 ὀνομάζει
381 765 467 801 αὐτὴν
478 765 604 801 Μαριὰμ,
616 766 712 800 ἥντινα
722 766 814 802 τριετῆ

43 812 173 848 γενομένην
187 811 226 847 τῷ
246 811 304 847 ναῷ
321 811 367 838 τοῦ
384 811 452 838 Θεοῦ
471 811 638 847 ἁφιέρωσαν.

72 846 217 894 Γενομένης
233 858 263 884 δὲ
290 846 375 893 αὐτῆς
399 846 591 890 δωδεκαετοῦς,
605 859 627 884 οἱ
647 858 728 894 ἱερεῖς
744 865 812 893 συμ-
829 846 851 874 Β

44 904 131 931 δούλιον
145 905 318 940 ἐποιήσαντο,
330 904 383 931 τῶν
395 903 448 931 τίνι
465 904 550 940 αὐτὴν
567 904 635 939 πρὸς
651 904 739 939 γάμον
752 913 814 931 συν-

44 951 126 986 ﬁdem.
139 951 191 977 Kal.
214 951 392 987 ἐπιτρέπουσι
412 951 458 977 τὸν
472 950 601 987 ἀρχιερέα
614 951 759 986 Ζαχαρίαν,
775 951 814 983 είς

44 998 71 1024 τὰ
81 998 154 1031 Ἅγια
168 997 222 1024 τῶν
239 998 327 1031 ἁγίων
340 996 504 1028 εἰσελθόντα,
518 996 680 1032 αἰτήσασθαι
693 996 738 1022 τὸν
749 996 815 1023 Θεὸν

44 1043 199 1078 ἀποκαλύψαι
213 1043 300 1078 αὐτῷ,
310 1042 340 1069 τὸ
350 1042 402 1070 τίνι
417 1043 550 1078 προσήκει
563 1040 708 1077 ζευχθῆναι
720 1041 812 1077 αὑτήν.

44 1089 88 1115 Καὶ
100 1089 142 1115 τοῦ
158 1088 293 1124 Ζαχαρίου
308 1088 465 1123 εὐχομένου,
482 1087 597 1122 ἄγγελος
614 1087 755 1122 ἐπιφανεὶς
768 1095 815 1122 ση-

46 1135 119 1170 μαίνει
130 1135 230 1166 πάντας
243 1135 409 1169 συναγαγεῖν
419 1134 466 1161 τοῦ
483 1134 547 1160 λαοῦ
563 1134 625 1165 τοὺς
640 1133 813 1169 χηρεύοντας,

44 1181 81 1207 καὶ
98 1181 213 1217 κατέχειν
226 1181 342 1207 ἕκαστον
373 1180 468 1216 ῥάϐδον
479 1190 485 1196 ·
501 1181 548 1207 καὶ
564 1177 586 1214 ᾧ
600 1180 632 1207 ἂν
647 1181 661 1207 ὁ
677 1180 742 1211 Θεὸς
757 1180 815 1206 ἑπι-

44 1227 103 1262 δείξῃ
117 1229 232 1262 σημεῖον,
249 1227 337 1262 τούτῳ
353 1227 468 1261 συνάψαι
485 1226 533 1262 τὴν
547 1225 691 1262 παρθένον.

77 1272 194 1305 Ἐξελοὼν
209 1273 238 1300 δὲ
252 1274 268 1300 ὁ
282 1273 418 1308 Ζαχαρίας
436 1273 563 1308 ἐποίησεν
580 1271 675 1303 οὕτως,
691 1270 781 1302 καθὼς
801 1271 815 1297 ὁ

46 1318 140 1352 ἄγγελος
162 1318 234 1354 αὐτῷ
259 1318 421 1354 προσέταξε.
442 1318 497 1346 Καὶ
523 1317 612 1344 λαϐὼν
634 1317 740 1344 πάντων
767 1316 815 1348 τὰς

46 1364 141 1399 ῥάϐδους
155 1365 254 1399 αὐτῶν,
272 1364 391 1400 ἀπῆλθεν
403 1366 431 1391 ὲν
447 1363 485 1399 τῷ
509 1363 582 1399 ἱερῷ,
599 1363 646 1390 καὶ
662 1361 816 1397 προσηύξα-

46 1419 78 1442 το,
91 1411 131 1438 καὶ
141 1411 252 1444 ἐξελθὼν
268 1412 375 1447 ἑκάστῳ
396 1411 446 1446 τὴν
471 1410 539 1437 ἰδίαν
561 1409 657 1445 ῥάϐδον
674 1409 813 1444 ἀπένειμε.

46 1457 184 1485 Τελεπαῖον
210 1458 238 1485 δὲ
263 1457 399 1489 ἐπιδιδοὺς
415 1457 464 1491 τὴν
479 1456 575 1492 ῥάϐδον
586 1455 625 1491 τῷ
645 1454 753 1490 Ἰωσὴφ,
769 1463 816 1490 ση-

47 1505 110 1538 μεῖον
131 1504 198 1539 μέγα
221 1504 340 1539 ἐγένετο.
351 1503 467 1539 Ἀθρὸως
482 1502 538 1538 γὰρ
552 1502 601 1538 τὴν
619 1501 716 1538 ῥάϐδον
733 1500 814 1528 αὑτοῦ

47 1550 108 1585 παρὰ
118 1550 162 1576 τοῦ
178 1551 273 1587 ἱερέως
283 1550 476 1586 λαμϐάνοντος,
487 1548 634 1585 περιστερὰ
649 1548 749 1583 ἐξέπτη
762 1547 816 1574 ἀπὺ

46 1595 86 1630 τῆς
99 1596 200 1632 ῥάϐδου,
215 1597 264 1624 καὶ
279 1597 325 1623 ἐπὶ
338 1595 387 1631 τὴν
407 1594 527 1630 κεφαλὴν
544 1593 679 1629 ὲκαθέσθη
696 1591 742 1618 τοῦ
761 1592 816 1618 Ἰω-

48 1640 104 1674 σήφ·
116 1641 159 1668 καὶ
171 1643 184 1668 ὁ
196 1641 342 1678 ἀρχιερεὺς
362 1640 409 1667 καὶ
424 1640 522 1671 πάντες
539 1639 563 1665 ol
580 1638 706 1669 συνόντες
719 1638 811 1673 ἱερεῖς,

47 1685 216 1722 θαυμάσαντες
238 1687 272 1714 τὸ
291 1686 411 1722 γεγονὸς,
427 1685 508 1713 αὑτὸν
533 1684 659 1719 γενέσθαι
675 1683 816 1719 μνηστῆρα

46 1732 87 1767 τῆς
97 1733 172 1769 κόρης
186 1733 307 1769 ἔκριναν,
322 1734 355 1768 ἢν
370 1731 459 1759 λαϐὼν
471 1733 485 1758 ὁ
499 1731 596 1766 Ἰωσὴφ
610 1729 755 1765 ἐφύλασσε,
769 1729 816 1756 καὶ

48 1777 184 1805 καταλιπὼν
203 1780 231 1806 ὲν
246 1778 286 1814 τῷ
300 1778 368 1814 οἴκῳ
385 1777 467 1805 αὐτοῦ
487 1778 639 1812 ἀφικνεῖται
651 1775 700 1807 τὰς
716 1775 816 1802 οἰκοδο-

49 1824 92 1858 μὰς
105 1824 260 1851 ὲκτελέσων·
276 1822 309 1860 ἧν
324 1824 378 1860 γὰρ
391 1824 495 1851 τέκτων
507 1824 540 1858 τῇ
558 1822 706 1858 ἐπιστήμῃ.

76 1869 134 1896 Κατ’
147 1870 246 1898 ἐκεῖνον
258 1870 287 1896 δὲ
302 1870 346 1896 τὸν
363 1870 457 1905 καιρὸν
470 1868 543 1900 ἔδοξε
553 1869 608 1899 τοῖς
625 1867 725 1903 ἱερεῦσι
735 1874 816 1893 κατα-

49 1915 210 1951 σκευασθῆναι
226 1916 280 1943 ὑπὸ
296 1915 385 1950 ἁγνῶν
401 1915 541 1951 παρθένων
555 1913 594 1949 τῷ
608 1912 664 1948 ναῷ
680 1911 726 1939 τοῦ
748 1911 814 1939 Θεοῦ

48 1962 234 1998 καταπέτασμα,
250 1962 296 1989 καὶ
313 1961 463 1997 εὑρέθησαν
477 1961 505 1986 ἐν
518 1961 550 1995 τῇ
567 1959 636 1994 φυλῇ
654 1958 736 1985 Ἰούδα
751 1966 816 1992 παρ-

49 2005 106 2033 θένοι
126 2009 200 2035 ἑπτά.
219 2009 275 2035 Καὶ
290 2008 340 2043 τῆς
355 2008 463 2043 Μαρίας
480 2006 508 2033 δὲ
526 2005 653 2042 μνησθεὶς
669 2004 814 2040 Ζαχαρίας,

49 2052 156 2080 ἐκέλευσε
171 2055 216 2081 καὶ
234 2054 319 2089 αὐτὴν
334 2054 462 2089 παρεῖναι
475 2053 515 2084 είς
526 2052 571 2079 τὸν
586 2051 751 2085 κατάλογον·
769 2049 816 2076 καὶ

50 2099 182 2134 εἰσαγαγὼν
198 2100 284 2132 αὑτὰς
301 2101 340 2131 εἰς
353 2099 398 2126 τὸν
412 2094 485 2126 οἶκον
499 2097 546 2124 τοῦ
564 2096 642 2129 Θεοῦ,
656 2095 756 2131 κλῆρον
770 2095 816 2130 βα-

49 2141 94 2169 λεῖν
106 2146 258 2180 προσέταξε,
272 2146 350 2172 ποίαν
363 2142 434 2171 οἷο-αι
445 2143 490 2170 τὸν
502 2143 602 2179 χρυσὸν
619 2142 664 2169 καὶ
676 2141 706 2168 τὸ
718 2141 816 2176 ἀμίαν-

50 2197 94 2221 τον,
111 2192 154 2218 καὶ
166 2192 212 2228 τὴν
230 2192 338 2227 βύσσον,
355 2191 402 2217 ml.
417 2190 447 2216 τὸ
461 2189 582 2225 οηρικὸν,
598 2188 645 2214 καὶ
660 2187 708 2222 τὴν
728 2186 815 2222 ἀληθῆ
832 2199 854 2226 D

50 2237 183 2272 πορφύραν,
199 2238 246 2265 καὶ
268 2237 314 2264 τὸν
339 2235 477 2267 ὑάκινθον,
502 2235 549 2262 καὶ
569 2234 614 2260 τὸν
637 2234 751 2260 κόκκον’
767 2233 815 2259 καὶ

51 2281 171 2320 tamen
183 2284 277 2320 Μαρία
286 2283 335 2319 τὴν
348 2283 489 2319 πορφύραν
504 2282 550 2308 καὶ
563 2281 609 2307 τὸν
623 2280 721 2306 κόκκον
737 2279 815 2314 ἐργά-

51 2328 137 2359 ζεσθαι.
151 2331 203 2358 Καὶ
213 2332 245 2367 δὴ
256 2332 302 2357 ἐπὶ
316 2330 362 2358 τοῦ
374 2331 446 2357 οἴκου
461 2328 648 2365 ἐργαζομένης
659 2325 743 2359 αὐτῆς
756 2326 813 2352 ἐπιδ

51 2377 130 2409 φανεὶς
151 2378 262 2412 ἄγγελος
284 2378 329 2404 τὸν
351 2375 501 2412 παράδοξον
514 2375 591 2401 τόκον
610 2371 815 2407 εὐαγγελίζεται

51 2421 116 2457 αὐτῇ,
132 2424 216 2456 καθὼς
234 2425 334 2459 ἱστορεῖ
348 2423 382 2449 τὰ
400 2421 562 2456 Εὐαγγέλια.

79 2467 111 2493 Τὸ
128 2469 188 2503 γοῦν
209 2469 316 2506 ὁρισθὲν
335 2469 403 2504 αὐτῇ
432 2467 511 2502 ἔργον
535 2465 711 2495 ἐκτελέσασα,
727 2462 817 2490 δίδωσι

53 2511 82 2547 τῷ
101 2515 224 2551 ἀρχιερεῖ,
244 2515 291 2542 καὶ
314 2513 490 2549 εὐλογηθεῑσα
519 2513 583 2547 παρ’
600 2510 681 2537 αὑτοῦ
706 2509 816 2536 ἇπεισι³

53 2560 91 2585 καὶ
104 2561 166 2595 μετὰ
181 2563 273 2598 χρόνον
286 2561 372 2588 τίκτει
384 2560 430 2587 τὸν
440 2558 554 2595 Χριστὸν
568 2557 638 2583 κατὰ
652 2556 750 2591 σάρκα.
764 2553 818 2580 Καὶ

52 2604 95 2631 τῶν
105 2608 190 2642 μάγων
198 2609 250 2635 ἀπὸ
264 2607 407 2642 ’Λνατολῆς
414 2606 451 2638 ὼς
464 2604 567 2641 βασιλεῖ
573 2601 816 2639 προσκυνησάντων

55 2652 111 2684 μετὰ
125 2653 212 2688 δώρων
228 2654 312 2689 αὐτῷ,
333 2654 347 2680 ὁ
368 2651 490 2688 Ἡρώδης
509 2649 655 2684 ἐταράχθη.
673 2647 720 2674 καὶ
734 2646 816 2672 διενο-

53 2697 98 2724 εῖτο
108 2698 204 2727 ἀνελεῖν
219 2701 388 2737 παραχρῆμα
401 2698 530 2726 αὑτόν.’0
546 2696 575 2723 δὲ
591 2695 643 2722 ὑπὸ
660 2693 756 2728 Ἰωσὴφ
770 2692 816 2737 καὶ.

54 2742 94 2777 τῆς
112 2745 211 2781 Μαρίας
231 2735 271 2778 είς
292 2746 426 2780 Αἴγυπτον
449 2740 631 2776 ἀπεκομίσθη,
649 2738 694 2765 καὶ
717 2738 763 2764 τὸν
788 2735 817 2768 ἐξ

481 106 615 135 SPURIA.
636 122 669 126 —
690 105 869 134 COMMENT.
892 105 925 133 IN
947 105 1194 134 llEXAEMERON.

1599 107 1652 136 ττι

865 172 957 192 amare
983 166 1098 200 repetito
1115 165 1254 201 suspirio,
1271 165 1433 201 cjulansque
1445 166 1513 193 dixit
1533 177 1539 194 :
1559 176 1568 192 ι
1581 167 1652 202 ileu,

866 209 995 242 Domine,
1020 211 1130 247 quando
1159 218 1209 238 nec
1237 210 1314 238 hisce
1337 211 1495 240 volucribus
1528 212 1651 241 fecundis

866 254 1019 282 assimilor!
1035 265 1044 281 ι
1065 255 1096 282 Et
1110 256 1173 282 talia
1188 254 1303 288 dicenti,
1320 250 1432 291 angelus
1444 256 1551 285 Domini
1567 266 1652 294 appa-

865 307 930 327 rens
941 320 947 332 ,
962 300 1110 328 liberorum
1127 301 1293 336 prmnuutiat
1307 302 1507 336 susceptionem
1520 323 1527 335 ,
1549 304 1650 339 quibus

866 345 968 372 auditis
998 346 1163 382 gignendum
1196 347 1270 374 illico
1299 346 1355 374 Deo
1388 347 1554 376 oﬂerendum
1584 358 1649 385 pm-

866 392 950 419 misit.

902 436 963 464 lltec
976 436 1070 464 eadem
1089 434 1124 464 'in
1149 440 1242 464 monte
1262 436 1386 464 Joachim
1411 437 1523 472 angelus
1539 438 1640 466 inanife

871 482 967 514 stavit;
990 489 1074 517 quare
1098 483 1205 510 rediens
1226 487 1318 511 monte
1337 484 1429 511 decem
1445 491 1528 519 agnas
1541 484 1654 512 Domino

870 527 970 560 praebet
994 528 1026 555 ad
1051 528 1232 561 sacrificium,
1256 534 1282 556 et
1305 530 1490 558 sacerdotibus
1514 531 1653 559 duodecim

870 571 980 604 vitulos,
996 579 1023 601 et
1038 575 1224 606 senatoribus,
1246 580 1272 602 et
1287 574 1386 609 populo
1404 576 1531 603 universo
1547 582 1653 604 contum

865 618 966 646 hircos.
994 618 1044 646 llis
1069 619 1213 646 sacriﬁciis
1241 618 1269 646 in
1297 619 1398 652 templo
1420 618 1527 646 Domini
1550 618 1649 651 factis,

865 663 976 692 domum
992 672 1069 692 suam
1095 665 1252 697 revertitur,
1278 668 1305 692 et
1322 673 1350 692 re
1365 672 1426 692 cum
1440 672 1525 692 uxore
1543 665 1632 692 habita
1643 685 1651 696 ,

865 710 980 745 suscipit
992 718 1025 738 ex
1040 718 1070 738 ea
1090 710 1182 742 filiam,
1199 715 1332 745 vocatque
1349 709 1479 744 Mariam,
1496 718 1578 746 quam
1591 711 1651 746 jam

865 755 1001 783 trimulam
1013 756 1039 783 in
1054 756 1155 792 templo
1169 755 1225 784 Deo
1241 760 1447 784 consecrarunt.

900 848 1001 877 Verum
1028 849 1073 876 illa
1098 849 1240 877 duodecim
1266 856 1354 876 annos
1384 854 1465 882 nata,
1496 850 1651 882 sacerdotes

865 895 1009 924 consilium
1035 896 1165 931 capiunt.
1192 896 1302 922 cuinam
1327 903 1386 922 eam
1409 896 1606 931 conjungercnt
1623 897 1652 923 in

864 942 1081 970 matrimonium.
1097 941 1289 976 Zacliariwque
1305 941 1435 976 primario
1452 941 1588 969 sacerdoti
1605 941 1651 969 de-

865 988 1007 1020 mandant,
1019 991 1049 1014 ut
1061 988 1087 1014 in
1105 987 1205 1014 Sancta
1222 992 1382 1016 sanctorum
1398 987 1549 1022 ingressus,
1565 987 1648 1014 Deum

865 1039 1039 1071 precaretur,
1058 1038 1087 1061 ut
1110 1034 1163 1062 sibi
1192 1034 1323 1062 rerelarct
1346 1033 1454 1061 cuinam
1475 1038 1547 1060 esset
1569 1033 1650 1060 collo-

865 1082 962 1114 canda.
974 1086 1001 1109 et
1011 1081 1152 1108 Zachariae
1166 1081 1272 1112 oranti,
1291 1079 1404 1115 angelus
1420 1087 1553 1114 apparens
1566 1086 1650 1114 expo-

865 1128 906 1154 nit
917 1147 925 1158 ,
940 1134 1034 1154 omnes
1050 1126 1140 1161 populi
1161 1125 1258 1152 viduos
1279 1125 1306 1152 in
1323 1132 1407 1151 unum
1424 1124 1647 1159 congregandos,

864 1181 980 1209 quorum
992 1173 1109 1207 quisque
1123 1171 1226 1206 virgam
1240 1178 1322 1198 manu
1336 1175 1456 1202 teneret,
1470 1170 1562 1205 illique
1574 1170 1650 1205 virgo

865 1219 997 1249 nuberet,
1015 1225 1096 1252 quem
1112 1216 1183 1244 Deus
1198 1217 1276 1251 signo
1291 1215 1503 1243 manifestasset.

901 1263 1034 1298 Egressus
1060 1262 1205 1289 Zacharias
1235 1261 1322 1297 angeli
1347 1261 1474 1288 mandata
1505 1263 1651 1289 exsecutus

865 1313 921 1342 est,
941 1310 1117 1344 omniumque
1134 1309 1219 1343 virgis
1243 1308 1363 1342 acceptis
1376 1328 1382 1339 ,
1399 1307 1531 1342 templum
1545 1307 1650 1342 ingrcs~

865 1363 924 1388 sus,
940 1357 1039 1387 oravit,
1060 1355 1224 1390 rediensque
1236 1354 1383 1389 unicuique
1397 1355 1501 1389 virgam
1513 1354 1650 1389 propriam

865 1402 1000 1435 reddidit;
1026 1401 1191 1436 tandemque
1215 1400 1262 1427 ubi
1283 1400 1386 1435 virgam
1412 1399 1532 1434 Joseplio
1558 1400 1651 1427 consi-

830 1454 835 1459 '
866 1452 976 1484 gnasset
997 1447 1096 1475 mirqu
1118 1446 1185 1482 quid
1199 1446 1310 1474 accidit.
1340 1445 1428 1472 Simul
1444 1446 1517 1472 enim
1538 1449 1619 1480 atque
1636 1453 1651 1472 a

867 1494 1009 1522 sacerdote
1029 1493 1132 1529 virgam
1149 1492 1270 1527 accepit,
1293 1499 1324 1519 ex
1353 1499 1385 1519 ea
1407 1492 1533 1518 columba
1555 1491 1651 1518 volans
1686 1519 1689 1522 ,

867 1539 949 1574 capiti
963 1537 1063 1573 Joseph
1091 1537 1208 1571 insedit;
1225 1544 1309 1572 quare
1322 1537 1449 1572 princeps
1463 1536 1649 1568 sacerdotum,

866 1585 1080 1620 sacerdotesque
1094 1591 1189 1611 omnes
1205 1584 1252 1618 qui
1273 1586 1457 1611 convenerant
1479 1590 1537 1610 rem
1563 1582 1652 1609 admi-

865 1632 936 1663 rati,
956 1630 1014 1666 pari
1032 1635 1096 1657 voto
1121 1630 1160 1656 illi
1186 1630 1302 1664 puellam
1322 1628 1541 1663 desponderunt,
1568 1634 1650 1662 quam

865 1676 966 1711 JOSeplt
980 1679 1118 1711 acceptam
1137 1674 1326 1707 custodiebat,
1349 1678 1377 1701 et
1391 1681 1423 1700 ea
1438 1673 1512 1700 domi
1535 1673 1630 1700 relicta
1641 1691 1649 1704 ,

866 1722 900 1749 ad
916 1721 1083 1750 exstruenda
1095 1720 1209 1748 aedificia
1223 1720 1299 1753 abit;
1316 1722 1377 1747 erat
1393 1719 1494 1754 quippe
1520 1718 1651 1746 exercitio

865 1769 951 1796 faber.

900 1856 953 1884 Per
966 1855 1027 1883 illos
1043 1855 1101 1883 dies
1121 1853 1309 1882 sacerdotibus
1331 1852 1569 1879 immaculatarum
1594 1859 1651 1878 νιτ-

866 1903 959 1938 ginum
975 1900 1138 1932 ministerio.
1154 1900 1243 1927 velum
1260 1898 1351 1933 templi
1375 1897 1420 1924 Dei
1441 1896 1649 1925 accommodan-

866 1950 930 1976 dum
957 1956 1017 1976 esse
1034 1948 1122 1975 visum
1147 1951 1198 1979 est,
1214 1951 1241 1973 et
1257 1946 1332 1973 lectae
1349 1949 1412 1973 sunt
1432 1945 1460 1971 in
1484 1945 1557 1971 tribu
1579 1943 1649 1972 Juda

866 1995 985 2030 virgines
1000 1997 1114 2027 septem.
1134 1992 1187 2020 Sed
1205 1999 1266 2019 cum
1285 1991 1377 2018 Mariae
1394 1990 1541 2017 Zacharias
1555 1991 1651 2017 memi-

866 2042 967 2073 nisset,
995 2048 1048 2068 una
1064 2047 1126 2067 cum
1154 2039 1207 2066 illis
1236 2037 1410 2064 annumerari
1439 2037 1525 2071 ipsam
1551 2036 1650 2071 jussit,

866 2087 965 2122 quibus
981 2085 1091 2112 domum
1107 2084 1155 2111 Dei
1169 2083 1345 2115 introductis,
1364 2088 1453 2110 sortes
1466 2082 1557 2117 jacere
1572 2090 1650 2108 man—
1690 2099 1692 2101 -

866 2134 930 2166 dat,
962 2139 1085 2168 quamam
1114 2131 1219 2159 scilicet
1245 2137 1362 2160 aurum,
1388 2132 1414 2156 et
1439 2129 1607 2159 amiantum,
1624 2131 1651 2154 et

867 2180 989 2216 byssum.
999 2182 1025 2205 et
1033 2179 1162 2209 sericum,
1177 2180 1204 2203 et
1215 2183 1305 2203 veram
1321 2182 1481 2210 purpuram,
1496 2178 1523 2201 et
1539 2173 1652 2209 hyacin-

868 2227 955 2256 tlium,
969 2229 996 2252 et
1006 2231 1119 2251 Coccum
1132 2226 1317 2257 praeparatum
1330 2224 1405 2247 esset
1417 2241 1424 2251 ,
1440 2225 1467 2247 et
1482 2220 1547 2248 sorti
1560 2219 1651 2245 Maria:

868 2278 1004 2308 purpurae.
1025 2274 1052 2296 et
1074 2269 1149 2296 cocci
1177 2276 1245 2303 opus
1260 2267 1378 2295 obvenit.
1394 2265 1483 2300 Atque
1500 2273 1561 2292 cum
1578 2263 1652 2291 domi

869 2319 912 2347 his
929 2318 1011 2345 rebus
1025 2315 1137 2351 agendis
1152 2322 1263 2350 operam
1275 2313 1361 2343 daret.
1376 2319 1510 2347 apparens
1526 2311 1650 2346 angelus.

869 2363 1055 2392 admirabilem
1069 2361 1106 2388 illi
1116 2366 1234 2396 partum,
1247 2364 1277 2386 ut
1288 2360 1316 2386 in
1332 2357 1486 2393 Evangeliis
1497 2356 1652 2388 habetur”,

867 2411 1041 2448 przenuntiat.

901 2458 994 2495 Itaque
1007 2463 1076 2492 opus
1100 2455 1151 2482 sibi
1174 2452 1332 2487 impositura
1352 2449 1505 2484 expletum,
1523 2445 1628 2474 saccrdt

867 2509 924 2532 tum
941 2491 1056 2540 principi
1074 2500 1194 2529 exhibet.
1206 2502 1233 2526 et
1247 2495 1437 2524 benedictione
1451 2496 1562 2540 accepta
1573 2491 1650 2540 abiit,

867 2555 893 2578 el
902 2535 983 2585 paulo
996 2535 1202 2584 postChristum
1216 2542 1365 2571 secundum
1377 2546 1487 2568 carnem
1498 2535 1651 2585 enititur'i.

869 2582 936 2624 Eum
954 2582 1015 2622 cum
1026 2592 1097 2628 magi
1115 2592 1148 2619 ab
1166 2590 1276 2618 Oriente
1292 2588 1329 2615 uti
1345 2593 1435 2622 regem
1449 2592 1512 2612 cum
1532 2582 1651 2610 muneri—

869 2643 921 2670 bus
932 2640 1121 2668 adoravissent
1133 2637 1167 2671 θ’,
1183 2635 1302 2663 Herodes
1324 2633 1449 2660 turbatus
1468 2634 1526 2661 est,
1545 2635 1652 2657 secum-

870 2696 923 2724 que
938 2687 996 2722 ipsc
1018 2684 1171 2720 cogitabat,
1199 2681 1273 2709 illico
1295 2680 1371 2707 illum
1388 2677 1537 2724 perimere,
1563 2673 1610 2710 qui
1634 2680 1651 2700 a

869 2722 987 2769 J‘osepho
1001 2735 1027 2759 et
1047 2729 1133 2758 Maria
1148 2730 1175 2757 in
1191 2727 1337 2762 Egyptum
1351 2724 1457 2752 delatus
1476 2722 1498 2739 ³⁷
1510 2742 1517 2756 ,
1536 2726 1650 2751 mz-nem

85 2833 169 2863 "Luc.
181 2843 199 2869 I,
218 2835 262 2863 26.
300 2836 322 2851 ⁸⁵
335 2834 398 2863 Luc.
413 2841 444 2866 ιι,
462 2833 486 2860 7.
525 2832 547 2847 9“
560 2829 656 2858 Matth.
671 2837 702 2862 ιι,
720 2828 744 2856 Ι,
783 2827 815 2861 ⁸⁷,

870 2824 891 2852 1.
906 2825 947 2852 14.
