1909 3071
252 102 304 132 ¹Π5

680 105 709 132 S.
732 103 956 131 EUSTATHIUS
975 101 1222 131 ANTIOCHENUS
1250 103 1449 132 EPISCOPUS.

1833 104 1880 131 776

251 162 304 190 sibi
322 163 356 190 ab
374 161 477 190 Herode
494 161 679 190 imminentem
696 162 808 197 depulit.
834 162 934 190 Verum
952 161 1034 189 Hero-

1094 162 1212 198 Ἡρώδου
1229 162 1340 197 διέφυγε
1365 162 1488 189 θάνατον.
1504 163 1589 195 Αὐτὸς
1615 163 1654 196 δὲ,
1669 163 1814 198 ἀγνοήσας
1834 162 1878 198 τὴν

252 208 310 239 des,
326 208 449 241 ignorata
478 207 561 242 fuga,
595 215 696 242 pueros
721 215 816 236 omnes
840 208 887 243 qui
912 208 1035 235 erantin

252 254 423 285 Bethlehem,
451 258 551 281 morte-
567 253 635 280 amci
651 254 729 288 jubet
742 255 784 284 ’³.
810 254 881 281 inter
896 261 982 289 quos,
1008 257 1037 281 et

249 299 381 326 Joannem
394 299 483 326 adhuc
501 300 631 326 infantem
649 300 682 327 de
702 300 792 327 medio
815 301 910 327 tollere
931 299 1036 327 niteba-

252 350 304 371 tur.
324 344 377 372 Sed
394 344 530 372 Elisabeth
544 365 551 377 ,
563 353 596 372 eo
608 345 730 380 abrepto,
748 346 776 373 in
791 346 965 372 solitudinem
990 353 1037 372 au-

250 390 328 426 fugit,
341 397 368 417 et
380 392 506 426 precibus
519 391 684 423 fusis,mons
695 392 721 419 in
735 393 804 419 duas
815 397 905 427 partes
917 392 1032 423 divisus,

249 445 308 464 eam
324 446 378 464 una
394 446 455 464 cum
472 446 557 472 puero
575 439 692 473 excepit,
709 443 737 466 et
752 447 798 467 eas
811 439 924 474 angelus
940 438 1034 466 defen-

249 483 338 510 dendo
356 484 522 518 protegebat.
902 508 903 511 η

285 529 365 556 Mittit
397 530 488 564 itaque
511 529 544 556 ad
571 529 730 556 Zachariam
759 529 880 557 [lerodes
898 538 904 555 :
921 529 1033 557 Tradito

249 576 316 602 mihi
333 575 417 602 filium
429 579 515 609 tuum,
531 576 575 603 ubi
589 577 713 603 occultus
726 577 801 607 latet,
816 577 941 603 ntlntiato
954 576 1031 603 mihi.

249 620 397 648 Zacharias
415 623 453 649 sic
475 623 644 656 percontanti
676 622 822 657 respondet
842 630 848 647 :
866 621 921 657 Ego
945 621 977 648 ad
993 622 1032 647 al-

249 671 306 694 tare
323 668 454 694 continuo
479 668 632 699 assistens,
655 668 720 702 quid
739 673 828 694 actum
857 668 893 696 sit
915 668 948 695 de
978 668 1032 695 filio

249 721 320 745 meo,
338 722 392 741 non
409 715 481 741 novi.
503 714 551 741 His
567 715 701 749 ingentem
722 715 789 741 iram
805 715 928 750 concepit
949 714 1032 741 Hero~

249 761 296 788 des
306 781 313 792 ,
331 769 493 796 rursumque
505 761 537 787 ad
550 769 610 788 eum
625 762 718 788 scribit
733 770 738 787 :
755 762 857 789 Exhibe
866 762 930 789 mihi
947 762 1030 788 filium

249 810 338 840 tumn;
355 815 444 833 nonne
459 811 626 841 compertum
644 807 690 833 tibi
706 811 757 838 est,
770 807 839 841 apud
855 815 898 834 me
913 807 952 833 tui
968 814 1031 833 san-

1087 209 1186 244 φυγὴν,
1204 209 1290 236 πάντα
1303 209 1336 235 τὰ
1349 210 1376 235 ἐν
1393 211 1425 244 τῇ
1444 209 1566 245 Βηθλεὲμ.
1587 210 1680 237 παιδία
1699 209 1878 244 ἀναιρεθῆναι

1087 255 1252 290 προσέταξεν
1262 265 1269 271 ·
1287 258 1316 282 ὲν
1330 255 1369 287 οἷς
1386 257 1489 282 καὶτὸν
1507 256 1632 292 Ἰωάννην
1649 257 1689 284 ἔτι
1704 257 1808 292 νήπιον
1818 256 1878 282 ὂντα

1086 301 1190 328 ἀνελεῖν
1209 302 1382 334 ἐσπούδαζεν.
1391 303 1424 328 Ἦ
1445 302 1473 328 δὲ
1497 302 1646 334 Ἐλισάὸετ,
1666 303 1823 338 ἁρπάσασα
1837 302 1879 328 αὺ-

1085 347 1140 379 τὸν,
1158 348 1199 379 εἰς
1220 348 1270 383 τὴν
1294 348 1395 383 ἔρημον
1418 348 1517 381 Ξξυγε·
1536 348 1583 374 καὶ
1600 347 1756 383 εὐξαμένης
1781 347 1877 380 αὐτῆς,

1085 392 1224 427 διεσχίσθη
1239 393 1268 419 τὸ
1283 394 1419 428 δροςμκαὶ
1437 395 1505 429 μετὰ
1524 394 1571 420 τοῦ
1593 394 1700 421 παιδίου
1724 394 1815 428 αὐτὴν
1829 394 1877 419 ἐδέ-

1086 438 1159 470 ξατο,
1174 439 1220 465 καὶ
1235 438 1349 473 ἄγγελος
1366 439 1412 466 τοῦ
1429 439 1497 467 Θεοῦ
1512 440 1687 475 διεφύλαττεν
1702 439 1816 472 αὐτούς.

1120 531 1227 566 Πέμπει
1247 531 1312 565 γοῦν
1338 531 1406 566 πρὸς
1428 532 1564 566 Ζαχαρίαν
1576 533 1590 558 ὁ
1606 530 1749 566 Ἡρώδης·
1766 530 1819 561 Δὸς
1833 530 1875 556 τὸν

1083 575 1139 601 υἱόν
1156 584 1201 602 σου
1212 584 1218 590 ·
1234 575 1285 602 ποῦ
1304 574 1427 611 ἔκρυψας
1443 575 1533 608 αὑτὸν,
1554 577 1720 611 ἀπάγγειλόν
1740 577 1836 612 μοι.’0
1849 577 1874 601 δὲ

1083 623 1220 658 Ζαχαρίας
1237 623 1437 649 ἀντεπιστέλλει
1455 624 1564 657 φάσκων
1582 623 1671 658 αὐτῷ·
1692 622 1765 656 Ἐγὼ
1780 622 1821 657 τῷ
1836 622 1876 647 θυ-

1083 668 1232 703 σιαστηρίῳ
1249 669 1436 704 προσεδρεύων
1463 669 1517 700 ἀεὶ,
1535 669 1561 694 τί
1579 669 1686 701 ἐγένετο
1707 669 1722 694 ὁ
1741 669 1800 700 υἱός
1825 676 1873 703 μου

1081 713 1131 739 οὑκ
1147 714 1306 748 ἐπίσταμαι.
1324 714 1378 740 Καὶ
1393 713 1529 749 ὀργισθεὶς
1544 715 1558 740 ὁ
1574 713 1698 749 Ἡρώδης
1714 713 1800 739 πάλιν
1812 713 1874 738 ἐπέ-

1082 759 1189 786 στελ).εν
1214 759 1297 795 αὐτῷ.
1321 760 1369 792 Δὸς
1395 760 1457 793 ἔξω,
1472 760 1626 794 λέγων,τὸν
1651 760 1708 786 υἱόν
1739 768 1801 788 σου.
1819 760 1874 785 Οὐκ

1080 803 1162 837 οἶδας,
1180 805 1220 832 ὅτι
1235 806 1266 832 τὺ
1280 803 1349 840 αἷμά
1364 815 1410 832 σου
1427 805 1478 832 ὑπὸ
1491 806 1540 841 τὴν
1555 806 1633 841 χεῖρά
1648 805 1698 840 μού
1712 807 1807 837 ἑστινς
1821 805 1873 830 Καὶ

247 853 338 888 guinis
359 853 512 880 cll‘undendi
538 861 598 880 esse
614 853 795 888 potestatem?
818 853 964 880 Zacharias
989 861 1032 880 re-

1082 852 1095 877 ὁ
1109 851 1246 886 Ζαχαρίας
1262 851 1312 886 ἔφη
1325 860 1330 866 ·
1348 852 1461 887 Μάρτυς
1476 853 1532 887 εἰμὶ
1549 852 1595 878 τοῦ
1609 852 1686 878 Θεοῦ.
1704 852 1742 878 Σίι
1762 852 1814 887 μὲν
1828 852 1871 887 ἔχε

248 899 359 934 scripsit
374 909 380 926 :
395 899 484 927 Testis
499 907 558 926 sum
572 900 629 926 Dei.
647 899 686 926 Tu
702 907 790 926 meum
809 900 967 934 sanguinem
979 919 985 930 ,
1003 903 1031 925 at

247 944 372 978 spiritum
388 953 477 972 meum
495 945 564 972 Deus
578 945 728 979 possideat,
746 946 788 972 fac
806 950 835 971 ut
850 946 934 971 lubet.
949 944 1031 971 Illud-

246 999 300 1026 que
328 996 353 1018 te
379 999 433 1018 non
460 991 566 1026 fugiat,
599 992 759 1026 sanguinem
793 991 966 1017 innocentem
1003 991 1029 1018 in

246 1037 389 1065 vestibulis
402 1038 494 1072 templi
514 1037 623 1064 Domini
636 1042 662 1064 te
677 1037 836 1064 eﬂ'usurum.
853 1037 972 1064 Herodes
986 1037 1029 1063 his

245 1084 332 1119 magis
347 1091 378 1111 ac
400 1085 486 1119 magis
503 1090 697 1118 exasperatus,
713 1088 742 1110 ut
758 1084 828 1111 inter
847 1084 933 1110 altare
949 1090 1029 1109 neca-

245 1134 321 1157 retur
336 1133 481 1164 antequam
497 1129 554 1157 dics
580 1129 749 1157 illuccsceret
762 1149 768 1160 ,
787 1129 912 1160 mandat,
930 1136 962 1155 ne
979 1137 1028 1162 pu-

245 1175 326 1210 pulus
366 1175 500 1202 obstando
545 1175 685 1209 impediret
729 1174 874 1209 quominus
916 1174 1024 1201 occide-

245 1225 330 1247 retur.

279 1265 371 1292 Primo
384 1269 474 1292 autem
487 1264 607 1291 diluculo
624 1263 780 1290 sacerdotes
794 1263 820 1290 iu
837 1263 964 1297 templum
980 1270 1028 1289 ve-

246 1312 353 1339 nientes
367 1311 614 1345 obstupescebant,
631 1311 702 1345 quod
719 1311 790 1341 illis,
808 1313 836 1335 ut
853 1309 937 1336 moris
950 1312 1026 1340 erat,

244 1365 300 1384 non
315 1357 423 1384 obviam
448 1357 568 1391 prodiret
597 1356 701 1391 primus
723 1355 871 1387 sacerdos,
905 1359 932 1382 et
960 1354 1027 1381 foris

244 1404 448 1438 exspectabant.
473 1402 565 1438 Itaque
581 1403 647 1429 hora
673 1402 826 1434 dilabente,
850 1409 921 1429 unus
936 1409 968 1428 ex
983 1401 1027 1428 his

245 1449 349 1484 ingredi
367 1457 450 1477 ausus
463 1453 504 1476 est
515 1469 521 1480 ,
543 1449 588 1484 qui
601 1449 634 1475 ad
647 1449 733 1475 altare
746 1453 902 1476 concretum
921 1449 1026 1482 sangui-

244 1503 305 1522 nem
318 1496 460 1530 conspicit,
473 1495 602 1529 auditque
611 1502 703 1522 vocem
715 1495 848 1521 dicentem
861 1504 867 1521 :
879 1494 1026 1522 Zacharias

243 1541 353 1568 occisus
379 1545 441 1574 est,
469 1548 519 1568 nec
543 1541 602 1575 ejus
627 1541 740 1575 sanguis
766 1540 911 1571 delebitur,
939 1540 1025 1567 donec

244 1588 334 1614 veniat
351 1588 440 1621 ultor;
466 1587 509 1615 his
524 1587 636 1614 vocibus
662 1587 754 1614 animo
781 1586 902 1619 fractus,
932 1594 1025 1621 egres-

242 1641 345 1668 susque
366 1632 553 1660 sacerdotibus
580 1633 701 1663 nuntiat,
717 1632 763 1666 qui
778 1632 946 1659 introeuntes
962 1639 1025 1658 cor-

240 1686 293 1713 pus
310 1686 363 1705 non
384 1679 493 1711 vident,
511 1679 557 1706 sed
576 1679 664 1706 solum
679 1679 838 1713 sanguinem
852 1698 859 1710 ,
876 1677 1025 1712 scissisque

241 1724 431 1756 vestimentis,
455 1728 569 1752 mortem
597 1725 671 1752 illius
700 1724 843 1759 lugebant,
872 1724 1025 1759 populoque

241 1770 420 1801 nuntiarunt.
437 1774 463 1797 et
476 1770 562 1797 tribus
579 1769 691 1802 diebus,
710 1775 736 1796 et
747 1769 835 1796 tribus
857 1770 982 1796 noctibus
996 1769 1024 1796 in

241 1815 316 1842 luctu
340 1815 460 1842 fuerunt.
490 1815 622 1850 Deinceps
647 1815 800 1842 Simeonem
817 1819 889 1842 sorte
912 1816 939 1842 in
964 1815 1024 1849 ejus

240 1861 329 1888 locum
345 1866 510 1896 posuerunt,
536 1862 582 1896 qui
598 1868 613 1887 a
637 1861 738 1894 Spiritu
758 1865 851 1888 sancto
869 1861 1023 1889 admonitus

240 1910 398 1941 acceperat,
423 1914 452 1934 se
472 1914 524 1933 non
551 1907 627 1941 prius
643 1906 765 1934 visurum
790 1911 925 1940 mortem,
942 1915 1023 1942 quam

239 1950 379 1978 Christum
395 1951 501 1979 Domini
519 1951 616 1979 fuisset
629 1952 743 1980 intuitus
755 1953 787 1980 θ’.

275 1996 408 2023 Narratur
424 2002 451 2024 et
467 1998 519 2023 alia
540 1999 660 2032 quzedam
678 1998 711 2025 de
735 1998 867 2026 Zacharia
891 1999 1021 2026 histeria:

241 2043 325 2069 fuisse
342 2043 369 2069 in
386 2044 487 2077 templo
504 2044 591 2071 locum
607 2044 634 2071 in
656 2052 737 2079 quem
754 2049 859 2072 tantum
871 2045 1023 2079 virginibus

240 2089 382 2124 ingressis,
411 2088 494 2116 Deum
517 2091 640 2123 adorare.
659 2099 711 2118 non
727 2095 816 2119 autem
837 2092 949 2127 nuptis,
965 2092 1023 2126 iege

240 2135 374 2162 sancitum
402 2143 433 2163 ac
459 2144 620 2164 concessum
649 2141 717 2166 erat.
736 2137 819 2164 Maria
849 2139 930 2173 igitur
962 2142 1022 2173 post

1084 906 1132 932 μου
1152 897 1181 923 τὸ
1198 895 1276 932 αἷμα,
1289 897 1319 924 τὸ
1333 898 1361 924 δὲ
1379 898 1487 933 πνεῦμά
1500 907 1548 933 μου
1563 900 1576 925 ὁ
1589 898 1664 930 θεὸς.
1679 898 1759 930 Δέξαι
1775 899 1805 924 δὲ
1827 899 1871 924 καὶ

1081 942 1207 976 γίνωσκε,
1225 943 1264 969 ὅτι
1280 942 1368 968 ἀθῶον
1385 942 1454 978 αἷμα
1472 944 1575 978 ἐκχέεις
1587 945 1626 975 είς
1638 944 1673 970 τὰ
1689 944 1818 978 πρόθυρα
1826 943 1870 969 rei

1081 988 1144 1014 ναοῦ
1160 989 1272 1024 Κυρίου.
1289 989 1343 1014 Καὶ
1360 990 1374 1015 ὁ
1393 988 1523 1024 Ἡρώδης,
1541 989 1587 1015 ἐπὶ
1602 989 1704 1020 τούτοις
1721 989 1869 1024 ὀργισθεξ,

1082 1034 1181 1069 μεταξὺ
1197 1034 1242 1061 τοῦ
1260 1034 1452 1070 θυσιαστηρίου
1469 1035 1643 1070 ἀναιρεθῆναι
1657 1035 1740 1060 αὐτὸν
1758 1034 1814 1070 πρὸ
1826 1034 1869 1060 τοῦ

1079 1079 1224 1113 διαφαῦσαι
1242 1080 1414 1115 προσέταξεν,
1427 1079 1494 1115 πρὸς
1510 1080 1540 1106 τὸ
1555 1081 1590 1116 μὴ
1609 1080 1661 1106 ὑπὸ
1677 1079 1725 1106 τοῦ
1737 1079 1805 1106 λαοῦ
1819 1089 1868 1106 κω-

1079 1126 1191 1161 λυθῆναι
1208 1126 1288 1152 αὐτοῦ
1308 1126 1356 1161 τὴν
1374 1126 1513 1160 ἀναίρεσιν

1116 1270 1235 1307 ’Ὀρθρου
1252 1271 1279 1297 δὲ
1294 1272 1318 1297 οἱ
1348 1272 1429 1307 ἱερεῖς
1445 1271 1658 1307 παραγενόμενοι
1676 1272 1717 1303 εἰς
1731 1272 1778 1298 τὸν
1795 1271 1864 1303 ναὸν,

1078 1317 1236 1349 ὲξενίζοντο,
1255 1317 1324 1343 κατὰ
1340 1318 1370 1344 τὸ
1386 1317 1480 1349 εἰωθὸς
1497 1317 1534 1353 μὴ
1551 1318 1758 1353 ὑπαντήσαντος
1779 1318 1864 1349 αὐτοῖς

1078 1362 1124 1388 τοῦ
1140 1363 1300 1398 ἀρχιερέως,
1323 1363 1369 1389 καὶ
1385 1363 1515 1398 ἐπέμενον
1538 1362 1689 1398 ἔξωιὫρας
1705 1361 1752 1389 οὖν
1769 1364 1863 1399 παρελ-

1078 1407 1189 1442 κούσης,
1207 1405 1247 1439 εἷς
1262 1417 1303 1439 τις
1317 1408 1346 1440 ἐξ
1361 1408 1448 1434 αὐτῶν
1472 1407 1602 1434 εἰσελθεῖν
1627 1407 1829 1442 ἀπετόλμησεν.
1837 1408 1862 1433 '0

1077 1453 1105 1479 δὲ
1122 1453 1219 1489 θεωρεῖ
1233 1450 1300 1488 αἷμα
1316 1453 1438 1488 πεπηγὸς
1450 1453 1525 1488 παρὰ
1547 1453 1577 1478 τὸ
1600 1452 1804 1489 θυσιαστήριον,
1821 1454 1863 1479 καὶ

1079 1499 1171 1526 ἀκούει
1196 1499 1287 1534 φωνῆς
1308 1499 1452 1534 λεγούσης·
1469 1499 1606 1535 Ζαχαρίας
1626 1499 1801 1533 πεφόνευται,
1819 1499 1864 1525 καὶ

1077 1545 1127 1572 οὐκ
1148 1545 1369 1580 ἐξαλειφθήσεται
1393 1544 1422 1571 τὸ
1445 1543 1513 1580 αἷμα
1538 1544 1630 1576 αὐτοῦ,
1652 1545 1706 1577 ἕως
1723 1545 1755 1571 ἂν
1773 1544 1836 1581 ἔλθη
1849 1545 1862 1570 ό

1077 1591 1316 1623 ἔκδικος.“Ακούων
1339 1591 1404 1626 γοῦν
1424 1591 1510 1618 ταῦτα
1535 1591 1654 1627 ἔμφοϐος
1677 1591 1798 1625 ἐγένετο.
1818 1591 1863 1617 καὶ

1076 1637 1190 1670 ἐξελθὼν
1203 1639 1258 1668 τοῖς
1268 1637 1387 1673 ἱερεῦσιν
1400 1637 1574 1673 ἀπήγγειλεν.
1591 1639 1622 1664 υἱ
1636 1637 1674 1669 δὲ,
1687 1637 1862 1669 εἰσελθόντες,

1075 1685 1106 1710 τὸ
1123 1684 1172 1720 μὲν
1188 1685 1266 1719 σῶμα
1283 1685 1333 1711 οὐκ
1348 1683 1427 1717 εἶδον,
1442 1685 1466 1710 εἰ
1489 1685 1525 1720 μὴ
1540 1685 1571 1710 τὸ
1585 1683 1664 1720 αἷμα,
1683 1685 1733 1711 καὶ
1746 1684 1796 1715 τὰς
1810 1692 1863 1710 στο-

1075 1730 1122 1762 λὰς
1135 1730 1237 1756 ἑαυτῶν
1244 1730 1306 1765 διαῤ
1310 1731 1448 1766 ῥήξαντες,
1460 1730 1601 1764 ἐκόψαντο,
1609 1731 1655 1756 καὶ
1664 1730 1704 1765 τῷ
1715 1729 1774 1765 λαῷ
1783 1731 1863 1764 ἀνήγ-

1075 1775 1177 1810 γειλαν,
1191 1776 1238 1802 καὶ
1253 1776 1317 1811 τρία
1328 1776 1485 1812 νυχθήμερα
1504 1777 1547 1802 ἐπ’
1565 1775 1639 1811 αὐτῷ
1658 1775 1760 1811 θρῆνον
1773 1776 1861 1809 ἐποίη-

1076 1832 1135 1849 σαν.
1152 1823 1206 1850 Καὶ
1224 1823 1291 1858 μετὰ
1307 1823 1392 1850 ταῦτα
1412 1823 1541 1858 Συμεῶνα
1564 1824 1604 1854 είς
1626 1822 1675 1857 τὴν
1691 1821 1769 1854 τάξιν
1783 1820 1861 1848 αὑτοῦ

1075 1869 1167 1905 κλήρῳ
1184 1870 1361 1904 κατέστησαν,
1377 1870 1406 1900 ὃς
1419 1870 1540 1905 ὑπῆρχεν
1556 1868 1608 1895 ὑπὸ
1622 1868 1668 1894 τοῦ
1684 1868 1762 1902 ἁγίου
1779 1867 1860 1894 Πνεύ-

1077 1924 1160 1950 ματος
1176 1915 1371 1951 χρηματισθεὶς
1388 1915 1424 1950 μὴ
1438 1915 1500 1941 ἰδεῖν
1511 1915 1635 1946 θάνατον,
1650 1914 1703 1945 ἕως
1719 1913 1754 1940 ἂν
1769 1913 1809 1948 ἴδῃ
1819 1913 1862 1939 τὸν

1074 1962 1096 1987 Χ
1102 1962 1189 1996 ριστὸν
1202 1962 1303 1996 Κυρίου
1309 1983 1315 1988 .

1112 2007 1193 2043 Ἄλλη
1211 2007 1239 2033 δέ
1256 2016 1297 2038 τις
1321 2007 1426 2042 ἱστορία
1451 2007 1515 2042 περὶ
1531 2006 1576 2033 τοῦ
1594 2007 1732 2042 Ζαχαρίου
1750 2007 1862 2042 ἐμφέρε-

1073 2062 1132 2080 ται·
1157 2053 1194 2085 ὡς
1208 2054 1260 2088 ἄρα
1271 2051 1305 2088 ἦν
1319 2062 1360 2085 τις
1378 2053 1442 2089 περὶ
1456 2053 1502 2079 τὸν
1514 2053 1577 2079 ναὸν
1592 2052 1685 2084 τόπος,
1701 2052 1768 2078 ἔνθα
1784 2053 1861 2088 μόνας

1073 2099 1121 2130 τὰς
1138 2099 1288 2134 παρθένους
1311 2099 1374 2133 ἐξῆν
1396 2098 1532 2129 εἰσιούσας
1555 2099 1718 2134 προσκυνεῖν
1733 2097 1773 2132 τῷ
1789 2097 1859 2132 Θεῷ·

1072 2144 1121 2176 τὰς
1137 2145 1164 2171 δὲ
1180 2145 1349 2180 γαμηθείσας
1368 2145 1404 2180 μὴ
1425 2143 1493 2170 εἶναι
1514 2144 1637 2179 νόμιμον.
1647 2144 1678 2169 Ἡ
1696 2141 1744 2170 οὖν
1760 2144 1859 2178 Μαρία,

240 2181 407 2209 Salvatorem
424 2183 544 2217 genitum
561 2184 645 2214 stetit,
664 2184 691 2210 in
706 2185 765 2211 loco
781 2184 842 2215 hoc.
860 2192 940 2219 quam
956 2192 1018 2212 cum

1080 2191 1227 2225 γεννήσασα
1251 2190 1295 2216 τὸν
1322 2190 1445 2225 Σωτῆρα,
1463 2189 1589 2221 ἐλθοῦσα,
1604 2189 1668 2224 ἔστη
1686 2190 1716 2216 ὲν
1732 2189 1772 2225 τῷ
1791 2189 1860 2224 τόπῳ

238 2227 421 2263 impedirent,
451 2229 497 2263 qui
527 2236 585 2255 eam
615 2229 671 2263 jam
707 2231 844 2265 peperisse
870 2235 1019 2264 noverant,

238 2272 385 2301 Zacharias
410 2274 560 2307 fatebatur,
576 2283 634 2303 eam
653 2275 762 2311 dignam
785 2284 861 2309 esse,
883 2285 943 2312 qum
968 2285 1021 2304 una

237 2327 300 2346 cum
320 2319 474 2354 virginibus
489 2325 715 2348 commoraretur.
742 2322 835 2357 Itaque
852 2331 914 2350 eum
937 2323 1020 2350 veluti

234 2364 338 2399 jurium
353 2366 510 2394 violatOrem
522 2387 529 2398 ,
550 2371 577 2394 et
597 2367 624 2394 in
640 2367 729 2394 locum
748 2367 882 2402 virginum
897 2369 1019 2403 iniquum

237 2410 309 2438 inter
333 2412 419 2439 altare
442 2413 624 2440 trucidavere.
646 2413 680 2440 Et
701 2413 758 2440 haec
780 2421 828 2448 per
843 2418 1020 2442 transennam

236 2457 379 2492 obiterque
393 2458 464 2486 dicta
476 2464 550 2487 sunt.

272 2502 357 2530 Porro
369 2503 469 2538 Ioseph
482 2512 496 2530 a
514 2504 645 2533 fratribus
656 2505 682 2532 in
697 2505 814 2541 Egypto
835 2506 963 2539 traditus,
979 2507 1021 2534 di-

237 2549 301 2576 vino
316 2549 421 2576 alilatus
431 2549 557 2581 Numine,
574 2550 847 2583 Pharaonissomniis
858 2553 1020 2588 interpreta-

237 2593 310 2621 tione
326 2595 467 2629 explicatis
487 2596 603 2628 ‘,totius
620 2596 729 2633 (Egypti
750 2598 875 2634 princeps
896 2599 1021 2626 nomina-

237 2644 282 2667 tus
298 2645 351 2673 est,
368 2646 394 2667 et
406 2641 476 2669 fame
502 2646 588 2670 totum
606 2648 740 2670 terrarum
757 2644 851 2672 orbem
875 2645 1018 2680 allligente,

238 2684 336 2712 fratres
356 2686 383 2712 in
400 2686 546 2722 [Egyptian]
570 2697 599 2716 se
615 2689 768 2722 conferunt,
793 2689 969 2722 frumentum,
993 2694 1020 2718 et

238 2729 288 2764 ipsi
305 2735 333 2756 ut
348 2731 411 2758 fami
427 2733 601 2760 mcderentur
610 2736 728 2769 erupturi
739 2736 816 2768 ’,eta
828 2735 959 2764 fratribus
974 2744 1019 2764 re-

264 2819 297 2859 ."
311 2818 378 2847 Ibid.
399 2820 441 2848 16.
480 2822 501 2837 "
513 2822 577 2850 Luc.
592 2831 621 2856 ιι,
638 2824 681 2851 Η.
704 2826 730 2862 ν]
744 2824 808 2853 Gen.
823 2833 878 2852 xu.
897 2827 926 2862 η’
946 2825 1017 2853 Ibid.

1071 2237 1167 2271 τούτῳ.
1187 2237 1352 2263 κωλυόντων
1377 2235 1422 2263 οὖν
1443 2237 1526 2272 αὐτὴν
1540 2237 1594 2263 τῶν
1613 2237 1723 2263 εἰδότων
1736 2245 1860 2271 γεγεννη-

1072 2285 1149 2310 κυῖαν
1164 2283 1258 2318 αὐτὴν,
1267 2283 1281 2308 ὁ
1292 2283 1427 2319 Ζαχαρίας
1440 2284 1531 2318 ἔλεγεν
1543 2284 1621 2316 ἀξίαν
1637 2283 1722 2319 αὐτὴν
1738 2282 1859 2310 εἷναιτοῦ

1070 2330 1153 2356 τόπου
1164 2330 1216 2356 τῶν
1231 2329 1382 2366 παρθένων.
1392 2326 1494 2362 Ὠςοῦν
1504 2329 1714 2365 παρανομοῦντα
1729 2330 1810 2356 αὑτὸν
1824 2330 1859 2359 εἰς

1070 2375 1116 2402 τὸν
1138 2375 1219 2402 τόπον
1235 2375 1288 2402 τῶν
1310 2375 1451 2411 παρθένων
1473 2376 1573 2411 μεταξὺ
1595 2375 1642 2402 τοῦ
1666 2375 1858 2411 θυσιαστηρίου

1071 2421 1242 2447 ἀπέκτειναν.
1261 2422 1315 2448 Καὶ
1331 2421 1416 2448 ταῦτα
1430 2422 1479 2458 μὲν
1495 2422 1532 2453 ὡς
1545 2423 1573 2448 ἐν
1586 2421 1696 2457 παρόδῳ
1707 2421 1817 2458 ἐλέχθη.

1111 2511 1209 2547 Ἰωσὴφ
1230 2511 1267 2543 δὲ,
1284 2511 1425 2543 ἁποδοθεὶς
1444 2512 1472 2537 ἐν
1497 2512 1626 2547 Αἰγύπτῳ
1646 2513 1700 2539 ὑπὸ
1717 2513 1772 2540 τῶν
1788 2513 1858 2540 ἀδελ-

1071 2556 1138 2592 φῶν,
1149 2556 1208 2592 θείᾳ
1219 2558 1324 2593 ἐπινοίᾳ
1336 2557 1375 2592 τῷ
1390 2557 1488 2593 Φαραὼ
1497 2557 1635 2594 διακρίνας
1644 2559 1785 2594 ὀνείρατα,
1800 2560 1857 2594 ἠγεμ

1072 2602 1129 2637 μὼν
1152 2603 1241 2638 πάσης
1267 2604 1316 2639 τῆς
1339 2603 1475 2637 Αἰγύπτου
1495 2603 1668 2631 καθίσταται.
1700 2606 1757 2631 Καὶ
1784 2604 1855 2639 λιμοῦ

1071 2649 1160 2675 πᾶσαν
1177 2649 1314 2681 πιέζοντος
1323 2649 1372 2684 τὴν
1386 2650 1446 2685 γῆν,
1460 2651 1485 2676 ot
1501 2650 1608 2684 ἀδελφοὶ
1625 2650 1709 2677 αὐτοῦ
1727 2650 1856 2687 κατῆλθον

1070 2695 1109 2726 εἰς
1124 2695 1269 2729 Αἴγυπτον,
1291 2698 1363 2722 σῖτον
1377 2697 1424 2723 καὶ
1443 2697 1519 2723 αὐτοὶ
1539 2697 1583 2724 διὰ
1605 2697 1651 2724 τὸν
1664 2697 1746 2732 λιμὸν
1761 2697 1857 2732 ὠνησό-

1072 2748 1160 2775 μενοι·
1187 2742 1232 2768 καὶ
1254 2741 1466 2778 ἀναγνωρισθεὶς
1487 2744 1576 2775 αὐτοῖς
1602 2743 1721 2779 Ἰωσὴφ,
1748 2743 1856 2780 aetherii
