1909 3071
66 122 113 149 ἸἹἹ
519 116 656 147 SPURIA.
676 133 711 139 —
728 92 907 145 COMMEN'i'.
927 112 961 143 IN
979 113 1226 146 HEXAEMERON.
1626 116 1675 147 778

62 182 150 212 αὐτοὺς
168 180 226 215 ἃμα
238 179 278 215 τῷ
296 179 376 211 πατρὶ
393 178 488 206 Ἰακὼϐ
499 180 538 211 είς
552 179 600 214 τὴν
617 178 752 212 Αἴγυπτον
769 188 835 213 παγ-

891 176 1026 211 cognitus,
1044 176 1126 203 simul
1155 183 1217 203 eum
1246 180 1333 211 patre.
1360 184 1408 205 eos
1426 180 1454 205 et
1469 176 1605 206 universis
1629 187 1677 207 en-

62 227 129 262 γενῆ.
142 225 186 261 Τῷ
202 226 251 260 μὲν
269 225 322 261 γὰρ
342 225 445 252 Ῥουϐὶν
460 225 590 260 τέσσαρες
604 225 696 255 παῖδες
708 225 835 258 ὲγένοντοε

892 230 953 249 rum
969 221 1079 249 familiis
1105 222 1133 249 in
1151 221 1297 257 Egyptum
1315 227 1464 250 commutat
1488 224 1509 250 ³.
1527 223 1616 252 Rubin
1633 229 1676 253 et-

67 272 152 306 Ἐνὼχ,
166 270 259 302 Φαλὲς,
283 270 403 306 Ἀρῤὼμ,
424 269 545 306 Χαρμεί·
563 269 602 304 τῷ
621 269 648 295 δὲ
671 269 782 304 Συμεὼν
801 269 835 302 ἒξ

891 267 963 295 enim
978 271 1094 302 quatuor
1101 267 1230 295 ﬁliierant
1242 268 1315 295 nati:
1331 268 1553 302 Enocl1,Phales,
1564 271 1673 304 Arrom,

66 317 182 353 Ἶεὸουὴλ,
205 316 306 352 Ἰαϐὴν,
327 316 403 348 mea,
426 316 513 352 Ἀχιὴ,
529 315 609 350 Σαδὴ,
624 315 725 341 Σαούλ⁴
743 315 788 342 καὶ
803 315 835 350 τᾷ

891 314 1018 346 Charini;
1035 313 1160 349 Symeoni
1177 322 1235 346 sex.
1254 313 1359 346 Jehuel.
1380 315 1476 348 Jaben,
1491 316 1560 349 Aod,
1577 317 1674 349 Achir.

60 363 117 391 Λευῒ
141 364 223 398 τρεῖς,
251 361 367 393 Γεδσὼν,
405 361 490 397 Βωᾶιδ,
518 361 564 386 καὶ
591 359 727 395 Μεναρει·
753 359 791 395 τῷ
812 360 835 386 δὲ

892 360 974 393 Sade,
993 360 1072 394 Saul;
1088 359 1152 387 Levi
1172 365 1238 391 tres.
1266 361 1384 394 Geilson.
1401 361 1489 389 Boach
1505 367 1532 389 ct
1552 363 1671 397 Menuri;

66 409 142 436 Ἰούδα
154 408 244 440 πέντε,
256 408 320 443 Ἣρ,
334 407 435 438 Αὒνὼν,
446 407 551 438 οἷτινεςδ
563 406 653 438 καθὼς
668 407 835 442 προεγράφη,

890 406 966 433 Judze
980 406 1098 441 quinque
1112 414 1118 432 :
1132 406 1195 439 Her,
1215 407 1324 438 Annon,
1342 408 1399 442 qui,
1416 412 1445 434 ut
1459 409 1585 444 superius
1602 410 1672 437 scri—

61 453 194 485 ἀπέθανον,
216 451 327 487 Σηλὼμ,
343 452 439 487 Φαρὲς,
456 451 546 487 Ζαρά-
566 451 604 486 τῷ
626 452 654 478 δὲ
675 452 762 487 Φαρὲς
784 452 835 484 δύος

891 456 967 486 ptum
981 456 1033 484 est,
1050 452 1227 480 decesserunt
1240 462 1247 485 ;
1264 452 1363 486 Sebon,
1377 453 1490 485 Phares,
1505 454 1588 488 Zara;
1604 455 1676 482 Pha-

66 498 181 534 Ἀῥρὼμ,
211 499 259 524 καὶ
285 498 405 533 Ἰεμοήλ·
429 498 468 532 τῷ
491 498 519 524 δὲ
545 498 670 534 Ίσσάχαρ
698 498 839 533 τέσσαρες.

62 543 225 575 θαλὰ,ψονὰ,
250 544 368 577 Ἰασοὺφ,
395 543 514 578 Ζαϐράν·
531 542 569 578 τῷ
590 543 730 569 Σαϐουλὼν
755 544 838 579 τρεῖς,

62 590 160 625 Σερδὲρ,
183 589 295 620 ’Λλδὼν,
321 589 402 624 Αίήλ·
422 589 446 615 οἱ
466 589 566 620 πάντες
586 590 731 624 τριάκοντα
754 591 838 625 τρεῖς,

60 637 87 663 ὲκ
102 636 148 670 τῆς
169 635 251 666 Λείας
268 636 298 661 τὸ
312 636 389 669 γένος
409 635 523 670 ἔχοντες,
544 636 590 662 καὶ
615 635 749 671 θυγατέρα
766 636 838 662 Δίνα.

64 682 190 715 Ἐγένοντο
200 680 229 706 δὲ
247 681 295 706 καὶ
312 680 350 716 τῷ
364 680 416 706 Γὰδ
432 681 484 706 υίο¹ι
499 679 578 711 ἑπτὰ,
595 679 700 714 Σαφὼν,
718 679 838 713 Ἀγγεις,

60 728 162 759 Σαῦνις,
187 726 326 758 Θασοῦὰθ,
355 727 460 762 Ἀήδις,
488 726 630 761 Ἀνοήδης,
653 726 776 762 Ἀρίλης·
800 726 839 761 τῷ

60 775 82 801 δὲ
100 774 178 809 ’Δσὴρ
195 773 340 808 τέσσαρες,
359 772 456 807 Ὶεμνὰ,
480 772 557 803 Ἰουλ,
584 772 683 808 Μερία,
702 773 748 799 καὶ
769 771 840 807 Σερὰ

60 819 186 856 θυγάτηρ”
219 820 252 846 ἐκ
278 818 306 845 δὲ
327 818 373 845 τοῦ
397 818 479 853 Βερία
508 819 690 854 ἐγεννήθησαν
723 817 837 853 Χοϐὼρ,

891 506 936 526 res
966 498 1031 530 duo,
1061 499 1167 530 Arron,
1194 503 1221 526 et
1243 499 1359 533 Jemuel;
1388 500 1513 528 lssachar
1538 508 1672 536 quatuor.

890 542 987 575 Thala,
1019 543 1123 575 Phona,
1148 543 1263 579 Jasuph,
1297 544 1421 579 Zabran;
1451 545 1572 574 Zabulon
1605 552 1673 580 tres,

891 587 1002 622 Serder,
1019 589 1119 621 Aldon,
1134 589 1193 621 Ael,
1208 590 1252 624 qui
1266 598 1360 619 omnes
1378 592 1489 626 triginta
1505 596 1560 620 tres
1576 600 1608 620 ex
1626 592 1674 621 Li:

890 635 1020 669 originem
1039 635 1162 667 trahunt,
1179 640 1205 663 ct
1228 636 1282 662 ﬁlia
1299 636 1377 663 Dina.
1403 637 1463 664 Nati
1488 642 1552 665 sunt
1572 643 1598 666 et
1614 638 1673 666 Gad

889 685 1004 716 septem,
1019 680 1141 715 Saphon,
1152 682 1246 716 Angis,
1265 681 1376 714 Saunis,
1394 682 1561 716 Thasobath,
1578 685 1671 719 Aedis,

888 727 1018 758 Anoedis,
1034 728 1140 760 Ariles;
1160 728 1243 755 Asser
1259 732 1386 763 quatuor,
1412 729 1509 762 Jenna,
1528 731 1598 764 Jeul,
1619 733 1675 760 Mc.-

889 773 943 806 ria,
959 778 986 800 el.
1013 773 1080 808 Syra
1110 774 1182 807 ﬁlia;
1198 774 1291 806 Beriae,
1312 775 1420 803 Chebor
1440 780 1468 803 et
1485 777 1618 805 Melchiel.
1641 778 1674 806 Hi

889 826 983 846 omnes
1008 819 1143 846 sexdecim
1162 820 1219 851 ﬁlii,
1252 820 1378 855 Zelphas,
1403 823 1509 850 ancillae
1532 823 1597 855 ἰήιε,
1614 831 1674 859 qua:

60 866 98 893 καὶ
109 865 234 900 Μελχιήλ·
258 862 331 891 οὗτοι
348 865 447 896 πάντες
464 864 493 897 ἓξ
516 864 563 890 xati.
578 864 642 891 δέκα
662 864 715 890 uini.
734 864 835 898 Ζελφᾶς

891 866 1000 892 nomine
1015 865 1067 893 Lire
1077 874 1124 893 eos
1141 865 1242 893 Jacobo
1250 872 1435 902 generaverat.
1448 868 1492 896 Sic
1503 874 1529 897 ct
1546 871 1572 897 in
1589 856 1674 907 Egy-

59 913 100 947 τῆς
114 912 254 946 παιδίσκης
274 912 366 943 Λείας,
385 911 446 946 ἣτις
474 912 512 942 είς
537 911 622 946 ὄνομα
641 911 691 945 τῆς
704 910 785 942 Λείας
801 910 840 945 τῷ

63 958 149 985 Ἰακὼὸ
173 958 273 989 αὐτοὺς
301 958 453 992 ἐγέννησεν.
482 957 643 993 Ἐτέχθησαν
670 955 698 983 δὲ
728 957 774 983 καὶ
800 956 839 991 τῷ

64 1004 151 1039 Ἰωσὴφ
176 1005 206 1030 ὲν
238 1003 368 1038 Αἰγύπτῳ
396 1003 489 1034 παῖδες
516 1003 580 1035 δύο,
615 1002 764 1037 Μανασσῆς
791 1002 839 1028 καὶ

63 1051 179 1086 Ἐφραίμ,
204 1050 253 1082 οὓς
274 1050 367 1077 ἔτεκεν
390 1050 463 1085 αὐτῷ
482 1049 586 1075 Ἀσινὲο
613 1049 735 1084 Θυγάτηρ
755 1049 839 1075 Πετε-

59 1097 107 1132 φρῆ
120 1096 218 1123 Ἠλιοῦ.
235 1098 292 1123 Καὶ
307 1097 338 1123 ἐκ
361 1096 409 1132 μὲν
425 1095 472 1122 τοῦ
487 1095 619 1130 Μανασσῆ
634 1094 762 1130 ἐγεννήθη
779 1095 840 1121 Mat-

60 1144 110 1177 χεὶρ
123 1143 153 1169 ὲκ
168 1143 295 1177 παλακῆς
310 1142 409 1178 Συρίας
419 1142 457 1177 τῷ
468 1141 541 1176 γένει
551 1148 557 1156 ‘
574 1142 588 1168 6
601 1141 629 1167 δὲ
644 1141 751 1177 Μαχεὶρ
763 1141 838 1174 ἐγέν-

59 1198 114 1225 νησε
134 1189 177 1216 τὸν
197 1189 318 1216 Γαλαὰδ·
342 1191 374 1215 ὲκ
397 1189 424 1215 δὲ
441 1188 487 1215 τοῦ
516 1188 633 1224 Ἐφραῒμ
655 1188 837 1225 ἐγεννήθησαν

61 1234 105 1260 νίοὶ
119 1234 269 1269 Σουταλὰμ,
284 1234 347 1266 Βὰδ,
364 1234 436 1268 Λάμ.
455 1234 501 1260 ‘Ex
510 1234 538 1260 δὲ
549 1233 594 1260 τοῦ
607 1233 748 1269 Σουταλὰμ.
763 1235 839 1268 ἐγεν-

59 1280 116 1315 νήθη
133 1280 213 1306 Ἐδέν.
234 1280 282 1315 Τῷ
301 1280 329 1306 δὲ
352 1280 480 1315 Βενιαμὶν
504 1280 551 1307 καὶ
575 1279 648 1314 αὐτῷ
673 1279 718 1306 δύο
744 1280 837 1311 παῖδες

60 1326 178 1360 ἐγένοντο,
195 1326 376 1363 Βαλλαχοϐὼρ
400 1328 446 1353 καὶ
465 1328 598 1362 Ἀσσαήρ·
615 1328 646 1353 ὲκ
663 1327 690 1353 δὲ
705 1327 751 1353 τοῦ
768 1327 837 1353 Baio

60 1372 170 1409 λαχοὸὼρ
180 1373 283 1409 Γηρὰν,
294 1373 341 1401 καὶ
354 1374 465 1409 Νοεμὶν,
478 1373 524 1400 καὶ
534 1373 635 1408 Λάχης,
651 1373 697 1400 καὶ
718 1373 835 1409 Ἐσρὼμ,

60 1420 98 1445 καὶ
108 1419 211 1455 Μαμφί.
233 1420 335 1455 Μαμφὶ
349 1419 377 1446 δὲ
389 1419 517 1454 ἐγέννησε
529 1418 574 1445 τὸν
594 1419 674 1454 ’Δράδ
684 1428 690 1434 ·
702 1417 772 1446 οὗτοι
785 1420 837 1446 υἱοὶ

63 1464 151 1501 Ῥαχὴλ
165 1467 189 1493 oi
205 1467 307 1498 πάντες
322 1466 517 1493 ὀκτωκαίδεκα.
538 1465 601 1497 Tib;
620 1466 648 1492 δὲ
670 1466 776 1500 ἐγένετο
798 1466 837 1501 τῷ

58 1510 114 1538 Δὰδ·
135 1511 181 1538 τοῦ
206 1511 235 1538 δὲ
263 1511 419 1546 Νεφθαλεὶμ
441 1511 549 1547 Ἀσιὴλ,
574 1511 622 1537 καὶ
644 1511 664 1537 Γ
665 1512 763 1546 οῡμὶν,
790 1511 837 1538 καὶ

63 1557 153 1593 Ἰσαὰρ,
163 1558 209 1584 καὶ
220 1557 315 1593 Συλήμ
324 1566 330 1573 -
345 1555 416 1584 οὗτοι
429 1558 481 1583 ιίοὶ
497 1557 600 1589 Βάλλας
615 1554 758 1592 παιδίσκης
774 1556 836 1583 Ῥα-

59 1602 101 1638 χὴλ
114 1604 138 1629 ot
152 1604 250 1635 πάντες
269 1603 347 1630 ἑπτά.
365 1604 394 1629 ὐ
417 1603 445 1629 δὲ
467 1602 600 1639 μακάριος
620 1602 715 1629 Ἰακὼὸ
736 1602 782 1638 ἔτη
804 1602 838 1629 τὰ

59 1650 135 1675 πάντα
154 1648 254 1685 βιώσας
279 1649 350 1685 ρμζ,
365 1649 393 1675 ὲν
416 1648 545 1684 Αἰγύπτῳ
558 1648 676 1675 ἀπέθανε
686 1668 693 1680 ,
707 1648 837 1684 πρότερον

59 1694 160 1722 ἷκαστον
173 1696 226 1722 τῶν
243 1696 310 1722 υἱῶν
326 1695 407 1722 αὐτοῦ
427 1695 562 1731 διαφόροις
576 1695 710 1729 εὐλογίαις
726 1695 837 1730 εὐλογή-

59 1748 109 1773 σας.
124 1741 176 1768 Καὶ
189 1742 238 1777 τὴν
261 1742 308 1777 μὲν
324 1742 447 1775 εὐλογίαν
469 1741 521 1768 τῶν
543 1742 721 1777 πρωτοτόκων
740 1741 836 1776 Ἰωσὴφ

60 1787 207 1823 παρέσχετο,
218 1789 267 1815 καὶ
282 1788 342 1823 οὐχὶ
360 1788 478 1814 Ῥουϐίν-
491 1787 556 1814 διότι
577 1789 591 1814 ὁ
616 1788 664 1823 μὲν
683 1787 780 1822 Ἰωσὴφ
800 1787 836 1822 μὴ

58 1832 121 1865 εἴξας
136 1834 211 1869 ἡδονῇ
230 1834 281 1869 τῆς
298 1833 448 1867 Αἰγυπτίας
468 1832 622 1868 ἐδικαιώθη,
645 1833 659 1859 ὀ
682 1833 709 1859 δὲ
732 1833 835 1859 Ῥουὸὶν

58 1878 170 1914 ἡττηθεὶς
182 1880 319 1915 ἥμαρτεν·
341 1879 427 1911 ἄλλως
443 1888 471 1905 τε
483 1880 524 1905 ὅτι
549 1880 597 1906 καὶ
620 1881 652 1906 ὲκ
668 1880 718 1914 τῆς
736 1879 835 1915 Ῥαχὴλ

59 1926 215 1960 πρωτότοκος
229 1927 346 1962 ὑπῆρχε,
364 1926 410 1952 καὶ
425 1928 458 1962 τῇ
474 1926 558 1953 Ἰούδα
573 1926 642 1962 φυλῇ
657 1926 835 1962 ἀπεκλήρωσε

59 1969 100 2004 τὴν
118 1970 261 2004 βασιλείαν,
282 1972 328 1997 καὶ
351 1971 381 1998 οὐ
407 1972 439 2006 τῇ
463 1970 509 1997 τοῦ
529 1971 647 1998 Ῥουϐίνδ
663 1971 728 1997 διότι
751 1973 765 1998 ὀ
786 1972 835 2006 μὲν

62 2013 151 2047 Ἰούδας
165 2018 192 2042 ἐν
209 2016 319 2050 γυναικὶ
332 2016 485 2051 ὡνειδίσθη,
497 2017 511 2042 ό
525 2016 553 2042 δὲ
573 2016 728 2052 ἐδικαιώθη,
740 2017 835 2052 ὁμολοι

59 2060 135 2094 γήσας
160 2062 338 2096 εὐγνωμόνως
367 2061 462 2088 ἑαυτὸν
485 2062 627 2096 τυγχάνειν
652 2063 684 2097 τῇ
714 2063 834 2098 ἁμαρτίᾳ

59 2104 203 2139 ὑπεύθυνον,
219 2108 266 2133 καὶ
280 2107 309 2133 οὐ
320 2108 368 2142 τὴν
380 2106 504 2141 γυναῖκα.
523 2107 603 2134 Ἀλλὰ
618 2108 664 2134 καὶ
676 2108 744 2134 κατὰ
757 2108 835 2135 τοῦτο

60 2149 196 2183 βασιλεύειν
216 2152 329 2187 ἐτάχθη,
355 2152 448 2187 ἐπειδὴ
472 2152 537 2187 μόνη
560 2152 614 2179 τῶν
634 2152 720 2179 ἄλλων
744 2152 834 2187 φυλῶν

61 2195 202 2233 ίταμωτέρα
213 2198 281 2234 πρὸς
291 2197 369 2232 ζῆλον
383 2199 428 2224 καὶ
440 2198 577 2233 ἐκδίκησιν
593 2197 659 2224 Θεοῦ
675 2198 830 2233 ἐτύγχανεν·

59 2240 145 2269 διὸκαὶ
158 2244 185 2277 ἐξ
205 2243 287 2270 αὑτοῦ
301 2243 381 2277 φῦναι
393 2243 557 2279 προφητεύει
571 2244 615 2270 τὸν
631 2244 746 2279 Χριστὸν
761 2243 831 2270 κατὰ

61 2332 116 2358 Λευῖ
130 2334 156 2360 δὲ
170 2335 220 2370 τὴν
233 2335 435 2370 ἀρχιερωσύνην
458 2335 530 2370 μόνῳ
550 2334 688 2370 ἀπένειμε,
704 2335 798 2362 καθότι
816 2337 831 2363 ὁ

68 2377 164 2415 ’Δμρὰμ
183 2381 211 2414 ἐξ
229 2381 309 2408 αὑτοῦ
331 2384 392 2416 φὺς,
412 2380 442 2408 τὸ
464 2382 551 2417 δόγμα
575 2382 621 2408 τοῦ
643 2381 742 2417 Φαραὼ
762 2391 832 2418 παρ-

61 2426 204 2459 εκρούσατο,
221 2428 324 2454 καὶτὸν
347 2428 403 2454 υἱὸν
425 2428 520 2454 ἑαυτοῦ
545 2427 590 2454 τὸν
608 2428 728 2463 Μωῦσῆν
750 2427 833 2460 ὲζωο⁴

61 2470 155 2505 ποίησε.
181 2473 267 2499 Μόνον
297 2473 325 2499 δὲ
351 2472 396 2500 τὸν
419 2473 523 2499 Ῥουϐὶν
552 2474 633 2500 πολὺν
659 2473 696 2509 τῷ
725 2474 834 2509 ἀριθμῷ

61 2514 169 2551 ἐποίησε,
192 2518 235 2544 διὰ
256 2518 285 2544 τὸ
308 2519 345 2554 μὴ
373 2519 523 2545 συναινέσαι
547 2520 592 2546 ἐπὶ
601 2521 633 2554 τῇ
655 2520 752 2555 Ἰωσὴφ
775 2521 834 2545 ἐπιΔ

61 2559 141 2597 6ονλῇ.
157 2564 368 2600 Τελευτήσαντος
389 2564 454 2599 γοῦν
470 2565 515 2591 τοῦ
536 2565 631 2592 Ἰακὼῦ
647 2566 675 2591 ὲν
694 2565 831 2600 Αἰγύπτῳ,

61 2605 94 2637 εὶς
112 2608 156 2644 τὴν
177 2610 331 2637 Χαναναίαν
351 2612 401 2646 γῆν
422 2611 578 2647 κηδεύουσιν
601 2610 831 2646 ἀποκομίσαντες·

61 2650 149 2685 haud;
165 2655 192 2681 δὲ
214 2656 260 2683 καὶ
283 2657 344 2688 τοὺς
361 2657 435 2687 υἱοὺς
457 2656 537 2682 αὑτοῦ
553 2657 665 2688 πάντας.
688 2656 749 2683 Ἐπὶ
764 2657 833 2683 τέλει

61 2695 84 2722 δὲ
106 2700 207 2726 καὶτὸν
229 2702 336 2737 Ἰωσὴφ,
359 2702 409 2736 τῆς
432 2701 568 2735 Αἰγύπτου
595 2703 832 2738 ἀποχωρήσαντες,

64 2743 204 2777 1κηδεύουσιν
219 2746 280 2773 ἔνθα
300 2748 314 2773 ὁ
331 2747 480 2784 προπάτωρ
496 2747 584 2773 αὐτῶν
599 2747 721 2783 Ἀϐραὰμ
736 2756 835 2784 προκε·

889 916 935 946 pto
960 911 1077 946 Josepho
1109 914 1166 940 nati
1200 917 1264 940 sunt
1298 914 1345 941 ﬁlii
1377 915 1441 948 duo,
1473 916 1613 945 Mauasses
1645 919 1672 945 et

889 957 1027 992 Ephmim,
1046 967 1114 993 quos
1126 960 1229 1003 peperit
1244 961 1281 987 illi
1297 961 1421 993 Asineth,
1451 961 1504 989 ﬁlia
1520 962 1672 999 Petcpht‘m,

889 1003 934 1030 ﬁlii
950 1004 1041 1036 Heliae,
1058 1009 1084 1032 et
1097 1014 1129 1033 es
1143 1006 1266 1035 Manasse
1279 1012 1355 1036 ortus
1371 1013 1411 1035 est
1426 1007 1528 1036 Machir
1542 1018 1557 1038 e
1574 1011 1672 1045 pellice

889 1048 956 1084 Syra
985 1058 1094 1085 genere.
1114 1051 1217 1079 Machir
1244 1054 1337 1087 genuit
1356 1053 1451 1082 Galad.
1482 1054 1521 1081 Ex
1543 1053 1671 1090 Ephraim

887 1095 943 1121 nati
963 1100 1027 1123 sunt
1045 1097 1102 1130 lilii,
1120 1096 1253 1130 Sutalam,
1282 1098 1346 1130 Bad,
1374 1099 1454 1132 Lam;
1485 1109 1517 1128 ex
1534 1101 1670 1135 Sutulam,

886 1140 979 1168 Edem.
998 1142 1137 1177 Benjamin
1151 1144 1213 1171 item
1240 1144 1294 1172 duo
1314 1145 1373 1177 ﬁlii,
1392 1146 1571 1174 Ballachobor
1581 1151 1607 1173 et
1619 1147 1672 1174 As-

886 1193 939 1214 ser.
954 1186 991 1214 Ex
1009 1187 1197 1220 Ballachobor,
1212 1189 1321 1223 Geram,
1332 1196 1359 1218 et
1375 1191 1498 1223 Noemin,
1510 1196 1537 1219 et
1556 1192 1670 1226 Laches.

887 1236 913 1260 et
926 1232 1032 1265 Esrom,
1050 1238 1078 1262 et
1092 1234 1219 1270 Mamphi.
1234 1235 1348 1271 Mamphi
1360 1238 1453 1272 genuit
1466 1237 1555 1272 Arad;
1569 1239 1595 1265 hi
1610 1246 1669 1266 om-

887 1287 936 1307 nes
947 1279 1049 1308 Rachel
1073 1280 1121 1307 ﬁlii
1137 1288 1253 1308 numero
1276 1282 1369 1309 decem
1394 1286 1421 1310 et
1439 1287 1512 1311 octo.
1528 1284 1582 1311 Dad
1598 1285 1670 1312 illius

887 1325 937 1351 fuit
953 1324 1321 1362 Nephthalim,Nepbthalim
1339 1328 1420 1362 Asiel,
1443 1333 1470 1356 et
1496 1329 1623 1365 Goymin,
1643 1334 1671 1358 et

887 1369 971 1403 lsaar,
988 1376 1015 1398 et
1030 1370 1139 1406 Sylem;
1156 1372 1182 1399 hi
1200 1373 1248 1400 ﬁlii
1273 1372 1362 1400 Baiias
1377 1374 1482 1401 ancillae
1498 1374 1600 1403 Rachel
1619 1382 1671 1403 nu-

887 1423 962 1444 mero
979 1422 1091 1452 septem.
1110 1416 1162 1444 Sed
1172 1418 1266 1445 beatus
1279 1417 1373 1450 Jacob.
1385 1420 1463 1447 annis
1480 1425 1589 1448 centum
1605 1429 1673 1456 qua-

887 1462 1011 1497 draginta
1027 1467 1129 1497 septem
1151 1465 1279 1498 peractis,
1295 1472 1310 1492 e
1325 1465 1380 1492 vita
1391 1466 1524 1501 migravit.
1534 1466 1672 1495 Primum-

850 1529 871 1557 Ο
888 1514 940 1541 que
955 1516 1119 1543 unoquoque
1134 1508 1190 1536 ﬁlio
1206 1517 1337 1545 prospera
1352 1512 1509 1545 ominando,
1541 1514 1616 1540 varia
1629 1514 1672 1541 dl-

888 1561 1020 1587 versaque
1045 1553 1233 1582 benedictione
1261 1555 1415 1588 benedixit,
1441 1560 1467 1584 et
1498 1558 1672 1593 primogenitt

887 1599 1102 1627 benedictionem
1117 1601 1247 1635 elargitus
1261 1605 1303 1628 est
1318 1600 1435 1637 Josepho
1448 1607 1474 1630 et
1489 1611 1543 1630 non
1560 1603 1648 1631 Rubin
1661 1610 1671 1639 ς

886 1646 958 1680 quod
972 1645 1072 1681 Joseph
1088 1645 1214 1681 Egyptia
1230 1647 1367 1682 voluptate
1396 1649 1506 1676 minime
1530 1650 1669 1684 delinitus,

883 1693 975 1727 justus
986 1693 1094 1719 habitus
1109 1699 1159 1720 est.
1174 1693 1281 1720 Rubin‘
1295 1695 1329 1720 ab
1342 1701 1373 1720 ea
1385 1699 1528 1729 superatus
1538 1698 1669 1731 peccarit,

887 1738 1035 1772 przesertim
1048 1746 1108 1765 cum
1118 1746 1151 1765 ex
1168 1738 1271 1765 Rachel
1295 1731 1491 1774 priinogenil'us
1506 1746 1588 1768 esset.
1606 1741 1668 1769 Tri-

886 1784 931 1810 bui
946 1783 1022 1811 Judze
1037 1788 1063 1811 et
1080 1792 1132 1811 non
1143 1784 1233 1811 Rubin
1248 1785 1428 1820 principatum
1451 1787 1584 1819 attribuit,
1597 1788 1670 1822 quod

884 1828 961 1856 Judaz
975 1837 1024 1863 pro
1040 1829 1154 1856 muliere
1169 1830 1299 1864 probrum
1325 1830 1461 1864 objectum
1485 1836 1543 1862 est;
1560 1833 1604 1859 hic
1621 1841 1671 1860 θυι

885 1878 937 1901 tem
951 1874 1042 1908 justus
1072 1875 1190 1906 habitus.
1207 1883 1268 1902 cum
1282 1875 1398 1904 candide
1424 1876 1513 1904 fassus
1540 1882 1613 1906 esset
1629 1887 1670 1914 se.

886 1929 939 1947 non
954 1921 1105 1952 mulierem,
1119 1926 1229 1955 peccato
1244 1922 1402 1949 obnoxium.
1420 1923 1490 1955 Quin
1506 1929 1532 1951 et
1544 1930 1670 1960 proptere

884 1974 916 1993 ea
933 1966 970 1993 illi
994 1967 1123 2002 regnandi
1147 1968 1287 2002 provincia
1323 1969 1410 1995 delata
1431 1975 1481 2001 est,
1511 1972 1574 2005 quia
1605 1972 1670 2000 relic

885 2012 946 2046 quis
959 2012 1085 2040 tribubus
1110 2013 1169 2040 sola
1184 2013 1240 2040 hrec
1266 2019 1424 2042 constanter
1443 2017 1530 2051 magis
1568 2018 1670 2053 magis-

884 2066 937 2092 que
949 2066 1042 2085 severe
1057 2062 1086 2085 ut
1100 2058 1155 2086 Deo
1170 2059 1284 2094 injurias
1310 2061 1397 2089 illulus
1427 2063 1612 2097 ulcisceretur,
1628 2065 1670 2092 laa

884 2103 1016 2137 borabat;
1032 2109 1197 2140 quapropter
1226 2110 1252 2133 et
1268 2106 1408 2135 Christum
1433 2110 1584 2137 secundum
1608 2118 1670 2138 cur-

885 2157 965 2181 nem,
985 2157 1018 2177 ex
1046 2157 1077 2177 ea
1103 2151 1249 2178 oriundum
1276 2153 1453 2186 vaticinatur,
1480 2157 1506 2180 et
1533 2160 1581 2188 per
1606 2161 1669 2182 eum

849 2197 870 2225 ι)
885 2195 1054 2222 vocationem
1083 2196 1203 2229 gentium
1234 2195 1363 2223 futuram.
1384 2197 1447 2225 Levi
1470 2206 1605 2226 summum
1623 2207 1670 2227 sa-

884 2240 1034 2267 cerdotium
1052 2241 1134 2272 dedit,
1146 2235 1221 2276 quod.
1234 2242 1343 2269 Amram
1358 2251 1389 2270 ex
1402 2252 1434 2271 eo
1446 2248 1532 2275 ortus.
1550 2244 1670 2273 Pharao-

885 2287 928 2313 nis
956 2287 1053 2322 dogma
1076 2287 1224 2316 refellendo
1253 2290 1397 2325 coarguit.
1424 2290 1562 2326 ﬁliumque
1588 2299 1669 2321 suum

885 2331 1004 2369 Moysem
1021 2334 1082 2360 vitae
1094 2334 1220 2361 servavit.
1238 2334 1355 2361 Tantum
1384 2335 1474 2363 Rubin
1500 2338 1669 2372 trequentem

886 2379 1049 2414 uberemque
1072 2388 1185 2408 numero
1201 2381 1358 2413 declaravit,
1376 2383 1448 2416 quod
1475 2383 1507 2409 ad
1520 2383 1670 2419 Joscphum

886 2425 1052 2460 perdendum
1066 2434 1119 2454 non
1135 2427 1284 2454 consensit.
1313 2427 1405 2462 Itaque
1426 2434 1534 2457 mortuo
1546 2429 1630 2458 Iacob
1642 2431 1668 2458 in

887 2471 1015 2507 Egypto,
1042 2473 1069 2499 in
1090 2473 1306 2500 Chananaeorum
1331 2474 1468 2508 regionem
1484 2477 1609 2503 translati
1626 2476 1670 2504 fu-

887 2518 961 2545 ncris
969 2519 1112 2553 exsequias
1126 2519 1261 2553 prosecuti
1271 2525 1333 2546 sunt
1347 2517 1367 2553 ",
1377 2520 1502 2547 similiter
1511 2523 1537 2547 et
1553 2521 1668 2549 ﬁliorum

886 2563 946 2598 ejus
962 2565 1093 2592 omnium.
1117 2564 1237 2592 Tandem
1252 2569 1279 2592 ct
1292 2564 1392 2600 Josepli
1406 2574 1437 2593 ex
1455 2565 1575 2601 [Egypto
1594 2575 1671 2595 seca:-

887 2609 996 2641 dentes,
1028 2611 1161 2644 sepeliunt
1190 2612 1216 2643 ',
1248 2612 1292 2638 ubi
1309 2620 1404 2639 eorum
1432 2613 1541 2648 generis
1569 2617 1668 2640 auctor

887 2656 1022 2683 Abraham
1036 2657 1111 2691 prius
1126 2658 1254 2684 humatus
1268 2658 1354 2685 fuerat
1367 2667 1373 2691 ;
1387 2666 1419 2685 eo
1436 2659 1462 2688 in
1475 2659 1534 2686 loco
1549 2659 1669 2686 terebin:

889 2702 951 2729 thus
966 2702 1051 2729 inerat
1066 2703 1117 2729 sub
1128 2710 1180 2737 qua
1196 2703 1280 2730 Jacob
1294 2703 1385 2731 [.aban
1398 2705 1469 2731 idola
1484 2704 1630 2731 abscondit
1646 2703 1668 2737 ’,

888 2756 968 2783 quam
984 2747 1016 2774 ad
1034 2747 1090 2775 haec
1105 2752 1226 2783 tempora
1242 2749 1269 2776 in
1285 2750 1416 2785 majorem
1431 2751 1573 2784 honorem,
1587 2751 1670 2779 vicini

107 2821 116 2836 '
126 2822 187 2851 Gel.
201 2831 272 2852 XLVI.
311 2826 321 2840 ⁸
334 2824 398 2854 Gen.
408 2831 469 2852 xtix
481 2826 589 2856 passim.
627 2827 637 2842 '
649 2825 712 2853 Cen.
725 2832 750 2853 ι.
789 2827 799 2842 ⁸
810 2822 897 2854 Exod.
909 2834 956 2853 aut
966 2834 973 2859 ;
983 2825 1041 2853 los.
1064 2833 1140 2855 “IV.
1181 2827 1191 2843 ⁷
1205 2826 1269 2855 Gen.
1282 2829 1371 2865 xxxv;

206 2872 340 2903 ΡΑτιιοι..
357 2872 416 2902 Gn.
438 2873 550 2904 Xi'lll.

1530 2877 1570 2909 25
