1909 3071
235 106 284 135 779

665 106 693 135 S.
715 105 934 134 EUSTATHIUS
952 83 1197 134 ANTlOCHENUS
1215 106 1414 135 EPISCOPUS.

1799 106 1853 133 180

229 167 290 200 ojus
304 165 399 193 incola
413 171 518 191 summa
535 164 665 199 religione
676 168 858 196 venerantur;
869 171 915 190 ara
931 164 1011 198 quip-

1065 165 1190 200 κήδευτο·
1217 165 1245 191 ἐν
1265 161 1288 198 ᾧ
1303 164 1378 199 τόπῳ
1396 163 1501 198 ὑπῆρχε
1523 163 1570 190 καὶ
1583 164 1600 198 ή
1622 162 1790 199 τερέϐινθος,
1805 163 1856 196 ὑφ’

231 212 351 246 peetiam
371 218 443 237 nunc
454 218 486 237 ex
499 210 559 244 ejus
583 210 675 245 stipite
701 213 859 237 constructa
876 210 1009 240 cernitur,

230 265 313 292 super
339 264 420 292 quam
444 256 602 283 holocausta
624 256 853 289 hccalombasque
875 255 1009 288 olTerunt;

230 303 395 337 traduntque
418 310 477 330 eam
493 301 620 328 baculum
643 301 729 329 fuisse
745 302 827 329 unius
853 301 1010 336 angeli,qui

230 349 264 377 ab
278 348 414 376 Abraham
445 347 563 382 hospitio
585 347 691 382 excepti
722 348 841 378 fuerunt,
870 355 949 382 quem
966 347 1012 374 illo

229 395 290 422 loco
315 394 472 430 praeteriens
500 393 648 428 plantavit;
673 400 705 420 ex
722 392 773 420 hac
787 393 878 419 multae
893 392 1012 418 admira-

228 441 312 468 tionis
336 440 505 468 terebinthus
521 443 622 469 manat,
643 439 705 473 igne
721 438 794 465 enim
820 437 940 469 admoto,
954 440 1011 464 tota

230 487 258 513 in
283 487 371 521 ignem
397 485 567 518 accenditur,
593 485 775 518 omnibusque
806 491 840 511 ex
861 483 968 510 ilautma
984 483 1010 510 in

230 533 367 566 pulverem
382 531 493 558 dissolvi
507 529 623 563 videtur;
640 537 732 557 verum
746 529 790 556 ubi
803 529 937 556 exstincta
954 528 1011 556 fue-

231 579 276 610 rit,
292 577 436 604 incolumis
447 580 512 606 tota,
526 576 707 610 omnibusque
732 575 791 603 suis
807 575 930 610 partibus
946 582 1013 602 eon-

231 627 308 651 stans
319 622 539 658 deprehenditur.

264 711 329 740 Post
345 712 447 740 obitum
461 710 572 745 Joscph,
598 709 719 745 [Egyptii
741 709 936 737 beneficiorum
962 709 1014 736 im-

231 765 374 788 memores.
389 761 415 785 et
429 757 529 784 invidia
544 757 769 790 :entulationeque
794 755 913 787 accensi,
930 755 1012 783 variis

231 804 415 831 calamitatum
431 803 574 837 generibus
602 801 738 828 lsraelitas
759 800 912 835 aiﬂigebant
927 801 948 827 ⁸.
966 800 1012 827 Ει-

1060 207 1077 246 ᾖ
1101 210 1217 245 ἔκρυψεν
1239 209 1335 236 Ἰακὼϐ
1356 210 1404 245 τῆς
1426 210 1517 236 Λάὸαν
1541 209 1574 235 τὰ
1602 209 1707 240 εῐόωλα,
1731 209 1794 243 ἥτις
1811 209 1852 235 ἔτι

1060 257 1107 283 καὶ
1123 256 1170 282 νῦν
1181 257 1221 287 είς
1238 256 1319 292 τιμὴν
1339 256 1393 282 τῶν
1414 255 1551 291 προγόνων
1567 255 1619 282 ὑπὸ
1634 255 1688 281 τῶν
1704 255 1851 289 πλησιοχό-

1061 311 1115 338 ρων
1129 302 1325 338 θρησκεύεται·
1340 302 1396 328 ἐστι
1414 301 1469 337 γὰρ
1481 301 1544 336 ἄχρι
1559 300 1605 327 τοῦ
1619 300 1699 336 δεῦρο
1715 299 1792 335 παρὰ
1806 300 1852 326 τὸν

1060 348 1180 384 πρέμνον
1201 348 1286 383 αὐτῆς
1300 347 1400 383 βωμὸς,
1419 347 1461 381 ἐφ’
1475 347 1504 374 ὃν
1524 346 1558 373 τά
1575 354 1604 372 τε
1623 345 1850 380 ὁλοκαυτώματα,

1060 395 1106 421 καὶ
1127 394 1176 426 τὰς
1191 394 1344 429 ἑκατόμϐας
1359 385 1504 428 ἀνέφερον·
1527 390 1594 418 εἷναί
1617 401 1645 418 τε
1668 393 1736 426 φασὶ
1753 391 1852 427 ῥάϐδον

1060 440 1144 476 αὐτὴν
1157 440 1214 471 ἑνὸς
1227 439 1281 466 τῶν
1297 439 1510 472 ὲπιξενωθέντων
1525 437 1647 472 ἀγγέλων
1656 438 1695 473 τῷ
1711 437 1850 473 Ἀϐραὰμ,

1060 487 1147 522 ἥνπερ
1160 485 1198 521 τῷ
1213 486 1287 520 τόπῳ
1300 486 1360 512 τότε
1373 485 1464 519 παρὼν
1474 484 1645 518 ὲνεφύτευσε,
1659 484 1705 510 παιὶ
1724 483 1755 516 ἐξ
1766 483 1851 518 αὐτῆς

1062 533 1250 568 ήιὰξιάγαστος
1269 531 1367 566 ὲνεφύη
1387 530 1420 567 [Ῑ.
1432 530 1489 566 ἀν-]
1501 529 1664 565 τερέϐινθος.
1676 528 1851 562 Ὕπαφθιῖσα

1061 579 1114 613 γὰρ
1136 577 1184 612 ὅλη
1197 577 1252 613 πῦρ
1271 577 1384 611 γίνεται,
1402 577 1448 603 καὶ
1472 575 1611 611 νομίζεται
1633 576 1690 606 τοῖς
1711 576 1797 601 πᾶσιν
1813 576 1850 606 εἰς

1061 624 1134 651 κόνιν
1154 625 1185 650 ὲκ
1211 624 1260 658 τῆς
1279 623 1376 657 φλογὸς
1400 621 1561 649 ἀναλύεσθαι
1573 641 1580 652 ,
1602 621 1689 648 καίτοι
1707 621 1852 647 σϐεσθεῖσα

1063 669 1152 705 μέντοι
1168 669 1263 704 ἀσινὴς
1277 668 1336 704 ὅλη,
1353 669 1399 695 καὶ
1409 668 1536 704 ἀκέραιος
1550 667 1696 694 δείκνυται.

1097 715 1174 742 Μετὰ
1199 715 1227 742 δὲ
1242 702 1298 750 -τὴν
1318 702 1446 749 τελευτὴν
1462 702 1515 740 τοῦ
1538 713 1648 748 Ἰωσὴφ,
1657 713 1708 748 τῆς
1730 702 1851 741 εὺπδιίᾶς

1062 761 1317 797 ἀμνημονεύσαντες
1336 761 1360 787 οἱ
1376 760 1528 794 Αἰγύπτιοι,
1545 758 1681 790 ποικίλαις
1698 758 1852 793 συμῳοραϊς

1062 807 1092 834 τὸ
1108 808 1184 841 γένος
1202 807 1252 833 τῶν
1273 806 1445 842 Ἰσραηλιτῶν
1459 797 1603 835 ὑπέϐαλον.
1616 804 1705 839 φθόνῳ
1720 804 1769 830 καὶ
1782 803 1853 838 ζήλῳ

232 851 302 877 enim
320 849 446 877 lsraelilae
461 848 494 874 ad
509 848 614 875 labores
640 845 830 881 suscipiendos
851 846 948 881 integri
968 853 1013 872 ro-

1065 853 1130 889 πρὸς
1155 852 1252 884 αὐτοὺς
1274 852 1447 886 διακείμενοι.
1473 852 1504 878 Οἰ
1527 851 1582 886 γὰρ
1600 849 1764 885 Ἰσραηλῖται
1787 849 1852 884 πρὸς

234 897 360 930 bustique
381 894 525 922 virtutibus
536 913 544 926 ,
574 897 601 920 et
614 892 715 920 divitiis
742 891 885 926 Aﬂgyptios
900 899 1013 926 supera-

231 947 306 975 runt,
319 943 381 969 vino
393 941 506 968 obrutos
519 943 546 966 et
557 940 622 970 otio,
639 943 666 966 et
680 938 785 973 ignavia
806 937 936 965 continua
950 937 1010 966 eﬂ‘e-

232 990 358 1016 minatos.
372 987 471 1014 Verum
482 994 553 1013 unus
561 993 595 1013 ex
603 985 689 1012 sacris
701 974 890 1020 Egy‘ptiorum
903 985 1012 1016 scribis,

231 1034 365 1062 Pharaoni
378 1032 520 1068 quemdam
536 1031 605 1066 apud
622 1030 758 1058 lsraelitas
781 1031 900 1057 futurum
918 1030 1015 1065 praedi-

231 1083 278 1114 cit,
295 1081 341 1116 qui
363 1081 490 1107 universa
517 1078 634 1112 [Egypto
659 1077 758 1104 mirum
787 1077 814 1104 in
838 1076 946 1104 modum
966 1076 1014 1104 de-

231 1135 340 1163 pressa,
375 1125 478 1152 nationi
510 1124 624 1159 propriae
664 1122 790 1150 maximis
823 1121 1014 1157 progressibus

231 1172 382 1208 potentiam
412 1170 504 1199 addet.
527 1169 612 1203 gloria
640 1167 703 1199 sibi,
719 1175 801 1202 quam
817 1167 890 1194 nulla
914 1167 1014 1194 delebit

230 1218 344 1248 oblivio,
371 1220 538 1250 comparata.
563 1213 733 1248 Quapropter
759 1212 865 1239 Pharao
885 1211 1013 1239 Hebraeos

232 1264 320 1291 modis
332 1262 459 1290 omnibus
490 1260 603 1295 perdere
625 1264 764 1294 appetens,
789 1258 934 1293 animoque
951 1266 1013 1285 ver-

231 1316 296 1336 sans
316 1308 467 1334 laboriosas
483 1313 581 1340 operas
604 1304 721 1339 delegat,
739 1307 767 1331 ut
784 1311 878 1331 omnes
904 1303 1013 1338 Egypti

231 1356 356 1383 civitates
385 1353 520 1380 manibus
549 1351 643 1384 ejectis
668 1351 818 1385 cingerent,
841 1353 871 1376 ιιι
893 1348 1013 1376 ﬂuminis

233 1402 364 1435 impetum
380 1399 464 1425 variis
483 1398 567 1424 alveis
598 1396 705 1423 etl‘ossis
724 1399 858 1427 arcerent,
887 1402 1013 1430 aggeres-

231 1454 285 1481 que
296 1447 476 1475 eAS'ruerent,
500 1442 673 1476 utejusdcm,
699 1441 745 1467 ubi
767 1441 873 1476 evagari
892 1441 1013 1475 inccepe-

232 1493 280 1523 rit.
310 1491 400 1518 aditus
430 1488 656 1522 inconuuodaque
682 1486 871 1522 prohiberent;
895 1486 929 1512 ad
956 1486 1013 1512 haec

231 1538 265 1567 ad
282 1537 436 1573 pyramidas
453 1535 606 1570 erigendas,
630 1541 793 1569 puerosque,
809 1534 855 1568 qui
880 1533 951 1567 apud
966 1541 1014 1560 eos

232 1587 418 1613 nascerentur,
447 1582 474 1608 in
488 1581 588 1608 ﬂumen
603 1578 813 1616 praecipitaudos
836 1578 946 1605 decreto
971 1578 1013 1604 in-

232 1630 364 1665 terposito
374 1628 544 1663 compulerit,
553 1626 715 1656 existimans
723 1632 785 1652 eum
792 1632 873 1660 quem
886 1629 960 1651 vates
979 1623 1014 1650 ad

234 1675 378 1710 IEgyptum
394 1673 554 1701 abolendam
576 1672 696 1698 futurum
719 1670 835 1702 dixerat,
851 1669 932 1697 simul
952 1677 1014 1696 eum

233 1719 294 1746 aliis
311 1719 337 1745 in
353 1718 462 1745 ﬂumine
473 1717 658 1752 mergendum.

268 1765 333 1792 Erat
344 1765 434 1798 itaque
455 1764 564 1798 quidam
581 1771 613 1790 ex
637 1763 709 1789 tribu
739 1761 813 1793 Levi,
827 1760 936 1788 nomine
949 1760 1015 1787 Am-

232 1819 289 1840 ram
304 1813 325 1843 ',
341 1812 386 1846 qui
402 1810 551 1838 Jochabeth
567 1810 659 1840 ducta,
672 1817 704 1836 ex
716 1817 747 1836 ea
757 1808 878 1835 divinum
895 1807 1014 1842 Moysem

232 1861 398 1892 susceperat,
415 1862 440 1884 et
452 1856 484 1883 ad
497 1861 606 1891 tempus
620 1863 682 1882 eum
697 1855 848 1882 studiosius
863 1853 1015 1881 absconde-

231 1905 287 1933 bat.
302 1904 354 1931 Sed
387 1903 432 1930 ubi
458 1903 559 1937 regiam
587 1902 671 1936 legem
684 1901 766 1928 nimis
782 1901 876 1927 acerbe
893 1899 1015 1934 dureque

233 1950 338 1985 impleri
353 1950 428 1981 vidit,
444 1953 516 1975 metu
532 1956 566 1975 ne
581 1946 837 1982 deprehenderetur,
854 1946 922 1972 cista
950 1952 1016 1979 pue-

233 1996 322 2022 rulum
339 1993 574 2021 accommodatum
592 1992 624 2018 ad
642 1991 716 2026 ripas
736 1991 855 2018 ﬂuminis
874 1990 1013 2024 exposuit,

233 2045 261 2068 ct
275 2040 327 2067 ﬁlia
339 2040 488 2066 Pharaonis
500 2039 605 2066 lavandi
619 2047 647 2066 se
660 2046 742 2065 causa
760 2039 882 2070 venieus,
900 2044 1016 2071 conspe-

233 2091 304 2114 ctam
319 2088 415 2113 cislam
428 2085 525 2120 aperit,
550 2086 679 2120 puerique
688 2084 890 2120 pulchritudine
899 2083 1017 2111 delecta-

233 2138 271 2165 ta,
286 2141 348 2160 cum
360 2136 465 2159 careret
482 2132 554 2163 (iliis,
579 2139 641 2158 eum
661 2131 713 2158 sibi
741 2130 890 2164 adoptavit,
907 2134 934 2156 et
955 2128 1016 2163 pln-

233 2180 309 2206 ritnis
324 2178 510 2213 [Egyptiorum
529 2177 681 2204 nutricibus
695 2177 852 2203 convocatis
876 2175 910 2202 ad
940 2176 1013 2202 alen-
1031 2197 1053 2224 Β

232 2226 296 2252 dum
313 2223 574 2259 puerum,pcrdebat
590 2229 812 2257 operam,earum
820 2223 919 2257 quippe
933 2221 1015 2247 ubera

231 2269 416 2301 abhorrebat;
437 2269 542 2295 tandem
560 2272 646 2295 mater
662 2267 731 2294 clam
757 2267 887 2298 admissa,
917 2266 1017 2300 regina:

230 2316 309 2349 jussu
327 2315 453 2346 laetabat,
471 2300 574 2341 tantum
591 2314 662 2341 enim
680 2313 754 2340 illius
772 2313 854 2340 ubera
878 2313 990 2347 sugebat
1006 2320 1013 2338 :

233 2363 267 2388 ab
282 2361 359 2396 ipsis,
387 2366 415 2387 ut
441 2361 549 2396 opinor,
576 2359 749 2386 incunabulis
769 2359 908 2393 proprium
928 2366 1016 2394 genus

232 2407 402 2438 admittebat,
418 2411 614 2440 externumque
631 2405 820 2433 aversabatur.
836 2403 929 2439 Itaque
943 2405 1016 2430 hunc

231 2453 354 2480 adultum
384 2452 559 2479 Thermuthis
579 2451 630 2486 (sic
642 2451 714 2478 enim
740 2451 833 2485 regina
860 2449 1016 2484 appellaba-

232 2500 293 2534 tur)
318 2499 448 2535 Lloyscm,
463 2499 535 2534 quod
554 2506 586 2525 ex
607 2498 685 2532 aquis
701 2502 824 2524 servatus
840 2499 909 2528 erat,
929 2496 1017 2523 nomi-

233 2546 318 2573 navit.
330 2545 451 2580 AEgyptii
465 2552 582 2579 namque
595 2551 692 2578 aquam
724 2551 793 2577 may.
812 2546 838 2569 et
854 2542 958 2569 servari
975 2550 1015 2569 ses

233 2591 378 2626 appellant.
394 2590 441 2617 sed
457 2590 532 2616 illum
548 2588 664 2624 primum
676 2593 802 2622 parentes
819 2587 931 2614 Melo/tis
946 2594 1017 2613 nun-

233 2635 380 2670 cupabant.
404 2634 469 2661 Erat
484 2639 575 2662 autem
600 2638 712 2668 aspectu
741 2633 855 2660 festivus
870 2633 964 2664 nimis,
979 2633 1016 2659 ita

235 2687 262 2708 ut
275 2681 431 2716 quicunque
446 2681 484 2707 ilIi
500 2681 528 2707 in
542 2681 586 2706 via
611 2683 780 2710 occurreret,
809 2678 1016 2713 obstupefactus

234 2725 395 2756 discederet.
411 2726 583 2760 maximeque
595 2732 655 2752 eam
683 2723 912 2760 pulchritudinem
931 2723 1018 2749 admi-

235 2775 350 2797 raretur.
363 2770 446 2804 Igitur
461 2771 533 2797 lutnc
547 2773 627 2798 aetate
647 2773 757 2798 auctum
785 2769 960 2798 Thermuthis
971 2768 1018 2796 de-

272 2837 283 2853 ⁸
294 2837 378 2864 Exod.
392 2845 410 2864 ι.
448 2838 457 2854 ’
468 2837 552 2864 Exod.
570 2845 599 2865 ll.

1064 899 1159 929 πόνους
1175 898 1249 929 ὄντες
1266 898 1403 933 καρτεροὶ,
1415 898 1497 932 ἀρετῇ
1514 897 1560 923 καὶ
1574 896 1680 930 πλούτῳ
1694 895 1759 926 τοὺς
1773 895 1852 927 Δίγυ-

1064 945 1158 975 πτίους
1181 944 1324 979 διήνεγκαν
1334 963 1342 975 ,
1356 943 1466 969 ἐκείνων
1482 943 1521 974 εἰς
1535 941 1619 977 μέθην
1639 940 1854 976 κεχαυνωμένων

1063 990 1110 1016 καὶ
1128 989 1236 1024 ἀργίαν,
1254 989 1300 1015 καὶ
1317 988 1437 1023 ῥαθυμίᾳ
1458 987 1652 1022 πεπεδημένων
1675 985 1730 1012 ἀεί.
1755 984 1804 1016 Εἲς
1825 984 1852 1011 δέ

1063 1043 1103 1066 τις
1121 1034 1174 1060 τῶν
1189 1035 1253 1070 παρ’
1266 1034 1423 1068 Αἰγυπτίοις
1439 1032 1682 1069 ἱερογραμματέων
1697 1030 1851 1067 προσημαί-

1063 1089 1102 1107 νει
1122 1080 1160 1115 τῷ
1181 1079 1279 1115 Φαραὼ
1299 1079 1478 1115 τεγθήσεσθαι
1501 1079 1577 1114 παρὰ
1597 1080 1652 1109 τοῖς
1675 1076 1853 1113 Ἰσραηλίταις

1062 1126 1133 1157 τινὰ,
1148 1126 1176 1157 ὃς
1193 1127 1282 1152 πᾶσαν
1293 1125 1342 1161 μὲν
1354 1125 1514 1152 ταπεινώσει
1533 1125 1580 1160 τὴν
1601 1125 1751 1158 Αἴγυπτον,
1770 1122 1850 1157 αὐξή-

1065 1181 1104 1198 σει
1117 1171 1145 1198 δὲ
1158 1173 1203 1198 ἐπὶ
1219 1171 1289 1206 μέγα
1306 1172 1446 1206 προκοπῆς
1467 1172 1499 1198 τὸ
1517 1172 1614 1197 οἰκεῖον
1634 1169 1720 1201 ἔθνος,
1741 1171 1851 1203 ἀειμνη-

1064 1217 1193 1253 μόνευτον
1206 1217 1284 1250 δόξαν
1298 1217 1478 1252 κτησάμενος.
1497 1217 1552 1243 Καὶ
1567 1216 1610 1243 διὰ
1623 1215 1705 1242 τοῦτο
1720 1214 1851 1246 παντοίως

1063 1265 1124 1295 τοὺς
1146 1263 1286 1299 Ἐϐραίους
1309 1264 1323 1290 ὁ
1345 1262 1443 1300 Φαραὼ
1461 1262 1591 1289 ἀπολέσαι
1618 1262 1761 1288 διενοεῖτο·
1789 1261 1852 1297 ἔργα

1065 1310 1113 1344 μὲν
1136 1310 1226 1341 αὐτοῖς
1244 1309 1419 1344 προστάττων
1442 1308 1648 1344 ὲπιμοχθεὺειν,
1671 1307 1800 1342 τειχίζειν
1826 1306 1852 1332 δὲ

1063 1355 1152 1386 πάσας
1165 1354 1216 1389 τῆς
1233 1354 1368 1388 Αἰγύπτου
1381 1354 1430 1386 τὰς
1441 1354 1539 1386 πόλεις,
1557 1354 1604 1380 καὶ
1616 1353 1660 1380 τὸν
1678 1353 1800 1388 ποταμὸν
1817 1353 1852 1383 εἰς

1064 1400 1164 1433 πολλὰς
1184 1401 1335 1436 διατέμνειν
1349 1401 1500 1437 διωρυγάς’
1524 1401 1571 1428 καὶ
1594 1400 1711 1436 χώματα
1727 1400 1850 1435 ἐγείρειν,

1063 1446 1191 1479 κελεύων,
1211 1447 1284 1478 ὅπως
1313 1447 1383 1474 κατὰ
1403 1447 1484 1482 μηδὲν
1508 1446 1557 1482 τὴν
1579 1446 1655 1474 πόλιν
1679 1445 1851 1481 ἐπιλιμνίζων

1063 1491 1242 1528 λυμαίνηται·
1257 1492 1324 1528 πρὸς
1341 1492 1368 1518 δὲ
1385 1492 1489 1524 τούτοις
1505 1492 1551 1518 καὶ
1564 1491 1720 1528 ’πυραμίδας
1730 1492 1852 1526 ἐγείρειν,

1065 1539 1111 1565 καὶ
1125 1538 1159 1565 τὰ
1177 1539 1241 1574 παρ’
1257 1539 1348 1570 αὐτοῖς
1362 1537 1507 1573 τικτόμενα
1522 1537 1607 1574 βρέφη
1623 1537 1852 1573 κατακρημνίζειν

1065 1585 1110 1611 ἐπὶ
1122 1585 1167 1611 τοῦ
1185 1584 1305 1619 ποτα.μοῦ
1321 1584 1488 1619 ἀπεφήνατο,
1501 1584 1622 1619 οἰόμενος
1637 1585 1684 1611 καὶ
1702 1583 1749 1610 τὸν
1767 1583 1853 1610 θεσπι-

1065 1630 1162 1657 σθέντα
1179 1629 1328 1656 καταλῦσαι
1344 1629 1393 1665 τὴν
1413 1629 1548 1663 Αἴγυπτον
1560 1630 1723 1665 ἀραιρήσειν
1739 1628 1774 1665 [ί.
1792 1628 1853 1655 καο-

1064 1676 1200 1712 αιρήσειν]
1218 1676 1263 1702 ἐπὶ
1283 1675 1328 1703 τοῦ
1348 1675 1483 1711 ποταμοῦ.

1106 1764 1240 1800 ’Υπῆρχεν
1261 1762 1307 1791 οὖν
1327 1773 1368 1796 τις
1383 1765 1414 1791 ὲκ
1431 1764 1479 1799 τῆς
1493 1763 1578 1798 φυλῆς
1593 1762 1639 1789 τοῦ
1660 1761 1728 1789 Λευῒ
1748 1762 1854 1797 ’Δμρὰέι

1064 1810 1186 1845 ὀνόματι,
1210 1810 1239 1842 ὂς
1260 1811 1373 1844 γυναῖκα
1397 1809 1447 1844 τὴν
1464 1808 1590 1843 Ἰωχαϐὲο
1613 1808 1805 1843 κτησάμενος,
1827 1805 1854 1840 Li

1064 1855 1150 1890 αὐτῆς
1159 1855 1204 1881 τὸν
1215 1855 1357 1881 Θεσπέσιον
1372 1853 1491 1889 Μωῦσῆν
1507 1853 1647 1888 ἐγέννησε,
1657 1853 1705 1879 καὶ
1722 1852 1854 1888 ἔκρυπτεν

1065 1901 1144 1928 αὐτὸν
1171 1901 1219 1927 ἐπὶ
1245 1901 1339 1937 χρόνον
1363 1900 1434 1927 τινά.
1458 1900 1500 1930 Ὠς
1523 1899 1550 1925 δὲ
1567 1898 1621 1925 εἶδε
1639 1898 1686 1925 τὸν
1706 1899 1791 1933 νόμον
1810 1896 1853 1924 τοῦ

1067 1946 1196 1982 βασιλέως
1219 1946 1419 1982 ἐπικρατοῦντα
1440 1945 1633 1981 σφοδρότερον,
1660 1944 1790 1976 δεδοικὼς
1819 1943 1852 1979 μὴ

1065 1993 1226 2028 κατάφωρος
1241 1993 1362 2028 γένηται,
1382 1994 1421 2024 είς
1438 1992 1523 2027 θήκην
1543 1990 1669 2026 ἐμϐαλὼν
1689 1990 1720 2016 τὸ
1742 1990 1854 2022 παιδίον,

1066 2039 1141 2074 παρὰ
1157 2039 1205 2071 τὰς
1216 2039 1298 2073 ὄχθας
1309 2037 1357 2064 τοῦ
1375 2037 1496 2073 ποταμοῦ
1513 2037 1655 2063 ἐκτίθεται.
1673 2036 1728 2063 Καὶ
1744 2037 1761 2071 ἠ
1777 2035 1856 2069 om.

1065 2093 1117 2120 τηρ
1134 2084 1180 2111 τοῦ
1193 2084 1303 2120 Φαραὼ,
1330 2083 1441 2119 λουτροῦ
1469 2083 1546 2119 χάριν
1574 2081 1740 2117 ἀφικομένη,
1755 2081 1855 2116 θεωρή-

1067 2139 1136 2157 σασα
1151 2130 1198 2166 τὴν
1213 2131 1300 2165 θήκην
1315 2130 1429 2164 ἀνοίγει,
1447 2130 1493 2155 καὶ
1508 2128 1576 2164 πρὸς
1587 2127 1727 2158 τὺ-κάλλος
1739 2126 1788 2153 τοῦ
1803 2136 1856 2152 παι-

1067 2177 1122 2203 δίου
1148 2176 1260 2212 ἡσθεῖσα
1289 2176 1479 2211 είσεποιήσατο
1504 2174 1644 2210 ἀποροῦσα
1672 2173 1785 2204 παιδός⁴
1813 2173 1855 2199 καὶ

1067 2223 1166 2255 πολλὰς
1189 2222 1304 2258 τροφοὺς
1326 2222 1515 2256 συγκαλέσασα
1537 2220 1592 2246 τῶν
1610 2219 1787 2253 Αἰγυπτίων,
1810 2219 1854 2246 οὐκ

1067 2265 1138 2302 εῖχεν
1154 2268 1227 2299 ὅπως
1245 2267 1275 2293 τὸ
1290 2267 1393 2293 παιδίον
1409 2266 1566 2301 ὲκθρέψειεν
1577 2274 1584 2280 ’
1600 2264 1729 2300 οὐδεμιᾶς
1746 2266 1801 2300 γὰρ
1813 2264 1856 2290 αὑ-

1066 2313 1120 2339 τῶν
1134 2312 1217 2348 μαζὸν
1232 2312 1368 2348 προσίετο.
1388 2312 1448 2338 Ἐπὶ
1458 2312 1528 2338 τέλει
1542 2310 1606 2345 γοῦν
1618 2311 1634 2346 ἡ
1649 2311 1753 2346 μήτηρ,
1767 2311 1854 2336 ἀνεῖσα

1066 2359 1184 2394 κρύϐδην
1201 2360 1234 2393 τῇ
1253 2358 1405 2393 βασιλίσσῃ,
1430 2357 1572 2392 γαλουχεῖν
1598 2355 1790 2392 προσετάχθη·
1811 2354 1854 2390 μό-

1066 2414 1114 2440 νης
1136 2405 1190 2440 γὰρ
1213 2404 1297 2439 αὐτῆς
1323 2403 1367 2430 τὸν
1392 2403 1475 2438 μαζὸν
1502 2401 1690 2437 προσεδέξατο,
1711 2400 1742 2433 ἐξ
1759 2400 1854 2431 αὐτῶν,

1066 2450 1152 2486 οἶμαι,
1170 2449 1332 2484 σπαργάνων
1346 2449 1376 2476 τὺ
1395 2449 1442 2484 μὲν
1461 2449 1559 2474 οἰκεῖον
1573 2447 1650 2481 γένος
1669 2447 1853 2482 προσιέμενον,

1066 2497 1097 2524 τὸ
1111 2497 1138 2523 δὲ
1151 2496 1289 2531 ἀλλότριον
1304 2495 1514 2531 μυσαττόμενον.
1530 2493 1710 2528 Ἀνδρωθέντα
1729 2493 1795 2527 γοῦν
1810 2492 1853 2518 αὺ-

1067 2543 1124 2576 τὸν,
1139 2543 1258 2577 Μωῡσῆν
1280 2543 1426 2578 προσεῖπεν
1441 2540 1614 2576 ἡθέρμουθις
1641 2539 1739 2575 (τοῦτο
1758 2539 1811 2575 γὰρ
1825 2539 1852 2573 τῇ

1069 2589 1210 2625 βασιλίσσῃ
1236 2588 1342 2623 ὖνομα),
1367 2587 1458 2623 ἐπειδὴ
1483 2586 1598 2622 διεσώθη
1618 2587 1650 2612 ἐκ
1678 2585 1726 2612 τοῦ
1744 2586 1852 2616 ὓδατος·

1069 2634 1212 2670 Αἰγύπτιοι
1229 2634 1283 2670 γὰρ
1301 2634 1331 2661 τὸ
1353 2633 1513 2673 namNam-1,
1534 2633 1581 2659 καὶ
1605 2632 1635 2659 τὸ
1655 2632 1718 2667 σὴς
1742 2632 1853 2667 εωθῆναι

1069 2681 1324 2717 προσαγορεύουσιν.
1345 2680 1473 2707 Ἐκάλουν
1491 2679 1519 2706 δὲ
1538 2680 1568 2705 τὸ
1585 2679 1649 2714 πρὶν
1666 2677 1750 2704 αὐτὸν
1770 2678 1794 2704 οἱ
1813 2685 1852 2712 το-

1069 2729 1123 2759 νεῖς
1134 2723 1272 2758 Μελχείς.
1284 2725 1338 2753 Ἦν
1359 2726 1387 2752 δὲ
1410 2725 1516 2757 ἀστεῖος
1537 2725 1605 2759 ἄγαν
1622 2726 1656 2760 τῇ
1676 2724 1750 2759 ὁψει,
1762 2723 1798 2755 ὡς
1815 2721 1853 2748 τὸν

1070 2773 1129 2800 καθ’
1141 2773 1200 2800 ὁδὸν
1218 2772 1378 2800 ἀπαντῶντα
1401 2771 1474 2808 αὐτῷ
1496 2770 1658 2806 ἀφίστασθαι
1676 2769 1849 2806 ἐκπληττόμε-
