1909 3071
74 135 122 163 735

528 134 664 164 SPURIA.
687 151 720 158 —
739 135 917 164 COMMENT.
936 136 971 163 1N
991 136 1237 166 llEXAEMEBON.

1636 137 1687 165 ’186

69 194 191 230 Μερῤόης
206 193 371 230 (οὕτωγὰρὴ
378 194 529 231 Θέρμουθις
542 195 675 232 ἐκαλεῖτο)
696 197 854 233 τελευτησά-

908 197 1002 233 ingens
1034 198 1154 226 oblatum
1192 205 1222 225 se
1251 202 1360 225 nactum
1393 196 1498 225 Pharao
1528 197 1687 226 existimans

70 242 242 279 αης,ἑρμαιον
248 244 262 269 ὸ
272 242 371 277 Φαραὼ
376 243 421 269 τὸν
428 244 521 279 καιρὸν
529 244 710 279 ἡγησάμενος,
720 245 852 279 προστάτ-

68 297 105 316 τει
120 289 223 324 Μωῡσῇ
234 289 282 315 καὶ
304 288 448 325 Χανενὼθη
460 291 499 320 εἰς
506 291 569 322 τοὺς
580 291 649 325 ὑπὲρ
663 290 799 324 Αἰγύπτου
810 291 852 317 τό-

69 343 131 367 πους
140 334 274 370 κηδεῦσαι
285 336 378 371 αὐτήν.
388 335 512 370 ’Δφικνου
516 336 603 371 μένων
610 336 638 362 δὲ
646 336 742 368 αὐτῶν,
754 334 794 368 εἷς
809 345 851 369 τις

70 381 120 408 τῶν
130 380 290 407 συνειδότων
304 380 353 416 τὴν
367 380 478 417 γνώμην
495 382 541 408 τοῦ
557 382 654 417 Φαραὼ
664 383 852 410 ἀνακοινοῦται

68 425 104 461 τῷ
118 426 230 461 Μωῡσῇ·
247 426 296 452 καὶ
311 425 431 460 φυλάξας
444 427 538 453 ἑαυτὸν
553 427 684 454 πάντοθεν
698 429 712 455 ὁ
722 429 851 464 Μωῦσῆς,

69 472 114 506 τὴν
129 471 257 506 Μερρόην
273 471 365 506 ἔθαψε,
382 472 429 498 καὶ
439 472 485 498 τὸν
497 472 577 498 τόπον
606 472 653 499 καὶ
667 473 712 499 τὸν
733 474 853 509 ποταμὸν

68 515 188 551 Μερρόην
207 515 237 549 ἐξ
252 516 338 551 αὐτῆς
349 515 577 551 προσηγόρευσεν.
596 517 682 549 Αὐτὸς
703 517 731 544 δὲ
752 519 784 544 ὲκ
805 518 854 553 μὲν

68 562 200 596 Μέμφεως
220 562 269 588 τὸν
291 561 385 588 Νεῖλον
410 561 638 598 διαπορθμεύσας,
651 564 710 590 καθ’
728 564 854 592 ὑπόθεσιν

74 607 171 643 Ἀαρὼν
184 608 232 634 τοῦ
243 608 358 642 ἀδελφοῦ
374 607 466 639 αὐτοῦ,
483 610 521 640 εἰς
531 608 579 644 τὴν
596 609 722 644 ’Δραὸἰαν
735 610 855 644 ἀπέφευ-

68 662 111 688 γεν
122 662 128 668 ·
141 655 155 680 ὁ
171 653 200 680 δὲ
216 653 382 689 Χανενώθης
399 654 560 689 πυθόμενος,
571 654 716 690 γυμνώσας
727 656 757 682 τὸ
781 657 855 690 ξίφος

68 698 219 731 ὑπαντιάξει
235 699 320 734 αὐτῷ·
341 700 356 725 6
381 699 410 726 δὲ
425 701 544 736 Μωῡσῆς
564 702 688 736 κατεῖχεν
703 701 785 728 αὐτοῦ
806 702 855 737 τὴν

68 746 150 780 χεῖρα,
163 746 211 772 καὶ
225 746 368 777 ἐκτπάσας
378 745 408 772 τὸ
427 745 501 780 ξίφος
520 746 602 773 αὑτοῦ
620 747 670 782 τῆς
691 747 791 783 χειρὸς,
816 747 855 782 τῷ

68 791 152 826 οἰκείῳ
177 791 251 825 ξίφει
274 791 356 818 αὑτὸν
382 792 572 827 διεχειρίσατο,
595 793 642 819 καὶ
657 794 698 824 είς
728 793 855 829 Ἀραϐίαν

904 247 1021 278 tempus,
1049 243 1135 280 Moysi
1159 248 1186 271 et
1206 244 1389 271 Chanenothte
1412 243 1489 278 jubet
1515 247 1590 271 extra
1621 243 1689 271 fines

903 289 1012 326 Egypti
1035 290 1094 318 filiai
1118 290 1191 325 justa
1220 289 1318 318 facere.
1331 289 1391 322 Quo
1406 298 1467 317 cum
1491 290 1688 325 pervenissent,

903 346 975 366 unus
1002 346 1035 364 ex
1061 337 1179 365 consciis
1199 341 1316 364 mentem
1343 336 1492 364 Pharaonis
1516 337 1553 363 illi
1569 344 1688 364 commu-

905 385 987 412 nicat.
1001 383 1106 420 Moyses
1127 382 1178 411 sibi
1197 382 1378 416 undequaque
1393 388 1491 408 cavens
1511 379 1628 408 Mrroem
1646 387 1692 407 se-

904 430 995 465 peliit,
1013 433 1040 456 et
1058 428 1160 458 locum,
1180 431 1207 453 et
1226 426 1338 453 fluvium
1358 424 1474 452 Merorm
1495 433 1526 451 ex
1547 433 1578 452 ea
1599 425 1690 452 nomi-

905 476 988 503 navit.
1009 474 1124 510 Ipseque
1143 481 1176 500 ex
1195 472 1330 506 Memphi,
1351 470 1411 498 Nilo
1431 471 1559 506 trajecto,
1579 472 1692 498 nomine

905 521 1021 548 Aaronis
1042 520 1135 547 fratris
1158 519 1186 546 in
1210 517 1338 545 Arabiam
1361 517 1443 552 fugit;
1463 517 1535 552 quod
1557 517 1601 544 ubi
1621 525 1687 552 prae-

905 567 990 595 sensit
1000 564 1201 597 Chanenothes,
1214 563 1309 591 stricto
1323 563 1413 599 gladio
1425 563 1554 590 adiersns
1568 562 1690 598 impetit:

906 619 999 637 verum
1034 610 1140 646 Moyses
1164 611 1332 646 deprehensa
1356 618 1450 642 manu,
1470 617 1587 644 enseque
1616 609 1688 636 illius

905 660 1023 690 arrepto,
1040 656 1155 690 ejusmet
1167 656 1239 683 illius
1252 655 1341 691 gladio
1355 655 1471 690 jugulat,
1480 659 1507 682 et
1522 656 1548 681 in
1560 654 1687 681 Arabiam

904 702 938 728 ad
956 701 1100 736 Raguelem
1121 702 1238 736 regionis
1261 701 1410 736 principem
1438 701 1537 735 migrat
1563 700 1595 729 ‘°.
1610 703 1635 727 et
1655 707 1687 726 ex

904 748 964 782 ejus
987 747 1039 774 ﬁlia
1060 746 1198 782 Scpphora
1215 747 1267 775 sibi
1283 747 1309 774 in
1325 747 1527 774 matrimonium
1545 745 1687 778 collocata,

904 794 973 821 dnos
989 794 1107 828 suscepit
1118 794 1196 821 ﬁlios.

69 837 131 873 πρὸς
149 838 315 872 Ῥαγουῆλον
325 838 370 864 τὸν
383 838 437 865 τῶν
447 838 536 865 τόπων
549 838 667 874 ἄρχοντα
676 840 852 875 παρεγένετο,
878 840 923 866 καὶ
937 839 985 876 τὴν
997 839 1131 876 θυγατέρα
1145 840 1226 866 αὐτοῦ
1238 839 1379 875 Σεπφόραν
1391 839 1533 874 ἀγόμενος,
1546 838 1575 872 ἐξ
1604 837 1688 873 αὐτῆς

69 881 110 912 δῧο
124 882 219 915 παῖδας
234 883 390 919 ἐγέννησεν.

105 929 133 956 '0
144 929 170 956 δὲ
183 929 295 965 Φαραὼ,
309 930 398 956 πᾶσαν
411 930 460 965 τὴν
472 929 692 965 δραματουργίαν
706 929 753 956 τοῦ
767 930 849 957 Μωῠ-

935 930 1040 958 Pharao
1058 931 1103 959 ubi
1123 931 1222 967 Moysis
1236 930 1336 958 factum
1351 930 1445 961 audiit,
1461 930 1528 956 iram
1542 930 1567 957 in
1583 929 1690 962 Jndeo-

71 974 132 1006 σέως
147 974 310 1010 πυθόμενος,
324 975 370 1001 τὸν
384 975 467 1010 θυμὸν
489 976 534 1002 ἐπὶ
551 976 581 1002 τὸ
597 976 697 1012 πλῆθος
715 977 769 1004 τῶν
789 977 855 1003 ’1ου-

70 1019 144 1047 διίων
161 1019 233 1055 ἔχεε,
269 1022 316 1047 καὶ
340 1021 424 1056 ἄρδην
445 1021 555 1053 τούτους
575 1023 744 1058 ἀναιρεῖσθαι
767 1031 853 1058 προσ-

72 1065 153 1097 έταξε·
169 1066 269 1100 μόνους
283 1065 337 1101 γὰρ
350 1067 448 1099 αὐτοὺς
461 1067 535 1102 λινῆν
548 1067 648 1103 ἐσθῆτα
664 1070 756 1103 φορεῖν
763 1068 855 1095 κελεύ-

74 1118 118 1142 οις
130 1110 173 1138 διὰ
186 1111 217 1138 τὸ
235 1111 368 1147 εὔσημον,
392 1114 431 1144 είς
447 1113 552 1148 σφαγὴν
575 1114 671 1146 αὐτοὺς
696 1116 752 1146 τοῖς
773 1115 856 1149 Δίγυ-

73 1156 152 1188 πτίοις
183 1157 341 1183 ἐκδίδωσιν·
360 1158 403 1192 ἐφ’
474 1157 488 1184 6
515 1158 580 1190 Θεὸς
601 1159 715 1195 μεγίστῃ
736 1160 855 1196 τιμωρίᾳ

72 1200 158 1228 τοῦτον
179 1202 296 1229 ἐκόλασε
306 1211 312 1217 ·
331 1202 438 1238 πρῶτος
453 1203 507 1239 γὰρ
529 1204 630 1235 παντὸς
642 1204 785 1241 ἀνθρώπου
799 1205 855 1232 ἐλε-

73 1247 213 1279 φακιάσας
227 1248 242 1273 6
258 1247 369 1283 Φαραὼ,
391 1248 496 1284 αἰσχρῷ
512 1249 557 1275 τὸν
581 1249 637 1284 βίον
656 1249 727 1277 τέλει
743 1250 856 1277 κατέλυ-

73 1300 123 1320 σεν.
146 1293 174 1319 ’0
190 1293 217 1320 δὲ
244 1293 343 1320 τούτου
365 1293 414 1329 τὴν
434 1294 517 1330 αὐτὴν
539 1295 625 1330 ἀρχὴν
646 1295 696 1330 τῆς
719 1296 856 1331 βασιλείας

72 1337 267 1374 διαδεξάμνος,
281 1339 348 1374 ὁμοῦ
363 1339 468 1375 καὶτῆς
483 1341 612 1376 πονηρίας
627 1342 708 1369 αξιτοῦ
721 1341 754 1378 ἧν
770 1343 856 1370 διάδο-

72 1390 126 1416 χος·
136 1385 190 1415 τοῖς
197 1384 252 1419 γὰρ
268 1385 358 1416 αὐτοῖς
374 1386 467 1416 κακοῖς
482 1387 544 1418 τοὺς
559 1387 701 1420 Ἰουδαίους
712 1389 855 1416 ὑπέϐαλλε.

103 1429 153 1455 Καὶ
169 1429 272 1465 θρήνου
292 1431 388 1458 πολλοῦ
401 1433 573 1468 περιέχοντος
586 1434 693 1466 αὐτοὺς.
714 1436 727 1461 6
742 1435 808 1468 Θεὸς
819 1434 857 1463 οἷς

73 1481 129 1500 κτον
150 1474 239 1501 λαϐὼν
265 1476 364 1508 αὐτῶν,
384 1477 430 1503 τὸν
454 1478 572 1513 Μωῡσῆν
585 1478 737 1514 ἐξέπεμψεν
749 1481 789 1512 είς
808 1481 856 1516 τὴν

73 1518 209 1554 Αἴγυπτον,
225 1521 402 1556 προστάττων
413 1523 451 1558 τῷ
461 1524 560 1559 Φαραὼ
579 1525 710 1553 ἀπολῦσαι
725 1526 778 1553 τῶν
797 1528 858 1554 ’1ου-

72 1566 146 1594 δαίων
172 1569 202 1595 τὸ
229 1569 308 1602 ἔθνος
331 1571 370 1602 εἰς
393 1571 442 1606 τὴν
472 1571 588 1608 ἔρημον,
617 1573 688 1600 ὥστε
711 1574 856 1610 λατρεῦσαι

73 1612 150 1640 αὑτῶ.

109 1657 167 1686 Ἐπὶ
182 1659 249 1694 γοῦν
266 1662 299 1696 τῇ
314 1661 424 1699 τοιαύτῃ
438 1663 513 1698 ῥήσει
526 1663 572 1690 τοῦ
587 1663 725 1696 Μωῡσέως
739 1665 857 1701 χαλεπή-

73 1712 116 1736 νας
134 1706 147 1731 6
167 1706 279 1741 Φαραὼ,
296 1707 335 1738 είς
356 1708 466 1744 εἱρκτὴν
499 1709 668 1744 παραχρῆμα
689 1710 856 1746 ὲμὸληθῆναι

74 1750 146 1776 αὐτὸν
160 1752 311 1787 προσέταξε
322 1761 328 1768 ·
346 1754 393 1780 καὶ
409 1754 452 1780 διὰ.
464 1755 514 1789 τῆς
532 1755 626 1786 νυκτὸς
642 1755 744 1790 σεισμῷ
758 1756 856 1782 διεσεί-

76 1794 119 1830 σθη
132 1797 202 1822 πᾶσα
216 1798 232 1832 ἡ
251 1798 297 1832 γῆ,
313 1798 350 1829 ὼς
365 1798 440 1830 τινὰς
457 1799 511 1825 τῶν
526 1799 653 1833 φυλάκων
668 1801 700 1826 ὲκ
717 1800 764 1827 τοῦ
781 1800 857 1832 δέους

74 1839 284 1878 ψυχορῤαγῆσαι,
305 1845 381 1876 τινὰς
401 1845 429 1871 δὲ
449 1844 525 1880 ὕπνῳ
543 1845 620 1880 βαθεί
644 1846 800 1881 παρεθεῖναι
823 1846 856 1873 τὰ

78 1888 151 1923 μέλη·
164 1889 250 1920 αὑτὰς
263 1889 290 1916 δὲ
307 1890 357 1921 τὰς
378 1890 464 1922 πύλας
480 1891 528 1925 τῆς
543 1892 653 1927 εἱρκτῆς
674 1892 857 1928 ἁναπετασθῆ-

76 1939 122 1963 ναι,
148 1933 193 1960 καὶ
213 1934 332 1967 ἐξελθεῖν
353 1934 398 1961 τὸν
426 1936 563 1971 Μωῦσῆν,
580 1937 627 1963 καὶ
654 1937 855 1973 παραγενέσθαι

76 1978 164 2010 νυκτὸς
180 1980 219 2011 εἰς
238 1979 273 2006 τὰ
297 1980 436 2014 βασίλεια·
451 1981 497 2007 καὶ
514 1981 568 2016 γὰρ
583 1982 709 2009 κάκείνου
724 1984 752 2009 αί
775 1983 855 2019 θύραι

76 2023 251 2062 κλονουμένης
260 2027 311 2061 τῆς
325 2027 376 2061 γῆς
386 2027 544 2063 διέστησαν⁸
560 2029 606 2055 καὶ
618 2029 726 2056 πάντων
741 2029 795 2056 τῶν
809 2037 857 2056 σω-

79 2073 267 2106 ματοφυλάκων
296 2074 494 2105 καθευδόντων,
520 2075 649 2111 διύπνησε
678 2076 724 2103 τὸν
756 2076 856 2112 Φαραὼ

78 2114 190 2149 λέγων-ι
207 2118 236 2146 '0
246 2118 310 2150 Θεὸς
330 2119 501 2151 ἐξαπέστειλε
514 2128 546 2154 με
568 2119 700 2146 ἀπολῦσαι
724 2122 856 2156 προστάτ-

78 2168 126 2186 των
140 2170 178 2189 σοι
200 2163 247 2190 τὸν
262 2163 316 2190 τῶν
336 2164 468 2191 Ἰουδαίων
482 2164 555 2192 λαόν.
568 2174 577 2191 ι
596 2165 623 2193 Ὁ
630 2165 657 2192 δὲ
672 2166 856 2200 καταπλαγεὶς

79 2205 163 2241 ἠρώτα
184 2211 233 2236 καὶ
256 2212 331 2242 ποῖος
352 2206 429 2242 οὗτός
452 2212 521 2242 ἐστι,
542 2211 589 2238 καὶ
604 2212 630 2238 τί
647 2212 678 2238 τὸ
702 2211 786 2247 δνομα
807 2212 854 2239 τοῦ

78 2253 274 2287 ἀποστείλαντος
295 2257 374 2283 αὐτὸν
400 2257 484 2283 Θεοῦι
511 2255 526 2282 6
555 2257 582 2284 δὲ
603 2258 731 2293 Μωῦσῆς,
754 2257 856 2293 προκύ-

77 2297 124 2332 ψας
138 2301 176 2331 είς
191 2301 240 2336 τὴν
252 2302 336 2337 ἀκοὴν
355 2302 448 2335 αὑτοῦ,
466 2302 512 2328 τοῦ
543 2303 611 2330 Θεοῦ
628 2303 658 2329 τὸ
678 2303 763 2338 ὃνομα
782 2303 855 2337 αὺτῷ

79 2344 229 2382 διεσάφησε·
246 2349 293 2375 καὶ
309 2349 346 2384 μὴ
356 2350 529 2385 καρτερήσας
545 2350 594 2385 τὴν
611 2350 694 2385 ἀκοὴν
710 2351 724 2376 6
743 2349 852 2386 Φαραὼ,

79 2390 119 2417 ἐπὶ
132 2393 179 2427 τῆς
196 2394 248 2429 γῆς
266 2394 362 2421 ἔπεσεν
385 2395 501 2428 ἄφωνος.
514 2396 569 2422 Καὶ
600 2395 756 2431 προσελθὼν
780 2396 854 2431 ἤγει-

81 2444 121 2471 ριν
138 2438 215 2466 αὐτὸν
239 2441 252 2466 6
273 2440 402 2475 Μωῦσῆς,
429 2441 476 2467 καὶ
497 2441 537 2472 είς
561 2441 650 2468 δέλτον
666 2441 696 2468 τὸ
723 2441 854 2475 πανόψιον

80 2480 156 2516 ὗνομα
178 2485 341 2521 ἐγχαράξας,
373 2486 536 2520 ἐσφράγισε·
568 2487 614 2513 καί
643 2496 685 2518 τις
713 2486 767 2513 τῶν
789 2487 854 2522 παρ’

80 2527 226 2562 Αἰγυπτίοις
243 2532 347 2566 ἱερέων,
365 2532 492 2566 φαυλίσαι
508 2532 584 2559 τοῦτο
600 2533 738 2569 τολμήσας
750 2533 781 2560 τὸ
797 2533 853 2560 ὅνο-

81 2581 124 2608 μα.
142 2579 281 2613 σπασμονῇ
298 2577 399 2610 εὐθέως
416 2578 460 2605 τὸν
476 2578 532 2613 βίον
544 2579 683 2605 κατέλυσε.

115 2619 142 2646 '0
154 2620 181 2647 δὲ
194 2622 291 2657 Φαραὼ
307 2623 415 2659 ποιῆσαί
431 2632 458 2650 τι
476 2626 587 2659 σημεῖον
602 2625 648 2651 τὸν
674 2625 794 2660 Μωῦσῆν
809 2626 854 2652 ἐπ-

81 2663 181 2698 ἔτρεπε⁸
198 2670 243 2694 καὶ
256 2670 270 2695 6
283 2670 412 2704 Μωῦσῆς,
427 2670 459 2704 ἣν
479 2671 588 2705 κατεῖχε
603 2670 700 2705 ῥάϐδον
716 2671 794 2705 ἀφεὶς
807 2671 854 2697 ἐπὶ

81 2708 124 2743 τῆς
134 2711 191 2746 γῆς,
206 2714 245 2745 είς
261 2713 321 2748 ὅφιν
337 2714 421 2750 αὐτὴν
443 2714 587 2749 μετέϐαλε·
606 2715 652 2742 καὶ
672 2715 753 2742 πάλιν
770 2715 854 2751 αὐτῆς

83 2753 219 2790 ἀᾷάμενος,
231 2761 271 2792 είς
283 2759 312 2786 τὸ
325 2761 436 2796 ἀρχαῖον
453 2761 667 2796 ἀποκατέστησε.

117 2845 136 2862 ¹⁶
149 2846 230 2878 Exod.
248 2857 278 2877 ιι.
319 2849 339 2866 ¹¹
355 2849 439 2878 Exod.
463 2859 504 2879 ιιι.
544 2851 564 2867 ¹²
577 2850 664 2878 Exod.
677 2858 724 2879 vn.

905 985 965 1005 rum
979 977 1180 1004 multitudinem
1192 976 1296 1008 elludit,
1308 984 1408 1011 eosque
1425 975 1601 1002 internecioni
1617 976 1688 1002 tradi

904 1030 1017 1058 prorsus
1030 1023 1167 1050 mandavit
1177 1031 1184 1055 ;
1194 1026 1298 1049 tantum
1307 1022 1378 1049 enim
1393 1028 1440 1048 eos
1449 1021 1518 1048 lineo
1527 1020 1688 1048 vestimento

905 1069 980 1096 indui
1010 1069 1103 1104 jussit,
1125 1072 1154 1096 nt
1188 1068 1297 1096 facilius
1327 1070 1567 1102 cognoscerentur,
1593 1066 1689 1100 siCque

904 1115 1068 1143 occidendos
1082 1114 1216 1150 Egyptiis
1229 1114 1328 1147 tradit;
1345 1120 1394 1147 pro
1409 1119 1463 1147 quo
1474 1111 1544 1139 Deus
1569 1111 1688 1138 maximo

906 1160 1040 1195 supplicio
1054 1167 1116 1186 eum
1130 1159 1233 1194 punivit
1244 1168 1251 1191 ;
1262 1159 1383 1186 omnium
1394 1158 1466 1186 enim
1479 1156 1617 1184 hominum
1630 1156 1687 1190 pri-

906 1214 967 1233 mus
981 1205 1097 1237 Pharao,
1122 1204 1315 1240 elephantiasi,
1345 1203 1495 1230 fa-dissimo
1525 1201 1586 1234 line,
1605 1201 1687 1228 vitam

906 1252 1006 1279 amisit.
1019 1250 1105 1286 llujus
1116 1251 1142 1278 in
1160 1250 1298 1277 dominatu
1313 1256 1467 1281 successor,
1480 1248 1559 1275 simul
1570 1251 1597 1274 et
1613 1246 1689 1274 illius

905 1298 1034 1325 viliOrum
1061 1298 1147 1325 haeres
1159 1297 1220 1324 fuit.
1239 1296 1338 1324 Iisdem
1363 1295 1463 1331 quippe
1480 1294 1559 1322 malis
1579 1292 1688 1321 ludatis

906 1344 1079 1372 conficiebat.

941 1433 1006 1461 Inde
1021 1434 1140 1460 maximo
1156 1433 1266 1468 planctu
1291 1431 1490 1466 interpellante,
1511 1429 1583 1457 Deus
1593 1435 1687 1456 eorum

906 1479 1036 1507 misertus
1069 1478 1188 1514 Moysen:
1199 1478 1225 1505 in
1240 1477 1387 1513 Egyptum
1417 1477 1491 1503 misit
1506 1476 1538 1508 “,
1554 1475 1689 1502 Pharaoni

906 1525 1067 1560 praecipiens
1087 1524 1241 1551 Judzeorum
1265 1523 1402 1550 nationem
1420 1522 1531 1549 liberam
1553 1521 1689 1548 dimittere

907 1571 934 1598 in
954 1571 1101 1603 desertum,
1114 1574 1144 1596 ut
1156 1570 1194 1596 illi
1209 1569 1369 1599 deserviret.

942 1657 999 1685 Hoc
1015 1657 1115 1693 Moysis
1133 1656 1234 1684 dictum
1248 1664 1319 1692 aegre
1332 1657 1422 1684 ferens
1437 1653 1543 1681 Pharao
1565 1661 1688 1688 compre-

905 1704 1022 1732 hensum
1037 1704 1110 1731 illico
1123 1705 1150 1730 in
1161 1703 1313 1731 custodiam
1330 1702 1440 1730 tradidit
1451 1701 1652 1732 includendum,
1662 1703 1689 1728 et

907 1759 954 1786 per
971 1755 1076 1778 noctem
1093 1756 1171 1777 terrae
1184 1750 1303 1777 motibus
1326 1749 1471 1776 universus
1496 1751 1629 1775 terrarum
1644 1756 1689 1774 or-

906 1798 948 1825 bis
960 1801 1158 1832 conquassatus
1170 1801 1221 1828 est,
1238 1796 1274 1823 ita
1289 1800 1318 1823 ut
1334 1795 1410 1822 multi
1425 1803 1457 1822 ex
1471 1795 1629 1823 custodibus
1655 1795 1689 1822 ti-

907 1851 982 1870 more
996 1843 1124 1878 perculsi,
1141 1843 1258 1870 animam
1274 1841 1404 1873 efflarint,
1417 1841 1494 1868 mulli
1511 1841 1593 1868 etiam
1613 1841 1687 1875 gravi

907 1897 1003 1917 somno
1018 1889 1148 1924 correpti,
1179 1887 1310 1915 membris
1335 1886 1434 1914 fuerint
1461 1886 1597 1919 dissoluti,
1622 1888 1688 1920 ipse

907 1935 1039 1963 custodia:
1054 1934 1128 1962 fores
1141 1941 1219 1969 pares
1232 1937 1354 1968 patentes
1371 1936 1470 1967 apertae
1487 1932 1551 1962 sint,
1569 1931 1688 1966 Moyses-

907 1989 960 2016 qne
976 1984 1087 2016 ereptus
1099 1980 1132 2006 ad
1148 1980 1247 2014 regiam
1260 1979 1421 2014 pervenerit,
1435 1978 1514 2013 cujus
1526 1984 1609 2013 portae
1624 1978 1688 2004 dum

906 2032 979 2055 terra
994 2026 1226 2060 contremisceret,
1244 2026 1337 2052 divisae
1351 2029 1429 2059 sunt;
1445 2030 1470 2052 et
1488 2025 1614 2052 onmibns
1641 2031 1690 2050 cu-

907 2074 1032 2101 stodibus
1045 2073 1169 2110 corporis
1186 2080 1282 2100 somno
1295 2073 1439 2107 correptis,
1456 2071 1563 2107 Moyses
1586 2071 1689 2098 excita-

906 2121 945 2147 vit
962 2120 1141 2151 Pharaonem,
1155 2119 1249 2147 dicens
1263 2130 1269 2146 :
1284 2129 1293 2145 ι
1308 2119 1377 2147 Deus
1390 2119 1462 2146 misit
1473 2126 1526 2150 me,
1543 2121 1570 2144 nt
1582 2116 1691 2144 Iudaeo—

906 2174 966 2193 rum
985 2165 1113 2200 populum
1129 2165 1261 2197 dimittas,
1278 2165 1326 2192 tibi
1355 2164 1503 2197 mandans;
1526 2173 1535 2190 ι
1563 2163 1608 2190 ille
1628 2170 1690 2198 per-

907 2212 1069 2239 terrefactns
1085 2211 1232 2246 qumrebat,
1250 2211 1310 2246 quis
1321 2211 1364 2238 hic
1379 2214 1461 2244 essct,
1473 2214 1499 2237 et
1509 2209 1581 2245 quod
1592 2216 1690 2236 nomen

908 2257 965 2289 Dei,
982 2257 1027 2290 qui
1040 2257 1115 2283 illum
1128 2257 1248 2284 miserat.
1266 2256 1372 2292 Moyses
1393 2265 1422 2284 se
1438 2256 1471 2283 ad
1496 2263 1588 2282 aurem
1616 2255 1690 2292 illius

909 2301 1068 2334 admovens,
1086 2309 1184 2329 nomen
1197 2301 1243 2329 Dei
1259 2302 1459 2335 manifestavit;
1475 2301 1591 2332 Pharao,
1620 2299 1689 2326 tanti

906 2348 1026 2376 nominis
1039 2348 1166 2375 audiendi
1183 2348 1280 2383 impar,
1300 2355 1365 2375 voce
1375 2348 1475 2374 amiSsa
1488 2348 1515 2374 in
1531 2351 1629 2374 terram
1642 2346 1688 2373 de-

907 2395 984 2426 cidit,
997 2398 1024 2422 et
1047 2394 1180 2422 accedens
1209 2393 1325 2430 Moyses,
1337 2401 1399 2421 eum
1423 2394 1519 2423 erexit.
1538 2400 1690 2426 nomenque

907 2440 1110 2468 sanctissimum
1142 2439 1242 2466 chartae
1263 2438 1422 2473 inscriptum
1450 2438 1538 2472 sigillo
1561 2437 1689 2471 obsigna-

906 2488 955 2519 vit,
970 2490 998 2514 et
1015 2494 1087 2513 unus
1101 2493 1133 2513 ex
1153 2485 1340 2522 sacerdotibus
1355 2484 1501 2519 ngyptiis,
1519 2492 1618 2511 nomen
1638 2483 1689 2510 hoc

908 2532 986 2567 parvi
1001 2532 1090 2560 facere
1105 2539 1199 2564 ausus,
1216 2531 1308 2559 statim
1322 2538 1431 2566 spasmo
1442 2530 1524 2557 vitam
1536 2529 1646 2565 abjecit.

943 2623 1049 2649 Pharao
1062 2623 1168 2658 signum
1181 2629 1196 2649 a
1205 2621 1297 2657 Moyse
1311 2621 1448 2656 poscebat,
1466 2623 1493 2648 et
1515 2619 1620 2655 Moyses
1641 2619 1689 2647 ba-

907 2669 1010 2700 culum,
1026 2676 1105 2704 quem
1121 2676 1177 2703 prae
1187 2669 1313 2695 manibus
1326 2667 1452 2700 habebat,
1468 2667 1494 2694 in
1507 2671 1605 2693 terram
1621 2673 1688 2694 con-

904 2714 1018 2749 jectum,
1033 2715 1060 2741 in
1072 2719 1223 2749 serpentem
1240 2714 1415 2741 commutavit
1432 2713 1464 2746 ι’,
1490 2719 1570 2747 quem
1589 2712 1687 2740 iterum

909 2768 971 2788 cum
988 2760 1132 2796 tetigisset,
1148 2760 1290 2796 pristinam
1307 2759 1346 2788 illi
1360 2759 1474 2788 formam
1489 2758 1618 2787 restituit.
