1909 3071
220 134 270 167 787

651 135 679 164 S.
701 133 921 163 EUSTATHIUS
941 131 1184 160 ANTiOCiiENUS
1203 131 1400 160 EPISCOI’US.

1784 130 1838 157 788

255 194 339 222 Porro
353 201 413 221 cum
443 201 530 228 neque
555 193 606 221 hoc
627 194 734 221 cederet
754 195 788 221 ad
804 194 932 229 po'pulum
957 193 998 220 di-

1085 191 1185 218 Τιούτου
1204 191 1232 217 δὲ
1260 190 1306 216 ἐπὶ
1327 189 1404 216 τοῦτο
1429 189 1465 225 μὴ
1486 188 1608 222 εἴξαντος
1628 188 1765 215 ἀπολῦσαι
1791 191 1839 215 τὴν

219 239 391 268 mittendum.
407 242 502 265 orante
515 237 709 273 MoyscDeum,
727 246 840 274 magnus
853 242 930 265 terra:
941 246 998 265 mo-

221 289 265 311 tus
278 291 330 310 una
342 291 402 310 cum
416 282 548 318 grandine
563 282 650 310 factus
661 287 703 310 est
715 287 743 310 ut
751 284 797 318 qui
811 287 888 310 terra:
896 288 998 310 motum

219 329 369 358 evitandoe
383 329 508 356 domibus
520 336 645 364 egressus
660 330 706 361 sit,
724 337 739 357 a
757 330 888 365 grandine
904 329 1000 365 perde-

219 384 241 402 r.
250 379 294 402 tur
306 385 313 409 ;
327 376 372 410 qui
389 383 485 402 rursus
495 375 652 410 grandinem
663 376 834 408 declinando,
860 376 887 402 in
904 375 999 403 domos

220 422 372 457 nuiugerct,
385 426 464 450 terra:
477 425 551 448 motu
568 426 718 449 corrueret.

254 468 368 502 Quando
381 473 469 495 autem
488 476 576 503 neque
587 468 638 496 hoc
651 469 721 496 ﬂecti
731 468 827 503 potuit,
840 468 935 496 haCulo
947 467 999 495 Nili

220 522 290 549 aqua
302 522 381 546 caesa,
391 518 474 540 totam
484 513 539 541 fere
546 514 689 549 [Egyptum
700 514 836 541 inundans
847 514 944 541 ﬂuvius
954 521 1001 549 pa-

219 567 280 585 rum
293 558 380 586 abfuit
393 560 458 594 quin
470 559 644 590 immerserit,
658 559 694 585 ita
709 564 737 585 ut
748 560 781 586 al)
792 567 824 586 eo
838 564 958 593 tempore
966 559 1000 586 ad

221 605 367 640 hocusque
384 606 441 640 ipse
457 613 522 633 suos
541 605 688 633 descensus
703 606 791 632 iteret.
809 605 901 640 itaque
929 605 1001 632 Pha-

220 659 268 678 rao
294 652 481 679 sacerdotibus
498 652 634 684 omnibus,
658 652 705 687 qui
733 652 876 687 Memphim
899 653 1000 680 incole-

220 698 294 731 bant,
316 699 482 731 convocatis,
495 699 522 725 ni
533 699 626 726 eadem
636 706 696 733 quae
709 704 736 726 et
750 699 854 734 Moyses
870 699 999 726 miracula

220 743 368 775 efﬁcerent,
386 748 500 771 mortem
517 745 580 775 illis,
598 744 765 780 deorumque
789 745 860 773 fanis
892 746 999 772 ruinam

221 791 338 818 minatus
353 794 404 817 est.
424 789 473 823 Qui
486 791 652 818 carminibus
675 791 796 826 magicis,
817 795 846 817 ut
865 791 999 823 solebant,

220 835 353 863 dracones
375 840 403 862 ut
420 843 558 871 serperent
578 836 709 868 fecerunt,
738 836 911 872 ﬂuminisque
928 837 1001 864 colo-

1048 237 1121 269 λαὸν,
1135 236 1282 272 εὐξαμένου
1296 235 1343 261 τοῦ
1360 235 1463 270 Μωῦσῆ
1487 235 1555 270 πρὸς
1568 235 1612 260 τὸν
1625 234 1702 265 Θεὸν,
1725 234 1839 268 σεισμὸς

1050 283 1135 318 μέγας
1153 282 1220 318 μετὰ
1230 280 1350 316 χαλάζης
1363 279 1520 315 ἐνέσκηψεν,
1535 279 1572 311 ὡς
1589 279 1634 305 τὸν
1651 278 1789 313 φεύγοντα
1804 279 1840 305 ὲκ

1047 328 1102 355 τῶν
1117 328 1248 363 δωμάτων
1262 327 1307 352 τὸν
1323 325 1435 360 σεισμὸν
1450 324 1501 351 ὑπὸ
1519 324 1568 358 τῆς
1584 323 1705 359 χαλάζης
1719 322 1840 349 ἀπόλλυ-

1049 375 1126 406 σθαι,
1144 374 1205 405 τοὺς
1217 374 1239 400 δ’
1254 371 1287 399 αὖ
1306 372 1385 398 πάλιν
1404 371 1453 406 τὴν
1472 370 1590 406 χάλαζαν
1606 370 1742 396 ἐκκλίνειν
1754 369 1840 395 σπεύ-

1048 420 1144 452 δοντας
1158 419 1210 446 ὑπὸ
1225 419 1272 446 τοῦ
1290 417 1401 453 σεισμοῦ
1419 415 1656 450 καταψθείρεσθαι.

1089 467 1133 498 Ὠς
1148 466 1176 492 δὲ
1184 465 1230 492 καὶ
1245 463 1377 491 ἐπὶτοῦτο
1388 463 1492 497 ἔμεινεν
1501 462 1547 488 ἁδυ
1552 460 1686 496 σώπητος,
1697 462 1732 496 τῇ

1048 513 1079 539 τὸ
1091 511 1219 539 Νειλώῖον
1233 509 1305 545 ὕδωρ
1322 507 1449 540 ἐπάταξε,
1463 507 1511 533 καὶ
1524 507 1573 540 τὴν
1591 506 1729 540 Αἴγυπτον
1747 505 1840 540 πλημ-

1051 559 1174 595 μυρήσας
1183 556 1332 591 ὁποταμὸς,
1350 554 1447 590 μικροῦ
1459 554 1513 580 δεῖν
1527 554 1616 580 πᾶσαν
1625 552 1789 583 ἐπέκλυσεν,
1802 552 1838 584 ὡς

1050 605 1142 631 ἔκτοτε
1155 605 1219 639 ἄχρι
1236 603 1282 629 τοῦ
1300 602 1347 630 νῦν
1362 601 1494 628 ποιεῖσθαι
1510 600 1589 626 αὐτὸν
1604 599 1652 634 τὴν
1673 598 1836 625 κατάϐασιν.

1056 652 1084 678 '0
1097 650 1161 685 γοῦν
1185 648 1294 684 Φαραὼ,
1314 648 1376 679 τοὺς
1391 647 1460 682 ὑπὲρ
1482 646 1592 681 Μέμφιν
1618 646 1700 680 ἱερεῖς
1718 652 1840 680 προσκαε

1050 697 1208 732 λεσάμενος,
1219 695 1366 730 ἠπείλησεν
1379 693 1475 724 αὐτούς
1485 701 1513 718 τε
1527 693 1573 718 καὶ
1589 691 1692 722 πάντας
1707 691 1773 721 τοὺς
1787 690 1839 716 τῶν

1050 741 1165 768 εἰδώλων
1180 740 1339 775 ἐξαφανίσαι
1357 739 1466 774 σηκοὺς,
1483 739 1506 764 εἰ
1523 737 1560 773 μὴ
1576 736 1614 772 τῷ
1629 737 1733 771 Μωῡσῇ
1752 744 1841 770 παρα-

1051 787 1172 823 πλησίως
1200 785 1454 822 τερατουργήσειαν.
1479 784 1509 810 Οί
1538 784 1583 814 δὲ,
1610 784 1670 814 ταῖς
1700 782 1841 812 εὶωθυίαις

1051 834 1188 869 γοητείαις
1205 833 1381 869 χρησάμενοι,
1397 831 1546 866 δράκοντας
1558 829 1682 864 ἐξέρπειν
1696 828 1842 862 ³εποίηιιιάν,

221 889 276 908 rem
293 885 441 913 mutarunt,
458 882 494 908 ita
514 886 542 909 ut
561 882 722 910 hisinﬂatus
735 882 851 913 Pharao.
874 883 1001 911 maximis

1056 878 1099 904 καὶ
1115 877 1160 904 τὸν
1178 877 1296 912 ποταμὸν
1313 876 1421 912 δοκήσει
1436 875 1620 911 μετέχρωσαν,
1637 874 1675 906 ὡς
1689 875 1722 900 ὲκ
1743 873 1841 899 τούτου

219 928 359 962 suppliciis
372 927 480 955 Judreos
492 927 622 962 olfecerit;
634 933 660 956 et
670 929 774 964 Moyses
787 929 883 956 baculo
895 930 1001 964 pulsata

220 977 303 1003 terra,
319 973 419 999 alatum
438 973 538 1000 animal
560 974 697 1008 produxit,
719 975 789 1009 quod
811 975 1001 1010 [Egyptiorum

219 1019 340 1046 insidens
355 1020 515 1054 corporibus
531 1021 662 1055 operosis,
678 1021 853 1056 molestisque
864 1021 1001 1048 ulceribus

219 1064 397 1100 defatigabat,
428 1065 463 1092 ita
487 1070 516 1092 ut
541 1066 737 1095 medicamenta
762 1067 863 1094 nullam
889 1070 1002 1102 possent

220 1110 315 1139 aﬂ'crrc
328 1112 481 1143 utilitatem.

254 1198 289 1226 Ut
305 1203 331 1226 et
347 1199 373 1226 in
391 1199 442 1226 hac
455 1200 531 1235 plaga
548 1199 654 1227 Pharao
671 1201 814 1227 induratus
832 1204 874 1228 est
892 1201 923 1233 ”,
940 1204 1002 1227 lan-

217 1242 279 1269 dem
305 1244 499 1278 primogenitos
520 1245 602 1272 totius
629 1245 739 1280 Ailgypti
768 1250 853 1273 morte
880 1246 999 1273 delevit:

219 1297 303 1323 quare
315 1290 415 1325 ingenti
433 1291 504 1321 luctu
517 1291 635 1327 Egypto
647 1295 778 1326 occupata
791 1300 806 1319 e
818 1296 890 1319 terra
907 1300 1002 1319 omnes

218 1332 324 1361 Pharao
335 1334 442 1363 Judzeos
454 1336 555 1368 emisit,
570 1338 615 1372 qui
632 1338 743 1364 multam
766 1338 836 1364 viam
853 1338 999 1373 progressi,

220 1378 430 1415 fluminibusque
450 1382 555 1409 Arabim
570 1383 700 1417 trajectis,
721 1383 800 1410 tertia
814 1383 857 1411 die
884 1384 910 1410 in
927 1392 1002 1412 mare

220 1423 342 1454 Rubrum
362 1429 535 1455 conveniunt.
559 1427 612 1455 Sed
644 1428 699 1455 Deo
721 1437 768 1456 cor
792 1429 944 1457 Pharaonis
959 1430 1001 1456 in-

219 1469 343 1503 duranle,
356 1480 453 1501 rursus
481 1473 612 1509 (Egyptii,
644 1475 841 1508 prwteritorum
867 1476 1001 1503 malorum

218 1516 306 1549 obliti,
324 1526 384 1545 cum
402 1518 689 1547 Pharaouclsraclitas
714 1522 948 1556 persequebantur
968 1522 999 1549 ¹’”.

1053 924 1210 958 τυφωθέντα
1231 922 1276 949 τὸν
1295 921 1394 957 Φαραὼ
1412 921 1531 957 τιμωρίᾳ.
1549 921 1664 957 μεγίστῃ
1686 920 1752 951 τοὺς
1777 920 1842 946 Ἰου-

1051 970 1142 1001 δαίους
1161 969 1315 996 ὑποϐαλεῖν.
1335 968 1391 994 Καὶ
1412 968 1426 993 ὁ
1440 967 1569 1000 Μωῡσῆς,
1583 967 1615 1001 τῇ
1631 965 1722 1001 ῥάϐδῳ
1740 965 1842 996 παίσας

1051 1016 1100 1051 τὴν
1113 1016 1173 1050 γῆν,
1186 1015 1285 1050 πτηνόν
1298 1023 1324 1041 τι
1335 1014 1403 1045 ζῶον
1415 1012 1561 1048 ἐξερπύσαι
1574 1012 1656 1047 αὐτὴν
1668 1010 1842 1047 παρεσκεύα-

1052 1070 1108 1094 σεν,
1137 1062 1205 1096 ὅπερ
1227 1062 1281 1092 τοῖς
1306 1059 1427 1094 σώμασιν
1457 1059 1581 1093 ὲιριζάνον
1602 1058 1656 1084 τῶν
1682 1057 1841 1091 Αἰγυπτίων

1052 1107 1180 1138 ἐλκώσεις
1191 1106 1305 1142 ἀνιαρὰς
1316 1106 1406 1137 αὐτοῖς
1420 1105 1573 1140 παρείχετο,
1587 1104 1624 1136 ὡς
1640 1103 1779 1139 μηδεμίαν
1793 1102 1841 1138 τὴν

1053 1153 1177 1190 ἰατρικὴν
1192 1153 1303 1188 ποιῆσαι
1320 1152 1423 1183 τούτοις
1436 1151 1595 1186 ἐπικουρίαν
1610 1148 1752 1176 δύνασθαι.

1092 1201 1134 1231 Ὠς
1147 1200 1175 1226 δὲ
1201 1199 1246 1225 καὶ
1269 1198 1315 1225 ἐπὶ
1325 1198 1375 1232 τῆς
1402 1197 1530 1232 μάστιγος
1550 1196 1650 1230 ταύτης
1667 1193 1840 1229 ὲσκληρὺνθη

1050 1246 1158 1283 Φαραὼ,
1171 1245 1322 1272 τελευταῖον
1338 1243 1443 1278 θανάτῳ
1458 1242 1491 1269 τὰ
1510 1242 1669 1278 πρωτότοκα
1688 1241 1739 1275 τῆς
1760 1238 1840 1273 Αἰγύ-

1050 1300 1118 1318 πτου
1134 1291 1223 1326 πάσης
1240 1289 1367 1316 ὑπέϐαλε.
1384 1289 1438 1315 Καὶ
1446 1288 1560 1319 πένθους
1573 1286 1707 1313 ἐπὶτοῦτο
1721 1285 1840 1321 ἀμέτρου

1052 1338 1248 1368 καταλαϐόντος
1263 1337 1312 1372 τὴν
1324 1336 1471 1370 Αἴγυπτον,
1485 1334 1538 1360 ἀπὸ
1551 1333 1600 1368 τῆς
1611 1332 1703 1368 χώρας
1714 1330 1838 1365 παγγενῆ

1052 1384 1154 1415 πάντας
1170 1384 1184 1410 ὁ
1195 1382 1294 1418 Φαραὼ
1306 1383 1368 1413 τοὺς
1387 1381 1529 1412 Ἰουδαίους
1546 1379 1681 1413 ἐξέπεμψε
1692 1387 1699 1393 ·
1718 1377 1766 1404 καὶ
1779 1376 1840 1403 πολ-

1051 1429 1099 1465 λὴν
1115 1425 1188 1456 οὗτοι
1203 1429 1262 1455 ὁδὸν
1281 1427 1463 1458 διανύσαντες,
1482 1426 1528 1453 καὶ
1547 1426 1609 1456 τοὺς
1637 1423 1767 1459 Ἀραϐίας
1783 1423 1839 1448 δια-

1052 1475 1147 1507 ϐάντες
1163 1476 1310 1510 ποταμοὺς,
1326 1475 1439 1510 τριταῖοι
1463 1473 1509 1499 ἐπὶ
1523 1472 1572 1508 τὴν
1589 1470 1721 1506 Ἐρυθρὰν
1741 1469 1838 1495 θάλαττα

1053 1532 1102 1549 σαν
1120 1523 1308 1558 παρεγένοντο.
1321 1521 1374 1547 Τοῦ
1395 1521 1423 1547 δὲ
1437 1519 1504 1546 Θεοῦ
1524 1519 1572 1554 τὴν
1591 1518 1704 1553 καρδίαν
1721 1514 1840 1550 σκληρύ-

218 1571 311 1595 ναντος
328 1564 375 1590 τοῦ
398 1565 506 1601 Φαραὼ,
523 1566 602 1593 πάλιν
616 1567 640 1593 οἰ
660 1567 801 1601 Αἰγύπτιοι
818 1569 1008 1605 ἐπιλησοὲντες
1028 1570 1081 1597 τῶν
1107 1570 1296 1607 προλαϐόντων
1321 1568 1424 1600 κακῶν,
1443 1568 1506 1598 τοὺς
1534 1565 1703 1601 Ἰσραηλίτας
1729 1563 1789 1598 ἅμα
1804 1561 1841 1596 τῷ

217 1609 315 1645 Φαραὼ
336 1611 492 1638 ἐπεδίωκον.

255 1657 388 1685 Creterum
403 1667 483 1686 nemo
495 1659 662 1688 Pharaonem
683 1661 710 1688 in
727 1669 815 1688 rerum
836 1663 1001 1697 agendarum

219 1707 357 1737 stuporem
370 1712 385 1730 a
397 1704 451 1732 Deo
476 1705 500 1732 vi
514 1710 637 1732 coactum
666 1706 765 1741 impelli
782 1707 934 1740 existimet;
961 1711 1002 1735 et—

219 1748 291 1774 enim
304 1747 387 1775 Deum
402 1749 425 1776 is
441 1750 581 1784 injustitia:
595 1756 715 1783 accusat,
733 1752 796 1778 dum
805 1752 887 1779 dicit:
904 1752 932 1780 Si
945 1754 1002 1788 ipse

219 1800 261 1822 est
277 1795 322 1830 qui
339 1803 387 1822 cor
404 1796 524 1827 indurat,
539 1801 570 1823 ut
592 1797 658 1831 quid
683 1798 808 1825 indurato
840 1800 1003 1827 succenset?

220 1841 318 1869 Verum
335 1842 413 1874 sciat,
434 1842 483 1869 has
501 1843 640 1878 plagarum
669 1843 794 1872 inducias
820 1846 941 1880 stuporis
962 1846 1002 1873 illi

220 1895 331 1915 causam
352 1888 453 1922 fuisse;
468 1896 529 1915 cum
545 1890 616 1916 enim
632 1890 658 1916 in
675 1898 735 1916 eum
749 1891 841 1926 plagas
858 1891 1001 1923 inferebat,

221 1934 350 1969 populum
363 1935 498 1962 dimitlerc
512 1936 697 1969 promittebat;
715 1945 805 1963 verum
824 1938 867 1964 ubi
895 1945 910 1964 a
938 1945 1004 1973 sup—

221 1980 310 2013 pliciis
325 1981 488 2013 abstinebat,
509 1981 554 2008 ille
575 1981 773 2016 indui-aluntur;
792 1983 843 2010 hoc
866 1984 950 2015 enim,
976 1987 1003 2011 et

220 2026 310 2052 verbis
325 2026 390 2060 ipsis
406 2026 546 2061 Scriptura
559 2028 637 2055 nobis
662 2029 792 2061 insinuat,
815 2037 875 2056 cum
903 2031 941 2056 ait
955 2031 977 2046 ¹³
993 2038 1001 2056 :

228 2070 322 2098 Videas
337 2077 423 2099 autem
441 2073 557 2104 Pharao,
574 2074 642 2108 quod
658 2074 729 2108 facta
756 2080 822 2102 esset
852 2076 1001 2110 respiratio,

223 2119 373 2152 aggravavit
384 2127 429 2145 cor
442 2127 529 2151 suum,
539 2124 563 2145 et
578 2128 629 2146 non
644 2120 742 2146 audivit
758 2129 812 2152 eos,
825 2122 892 2148 sicut
902 2121 1003 2148 loculus

220 2169 260 2191 est
269 2165 411 2196 Dominus;
426 2169 452 2192 et
464 2165 486 2180 ¹⁶
499 2165 546 2192 :In
560 2165 607 2192 hoc
618 2166 702 2200 ipsum
714 2167 824 2194 excitavi
837 2172 869 2200 te,
880 2172 907 2194 ut
923 2172 1005 2195 osten-

221 2211 284 2238 dam
297 2212 323 2241 in
341 2217 363 2238 te
377 2217 459 2242 totum
474 2212 554 2242 robur
570 2221 665 2241 meum.

221 2298 226 2303 ’
258 2302 323 2336 Quae
339 2302 403 2330 dum
420 2303 509 2336 audis,
524 2312 589 2331 cave
601 2304 629 2331 id
649 2304 720 2331 malo
749 2312 831 2332 sensu
857 2304 1002 2339 percipias,

1086 1660 1189 1696 Μηδεὶς
1212 1659 1240 1685 δὲ
1255 1657 1378 1692 ὑπολάϐῃ
1402 1657 1447 1683 τὸν
1466 1654 1565 1691 Φαραὼ
1579 1654 1632 1680 ὑπὸ
1653 1653 1701 1684 τοῦ
1716 1652 1786 1679 Θεοῦ
1803 1653 1840 1684 είς

1052 1707 1228 1742 ἀναισθησίαν
1252 1706 1305 1732 τῶν
1326 1704 1518 1740 πραττομένων
1536 1704 1632 1738 χωρεῖν
1648 1701 1838 1732 ἐκϐιάζεσθαι·

1053 1753 1157 1786 ἀδικίας
1170 1752 1225 1788 γὰρ
1243 1752 1307 1784 ἴσως
1322 1751 1369 1778 τοῦ
1384 1750 1450 1776 Θεοῦ
1462 1750 1476 1775 ὁ
1490 1748 1608 1779 τοιοῦτος
1624 1747 1840 1781 καταψηφίζεται

1053 1802 1178 1835 φάσκων·
1195 1800 1225 1825 El
1239 1798 1320 1829 αὐτὸς
1335 1796 1479 1832 σκληρύνει
1492 1795 1539 1830 τὴν
1552 1794 1675 1830 καρδίαν,
1690 1794 1717 1819 τί
1736 1793 1839 1829 μέμῳε-

1052 1855 1097 1873 ται
1113 1846 1151 1881 τῷ
1175 1844 1399 1880 σκληρυνομένηη
1421 1841 1501 1868 Ἀλλὰ
1518 1840 1686 1874 γινωσκέτω,
1702 1840 1746 1866 ὅτι
1762 1839 1839 1874 ἁνοχὴ

1052 1892 1106 1918 τῶν
1132 1890 1269 1927 μαστίγων
1293 1889 1368 1918 αίτία
1384 1889 1432 1924 τῆς
1453 1887 1607 1923 πωρώσεως
1623 1885 1698 1920 αὺτῷ
1723 1885 1838 1920 ἐγίνετο·

1053 1939 1132 1973 ἡνίκα
1151 1937 1205 1973 γὰρ
1223 1937 1325 1971 ἐπῆγεν
1349 1936 1391 1962 ἐπ’
1403 1935 1483 1961 αὑτὸν
1506 1934 1554 1964 τὰς
1579 1932 1696 1967 πληγὰς,
1714 1931 1840 1958 ἀπολύειν

1052 1985 1098 2011 τὸν
1114 1984 1177 2010 λαὸν
1192 1982 1372 2018 ἐπηγγείλατο
1383 1989 1391 1997 ·
1410 1981 1491 2016 ἡνίκα
1506 1980 1534 2006 δὲ
1549 1979 1624 2014 ἠφίει
1642 1978 1695 2004 τῶν
1717 1978 1839 2013 βασάνων

1053 2030 1143 2061 αὑτὸν,
1168 2028 1359 2064 ἐσκληρύνετο·
1376 2027 1453 2056 τοῦτο
1467 2026 1520 2061 γὰρ
1533 2025 1579 2051 ἐπὶ
1599 2024 1699 2056 λέξεως
1715 2023 1839 2058 σημαίνει

1054 2076 1100 2101 καὶ
1115 2076 1131 2110 ἠ
1143 2075 1238 2110 Γραφὴ
1250 2074 1377 2107 λέγουσα”
1394 2072 1520 2105 Ἰδὼνβὲ
1531 2070 1644 2104 Φαραὼ,
1657 2070 1702 2097 ὅτι
1720 2070 1840 2104 γέγονεν

1053 2121 1214 2155 ἀνάφυξις,
1234 2120 1359 2154 ἐϐάρυνε
1373 2120 1430 2152 τὴν
1453 2118 1580 2152 καρδίαν
1594 2116 1698 2148 αὐτοῦ,
1723 2116 1774 2142 καὶ
1790 2117 1839 2142 οὐκ

1053 2166 1235 2199 εὶσήκοιισεν
1252 2165 1360 2196 αὐτῶν,
1383 2163 1514 2196 καθάπερ
1524 2163 1676 2196 ἐλάλησεν·
1691 2163 1707 2188 ὁ
1724 2162 1838 2195 Κύριος·

1055 2213 1112 2245 ml,
1125 2214 1176 2245 Εὶς
1186 2212 1258 2238 αὐτὸ
1267 2211 1354 2238 τοῦτο
1366 2209 1504 2244 ἐξήγειρά
1514 2217 1561 2241 σε,
1574 2208 1654 2240 ὅπως
1665 2207 1840 2241 ἐνδείξωμαι

1058 2259 1094 2290 ἐν
1108 2259 1158 2286 σοὶ
1171 2259 1275 2286 πᾶσαν
1290 2257 1347 2290 τὴν
1359 2257 1488 2291 δύναμιν
1497 2265 1567 2290 μου.

1096 2304 1164 2331 Ἀλλ’
1179 2303 1284 2330 ἀκούων
1300 2304 1335 2338 μὴ
1353 2303 1500 2338 δυσφήμως
1519 2301 1668 2337 ὑπολάϐῃς,
1682 2300 1782 2334 λέγων·
1796 2299 1840 2325 Διά

221 2348 314 2376 dicens
331 2358 337 2376 :
353 2348 426 2382 Quas
441 2350 476 2377 ob
493 2357 591 2378 causas
602 2358 650 2377 eos
667 2350 744 2385 punit
769 2350 845 2385 prius
868 2351 939 2380 illos,
972 2353 1000 2376 ut

1056 2351 1244 2386 τίτιμωρείται
1255 2350 1361 2381 αὐτοὺς,
1375 2349 1530 2383 ἀντιστῆναι
1543 2347 1615 2382 αὐτῷ
1627 2346 1840 2382 παρασκευάζων

221 2394 273 2421 sibi
291 2395 409 2426 obstent,
424 2395 599 2430 praeparans?
618 2403 702 2430 quare
718 2395 857 2429 vapulant,
876 2396 898 2422 si
911 2396 945 2422 ab
961 2395 1002 2422 in-

218 2441 324 2475 justitia
339 2441 409 2469 Deus
421 2442 567 2469 abhorret?
579 2442 631 2469 Sed
644 2441 713 2469 scito
726 2442 853 2476 primum,
863 2449 922 2476 qua:
930 2441 1002 2476 apud

223 2486 390 2522 Scripturam
399 2489 538 2516 adversari
547 2489 598 2516 sibi
609 2489 745 2520 videntur,
757 2496 810 2516 non
818 2488 999 2521 discursibus,

220 2535 268 2566 sed
284 2535 414 2569 exemplis
425 2535 598 2562 dissolvenda
611 2543 683 2563 esse.

257 2579 490 2612 Quemadmodum
507 2582 579 2608 enim
593 2582 758 2609 medicorum
778 2580 872 2616 optimi
889 2581 936 2615 qui
951 2581 1003 2608 hu-

222 2634 304 2654 mano
323 2628 415 2662 generi
435 2628 578 2655 commodo
604 2628 769 2662 utilitatique
794 2635 855 2655 esse
883 2628 1004 2661 student,

222 2672 330 2701 decreto
344 2673 438 2700 ultimo
453 2674 533 2701 morti
549 2674 677 2701 subactos
690 2675 904 2708 expostulantes.
920 2682 967 2702 eos
978 2675 1005 2702 in

222 2719 344 2746 membra
357 2720 490 2753 incidunt,
508 2725 537 2747 ut
550 2728 597 2755 per
613 2720 692 2747 morti
709 2721 855 2753 obnoxios,
880 2721 1006 2748 homines

224 2763 342 2795 fructum
358 2765 474 2800 aliquem
488 2770 690 2801 consequantur
706 2775 713 2793 :
740 2767 780 2795 sic
804 2767 874 2795 Deus
897 2773 1005 2794 omnem

263 2855 283 2870 “
301 2854 384 2885 EIod.
402 2863 450 2883 xu.

491 2855 510 2871 “
524 2855 608 2883 5x01.
635 2864 686 2888 νγ.
727 2857 747 2871 ¹⁸
759 2855 844 2887 Exod.
862 2863 920 2883 Ylil.

1055 2397 1152 2428 αὑτόν;
1171 2396 1213 2422 διὰ
1227 2396 1252 2422 τί
1274 2395 1381 2426 τύπτει,
1403 2396 1427 2421 εἰ
1443 2395 1492 2420 οὐκ
1507 2394 1578 2420 ἔστιν
1604 2392 1696 2419 ἀδικία
1714 2392 1793 2428 παρὰ
1806 2391 1840 2426 τῷ

1054 2443 1113 2477 Θεῷ
1124 2451 1130 2475 ;
1148 2443 1227 2469 Ἀλλὰ
1239 2442 1394 2476 γινωσκέτω
1406 2441 1523 2476 πρῶτον,
1538 2441 1578 2467 ὃτι
1588 2439 1622 2466 τὰ
1633 2438 1767 2465 δοκοῦντα
1777 2436 1840 2464 εἶναι

1055 2489 1249 2523 ἁντιλεγόμενα
1277 2487 1351 2524 παρὰ
1366 2489 1399 2522 τῇ
1426 2487 1530 2523 Γραφῇ,
1550 2486 1581 2512 οὐ
1603 2485 1757 2520 λογισμοῖς,
1779 2484 1841 2510 ibi

1054 2536 1255 2570 παραδείγμασι
1269 2535 1370 2561 λύεται.

1092 2583 1196 2618 Ὥσπερ
1206 2582 1259 2617 γὰρ
1271 2582 1294 2607 οἱ
1304 2582 1406 2616 ἄριστοι
1415 2580 1468 2606 τῶν
1480 2579 1588 2614 ἰατρῶν,
1602 2577 1741 2612 ὠφέλιμόν
1751 2585 1778 2603 τι
1786 2577 1841 2603 ὲπι-

1053 2628 1149 2663 νοῆσαι
1164 2629 1196 2662 τῇ
1219 2626 1374 2662 ἀνθρωπίνῃ
1392 2626 1470 2660 φύσει
1490 2624 1694 2655 σπουδάζοντες,
1717 2623 1782 2653 τοὺς
1795 2621 1839 2648 θα-

1055 2675 1150 2709 νατικῇ
1164 2673 1299 2706 ἀποφάσει
1325 2671 1524 2707 ὑποϐληθέντας
1538 2669 1715 2704 αἰτησάμενοι
1732 2667 1840 2702 ἀνατέμρ

1055 2729 1156 2747 νουσιν.
1169 2719 1212 2745 ἵνα
1226 2719 1268 2745 διὰ
1280 2719 1334 2744 τῶν
1351 2717 1484 2744 ὑποδίκων
1495 2716 1532 2751 τῷ
1545 2716 1651 2750 θανάτῳ
1662 2714 1804 2749 ὠφέλιμόν
1815 2721 1838 2739 τι

1056 2768 1112 2798 τοῖς
1127 2765 1277 2802 ἀνθρώποις
1294 2765 1454 2801 ὲφεύρωσινν
1468 2763 1554 2795 οὓτως
1570 2764 1584 2789 ὁ
1599 2764 1688 2789 πᾶσαν
1703 2760 1839 2797 ἀνθρωπί-

960 2855 981 2871 ¹⁶
995 2854 1082 2884 Exod.
1100 2863 1137 2883 rx.
