1909 3071
70 93 124 122 'i'S‘J

557 95 693 124 SPUBIA.
713 111 746 116 —
765 94 946 138 COMMENT.
962 94 996 122 IN
1015 94 1262 123 HEXAEMERON.

1665 97 1716 126 790

71 161 121 188 νην
138 151 246 186 σοφίαν
266 152 447 189 ὑπερϐαίνων
463 153 528 185 Θεὸς
542 154 586 181 διὰ
603 153 650 180 τοῦ
671 153 779 180 ἀνίατον
797 156 875 190 ἡμαρ

936 154 1083 181 humanam
1118 154 1278 188 sapientiam
1312 162 1466 190 superans,
1492 163 1541 191 per
1572 164 1633 184 eum
1669 159 1715 192 qui

70 196 191 233 τηκότος
218 198 336 233 Φαραὼ
360 200 461 234 σημεῖα
489 200 593 234 μεγάλα
616 200 744 230 δείκνυσι.
764 200 809 227 τὸν
835 201 883 236 μὲν

71 243 149 275 ἄξιον
177 245 334 279 τιμωρίας
350 244 480 277 κολάζων,
498 246 560 276 τοὺς
579 245 608 272 δὲ
632 246 700 280 μετὰ
722 246 808 273 ταῦτα
821 255 882 281 γεν-

71 286 217 322 νωμένους
235 288 419 325 θεραπεύων,
441 290 576 326 σωτηρίας
595 290 722 318 ὑπόθεσιν
737 291 786 328 τὴν
801 291 883 319 αὐτοῦ

70 333 216 369 τιμωρίαν
231 335 338 367 αὐτοῖς
350 336 542 372 παρεχόμενος.

106 424 293 458 Συναγαγὼν
312 422 359 452 οὖν
379 426 468 453 πᾶσαν
481 426 532 463 τὴν
547 426 660 461 δύναμιν
678 427 692 453 ὁ
707 426 815 462 Φαραὼ,
835 427 882 463 ἂρ-

74 478 148 504 ματα
173 470 229 504 μὲν
254 470 399 503 διακόσια,
433 471 538 499 ἱππέων
564 472 593 498 δὲ
620 473 752 508 μυριάδας
768 477 803 506 κ’,
821 474 883 506 τοὺς

79 515 263 551 Ἰσραηλίτας
291 518 414 544 ἐδίωκεν.
432 519 462 544 Οἱ
481 518 519 549 δὲ,
537 519 718 554 διαιρεθείσης
737 519 788 555 τῆς
804 520 882 555 Ἐρυ-

73 562 143 598 θρᾶς
174 562 331 599 θαλάσσης
359 563 411 590 ὑπὸ
424 564 571 596 Μωϋσέως,
598 565 788 600 προστάγματι
813 565 880 592 Θεοῦ

75 608 265 642 ἐπορεύοντο·
286 609 337 635 καὶ
357 608 499 643 Αἰγύπτιοι
524 610 637 636 κατόπιν
652 610 740 637 αὐτῶν
760 610 883 637 ἐλαύνον-

75 661 119 685 τες
134 653 409 690 κατεποντώθησαν,
421 656 453 689 τῇ
471 654 561 690 ῥάϐδῳ
580 655 627 682 τοῦ
643 656 780 688 Μωῡσέως
795 656 882 683 πατάη

77 698 184 732 ξαντος,
199 700 253 726 καὶ
266 701 470 734 συναγαγόντος
480 701 514 727 τὰ
529 701 622 728 ὕδατα.

110 746 150 780 Τῇ
169 745 194 771 δ’
208 745 351 782 ὑστεραίᾳ
363 745 505 782 ήμέρξιπεά
521 747 589 773 ὅπλα
604 747 659 774 τῶν
674 748 828 782 Αἰγυπτίων
842 749 881 785 τῷ

77 790 176 826 πλήθει
187 791 247 818 τῶν
269 793 405 829 Ἐϐραίων
417 794 586 829 προσήνεγκε
603 794 632 820 τὸ
647 794 717 830 ὕδωρ
729 795 880 829 ὠθούμενον

76 837 129 864 ὑπὸ
142 838 192 864 τοῦ
211 838 384 873 πνεύματος.
397 839 452 865 Καὶ
464 840 477 865 ὁ
489 839 607 875 Μωῡσῆς
619 841 730 872 εἰκάσας
744 842 790 868 καὶ
802 841 880 868 τοῦτο

77 885 108 919 τῇ
125 884 174 911 τοῦ
191 883 268 911 Θεοῦ
288 884 452 920 γεγενῆσθαι
467 886 589 921 προνοίᾳ,
600 886 741 914 ἐκέλευσεν
754 887 822 914 αὐτὰ
833 896 881 914 πο-

79 930 223 965 ρίσασθαι,
248 931 329 962 ὅπως
348 931 384 967 μὴ
404 929 458 958 εἶεν
479 931 597 958 ἄνοπλοι.
616 933 801 966 Ἀφικνοῦνται
815 934 880 968 γοῦν

79 977 117 1008 εις
128 976 179 1011 τὴν
191 976 204 1002 ἔ
209 986 246 1013 ρη
252 985 315 1012 μον.

112 1021 170 1048 Καὶ
185 1021 200 1048 ὁ
223 1022 394 1057 Ῥαγουῆλος
409 1022 456 1049 καὶ
478 1022 569 1058 Ἰοθὼρ
584 1023 725 1059 (διώνυμος
735 1022 788 1059 γὰρ
800 1023 880 1059 ἐτύγ-

79 1067 170 1103 χανεν)
182 1069 347 1102 ἀφικνεῖται
358 1068 426 1104 πρὸς
436 1068 480 1095 τὺν
487 1069 616 1105 Μωῦσῆν,
626 1070 793 1105 ἑπαγόμενος
807 1070 880 1106 αὐτῷ

80 1113 126 1148 τὴν
133 1115 259 1146 γυναῖκα
273 1114 322 1140 καὶ
336 1114 399 1144 τοὺς
406 1113 479 1145 υἱούς
490 1122 496 1129 ·
508 1114 555 1140 καὶ
565 1113 656 1149 μαθὼν
666 1115 755 1141 πᾶσαν
763 1116 827 1151 παρ’
833 1116 881 1142 αὐ-

80 1157 125 1185 τοῦ
149 1158 202 1194 τὴν
220 1159 289 1185 κατ’
311 1159 467 1193 Αἰγυπτίων
489 1159 535 1185 τοῦ
558 1158 625 1185 Θεοῦ
650 1158 878 1195 θαυματουργίαν,

82 1204 259 1240 κατεπλάγη,
278 1204 328 1231 καὶ
346 1203 453 1237 ὲδόξασε
469 1205 514 1231 τὸν
535 1205 610 1232 Θεόν.
626 1203 680 1232 Ἦν
697 1205 725 1231 δὲ
741 1203 827 1239 οὗτος,
842 1205 880 1238 ὥς

82 1259 156 1284 φασι,
180 1250 231 1278 τοῦ
256 1251 385 1287 Ἀὁραὰμ
400 1252 541 1286 ἀπόγονος,
561 1251 590 1285 ἐξ
612 1252 670 1284 ἐνὸς
693 1252 747 1279 τῶν
764 1253 796 1279 ἐκ
810 1254 879 1280 Χετ-

83 1297 180 1331 τόιιρας
209 1298 400 1333 γεννηθέντων
414 1298 487 1333 αὐτῷ
502 1299 622 1333 τεχθείς·
638 1299 669 1326 ἐκ
691 1299 745 1334 γὰρ
759 1298 806 1326 τοῦ
830 1300 878 1326 Ἰε-

83 1342 131 1374 ζὰν
154 1343 271 1378 ἐγένετο
300 1344 395 1377 Δάδαν,
423 1345 565 1380 Ῥαγουὴλ,
588 1345 680 1381 ’Ῑοθὼρ
717 1346 764 1372 καὶ
784 1345 877 1373 Ὀσάϐ.

84 1387 182 1421 Δεξιῶς
198 1386 248 1415 οὖν
275 1389 356 1415 αὑτὸν
374 1389 638 1424 φιλοφρονησάμενος
662 1390 676 1416 ὁ
691 1390 820 1424 Μωῡσῆς,
838 1391 879 1421 είς

84 1435 145 1465 τώς
160 1435 286 1466 οἰκείους
301 1435 400 1466 τόπους
414 1435 599 1470 προέπεμψεν.

119 1482 206 1514 Αὐτὸς
224 1482 253 1508 δὲ
271 1482 370 1513 πολλὰς
391 1482 458 1517 πρὸς
472 1483 502 1508 τὸ
517 1483 649 1518 χρήσιμον
667 1483 723 1513 τοῖς
745 1482 878 1518 Ἑϐραίοις
890 1494 911 1524 c

86 1526 275 1563 νομοθετήσας
288 1528 301 1553 ό
317 1527 437 1561 Μωῡσῆς
452 1527 619 1563 ἐτελεύτησε,
639 1527 738 1562 βιώσας
753 1528 798 1564 ἐτη
817 1528 874 1564 px“

86 1575 130 1601 καὶ
154 1573 257 1609 Ἰησοῦς
274 1574 288 1599 ὁ
304 1573 382 1609 Νιυῆ
397 1574 446 1609 τὴν
460 1573 606 1608 ἠγεμονίαν
620 1573 701 1600 αὑτοῦ
717 1574 875 1609 διαδέχεται,

87 1619 131 1645 καὶ
148 1619 242 1653 ἐξάγει
271 1620 319 1654 τῆς
336 1620 438 1655 ἐρήμου
451 1619 495 1646 τὸν
512 1620 585 1652 λαὸν,
599 1619 646 1654 ἐτη
661 1620 686 1655 μ’
703 1620 730 1646 ὲν
741 1620 812 1655 αὐτῇ,
819 1621 876 1647 δια-

87 1664 229 1700 τρίψαντα,
251 1666 295 1700 ego”
309 1663 343 1700 ἦς
357 1665 395 1692 ἔτι
409 1666 445 1692 τὰ
471 1665 530 1700 ἴχνη
543 1665 592 1700 τῆς
617 1667 801 1702 κατοικήσεως
823 1667 877 1693 τῶν

94 1711 224 1738 Ἰουδαίων
240 1711 367 1744 σώζεται.
381 1713 411 1738 Οἱ
426 1712 480 1747 γὰρ
493 1712 571 1747 χάριν
587 1712 707 1747 ἱστορίας
718 1714 774 1744 τοῖς
784 1713 876 1744 τόποις

90 1755 317 1791 ἐπιδημήσαντες,
334 1756 388 1782 τῶν
406 1756 512 1791 σκηνῶν
533 1757 633 1788 τύπους
649 1756 689 1783 ἔτι
717 1757 876 1784 συνεστάναι

89 1801 243 1836 διηγοῦνται
268 1803 363 1838 μυρίον
396 1802 515 1838 πλήθους
535 1802 709 1838 ὑπαρχούσας
746 1802 877 1838 [ﬁdi-cap-

91 1846 253 1884 χουσῶν],τ6
263 1855 294 1875 τε
324 1849 428 1874 Σιναῖον
442 1848 504 1883 ὅρος
519 1848 686 1884 θεωρεῖσθαι,
712 1849 775 1884 παρ’
787 1846 809 1882 ᾧ
824 1849 875 1881 τὰς

92 1891 250 1925 νομοθεσίας
276 1895 291 1920 ὁ
308 1893 430 1928 Μωῡσῆς
453 1892 560 1929 εἴληφε,
581 1894 628 1919 καὶ
656 1893 760 1920 ἕκαστα
773 1892 827 1919 τῶν
847 1893 876 1919 ὲν

95 1935 126 1969 με
131 1945 169 1970 ρει
186 1938 447 1975 ἀναγεγραμμένων.

125 1983 259 2018 Ζητητέον
278 1984 315 2010 δέ·
327 1985 358 2010 05
379 1984 498 2020 Ἑϐραῖοι
514 1984 542 2010 ἐν
557 1985 589 2019 τῇ
605 1983 734 2018 Αἰγύπτῳ
747 1983 876 2020 παρῴκη-

95 2034 140 2052 σαν
153 2027 197 2064 ἔτη
212 2033 234 2055 υ¹
244 2030 291 2056 καὶ
303 2029 334 2061 λ’,
348 2029 396 2055 καὶ
409 2030 468 2065 οὐχὶ
479 2033 507 2055 ιε’
523 2030 569 2056 καὶ
580 2030 741 2064 διακύσια·ή
762 2030 810 2064 μὲν
821 2029 876 2065 γὰρ

93 2072 143 2099 τῶν
168 2075 271 2109 χρόνων
288 2075 386 2110 ἐφεξῆς
411 2075 555 2110 ἀναγραφὴ
580 2079 626 2102 σιεν
644 2076 781 2110 σημαίνει,
809 2076 825 2110 ἠ
846 2075 874 2101 δὲ

95 2117 184 2154 Γραφὴ
201 2123 223 2146 υ’
244 2120 290 2146 καὶ
308 2120 339 2147 λ’.
360 2120 440 2154 Λέγει
458 2121 522 2156 γὰρ,
537 2121 578 2146 ὅτι
594 2120 736 2154 πάροικον
745 2120 829 2146 ἔσται
841 2119 874 2146 τὸ

93 2163 208 2199 σπέρμα
221 2165 274 2193 τοῦ
289 2165 417 2201 Ἀϐραὰμ
429 2166 463 2193 ἐν
473 2166 511 2201 γῇ
522 2166 664 2199 ἀλλοτρίᾳ
674 2165 726 2199 ἐτη
738 2167 795 2192 υλ’.

127 2209 236 2245 Πρῶτον
252 2213 300 2247 μὲν
313 2211 358 2239 οὖν
373 2213 561 2248 ὲπιτηρητέόν,
573 2213 613 2239 ὅτι
627 2212 676 2238 οὐκ
690 2210 766 2237 εἶπεν
779 2211 814 2238 ἐν
826 2212 874 2238 Αι-

96 2255 199 2290 γύπτῳ,
215 2258 273 2284 ἀλλ’
288 2259 323 2285 ἐν
353 2258 391 2292 τῇ
414 2258 555 2292 ἀλλοτρίᾳ
571 2258 715 2291 πάροικον
739 2257 825 2284 ἔσται
840 2257 874 2284 τὸ

96 2300 208 2336 σπέρμα
230 2302 284 2329 τοῦ
311 2302 456 2336 Ἀϐραάμ·
470 2302 598 2337 ἀλλοτρία
620 2301 648 2328 δὲ
669 2302 774 2337 ὑπῆρχε
796 2302 872 2336 καὶὴ

97 2345 229 2376 Χαναναία
252 2349 297 2384 γῆ,
319 2350 353 2384 ῆν
368 2348 531 2384 παρῴκησεν
548 2349 561 2375 6
582 2348 684 2379 Ἰσαὰκ,
700 2348 810 2384 σπέρμα
825 2347 871 2374 τοῦ

102 2391 219 2429 Ἀϐραὰμ
247 2395 300 2430 πρὸ
321 2394 429 2421 πάντων
451 2394 531 2426 αὐτὸς
555 2394 694 2429 τυγχάνων
718 2393 870 2429 ἐξαίρετον·

98 2437 150 2469 υἶδς
156 2439 208 2475 γὰρ
221 2438 264 2476 ἦν.
273 2440 357 2476 Δῆλον
367 2438 424 2473 οὖν,
433 2441 473 2467 ὃτι
482 2441 535 2476 πρὸ
549 2439 594 2467 τοῦ
607 2439 808 2475 κληρονομῆσαι
818 2438 871 2465 τῶν

98 2481 243 2518 ἀλλοφύλων
249 2486 299 2521 τὴν
306 2485 367 2522 γῆν,
374 2485 496 2521 ὑπῆρχον
504 2485 629 2520 πάροικοι
637 2485 733 2520 μέχρις
742 2484 810 2510 ὲτῶν
823 2483 871 2516 υλ’,

99 2525 132 2559 ὦς
143 2537 191 2557 που
202 2532 248 2558 καὶ
261 2533 276 2558 ὁ
294 2531 453 2562 Ἀπόστολος
461 2531 543 2564 λέγει·
559 2530 707 2564 Διαθήκην
727 2538 872 2564 προκεκυ-

95 2575 221 2609 ρωμένην
234 2577 293 2604 ὑπὸ
311 2577 384 2605 Θεοῦ
394 2577 468 2611 μετὰ
481 2577 533 2610 ἐτη
544 2578 600 2608 υλ’,
614 2578 657 2608 εὶς
676 2575 709 2603 τὸ
724 2583 873 2610 καρποφο-

98 2618 179 2652 νῆσαι
206 2623 262 2657 τὴν
289 2623 485 2657 ἐπαγγελίαν
509 2623 556 2649 καὶ
584 2622 710 2657 ἐπιφέρει
726 2631 732 2637 ·
768 2621 809 2654 Τῷ
837 2621 871 2647 δὲ

104 2662 219 2702 Ἀϐραὰμ
234 2669 270 2695 δι’
283 2669 461 2703 ἐπαγγελίας
479 2668 639 2702 ἐχαρίσατο
662 2668 677 2694 ό
693 2668 773 2699 Θεός.
792 2666 871 2697 Εἰκὸς

100 2706 149 2742 οὖν,
162 2713 200 2740 ὃτι
215 2715 244 2740 ἐν
261 2714 309 2750 μὲν
333 2716 366 2750 τῇ
383 2713 522 2748 Χαναναία
544 2717 590 2740 ate’
608 2713 784 2749 παρῴκησαν,
799 2714 827 2739 ὲν
842 2713 870 2739 δὲ

132 2790 150 2806 ¹τ
164 2791 244 2819 Exod.
263 2801 317 2820 xw.
357 2793 376 2809 "‘
389 2793 474 2821 Erad.
488 2801 565 2821 xvru.

605 2792 625 2808 ‘9
639 2792 714 2819 Deut.
729 2799 783 2819 xw.
830 2791 852 2807 ²⁰
865 2789 928 2818 Gen.
945 2799 988 2819 xv.

934 200 993 227 sine
1016 207 1064 234 spe
1088 200 1141 227 ulla
1160 199 1299 227 medicinae
1319 201 1441 235 peccavit
1455 201 1622 230 Pharaonem
1638 204 1714 238 signa

933 253 1031 280 magna
1061 245 1191 277 ostendit,
1224 252 1287 272 eum
1316 246 1361 281 qui
1391 248 1524 282 supplicio
1549 249 1647 284 dignus
1672 254 1715 278 cst

933 291 1087 325 castigans,
1112 295 1139 318 et
1170 298 1217 318 eos
1245 291 1292 326 qui
1317 292 1355 318 illi
1389 294 1535 321 succedent
1562 295 1658 324 fovens
1686 300 1713 324 et

933 344 1044 370 sanans,
1071 337 1166 365 salutis
1193 338 1361 372 punitionem
1382 338 1454 367 illius
1477 341 1607 369 exhibens
1632 350 1714 378 argu-

933 388 1063 411 mentum.

968 429 1060 464 Itaque
1083 429 1189 457 Pharao
1202 431 1222 446 ”
1247 431 1374 459 universo
1399 432 1519 459 exercitu
1541 438 1710 467 convocato.

932 475 1058 502 curribus
1073 475 1207 507 ducentis,
1224 477 1344 511 equitatu
1360 476 1393 503 ad
1408 478 1516 512 triginta
1545 480 1638 513 millia,
1664 489 1712 509 su-

932 521 1091 554 perveniens
1107 520 1241 549 lsraelitas
1256 523 1431 557 sequebatur,
1446 524 1492 559 qui
1512 532 1584 552 mare
1606 525 1709 560 Rubro,

932 565 969 591 ita
983 564 1095 599 jubente
1111 565 1175 597 Deo,
1194 567 1220 593 in
1237 567 1305 594 duas
1317 572 1407 602 partes
1422 568 1509 597 diviso
1522 578 1569 605 per
1581 570 1710 607 Moysem,

931 611 983 638 iter
996 611 1140 644 habebant,
1158 616 1184 639 et
1195 611 1315 648 Egyptil
1334 620 1443 642 aversos
1469 623 1516 642 eos
1541 615 1709 652 invadentes,

931 655 1052 683 immersi
1064 661 1137 688 sunt,
1154 657 1251 685 baculo
1268 658 1358 694 Moyse
1372 660 1549 694 percutiente,
1575 666 1602 689 et
1626 670 1710 698 aquas

931 701 958 727 in
979 709 1062 728 unum
1075 707 1266 738 congregante.

966 746 1079 774 Postero
1091 747 1134 775 die
1141 747 1327 784 Egyptiorum
1337 757 1410 777 arma
1418 751 1450 778 ad
1458 752 1656 782 multitudinem
1662 753 1711 782 Ju-

931 793 1049 820 dzeorum
1059 801 1155 828 aquam
1165 799 1244 822 vento
1252 795 1376 830 pellente,
1386 797 1474 825 delata
1485 802 1558 826 Sunt.
1566 799 1597 826 Et
1605 790 1712 836 Moyses

897 829 917 857 Β
931 839 983 866 hoc
995 847 1103 874 quoque
1113 840 1204 867 tliviua
1219 829 1389 869 Providentia
1401 844 1546 879 contigisse
1558 850 1633 874 ratus
1649 829 1711 875 'illis

931 892 961 912 ea
976 885 1025 912 sibi
1040 892 1197 920 comparare
1207 887 1355 918 mandavit.
1368 896 1402 915 ne
1427 889 1486 917 sine
1505 891 1587 919 armis
1609 891 1708 920 forent.

930 929 1081 958 Deveniunt
1095 932 1202 959 tandem
1215 932 1242 960 in
1260 933 1396 961 desertum
1413 934 1445 962 ⁸⁸,

967 1017 998 1044 Et
1014 1018 1159 1054 Raguelus,
1181 1019 1239 1047 sive
1256 1019 1358 1053 lothor,
1376 1024 1491 1057 utraque
1517 1023 1590 1050 enim
1615 1017 1709 1059 appeli

930 1063 1030 1091 latione
1046 1065 1264 1099 nuncupabatur,
1278 1068 1351 1094 venit
1367 1067 1400 1094 ad
1424 1067 1553 1103 Moysem,
1579 1070 1617 1096 illi
1641 1078 1710 1098 uxo-

930 1117 987 1136 rem
1004 1109 1126 1145 ﬁliosque
1140 1111 1267 1144 alferens;
1278 1112 1325 1146 qui
1339 1120 1400 1139 cum
1413 1116 1500 1140 totum
1517 1114 1562 1141 Dei
1577 1115 1709 1143 adversus

930 1153 1073 1190 {Egyptios
1092 1163 1161 1190 opus
1173 1156 1331 1185 admirabile
1343 1158 1474 1191 audisset,
1491 1160 1706 1194 obstupefactus,

929 1201 1042 1237 gloriam
1057 1202 1131 1230 dedit
1148 1203 1211 1230 Deo.
1235 1204 1299 1230 Erat
1324 1212 1388 1232 vero
1407 1205 1461 1236 hic,
1491 1209 1520 1232 ut
1545 1206 1644 1240 ferunt,
1674 1215 1708 1235 ex

928 1247 1066 1275 Abraham
1087 1249 1231 1281 oriundus,
1247 1257 1280 1277 ex
1302 1258 1356 1277 uno
1377 1251 1582 1287 ﬁliorum,quos
1607 1253 1652 1280 ille
1674 1261 1707 1282 ex

929 1293 1061 1325 Chettura
1075 1294 1179 1327 habuit,
1195 1299 1291 1328 natus;
1305 1295 1502 1325 exJezanenim
1515 1303 1593 1327 natus
1604 1303 1646 1326 est
1653 1299 1707 1327 Da-

928 1340 991 1372 dan,
1007 1341 1118 1375 Raguel,
1134 1341 1224 1368 lothor
1239 1345 1265 1368 et
1278 1340 1364 1369 Obab.
1382 1341 1459 1369 Hunc
1483 1343 1597 1379 Moyses.
1610 1345 1648 1371 uti
1661 1353 1709 1380 par

928 1389 997 1419 erat,
1009 1386 1175 1421 perhumane
1187 1390 1327 1421 acceptum
1340 1387 1366 1414 in
1384 1389 1494 1423 propria
1509 1389 1568 1416 loca
1595 1389 1709 1418 dimisit.

966 1471 1063 1500 Verum
1078 1472 1184 1508 Moyses
1203 1474 1235 1506 ι’,
1252 1474 1344 1502 multis
1368 1474 1473 1509 legibus
1500 1475 1618 1503 maximo
1645 1484 1707 1504 cum

926 1518 1110 1545 emolumento
1126 1517 1226 1546 Judaeis
1239 1519 1311 1552 latis,
1325 1524 1448 1546 mortuus
1462 1524 1512 1552 est,
1526 1521 1612 1548 aetatis
1624 1529 1709 1549 anno-

926 1571 987 1591 rum
998 1571 1061 1598 cxx,
1082 1568 1108 1592 et
1121 1563 1200 1592 Jesus
1213 1564 1285 1592 filius
1293 1564 1365 1592 Nave
1377 1565 1515 1600 copiarum
1532 1566 1629 1593 ductor
1646 1575 1709 1595 suc-

926 1610 1008 1642 cedit,
1025 1614 1051 1637 et
1067 1611 1194 1645 populum
1208 1611 1235 1637 in
1252 1610 1423 1638 solitudinem
1436 1612 1708 1647 annosquadraginta

926 1660 1123 1683 commoratum
1137 1656 1240 1689 eduxit,
1255 1657 1281 1682 in
1297 1664 1350 1690 qua
1364 1655 1617 1684 adhchtrdaaorum
1631 1658 1708 1685 habi-

925 1700 1037 1727 tationis
1051 1701 1162 1735 vestigia
1191 1701 1295 1736 integra
1314 1705 1473 1727 cernuntur.
1493 1700 1545 1733 Qui
1569 1701 1641 1728 enim
1668 1704 1707 1730 vi-

927 1746 1002 1774 sendi
1015 1753 1097 1774 causa
1111 1747 1144 1773 ad
1162 1747 1205 1773 illa
1215 1747 1273 1773 loca
1284 1747 1396 1781 profecti
1410 1750 1484 1778 sunt,
1501 1747 1590 1774 adhuc
1606 1747 1708 1776 formas

926 1792 1102 1819 tentoriorum
1120 1791 1231 1819 infinita:
1246 1792 1429 1820 multitudinis
1451 1792 1572 1827 conspici
1599 1800 1708 1820 asseve-

925 1841 998 1870 rant,
1013 1841 1040 1865 et
1050 1837 1171 1866 Sinaium
1196 1841 1313 1866 montem
1329 1839 1417 1866 adhuc
1428 1841 1510 1870 stare,
1525 1838 1552 1865 in
1567 1845 1621 1873 quo
1635 1840 1707 1873 leges

925 1884 1032 1919 Moyses
1044 1884 1158 1919 accepit,
1186 1888 1214 1912 et
1242 1892 1409 1920 quaecunque
1437 1884 1574 1920 sigillatim
1597 1885 1706 1920 scriptis

925 1932 1033 1967 prodita
1044 1937 1117 1959 sunt.

960 1977 1140 2011 Quaerendum
1157 1981 1247 2005 tamen
1259 1980 1318 2004 est:
1331 1976 1436 2004 Hebraei
1452 1977 1478 2004 in
1494 1977 1610 2013 [Egyplo
1626 1977 1706 2006 habi-

924 2027 1018 2051 tarunt
1032 2023 1111 2051 annis
1128 2030 1190 2050 cccc
1204 2027 1229 2050 et
1240 2030 1293 2049 xxx
1318 2025 1344 2049 et
1356 2030 1409 2050 non
1433 2023 1588 2058 quindecim
1607 2027 1634 2050 et
1654 2031 1705 2057 cc;

925 2077 988 2096 nam
1003 2073 1157 2102 temporum
1173 2067 1330 2095 continuata
1346 2067 1503 2103 descriptio.
1518 2076 1585 2095 ccxv
1606 2069 1705 2102 innuit,

925 2115 972 2142 sed
989 2114 1128 2148 Scriptura
1142 2121 1261 2141 ccccxxx
1274 2122 1281 2145 ;
1298 2113 1335 2140 ait
1350 2121 1466 2148 namque
1477 2114 1498 2129 “
1513 2123 1519 2141 :
1535 2113 1706 2149 Peregrinum

890 2163 912 2190 ι)
927 2160 976 2186 erit
990 2167 1075 2186 semen
1094 2159 1208 2186 Abra/ue
1224 2159 1251 2185 in
1267 2163 1337 2185 terra
1351 2158 1438 2185 aliena
1457 2167 1539 2186 annos
1551 2167 1678 2187 ccccxxx.

962 2205 1080 2232 Primum
1105 2206 1196 2240 itaque
1226 2205 1437 2235 observandum.
1461 2212 1515 2232 non
1539 2204 1652 2236 dixisse,
1680 2205 1706 2231 in

925 2251 1051 2286 Egypto,
1063 2251 1108 2278 sed
1119 2252 1145 2277 in
1162 2256 1232 2278 terra
1251 2252 1338 2277 alima
1358 2251 1521 2285 peregrinum
1547 2252 1596 2278 erit
1620 2245 1706 2280 semen

925 2298 1048 2327 Abram.
1078 2297 1173 2324 Aliena
1196 2302 1286 2324 autem
1314 2301 1374 2324 erat
1401 2301 1427 2324 et
1458 2302 1531 2324 terra
1557 2297 1706 2330 Chanaam,

925 2351 1006 2378 quam
1021 2343 1153 2370 habitavit
1165 2342 1250 2374 lsaac,
1262 2343 1309 2377 qui
1331 2349 1387 2377 pra;
1398 2343 1525 2370 omnibus
1543 2343 1600 2377 ipse
1614 2351 1706 2372 semen

924 2389 1039 2416 Abrahae
1053 2393 1111 2416 erat
1126 2388 1264 2416 eximium.
1280 2388 1344 2414 Erat
1366 2388 1466 2423 quippe
1491 2388 1573 2416 filius.
1594 2388 1709 2415 Manife-

925 2440 996 2462 stum
1013 2435 1103 2470 itaque
1122 2438 1174 2467 est,
1191 2442 1238 2461 eos
1263 2438 1408 2468 antequam
1436 2438 1610 2462 externorum
1628 2439 1707 2465 terra:

944 2481 1047 2512 teredes
1067 2480 1132 2509 facti
1157 2480 1284 2512 fuissent,
1305 2480 1463 2514 peregrinos
1490 2479 1597 2514 palasse
1620 2486 1707 2509 annos

924 2537 1054 2560 ccccxxx,
1069 2527 1296 2563 quemadmodum
1305 2531 1333 2554 et
1341 2526 1487 2561 Apostolus
1500 2526 1538 2552 ait
1552 2525 1574 2541 “
1589 2535 1596 2553 :
1616 2525 1705 2553 Testa~

924 2581 1038 2601 mentum
1052 2573 1305 2608 prwdetermt'nalum
1320 2581 1335 2599 a
1347 2572 1399 2599 Deo
1411 2577 1469 2606 post
1481 2580 1563 2599 annos
1578 2579 1706 2605 ccccxxx,

924 2624 952 2645 ut
969 2619 1141 2654 fructiﬁcaret
1155 2619 1313 2652 promissio;
1337 2622 1363 2645 et
1382 2618 1482 2651 subdit,
1509 2617 1642 2644 Abraham
1658 2626 1708 2648 au-

924 2671 975 2692 tent
993 2673 1039 2700 per
1061 2665 1259 2699 promissionem
1283 2664 1355 2692 dedit
1385 2665 1464 2691 Deus.
1487 2664 1707 2691 Consentaneum

924 2712 1015 2747 itaque
1029 2715 1081 2742 cst,
1099 2718 1145 2738 eos
1163 2711 1190 2737 in
1203 2710 1356 2738 Chaunum
1371 2710 1508 2738 habitasse
1519 2717 1607 2738 annos
1627 2703 1706 2742 πολι.

1043 2791 1063 2806 ¹¹
1082 2789 1142 2818 Gal.
1160 2798 1197 2817 ιιι.
