1909 3071
54 79 107 106 793

534 82 672 111 SPURIA.
689 97 724 104 --
741 81 920 112 COMMENT.
944 81 978 110 IN
995 80 1242 110 HEXAEMERON.

1641 82 1693 110 794

52 139 122 170 Τοὺς
140 139 171 166 δὲ
200 140 292 167 πέντε
317 141 435 177 βασιλεῖς
460 142 515 169 τῶν
540 142 624 169 ἐθνῶν
648 142 751 179 Ἰησοῦς
775 143 790 168 ὁ
811 141 852 168 toi

911 141 1051 177 spelunca,
1070 141 1184 176 supinos
1199 139 1274 168 humi
1292 139 1439 176 proiectos.
1456 144 1483 168 et
1500 147 1514 167 a
1529 141 1629 176 populo
1646 150 1694 168 su-

53 185 130 220 Ναυῆ
159 188 379 222 κρυπτομένους
402 188 506 224 εὑρὼν,
531 189 571 221 είς
592 188 720 224 σπήλαιον
747 188 859 220 ὑπτίους

53 232 99 257 ἐπὶ
113 231 167 266 τῆς
183 232 252 267 τῆς,
275 234 389 270 ῥιφῆναι
412 234 510 266 αὐτοὺς
532 234 680 270 προσέταξε
691 256 698 268 ,
715 235 761 262 καὶ
774 235 859 261 καὶτα-

53 276 203 303 πατείσθαι
221 278 282 305 ὑπὸ
301 279 348 306 τοῦ
362 279 428 307 λαοῦ
448 281 494 308 ἐπὶ
515 281 562 310 τοῦ
576 281 710 316 τραχήλου
732 281 856 316 ποιήσας,

53 324 218 352 (ininsth
234 325 288 351 καὶ
308 325 342 352 τὰ
356 325 469 362 σώματα
482 327 571 355 αὐτῶν
583 328 630 354 ἐπὶ
646 327 724 360 ξύλου
741 327 857 362 ἀναρτή-

909 196 958 223 per
967 188 1038 215 collo
1056 187 1233 215 conculcatos
1251 187 1397 218 interemit,
1419 190 1445 214 et
1466 194 1560 214 eorum
1575 194 1693 221 corpora

909 233 991 269 lignis
1006 240 1136 268 appensa,
1150 231 1259 260 tandem
1275 231 1303 258 in
1315 232 1443 266 spelunca
1459 232 1575 266 sepeliit,
1590 236 1617 259 et
1633 239 1694 258 om-

908 279 989 307 nibus
1004 286 1097 306 eorum
1121 277 1277 305 civitatibus
1297 277 1422 312 expilatis
1440 284 1596 304 montanam
1618 285 1692 304 cam-

908 329 1081 360 pestremque
1095 325 1231 358 regionem
1249 323 1365 357 subegit.

54 377 113 401 σας,
130 369 256 406 ὕστερον
275 372 318 403 είς
331 372 362 398 τὸ
381 373 512 408 σπήλαιον
525 373 593 400 αὐτὰ
607 373 755 410 κατώρυξε,
769 372 861 404 Πάσας
878 371 906 398 δὲ
921 370 971 402 τὰς
988 370 1079 401 πόλεις
1093 369 1265 406 ἐκπορθήσας
1290 369 1390 401 αὐτῶν,
1422 370 1510 396 πᾶσαν
1522 369 1572 404 τὴν
1586 368 1693 405 ὀρεινὴν

55 415 101 442 καὶ
111 415 162 450 τὴν
177 415 303 452 πεδινὴν
317 416 444 450 ὑπέταξε.

95 460 187 497 Ἀσὼρ
203 462 248 493 δὲ,
264 463 280 490 ὸ
298 463 422 497 βασιλεὺς
442 463 538 497 Ἰασὶν,
555 465 715 501 συμμάχους
732 465 794 496 τοὺς
810 463 859 491 πέ-

57 506 97 542 ριξ
112 506 209 534 λαϐὼν
243 507 369 542 βασιλεῖς
381 529 389 540 ,
410 509 507 545 πολλὴν
524 511 660 546 συνήγαγε
676 511 800 546 δύναμιν,
821 510 858 542 ὡς

55 550 162 578 είκάσαι
176 551 214 577 ’τὸ
239 551 351 587 πλῆθος
367 553 415 588 τῆς
434 555 577 590 στρατείας
598 555 688 582 αὐτῶν
710 556 743 590 τῇ
765 555 860 590 ἀναρι-

57 596 152 632 θμήτῳ
165 596 220 632 τῆς
235 596 380 633 Θαλάσσης
391 598 506 634 ψάμμῳ,
519 600 565 626 καὶ
573 599 805 635 άντιπαρετάξατο
819 599 858 634 τῷ

63 642 160 678 Ἰησοῦ.
181 643 213 669 Ὁ
231 643 264 670 δὲ
282 644 373 676 αὐτοῖς
399 644 475 680 ἄφνω
500 645 637 673 ἐπιπεσὼν
656 645 758 681 Ἰησοῦς
778 646 858 672 αὐτόν

57 697 84 716 τε
95 689 142 716 καὶ
153 689 268 722 πάντας
285 691 348 722 τοὺς
361 691 521 727 συμμάχους
531 692 682 726 πανστρατὶ
693 691 856 726 κατέσφαξε,

58 736 102 762 καὶ
123 736 189 768 τοὺς
221 737 330 768 ἵππους
355 737 443 763 αὐτῶν
465 737 677 773 ἐνευροκόπησε,
705 737 751 764 καὶ
768 738 857 764 πᾶσαν

945 459 1031 488 Porro
1047 460 1117 487 Asor
1136 467 1182 487 rex
1196 458 1275 487 Jabin
1287 459 1320 492 ’⁷,
1336 467 1430 486 omnes
1451 467 1530 495 reges
1544 460 1648 489 vicinos
1664 461 1691 489 in
1712 457 1716 461 ”

911 507 1041 533 auxilium
1051 510 1162 533 vocatus
1173 507 1330 532 immensam
1339 505 1480 539 copiarum
1489 506 1692 535 multitudinem

910 552 1008 586 coegit.
1022 552 1059 579 ita
1082 555 1111 577 ut
1128 551 1319 578 innumerabili
1335 558 1424 578 arenae
1440 551 1525 578 maris
1539 551 1636 579 similis
1652 553 1692 579 vi-

909 597 1032 628 deretur,
1049 598 1149 632 quibus
1164 605 1193 624 se
1206 595 1286 624 Jesus
1299 597 1437 631 opposuit.
1446 597 1480 623 At
1494 597 1693 632 hicimproviso

910 643 1076 678 irrumpens,
1089 643 1178 677 ipsum
1200 650 1349 677 clunesque
1363 642 1423 677 ejus
1439 643 1587 670 auxiliares
1601 644 1694 678 copias

909 689 1095 717 internecione
1113 688 1221 721 delevit,
1241 693 1372 724 artusque
1397 696 1529 723 equorum
1555 689 1692 723 abscidit,

909 740 936 763 et
956 743 1050 764 eorum
1068 739 1168 762 terram
1185 737 1339 762 universam
1360 734 1489 762 Israelitis
1506 735 1623 770 partitus
1639 739 1691 763 est.

60 781 144 808 αὐτῶν
169 782 224 817 τὴν
241 783 300 817 γῆν
322 784 378 814 τοῖς
401 782 578 817 Ἰσραηλίταις
599 783 731 818 διένειμεθ
755 784 787 818 τῇ
810 783 852 818 μὲι

909 783 942 810 Ει
965 782 1049 810 tribui
1077 781 1172 809 Ruben
1193 780 1314 809 sortibus
1334 781 1467 815 conjectis
1491 780 1565 808 dedit
1592 785 1692 809 terram

60 827 126 863 φυλῇ
142 827 192 853 τοῦ
214 828 329 854 Ῥουϐὶν
347 828 395 864 τὴν
410 828 463 855 τῶν
482 829 650 864 Ἀμορραίων
669 830 720 864 γῆν
734 830 856 866 ἀπεκλή-

63 881 129 908 ρωσε,
144 873 194 900 καὶ
210 873 266 911 τὴν
290 875 437 910 Ῥαφασὴν,
456 875 504 910 τὴν
522 874 550 901 δὲ
575 875 628 902 Γὰδ
646 875 694 911 τὴν
708 875 792 910 αὐτὴν
806 875 857 911 γῆν

61 919 111 947 τῶν
132 919 328 956 Ἀμορραίων,
341 921 387 947 καὶ
402 921 433 947 τὸ
449 921 535 956 ἥμισυ
566 921 636 957 φυλῇ
654 922 787 958 Μανασσῆ
805 923 858 949 ἀπ-

62 965 161 1000 ένειμε,
181 966 233 992 καὶ
249 968 286 1003 τῇ
306 967 375 1002 φυλῇ
396 966 478 994 Ἰούδα
494 966 543 1002 τὴν
555 967 609 994 τῶν
637 967 787 1003 Ἐὕραίων.,
810 967 857 994 καὶ

61 1010 208 1041 Χετταίων,
240 1012 293 1038 καὶ
313 1011 361 1047 τὴν
385 1012 523 1048 Ἐνακείμ.
543 1014 643 1047 Ἥγουν
667 1013 750 1040 Ἰούδα
775 1013 855 1050 φυλὴ,

63 1057 206 1092 σύμμαχον
224 1058 352 1085 λαϐοῦσα
372 1059 422 1095 τὴν
437 1060 522 1095 φυλὴν
540 1059 667 1095 Συμεὼν,
684 1061 746 1091 τοὺς
764 1061 856 1087 Χανα-

63 1104 149 1136 ναίους
165 1105 215 1131 καὶ
242 1105 410 1140 Φερεςαίους
429 1106 579 1142 ἐπόρθησε,
597 1107 643 1133 καὶ
663 1106 798 1142 φεύγοντα
811 1107 856 1133 τὸν

67 1149 245 1182 Ἀδωνιϐεζὲκ
274 1152 487 1187 χειρωσάμενοι,
511 1153 572 1184 τοὺς
592 1153 676 1184 πόδας
697 1153 779 1180 αὑτοῦ
809 1153 856 1180 καὶ

67 1196 109 1226 τὶς
124 1197 218 1232 χεῖρας
232 1197 464 1233 ἠκρωτηρίασαν·
476 1199 521 1225 καὶ
536 1199 746 1235 κατοδυρόμενος
760 1200 854 1227 ἑαυτὸν

64 1241 111 1276 εφη
122 1250 129 1256 ο
141 1252 150 1267 ι
165 1243 271 1275 Καθὼς
285 1244 486 1279 ὲποίησα,οὓτω
496 1253 539 1280 μοι
552 1246 566 1272 ὁ
581 1246 852 1277 Θεδςὰνταπέδωκεν.

71 1287 271 1323 Ἐὃδομὴκοντα
289 1289 343 1325 γὰρ
370 1290 504 1325 βασιλεῖς,
527 1291 562 1317 τὰ
593 1291 665 1327 ἂκρα
688 1292 742 1318 τῶν
765 1292 852 1320 ποδῶν

65 1333 148 1359 αὐτῶν
166 1335 213 1361 καὶ
231 1334 290 1361 τῶν
311 1335 408 1371 χειρῶν
423 1336 630 1371 ἐκκεκομμέναι,
645 1337 772 1364 ὑποκάτω
784 1335 852 1373 ἦσαν

65 1378 110 1413 τῆς
130 1380 277 1416 τραπέζης
306 1390 356 1416 μου
382 1382 416 1408 τὰ
443 1383 614 1417 ἐμπίπτοντα
640 1383 825 1417 ἀναλέγοντες.
841 1393 850 1410 ι

66 1425 209 1459 Κομισθεὶς
219 1425 269 1453 οὖν
278 1428 316 1459 εἰς
325 1428 502 1463 Ἰερουσαλὴμ
512 1428 668 1464 παραυτίκα
677 1429 804 1457 ἀπέθανε.
812 1430 850 1465 Τῇ

67 1469 163 1506 δὲφυλῇ
178 1473 303 1508 Ἐφραῖμ
319 1473 367 1509 τὴν
374 1473 428 1500 τῶν
441 1475 621 1510 Ἀμορραίων,
631 1476 677 1503 καὶ
691 1476 853 1512 Φερεζαίων,
869 1466 889 1494 C

67 1516 108 1542 καὶ
119 1517 304 1553 Σαμαραίων’
323 1519 370 1546 καὶ
395 1519 433 1555 τῷ
449 1520 542 1555 ἡμίσει
556 1522 641 1556 φυλῆς
657 1523 789 1557 Μανασσῆ
805 1522 855 1559 τὴν

68 1561 116 1587 τῶν
123 1562 275 1598 Γερσαίων,
285 1566 330 1592 καὶ
344 1566 513 1602 Ἀμορραίων
522 1567 573 1602 γῆν
582 1567 728 1603 ἀπένειμεν
742 1568 853 1604 Ἰησοῦςν

69 1607 112 1642 τὴν
129 1608 156 1635 δὲ
171 1610 226 1636 τῶν
249 1611 394 1647 Ἐϐραίων,
419 1612 465 1639 καὶ
486 1613 666 1649 Ἀμορραίων,
690 1614 736 1641 καὶ
757 1615 855 1641 Ἰεϐου-

71 1652 146 1680 σαίων
170 1657 203 1690 τῇ
221 1656 271 1682 τοῦ
301 1657 428 1693 Βενιαμὶν
452 1658 664 1694 ὲκληροδότησε’
694 1661 726 1695 τῇ
753 1660 781 1687 δὲ
806 1660 853 1689 τοῦ

69 1698 172 1733 Συμεὼν
192 1702 243 1737 τὴν
267 1702 321 1729 τῶν
340 1704 472 1739 Ἐϐραίων
487 1705 534 1731 καὶ
557 1705 728 1739 Φερεζαίων·
749 1706 796 1732 καὶ
819 1708 852 1743 τῇ

71 1744 111 1770 τοῦ
126 1747 270 1774 Ζαὸουλὼν
283 1749 332 1784 τὴν
353 1749 407 1776 τῶν
427 1750 596 1786 Φερεζαίων*
611 1752 660 1787 τὴν
674 1752 703 1778 δὲ
722 1752 776 1779 τῶν
801 1754 852 1780 Κι-

70 1789 144 1817 ναίων
165 1793 197 1827 τῇ
221 1793 397 1829 Νεφθαλείμ·
428 1796 473 1821 καὶ
497 1797 530 1830 τῇ
558 1795 627 1831 φυλῇ
655 1796 701 1822 τοῦ
725 1796 779 1823 Δὰν
803 1797 852 1832 τὴν

77 1835 258 1872 Ἀμορραίων·
282 1841 315 1875 τῇ
337 1840 366 1867 δὲ
384 1841 453 1876 φυλῇ
486 1841 628 1878 Ίσσάχαρ,
654 1842 701 1869 καὶ
727 1844 759 1878 τῇ
782 1843 851 1879 φυλῇ

77 1881 153 1918 Ἀσὴρ
164 1884 214 1919 τὴν
231 1885 288 1911 τῶν
302 1886 463 1922 Φερεζαίων.
480 1888 587 1924 Ταύτην
606 1890 694 1916 πᾶσαν
712 1889 852 1924 διανείμας

72 1926 114 1961 τὴν
139 1929 188 1963 γῆν
212 1931 318 1966 Ἰησοῦς
342 1935 363 1967 ρ’
385 1932 432 1962 καὶ
454 1936 469 1959 ι’
491 1933 590 1968 βιώσας
619 1934 680 1970 ἔτη,
707 1935 849 1962 ἀπέθανεν.

78 1970 231 2010 Ἐλεαζάρου
248 1976 276 2002 δὲ
291 1977 339 2003 τοῦ
357 1978 415 2007 υἱοῦ
443 1978 547 2014 Ἄαρὼν
570 1979 777 2016 τελευτήσαντος
801 1979 850 2016 τὴν

74 2015 268 2056 ἀρχιερωσύνην
284 2021 361 2053 Φινὲς
375 2023 389 2048 ὁ
404 2023 460 2054 υίὸς
477 2022 558 2049 αὐτοῦ
573 2023 715 2055 διεδέξατο.
728 2024 806 2051 Μετὰ
822 2024 850 2051 δὲ

74 2062 116 2098 τὴν
131 2065 255 2103 τελευτὴν
278 2068 364 2103 Ἰησοῦ
385 2069 463 2104 Ναυῆ
477 2070 502 2096 οἱ
523 2070 701 2105 Ἰσραηλῖται,
716 2070 851 2097 ἀποστάν-

74 2114 113 2139 τες
131 2110 174 2136 τοῦ
190 2112 271 2144 Θεοῦ,
297 2115 329 2148 τῇ
353 2115 486 2152 Ἀστάρτῃ
517 2115 681 2151 ἐλάτρευσαν
705 2116 752 2142 καὶ
777 2124 849 2152 παρ-

909 828 1140 859 Amorrhaeorutn,
1156 831 1184 854 et
1199 826 1355 862 Raphasen,
1369 830 1397 853 et
1411 825 1468 853 Gad
1487 826 1573 861 ipsam
1591 831 1692 854 terram

907 873 1138 905 Amorrhzeorum,
1154 877 1181 900 et
1194 873 1334 900 dimidium
1350 872 1431 899 tribui
1446 872 1586 906 Manassae,
1599 877 1626 900 et
1643 874 1692 901 tri-

909 920 955 947 bui
969 919 1046 948 Iuda:
1062 919 1237 947 Hebraeorum
1249 923 1275 946 et
1290 919 1483 950 Chettteorum,
1495 924 1522 946 et
1537 919 1647 946 Enacim
1657 920 1690 947 ".

909 966 961 993 Sed
977 965 1053 994 ludat
1070 966 1169 997 tribus,
1186 965 1257 993 tribu
1273 964 1389 1000 Symeou
1411 965 1438 992 in
1458 966 1589 994 auxilium
1605 965 1691 993 advo-

907 1016 968 1039 cata
979 1012 1012 1042 ¹⁰.
1041 1012 1226 1043 Chananazos.
1249 1015 1276 1038 et
1299 1011 1457 1038 Pltcrezaeos
1486 1012 1605 1046 pra-data
1633 1015 1690 1045 est;

907 1065 1024 1093 cumque
1048 1057 1185 1093 cepissent
1201 1057 1345 1092 fugientem
1370 1057 1551 1090 Adonibezec,
1570 1061 1690 1085 extrema

906 1105 1005 1139 pedum
1027 1112 1059 1132 ac
1074 1112 1205 1132 manuum
1221 1104 1430 1136 obtruncarunt,
1451 1104 1498 1139 qui
1513 1104 1690 1139 semetipsum

906 1151 1053 1186 deplorans
1076 1151 1165 1178 dixit:
1183 1159 1192 1176 ι
1210 1149 1442 1183 Quemadmodum
1467 1150 1529 1181 l'c-ci.
1558 1151 1594 1177 ita
1624 1150 1690 1177 mibi

908 1197 979 1224 Deus
1005 1197 1140 1224 retribuit.
1166 1196 1343 1231 Septuaginta
1367 1196 1440 1224 enim
1467 1203 1545 1230 reges
1567 1200 1690 1223 extrema

908 1243 1022 1278 pedibus
1036 1251 1068 1270 ac
1085 1243 1211 1271 manibus
1227 1243 1324 1274 mutili,
1339 1242 1391 1269 sub
1405 1250 1499 1269 mensa
1513 1249 1571 1269 mea
1588 1249 1619 1269 ea
1631 1249 1691 1277 qure

907 1289 1041 1316 cadebant
1065 1290 1237 1325 colligebant.
1259 1298 1268 1315 ι
1288 1288 1378 1316 Hicin
1396 1288 1562 1316 Hierusalem
1585 1288 1690 1316 delatus

907 1336 998 1363 subito
1009 1336 1098 1370 periit.
1110 1335 1204 1363 Tribui
1216 1335 1569 1370 EphraimAntorrbaaorum
1581 1338 1608 1361 et
1620 1334 1691 1362 Phe-

905 1389 1063 1412 rezaeorum.
1080 1387 1105 1410 et
1117 1382 1325 1413 Samaraaorum.
1346 1385 1372 1408 et
1386 1381 1505 1408 dimidiae
1518 1381 1588 1416 parti
1603 1381 1691 1408 tribus

906 1428 1038 1456 Manassaa
1054 1427 1236 1458 Gersmorum.
1252 1431 1279 1455 et
1297 1427 1518 1454 Amorrhazorum
1534 1427 1629 1454 tribuit
1643 1426 1688 1454 Je-

906 1482 954 1502 sus
970 1484 976 1501 :
992 1473 1165 1502 Hebraeorum
1185 1481 1248 1501 vero
1263 1477 1291 1500 et
1312 1473 1580 1509 Amorrbmorum..et
1592 1472 1691 1500 Jebus-

905 1528 1022 1548 satorum
1044 1520 1125 1548 tribui
1146 1519 1400 1555 Benjamin;tribui
1422 1519 1538 1555 Symeon
1564 1518 1691 1546 Hebrino-

904 1575 976 1598 rum.
992 1571 1019 1594 et
1031 1566 1248 1598 Pluere-latorum,
1260 1570 1287 1594 ct
1302 1566 1382 1593 tribui
1396 1565 1517 1593 Zabulon
1533 1565 1691 1592 Pherezaea-

904 1620 977 1644 rum,
991 1616 1018 1640 et
1033 1613 1113 1640 tribui
1129 1612 1300 1648 Nepbtbalim
1314 1613 1480 1645 Cinaeorum,
1492 1615 1519 1639 et
1534 1612 1617 1639 tribui
1632 1611 1689 1639 Dan

904 1658 1136 1692 Amorrlueorum,
1156 1663 1183 1686 et
1203 1658 1283 1686 tribui
1311 1657 1444 1690 lssachar,
1467 1662 1493 1685 et
1513 1658 1596 1685 tribui
1621 1658 1690 1686 Aser

904 1703 1122 1732 Pherezmorum.
1148 1703 1224 1731 llanc
1239 1704 1394 1731 universam
1413 1708 1513 1730 terram
1534 1709 1596 1730 cum
1619 1701 1689 1729 divi-

903 1750 985 1777 sisset
993 1749 1083 1781 Jesus,
1099 1750 1185 1778 anatis
1197 1757 1328 1777 annorum
1343 1753 1452 1776 centum
1463 1751 1490 1776 et
1504 1748 1596 1776 decem
1607 1756 1622 1775 e
1634 1747 1689 1775 vita

902 1796 1022 1824 decessit
1031 1797 1063 1824 '°.
1083 1797 1114 1824 Et
1129 1797 1257 1824 Eleazaro
1273 1797 1327 1824 lilio
1340 1797 1429 1824 Aaron
1447 1801 1555 1824 mortuo
1570 1797 1597 1824 in
1614 1804 1688 1823 sum-

904 1850 948 1870 mo
961 1843 1116 1871 sacerdotio
1135 1843 1236 1871 Phines
1259 1843 1320 1877 ejus
1343 1843 1417 1870 Illius
1438 1843 1580 1871 successit.
1601 1842 1687 1870 Caete-

902 1895 962 1915 rum
981 1894 1042 1923 post
1059 1888 1123 1916 Iesu
1143 1889 1217 1916 Nave
1235 1889 1370 1916 obitum“
1385 1888 1522 1919 Israelita,
1537 1895 1598 1915 cum
1612 1887 1688 1914 defe-

901 1934 1004 1962 cissent
1020 1943 1035 1962 a
1049 1934 1114 1968 Deo,
1130 1935 1266 1962 Astartam
1282 1935 1401 1967 coluere,
1413 1939 1440 1962 et
1456 1934 1529 1962 dedit
1543 1934 1604 1962 illos
1614 1933 1686 1962 Deus

901 1980 1024 2015 captivos
1048 1981 1220 2009 Chursatlian
1245 1980 1375 2016 Syrorum
1395 1981 1461 2016 regi,
1480 1981 1525 2015 qui
1541 1988 1588 2008 eos
1602 1980 1685 2009 variis

901 2026 992 2054 modis
1003 2027 1150 2062 multisque
1172 2028 1317 2063 allligebat,
1335 2028 1371 2055 ita
1387 2031 1416 2055 ut
1438 2035 1601 2063 magnopere
1612 2028 1687 2056 cala-

900 2072 1041 2100 mitatibus
1064 2072 1203 2108 defatigati
1223 2074 1368 2101 clamarint
1391 2072 1425 2100 ad
1450 2072 1553 2106 Deum,
1573 2072 1686 2108 datique

901 2118 955 2146 sint
975 2119 1029 2145 illis
1045 2118 1162 2152 judices.

77 2151 165 2201 ίδωθξεν
192 2158 289 2191 αὐτοὺς
313 2159 484 2196 ὑποχειρίους
509 2162 523 2188 ὁ
547 2161 613 2193 Θεὸς
625 2161 784 2198 Χουσαρθὰν
812 2151 851 2198 τῷ
876 2162 969 2199 Σύρων
996 2151 1119 2200 βασιλεῖ,
1155 2165 1229 2197 ὅστις
1261 2165 1301 2197 είς
1328 2165 1426 2201 πολλὴν
1454 2165 1567 2201 συνοχὴν
1587 2164 1685 2196 αὐτοὺς

75 2199 239 2252 ιξτέστησεν,
265 2204 304 2236 ὡς
325 2204 372 2231 ἐπὶ
397 2206 464 2233 πολὺ
490 2207 729 2243 καταπονηθέντας
763 2207 862 2239 αὐτοὺς
890 2199 1081 2245 βοῆσαινπρὸς
1118 2209 1163 2236 τὸν
1191 2209 1274 2243 Θεὸν,
1301 2210 1348 2237 καὶ
1373 2199 1483 2246 δοθῆναι
1508 2199 1597 2243 αὐτοῖς
1623 2218 1685 2247 apt.

75 2252 127 2278 τας.

121 2349 208 2379 "los.
224 2361 262 2382 ιι.
301 2354 394 2383 ⁸⁸10³.
410 2363 471 2384 xm.
510 2355 608 2383 "Iud.
626 2364 646 2384 ι.
683 2357 707 2374 ⁸⁸
716 2355 775 2385 loc.
792 2365 867 2385 xxiv.

906 2357 928 2373 ¹¹
944 2356 1010 2385 Jud.
1024 2364 1064 2385 ιιι.
