1909 3071
252 88 305 118 ’175

681 91 709 118 S.
732 89 956 117 EUSTATIHUS
976 88 1222 117 ANTIOCHENUS
1250 89 1449 119 EPISCOPUS.

1838 91 1886 118 776

251 148 305 176 sibi
322 149 356 175 ab
374 147 478 175 Herode
494 147 680 176 imminentem
696 149 808 183 depulit.
833 148 934 176 Verum
952 148 1034 175 Hero-

1094 148 1212 184 Ἡρώδου
1230 149 1340 184 διέφυγε
1366 149 1489 175 θάνατον.
1504 149 1589 181 Αὐτὸς
1616 150 1655 182 δὲ,
1669 150 1817 185 ἀγνοήσας
1838 149 1884 185 τὴν

252 194 311 226 des,
326 194 449 226 ignorata
479 193 561 228 fuga,
596 201 696 228 pueros
720 202 816 222 omnes
840 194 887 229 qui
912 198 991 221 erant
1008 194 1035 220 in

253 240 423 271 Bethlehem,
451 244 551 267 inorte-
567 239 636 267 allici
651 240 729 274 jubet
742 241 784 270 ’³.
810 241 881 267 inter
897 248 983 275 quos,
1008 244 1037 267 et

249 285 381 312 Joannem
395 285 483 312 adhuc
500 286 632 313 infantem
649 287 682 314 de
702 287 791 313 medio
815 287 910 313 tollere
931 286 1036 313 niteba-

252 336 304 358 tur.
324 330 376 358 Sed
394 330 530 358 Elisabcth
545 351 551 363 ,
564 339 596 358 eo
608 332 729 366 abrepto,
748 332 776 359 in
791 331 965 359 solitudinem
991 339 1037 358 au-

251 377 328 412 fugit,
341 383 367 404 et
380 378 506 412 precibus
519 377 684 409 fusis,inons
695 378 722 405 in
735 378 803 405 duas
814 383 905 413 partes
917 378 1032 410 divisus,

249 432 308 450 eam
324 432 378 450 una
394 433 455 451 cum
472 432 556 458 puero
575 425 692 460 excepit,
710 429 736 452 et
752 432 798 453 cas
811 425 924 460 angelus
940 424 1034 452 defen-

249 470 338 497 dendo
355 470 522 505 protegebat.
901 495 904 497 .

285 515 366 542 Mittit
397 516 488 550 itaque
511 515 544 542 ad
571 515 729 543 Zachariam
758 515 880 543 Herodes
898 524 904 541 :
921 515 1033 543 Tradito

249 562 316 589 mihi
333 562 417 588 lilium
428 566 514 596 tuum,
530 562 576 589 ubi
588 563 713 590 occultus
726 563 801 593 latet,
816 563 941 590 nuntiato
954 563 1031 589 mihi.

249 607 397 635 Zacharias
415 609 453 635 sic
475 608 644 642 percontanti
677 609 822 643 respondet
842 617 847 633 :
865 607 920 643 Ego
945 608 977 635 ad
993 608 1032 634 al-

249 658 307 681 tare
323 655 454 680 continuo
479 654 632 685 assistens,
655 654 720 689 quid
738 659 828 681 aetum
857 655 892 682 sit
915 654 948 682 de
977 654 1032 681 lilio

249 708 320 732 meo,
339 709 392 727 non
408 701 481 727 novi.
503 700 551 728 llis
567 701 701 736 ingentem
721 701 789 727 iram
805 701 928 736 concepit
949 700 1032 728 Hero-

248 747 296 774 des
306 767 313 778 .
331 755 493 782 rursumque
505 747 537 774 ad
550 756 610 775 cum
625 749 718 775 scribit
733 757 738 773 :
755 748 929 775 Exhibemihi
947 748 1031 775 filium

249 796 338 826 tumn;
355 801 444 820 nonnc
459 797 625 827 compertum
644 793 690 819 tibi
705 797 757 824 est,
770 793 840 827 apud
855 801 897 820 me
913 793 951 819 tui
967 801 1031 820 san-

1087 195 1186 230 φυγὴν,
1204 195 1290 222 πάντα
1303 196 1337 222 τὰ
1349 197 1376 222 ὲν
1393 197 1425 231 τῇ
1444 196 1566 231 Βηθλεὲμ
1588 196 1681 223 παιδία
1699 196 1883 231 ἀναιρεθῆναι

1087 242 1252 276 προσέταξεν
1263 251 1269 258 '
1288 244 1316 269 ἐν
1330 241 1369 274 οἷς
1386 244 1432 269 καὶ
1445 243 1490 269 τὸν
1507 243 1633 278 Ἰωάννην
1650 244 1689 270 ἔτι
1704 244 1809 278 νήπιον
1820 243 1882 269 byn

1086 287 1190 314 ἀνελεῖν
1209 289 1424 320 ἐσπούδαζεν.Ἡ
1446 289 1474 315 δὲ
1497 289 1646 321 Ἐλισάῦετ,
1667 289 1824 324 ἁρπάσασα
1840 290 1883 314 a3-

1085 333 1141 365 τὸν,
1158 334 1199 365 εἰς
1220 334 1270 369 τὴν
1294 334 1395 369 ἔρημον
1419 334 1518 368 ἓξυγε·
1537 334 1583 361 καὶ
1600 334 1756 369 εὐξαμένης
1782 334 1880 368 αὐτῆς,

1085 379 1224 414 διεσχίσθη
1239 379 1269 405 τὸ
1284 380 1420 415 ὖρος,,καὶ
1437 380 1506 416 μετὰ
1525 380 1572 406 τοῦ
1594 381 1700 407 παιδίου
1725 380 1816 415 αὐτὴν
1830 381 1880 406 ἑδέ-

1087 424 1159 456 ξατο,
1174 426 1221 451 καὶ
1235 425 1349 460 ἄγγελος
1366 426 1412 453 τοῦ
1429 426 1497 453 Θεοῦ
1513 427 1687 461 διεφύλαττεν
1702 426 1817 459 αὺτούς.

1120 517 1227 552 Πέμπει
1248 517 1312 551 γοῦν
1338 517 1406 552 πρὸς
1429 518 1565 552 Ζαχαρίαν
1576 519 1590 544 ὁ
1607 516 1749 553 Ἡρώδης·
1767 517 1819 548 Δὸς
1834 517 1875 542 τὸν

1083 561 1139 588 υἱόν
1156 570 1201 588 σου
1212 571 1218 577 ⁸
1234 562 1285 588 ποῦ
1304 561 1427 598 ἔκρυψας
1443 562 1534 595 auuol,
1554 563 1721 597 ἀπάγγειλόν
1741 564 1837 598 μοι.’0
1849 563 1875 588 δὲ

1083 609 1220 644 Ζαχαρίας
1237 609 1437 636 ἀντεπιστέλλει
1455 610 1565 644 φάσκων
1583 609 1672 644 αὐτῷ’
1692 608 1767 643 Ἐγὼ
1782 609 1822 644 τῷ
1837 609 1876 634 θυ-

1084 655 1232 690 σιαστηρίῳ
1249 655 1437 690 προσεδρεύων
1463 656 1517 686 ἀεὶ,
1535 655 1561 681 τί
1579 655 1687 688 ἐγένετο
1708 656 1723 681 ὁ
1741 655 1802 687 υἱός
1827 663 1874 690 μου

1081 699 1131 725 οὐκ
1147 700 1306 735 ἐπίσταμαι.
1323 701 1378 726 Καὶ
1393 700 1529 735 ὀργισθεὶς
1545 701 1558 727 ὁ
1575 700 1698 736 Ἡρώδης
1715 699 1801 726 πάλιν
1814 700 1875 725 ἐπέ-

1082 745 1189 772 στελλεν
1214 746 1298 781 αὐτῷ.
1321 747 1369 778 Δὸς
1395 747 1456 780 ἔξω,
1472 747 1568 781 λέγων,
1582 747 1626 774 τὸν
1651 746 1709 772 ull»;
1740 755 1802 775 σου.
1820 747 1876 772 Οὐκ

1080 789 1162 823 οἶδας,
1180 792 1220 818 ὅτι
1236 793 1266 818 τὺ
1281 789 1349 827 αἷμά
1364 801 1410 818 σου
1427 793 1478 819 ὑπὸ
1491 793 1540 828 τὴν
1556 793 1634 828 χεῖρά
1649 792 1699 827 μού
1713 794 1808 824 ὲστιν;
1823 792 1875 818 Καὶ

248 839 338 874 guinis
359 839 513 866 eﬂ‘undendi
538 847 598 866 esse
614 840 794 874 potestatem?
818 839 964 867 Zacharias
989 847 1032 866 re-

1081 838 1095 864 ὁ
1109 837 1246 873 Ζαχαρίας
1262 838 1312 873 ἔφη
1325 847 1330 852 ·
1348 839 1461 874 Μάρτυς
1476 839 1532 874 εἰμὶ
1549 838 1595 865 τοῦ
1609 839 1687 865 Θεοῦ.
1705 839 1743 865 Σὺ
1763 839 1816 874 μὲν
1831 839 1874 874 ἔχε

249 886 359 920 scripsit
373 895 379 912 ε
395 885 484 914 Testis
498 894 557 912 sum
572 886 629 913 Dei.
646 885 685 912 Tu
702 893 790 913 meum
809 886 984 920 sanguinem,
1003 889 1030 912 at

248 930 372 964 spiritum
387 939 476 958 meum
494 931 564 958 Deus
578 931 728 965 possideat,
745 932 788 958 fac
806 936 834 957 ut
850 932 934 958 lubet.
949 930 1030 958 Illud-

246 985 299 1012 que
328 982 353 1004 te
379 985 433 1004 non
459 977 566 1012 fugiat,
598 978 759 1012 sanguinem
793 977 966 1004 innocontcm
1003 978 1029 1004 in

245 1023 388 1051 vestibulis
401 1024 494 1058 templi
514 1023 623 1050 Domini
636 1028 662 1050 te
677 1023 836 1050 elfusurum.
853 1023 972 1050 Herodes
986 1023 1029 1050 his

245 1071 332 1105 magis
347 1078 378 1097 ac
399 1071 486 1105 magis
502 1076 679 1104 exasperatus
690 1090 696 1102 ,
713 1074 742 1096 ut
758 1070 828 1097 inter
847 1070 932 1096 altare
949 1076 1029 1095 neca-

244 1120 321 1143 retur
336 1119 480 1150 antequam
497 1115 554 1144 dies
579 1116 749 1143 illucesceret
762 1136 768 1146 ,
786 1115 912 1146 mandat,
929 1123 962 1142 ne
979 1123 1028 1149 po-

245 1161 325 1196 pulus
366 1161 500 1188 obstando
544 1161 684 1195 impediret
728 1160 874 1195 quominus
916 1160 1024 1187 occide-

244 1212 329 1233 retur.

279 1251 370 1278 Primo
384 1255 473 1278 autem
487 1250 606 1278 diluculo
623 1249 780 1277 sacerdotes
794 1249 820 1276 in
836 1249 964 1284 templum
980 1256 1027 1276 ve-

246 1298 353 1325 nientes
368 1298 597 1332 obstupescehant
607 1317 614 1328 ,
630 1297 701 1332 quod
719 1297 771 1323 illis
782 1316 790 1328 ,
808 1300 837 1322 ut
852 1295 936 1322 moris
950 1299 1008 1321 erat
1018 1315 1025 1326 ,

244 1351 300 1371 non
315 1344 423 1370 obviam
448 1343 567 1377 prodiret
597 1343 700 1377 primus
722 1341 871 1374 sacerdos,
905 1345 932 1369 et
960 1341 1027 1368 foris

243 1390 448 1424 exspectabant.
472 1388 564 1424 Itaque
580 1389 647 1415 hora
673 1389 826 1420 dilabente,
849 1396 920 1415 unus
936 1396 968 1414 ex
983 1387 1027 1415 his

244 1435 349 1470 ingredi
367 1443 450 1463 ausus
463 1439 503 1462 est
514 1455 521 1466 ,
543 1436 588 1470 qui
601 1435 633 1462 ad
647 1435 732 1462 altare
746 1439 902 1462 concretum
921 1435 1027 1469 sangui-

243 1489 305 1509 nem
317 1482 459 1516 conspicit.
472 1482 601 1516 auditque
611 1489 702 1508 vocem
715 1481 848 1508 dicentem
861 1490 866 1507 ε
879 1481 1026 1508 Zacharias

243 1527 353 1555 occisus
378 1531 441 1561 est,
469 1535 519 1554 nec
542 1527 602 1561 ejus
627 1527 740 1561 sanguis
766 1526 911 1558 delebitur,
939 1527 1025 1554 donec

243 1574 333 1601 veniat
351 1574 439 1607 ultor;
465 1573 508 1601 his
524 1573 636 1601 vocibus
662 1573 754 1600 animo
781 1573 902 1606 fractus,
933 1581 1025 1608 egres-

242 1627 344 1654 susque
365 1619 553 1646 sacerdotibus
580 1619 701 1649 nuntiat,
717 1618 762 1653 qui
778 1618 946 1646 introeuntes
962 1626 1025 1645 cor-

240 1672 293 1699 pus
309 1672 363 1691 non
383 1665 493 1697 vident,
511 1665 557 1692 sed
576 1665 663 1692 solum
678 1665 838 1699 sanguinem
852 1684 859 1696 ,
876 1663 1025 1698 scissisque

240 1710 431 1743 vestimentis,
455 1715 568 1738 mortem
597 1711 670 1738 illius
699 1711 843 1745 lugebant,
872 1710 1025 1745 populoque

240 1756 420 1787 mintiarunt.
436 1760 463 1783 et
476 1756 562 1783 tribus
579 1756 691 1788 diebus,
709 1761 736 1782 et
747 1756 835 1782 tribus
857 1756 982 1783 noctibus
996 1755 1024 1782 in

240 1801 315 1829 luctu
339 1801 459 1829 fuerunt.
490 1801 621 1836 Deinceps
646 1801 800 1828 Simeonem
816 1806 889 1828 sorte
913 1802 939 1828 in
964 1801 1024 1836 ejus

240 1847 328 1875 locum
345 1852 509 1882 posuerunt,
535 1848 581 1882 qui
598 1855 613 1874 a
636 1847 738 1881 Spiritu
757 1851 851 1874 sancto
869 1847 1023 1875 admonitus

240 1897 398 1928 acceperat,
422 1900 451 1920 se
471 1901 524 1919 non
551 1893 626 1928 prius
643 1893 765 1920 visurum
789 1897 925 1926 mortem,
942 1901 1024 1928 quam

239 1937 378 1965 Christum
394 1937 501 1965 Domini
519 1937 615 1966 fuisset
628 1939 743 1966 intuitus
755 1939 788 1967 θ’.

274 1983 408 2010 Narratur
423 1989 451 2011 et
467 1984 519 2010 alia
540 1985 660 2019 quaedam
678 1985 711 2011 de
735 1984 867 2012 Zacharia
891 1985 1021 2013 historia:

240 2029 324 2056 fuisse
342 2029 369 2056 in
386 2030 486 2064 templo
503 2031 591 2057 locum
607 2031 633 2057 in
655 2039 736 2065 quem
754 2036 859 2058 tantum
871 2031 1023 2066 virginibus

239 2075 382 2110 ingressis,
410 2075 494 2103 Deum
516 2077 640 2109 adorare,
658 2085 711 2104 non
727 2081 815 2105 autem
837 2079 948 2113 nuptis,
965 2079 1023 2113 lege

239 2121 373 2149 sancitum
401 2130 432 2149 ac
459 2130 620 2150 concessum
649 2127 717 2152 erat.
735 2123 819 2151 Maria
849 2125 930 2159 igitur
962 2129 1022 2160 post

1084 892 1132 918 μου
1152 883 1182 909 τὸ
1198 881 1276 919 αἷμα,
1289 885 1319 911 τὸ
1333 885 1361 910 δὲ
1379 885 1487 920 πνεῦμά
1500 894 1548 920 μου
1563 887 1576 911 ὁ
1589 885 1665 917 Θεὸς.
1679 885 1760 917 Δέξαι
1776 885 1806 911 δὲ
1829 886 1874 912 καὶ

1081 928 1207 962 γίνωσκε,
1225 929 1265 955 ὅτι
1280 929 1368 955 ἀθῶον
1385 929 1454 964 αἷμα
1472 931 1575 965 ὲκχέεις
1587 931 1626 962 είς
1639 930 1673 957 τὰ
1689 931 1819 965 πρόθυρα
1829 931 1873 956 τοῦ

1081 974 1143 1001 ναοῦ
1160 975 1272 1010 Κυρίου,
1289 975 1343 1002 Καὶ
1360 977 1374 1002 ὁ
1393 975 1523 1011 Ἡρώδης,
1541 977 1587 1002 ἐπὶ
1602 975 1704 1008 τούτοις
1722 975 1872 1010 ὀργισθεὶς,

1082 1020 1181 1055 μεταξὺ
1197 1021 1242 1048 τοῦ
1260 1021 1452 1057 θυσιαστηρίου
1469 1022 1644 1057 ἀναιρεθῆναι.
1657 1021 1740 1048 αὑτὸν
1758 1021 1815 1056 πρὸ
1828 1021 1871 1047 τοῦ

1079 1066 1224 1100 διαφαῦσαι
1242 1067 1414 1102 προσέταξεν,
1427 1067 1494 1102 πρὸς
1510 1067 1540 1093 τὸ
1555 1067 1591 1102 μὴ
1609 1067 1661 1093 ὑπὸ
1677 1067 1726 1093 τοῦ
1737 1067 1807 1093 λαοῦ
1820 1075 1871 1093 κω-

1079 1113 1191 1148 λυθῆναι
1208 1113 1288 1139 αὑτοῦ
1308 1113 1357 1148 τὴν
1374 1113 1513 1147 ἀναίρεσιν

1117 1257 1234 1294 Ὀρθρου
1252 1258 1279 1284 δὲ
1294 1258 1318 1284 οἱ
1347 1258 1429 1293 ἱερεῖς
1445 1258 1658 1294 παραγενόμενοι
1676 1259 1717 1290 εἰς
1731 1259 1779 1285 τὸν
1797 1259 1866 1290 ναὸν,

1079 1303 1236 1336 ὲξενίζοντο,
1255 1303 1324 1330 κατὰ
1340 1305 1370 1330 τὸ
1386 1304 1480 1335 εἰωθὸς
1498 1304 1534 1340 μὴ
1552 1305 1758 1340 ὑπαντήσαντος
1780 1305 1867 1336 αὑτοξ

1078 1349 1124 1375 τοῦ
1140 1349 1300 1385 ἀρχιερέως,
1322 1350 1369 1375 καὶ
1385 1350 1515 1384 ἐπέμενον
1538 1348 1689 1385 ἑξω,Ὠρας
1705 1348 1753 1376 οὖν
1770 1351 1866 1386 παρελ-

1078 1394 1188 1428 κούσης,
1207 1392 1246 1425 εἷς
1262 1403 1302 1426 τις
1317 1394 1345 1427 ἐξ
1361 1394 1448 1421 αὐτῶν
1472 1394 1602 1420 εἰσελθεῖν
1627 1395 1865 1429 ἀπετόλμησεν.”0

1077 1440 1105 1465 δὲ
1122 1439 1219 1476 θεωρεῖ
1232 1437 1300 1474 αἷμα
1315 1440 1438 1475 πεπηγὸς
1451 1440 1525 1475 παρὰ
1547 1439 1578 1466 τὸ
1601 1439 1805 1475 θυσιαστήριον,
1823 1441 1865 1466 καὶ

1078 1486 1170 1512 ἀκούει
1196 1486 1286 1520 φωνῆς
1308 1486 1452 1521 λεγούσης·
1469 1486 1606 1522 Ζαχαρίας
1626 1486 1802 1519 πεφόνευται,
1821 1486 1864 1512 καὶ

1077 1532 1127 1558 οὐκ
1148 1531 1369 1567 ἐξαλειφθήσεται
1392 1531 1422 1558 τὸ
1445 1530 1513 1566 αἷμα
1537 1531 1630 1563 αὑτοῦ,
1652 1532 1706 1563 ἓως
1722 1532 1755 1558 ἂν
1773 1531 1862 1568 ἕλθηό

1076 1578 1190 1610 ἔκδικος.
1200 1578 1316 1604 ’Δκούων
1340 1578 1404 1613 γοῦν
1424 1578 1510 1604 ταῦτα
1535 1578 1653 1614 ἔμφοϐος
1677 1578 1799 1611 ἐγένετο,
1820 1578 1862 1604 καὶ

1076 1623 1190 1657 ἐξελθὼν
1203 1625 1257 1655 τοῖς
1268 1624 1386 1660 ἱερεῦσιν
1400 1624 1573 1660 ἀπήγγειλεν.
1591 1626 1621 1651 υἱ
1636 1624 1674 1656 δὲ,
1687 1624 1861 1656 εἰσελθόντες,

1075 1671 1106 1697 τὸ
1123 1671 1172 1706 μὲν
1188 1671 1266 1706 σῶμα
1284 1671 1333 1697 οὐκ
1348 1669 1426 1704 εἶδον,
1442 1673 1466 1698 εἰ
1488 1672 1525 1706 μὴ
1540 1671 1570 1698 τὸ
1585 1670 1664 1706 αἷμα,
1683 1671 1732 1698 καὶ
1745 1671 1796 1702 τὰς
1811 1679 1862 1696 στο-

1075 1716 1122 1748 λὰς
1134 1716 1237 1743 ἑαυτῶν
1245 1717 1448 1752 διαρρήξαντες,
1460 1717 1601 1751 ἐκόψαντο,
1608 1718 1655 1743 καὶ
1663 1717 1703 1752 τῷ
1714 1717 1773 1752 λαῷ
1783 1717 1860 1752 ἀνήγ-

1075 1762 1176 1796 γειλαν,
1191 1763 1237 1789 καὶ
1253 1763 1316 1798 τρία
1328 1763 1485 1798 νυχθήμερα
1504 1764 1547 1789 ἐπ’
1565 1763 1638 1798 αὐτῷ
1658 1763 1758 1798 θρῆνον
1772 1763 1859 1796 ἐποίη-

1076 1818 1135 1836 σαν.
1152 1810 1205 1836 Καὶ
1224 1810 1291 1845 μετὰ
1307 1809 1392 1836 ταῦτα
1412 1811 1541 1844 Συμεῶνα
1564 1811 1604 1840 είς
1625 1809 1675 1844 τὴν
1690 1809 1768 1841 τάξιν
1782 1807 1858 1835 αὐτοῦ

1075 1855 1167 1891 κλήρῳ
1183 1857 1361 1890 κατέστησαν,
1377 1856 1405 1888 ὃς
1419 1857 1540 1892 ὑπῆρχεν
1556 1855 1608 1882 ὑπὸ
1622 1855 1668 1881 τοῦ
1683 1855 1761 1889 ἁγίου
1778 1854 1856 1880 1]νεὺ-

1076 1910 1160 1936 ματος
1176 1902 1371 1938 χρηματισθεὶς
1387 1902 1424 1937 μὴ
1438 1902 1499 1928 ἰδεῖν
1511 1901 1635 1933 θάνατον,
1650 1901 1702 1932 ἕως
1719 1900 1752 1927 ἂν
1767 1900 1806 1935 ἴδη
1818 1900 1858 1926 τὸν

1074 1948 1189 1983 Χριστὸν
1202 1949 1315 1983 Κυρίου.

1111 1994 1193 2030 Ἀλλη
1211 1994 1238 2020 δέ
1256 2003 1296 2025 τις
1321 1994 1426 2030 ἱστορία
1451 1994 1515 2029 περὶ
1531 1993 1576 2020 τοῦ
1593 1994 1730 2029 Ζαχαρίου
1748 1994 1858 2029 ἐμφέρε-

1073 2049 1132 2067 ται·
1157 2040 1194 2072 ὼς
1208 2041 1260 2076 ἄρα
1271 2038 1305 2076 ἦν
1319 2049 1360 2072 τις
1378 2040 1441 2076 περὶ
1456 2040 1502 2066 τὸν
1514 2039 1577 2066 ναὸν
1592 2039 1684 2071 τόπος,
1700 2039 1766 2065 ἔνθα
1782 2040 1857 2074 μόνας

1072 2086 1121 2118 τὰς
1138 2086 1288 2121 παρθένους
1310 2086 1373 2120 ἐξῆν
1396 2086 1532 2116 εἰσιούσας
1555 2086 1717 2121 προσκυνεῖν
1732 2084 1771 2120 τῷ
1787 2084 1855 2119 Θεῷ·

1072 2131 1121 2163 τὰς
1137 2132 1164 2158 δὲ
1180 2131 1348 2167 γαμηθείσας
1368 2132 1404 2167 μὴ
1424 2131 1493 2157 εῐναι
1513 2131 1636 2166 νόμιμον.
1646 2131 1678 2156 Ἠ
1695 2129 1743 2157 οὖν
1758 2131 1854 2166 Μαρία,

239 2169 407 2195 Salvatorem
424 2169 544 2204 genitum
561 2170 645 2200 stetit,
664 2170 691 2197 in
706 2171 765 2198 loco
782 2171 842 2202 hoc,
860 2179 940 2206 quam
956 2179 1018 2198 cum

1079 2178 1226 2212 γεννήσασα
1250 2177 1295 2203 τὸν
1322 2177 1445 2212 Σωτῆρα,
1463 2176 1588 2208 ἐλθοῦσα,
1603 2176 1667 2212 ἔστη
1685 2177 1714 2203 ἐν
1731 2176 1770 2212 τῷ
1788 2177 1854 2211 τόπῳ

238 2213 420 2249 impedirent,
451 2215 497 2249 qui
527 2223 586 2242 eam
615 2215 672 2250 jam
707 2217 844 2251 peperisse
870 2222 1019 2250 noverant,

238 2259 385 2287 Zacharias
410 2260 560 2293 fatebatur,
576 2270 635 2289 eam
653 2261 762 2297 dignam
784 2271 861 2295 esse,
883 2271 943 2298 qum
968 2272 1021 2291 una

236 2313 300 2332 cum
320 2306 474 2341 virginibus
489 2311 715 2335 commoraretur.
741 2309 834 2343 itaque
852 2317 914 2336 eum
937 2310 1020 2337 veluti

234 2351 338 2386 jurium
353 2352 511 2380 violatorem
522 2373 529 2385 ,
550 2357 577 2380 et
597 2353 624 2380 in
641 2354 729 2380 locum
747 2354 881 2389 virginum
897 2355 1019 2390 iniquum

236 2397 308 2424 inter
333 2398 419 2425 altare
442 2399 623 2427 trucidavere.
646 2399 680 2427 Et
701 2400 758 2427 haec
780 2408 828 2436 per
843 2405 1020 2429 transennam

236 2444 378 2479 obiterque
394 2444 464 2472 dicta
476 2451 550 2473 sunt.

271 2489 357 2517 Porro
370 2489 469 2525 Joseph
482 2499 496 2518 ει
514 2491 645 2520 fratribus
656 2493 683 2519 in
697 2492 813 2528 Egypto
835 2494 962 2526 traditus,
979 2495 1020 2521 di-

236 2536 300 2562 vino
316 2536 421 2564 afﬂatus
432 2535 557 2568 Numine,
574 2537 846 2571 Pharaonissomniis
858 2540 1020 2575 interpreta-

237 2580 309 2608 tione
325 2582 467 2616 explicatis
486 2583 506 2615 ¹,
518 2584 603 2611 totius
620 2583 728 2620 :Egypti
749 2585 875 2621 princeps
896 2587 1021 2613 nomina-

237 2631 282 2654 tus
297 2632 351 2660 est,
367 2633 393 2655 et
406 2629 476 2656 fame
501 2633 587 2657 totum
605 2635 739 2658 terrarum
757 2632 850 2659 orbem
875 2632 1017 2668 aﬂligente,

238 2671 335 2700 fratres
356 2674 382 2700 in
400 2673 545 2710 (Egyptian)
570 2684 599 2703 se
615 2677 768 2709 conferunt,
793 2677 969 2710 frumentum,
993 2682 1020 2705 et

238 2715 288 2751 ipsi
305 2722 332 2744 ut
348 2718 410 2745 fami
427 2720 600 2748 mederentur
610 2723 727 2757 empturi
739 2723 815 2756 ’,eta
827 2723 958 2751 fratribus
974 2731 1018 2752 re-

263 2806 297 2846 λ’·
311 2805 377 2834 Ibid.
398 2808 440 2835 16.
479 2810 500 2825 θ’
513 2809 577 2838 Luc.
591 2819 621 2843 ll,
638 2811 681 2839 Ην.
710 2813 729 2849 >¹
743 2812 807 2840 Cen.
822 2820 877 2840 xu.
905 2814 925 2849 ι’
946 2812 1016 2840 Ibid.

1071 2224 1167 2259 τούτῳ.
1186 2224 1352 2250 Κωλυόντων
1377 2222 1422 2250 οὖν
1442 2224 1526 2260 αὐτὴν
1539 2224 1593 2250 τῶν
1612 2224 1722 2250 εἰδότων
1734 2232 1854 2258 γεγεννη-

1071 2272 1149 2296 κυῖαν
1164 2270 1257 2305 αὐτὴν,
1267 2270 1281 2295 ὁ
1292 2271 1426 2306 Ζαχαρίας
1439 2271 1530 2304 ἔλεγεν
1543 2271 1620 2303 ἀξίαν
1637 2271 1721 2306 αὐτὴν
1737 2269 1853 2298 εἶναιτοῦ

1070 2316 1152 2343 τόπον
1164 2317 1216 2343 τῶν
1231 2317 1382 2353 παρθένων,
1392 2314 1493 2349 Ὠςόὖν
1503 2316 1712 2352 παρανομοῦντα
1727 2317 1806 2343 αὑτὸν
1818 2317 1853 2346 εἰς

1070 2363 1115 2389 τὸν
1138 2363 1219 2389 τόπον
1234 2363 1288 2389 τῶν
1309 2363 1451 2398 παρθένων
1473 2363 1572 2398 μεταξὺ
1595 2362 1642 2389 τοῦ
1665 2362 1852 2398 θυσιαστηρίου

1071 2409 1242 2435 ἀπέκτειναν.
1261 2409 1315 2435 Καὶ
1331 2408 1416 2435 ταῦτα
1430 2409 1478 2444 μὲν
1495 2409 1532 2440 ὡς
1544 2410 1572 2435 ὲν
1585 2409 1694 2444 παρόδῳ
1707 2409 1811 2444 ἐλέχθη.

1111 2498 1208 2534 Ἰωσὴφ
1229 2498 1266 2530 δὲ,
1284 2498 1424 2530 ἀποδοθεὶς
1444 2499 1472 2525 ἐν
1496 2499 1625 2534 Αἰγύπτῳ
1645 2499 1699 2526 ὑπὸ
1715 2500 1770 2526 τῶν
1785 2499 1850 2527 ἀδελ-

1071 2543 1138 2578 φῶν,
1149 2543 1207 2579 θεία
1219 2545 1324 2580 ἐπινοίᾳ
1336 2544 1374 2579 τῷ
1389 2544 1487 2580 Φαραὼ
1497 2545 1634 2580 διακρίνας
1643 2545 1782 2581 ὀνείρατα,
1796 2547 1849 2581 137:—

1072 2588 1129 2624 μὼν
1152 2590 1241 2624 πάσης
1266 2591 1316 2626 τῆς
1339 2590 1474 2624 Αἰγύπτου
1495 2591 1666 2618 καθίσταται.
1699 2593 1756 2618 Kal.
1781 2591 1847 2626 λιμοῦ

1070 2635 1159 2661 πᾶσαν
1176 2635 1313 2668 πιέζοντος
1323 2637 1372 2671 τὴν
1385 2637 1445 2672 γῆν,
1460 2638 1484 2663 οἱ
1500 2637 1608 2671 ἀδελφοὶ
1624 2637 1708 2664 αὐτοῦ
1726 2637 1847 2673 κατῆλθον

1070 2682 1109 2712 εἰς
1124 2682 1268 2716 Αίγυπτον,
1291 2685 1362 2709 σῖτον
1377 2684 1424 2710 καὶ
1443 2684 1518 2710 αὐτοὶ
1538 2684 1582 2710 διὰ
1604 2684 1650 2710 τὸν
1663 2683 1744 2719 λιμὸν
1759 2683 1847 2719 ama

1072 2735 1160 2762 μενοι·
1187 2729 1232 2755 καὶ
1254 2729 1465 2765 ἀναγνωρισθεὶς
1487 2730 1576 2762 αὐτοῖς
1601 2729 1719 2766 Ἰωσὴφ,
1746 2729 1846 2766 μἰθιιιτᾷ
