1909 3071
64 118 112 146 7η

60 178 149 208 αὐτοὺς
167 175 225 211 ἅμα
238 174 275 210 τῷ
291 175 373 207 πατρὶ
390 173 484 201 Ἰακὼὸ
496 175 535 205 εἱς
549 173 597 209 τὴν
614 173 749 207 Αἴγυπτον
766 182 837 207 παγ-
853 177 873 204 Α

60 223 128 258 γενῆ.
141 221 186 256 Τῷ
202 222 250 256 μὲν
267 221 319 256 γὰρ
338 219 442 247 Ῥουϐὶν
457 220 587 254 τέσσαρες
600 220 692 250 παῖδες
705 219 837 253 ἐγένοντο,

65 267 151 302 Ἑνὼχ,
165 266 258 297 Φαλὲς,
279 265 400 301 ’Λρρὼμ,
421 264 542 300 Χαρμεί·
560 264 599 299 τῷ
618 264 645 289 δὲ
668 263 779 298 Συμεὼν
798 263 837 296 ἓξ,

65 313 182 349 ’1ε6ουὴλ,
205 312 303 347 Ἰαῆὴν,
325 310 400 343 ’Λὼδ,
423 311 510 346 Ἀχιὴ,
526 310 606 345 Σαδὴ,
621 310 722 335 Σαούλ·
741 309 786 336 καὶ
800 308 838 344 τῷ

59 359 117 387 Δευϊ
140 360 223 394 τρεῖς,
251 356 364 388 Γεδσὼν,
402 356 487 391 Busa,
515 355 561 381 καὶ¹
588 353 725 390 Μεναρεί·
749 354 788 389 τῷ
809 354 838 380 δὲ

65 405 142 432 Ἰούδα
154 404 244 435 πέντε,
255 403 318 438 Ἤρ,
331 402 432 433 Δὺνὼν,
443 402 548 432 οἵτινες,
561 400 650 432 καοὼς
665 401 836 436 προεγράφη,

60 448 194 480 ἀπέθανον,
216 447 324 483 Σηλὼμ,
340 447 436 482 Φαρὲς,
454 446 544 482 Ζαρά·
563 445 602 481 τῷ
623 446 652 472 δὲ
673 447 760 482 Φαρὲς
781 445 836 479 δύο,

65 494 181 530 ’Δῤῥὼμ,
211 494 257 520 καὶ
281 493 402 528 ’ῐεμοήλο
427 492 466 527 τῷ
488 492 516 518 δὲ
542 492 667 528 Ἰσσάχαρ
696 492 836 527 τέσσαρες,

61 538 225 569 Θαλὰ.Φονὰ,
249 539 365 572 Ίασοὺφ,
393 538 512 573 Ζαδράν·
528 537 567 572 τῷ
587 537 727 563 Σαϐουλὼν
752 538 836 573 τρεῖς,

61 586 160 621 Σερδὲρ,
184 584 292 615 Ἀλδὼν,
318 584 400 619 Λίήλ·
419 584 443 610 οί
464 584 564 615 πάντες
584 584 729 619 τριάκοντα
752 585 836 619 τρεῖς,

60 633 87 658 ὲκ
102 631 149 666 τῆς
169 630 250 662 Λείας
267 631 296 656 τὸ
310 631 386 664 γένος
406 630 521 665 ἔχοντες,
541 631 588 657 καὶ
612 630 747 665 θυγατέρα
763 631 836 656 Δίνα.

64 677 190 711 Ἐγένοντο
201 674 229 702 δὲ
247 676 292 702 καὶ¹
310 675 348 711 τῷ
362 674 413 701 Γὰδ
429 675 482 701 υίοὶ
496 674 575 705 ἑπτὰ,
592 673 698 708 Σαφὼν,
716 673 836 707 ’Λγγεις,

60 723 163 755 Σαῦνις,
188 722 324 752 Θασοῦὰθ,
353 722 458 756 ’Λήδις,
486 721 628 756 ’Λνοήδης,
651 720 773 757 Ἀρίλης·
798 719 837 754 τῷ

60 771 83 796 δὲ
101 769 179 804 ’Δσὴρ
195 769 337 804 τεσσαρες,
357 767 454 802 Ἰεμνὰ,
478 767 555 798 Ἰουλ,
581 766 681 802 Μερία,
700 767 746 793 καὶ
767 766 838 801 Σερὰ

60 816 186 851 θυγάτηρ·
219 816 252 841 ὲκ
276 814 304 840 δὲ
325 813 372 840 τοῦ
396 813 477 848 Βερία
505 813 688 848 ἐγεννήθησαν
721 811 835 847 Χοῖὼρ,

61 862 99 889 καὶ
109 849 234 896 Μελχιήλ·
257 857 329 886 οὗτοι
346 860 445 891 πάντες
463 859 491 892 ἓξ
514 859 561 885 καὶ
576 859 640 885 δέκα
661 858 713 884 υἱοὶ
732 858 838 892 Ζελφᾶς
853 849 874 876 Β

60 909 101 942 τῆς
115 907 254 941 παιδίσκης
273 906 364 937 Λείας,
384 906 444 941 ἥτις
472 907 510 937 είς
535 905 620 940 ὄνομα
639 905 689 940 τῆς
703 904 783 936 Λείας
799 904 838 939 τῷ

64 954 150 981 Ἰακὼὸ
174 954 272 984 αὐτοὺς
299 953 451 987 ἐγέννησεν.
480 952 642 987 Ἐτέχθησαν
668 950 696 977 δὲ
726 951 773 977 καὶ
799 950 838 985 τῷ

65 999 152 1034 Ἰωσὴφ
177 1000 206 1026 ὲν
237 998 366 1033 Αίγύπτῳ
394 998 487 1029 παῖδες
514 997 578 1029 δύο,
614 997 762 1032 Μανασσῆς
790 995 837 1022 καὶ

64 1046 180 1082 Ἐφραίμ,
205 1045 253 1077 οὓς
274 1045 365 1072 ἔτεκεν
389 1045 462 1080 αὺτῷ
482 1044 584 1070 Ἀσινὲθ
612 1044 734 1078 θυγάτηρ
753 1043 837 1069 Πετε·

61 1093 108 1127 φρῆ
121 1091 218 1118 Ἠλιοῦ.
235 1092 290 1118 Καὶ
305 1092 337 1118 ἐκ
359 1091 408 1126 μὲν
424 1090 471 1117 τοῦ
486 1089 618 1124 Μανασσῆ
632 1088 760 1124 ἐγεννήθη
778 1089 838 1115 Μαι

62 1139 112 1173 χεὶρ
125 1138 155 1164 ὲκ
169 1138 294 1173 παλακῆς
309 1137 408 1173 Συρίας
418 1136 456 1172 τῷ
467 1136 540 1170 γένει
550 1142 556 1150 ⁸
573 1137 587 1162 ὁ
600 1136 628 1162 δὲ
643 1135 749 1171 Μαχεὶρ
761 1135 837 1169 ἐγέν-

61 1193 116 1220 νησε
136 1184 178 1211 τὸν
197 1185 216 1210 Γ
218 1184 317 1211 αλαάδ⁸
341 1185 374 1210 ὲκ
395 1184 423 1210 δὲ
440 1183 486 1209 τοῦ
515 1182 632 1218 Ἐφραῒμ
654 1182 836 1219 ἐγεννήθησαν

63 1230 107 1256 υἱοὶ
121 1229 269 1264 Σουταλὰμ,
283 1229 346 1261 Βὰδ,
363 1229 435 1264 Λάμ.
454 1229 500 1255 Ἐκ
509 1228 538 1255 δὲ
548 1228 593 1255 τοῦ
606 1227 747 1263 Σουταλὰμ
762 1229 838 1262 ὲγενα

62 1275 118 1311 νήθη
134 1275 214 1302 Ἐδέν.
234 1275 280 1310 Τῷ
300 1275 328 1302 δὲ
351 1275 480 1310 Βενιαμὶν
503 1275 550 1301 καὶ
574 1274 648 1309 αὐτῷ
672 1274 717 1300 δύο
743 1273 836 1305 παῖδες

63 1321 179 1355 ἐγένοντο,
195 1321 375 1358 Βαλλαχοὸὼρ
400 1322 445 1348 καὶ
464 1322 581 1357 Ἀσσαήρ
591 1330 598 1337 ”
614 1322 645 1347 ὲκ
662 1321 689 1347 δὲ
704 1321 749 1347 τοῦ
767 1320 836 1347 Βαλι-

63 1368 171 1404 λαχοϐὼρ
181 1369 283 1404 Γηρὰν,
293 1368 340 1396 καὶ
353 1369 465 1403 Νοεμὶν,
477 1368 523 1394 καὶ
533 1368 634 1402 Λάχης,
650 1367 696 1394 καὶ
717 1367 834 1402 Ἐσρὼμ,

63 1415 101 1440 καὶ
110 1414 212 1450 Μαμφί,
233 1415 335 1450 Μαμφὶ
348 1414 376 1441 δὲ
389 1414 516 1448 ἐγέννησε
528 1413 573 1440 τὸν
593 1413 673 1448 Ἀράδ
683 1422 689 1428 ”
701 1411 772 1440 οὗτοι
785 1413 836 1439 υἱοὶ

67 1459 153 1496 Ῥαχὴλ
167 1462 190 1487 ol
206 1462 307 1493 πάντες
321 1460 516 1488 ὀκτωκαίδεκα.
537 1460 600 1492 Υἱὸς
619 1460 647 1487 δὲ
669 1461 776 1494 ἐγένετο
797 1459 836 1495 τῷ

62 1506 117 1533 Δάδ’
138 1506 182 1533 τοῦ
208 1507 235 1533 δὲ
263 1506 419 1541 Νεφθαλεὶμ
441 1506 549 1542 Ἀσιὴλ,
574 1505 621 1532 καὶ
644 1505 663 1531 Γ
664 1506 762 1540 οῡμὶν,
789 1505 836 1532 κα)⁵

67 1552 155 1588 Ἰσαὰρ,
166 1554 210 1579 καὶ
221 1553 315 1588 Συλήμ
324 1561 330 1568 ·
344 1550 416 1579 οὗτοι
429 1552 480 1578 ιξοὶ
497 1551 600 1584 Βάλλας
615 1549 758 1586 παιδίσκης
773 1551 836 1577 Ῥα-

63 1597 105 1633 χὴλ
117 1599 140 1624 οι
155 1599 251 1631 πάντες
269 1598 347 1626 ἑπτά.
364 1599 394 1624 ὐ
417 1597 445 1624 δὲ
467 1597 600 1633 μακάριος
620 1596 715 1623 Ἰακὼϐ
735 1596 782 1632 ἔτη
804 1596 837 1623 τὰ

63 1645 138 1671 πάντα
156 1644 256 1680 βιώσας
279 1644 350 1680 ρμς,
365 1645 393 1670 ὲν
416 1643 545 1678 Αἰγύπτῳ
558 1643 676 1669 ἀπέθανε
686 1663 694 1674 ,
707 1642 837 1678 πρότερον

63 1690 162 1717 ἷκαστον
175 1691 227 1717 τῶν
244 1691 310 1717 υἱῶν
326 1690 407 1717 αὑτοῦ
427 1690 562 1725 διαφόροις
576 1689 710 1723 εὐλογίαις
726 1689 837 1724 εὐλογή-

64 1744 113 1768 σας.
128 1736 178 1764 Καὶ
191 1737 239 1773 τὴν
261 1737 309 1772 μὲν
325 1737 447 1770 εὐλογίαν
469 1735 522 1762 τῶν
543 1736 721 1772 πρωτοτόκων
740 1735 836 1770 Ἰωσὴφ

64 1782 208 1818 παρέσχετο,
220 1785 268 1810 καὶ
283 1783 343 1818 οὐχὶ
360 1783 478 1809 Ῥουόίν-
492 1782 556 1809 διότι
577 1783 591 1808 ὁ
616 1782 664 1818 μὲν
683 1781 780 1816 Ἰωσὴφ
799 1781 836 1817 μὴ

63 1827 125 1860 εἴξας
139 1829 213 1864 ἡδονῇ
231 1829 281 1864 τῆς
298 1828 448 1862 Αἰγυπτίας
468 1827 622 1863 ἐδικαιώθη,
645 1828 659 1853 ὁ
682 1827 709 1853 δὲ
732 1827 835 1853 Ῥουὸὶν

63 1873 173 1909 ἡττηθεὶς
184 1875 319 1910 ἥμαρτεν·
341 1874 427 1906 ἄλλως
443 1883 471 1900 τε
484 1875 524 1900 ὃτι
550 1874 597 1900 καὶ
620 1875 652 1900 ἐκ
668 1874 718 1908 τῆς
736 1872 836 1909 Ῥαχὴλ

65 1922 217 1955 πρωτότοκος
231 1922 347 1957 ὑπῆρχε,
365 1922 411 1947 καὶ
425 1922 458 1956 τῇ
474 1921 558 1947 Ἰούδα
574 1920 642 1956 φυλῇ
657 1920 835 1956 ἀπεκλήρωσε

64 1964 104 1999 τὴν
122 1965 262 2000 βασιλείαν,
283 1967 329 1993 καὶ
352 1967 382 1992 οὐ
407 1967 440 2001 τῇ
463 1965 509 1992 τοῦ
529 1966 647 1992 Ῥουδίν⁸
663 1965 729 1991 διότι
752 1967 765 1992 ὁ
786 1966 836 2000 μὲν

68 2008 155 2042 Ἰούδας
168 2013 195 2037 ἐν
211 2011 320 2045 γυναικὶ
333 2011 485 2046 ὠνειδίσοη,
498 2011 512 2036 ὁ
525 2011 554 2037 δὲ
574 2010 728 2046 ἐδικαιώθη.
740 2011 836 2046 ὁμολοι

64 2055 139 2089 γήσας
164 2057 339 2091 εὐγνωμόνως
368 2055 463 2083 ἑαυτὸν
485 2057 627 2091 τυγχάνειν
652 2058 684 2091 τῇ
715 2057 835 2092 ἁμαρτίᾳ

65 2099 206 2134 ὑπεύθυνον,
220 2103 267 2129 καὶ
281 2102 310 2128 οὺ
321 2103 369 2137 τὴν
381 2101 505 2136 γυναῖκα.
524 2101 603 2128 Ἀλλὰ
618 2102 665 2128 καὶ
677 2102 745 2128 κατὰ
757 2102 836 2129 τοῦτο

67 2143 198 2178 βασιλεύειν
218 2147 330 2182 ἐτάχθη,
357 2147 449 2182 ἐπειδὴ
473 2147 539 2181 μόνη
561 2146 614 2173 τῶν
635 2146 721 2173 ἄλλων
745 2146 835 2181 φυλῶν

67 2190 204 2228 ίταμωτέρα
215 2193 282 2229 πρὸς
292 2193 370 2228 ζῆλον
385 2194 430 2219 καὶ
441 2192 578 2227 ἐκδίκησιν
593 2192 660 2218 Θεοῦ
676 2192 831 2227 ἐτύγχανεν·
850 2191 871 2219 D

65 2235 97 2262 διὸ
108 2238 150 2263 καὶ
162 2239 189 2271 ἐξ
207 2239 288 2265 αὐτοῦ
303 2239 382 2273 φῦναι
394 2238 559 2274 προφητεύει
573 2239 617 2264 τὸν
633 2238 747 2273 Χριστὸν
762 2237 832 2264 κατὰ

68 2282 152 2316 σάρκα,
164 2285 208 2310 καὶ
221 2284 270 2320 τὴν
288 2285 382 2319 κλῆσιν
399 2284 432 2310 δι’
447 2284 528 2311 αὐτοῦ
547 2283 600 2309 τῶν
615 2284 708 2310 ἐθνῶν.
725 2284 778 2310 Καὶ
794 2283 832 2319 τῷ

67 2327 121 2353 Λευῖ
136 2329 160 2355 δὲ
174 2330 221 2365 τὴν
235 2331 436 2365 ἀρχιερωσύνην
460 2330 531 2365 μόνῳ
551 2329 690 2364 ἀπένειμε,
706 2329 800 2356 καθότι
818 2331 832 2356 ὸ

74 2372 168 2410 ’Λμρὰμ
187 2376 214 2409 ἐξ
231 2376 311 2403 αὑτοῦ
333 2379 393 2411 φὺς,
414 2375 444 2403 τὸ
466 2377 552 2411 δόγμα
577 2376 623 2402 τοῦ
645 2375 744 2411 Φαραὼ
764 2385 833 2412 παρ-

67 2420 206 2454 εκρούσατο,
224 2424 326 2449 καὶτὸν
349 2423 405 2449 υἱὸν
427 2423 522 2448 ἑαυτοῦ
546 2422 592 2448 τὸν
610 2422 730 2457 Μωῦσῆν
752 2421 835 2453 ἐζωοέ

68 2465 159 2500 ποίησε.
185 2468 269 2494 Μόνον
299 2468 327 2494 δὲ
354 2468 398 2495 τὸν
420 2468 525 2494 Ῥουϐὶν
554 2468 635 2494 πολὺν
661 2467 697 2503 τῷ
726 2467 836 2503 ἀριθμῷ

68 2509 173 2546 ἐποίησε,
195 2513 237 2540 διὰ
258 2513 287 2540 τὸ
311 2513 347 2549 μὴ
375 2514 525 2540 συναινέσαι
549 2515 594 2540 ἐπὶ
603 2515 635 2548 τῇ
656 2513 754 2548 Ἰωσὴφ
777 2514 836 2539 ἑπι-

68 2553 146 2592 6ουλῇ.
161 2558 370 2595 Τελευτήσαντος
391 2559 456 2594 γοῦν
472 2558 517 2585 τοῦ
538 2559 633 2585 Ἰακὼϐ
649 2559 677 2585 ὲν
696 2558 834 2593 Αἰγύπτῳ,

69 2600 100 2631 εἰς
117 2603 161 2638 τὴν
181 2605 333 2632 Χαναναίαν
353 2606 404 2640 γῆν
424 2605 580 2641 κηδεύουσιν
603 2604 833 2640 ἀποκομίσαντες⁶

68 2644 154 2679 δμοίως
169 2649 196 2676 δὲ
217 2651 263 2677 καὶ
285 2652 347 2682 τοὺς
363 2652 437 2682 υἱοὺς
459 2650 540 2677 αὑτοῦ
556 2651 667 2682 πάντας.
691 2650 751 2677 Ἐπὶ
766 2651 836 2677 τέλει

68 2689 91 2715 δὲ
112 2694 210 2721 καὶτὸν
232 2697 338 2732 Ἰωσὴφ,
362 2697 412 2731 τῆς
435 2696 570 2730 Αἰγύπτου
597 2697 835 2732 ἀποχωρήσαντες,

71 2737 207 2771 1κηδεύουσιν
222 2741 282 2768 ἔνθα
303 2744 317 2768 ὁ
334 2742 482 2779 προπάτωρ
498 2741 587 2768 αὐτῶν
601 2741 724 2777 Ἀϐραὰμ
739 2750 838 2777 προκε·

516 110 652 141 SPURIA.
673 127 708 133 —
725 86 904 139 conamur.
924 106 958 136 IN
975 106 1223 139 naxauuzaox.

1622 109 1672 140 778

887 170 1023 205 cognitus,
1041 169 1123 197 simul
1152 176 1214 196 cum
1244 173 1330 204 patre.
1357 177 1405 198 eos
1423 173 1451 198 et
1465 169 1602 199 universis
1625 179 1674 199 eo.

889 224 950 242 rum
966 215 1076 243 familiis
1102 215 1130 242 in
1148 214 1294 251 Egyptum
1312 220 1460 243 commutat
1485 217 1506 243 ³.
1524 216 1614 245 Rubin
1630 222 1673 245 et-

888 262 960 289 enim
975 265 1091 296 quatuor
1098 261 1227 288 liliierant
1239 261 1312 288 nati:
1328 261 1550 294 Enoch,Phales,
1561 263 1671 296 Arrom,

888 308 1015 339 Charini;
1032 307 1158 343 Symeoni
1174 315 1232 339 sex.
1252 306 1356 339 Jebuel,
1377 307 1473 340 Jaben,
1489 308 1557 342 Aod,
1575 309 1671 342 Achic.

889 354 971 387 Sade,
990 354 1070 387 Saul;
1086 353 1150 381 Levi
1169 359 1235 385 trcs,
1264 354 1381 386 Getlson,
1398 354 1486 382 Boach
1502 359 1529 382 et
1550 355 1669 389 Mennri;

887 400 963 427 Judaa
977 400 1096 435 quinque
1109 407 1115 426 :
1130 399 1193 432 Her,
1213 400 1321 431 Annon,
1339 401 1396 434 qui,
1413 405 1442 427 ut
1456 402 1582 437 superius
1599 402 1670 429 serit

889 450 964 480 ptum
978 450 1031 477 est,
1047 446 1225 473 decesserunt
1238 454 1244 478 ;
1261 445 1361 479 Sebon,
1374 446 1487 478 Phares,
1502 447 1585 480 Zara;
1602 447 1673 474 ΡΙιιιι

889 500 933 520 res
963 492 1028 523 duo.
1059 492 1164 524 Arron,
1191 496 1218 519 et
1241 492 1356 526 Jemuel;
1385 492 1510 520 lssachar
1536 500 1670 529 quatuor.

888 535 985 569 Thala,
1017 536 1121 568 Phona.
1146 536 1261 572 Jasuph,
1295 537 1418 572 Zabran;
1448 538 1570 567 Zabulon
1603 544 1671 572 tres.

889 581 999 615 Serder,
1018 583 1117 614 Aldon,
1133 582 1191 614 Ael,
1205 583 1250 617 qui
1263 591 1358 612 omnes
1375 584 1487 618 triginta
1502 589 1558 612 tres
1574 593 1606 612 ex
1624 585 1671 613 I.ia

888 628 1018 663 originem
1036 629 1160 661 trahunt,
1176 633 1203 656 et
1226 629 1280 656 ﬁlia
1297 629 1375 656 Dina.
1401 629 1461 657 Nati
1485 635 1550 658 sunt
1570 636 1596 658 et
1612 631 1671 659 Gad

887 679 1002 709 septem,
1017 674 1139 709 Saphon.
1150 675 1244 709 Angis,
1263 674 1373 707 Saunis,
1392 675 1559 709 Thasobath,
1576 678 1669 711 Aedis,

887 721 1016 752 Anocdis,
1032 721 1139 754 Ariles;
1159 721 1241 748 Asscr
1258 725 1384 756 quatuor,
1410 722 1507 755 Jenna,
1525 723 1596 756 Jeul,
1617 725 1673 752 illc-

887 767 941 799 ria,
958 771 984 794 el.
1011 767 1077 802 Syra
1108 768 1180 801 tilia;
1197 768 1289 798 Berice,
1310 768 1418 795 Chebor
1438 772 1466 796 et
1483 769 1616 798 Melehiel.
1639 770 1672 798 Hi

887 820 981 840 omnes
1007 813 1142 839 sexdecim
1161 813 1217 844 lilii,
1250 813 1376 847 Zelphas,
1401 815 1507 842 ancillze
1531 815 1595 848 Μαι,
1612 823 1672 851 quas

889 859 998 885 nomine
1013 859 1066 886 Lize
1075 867 1122 886 eos
1139 859 1241 887 Jacobo
1248 864 1433 895 generaverat.
1446 861 1491 888 Sic
1501 866 1527 889 ct
1544 863 1571 890 in
1587 863 1672 899 (Egy-

888 909 933 940 pto
958 905 1076 940 Josepho
1108 907 1164 933 nati
1199 911 1263 933 sunt
1296 907 1343 933 lilii
1375 908 1440 940 duo,
1471 908 1611 938 Manasses
1644 912 1671 938 ei

887 951 1025 986 l-Iphraim,
1044 960 1112 987 quos
1125 954 1227 996 peperit
1243 954 1279 981 illi
1295 953 1420 986 Asineth,
1450 955 1503 982 lilia
1519 955 1671 991 Petophrzc,

887 997 933 1024 lilii
948 998 1040 1029 Heliae.
1057 1003 1083 1026 et
1096 1007 1128 1027 ex
1142 999 1265 1028 Manasse
1277 1005 1353 1029 ortus
1369 1005 1410 1028 est
1424 1001 1527 1029 Machir
1541 1011 1556 1030 e
1572 1004 1670 1038 pellice

887 1042 955 1078 Syra
984 1051 1093 1078 genere.
1113 1045 1216 1072 Machir
1242 1046 1336 1081 genuit
1355 1046 1450 1075 Galad.
1480 1047 1519 1074 Ex
1542 1046 1670 1082 Ephralm

885 1089 941 1115 nati
961 1094 1025 1117 sunt
1043 1091 1101 1123 lilii,
1118 1089 1252 1123 Sutalam,
1281 1091 1345 1123 Bad,
1372 1092 1453 1125 Lam;
1484 1101 1516 1120 ex
1532 1093 1669 1127 Sutulam,

885 1134 978 1162 Edem.
997 1135 1136 1170 Benjamin
1149 1137 1212 1164 item
1238 1137 1292 1165 duo
1313 1138 1372 1169 ﬁlii.
1391 1138 1570 1166 Ballachobor
1580 1144 1606 1166 et
1617 1139 1671 1167 As-

885 1187 938 1207 ser.
952 1180 991 1207 Er
1008 1181 1196 1213 Ballachobor,
1211 1182 1320 1217 Geram,
1332 1189 1357 1211 et
1374 1183 1497 1216 Noemin,
1509 1188 1536 1212 et
1554 1184 1669 1218 Laches.

885 1230 912 1253 et
925 1226 1031 1259 Esrom,
1049 1231 1077 1255 et
1091 1227 1218 1263 Mamphi.
1233 1228 1348 1264 Mamplii
1359 1230 1452 1265 genuit
1466 1230 1555 1264 Arad;
1569 1231 1594 1258 hi
1609 1239 1669 1258 om-

886 1281 935 1301 nes
946 1272 1048 1301 Rachel
1072 1273 1120 1301 lilii
1136 1281 1252 1301 numero
1275 1275 1368 1302 decem
1393 1279 1420 1303 et
1438 1280 1511 1303 octo.
1527 1276 1581 1304 Dad
1597 1277 1669 1304 ﬁlius

886 1318 936 1345 l'uit
952 1317 1320 1355 Nephthalim,Nephthalim
1339 1321 1419 1354 Asiel,
1442 1325 1469 1349 et
1495 1322 1622 1358 Goymin,
1642 1326 1670 1350 et

886 1363 970 1397 lsaar,
988 1370 1015 1391 et
1030 1363 1139 1400 Sylem;
1154 1365 1181 1392 hi
1200 1366 1247 1393 lllii
1272 1365 1362 1393 Ballas
1376 1367 1481 1394 ancillae
1498 1366 1598 1395 Rachel
1618 1375 1670 1395 nu-

886 1417 961 1437 mero
978 1416 1090 1445 septem.
1110 1409 1161 1437 Sed
1171 1411 1266 1439 beatus
1278 1410 1372 1443 Jacob,
1384 1413 1462 1440 annis
1479 1417 1588 1441 centum
1604 1421 1672 1449 qua.

887 1455 1011 1491 draginta
1026 1460 1128 1491 septem
1150 1458 1278 1491 peractis,
1294 1465 1310 1485 e
1325 1458 1379 1485 vita
1390 1459 1671 1494 migravit.Primuma

887 1507 940 1535 que
954 1509 1118 1536 unoquoque
1134 1501 1189 1529 lilio
1206 1510 1336 1538 prospera
1351 1504 1508 1537 ominando,
1539 1506 1615 1532 varia
1629 1506 1671 1533 dl-

887 1554 1020 1581 versaque
1045 1547 1232 1575 benedictione
1261 1548 1415 1581 benedixit,
1441 1553 1467 1576 et
1498 1551 1671 1585 primogenitt

886 1593 1102 1620 benedictionem
1117 1594 1247 1628 elargitus
1260 1598 1303 1621 est
1317 1593 1435 1630 .losepllo
1448 1599 1474 1622 et
1489 1604 1542 1623 non
1559 1596 1648 1624 Rubin
1660 1603 1671 1631 ι

886 1640 958 1674 quod
972 1639 1072 1674 Ioseph
1088 1639 1214 1675 Egyptia
1230 1640 1367 1675 voluptate
1396 1642 1506 1669 minime
1530 1643 1669 1676 delinitus.

883 1686 974 1720 justus
986 1686 1094 1713 habitus
1109 1692 1159 1713 est.
1174 1686 1281 1713 “ubin‘
1295 1688 1329 1713 ab
1342 1694 1374 1713 ea
1385 1692 1528 1722 superatus
1538 1691 1669 1723 peccarit,

887 1732 1035 1766 praesertim
1048 1739 1108 1758 cum
1118 1740 1151 1759 ex
1169 1731 1271 1758 Rachel
1295 1724 1491 1767 primogenil'us
1506 1739 1588 1760 esset.
1606 1734 1669 1761 Tria

886 1777 931 1804 bui
946 1777 1022 1805 Judaa
1036 1782 1063 1805 et
1080 1785 1132 1805 non
1143 1777 1233 1804 Rubin
1249 1777 1428 1813 principatum
1450 1780 1585 1812 attribuit,
1597 1780 1670 1815 quod

885 1821 961 1849 Judze
975 1831 1024 1857 pro
1041 1823 1154 1849 muliere
1169 1823 1299 1857 probrum
1326 1823 1461 1857 objectqu
1485 1829 1543 1855 est:
1561 1825 1605 1852 hic
1621 1833 1671 1853 auo

885 1871 938 1895 lem
951 1868 1043 1902 justus
1072 1868 1191 1900 habitus.
1207 1876 1269 1895 cum
1283 1868 1398 1896 candide
1424 1869 1514 1897 fassus
1540 1876 1614 1898 esset
1629 1879 1671 1906 se,

886 1922 939 1941 non
954 1915 1106 1946 mulierem,
1119 1919 1229 1949 peccato
1245 1915 1403 1942 obnoxium.
1421 1916 1490 1948 Quin
1507 1921 1533 1943 et
1545 1922 1671 1952 proptere

885 1967 916 1987 ea
934 1960 971 1987 illi
994 1961 1124 1995 regnandi
1147 1961 1287 1995 provincia
1323 1962 1411 1988 delata
1431 1968 1482 1993 est.
1511 1964 1575 1998 quia
1605 1964 1670 1992 relic

885 2006 947 2040 quis
960 2006 1085 2033 tribubus
1111 2007 1169 2034 sola
1184 2006 1241 2033 haec
1266 2012 1425 2034 constanter
1444 2010 1530 2043 magis
1568 2010 1670 2045 magis-

885 2060 937 2086 que
950 2059 1043 2079 severe
1058 2056 1087 2079 ut
1101 2052 1156 2080 Deo
1170 2053 1284 2087 injurias
1311 2054 1398 2082 illatas
1428 2056 1613 2089 ulcisceretur,
1629 2057 1670 2084 lat

885 2097 1017 2131 borabat;
1033 2102 1197 2133 quapropter
1227 2103 1253 2127 et
1269 2100 1408 2128 Christum
1433 2102 1585 2129 secundum
1608 2110 1671 2130 cur-

886 2150 966 2174 nem,
986 2151 1019 2170 ex
1047 2151 1078 2170 ea
1104 2144 1250 2171 oriundum
1276 2146 1454 2178 vaticinatur,
1481 2149 1506 2173 et
1534 2153 1582 2181 per
1607 2154 1670 2174 eum

885 2189 1055 2216 vocationem
1084 2189 1204 2223 gentium
1235 2189 1364 2216 futuram.
1385 2189 1448 2218 Levi
1471 2199 1607 2219 summum
1625 2199 1670 2219 sae

885 2234 1035 2262 cerdotium
1052 2235 1135 2265 dedit,
1147 2235 1218 2270 quod
1235 2235 1344 2262 Amram
1359 2244 1390 2263 ex
1403 2245 1435 2264 eo
1447 2241 1533 2268 ortus.
1551 2237 1671 2265 Pharao-

886 2281 929 2307 nis
957 2281 1054 2316 dogma
1077 2281 1225 2309 refellendo
1254 2283 1398 2318 coarguit.
1425 2283 1563 2318 ﬁliumque
1589 2291 1670 2313 suum

887 2325 1006 2362 Moysem
1022 2327 1083 2354 vitze
1095 2327 1222 2354 servavit.
1239 2327 1356 2354 Tantum
1385 2328 1475 2356 Rubin
1501 2330 1670 2365 lrequentem

888 2373 1051 2408 uberemque
1074 2381 1186 2401 numero
1202 2374 1360 2406 dcclaravit,
1377 2376 1449 2409 quod
1476 2376 1508 2402 ad
1522 2376 1671 2411 Joscphum

888 2419 1054 2454 perdendum
1067 2428 1121 2447 non
1136 2421 1286 2448 consensit.
1314 2420 1406 2455 Itaque
1427 2426 1535 2449 mortuo
1548 2422 1632 2450 Jacob
1643 2423 1670 2450 in

889 2464 1017 2500 Egypto,
1045 2466 1071 2492 in
1092 2466 1307 2493 Cliananmorum
1332 2467 1469 2501 regionem
1486 2469 1611 2495 translati
1628 2468 1672 2496 fu—

889 2512 963 2538 ncris
971 2512 1114 2546 exsequias
1128 2512 1262 2546 prosecuti
1272 2518 1335 2539 sunt
1349 2510 1504 2545 ',simi|iler
1513 2516 1539 2540 et
1554 2514 1670 2541 ﬁliorum

888 2557 948 2591 ejus
964 2559 1095 2585 omnium.
1119 2557 1239 2585 Tandem
1254 2562 1280 2585 ct
1294 2557 1393 2592 Joseph
1408 2566 1438 2586 ex
1457 2558 1577 2594 (Egypto
1596 2567 1672 2587 ποθι

889 2603 998 2635 dentes,
1030 2604 1164 2638 sepeliunt
1192 2605 1219 2636 ‘,
1249 2605 1295 2631 ubi
1310 2612 1406 2631 eorum
1434 2606 1543 2640 generis
1572 2609 1671 2633 auctor

890 2650 1025 2677 Abraham
1039 2651 1114 2685 prius
1128 2651 1256 2678 humatus
1270 2651 1356 2678 fuerat
1368 2660 1375 2683 ς
1389 2658 1421 2678 eo
1438 2651 1464 2681 in
1477 2651 1536 2679 loco
1552 2651 1671 2679 terebint

891 2696 954 2723 tlms
969 2696 1054 2723 inerat
1068 2697 1119 2723 sub
1130 2704 1183 2731 qua
1198 2696 1282 2724 Jacob
1296 2696 1387 2724 Laban
1400 2697 1471 2727 idola
1486 2697 1633 2724 abscondit
1648 2696 1670 2730 ",

890 2749 971 2776 quam
987 2741 1019 2768 ad
1037 2742 1093 2769 haec
1107 2746 1229 2777 tempora
1244 2743 1271 2769 in
1287 2743 1418 2778 majorem
1433 2744 1576 2777 honorem,
1590 2743 1673 2772 vicini

113 2815 190 2845 'Ccl.
205 2826 275 2847 XLVI.
314 2821 324 2835 ⁸
337 2819 472 2849 6271.!le
484 2820 592 2851 passim.
629 2820 639 2836 '
652 2820 714 2847 Cen.
727 2826 753 2847 ι..
791 2820 801 2836 ⁸
813 2815 835 2846 Ε

886 2819 900 2847 ’.
911 2828 976 2852 sui;
987 2819 1045 2847 los.
1067 2826 1142 2848 ultr.
1183 2820 1193 2837 ⁷
1207 2819 1270 2847 Cen.
1284 2822 1373 2858 um:

210 2866 343 2898 ΡΑτιιοι..
360 2867 419 2897 Gn.
440 2868 553 2898 Xl’lll.

1532 2870 1572 2902 23
