1903 3068
234 106 284 135 779

664 108 693 136 S.
715 107 934 136 EUSTATHIUS
953 85 1197 137 ANTiOCHENUS
1215 108 1414 137 EPISCOPUS.

1802 109 1852 136 780

228 167 290 201 ejus
303 166 398 193 incolae
413 171 518 192 summa
535 165 665 200 religione
676 169 858 198 venerantur;
869 173 915 192 ara
931 166 1011 200 quip—

1065 167 1190 202 κήδευτοο
1217 168 1245 193 ἐν
1265 163 1288 200 ᾧ
1303 166 1378 202 τόπῳ
1397 166 1501 201 ὑπῆρχε
1523 165 1570 193 καί¹
1583 167 1600 201 ἡ
1623 165 1792 202 τερέσινθος,
1807 166 1855 199 ὑφ’

231 221 262 246 pe
270 212 350 239 etiam
371 219 443 238 nunc
453 219 485 238 ex
499 211 558 245 ejus
583 211 675 246 stipite
701 215 858 238 constructa
876 212 1008 243 cernitur,

229 265 312 293 super
339 265 419 292 quam
443 257 601 284 holocausta
624 257 853 291 hecatombasque
875 256 1009 289 offerunt;

229 304 394 338 traduntque
417 311 477 330 eam
493 302 620 330 baculum
643 303 728 330 fuisse
744 303 826 331 unius
853 303 952 338 angeli,
964 303 1010 338 qui

229 349 264 376 ab
277 348 413 376 Abraham
445 348 562 383 hospitio
585 349 690 383 excepti
721 349 841 380 fuerunt,
869 357 948 384 quem
965 349 1011 376 illo

228 395 289 422 loco
314 395 471 430 praeteriens
500 394 648 428 plantavit;
673 401 704 421 ex
721 394 772 421 hac
787 394 878 421 multre
893 394 1011 420 admira-

227 441 312 469 tionis
335 441 505 468 terebinthus
520 445 622 471 manat,
643 440 704 474 igne
720 440 793 466 enim
818 439 939 470 admoto,
954 442 1011 466 tota

229 487 257 514 in
282 487 370 521 ignem
396 486 567 519 accenditur,
593 486 774 520 omnibusque
805 493 840 512 ex
861 485 967 512 ﬂamma
983 485 1010 512 i-n

228 533 366 567 pulverem
381 531 493 560 dissolvi
506 531 622 564 videtur;
639 539 731 558 verum
745 530 788 557 ubi
802 531 937 558 exstincta
954 530 1011 557 fue-

230 579 276 610 rit,
291 578 436 605 incolumis
446 581 512 608 tota,
526 577 706 612 omnibusque
732 576 790 604 suis
806 576 929 611 partibus
945 584 1012 604 con-

229 627 307 652 stans
318 623 539 659 deprehenditur.

263 712 328 740 Post
344 713 446 740 obitum
461 711 572 746 Ioseph,
598 710 719 746 Egyptii
741 710 936 738 beneﬁciorum
961 711 1013 738 im-

231 766 374 790 memores,
388 762 414 786 et
429 758 529 785 invidia
543 758 768 791 aamulationeqne
793 757 912 788 accensi,
930 757 1011 785 variis

231 805 414 832 calamitatum
430 804 574 838 generibus
601 802 737 829 lsraelitas
759 802 911 837 aﬂligebant
926 802 947 829 ⁸.
964 802 1012 830 Et-

1060 209 1077 249 ᾖ
1101 212 1217 248 ἔκρυψεν
1239 211 1335 239 Ἰακὼὸ
1356 212 1404 248 τῆς
1426 212 1517 238 Λάϐαν
1541 212 1574 238 τὰ
1603 212 1708 243 εἴδωλα,
1732 212 1796 246 ἥτις
1813 212 1851 239 ἔτι

1060 258 1106 285 καὶ
1122 258 1170 285 νῦν
1181 259 1221 290 είς
1239 258 1319 294 τιμὴν
1339 258 1393 285 τῶν
1414 258 1551 294 προγόνων
1567 258 1619 284 ὑπὸ
1634 258 1688 284 τῶν
1705 258 1851 292 πλησιοχό-

1061 313 1115 340 ρων
1129 304 1325 340 Θρησκεύεταιο
1340 305 1395 331 εστι
1415 304 1469 340 γὰρ
1481 304 1543 339 ἄχρι
1559 303 1605 330 τοῦ
1620 303 1700 339 δεῦρο
1715 302 1795 338 παρὰ
1808 303 1852 330 τὸν

1060 350 1179 386 πρέμνον
1200 351 1285 385 αὐτῆς
1300 350 1399 385 βωμὸς,
1419 350 1461 384 ἐφ’
1475 349 1504 376 ὃν
1524 349 1558 376 τά
1575 357 1604 376 τε
1623 349 1851 383 ὁλοκαυτώματα,

1060 397 1106 423 καὶ
1127 397 1176 428 τὰς
1191 396 1344 431 ἑκατόμϐας
1358 388 1504 430 ἀνέφερον·
1527 393 1594 421 εἷναί
1617 403 1645 421 τε
1668 396 1737 429 φασὶ
1754 394 1853 430 ῥάϐδον

1060 442 1143 478 αὐτὴν
1156 442 1214 473 ἑνὸς
1227 441 1281 468 τῶν
1297 441 1510 475 ὲπιξενωθέντων
1525 441 1647 475 ἀγγέλων
1656 440 1696 476 τῷ
1711 440 1849 476 Ἀϐραὰμ.

1059 489 1147 524 ἥνπερ
1159 488 1198 523 τῷ
1212 488 1287 523 τόπῳ
1300 488 1359 514 τότε
1372 487 1464 522 παρὼν
1474 487 1645 521 ὲνειρύτευσε,
1659 487 1705 514 καὶ
1724 486 1755 520 eg
1767 486 1851 521 αὐτῆς

1061 534 1250 570 ηίὰξιάγαστος
1268 533 1366 569 ὲνεφύη
1386 533 1420 569 [Γ.
1431 533 1489 569 ἀν-]
1500 532 1664 568 τερέϐινθος.
1675 531 1850 566 Ὕπαφθιῖσα

1060 580 1113 616 γὰρ
1136 580 1183 614 ὅλη
1197 579 1251 615 πῦρ
1270 579 1383 613 γίνεται,
1401 579 1448 606 καὶ
1472 578 1610 613 νομίζεται
1633 579 1690 609 τοῖς
1711 579 1798 604 πᾶσιν
1814 579 1849 609 εἰς

1061 626 1133 653 κόνιν
1153 627 1184 652 ὲκ
1211 626 1260 661 τῆς
1278 625 1375 660 φλογὸς
1399 624 1580 656 ἀναλύεσθαι,
1601 624 1689 650 καίτοι
1707 624 1851 650 σϐεσθείσα

1062 671 1152 707 μέντοι
1167 671 1262 706 ἀσινὴς
1276 671 1336 706 ὅλη,
1352 671 1398 698 καὶ
1409 670 1535 706 ἀκέραιος
1550 670 1696 696 δείκνυται.

1097 716 1173 744 Μετὰ
1198 717 1227 744 δὲ
1241 705 1297 752 τὴν
1318 705 1445 752 τελευτὴν
1462 705 1514 743 τοῦ
1537 716 1707 751 Ἰωσὴφ,τῆς
1729 705 1850 744 εὐπόίίας

1062 763 1316 799 ἀμνημονεύσαντες
1336 763 1360 789 οἱ
1374 762 1528 796 Αἰγύπτιοι,
1545 761 1681 792 ποικίλαις
1698 762 1850 796 συμφοραῖς

1061 809 1091 836 τὺ
1107 810 1183 844 γένος
1201 809 1252 835 τῶν
1272 809 1444 845 Ἰσραηλιτῶν
1458 799 1602 838 ὑπέὲαλον,
1615 807 1704 842 φθόνῳ
1719 807 1769 834 καὶ
1781 807 1852 842 ζήλῳ

231 851 302 878 enim
319 850 445 878 lsraelitm
460 849 493 876 ad
508 849 614 876 labores
639 847 829 882 suscipiendos
850 847 946 883 integri
967 855 1012 874 ro-

1065 855 1129 891 πρὸς
1154 855 1251 886 αὐτοὺς
1273 853 1446 889 διακείμενοι.
1472 854 1504 880 Οἱ
1527 853 1582 889 γὰρ
1599 852 1763 888 Ἰσραηλῖται
1786 852 1851 886 πρὸς

232 897 359 931 bustique
379 895 523 922 virtutibus
535 914 543 927 ,
573 898 600 921 et
613 894 714 921 divitiis
741 892 884 928 Egyptios
899 901 1012 928 supera-

230 947 304 975 runt,
319 944 379 969 iino
392 942 504 968 obrutos
518 944 545 967 et
555 941 621 972 otio,
637 944 664 967 et
678 940 784 975 ignavia
804 939 934 966 continua
949 939 1008 967 επε-

231 990 356 1017 minatus.
372 988 469 1015 Verum
481 995 552 1014 unus
560 995 593 1014 ex
602 986 687 1014 sacris
699 976 889 1021 Egyiitiorum
901 987 1010 1018 scribis,

230 1035 364 1063 Pharaoni
376 1033 518 1068 quemdam
534 1033 603 1067 apud
620 1031 756 1060 lsraclitas
779 1032 899 1058 futurum
916 1031 1013 1066 praedi-

230 1083 277 1114 cit,
294 1082 340 1117 qui
361 1082 488 1108 universa
515 1078 632 1114 Egypto
658 1078 756 1105 mirum
785 1078 813 1105 iu
837 1077 945 1105 modum
964 1078 1012 1105 de-

230 1136 339 1164 pressa,
373 1126 477 1153 nationi
508 1125 623 1160 propriae
662 1123 788 1151 maximis
821 1123 1012 1158 progressibus

230 1173 381 1208 potentiam
411 1171 502 1200 addet.
525 1170 611 1204 gloria
639 1169 701 1200 sibi,
717 1176 799 1204 quam
815 1169 888 1195 nulla
912 1169 1012 1196 delebit

229 1218 341 1248 oblivio.
370 1221 536 1251 comparata.
561 1215 731 1249 Quapropter
757 1213 863 1240 Pharao
883 1213 1011 1241 Hebraeos

230 1265 318 1291 modis
332 1263 458 1290 omnibus
489 1261 601 1296 perdere
623 1265 762 1295 appetens,
787 1259 932 1295 animoque
950 1268 1011 1286 ver-

230 1317 294 1336 sans
314 1308 464 1335 laboriosas
481 1314 578 1341 operas
602 1305 719 1340 delegat,
736 1309 766 1332 ut
782 1313 876 1333 omnes
902 1305 1011 1340 [Egypti

229 1356 354 1384 civitates
383 1354 518 1381 moenibus
547 1352 641 1385 ejectis
666 1351 816 1386 cingerent,
839 1355 869 1378 ut
891 1350 1011 1378 ﬂuminis

231 1403 362 1436 impetum
378 1400 462 1426 variis
481 1399 565 1425 alveis
596 1397 703 1424 etl'ossis
721 1401 856 1428 arcerent,
885 1404 1012 1432 aggeres-

229 1455 282 1482 que
293 1449 474 1476 exsruerent,
497 1449 525 1470 ut
538 1443 671 1477 ejusdem,
697 1443 743 1469 ubi
764 1443 872 1477 evagari
890 1443 1012 1476 increpe-

230 1493 278 1523 rit,
308 1492 398 1519 aditus
427 1489 654 1524 inconuuodaque
679 1488 870 1523 prohiberent;
893 1488 927 1514 ad
953 1488 1011 1514 hrec

229 1539 263 1567 ad
280 1538 434 1574 pyramidas
450 1536 604 1571 erigendas,
627 1542 791 1570 puerosque,
806 1535 853 1569 qui
878 1534 949 1569 apud
963 1542 1012 1562 eos

229 1587 416 1614 nascerentur,
445 1583 472 1610 in
486 1582 586 1610 ﬂumen
601 1579 810 1617 prmcipitaudos
833 1580 944 1607 decreto
968 1580 1012 1606 in-

230 1630 361 1665 terposito
372 1629 542 1664 compulerit,
551 1628 713 1657 existimans
720 1633 782 1654 eum
790 1634 870 1662 quem
883 1630 958 1653 vates
977 1625 1012 1652 ad

232 1675 376 1710 (Egyptum
392 1674 551 1702 abolendam
573 1673 693 1700 futurum
716 1672 833 1703 dixerat,
848 1671 930 1698 simul
949 1678 1011 1698 cum

231 1719 292 1746 aliis
308 1719 334 1746 in
351 1719 459 1746 flumine
471 1718 655 1753 mergendum.

266 1765 330 1793 Erat
342 1766 432 1800 itaque
453 1765 561 1800 quidam
579 1772 610 1792 ex
634 1764 706 1790 tribu
736 1762 810 1794 Levi,
825 1762 934 1790 nomine
947 1761 1013 1788 Am-

229 1820 287 1840 ram
302 1814 323 1844 9,
339 1813 383 1847 qni
399 1811 548 1839 Jechabeth
565 1811 656 1842 ducta,
669 1819 702 1838 ex
713 1818 745 1837 ea
755 1810 875 1837 divinum
892 1809 1012 1843 Moysem

229 1862 396 1893 susceperat,
412 1863 437 1885 et
448 1857 481 1884 ad
494 1862 602 1893 tempus
618 1865 679 1884 eum
694 1857 845 1884 studiosius
860 1855 1012 1883 absconde-

229 1906 284 1934 bat.
300 1905 351 1932 Sed
384 1905 429 1931 ubi
455 1904 556 1938 regiam
584 1903 668 1938 legem
681 1903 763 1929 nimis
779 1902 873 1929 acerbe
891 1901 1013 1935 dureque

229 1951 335 1986 impleri
350 1951 425 1981 vidit,
442 1954 514 1976 metu
530 1957 563 1976 ne
578 1948 834 1983 deprehenderetur,
852 1947 920 1974 cista
947 1954 1013 1980 pue-

230 1997 319 2023 rulum
336 1994 571 2022 acconmiodatnm
589 1993 621 2020 ad
639 1993 713 2027 ripas
733 1992 853 2020 [luminis
871 1991 1011 2026 exposuit,

230 2046 258 2068 ct
272 2042 324 2068 lilia
335 2041 485 2068 Pharaonis
497 2040 602 2067 lavandi
616 2048 644 2068 se
657 2048 739 2067 causa
756 2040 879 2072 veniens,
897 2046 1013 2072 conspe-

231 2093 301 2114 ctam
317 2088 412 2114 cistam
425 2086 522 2121 aperit,
546 2087 676 2122 puerique
685 2085 888 2121 pulchritudine
896 2085 1014 2112 delecta-

230 2139 268 2166 ta,
283 2142 344 2161 cum
357 2137 462 2160 careret
478 2133 550 2164 ﬁliis,
576 2141 637 2160 etim
658 2132 710 2159 sibi
738 2132 888 2166 adoptavit,
904 2135 931 2158 et
953 2130 1013 2165 plu—

229 2181 306 2207 rimis
321 2179 507 2214 AE-gyptiorum
526 2179 678 2205 nutricibus
691 2178 849 2205 convocatis
873 2177 907 2204 ad
937 2178 1010 2204 aleo.

229 2227 293 2254 dum
309 2224 571 2260 puernm,pcrdebat
587 2231 808 2258 operam,earum
817 2225 916 2258 quippe
929 2223 1012 2249 ubera

228 2270 412 2302 abhorrebat;
433 2269 540 2296 tandem
557 2273 643 2296 mater
659 2269 728 2294 clam
754 2268 885 2300 admissa,
914 2268 1014 2302 reginae

227 2317 305 2350 jussu
323 2316 450 2347 lactabat,
468 2302 571 2342 tantum
587 2315 658 2342 enim
677 2315 751 2342 illius
768 2315 851 2342 ubera
875 2315 987 2349 sugebat
1003 2322 1009 2340 τ

229 2364 263 2389 ab
278 2362 356 2396 ipsis,
384 2367 413 2388 ut
438 2362 546 2397 opinor,
573 2361 746 2388 incunabulis
766 2361 904 2395 proprium
924 2368 1012 2395 genus

229 2408 398 2439 admittebat,
415 2412 611 2442 externumque
628 2407 816 2434 aversabatur.
832 2405 926 2441 Itaque
940 2406 1012 2432 hunc

229 2454 350 2482 adultum
381 2453 555 2480 Thermuthis
576 2452 627 2488 (sic
638 2453 710 2480 enim
737 2452 830 2487 regina
857 2451 1012 2486 appellaba-

229 2501 289 2535 tur)
315 2500 444 2536 Moysom,
459 2500 532 2535 quod
551 2508 583 2526 ex
603 2500 682 2534 aquis
697 2503 820 2526 servatus
836 2501 905 2529 erat,
925 2498 1013 2525 nomi-

229 2548 314 2574 navit.
326 2546 447 2582 [Egyptii
462 2554 579 2580 namque
591 2553 688 2580 aquam
720 2553 790 2579 may,
807 2548 834 2571 et
850 2544 954 2571 servari
972 2552 1012 2570 ses

229 2592 375 2627 appellauit,
390 2592 437 2619 sed
453 2591 529 2618 illum
543 2590 660 2626 primum
672 2595 799 2624 parentes
815 2589 928 2616 Melc/iis
943 2596 1014 2616 nun-

229 2637 375 2672 cupabant.
400 2636 465 2663 Erat
480 2641 571 2664 autem
596 2639 708 2670 aspectu
736 2635 851 2662 festivus
866 2635 960 2666 nimis,
976 2635 1013 2661 ita

231 2689 258 2710 ut
271 2683 427 2718 quicunque
442 2683 479 2709 illi
496 2683 523 2709 in
538 2682 581 2709 via
607 2685 776 2712 occurreret,
805 2680 1013 2715 obstupefactus

230 2727 391 2759 discederet.
407 2728 579 2762 maximeque
591 2734 651 2754 eam
679 2725 908 2761 pulchritudinem
926 2725 1015 2752 admi-

231 2777 346 2799 raretur.
359 2772 441 2807 Igitur
457 2773 529 2800 hunc
543 2776 622 2800 aetate
643 2775 752 2800 auctum
781 2771 956 2800 Thermuthis
967 2771 1014 2799 de-

268 2839 279 2855 '
290 2839 374 2866 Exod.
388 2847 406 2866 I.
443 2841 453 2856 '
463 2839 548 2867 Exod.
565 2848 595 2868 ιι.

1063 901 1158 932 πόνους
1174 901 1248 932 ὄντες
1265 901 1402 936 καρτεροὶ,
1414 900 1497 935 ἀρετῇ
1513 900 1560 926 καὶ
1574 899 1679 933 πλούτῳ
1694 899 1758 929 τοὺς
1772 898 1851 931 Δίγυ-

1062 946 1157 977 πτίους
1180 946 1323 981 διήνεγκαν
1333 965 1341 978 ,
1355 945 1465 972 ἐκείνων
1481 946 1520 977 εἰς
1534 944 1618 980 μέθην
1638 943 1852 979 κεχαυνωμένων

1062 991 1108 1018 καὶ
1127 991 1234 1026 ἀργίαν,
1252 992 1299 1017 καὶ
1316 990 1437 1026 ῥᾳθυμίᾳ
1457 990 1651 1025 πεπεδημένων
1674 988 1729 1016 ἀεί.
1754 987 1802 1019 Εἷς
1823 987 1850 1014 δέ

1061 1045 1102 1068 τις
1120 1037 1172 1063 τῶν
1187 1037 1251 1072 παρ’
1265 1036 1422 1071 Αἰγυπτίοις
1438 1035 1681 1072 ἱερογραμματέων
1696 1033 1849 1070 προσημαί-

1061 1091 1101 1109 νει
1121 1082 1159 1118 τῷ
1179 1081 1278 1118 Φαραὼ
1297 1082 1477 1118 τεγθήσεσθαι
1500 1082 1576 1117 παρὰ
1597 1083 1651 1112 τοῖς
1674 1079 1851 1116 Ἰσραηλίταις

1061 1128 1131 1160 τινὰ,
1146 1128 1174 1160 ὃς
1191 1129 1280 1154 πᾶσαν
1292 1128 1340 1163 μὲν
1353 1128 1513 1154 ταπεινώσει
1531 1128 1579 1164 τὴν
1601 1128 1749 1162 Αἴγυπτον,
1769 1126 1849 1160 αὑξὴ-

1063 1183 1103 1200 σει
1115 1174 1143 1200 δὲ
1156 1175 1201 1200 ἐπὶ
1217 1174 1287 1209 μέγα
1304 1174 1445 1209 προκοπῆς
1466 1174 1498 1200 τὸ
1515 1175 1613 1200 οἰκεῖον
1633 1172 1719 1204 ἔθνος,
1740 1174 1850 1207 ἀειμνη-

1063 1219 1191 1255 μόνευτον
1204 1219 1282 1253 δόξαν
1297 1219 1477 1255 κτησάμενος.
1496 1220 1551 1245 Καὶ
1565 1218 1609 1246 διὰ
1622 1219 1704 1245 τοῦτο
1718 1218 1849 1249 παντοίως

1061 1267 1122 1298 τοὺς
1144 1265 1284 1301 Ἑϐραίους
1307 1267 1321 1292 ό
1343 1265 1441 1302 Φαραὼ
1460 1265 1590 1292 ἀπολέσαι
1617 1265 1759 1292 διενοεῖτο·
1788 1264 1851 1300 ἔργα

1063 1312 1111 1347 μὲν
1134 1312 1224 1343 αὐτοῖς
1242 1312 1417 1347 προστάττων
1440 1311 1646 1347 ὲπιμοχθεύειν,
1669 1311 1799 1346 τειχίζειν
1825 1310 1852 1336 δὲ

1061 1356 1150 1388 πάσεις
1164 1357 1214 1391 τῆς
1231 1356 1366 1390 Αἰγύπτου
1380 1356 1428 1388 τὰς
1439 1357 1538 1389 πόλεις,
1556 1357 1602 1383 καὶ
1615 1356 1659 1383 τὸν
1676 1356 1799 1392 ποταμὸν
1815 1357 1851 1386 εἰς

1062 1403 1162 1435 πολλὰς
1182 1403 1333 1438 διατέμνειν
1347 1404 1498 1439 διωρυγάς·
1523 1404 1570 1430 καὶ
1593 1403 1709 1439 χώματα
1725 1404 1850 1438 ἐγείρειν,

1062 1449 1189 1482 κελεύων,
1209 1450 1282 1480 ὅπως
1311 1449 1381 1476 κατὰ
1401 1449 1482 1485 μηδὲν
1506 1449 1555 1485 τὴν
1577 1449 1653 1477 πόλιν
1677 1449 1851 1484 ὲπιλιμνίζων

1061 1493 1240 1530 λυμαίνηται·
1255 1494 1322 1530 πρὸς
1339 1495 1367 1521 δὲ
1384 1495 1487 1527 τούτοις
1503 1495 1549 1521 καὶ
1562 1495 1718 1531 πυραμίδας
1728 1495 1853 1530 ἐγείρειν,

1062 1540 1109 1567 καὶ
1123 1540 1157 1567 τὰ
1176 1541 1239 1576 παρ’
1256 1541 1346 1572 αὐτοῖς
1360 1540 1505 1576 τικτόμενα
1521 1540 1605 1576 βρέφη
1622 1540 1853 1576 κατακρημνίζειν

1062 1587 1108 1613 ἐπὶ
1120 1586 1166 1613 τοῦ
1184 1586 1303 1621 ποταμοῦ
1319 1587 1486 1622 ἀπεφήνατο,
1499 1587 1621 1622 οἰόμενος
1635 1588 1682 1614 καὶ
1700 1587 1747 1614 τὸν
1764 1586 1853 1614 θεσπι-

1063 1631 1160 1659 σθὲντα
1176 1631 1326 1658 καταλῦσαι
1342 1631 1391 1667 τὴν
1411 1631 1546 1665 Αἴγυπτον
1559 1633 1721 1668 ἁραιρήσειν
1737 1631 1771 1668 [Ῑ.
1789 1632 1853 1658 καθ⁴

1061 1678 1199 1714 αιρήσειν]
1216 1679 1261 1704 ἐπὶ
1280 1677 1326 1705 τοῦ
1346 1678 1481 1714 ποταμοῦ.

1103 1766 1238 1802 ’Υπῆρχεν
1259 1764 1305 1793 οὖν
1324 1775 1365 1798 τις
1380 1767 1412 1794 ἐκ
1428 1767 1477 1802 τῆς
1491 1766 1575 1800 φυλῆς
1591 1765 1637 1792 τοῦ
1658 1764 1725 1792 Λευῖ
1745 1765 1853 1800 ’Δμρὰμ

1062 1812 1184 1847 ὀνόματι,
1207 1812 1237 1844 ὃς
1257 1813 1371 1846 γυναῖκα
1395 1811 1444 1847 τὴν
1462 1811 1587 1846 Ίωχαίὲθ
1611 1811 1802 1846 κτησάμενος,
1825 1809 1853 1843 ιξ

1062 1857 1147 1892 αὐτῆς
1157 1858 1202 1883 τὸν
1213 1857 1354 1884 θεσπέσιον
1369 1856 1488 1892 Μωῦσῆν
1505 1857 1645 1891 ἐγέννησε,
1655 1857 1703 1882 καὶ
1718 1855 1853 1891 ἔκρυπτεν

1063 1903 1142 1930 αὑτὸν
1169 1904 1216 1929 ἐπὶ
1242 1903 1337 1939 χρόνον
1361 1903 1431 1930 τινά.
1455 1903 1498 1934 Ὡς
1521 1902 1548 1928 δὲ
1565 1901 1618 1928 εἶδε
1637 1902 1683 1928 τὸν
1704 1902 1787 1936 νόμον
1807 1899 1852 1928 τοῦ

1063 1948 1193 1984 βασιλέως
1216 1949 1416 1985 ἐπικρατοῦντα
1437 1947 1630 1984 σφοδρότερον,
1657 1947 1786 1979 δεδοικὼς
1816 1947 1852 1982 μὴ

1063 1995 1224 2030 κατάφωρος
1238 1996 1360 2030 γένηται,
1379 1996 1418 2027 εἰς
1435 1995 1520 2030 θήκην
1541 1993 1666 2029 ἐμϐαλὼν
1686 1993 1716 2020 τὸ
1738 1993 1852 2026 παιδίον,

1063 2041 1138 2076 παρὰ
1154 2042 1202 2073 τὰς
1214 2041 1295 2076 ὕχθας
1306 2040 1354 2067 τοῦ
1372 2041 1493 2076 ποταμοῦ
1510 2040 1653 2066 ἐκτίθεται.
1670 2039 1724 2066 Καὶ
1740 2040 1756 2074 ἡ
1773 2039 1854 2072 θυγάο

1062 2095 1114 2122 τηρ
1131 2086 1177 2114 τοῦ
1191 2086 1300 2122 Φαραὼ,
1327 2086 1438 2122 λουτροῦ
1465 2086 1544 2122 χάριν
1571 2084 1735 2120 ἀφικομένη,
1750 2084 1853 2120 θεωρή-

1064 2141 1133 2159 σασα
1148 2133 1196 2168 τὴν
1210 2133 1297 2168 Θὴκην
1313 2133 1426 2166 ἀνοίγει,
1444 2133 1490 2158 καὶ
1506 2131 1573 2167 πρὸς
1585 2130 1722 2162 τδικάλλος
1735 2129 1784 2157 τοῦ
1799 2139 1854 2156 παι-

1064 2179 1119 2205 δίου
1145 2179 1257 2214 ἡσθεῖσα
1286 2179 1476 2214 είσεποιήσατο
1501 2177 1641 2213 ἀποροῦσα
1669 2176 1781 2208 παιδόςο
1810 2177 1853 2202 καὶ

1064 2225 1163 2256 πολλὰς
1185 2225 1301 2261 τροφοὺς
1323 2225 1511 2259 συγκαλέσασα
1534 2223 1588 2250 τῶν
1607 2223 1783 2257 Αίγυπτίων,
1807 2222 1853 2249 οὐκ

1063 2267 1135 2305 εἶχεν
1151 2271 1223 2301 ὅπως
1242 2269 1272 2296 τὸ
1287 2270 1390 2296 παιδίον
1406 2269 1563 2304 ὲκθρέψειεν
1574 2277 1581 2283 ’
1597 2267 1725 2303 οὐδεμιᾶς
1742 2269 1796 2303 γὰρ
1810 2267 1854 2293 air

1062 2315 1117 2342 τῶν
1130 2314 1214 2350 μαζὸν
1229 2315 1365 2350 προσίετο.
1384 2315 1444 2341 Ἐπὶ
1455 2315 1525 2341 τέλει
1538 2313 1602 2349 γοῦν
1615 2315 1631 2349 ἡ
1646 2315 1749 2349 μήτηρ,
1762 2314 1853 2340 ἀνεῖσα

1063 2361 1181 2397 κρύϐδην
1198 2363 1231 2396 τῇ
1249 2361 1401 2396 βασιλίσσῃ,
1426 2360 1569 2395 γαλουχεῖν
1595 2359 1786 2396 προσετάχθη·
1808 2358 1852 2393 μό-

1062 2416 1111 2443 νης
1133 2407 1186 2442 γὰρ
1210 2407 1293 2442 αὐτῆς
1319 2407 1364 2433 τὸν
1388 2406 1471 2441 μαζὸν
1499 2404 1687 2441 προσεδέξατο.
1707 2404 1737 2436 ἐξ
1755 2404 1852 2434 αὐτῶν,

1063 2452 1148 2489 οἶμαι,
1166 2452 1328 2487 σπαργάνων
1343 2452 1372 2479 τὸ
1391 2452 1439 2487 μὲν
1458 2452 1555 2478 οἰκεῖον
1570 2450 1646 2485 γένος
1665 2450 1851 2485 προσιέμενον.

1063 2500 1094 2526 τὺ
1108 2499 1134 2525 δὲ
1147 2499 1285 2534 ἀλλότριον
1300 2498 1510 2534 μυσαττόμενον,
1526 2496 1707 2532 Ἀνδρωθέντα
1724 2496 1790 2530 γοῦν
1806 2496 1851 2522 αὺ-

1064 2546 1120 2578 τὸν,
1136 2546 1254 2580 Μωῦσῆν
1276 2547 1422 2580 προσεῖπεν
1438 2543 1611 2579 ήΘέρμο-λθις
1637 2543 1734 2579 (τοῦτο
1753 2543 1807 2578 γὰρ
1822 2542 1851 2577 τῇ

1065 2591 1207 2627 βασιλίσσῃ
1231 2591 1338 2626 δνομα),
1362 2590 1454 2626 ἐπειδὴ
1479 2590 1594 2626 διεσώθη
1613 2591 1646 2616 ἐκ
1673 2589 1721 2616 τοῦ
1739 2589 1851 2620 ὓδατος·

1065 2637 1208 2672 Αἰγύπτιοι
1225 2637 1280 2673 γὰρ
1297 2638 1327 2664 τὸ
1350 2637 1421 2672 ὕδωρ
1433 2636 1509 2676 μῷῦ,
1530 2636 1577 2663 καὶ
1600 2635 1631 2662 τὸ
1650 2636 1713 2670 σὴς
1737 2635 1852 2671 σωθῆναι

1065 2683 1320 2720 προσαγορεύουσιν.
1341 2683 1469 2710 Ἑκάλουν
1487 2683 1515 2709 δὲ
1534 2683 1564 2709 τὸ
1581 2683 1645 2717 πρὶν
1662 2681 1745 2708 αὑτὸν
1765 2682 1790 2708 οἱ
1810 2688 1851 2715 γο-

1065 2732 1119 2762 νεῖς
1130 2726 1268 2760 Με-ῑχείς.
1280 2728 1333 2756 Ἤν
1355 2729 1382 2756 δὲ
1407 2729 1511 2760 ἀστεῖος
1533 2729 1600 2762 ἄγαν
1618 2729 1652 2763 τῇ
1671 2728 1745 2762 ὕψει,
1757 2727 1794 2759 ὡς
1811 2725 1852 2751 τὺ]

1066 2775 1125 2802 καθ’
1137 2776 1196 2803 ὁδὸν
1215 2775 1374 2803 ἀπαντῶντα
1396 2775 1470 2810 αὐτῷ
1491 2773 1654 2810 ἀφίστασθαι
1671 2772 1847 2809 ἐκπληττόμε-
