1903 3068
71 135 119 164 735

525 135 661 164 SPURIA.
684 151 716 158 —
735 136 913 165 COMMENT.
933 137 967 164 IN
987 137 1234 167 IIEXAEMEBON.

1633 138 1684 166 786

67 195 188 230 Μερρόης
203 194 286 230 (οὕτω
292 194 367 231 γὰρὴ
375 195 526 231 Θέρμουθις
538 196 672 232 ἐκαλεῖτο)
693 197 850 234 τελευτησά-

903 198 998 234 ingens
1031 198 1151 226 oblatum
1189 206 1218 226 se
1248 202 1356 226 nactum
1389 198 1494 226 Pharao
1525 199 1684 227 existimans

68 242 238 279 σης,ἓρμαιον
245 245 259 270 ὁ
269 243 367 278 Φαραὼ
372 243 418 270 τὸν
425 244 518 279 καιρὸν
526 245 706 280 ἡγησάμενος,
716 245 848 280 προστάτ-

66 298 103 317 τει
117 289 219 324 Μωῡσῇ
231 289 278 316 καὶ
300 289 444 325 Χανενὼθῃ
457 292 495 321 εἰς
502 292 565 322 τοὺς
576 291 646 326 ὑπὲρ
659 290 796 325 Αἰγύπτου
806 291 848 318 τό-

67 344 128 368 κους
137 335 270 370 κηδεῦσαι
281 336 374 372 αὐτήν.
384 336 508 370 Ἀφικνου
513 337 599 371 μένων
606 337 634 363 δὲ
642 337 739 369 αὐτῶν,
750 335 790 369 εἷς
805 346 847 369 τις

68 381 117 408 τῶν
127 381 286 407 συνειδότων
301 381 350 416 τὴν
364 381 475 417 γνώμην
491 382 538 408 τοῦ
554 382 651 418 Φαραὼ
660 383 848 410 ἀνακοινοῦται

66 426 101 461 τῷ
115 427 227 461 Μωῦσῇ·
243 426 292 452 καὶ
308 426 427 461 φυλάξας
440 427 535 454 ἑαυτὸν
550 428 680 455 πάντοθεν
694 430 708 455 ὁ
718 429 848 465 Munia-77c,

67 473 112 507 τὴν
125 471 253 507 Μερῤόην
269 471 362 507 ἔθαψε,
379 472 481 498 καὶτὸν
493 473 573 499 τόπον
602 473 650 500 καὶ
663 473 708 500 τὸν
729 475 849 510 ποταμὸν

66 516 185 551 Μερρόην
203 516 233 549 ἐξ
249 516 334 551 αὐτῆς
346 516 573 552 προσηγόρευσεν.
593 518 678 550 Αὐτὸς
699 518 728 545 δὲ
748 520 781 545 ἐκ
801 519 851 554 μὲν

65 562 197 597 Μέμφεως
216 562 265 589 τὸν
288 562 381 589 Νεῖλον
407 562 634 598 διαπορθμεύσας,
647 564 707 591 καθ’
724 565 850 593 ὑπόθεσιν

71 607 167 643 ’Δαρὼν
180 608 229 634 τοῦ
239 608 354 643 ἀδελφοῦ
370 608 462 640 αὐτοῦ.
479 610 518 641 είς
527 609 576 645 τὴν
592 610 718 645 ’Δραϐίαν
732 611 851 645 ἀπέφευ-

65 662 107 688 γεν
119 663 125 669 ·
138 655 152 680 ό
167 653 196 680 δὲ
213 654 378 689 Χανενώθης
396 655 557 690 πυθόμενος,
567 655 713 691 γυμνώσας
723 657 754 683 τὺ
777 657 852 691 ξίφος

66 699 215 731 ὑπαντιάξει
231 699 316 735 αὐτῷ·
338 701 352 726 ὁ
378 700 407 726 δὲ
422 701 541 737 Μωῡσῆς
561 703 685 737 κατεῖχεν
700 702 781 729 αὑτοῦ
802 703 851 738 τὴν

65 747 146 781 χεῖρα,
160 746 207 772 καὶ
221 746 364 778 ὲκτπάσας
374 746 404 772 τὺ
423 746 498 781 ξίφος
517 747 599 774 αὐτοῦ
616 747 667 782 τῆς
688 748 787 784 χειρὸς,
812 748 851 783 τῷ

65 791 149 826 οἰκείῳ
173 791 247 825 ξίφει
270 792 352 819 αὑτὸν
378 792 568 828 διεχειρίσατο,
591 794 638 820 καὶ
653 794 694 825 είς
724 794 851 830 ’Ᾱραὸῖαν

901 248 1017 278 tempus,
1046 244 1131 281 Moysi
1156 248 1182 272 et
1203 245 1385 272 Chanenotha’.
1408 245 1485 280 jubet
1511 248 1586 272 extra
1617 244 1685 272 lines

899 289 1008 327 Egypti
1031 291 1091 319 lilia:
1114 292 1188 326 justa
1216 291 1315 319 facere.
1328 290 1387 324 Quo
1402 299 1463 318 cum
1487 291 1685 326 pervenissent.

900 347 971 366 unus
998 347 1031 366 ex
1057 338 1176 366 consciis
1196 342 1313 365 mentem
1339 338 1488 366 Pharaonis
1513 338 1550 364 illi
1565 345 1685 365 commu-

901 386 983 413 nicat.
997 384 1103 420 Moyses
1123 383 1174 412 sibi
1193 383 1374 417 undequaqne
1389 389 1488 409 cavens
1507 381 1624 409 Mrroem
1643 388 1688 408 se-

900 431 992 465 peliit,
1009 434 1036 457 et
1054 429 1156 460 locum,
1176 432 1204 454 et
1223 426 1334 454 ﬂuvium
1355 425 1471 453 Meroem
1491 434 1522 452 ex
1543 433 1574 453 ea
1595 426 1686 453 nomi-

902 477 985 503 navit.
1005 474 1121 510 Ipseque
1139 481 1172 501 ex
1192 472 1326 508 Memphi,
1347 471 1407 499 Nilo
1427 472 1555 506 trajecto,
1575 473 1688 500 nomine

901 522 1017 549 Aaronis
1038 520 1131 548 fratris
1155 519 1183 547 in
1206 519 1334 546 Arabiam
1357 517 1439 553 fugit;
1460 518 1532 553 quod
1553 518 1596 545 ubi
1618 526 1683 553 pra:-

901 567 987 596 sensit
996 565 1198 598 Chanenothes,
1210 565 1306 593 stricto
1319 564 1409 600 gladio
1421 564 1550 592 adversus
1564 564 1686 599 impetit:

902 620 995 638 verum
1031 611 1136 647 Moyses
1160 612 1328 647 deprehensa
1352 619 1446 643 manu.
1466 618 1583 646 enseque
1611 610 1683 637 illius

901 662 1019 690 arrepto,
1036 657 1151 690 ejusmet
1163 657 1235 684 illius
1249 657 1337 692 gladio
1351 657 1503 692 jugulal,et
1518 657 1544 682 in
1556 655 1683 682 Arabiam

901 703 934 729 ad
951 701 1096 737 Raguelem
1117 703 1235 737 regionis
1257 703 1406 738 principem
1435 702 1533 737 migrat
1559 701 1591 730 ‘°.
1605 704 1632 728 et
1651 708 1683 728 ex

900 748 960 782 ejus
983 748 1035 775 ﬁlia
1056 747 1194 783 Sepphora
1211 749 1263 776 sibi
1279 748 1305 775 in
1321 748 1523 776 matrimonium
1541 747 1683 780 collocata,

901 795 969 822 duos
985 795 1103 829 suscepit
1114 795 1192 822 ﬁlios.

66 837 128 873 πρὸς
145 838 311 873 Ῥαγουῆλον
321 838 366 865 τδν
379 838 433 865 τῶν
443 839 533 866 τόπων
545 839 663 875 ἄρχοντα
673 841 848 876 παρεγένετο,
874 841 920 868 καὶ
933 840 981 876 τὴν
993 840 1127 876 θυγατέρα
1141 841 1222 868 αὑτοῦ
1234 840 1375 876 Σεπφόραν
1387 841 1529 876 ἀγόμενος,
1543 839 1571 873 ἐξ
1600 839 1684 874 αὐτῆς

65 881 107 912 δτόο
120 883 215 915 παῖδας
230 883 386 920 ἐγέννησεν.

102 930 129 956 '0
140 930 166 956 δὲ
179 929 292 965 Φαραὼ,
306 931 395 956 πᾶσαν
407 930 457 965 τὴν
469 930 688 966 δραματουργίαν
702 930 749 957 τοῦ
763 931 845 958 Μωῡ-

931 931 1036 959 Pharao
1054 932 1099 959 ubi
1119 931 1218 967 Moysis
1233 931 1331 959 factum
1347 931 1441 962 audiit.
1457 931 1524 958 iram
1538 931 1563 958 in
1579 930 1686 964 Judteo-

68 974 129 1006 σίως
143 975 306 1010 πυθόμενος.
320 975 366 1002 τὸν
381 975 464 1011 θυμὸν
485 977 530 1002 ἐπὶ
547 977 578 1003 τὸ
594 977 692 1012 πλῆθος
711 977 766 1005 τῶν
786 978 850 1004 Ἰου-

67 1020 140 1048 Gaium
157 1020 230 1056 ἔχεε,
264 1022 312 1047 καὶ
337 1022 420 1057 ἄρδην
441 1022 551 1054 τούτους
571 1023 740 1058 ἀναιρεῖσθαι
763 1032 849 1059 προσ-

69 1065 149 1097 έταξε·
165 1066 264 1101 μόνους
279 1066 334 1102 γὰρ
346 1067 444 1100 αὐτοὺς
457 1067 531 1103 λινῆν
544 1068 644 1104 ἐσθῆτα
660 1070 751 1104 φορεῖν
759 1069 852 1096 κελεύ-

71 1119 114 1142 οις
127 1111 170 1138 διὰ
183 1112 214 1138 τὸ
232 1112 364 1148 εὔσημον,
388 1115 427 1145 είς
443 1114 548 1149 σφαγὴν
571 1115 667 1146 αὐτοὺς
693 1117 748 1147 τοῖς
769 1116 852 1150 Αἰγυ-

70 1157 149 1188 πτίοις
179 1157 337 1184 ἐκδίδωσιν·
356 1159 399 1193 ἐφ’
470 1159 484 1184 ὁ
511 1159 576 1191 Θεὸς
597 1160 711 1196 μεγίστῃ
732 1161 851 1197 τιμωρίᾳ

69 1201 154 1228 τοῦτον
175 1203 291 1229 ἐκόλασε
302 1211 308 1218 ·
327 1203 434 1239 πρῶτος
450 1204 503 1240 γὰρ
525 1205 626 1237 παντὸς
638 1205 781 1242 ἀνθρώπου
795 1207 851 1232 ἐλε-

70 1247 209 1280 φαήιάσας
223 1249 238 1274 ὸ
254 1247 365 1283 Φαραὼ,
388 1249 492 1285 αἰσχρῷ
508 1250 553 1276 τὸν
577 1250 633 1284 βίον
652 1250 723 1278 τέλει
739 1251 852 1278 κατέλυ-

71 1301 120 1320 σεν.
142 1293 170 1320 Ὀ
186 1293 214 1320 δὲ
240 1294 339 1320 τούτου
362 1294 410 1330 τὴν
430 1294 514 1330 αὐτὴν
536 1295 621 1331 ἀρχὴν
642 1297 692 1332 τῆς
715 1297 852 1332 βασιλείας

70 1337 261 1374 διαδεξάμενος,
277 1340 344 1375 ὁμοῦ
359 1340 464 1375 καὶτῆς
478 1342 608 1377 πονηρίας
623 1343 704 1370 αὑτοῦ
716 1342 750 1379 ἦν
766 1344 852 1371 διάδο-

70 1391 108 1417 χος
117 1391 123 1398 ·
133 1385 186 1415 τοῖς
194 1384 248 1420 γὰρ
263 1385 355 1416 αὐτοῖς
370 1387 464 1417 κακοῖς
478 1387 539 1418 τοὺς
555 1388 696 1420 Ἰουδαίους
708 1389 850 1417 ὑπέῦαλλε.

101 1429 150 1455 Καὶ
166 1430 268 1466 θρήνου
288 1432 383 1458 πολλοῦ
397 1434 569 1469 περιέχοντος
582 1435 689 1466 αὐτοὺς,
709 1437 724 1462 ὁ
738 1436 803 1468 Θεὸς
814 1434 852 1464 οἷς

71 1481 126 1500 κτον
146 1475 236 1502 λαθὼν
260 1476 360 1509 αὐτῶν,
381 1478 426 1504 τὸν
450 1479 568 1514 Μωῡσῆν
581 1479 732 1515 ἐξέπεμψεν
744 1482 785 1512 είς
803 1482 852 1517 τὴν

71 1518 205 1554 Αἴγυπτον,
222 1522 398 1556 προστάττων
410 1523 448 1559 τῷ
457 1525 556 1560 Φαραὼ
575 1526 706 1554 ἀπολῦσαι
721 1527 773 1554 τῶν
792 1529 853 1555 Ἰου-

69 1567 142 1594 δαίων
169 1569 198 1596 τὸ
225 1570 304 1602 ἔθνος
327 1571 366 1603 εἰς
389 1572 439 1607 τὴν
468 1572 584 1608 ἔρημον,
613 1573 683 1601 ὥστε
707 1575 851 1611 λατρεῦσαι

71 1613 146 1640 αὑτῶ.

106 1658 164 1686 Ἐπὶ
178 1660 244 1694 γοῦν
261 1662 295 1696 τῇ
310 1661 421 1699 τοιαύτῃ
434 1663 509 1699 ῥήσει
522 1663 567 1690 τοῦ
582 1664 720 1696 Μωῡσέως
734 1665 852 1701 χαλεπή-

71 1712 113 1736 νας
131 1706 144 1731 ὁ
163 1706 275 1742 Φαραὼ,
291 1708 332 1739 είς
352 1708 462 1744 εἱρκτὴν
495 1710 664 1745 παραχρῆμα
685 1711 852 1746 ἐμϐληθῆναι

71 1751 142 1776 αὑτὸν
156 1752 306 1787 προσέταξε
317 1762 324 1769 ·
342 1755 389 1780 καὶ
405 1754 447 1780 διὰ
460 1755 510 1789 τῆς
527 1755 622 1787 νυκτὸς
638 1755 740 1791 σεισμῷ
754 1756 851 1783 διεσεί‹

73 1794 116 1830 σθη
128 1797 198 1822 πᾶσα
212 1798 228 1833 ἡ
245 1798 293 1832 γῆ,
309 1798 346 1830 ὼς
361 1798 435 1830 τινὰς
453 1799 507 1826 τῶν
522 1800 649 1833 φυλάκων
664 1802 696 1826 ἐκ
713 1800 760 1827 τοῦ
777 1800 852 1833 δέους

71 1840 280 1878 ψυχορῤαγῆσαι,
301 1845 377 1876 τινὰς
396 1845 424 1871 δὲ
445 1845 520 1880 ὕπνῳ
539 1845 616 1880 βαθεῖ
639 1846 795 1881 παρεθεῖναι
818 1846 852 1873 τὰ

75 1888 148 1923 μέλη”
160 1889 244 1921 αὑτὰς
259 1890 286 1916 δὲ
303 1890 353 1921 τὰς
373 1890 460 1922 πύλας
475 1891 523 1926 τῆς
538 1892 649 1927 εἱρκτῆς
669 1892 853 1929 ἀναπετασθῆ-

73 1940 118 1963 ναι,
144 1934 189 1960 καὶ
209 1934 328 1968 ἐξελθεῖν
349 1935 394 1962 τὸν
421 1936 559 1970 Μωῡσῆν,
576 1937 622 1963 καὶ
650 1937 851 1973 παραγενέσθαι

73 1979 160 2010 νυκτὸς
176 1980 215 2011 εξς
233 1980 269 2007 τὰ
293 1980 414 2015 βασίλεια
425 1990 431 1996 ·
446 1982 492 2008 καὶ
509 1981 564 2017 γὰρ
579 1983 705 2010 κάκείνου
720 1984 748 2010 αἱ
771 1983 851 2019 θύραι

73 2023 244 2062 κλονουμένης
256 2027 306 2061 τῆς
321 2027 372 2062 γῆς
382 2028 540 2063 διέστησαν·
555 2029 602 2055 καὶ
613 2029 721 2056 πάντων
736 2029 790 2056 τῶν
804 2038 852 2056 σω-

76 2073 263 2106 ματοφυλάκων
292 2075 489 2106 καθευδόντων,
515 2076 644 2112 Mirm;ch
673 2077 719 2104 τὸν
752 2077 851 2113 Φαραὼ

75 2114 185 2150 λέγων(
203 2118 232 2146 '0
240 2119 306 2151 Θεὸς
325 2119 496 2152 ἐξαπέστειλέ
509 2129 542 2155 με
563 2120 696 2147 ἀπολῦσαι
719 2122 852 2156 προστάτ-

75 2169 122 2187 των
136 2170 174 2189 σοι
196 2163 241 2190 τὸν
257 2163 312 2189 τῶν
332 2165 464 2192 Ἰουδαίων
477 2165 550 2193 λαόν.
563 2174 573 2191 ι
591 2166 618 2194 Ὀ
625 2165 653 2192 δὲ
668 2166 851 2200 καταπλαγεὶς

76 2206 159 2241 ἠρώτα
181 2211 228 2236 καὶ
251 2213 326 2242 ποῖος
348 2207 424 2242 οὗτος
448 2213 516 2242 ἐστι,
537 2212 584 2239 καὶ
599 2213 626 2238 τί
642 2212 673 2238 τὸ
698 2212 782 2248 ὄνομα
802 2213 849 2240 τοῦ

75 2253 269 2288 ἀποστείλαντος
291 2258 370 2284 αὑτὸν
396 2257 479 2284 Θεοῦ·
507 2255 521 2282 ὁ
550 2257 578 2284 δὲ
598 2258 726 2293 Μωῦσῆς,
749 2258 851 2294 προκύ-

74 2298 121 2332 ψας
135 2301 172 2331 είς
187 2301 235 2336 τὴν
247 2303 332 2338 ἀκοὴν
351 2302 444 2335 αὑτοῦ,
461 2303 508 2329 τοῦ
539 2303 606 2331 Θεοῦ
623 2304 653 2330 τὸ
673 2304 758 2340 ὄνομα
777 2304 851 2338 αὐτῷ

76 2344 225 2382 διεσάφησε·
241 2349 289 2375 καὶ
305 2349 341 2384 μὴ
352 2350 524 2385 καρτερήσας
540 2351 589 2385 τὴν
606 2351 689 2386 ἀκοὴν
705 2351 720 2377 ὁ
739 2350 847 2386 Φαραὼ,

76 2390 116 2417 ἐπὶ
129 2393 175 2427 τῆς
192 2394 243 2429 γῆς
261 2394 359 2421 ἔπεσεν
380 2396 496 2429 ἄφωνος.
510 2396 564 2422 Καὶ
595 2395 751 2431 προσελθὼν
776 2396 850 2431 ἤγει-

78 2444 118 2471 ρεν
134 2438 210 2466 αὑτὸν
234 2442 248 2467 ὁ
269 2440 398 2476 Μωῦσῆς.
425 2442 471 2467 καὶ
493 2442 532 2473 είς
556 2441 646 2469 δέλτον
661 2441 691 2469 τὸ
719 2442 849 2476 πανάγιον

77 2480 151 2516 ὗνομα
174 2485 337 2521 ἐγχαράξας,
369 2487 531 2520 ὲσφράγισε-
563 2487 609 2514 καί
638 2496 680 2519 τις
709 2487 762 2514 τῶν
784 2488 849 2523 παρ’

77 2527 222 2562 Δίγυπτίοις
239 2532 342 2566 ἱερέων.
360 2533 487 2566 φαυλίσαι
503 2532 580 2560 τοῦτο
595 2534 733 2569 τολμήσας
745 2534 776 2560 τὸ
792 2533 849 2561 ὅνο-

78 2581 120 2608 μα.
139 2579 277 2613 σπασμονῇ
294 2577 394 2610 εὐθέως
411 2578 456 2605 τὺν
472 2578 527 2613 βίον
539 2579 678 2606 κατέλυσε,

111 2619 138 2646 '0
150 2620 177 2648 δὲ
190 2622 287 2657 Φαραὼ
302 2623 411 2659 ποιῆσαί
427 2632 454 2650 τι
471 2626 582 2659 σημεῖον
598 2625 643 2651 τὸν
669 2625 789 2660 Μωῦσῆν
805 2626 850 2652 ἑπ-

78 2663 177 2698 έτρεπε·
194 2669 239 2694 καὶ
252 2670 266 2695 ὁ
279 2669 408 2704 Μωῦσῆς,
423 2669 454 2704 ἣν
475 2671 583 2705 κατεῖχε
598 2670 695 2706 ῥάϐδον
711 2671 790 2706 ἀφεὶς
803 2671 849 2697 ἐπὶ

78 2708 121 2743 τῆς
130 2711 187 2746 γῆς,
203 2714 242 2744 είς
257 2713 317 2747 ὅφιν
333 2714 416 2750 αὐτὴν
439 2714 583 2749 μετέϐαλε·
602 2715 647 2742 καὶ
668 2715 748 2742 πάλιν
765 2716 849 2751 αὐτῆς

81 2753 216 2790 ἁψάμενος,
228 2760 267 2792 είς
279 2759 308 2786 τὸ
320 2760 432 2795 ἀρχαῖον
448 2760 662 2797 ἀποκατέστησε.

114 2845 133 2862 ¹⁹
145 2845 226 2877 Exod.
245 2856 274 2877 ιι.
315 2849 334 2866 ¹¹
350 2849 435 2878 Exod.
458 2859 500 2880 ιιι.
539 2851 559 2867 ¹²
573 2850 659 2879 Exod.
672 2859 720 2880 vn.

901 986 960 1005 rum
976 977 1176 1005 multitudinem
1188 977 1292 1009 eiIudit,
1304 985 1404 1012 eosque
1421 977 1597 1004 internecioni
1614 977 1684 1004 tradi

900 1031 1013 1059 prorsus
1026 1024 1163 1051 mandavit
1173 1031 1180 1056 ;
1190 1027 1294 1050 tantum
1303 1023 1375 1050 enim
1389 1030 1436 1050 eos
1445 1022 1514 1049 lineo
1523 1021 1684 1049 vestimento

901 1070 977 1098 indui
1006 1070 1099 1105 jussit,
1121 1073 1151 1096 nt
1184 1069 1293 1097 facilius
1323 1071 1563 1103 cognoscerentur,
1589 1067 1684 1102 sicque

900 1116 1064 1144 occidendos
1079 1115 1212 1150 Egyptiis
1225 1115 1323 1148 tradit;
1341 1121 1389 1149 pro
1405 1120 1458 1148 quo
1469 1112 1539 1140 Deus
1565 1112 1684 1139 maximo

902 1161 1036 1196 supplicio
1050 1168 1112 1188 eum
1125 1159 1247 1195 punivit;
1258 1159 1379 1187 omnium
1390 1159 1462 1186 enim
1474 1157 1613 1185 hominum
1626 1157 1682 1192 pri-

902 1215 963 1234 mus
977 1205 1094 1237 Pharao,
1118 1205 1311 1241 elephantiasi,
1341 1204 1491 1232 [tedissimo
1521 1202 1582 1235 (ille,
1600 1202 1683 1229 vitam

901 1253 1002 1280 amisit.
1015 1251 1101 1286 llujus
1112 1251 1138 1278 in
1156 1251 1294 1278 dominatu
1310 1257 1462 1282 successor,
1476 1249 1554 1276 simul
1566 1252 1592 1275 et
1609 1248 1685 1276 illius

901 1299 1029 1326 vitiOrum
1057 1299 1143 1326 haeres
1154 1297 1216 1325 fuit.
1235 1297 1334 1325 Iisdem
1359 1296 1458 1332 quippe
1476 1295 1555 1323 malis
1575 1293 1684 1322 Judaos

902 1345 1075 1373 conﬁciebat.

937 1434 1002 1462 Inde
1017 1434 1136 1461 maximo
1152 1434 1262 1469 planctu
1286 1432 1486 1467 interpellante,
1507 1430 1579 1458 Deus
1589 1436 1683 1458 eorum

901 1480 1032 1508 misertus
1065 1479 1183 1515 Moysem
1194 1479 1221 1506 in
1236 1478 1383 1514 Egyptum
1412 1478 1487 1504 misit
1502 1477 1534 1509 “,
1550 1475 1684 1503 Pharaoni

902 1525 1063 1562 praecipiens
1083 1524 1237 1552 Judaeorum
1261 1524 1398 1551 nationem
1416 1523 1526 1550 liberam
1549 1521 1684 1549 dimittere

903 1572 930 1598 in
949 1572 1097 1603 desertum,
1110 1575 1140 1597 ul.
1151 1571 1190 1597 illi
1204 1570 1365 1601 deserviret,

938 1658 995 1686 Hoc
1011 1658 1111 1694 Moysis
1128 1657 1229 1685 dictum
1244 1666 1314 1693 aegre
1327 1658 1417 1684 l'erens
1433 1655 1539 1682 Pharao
1560 1662 1684 1690 compre-

901 1704 1017 1732 hensum
1033 1705 1106 1732 illico
1118 1705 1145 1731 in
1157 1704 1308 1731 custodiam
1325 1703 1436 1730 tradidit
1447 1702 1647 1733 includendum,
1657 1704 1685 1728 et

902 1759 950 1786 per
966 1756 1072 1778 noctem
1089 1757 1167 1778 terra:
1179 1751 1298 1778 motibus
1322 1749 1466 1777 universus
1492 1752 1624 1776 terrarum
1639 1756 1685 1775 or-

902 1798 944 1826 bis
956 1802 1153 1833 conquassatus
1166 1802 1217 1828 est,
1233 1797 1270 1824 ita
1284 1801 1314 1823 nt
1329 1796 1405 1823 multi
1420 1803 1452 1823 ex
1467 1796 1625 1824 custodibus
1651 1796 1685 1823 ti-

902 1851 977 1871 more
991 1844 1120 1878 perculsi,
1136 1843 1253 1870 animam
1269 1842 1399 1874 elﬂarint,
1413 1842 1490 1869 multi
1506 1842 1588 1869 etiam
1608 1841 1682 1876 gravi

903 1897 999 1917 somno
1014 1889 1144 1924 correpti,
1175 1888 1305 1916 membris
1330 1887 1429 1914 fuerint
1457 1887 1592 1919 dissoluti,
1618 1889 1683 1921 ipsa

902 1935 1034 1963 custodia:
1050 1935 1124 1962 fores
1136 1942 1214 1970 pares
1227 1938 1350 1969 patentes
1366 1937 1465 1968 apertae
1482 1933 1547 1963 sint,
1564 1931 1683 1967 ηομες-

902 1989 955 2016 que
972 1985 1082 2016 ereptus
1095 1981 1128 2008 ad
1144 1980 1242 2015 regiam
1255 1980 1416 2015 pervenerit,
1431 1979 1510 2014 cujus
1521 1985 1605 2014 porta:
1619 1978 1683 2005 dum

902 2032 974 2056 terra
989 2027 1222 2060 contremisceret,
1239 2026 1332 2053 divisae
1347 2029 1424 2059 sunt;
1439 2030 1466 2053 et
1484 2025 1609 2052 omnibus
1636 2033 1685 2052 cn-

903 2075 1028 2102 stodibus
1041 2073 1165 2110 corporis
1181 2081 1277 2100 somno
1291 2073 1433 2108 correptis,
1452 2071 1558 2108 Moyses
1581 2072 1685 2099 excita-

903 2121 941 2148 vit
957 2121 1137 2151 Pharaonem,
1150 2119 1244 2148 dicens
1258 2131 1264 2147 :
1279 2130 1288 2146 ι
1304 2120 1373 2148 Deus
1385 2120 1457 2147 misit
1469 2127 1520 2151 me,
1538 2122 1566 2145 ut
1577 2117 1687 2146 Iudaeo-

901 2174 962 2193 rum
980 2166 1108 2201 populum
1125 2166 1256 2197 dimittas,
1274 2166 1322 2193 tibi
1350 2165 1498 2198 mandans;
1522 2174 1531 2191 ι
1558 2165 1603 2191 ille
1623 2171 1686 2200 per-

903 2213 1064 2240 lerrefactns
1081 2212 1227 2246 quaerebat,
1245 2212 1306 2246 quis
1316 2211 1359 2238 hic
1374 2215 1456 2244 esset,
1469 2215 1494 2238 et
1504 2210 1576 2246 quod
1587 2217 1685 2237 nomen

904 2257 961 2290 Dei,
977 2258 1022 2291 qui
1036 2257 1110 2284 illum
1123 2257 1243 2284 miserat.
1261 2257 1367 2292 Moyses
1388 2265 1417 2284 se
1433 2257 1466 2284 ad
1491 2264 1583 2284 aurem
1611 2256 1685 2294 illius

904 2302 1064 2335 admovens,
1082 2310 1180 2330 nomen
1193 2301 1239 2329 Dei
1254 2303 1454 2336 manifestavit;
1470 2302 1586 2334 Pharao,
1615 2301 1685 2328 tanti

902 2349 1022 2377 nominis
1034 2348 1161 2376 audiendi
1179 2349 1275 2384 impar,
1295 2356 1360 2375 voce
1370 2349 1470 2376 amissa
1483 2349 1510 2375 in
1526 2353 1624 2375 terram
1637 2347 1684 2374 de-

902 2396 979 2427 cidit,
992 2399 1020 2423 et
1042 2395 1176 2423 accedens
1204 2395 1320 2431 Moyses,
1333 2402 1394 2422 eum
1418 2395 1514 2424 erexit.
1533 2401 1686 2427 nomenque

902 2441 1106 2469 sanctissimum
1137 2440 1238 2467 charta:
1258 2439 1417 2474 inscriptum
1445 2439 1533 2473 sigillo
1556 2438 1684 2472 obsigna-

901 2488 950 2519 vit,
966 2491 993 2514 et
1011 2495 1082 2514 unus
1097 2494 1128 2514 ex
1148 2486 1335 2523 sacerdotibus
1349 2485 1496 2520 Egyptiis,
1514 2493 1613 2512 nomen
1633 2485 1684 2512 hoc

904 2533 982 2568 parvi
996 2533 1086 2560 facere
1100 2540 1194 2565 ausus,
1211 2532 1303 2560 statim
1317 2539 1426 2566 spasmo
1437 2531 1519 2558 vitam
1531 2530 1641 2566 abjecit.

938 2623 1044 2650 Pharao
1057 2623 1163 2658 signum
1176 2631 1191 2650 a
1200 2622 1292 2658 Moyse
1306 2621 1443 2657 poscebat.
1460 2624 1487 2649 et
1510 2620 1615 2656 Moyses
1636 2620 1684 2648 ba-

902 2670 1006 2701 culum,
1021 2677 1101 2704 quem
1116 2677 1172 2704 prm
1183 2669 1308 2696 manibus
1321 2668 1447 2700 habebat,
1462 2668 1488 2694 in
1501 2671 1600 2694 terram
1616 2673 1683 2694 eon-

900 2715 1013 2750 jectum,
1029 2715 1055 2742 in
1067 2720 1218 2750 serpentem
1235 2714 1410 2742 commutavit
1427 2714 1458 2747 ",
1484 2720 1564 2748 quem
1584 2712 1682 2741 iterum

904 2768 967 2788 cum
984 2761 1128 2797 tetigisset,
1143 2761 1285 2796 pristinam
1302 2760 1340 2788 illi
1354 2760 1468 2788 formam
1484 2759 1613 2787 restituit.
