1903 3068
214 136 264 169 78⁵1

645 136 672 164 S.
695 134 915 164 EUSTATHIUS
935 131 1178 161 ANT.OCHENUS
1197 130 1394 159 EPISCOPUS.

1776 128 1829 155 788

248 196 332 224 Porro
346 203 407 222 cum
437 202 524 229 neque
548 194 600 222 hoc
621 195 728 222 cederet
747 195 781 222 ad
798 194 926 230 po'pulum
951 193 992 220 di-

1079 191 1179 217 Ἰίούτου
1197 190 1225 217 δὲ
1254 189 1300 216 ἐπὶ
1320 189 1398 216 τοῦτο
1422 188 1459 224 μὴ
1480 187 1602 221 εἴξαντος
1621 187 1759 214 ἀπολῦσαι
1783 189 1830 213 τὸν

214 241 385 270 mittendum.
401 243 497 266 orante
510 239 601 274 Moyse
609 238 703 270 Deum,
721 247 835 274 magnus
846 243 924 265 terra:
935 246 992 265 mo-

215 290 259 313 tus
272 292 324 312 una
335 292 396 312 cum
410 283 542 318 grandine
557 283 644 311 factus
655 287 696 311 est
709 284 791 319 utqui
805 288 882 310 terra:
890 288 992 310 motum

213 331 363 359 evitandae
377 330 503 358 domibus
514 337 639 365 egressus
654 330 700 361 sit,
718 338 733 357 a
751 331 882 366 grandine
898 329 994 365 perde-

214 381 288 404 r‘tur
300 386 307 410 ;
321 377 366 411 qui
383 384 479 403 rursus
489 375 646 411 grandinem
658 376 829 408 declinando,
854 376 881 403 in
898 376 993 403 domos

213 423 366 458 aufugeret,
380 427 458 450 terra:
472 425 545 449 motu
562 427 713 450 corrueret.

248 469 363 503 Quando
375 473 464 496 autem
483 477 571 504 neque
581 469 632 497 hoc
646 469 715 496 ﬂecti
726 469 822 504 potuit,
835 468 930 496 baculo
941 467 993 495 Nili

215 524 285 551 aqua
296 523 376 547 cassa,
386 520 468 541 totam
479 514 534 542 fere
540 514 684 550 [Egyptum
695 515 830 542 inundans
841 514 939 541 ﬂuvius
949 521 995 548 pa-

215 568 275 587 rum
287 560 374 588 abfuit
388 561 452 595 quin
465 560 638 591 immerserit,
653 560 688 586 ita
703 564 732 586 ut
743 560 776 586 ab
787 567 819 586 eo
833 564 952 594 tempore
961 559 995 586 ad

216 607 265 634 boc
275 615 361 641 usque
379 608 436 641 ipse
451 614 517 634 suos
535 605 683 633 descensus
698 606 785 633 iteret.
803 606 895 640 Itaque
924 605 995 632 Pha-

215 661 262 680 rao
289 653 476 680 sacerdotibus
493 653 628 685 omnibus,
653 653 700 687 qui
728 652 870 687 Memphim
893 653 995 680 incole-

215 700 289 732 bant,
310 700 477 732 convocatis,
490 700 517 726 ni
528 700 621 727 eadem
632 707 691 734 quae
704 705 731 726 et
744 699 849 734 Moyses
864 699 994 726 miracula

215 745 363 776 efﬁcerent,
382 749 495 773 mortem
512 746 575 776 illis,
593 745 760 780 deorumque
784 745 855 773 fanis
887 746 994 772 ruinam

216 793 334 819 minatus
348 795 400 818 cst.
419 791 469 824 Qui
481 792 647 819 carminibus
670 791 792 826 magicis,
812 795 842 817 ut
860 791 994 823 solebant,

216 837 348 865 dracones
371 841 398 864 ut
415 844 553 872 serperent
573 837 705 868 fecerunt,
733 837 907 872 ﬂuminisque
923 837 997 864 colo-

1042 237 1114 269 λαὸν,
1128 236 1276 271 εὐξαμένου
1290 235 1337 261 τοῦ
1354 234 1457 268 Μωῦσῆ
1482 234 1549 269 πρὸς
1561 234 1606 259 τὸν
1618 233 1696 264 Θεὸν,
1718 232 1830 267 σεισμὸς

1044 283 1129 318 μέγας
1147 281 1214 318 μετὰ
1225 280 1344 316 χαλάζης
1357 279 1514 314 ἐνέσκηψεν,
1529 278 1566 309 ὡς
1583 278 1628 304 τὸν
1645 277 1782 311 φεύγοντα
1797 278 1831 303 ἐκ

1041 328 1096 355 τῶν
1111 327 1242 362 δωμάτων
1256 326 1301 352 τὸν
1318 324 1428 360 σεισμὸν
1444 323 1495 350 ὑπὸ
1513 323 1562 357 τῆς
1578 322 1698 357 χαλάζης
1712 321 1832 348 ἀπόλλυ-

1043 375 1120 406 σθαι,
1138 374 1199 405 τοὺς
1211 374 1232 399 δ’
1248 370 1281 398 αὖ
1301 371 1379 398 πάλιν
1398 370 1447 405 τὴν
1466 368 1584 405 χάλαζαν
1601 368 1735 394 ἐκκλίνειν
1747 367 1832 393 σπεύ-

1042 420 1138 451 δοντας
1152 419 1204 445 ὑπὸ
1219 418 1266 445 τοῦ
1284 416 1396 452 σεισμοῦ
1413 414 1650 449 καταφθείρεσθαι.

1083 467 1127 498 Ὦς
1142 466 1170 492 δὲ
1178 465 1225 491 καὶ
1239 463 1371 490 ἐπὶτοῦτο
1382 462 1486 497 ἔμεινεν
1495 459 1680 494 ἀδυσώπητος,
1691 461 1725 494 τῇ

1043 513 1074 539 τὸ
1085 511 1213 538 Νειλώῖον
1228 509 1299 544 ὕδωρ
1316 506 1443 539 ἐπάταξε,
1458 507 1505 532 καὶ
1518 505 1567 539 τὴν
1586 504 1723 538 Αἴγυπτον
1741 503 1834 538 πλημ-

1046 559 1169 595 μυρήσας
1177 556 1327 591 ὁποταμὸς,
1344 553 1441 589 μικροῦ
1453 553 1507 579 δεῖν
1522 553 1611 579 πᾶσαν
1620 550 1783 581 ἐπέκλυσεν,
1796 550 1832 582 ὠς

1044 605 1136 631 ἔκτοτε
1151 604 1214 638 ἄχρι
1231 602 1277 629 τοῦ
1294 601 1341 629 νῦν
1356 600 1488 627 ποιεῖσθαι
1504 599 1583 625 αὐτὸν
1599 597 1647 633 τὴν
1668 596 1830 624 κατάϐασιν.

1051 652 1079 677 '0
1092 650 1156 684 γοῦν
1180 648 1289 684 Φαραὼ,
1308 648 1371 678 τοὺς
1386 646 1454 681 ὑπὲρ
1477 645 1587 680 Μέμφιν
1613 645 1695 679 ἱερεῖς
1712 651 1834 678 προσκα‹

1045 697 1202 731 λεσάμενος,
1214 694 1360 730 ἠπείλησεν
1374 692 1470 723 αὐτούς
1479 700 1507 718 τε
1522 691 1569 718 καὶ
1584 690 1687 721 πάντας
1701 689 1767 720 τοὺς
1780 688 1833 714 τῶν

1046 741 1160 768 εἰδώλων
1175 740 1333 775 ἐξαφανίσαι
1352 738 1460 773 σηκοὺς,
1477 738 1501 763 εί
1518 736 1555 772 μὴ
1571 735 1609 771 τῷ
1623 736 1728 769 Μωῡσῇ
1746 742 1835 768 παρα-

1046 787 1167 823 πλησίως
1194 785 1449 822 τερατουργήσειαν.
1474 783 1504 809 Οἱ
1534 782 1578 813 δὲ,
1606 782 1665 813 ταῖς
1695 780 1835 811 είωθυίαις

1047 833 1183 868 γοητείαις
1200 833 1376 869 χρησάμενοι,
1392 829 1541 866 δράκοντας
1553 828 1676 863 ἐξέρπειν
1691 826 1837 861 ἐποίησαν,

216 891 272 910 rem
288 887 437 914 mutarunt,
453 883 490 909 ita
510 887 538 910 ut
556 883 717 911 bisiuﬂatus
730 883 846 913 Pharao,
870 883 996 911 maximis

1056 878 1094 904 ιαί
1111 877 1155 903 τὸν
1173 876 1291 911 ποταμὸν
1308 876 1416 911 δοκήσει
1431 874 1616 910 μετέχρωσαν,
1633 873 1670 904 ὡς
1684 873 1717 899 ἐκ
1738 872 1836 898 τούτου

215 929 354 963 suppliciis
367 929 475 956 Judzeos
488 929 617 963 aifecerit;
630 933 656 956 ct
665 929 770 965 Moyses
783 930 879 956 baculo
891 930 996 964 pulsata

216 978 298 1005 terra,
315 974 415 1001 aiaturn
434 974 533 1001 animal
556 975 693 1010 produxit,
714 975 784 1010 quod
806 975 996 1011 [Egyptiorum

215 1021 336 1047 insidens
351 1021 510 1055 corporibus
527 1021 658 1056 operosis,
674 1021 848 1056 molestisque
860 1021 997 1048 ulceribus

215 1065 393 1101 defatigabat,
423 1067 460 1093 ita
483 1071 511 1093 ut
537 1067 733 1095 medicamenta
758 1067 858 1094 trullam
885 1071 997 1102 possent

216 1112 311 1141 altern:
324 1113 477 1144 utilitatem.

250 1200 285 1227 Ut
301 1204 327 1228 et
343 1201 369 1227 in
386 1201 438 1227 hac
451 1201 527 1236 plaga
544 1200 650 1228 Pharao
667 1201 810 1228 induratus
828 1204 870 1228 est
888 1201 919 1233 ",
936 1204 997 1227 tan-

213 1244 275 1270 dem
301 1245 495 1280 primogenitos
516 1246 598 1273 totius
625 1245 735 1281 (Egypti
764 1251 849 1274 morte
875 1246 996 1274 delevit:

215 1298 299 1324 quare
311 1291 411 1326 ingenti
429 1292 501 1322 luctu
514 1292 631 1328 {Egypto
643 1297 774 1327 occupata
787 1300 802 1319 e
815 1297 886 1319 terra
903 1300 997 1320 omnes

215 1333 320 1362 Pharao
331 1335 438 1364 Judaeos
451 1338 551 1369 emiSit,
566 1338 612 1372 qui
629 1338 739 1364 multari:
762 1338 832 1365 viam
849 1338 995 1373 progressi,

216 1379 426 1416 fluminibusque
447 1383 552 1410 Arabia:
566 1383 697 1418 trajectis,
717 1384 796 1411 tertia
811 1383 854 1411 die
880 1384 907 1410 in
923 1392 998 1411 mare

216 1425 338 1455 Rubrum
358 1430 531 1456 conveniunt.
555 1428 608 1456 Sed
640 1429 695 1456 Deo
718 1437 764 1456 cor
789 1429 940 1457 Pharaonis
956 1430 998 1456 in-

215 1471 340 1505 durante,
353 1481 449 1502 rursus
478 1474 608 1510 Egyptii,
640 1475 837 1509 praeteritorum
864 1476 997 1503 malorum

215 1517 303 1550 obliti,
321 1527 381 1546 cum
399 1519 686 1548 Pharaouelsraelitas
711 1522 945 1556 persequebantur
965 1522 996 1548 ‘*.

1048 923 1205 958 τυφωθέντα
1226 922 1271 948 τὺν
1290 921 1389 956 Φαραὼ
1407 920 1526 956 τιμωρίᾳ
1544 919 1659 955 μεγίστῃ
1681 919 1746 949 τοὺς
1771 918 1837 944 ’1ου-

1046 970 1137 1001 δαίους
1157 968 1310 995 ὑποϐαλεῖν,
1331 967 1385 994 Καὶ
1407 968 1422 993 ὁ
1435 965 1565 999 Μωῡσῆς,
1578 966 1611 1000 τῇ
1626 964 1717 1000 ῥάϐδῳ
1735 963 1837 994 παίσας

1046 1016 1095 1051 τὴν
1108 1015 1169 1050 γῆν,
1182 1014 1280 1050 πτηνόν
1293 1023 1320 1040 τι
1331 1013 1398 1045 ςῶον
1410 1011 1556 1047 ὲξερπὺσαι
1570 1010 1652 1045 αὐτὴν
1663 1009 1838 1045 παρεσκεύα-

1048 1070 1104 1094 σεν,
1133 1062 1201 1096 ὅπερ
1222 1061 1277 1092 τοῖς
1301 1059 1422 1093 σώμασιν
1452 1058 1577 1092 ὲφιζὰνον
1598 1057 1652 1082 τῶν
1678 1055 1838 1090 Αἰγυπτίων

1048 1107 1175 1138 ἐλκώσεις
1187 1106 1301 1141 ἀνιαρὰς
1312 1105 1402 1136 αὐτοῖς
1415 1104 1569 1139 παρείχετο,
1582 1103 1620 1134 ὡς
1635 1102 1774 1137 μηδεμίαν
1788 1100 1838 1136 τὴν

1049 1153 1172 1189 ἰατρικὴν
1188 1153 1299 1187 ποιῆσαι
1315 1151 1419 1182 τούτοις
1431 1150 1590 1184 ἐπικουρίαν
1606 1147 1747 1175 δύνασθαι.

1088 1200 1130 1231 Ὠς
1143 1200 1172 1226 δὲ
1196 1198 1242 1224 καὶ
1265 1197 1311 1224 ἐπὶ
1321 1197 1370 1232 τῆς
1398 1196 1525 1231 μάστιγος
1546 1194 1646 1228 ταύτης
1663 1191 1837 1228 ἐσκληρύνῦη

1046 1245 1154 1283 Φαραὼ,
1167 1245 1318 1272 τελευταῖον
1333 1242 1439 1277 θανάτῳ
1453 1241 1486 1267 τὰ
1506 1241 1664 1276 πρωτότοκα
1684 1239 1735 1273 τῆς
1756 1236 1837 1271 Αἰγύ-

1046 1300 1113 1318 πτου
1130 1291 1218 1326 πάσης
1235 1288 1363 1315 ὑπέϐαλε.
1380 1288 1434 1314 Καὶ
1442 1286 1555 1317 πένθους
1569 1286 1616 1312 ἐπὶ
1625 1284 1703 1312 τοῦτο
1715 1284 1837 1319 ἀμέτρου

1048 1337 1244 1368 καταλαϐόντος
1259 1336 1308 1371 τὴν
1320 1335 1467 1369 Αἴγυπτον,
1481 1333 1534 1359 ἀπὸ
1547 1332 1596 1366 τῆς
1608 1331 1699 1366 χώρας
1710 1328 1837 1363 ﬁrmavi}

1048 1383 1151 1414 πάντας
1167 1384 1180 1409 ὁ
1192 1381 1290 1417 Φαραὼ
1302 1382 1364 1412 τοὺς
1384 1379 1525 1411 Ἰουδαίους
1542 1377 1677 1412 ἐξέπεμψε
1688 1385 1696 1391 ·
1714 1376 1762 1402 καὶ
1776 1374 1838 1401 πολ-

1047 1429 1096 1464 λὴν
1111 1425 1183 1455 οὗτοι
1200 1428 1257 1455 ὁδὸν
1277 1427 1459 1457 διανύσαντες,
1478 1425 1524 1451 καὶ
1543 1424 1605 1454 τοὺς
1633 1421 1764 1457 Ἀραϐίας
1780 1421 1838 1446 δια-

1048 1475 1143 1507 ϐάντες
1160 1475 1307 1510 ποταμοὺς,
1322 1474 1435 1509 τριταῖοι
1459 1472 1505 1498 ἐπὶ
1519 1471 1568 1506 τὴν
1585 1468 1717 1505 Ἐρυθρὰν
1737 1467 1837 1494 Gallam

1050 1531 1098 1549 σαν
1116 1522 1304 1558 παρεγένοντο.
1318 1520 1370 1546 Τοῦ
1391 1520 1419 1546 δὲ
1433 1518 1501 1545 θεοῦ
1521 1518 1568 1553 τὴν
1587 1516 1700 1552 καρδίαν
1718 1511 1839 1548 σκληρύ-

215 1573 308 1596 ναντος
325 1565 372 1592 τοῦ
394 1566 503 1602 Φαραὼ,
519 1567 598 1594 πάλιν
612 1568 637 1594 οἱ
656 1567 798 1602 Αἰγύπτιοι
815 1569 1005 1605 ὲπιλησθέντες
1025 1570 1078 1597 τῶν
1104 1570 1293 1606 προλαϐόντων
1318 1567 1420 1600 κακῶν,
1440 1567 1502 1597 τοὺς
1531 1563 1700 1600 Ἰσραηλίτας
1725 1562 1787 1596 ἅμα
1803 1559 1840 1594 τῷ

214 1610 313 1647 Φαραὼ
333 1612 489 1640 ἐπεδίωκον.

252 1659 385 1687 Cmterum
400 1668 480 1688 nemo
492 1660 659 1689 Pharaonem
680 1661 707 1688 in
725 1669 812 1689 rerum
833 1663 997 1698 agendarum

216 1709 354 1739 stuporem
366 1713 382 1732 a
394 1705 447 1733 Deo
472 1707 497 1733 vi
512 1711 634 1734 coactum
663 1707 762 1742 impelli
779 1708 931 1740 existimet;
958 1712 999 1736 et-

216 1749 288 1776 enim
302 1749 384 1777 Deum
399 1750 422 1778 is
439 1751 578 1785 injustitiaa
592 1757 713 1783 accusat,
729 1752 794 1779 dum
802 1752 884 1779 dicit:
901 1752 929 1780 Si
942 1754 999 1788 ipse

217 1802 258 1824 εει
274 1797 320 1831 qui
337 1804 384 1824 cor
401 1797 521 1828 indurat,
537 1802 567 1824 ut
589 1798 655 1832 quid
680 1799 805 1825 indurato
837 1799 1000 1826 succenset?

218 1843 315 1870 Verum
333 1844 410 1875 sciat,
431 1844 480 1870 bas
498 1845 638 1879 plagarum
666 1844 791 1872 inducias
818 1846 939 1880 stuporis
960 1846 999 1872 illi

218 1897 329 1917 causam
349 1889 450 1923 fuisse;
466 1897 526 1916 cum
543 1891 613 1917 enim
630 1890 656 1916 in
672 1898 732 1917 eum
747 1891 839 1926 plagas
856 1891 998 1923 inferebat,

219 1936 348 1970 populum
361 1936 496 1962 dimittere
510 1937 695 1970 promittebat;
712 1945 802 1964 verum
821 1937 865 1964 ubi
893 1945 908 1965 a
935 1946 1001 1973 sup—

218 1982 307 2016 pliciis
323 1982 485 2013 abstinebat,
507 1982 552 2009 ille
573 1982 770 2016 indurabatur;
790 1983 841 2010 hoc
864 1984 948 2014 enim,
974 1987 1000 2010 et

218 2027 308 2054 verbis
322 2028 388 2061 ipsis
404 2027 544 2062 Scriptura
557 2029 634 2056 nobis
660 2029 790 2061 insinuat,
812 2037 873 2056 cum
901 2030 938 2056 ait
953 2030 974 2045 ¹⁵
991 2037 999 2056 :

226 2071 320 2099 Videas
335 2078 421 2100 autem
439 2073 555 2105 Pharao.
572 2075 640 2109 quod
655 2074 726 2109 facta
754 2080 819 2102 esset
850 2076 999 2109 respiratio,

220 2120 371 2154 aggravavit
382 2129 427 2146 cor
439 2128 527 2152 suum,
537 2125 561 2146 et
576 2129 628 2146 non
642 2120 740 2147 audivit
756 2129 810 2153 eos,
823 2122 889 2148 sicut
900 2121 1001 2148 loculus

218 2171 258 2193 est
267 2166 409 2198 Dominus;
424 2170 450 2193 et
462 2166 484 2181 η
497 2166 544 2193 :In
558 2166 605 2193 hoc
616 2167 700 2201 ipsum
712 2168 823 2195 excitavi
834 2172 867 2200 te,
879 2172 906 2194 ut
921 2172 1003 2195 osten-

219 2212 282 2240 dam
296 2213 322 2243 in
339 2218 361 2240 te
375 2218 457 2241 totum
472 2213 551 2243 robur
567 2222 663 2243 meum.

219 2300 225 2305 ’
256 2304 321 2337 Quae
338 2304 401 2331 dum
417 2304 508 2336 audis,
522 2313 587 2333 cave
600 2305 627 2332 id
647 2305 719 2332 malo
747 2312 829 2332 sensu
855 2303 999 2338 percipias,

1083 1659 1185 1695 Μηδεὶς
1208 1658 1236 1685 δὲ
1252 1656 1374 1692 ὑπολὰὃῃ
1399 1656 1444 1682 τὸν
1463 1653 1562 1690 Φαραὼ
1576 1653 1628 1679 ὑπὸ
1650 1651 1698 1682 τοῦ
1713 1651 1784 1677 Θεοῦ
1802 1651 1840 1682 εἰς

1050 1706 1225 1741 ἀναισθησίαν
1249 1705 1302 1731 τῶν
1323 1703 1515 1740 πραττομένων
1533 1702 1629 1736 χωρεῖν
1645 1699 1838 1730 ἐκϐιάζεσθαι·

1050 1753 1154 1785 ἀδικίας
1167 1752 1222 1788 γὰρ
1240 1751 1304 1782 ἴσως
1319 1750 1366 1776 τοῦ
1381 1749 1447 1775 Θεοῦ
1459 1749 1472 1774 ὁ
1487 1747 1605 1778 τοιοῦτος
1621 1745 1840 1780 καταψηφίζεται

1049 1801 1175 1834 φάσκων·
1193 1799 1222 1825 Εἰ
1237 1798 1317 1828 αὐτὸς
1332 1795 1476 1831 σκληρύνει
1488 1794 1536 1830 τὴν
1549 1792 1672 1828 καρδίαν,
1687 1792 1714 1817 τί
1733 1792 1840 1826 μέμφε-

1049 1855 1094 1873 ται
1111 1845 1149 1880 τῷ
1172 1843 1396 1879 σκληρυνομένῳ;
1419 1840 1498 1867 Ἀλλὰ
1515 1839 1683 1874 γινωσκέτω,
1699 1838 1742 1864 ὅτι
1759 1837 1840 1871 ἁνοχὴ

1050 1892 1103 1920 τῶν
1129 1890 1266 1926 μαστίγων
1290 1888 1365 1917 αἰτία
1381 1888 1429 1922 τῆς
1450 1885 1604 1922 πωρώσεως
1620 1883 1694 1919 αὐτῷ
1720 1884 1839 1917 ἐγίνετο·

1051 1938 1130 1973 ἡνίκα
1149 1937 1203 1972 γὰρ
1220 1936 1322 1970 ὲπῆγεν
1347 1935 1388 1961 ἐπ’
1401 1933 1481 1960 αὐτὸν
1503 1933 1551 1963 τὰς
1576 1931 1694 1966 πληγὰς.
1711 1929 1842 1956 ἀπολύειν

1049 1984 1095 2011 τὸν
1112 1983 1174 2010 λαὸν
1190 1981 1369 2018 ἐπηγγείλατο
1381 1988 1388 1996 ·
1408 1980 1489 2015 ἡνίκα
1503 1979 1532 2005 δὲ
1547 1978 1621 2013 ἠφίει
1639 1976 1693 2003 τῶν
1713 1976 1841 2011 βασάνων

1051 2030 1141 2060 αὑτὸν,
1165 2027 1357 2063 ὲσκληρύνετο⁸
1373 2025 1451 2054 τοῦτο
1464 2024 1517 2060 γὰρ
1530 2024 1576 2050 ἐπὶ
1597 2022 1696 2054 λέξεως
1711 2022 1842 2057 σημαίνει

1052 2075 1098 2101 καὶ
1113 2075 1129 2108 ὴ
1141 2073 1235 2109 Γραφὴ
1248 2073 1375 2106 λέγουσιν
1392 2070 1518 2103 Ἰδὼντδὲ
1528 2069 1642 2103 Φαραὼ,
1655 2068 1700 2095 ὅτι
1717 2068 1842 2102 γέγονεν

1051 2120 1212 2154 ἀνάφυξις,
1232 2119 1356 2152 ἐϐάρυνε
1372 2119 1428 2151 τὴν
1450 2116 1577 2151 καρδίαν
1592 2115 1696 2147 αὑτοῦ,
1720 2114 1773 2141 καὶ
1790 2115 1842 2140 οὐκ

1051 2166 1234 2199 εὶσήκοπυσεν
1251 2163 1358 2195 αὐτῶν,
1380 2162 1511 2195 καθάπερ
1521 2161 1674 2194 ἐλάλησεν
1688 2161 1705 2186 ὁ
1722 2161 1841 2193 Κύριος

1053 2213 1110 2244 καὶ,
1122 2213 1174 2244 Εὶς
1185 2211 1257 2237 αὐτὸ
1265 2209 1351 2237 τοῦτο
1364 2207 1502 2242 ἐξήγειρά
1512 2216 1558 2239 σε,
1573 2207 1652 2239 ὅπως
1664 2205 1842 2240 ἐνδείξωμαι

1056 2259 1092 2290 ἐν
1106 2258 1156 2285 σοί
1169 2257 1273 2285 πᾶσαν
1288 2257 1345 2289 τὴν
1357 2255 1486 2290 δύναμιν
1495 2263 1565 2289 μου.

1095 2303 1162 2330 Ἀλλ’
1177 2303 1282 2330 ἁκούων
1298 2303 1334 2337 μὴ
1351 2302 1498 2337 δυσφήμως
1517 2299 1666 2336 ὑπολάϐῃς,
1680 2298 1782 2332 λέγων’
1796 2298 1842 2324 Διὰ

220 2350 313 2378 dicens
330 2359 336 2378 :
352 2350 424 2383 Quas
439 2351 474 2378 ob
491 2358 589 2379 causas
600 2358 647 2378 eos
665 2351 741 2385 punit
767 2350 843 2384 prius
866 2351 937 2380 illos,
970 2353 999 2375 ut

1056 2351 1076 2377 tt
1084 2351 1242 2386 τιμωρεῖται
1253 2349 1360 2380 αὐτοὺς,
1373 2347 1529 2382 ἀντιστῆναι
1541 2346 1614 2381 αὐτῷ
1625 2344 1842 2380 παρασκευάζων

220 2395 271 2422 sibi
289 2396 407 2428 obstent,
422 2396 598 2431 praeparans?
616 2404 700 2431 quare
717 2395 856 2430 vapulant,
875 2396 897 2422 si
910 2396 944 2422 ab
959 2395 1001 2422 in-

216 2442 323 2476 justitia
337 2443 407 2470 Deus
420 2443 566 2470 abhorret?
578 2443 630 2469 Sed
642 2442 711 2470 scito
724 2442 851 2476 primum.
861 2449 921 2476 qua:
929 2441 1000 2475 apud

221 2489 389 2524 Scripturam
398 2490 536 2517 adversari
545 2490 596 2517 sibi
608 2489 743 2520 videntur,
755 2496 809 2516 non
817 2488 998 2520 discursibus,

220 2536 267 2562 sed
282 2536 412 2570 exemplis
424 2536 596 2564 dissolvenda
610 2544 682 2563 esse.

255 2581 489 2614 Quemadmodum
506 2583 577 2609 enim
592 2582 757 2609 medicorum
777 2581 871 2616 optimi
888 2581 934 2616 qui
950 2581 1002 2613 bu-

221 2636 303 2655 mauo
323 2629 414 2663 generi
434 2629 577 2656 commodo
603 2628 768 2662 utilitatique
793 2636 854 2655 esse
882 2628 1003 2661 student,

221 2673 329 2701 decreto
342 2675 437 2701 ultimo
452 2675 532 2701 morti
548 2675 676 2702 subactos
689 2675 903 2708 expostulantes,
919 2682 966 2702 eos
977 2675 1004 2702 in

221 2721 343 2747 membra
356 2721 489 2754 incidunt,
507 2726 536 2748 ut
549 2729 596 2756 per
612 2721 692 2748 morti
708 2721 854 2753 obnoxios,
879 2721 1005 2748 homines

224 2765 341 2796 fructum
357 2767 474 2801 aliquem
487 2771 689 2802 consequantur
705 2775 712 2793 :
739 2768 779 2796 sic
803 2767 874 2795 Deus
897 2773 1004 2794 omnem

262 2856 283 2871 ”
300 2855 384 2886 Exod.
402 2864 449 2884 xu.

490 2856 509 2872 "'
523 2856 607 2884 Exod.
634 2865 686 2889 ur.
726 2857 746 2872 ιδ
758 2855 844 2887 Exod.
861 2863 919 2883 \‘lll.

1053 2397 1151 2429 αὑτόν;
1169 2395 1212 2422 διὰ
1226 2395 1251 2421 τί
1273 2394 1379 2425 τύπτει,
1402 2395 1425 2420 εἰ
1441 2393 1490 2419 οὐκ
1505 2392 1577 2418 ἔστιν
1602 2391 1694 2418 ἀδικία
1713 2390 1793 2426 παρὰ
1806 2389 1841 2424 τῷ

1052 2442 1111 2477 Θεῷ
1122 2451 1128 2474 ;
1147 2442 1225 2469 Ἀλλὰ
1237 2441 1392 2475 γινωσκέτω
1404 2439 1521 2475 πρῶτον,
1536 2439 1576 2465 ὅτι
1586 2437 1620 2464 τὰ
1631 2436 1765 2463 δοκοῦντα
1776 2434 1841 2462 εἶναι

1054 2488 1247 2522 ἁντιλεγόμενα
1275 2487 1350 2523 παρὰ
1364 2488 1397 2522 τῇ
1424 2486 1529 2522 Γραφῇ,
1549 2485 1579 2511 οὺ
1602 2484 1756 2518 λογισμοῖς,
1777 2482 1841 2508 ἀλλᾶ

1053 2535 1254 2570 παραδείγμασι
1268 2533 1369 2560 λύεται.

1090 2583 1194 2616 Ὥσπερ
1205 2580 1258 2616 γὰρ
1269 2581 1293 2606 οἱ
1302 2581 1405 2616 ἄριστοι
1414 2579 1467 2605 τῶν
1479 2577 1586 2612 ίατρῶν,
1600 2575 1740 2610 ὠφέλιμόν
1749 2583 1776 2601 τι
1785 2575 1841 2601 ἐπι·

1053 2627 1147 2661 νοῆσαι
1163 2627 1195 2661 τῇ
1218 2625 1373 2660 ἀνθρωπίνῃ
1391 2624 1469 2659 φύσει
1489 2622 1693 2654 σπουδάζοντες.
1715 2621 1781 2652 τοὺς
1794 2619 1838 2646 θα-

1055 2675 1150 2708 νατικῇ
1163 2672 1297 2705 ἀποφάσει
1324 2670 1522 2705 ὑποϐληθέντας
1537 2667 1714 2703 αἰτησάμενοι
1730 2665 1840 2700 ἀνατέμ-

1054 2728 1155 2747 νουσιν,
1169 2718 1211 2744 ἵνα
1225 2718 1267 2744 διὰ
1279 2717 1333 2744 τῶν
1350 2716 1482 2743 ὑποδίκων
1494 2714 1531 2749 τῷ
1543 2714 1649 2748 θανάτῳ
1661 2712 1803 2748 ὠφέλιμόν
1815 2719 1838 2737 τι

1055 2767 1111 2798 τοῖς
1126 2765 1276 2801 ἀνθρώποις
1293 2763 1453 2800 ἐφεύρωσιν·
1467 2762 1553 2793 οὕτως
1568 2762 1582 2787 ὁ
1598 2762 1687 2788 πᾶσαν
1703 2757 1840 2795 ἀνθρωπί-

960 2855 980 2871 ”
994 2853 1082 2884 Exod.
1099 2862 1136 2882 ix.
