1903 3068
68 119 115 147 73')

520 111 656 140 SPURIA.
676 126 709 132 —-
728 107 910 151 CUMMENT.
925 106 959 134 l‘N
978 103 1225 134 HEXAEMERON.

1628 101 1680 133 790

68 185 112 212 νην
127 174 221 209 σοφίαν
239 172 410 209 ὑπερϐαίνων
427 171 492 203 Θεὸς
506 171 549 198 διὰ
567 169 614 197 τοῦ
635 169 742 196 ἀνίατον
761 170 849 204 ἡμαρ-

911 173 1047 194 iumanam
1082 164 1241 199 sapientiam
1276 170 1430 198 superans,
1456 169 1505 197 per
1536 169 1596 189 eum
1633 162 1679 196 qui

67 221 174 258 τηκότος
197 218 301 254 Φαραὼ
325 219 426 253 σημεῖα
454 217 557 252 μεγάλα
580 216 709 246 δείκνυσι.
729 215 774 242 τὸν
799 215 848 250 μὲν

68 267 137 299 ἄξιον
161 265 300 301 τιμωρίας
315 263 445 295 κολάζων,
463 263 525 294 τοὺς
544 262 572 289 δὲ
597 262 665 297 μετὰ
687 261 773 288 ταῦτα
786 269 847 295 γεν-

68 310 197 346 νωμένους
212 308 384 346 θεραπεύων,
407 307 541 343 σωτηρίας
561 307 688 334 ὑπόθεσιν
703 306 751 342 τὴν
767 305 848 333 αὐτοῦ

68 356 196 393 τιμωρίαν
208 356 304 387 αὐτοῖς
316 354 508 390 παρεχόμενος.

99 445 263 480 Συναγαγὼν
280 442 326 472 οὖν
346 445 436 471 πᾶσαν
448 444 499 481 τὴν
515 443 627 478 δύναμιν
645 443 659 469 6
674 441 782 477 Φαραὼ,
802 442 850 477 ἆρ-

72 501 136 528 ματα
159 492 208 527 μὲν
230 491 367 522 διακόσια,
401 489 506 517 ἱππέων
532 489 560 516 δὲ
588 488 719 524 μυριάδας
735 492 770 520 κ’,
788 489 851 519 τοὺς

75 538 238 574 Ἰσραηλίτας
263 537 383 564 ἐδίωκεν.
401 537 431 564 Οἱ
449 536 488 566 δὲ.
505 535 686 571 διαιρεθείσης
705 534 756 569 τῆς
772 535 849 569 Ἐρυ-

71 586 132 621 θρᾶς
160 584 300 619 θαλάσσης
328 582 380 610 ὑπὸ
392 582 540 614 Μωῦσέως,
567 581 756 616 προστάγματι
783 579 849 606 Θεοῦ

73 631 240 665 impediat/10'
259 629 306 655 καὶ
327 628 468 662 Αἰγύπτιοι
493 627 606 653 κατόπιν
621 626 709 652 αὐτῶν
729 625 852 652 ἐλαύνον-

72 685 111 708 τες
124 674 379 709 κατεποντώθησαν,
391 674 424 708 τῇ
441 672 531 708 ῥάϐδῳ
550 671 596 699 τοῦ
613 671 750 703 Μωῦσέως
765 670 852 697 πατά-

74 722 168 755 ξαντος,
182 721 230 748 καὶ
240 719 440 754 συναγαγόντος
450 718 485 745 τὰ
499 718 593 745 ὕδατα.

103 769 139 802 Τῇ
155 767 177 793 δ’
190 765 322 802 ὑστεραίᾳ
334 764 476 800 ἡμέρᾳ,τὰ
492 764 560 790 ὅπλα
576 763 630 790 τῶν
645 763 799 796 Αἰγυπτίων
813 762 852 798 τῷ

74 813 161 849 πλήθει
171 813 225 840 τῶν
244 813 377 849 Ἑϐραίων
389 812 558 847 προσήνεγκε
574 810 603 837 τὸ
618 810 688 845 ὓδωρ
700 809 851 844 ὠθούμενον

73 860 119 887 ὑπὸ
132 859 176 886 τοῦ
193 859 357 894 πνεύματος,
369 857 424 884 Καὶ
436 858 450 883 6
462 856 579 892 Μωῦσῆς
591 856 702 887 εἰκάσας
716 857 763 882 καὶ
774 855 852 882 τοῦτο

74 908 101 942 ἡ
117 906 160 933 τοῦ
175 904 244 932 Θεοῦ
261 903 425 939 γεγενῆσθαι
440 903 562 938 προνοίᾳ,
573 902 714 930 ἐκέλευσεν
727 902 795 928 αὐτὰ
806 910 854 928 πο-

75 952 204 988 ρίσασθαι,
226 952 303 982 ὅπως
322 950 358 986 μὴ
378 948 432 977 εἶεν
452 949 570 976 ἄνοπλοι.
590 947 775 982 Ἀφικνοῦνται.
788 948 853 982 γοῦν

75 999 110 1030 εἰς
119 998 164 1033 τὴν
176 997 224 1034 έρη
230 1005 290 1032 μον.

105 1043 157 1070 Καὶ
170 1043 183 1069 6
204 1041 369 1077 Ῥαγουῆλος
383 1041 431 1068 καὶ
452 1039 544 1076 Ἰοθὼρ
558 1039 699 1075 (διώνυμος
709 1037 762 1074 γὰρ
774 1037 853 1072 ἐτύγ-

76 1090 157 1125 χανεν)
167 1089 322 1123 ἀφικνεῖται
333 1087 401 1123 πρὸς
411 1086 455 1113 τὸν
462 1086 591 1122 Μωῦσῆν,
601 1085 768 1120 ἐπαγόμενος
782 1083 855 1120 αὺτῷ

76 1136 117 1170 τὴν
123 1136 237 1169 γυναῖκα
249 1134 298 1160 καὶ
312 1133 374 1164 τοὺς
381 1131 455 1163 υἱούς
465 1139 472 1147 ·
484 1131 531 1158 καὶ
540 1130 631 1165 μαθὼν
642 1131 730 1156 πᾶσαν
738 1130 802 1165 παρ’
809 1129 856 1155 αὺ-

76 1180 116 1207 τοῦ
138 1180 185 1215 τὴν
202 1180 264 1206 κατ’
288 1178 443 1212 Αἰγυπτίων
465 1176 512 1203 τοῦ
534 1175 601 1202 Θεοῦ
626 1174 854 1209 θαυματουργίαν,

77 1225 237 1260 κατεπλάγη,
255 1224 304 1251 καὶ
322 1222 429 1255 ὲδόξασε
446 1222 491 1249 τὸν
512 1221 587 1248 Θεόν.
602 1219 656 1247 Ἦν
673 1220 701 1246 δὲ
717 1217 803 1252 οὗτος,
818 1219 856 1252 ὣς

78 1281 145 1306 φασι,
166 1271 212 1299 τοῦ
235 1271 362 1307 Ἀϐραὰμ
377 1270 519 1304 ἀπόγονος,
538 1267 567 1301 ἐξ
589 1269 647 1300 ἐνὸς
670 1267 724 1293 τῶν
740 1267 772 1293 ὲκ
787 1268 856 1293 Χετ-

78 1319 165 1353 τόυρας
191 1318 378 1353 γεννηθέντων
392 1315 465 1351 αὑτῷ
480 1315 599 1350 τεχθείς·
616 1315 647 1340 ὲκ
669 1313 723 1349 γὰρ
737 1312 783 1340 τοῦ
807 1313 856 1339 Ἰε-

79 1364 121 1396 (av
143 1364 249 1399 ἐγένετο
278 1364 373 1395 Δάδαν,
402 1361 544 1396 Ῥαγουὴλ,
567 1359 659 1395 ’ῐοθὼρ
695 1360 742 1386 καὶ
762 1358 855 1386 Ὀϐάό.

79 1409 168 1442 Δεξιῶς
183 1407 228 1436 οὖν
251 1407 335 1435 αὐτὸν
352 1406 616 1442 φιλοφρονησάμενος
641 1405 655 1431 ὁ
670 1403 798 1438 Μωῡσῆς,
817 1404 857 1434 είς

79 1457 134 1486 τοὺς
149 1456 266 1487 οἰκείους
279 1455 378 1485 τόπους
393 1452 579 1489 προέπεμψεν.

111 1503 190 1534 Αὐτὸς
206 1503 234 1529 δὲ
249 1501 350 1532 πολλὰς
371 1501 438 1536 πρὸς
452 1500 481 1526 τὸ
497 1500 629 1534 χρήσιμον
647 1497 703 1528 τοῖς
724 1495 857 1532 Ἑϐραίοις
870 1507 891 1536 c

81 1548 254 1584 νομοθετήσας
267 1548 281 1574 6
296 1546 417 1580 Μωῡσῆς
432 1545 600 1580 ἐτελεύτησε,
619 1542 718 1578 βιώσας
733 1542 779 1578 ἔτη
797 1541 854 1578 px."

80 1597 121 1622 καὶ
143 1594 238 1630 Ἰησοῦς
253 1594 268 1620 6
284 1593 362 1628 Νῑυῆ
378 1593 427 1628 τὴν
441 1590 587 1626 ἡγεμονίαν
601 1589 682 1616 αὑτοῦ
699 1588 857 1623 διαδέχεται,

82 1641 122 1667 καί
137 1641 225 1674 ἐξάγει
251 1640 300 1675 τῆς
317 1639 419 1674 ἐρήμου
432 1637 476 1664 τὸν
493 1637 567 1669 λαὸν,
581 1636 627 1670 ἐτη
643 1635 668 1671 μ’
684 1636 712 1661 ὲν
722 1635 793 1669 αὐτῇ
801 1635 857 1660 δια-

82 1686 213 1722 τρίψαντα,
234 1687 277 1720 sap”
292 1683 325 1720 ἦς
339 1685 377 1711 ἔτι
392 1684 427 1710 τὰ
452 1683 511 1718 ἴχνη
525 1683 574 1717 τῆς
599 1682 783 1716 κατοικήσεως
804 1681 859 1706 τῶν

88 1732 209 1759 Ἰουδαίων
223 1732 350 1764 σώζεται.
363 1732 393 1756 Οἱ
408 1730 462 1765 γὰρ
475 1730 554 1765 χάριν
569 1728 690 1762 ἱστορίας
700 1729 757 1758 τοῖς
766 1726 859 1757 τόποις

84 1776 300 1812 ἐπιδημήσαντες,
316 1775 371 1802 τῶν
389 1774 495 1809 σκηνῶν
515 1774 616 1804 τύπους
632 1772 672 1798 ἔτι
700 1771 859 1798 συνεστάναι

83 1823 227 1858 διηγοῦνται
252 1822 347 1858 μυρίου
380 1821 498 1856 πλήθους
518 1818 692 1855 ὑπαρχούσας
730 1817 860 1852 [Γ.ὑπαρ-

85 1868 235 1904 χουσῶν],τό
247 1876 278 1895 τε
308 1868 412 1894 Σιναῖον
426 1866 488 1902 ὅρος
503 1864 671 1901 θεωρεῖσθαι,
696 1863 759 1898 παρ’
772 1860 794 1896 ᾧ
809 1863 859 1895 τὰς

86 1911 233 1947 νομοθεσίας
261 1915 275 1940 ό
293 1911 415 1946 Μωῡσῆς
438 1910 544 1946 εἴληφε,
566 1910 613 1936 καὶ
641 1908 744 1934 ἕκαστα
758 1906 812 1933 τῶν
831 1907 861 1932 ὲν

88 1957 158 1992 μέρει
174 1957 432 1995 ἀναγεγραμμένων-

118 2004 245 2039 Ζητητέον
264 2004 302 2030 δέ⁵
313 2004 344 2030 Οἱ
365 2002 483 2038 Ἑϐραῖοι
499 2001 528 2027 ὲν
543 2002 575 2036 τῇ
591 1999 720 2034 Αἰγύπτῳ
733 1996 862 2033 παρῴκη-

89 2056 132 2074 σαν
143 2049 186 2085 ἔτη
200 2053 220 2075 υ¹
229 2050 278 2076 καὶ
289 2049 321 2081 λ’,
335 2048 382 2074 καὶ
395 2048 455 2083 οὐχὶ
465 2050 493 2073 ιε’
509 2047 555 2073 καὶ
566 2045 728 2079 διακόσια-ἡ
748 2044 796 2079 μὲν
808 2042 862 2078 γὰρ

87 2094 135 2120 τῶν
157 2096 258 2130 χρόνων
274 2094 373 2129 ἑφεξῆς
398 2092 543 2128 ἀναγραφὴ
567 2094 613 2118 σιε¹
631 2090 768 2126 σημαίνει,
796 2089 812 2123 ἠ
833 2088 862 2114 δὲ

89 2139 174 2175 Γραφὴ
190 2144 211 2166 υ¹
230 2141 278 2166 κα)⁴
295 2140 326 2166 λ’.
347 2139 427 2172 Λέγει
445 2139 509 2173 γὰρ,
524 2137 565 2163 ὅτι
582 2136 722 2170 πάροικον
732 2135 817 2161 ἔσται
829 2132 862 2159 τὸ

88 2184 197 2220 σπέρμα
209 2186 262 2213 τοῦ
277 2184 405 2220 Ἀϐραὰμ
416 2184 451 2211 ἐν
461 2183 499 2218 τῇ
509 2182 653 2215 ἀλλοτρίᾳ
662 2181 714 2214 ἐτη
726 2182 783 2207 υλι.

119 2231 223 2266 Πρῶτον
241 2233 288 2268 μὲν
301 2230 346 2258 οὖν
361 2232 440 2266 ὲπιτη
446 2230 550 2266 ρητέόν,
562 2229 602 2255 ὃτι
615 2228 665 2254 οὐκ
679 2226 755 2253 εἶπεν
768 2226 802 2252 ἐν
815 2226 863 2252 Αί-

90 2276 189 2310 γύπτφ,
204 2278 262 2305 ἀλλ’
277 2279 312 2304 ἐν
341 2276 380 2311 τῇ
403 2275 545 2308 ἀλλοτρίᾳ
561 2274 704 2307 πάροικον·
729 2271 814 2298 ἔσται
829 2270 863 2297 τὸ

90 2321 197 2356 σπέρμα
219 2321 273 2350 τοῦ
301 2321 446 2355 Ἀϐραάμ·
459 2319 588 2354 ἀλλοτρία
609 2317 638 2344 δὲ
659 2317 763 2352 ὑπῆρχε
785 2315 832 2342 καὶ
845 2316 862 2349 ή

91 2366 218 2396 Χαναναία
241 2369 288 2404 γῆ,
309 2369 343 2403 ήν
358 2366 522 2402 παρῴκησεν
538 2366 552 2391 6
573 2364 674 2394 Ἰσαὰκ,
690 2362 800 2398 σπέρμα
815 2361 862 2387 τοῦ

96 2411 210 2450 Ἀδραὰμ
237 2415 291 2450 πρὸ
312 2414 420 2440 πάντων
442 2411 522 2443 αὐτὸς
546 2410 685 2444 τυγχάνων
709 2407 860 2443 ἐξαίρετον·

93 2457 142 2490 υίδς
149 2459 199 2496 γὰρ
212 2459 255 2496 ἦν.
265 2460 348 2496 Δῆλον
358 2457 416 2491 οὖν,
425 2459 465 2484 ὅτι
474 2457 526 2493 πρὸ
540 2456 586 2483 τοῦ
599 2453 800 2490 κληρονομῆσαι
810 2452 863 2478 τῶν

93 2502 236 2538 ἀλλοφύλων
241 2506 290 2541 τὴν
297 2505 359 2541 γῆν,
365 2504 488 2539 ὑπῆρχον
496 2502 621 2537 πάροικοι
629 2500 725 2535 μέχρις
734 2498 802 2524 trav
815 2496 863 2528 υλ¹,

94 2547 126 2580 ὥς
137 2558 184 2577 που
195 2553 240 2578 καὶ
254 2553 268 2579 6
287 2550 445 2581 Ἀπόστολος
454 2549 536 2582 λέγει·
552 2546 699 2579 Διαθήκηιν
719 2552 865 2578 προκεκυ-

91 2597 215 2631 Ρωμένην
227 2598 286 2626 ὑπὸ
304 2596 377 2625 Θεοῦ
387 2595 461 2630 μετὰ
474 2595 526 2628 ἐτη
538 2595 594 2624 vl’,
607 2594 650 2624 εἰς
669 2591 702 2618 τὸ
717 2596 866 2624 καρποφο-

94 2640 174 2674 οῆσαι
199 2644 256 2678 τὴν
282 2642 478 2677 ἐπαγγελίαν·
503 2639 550 2666 καὶ
577 2638 703 2673 ἐπιφέρει
719 2646 725 2652 ·
761 2636 802 2668 Τῷ
831 2635 866 2661 δὲ

100 2684 214 2723 Ἀϐραὰμ
227 2689 265 2716 δι’
277 2687 455 2722 ἐπαγγελίας
473 2685 633 2719 ἐχαρίσατο
656 2684 671 2709 ό
687 2682 767 2714 Θεός.
786 2679 865 2710 Εἰκὸς

96 2728 144 2763 οὖν,
157 2734 195 2761 ὅτι
210 2736 238 2761 ἐν
256 2734 304 2771 μὲν
328 2735 361 2769 τῇ
378 2731 517 2766 Χαναναία
538 2734 584 2757 σιε¹
602 2728 778 2764 παρῴκησαν,
794 2727 822 2753 ὲν
837 2726 865 2752 δὲ

129 2811 147 2827 ¹⁷
160 2811 240 2840 Exod.
258 2821 313 2840 xxv.
353 2812 372 2827 "‘
385 2811 470 2839 Exod.
484 2818 560 2838 xvul.

601 2809 620 2823 ¹⁹
635 2807 709 2834 Deut.
724 2814 779 2834 xw.
825 2805 847 2820 ²⁰
860 2802 923 2830 Ceu.
941 2811 984 2830 xv.

899 213 958 240 sine
981 219 1029 246 spe
1052 210 1106 238 ulla
1124 209 1264 236 medicinae
1284 209 1406 243 peccavit
1419 207 1586 236 Pharaonem
1603 209 1678 243 signa

899 265 996 292 magna
1026 255 1156 286 ostendit,
1189 261 1252 282 eum
1281 254 1327 288 qui
1356 254 1489 289 supplicio
1514 254 1612 289 dignus
1637 257 1680 282 est

899 303 1053 337 castigans,
1078 305 1104 329 et
1135 308 1183 328 eos
1211 299 1257 335 qui
1283 300 1321 326 illi
1355 300 1500 327 succedent
1528 300 1623 328 fovens
1651 304 1679 328 et

899 356 1010 382 sanans,
1037 348 1132 376 salutis
1159 347 1328 382 punitionem
1348 346 1420 374 illius
1443 346 1573 374 exhibens
1598 354 1679 382 argu-

899 400 1030 423 mentum.

935 441 1027 476 Itaque
1050 440 1156 468 Pharao
1169 440 1189 455 ιτ
1214 440 1341 467 universo
1366 439 1486 466 exercitu
1507 443 1656 466 convocato
1669 459 1677 471 ,

900 487 1025 514 curribus
1041 486 1175 516 ducentis,
1192 485 1312 520 equitatu
1328 484 1361 511 ad
1375 484 1483 518 triginta
1513 485 1605 517 millia,
1632 493 1680 513 su-

901 532 1059 567 perveniens
1075 531 1209 559 lsraelitas
1225 531 1399 565 sequebatur,
1414 531 1459 565 qui
1479 538 1553 557 mare
1574 529 1677 563 Rubro.

901 578 938 604 ita
952 576 1064 611 jubente
1080 576 1144 607 Deo,
1163 576 1189 602 in
1206 575 1273 603 duas
1286 579 1376 610 partes
1391 575 1477 603 diviso
1491 583 1538 610 per
1550 575 1682 612 Moysem,

901 624 952 650 iter
965 622 1109 655 habebant,
1127 621 1285 657 etEgyptii
1303 628 1412 648 aversos
1438 629 1485 648 eos
1510 621 1678 655 invadentes,

901 667 1022 695 immersi
1034 671 1107 699 sunt,
1124 667 1221 694 baculo
1238 667 1328 702 Moyse
1342 667 1519 702 percutiente,
1545 670 1571 694 et
1596 674 1680 702 aquas

901 713 928 739 in
950 721 1032 740 unum
1046 717 1236 748 eongregante.

937 758 1050 786 Postero
1062 757 1105 785 die
1112 757 1298 793 Egyptiorum
1308 765 1381 784 arma
1389 757 1421 785 ad
1429 758 1628 786 multitudinem
1633 757 1682 786 Ju-

902 805 1020 832 deorum
1030 812 1127 839 aquam
1136 792 1216 831 vento
1224 803 1348 839 pellente,
1358 804 1445 831 delata
1457 808 1530 831 sunt.
1538 803 1569 830 Ει
1577 792 1682 840 Moyses

868 842 888 869 Β
903 851 955 878 hoc
968 858 1075 885 quoque
1085 850 1177 877 divina
1191 849 1361 877 Providentia
1372 850 1519 885 contigisse
1530 855 1605 878 ratus
1628 851 1683 878 illis

903 904 934 924 ea
948 897 998 924 sibi
1013 902 1170 930 comparare
1180 895 1328 925 mandavit.
1340 903 1375 922 ne
1400 895 1459 923 sine
1477 896 1559 923 armis
1582 895 1680 923 forent.

904 942 1054 970 Deveniunt
1068 942 1176 969 tandem
1188 941 1215 968 in
1233 941 1369 969 desertum
1385 940 1418 969 ³⁸.

940 1030 972 1056 Et
989 1029 1134 1065 Raguelus,
1155 1028 1213 1056 sive
1230 1028 1333 1060 Iothor,
1351 1031 1466 1063 utraque
1491 1028 1564 1055 enim
1588 1021 1683 1063 appeli

905 1076 1005 1103 latione
1021 1074 1239 1109 nuncupabatur.
1253 1076 1326 1102 venit
1342 1074 1375 1102 ad
1399 1074 1528 1109 Moysem,
1553 1074 1592 1101 illi
1616 1082 1684 1102 uxo-

905 1129 962 1148 rem
979 1121 1102 1156 filiosque
1115 1121 1243 1152 alferens;
1254 1120 1301 1154 qui
1314 1127 1375 1147 cum
1389 1123 1475 1146 totum
1492 1119 1538 1146 Dei
1552 1119 1684 1146 adversus

906 1166 1049 1202 Egyptios
1068 1174 1137 1200 opus
1149 1165 1307 1193 admirabile
1320 1165 1450 1197 audisset,
1467 1164 1682 1199 obstupefactus,

905 1213 1019 1249 gloriam
1033 1212 1108 1240 dedit
1125 1212 1188 1240 Deo.
1212 1213 1276 1239 Erat
1300 1219 1365 1239 vero
1384 1212 1438 1243 hic,
1468 1215 1496 1238 ut
1522 1211 1621 1243 ferunt,
1651 1219 1685 1239 ex

905 1259 1042 1286 Abraham
1064 1259 1208 1289 oriundus,
1225 1266 1257 1285 ex
1279 1266 1333 1285 uno
1354 1258 1559 1292 ﬁliorum,quos
1585 1257 1629 1284 ille
1651 1264 1684 1286 ex

906 1305 1039 1337 Chettura
1053 1305 1158 1336 habuit,
1173 1308 1268 1337 natus;
1282 1312 1314 1332 ex
1321 1303 1402 1331 .Iezan
1409 1304 1479 1331 enim
1492 1308 1571 1331 natus
1582 1307 1623 1330 est
1631 1302 1685 1330 Da-

906 1353 969 1384 dan,
985 1352 1096 1386 Raguel,
1112 1351 1202 1378 lothor
1217 1354 1243 1377 et
1257 1349 1342 1377 Obab.
1360 1348 1437 1376 Hunc
1461 1348 1575 1384 Moyses,
1587 1349 1626 1376 uti
1639 1357 1686 1384 par

906 1401 976 1430 erat,
987 1397 1154 1432 perhumane
1167 1399 1306 1430 acceptum
1318 1395 1345 1422 in
1363 1395 1472 1430 propria
1487 1395 1546 1421 loca
1573 1393 1687 1422 dimisit.

945 1484 1043 1511 Verum
1058 1483 1164 1520 Moyses
1183 1483 1215 1514 t9,
1232 1482 1324 1509 multis
1349 1481 1452 1516 legibus
1480 1481 1597 1508 maximo
1625 1488 1687 1508 cum

907 1529 1091 1557 emolumento
1107 1527 1207 1555 ludatis
1219 1527 1292 1560 latis,
1305 1530 1429 1553 mortuus
1442 1530 1492 1557 est,
1506 1526 1593 1553 aetatis
1604 1533 1689 1553 anno-

907 1583 968 1603 rum
978 1583 1042 1608 cxx,
1063 1578 1089 1602 et
1102 1574 1181 1601 Jesus
1195 1573 1266 1600 filius
1274 1572 1345 1599 Nave
1357 1572 1496 1607 copiarum
1513 1572 1610 1598 ductor
1626 1579 1689 1599 suc-

908 1622 989 1654 cedit,
1006 1625 1033 1649 et
1048 1621 1176 1656 populum
1189 1620 1216 1646 in
1234 1618 1405 1646 solitudinem
1418 1624 1503 1644 annos
1511 1617 1688 1652 quadraginta

908 1671 1105 1695 commoratum
1119 1666 1222 1698 eduxit,
1237 1665 1264 1691 in
1279 1671 1332 1698 qua
1347 1663 1435 1691 adhuc
1444 1661 1598 1689 Judarorum
1613 1661 1689 1688 habi-

908 1712 1019 1739 tationis
1033 1711 1145 1745 vestigia
1173 1710 1278 1744 integra
1297 1711 1455 1735 cernuntur.
1476 1706 1527 1739 Qui
1552 1706 1623 1734 enim
1650 1707 1689 1733 vi-

910 1758 985 1786 sendi
998 1764 1080 1785 causa
1095 1757 1128 1784 ad
1145 1757 1188 1783 illa
1198 1756 1256 1782 loca
1268 1754 1379 1790 profecti
1393 1756 1467 1784 sunt,
1484 1753 1573 1779 adhuc
1588 1752 1691 1780 formas

910 1803 1086 1831 tentoriorum
1103 1801 1215 1830 inﬁnitae
1230 1799 1412 1827 multitudinis
1435 1797 1556 1833 conspici
1583 1804 1691 1824 asseve-

910 1853 982 1882 rant,
997 1853 1024 1877 et
1034 1849 1156 1876 Sinaium
1180 1851 1298 1874 montem
1314 1846 1401 1874 adhuc
1412 1848 1494 1876 stare,
1508 1844 1535 1871 in
1550 1851 1604 1878 quo
1619 1843 1690 1877 leges

911 1895 1142 1932 Moysesaccepit,
1171 1897 1198 1922 et
1226 1899 1394 1928 quaecunque
1422 1890 1558 1926 sigillatim
1581 1889 1690 1923 scriptis

911 1943 1018 1980 prodita
1030 1947 1102 1970 sunt.

946 1988 1126 2023 Quaerendum
1143 1991 1232 2013 tamen
1244 1988 1286 2012 est
1298 1994 1304 2012 :
1317 1983 1421 2011 Hebraei
1436 1983 1463 2010 in
1479 1982 1595 2018 Egypto
1612 1981 1691 2008 habi-

911 2039 1004 2063 tarunt
1019 2034 1098 2061 annis
1114 2039 1177 2060 cccc
1190 2035 1216 2058 et
1227 2038 1279 2058 xxx
1305 2033 1330 2057 et
1342 2037 1395 2057 non
1419 2028 1574 2063 quindecim
1593 2031 1620 2054 et
1640 2034 1690 2060 cc;

912 2089 974 2108 nam
990 2083 1144 2113 temporum
1160 2076 1317 2104 continuata
1333 2074 1490 2109 descriptio,
1505 2080 1571 2100 ccxv
1592 2072 1691 2105 innuit,

913 2127 959 2154 sed
976 2125 1116 2159 Scriptura
1130 2130 1248 2150 ccccxxx
1261 2130 1269 2154 ;
1285 2121 1322 2147 ait
1338 2127 1453 2154 namque
1463 2119 1485 2134 ¹⁰
1500 2129 1506 2146 :
1522 2118 1693 2153 Peregrinum

878 2176 900 2203 ο
915 2172 965 2198 erit
977 2178 1064 2197 senisu
1082 2168 1197 2195 Abralue
1212 2169 1239 2194 in
1255 2172 1325 2193 terra
1339 2165 1426 2192 aliena
1444 2172 1526 2191 unitos
1538 2171 1666 2190 ccccxxx.

950 2217 1069 2243 Primum
1094 2216 1185 2249 itaque
1215 2212 1425 2241 observandum,
1449 2217 1503 2237 non
1527 2209 1640 2240 dixisse,
1667 2208 1694 2234 in

915 2263 1040 2298 Egypto,
1052 2262 1097 2289 sed
1109 2247 1221 2287 in-terra
1240 2260 1327 2285 aliena
1347 2257 1509 2292 peregrinum
1535 2255 1583 2282 erit
1608 2247 1695 2283 semen

914 2310 1038 2337 Abrahae.
1068 2308 1163 2334 Aliena
1186 2311 1276 2333 autem
1304 2308 1363 2332 erat
1390 2307 1416 2331 et
1448 2307 1520 2330 terra
1546 2301 1695 2333 Chanaam,

915 2363 996 2390 quam
1011 2354 1144 2381 habitavit
1155 2352 1240 2383 Isaac,
1253 2351 1299 2385 qui
1320 2357 1377 2385 prae
1387 2349 1514 2376 omnibus
1533 2348 1589 2382 ipse
1603 2354 1696 2375 semen

915 2400 1030 2429 Abrahm
1045 2404 1102 2427 erat
1116 2398 1255 2426 eximium.
1271 2396 1335 2422 Erat
1356 2395 1456 2430 quippe
1482 2394 1563 2422 filius.
1585 2391 1698 2419 Manife-

916 2452 988 2475 stum
1005 2447 1095 2480 ilaque
1113 2448 1166 2477 est,
1183 2451 1230 2471 eos
1254 2445 1399 2475 antequam
1427 2444 1600 2467 externorum
1619 2443 1698 2469 terra:

917 2493 1039 2520 haredes
1059 2491 1124 2519 facti
1150 2489 1276 2520 fuissent,
1296 2487 1454 2522 peregrinos
1481 2485 1588 2520 palasse
1612 2490 1698 2511 annos

917 2548 1047 2570 ccccxxx,
1062 2535 1288 2573 quemadmodum
1298 2533 1479 2568 etApostolus
1492 2533 1530 2558 ait
1543 2531 1565 2547 ¹¹
1581 2541 1588 2559 :
1608 2531 1698 2557 Testa~

917 2593 1032 2613 mentum
1045 2583 1298 2619 pmdelerminatum
1312 2589 1327 2606 a
1339 2579 1391 2606 Deo
1404 2583 1461 2613 post
1473 2586 1555 2605 annos
1570 2584 1699 2608 cuccxxx,

917 2636 946 2658 ut
963 2630 1134 2665 fructiﬁcaret
1149 2627 1306 2662 promissio:
1330 2629 1356 2652 et
1375 2624 1475 2657 subdit,
1501 2623 1635 2650 Abraham
1651 2631 1701 2652 au.-

919 2683 970 2705 tem
988 2684 1033 2711 per
1055 2675 1254 2709 promissionem
1277 2672 1349 2699 dedit
1379 2671 1458 2698 Deus.
1480 2670 1701 2697 Consentaneum

919 2724 1010 2758 itaque
1024 2725 1076 2752 est,
1094 2728 1140 2748 eos
1158 2720 1185 2747 in
1198 2719 1351 2747 Chanauzea
1365 2717 1502 2745 habitasse
1513 2723 1601 2743 annos
1621 2708 1700 2746 ccxv.

1038 2801 1058 2817 “
1079 2799 1138 2828 (val.
1156 2807 1192 2826 ιιι.
