1903 3068
224 109 273 139 791

652 110 682 140 Β.
702 109 922 138 EUSTATHIUS
942 108 1188 137 ANTIOCHENUS
1206 109 1405 138 EPISCOPUS.

1792 109 1845 138 792

222 174 250 199 et
266 169 292 196 in
308 168 425 204 κεδνοῖο
439 168 530 196 itidem
542 176 620 201 ccxv,
639 170 684 204 qui
703 171 784 197 simul
799 175 863 198 sunt
871 154 1000 198 ccccxxx:

1052 170 1084 204 τῇ
1101 168 1230 203 Αἰγύπτῳ
1239 168 1273 196 τὰ
1287 168 1357 195 αὐτὰ
1376 171 1434 200 σιε¹,
1448 168 1519 203 ἅπερ
1532 167 1598 203 ὁμοῦ
1610 168 1713 202 γίνεται
1731 167 1780 203 ἐτη
1794 167 1842 195 υλ’.

256 215 389 243 Caeterum
403 215 518 241 ducente
529 214 593 242 Jesu
604 216 626 231 "
639 216 778 251 populum,
800 220 826 243 et
838 223 930 243 aream
947 215 1000 243 Te-

222 261 348 291 stamenti
363 267 412 296 per
431 259 588 292 Iordanem,
600 268 678 295 aqua:
689 261 782 289 divisae
795 265 859 288 sunt
875 262 903 288 in
921 269 1001 289 unam

188 312 191 315 '
221 306 433 338 concretionem,
449 306 575 333 maximis
590 307 686 341 spatiis
698 307 823 334 dissitain
837 315 843 340 ;
859 315 924 343 pars
940 315 1002 335 vero

219 354 316 385 altera.
338 361 399 390 quin
420 354 448 380 in
471 361 546 381 mare
569 354 667 381 salium
691 355 850 386 edunditur.
875 355 903 382 in
926 363 1002 382 mare

219 400 339 430 Arabum
358 400 433 436 lapsa
447 404 499 432 est,
517 400 603 428 donec
620 401 731 428 omnino
742 401 851 433 defecit,
865 405 892 429 et
905 409 1001 430 omnes

219 447 294 474 sicco
309 446 376 481 pede
392 447 577 482 praetergressi
602 449 676 474 circa
701 446 827 474 Hiericho
848 446 1001 476 castrame-

219 491 266 520 tuti
279 495 341 518 sunt
351 492 384 518 ”.
403 491 465 518 Hmc
479 492 604 519 maximis
619 497 694 527 septa
707 494 843 521 mmnibus
860 495 1000 522 munieba-

217 542 271 568 tur.
289 538 334 565 Dei
347 538 437 572 jussu,
452 545 510 564 eain
524 545 572 572 per
584 538 642 566 dies
659 546 704 566 sex
714 539 854 568 obsidione
869 541 999 572 cinctam.

217 584 332 619 septima
347 587 491 618 antequam
511 583 569 611 dies
594 584 773 617 illucesceret,
790 586 909 620 undique
923 587 999 614 inva-

217 637 275 659 sam
295 629 367 657 tubis
386 629 584 664 clangentibus,
605 630 786 665 universoquc
806 633 906 666 populo
930 641 1000 660 una-

216 677 282 706 nimi
296 685 431 705 consensu
449 677 481 705 ad
503 677 674 704 clamandum
689 685 703 704 ιι
719 678 907 707 sacerdotibus
922 680 997 707 exci-

216 728 284 756 tato,
297 729 324 752 et
339 732 418 759 opem
442 723 556 756 ferente,
571 723 753 758 diripuerunt,
770 729 880 759 repente
900 727 998 752 maeni-

216 771 267 802 bus
283 770 422 805 collapsis,
441 774 579 804 totamque
593 769 706 796 Domino
721 774 874 797 sacrarunt.

251 815 317 843 Post
329 815 352 834 ³⁵
365 814 492 842 Hiericho
511 815 611 842 civitati
625 814 673 842 Vai
691 816 866 849 insidiantur,
881 824 996 852 eamque

1088 215 1230 249 Διάγοντος
1244 215 1271 241 δὲ
1287 215 1333 241 τοῦ
1351 214 1436 250 Ἰησοῦ
1451 215 1495 241 τὸν
1509 214 1570 241 λαὸν
1598 214 1644 240 καὶ
1658 214 1706 249 τὴν
1725 214 1844 241 κιϐωτὸν

1051 259 1102 295 τῆς
1114 259 1249 295 Διαθήκης
1262 259 1305 286 διὰ
1322 259 1369 286 τοῦ
1393 259 1535 295 Ἰορδάνου,
1551 260 1642 295 διέστη
1655 260 1689 286 τὰ
1706 259 1795 287 ὕδατα
1805 261 1843 291 εις

1052 309 1149 344 πῆγμα
1169 308 1198 335 ἐν
1214 308 1367 342 ἀφεστηκὸς
1389 307 1496 343 μακρὰν
1515 307 1631 342 σφόδρα·
1650 307 1679 334 τὸ
1700 307 1729 335 δὲ
1756 316 1843 334 κατα-

1053 353 1143 380 ϐαῖνον
1160 354 1199 384 είς
1212 353 1261 389 τὴν
1277 352 1413 380 Θάλασσαν
1429 352 1481 378 τῶν
1492 352 1562 379 ἀλῶν
1576 351 1682 387 ’Ἄραϐα
1693 353 1841 388 κατῆλθεν,

1051 399 1103 432 ἓως
1117 397 1147 426 οὗ
1162 401 1201 432 είς
1213 400 1289 431 τέλος
1305 399 1421 432 ἐξέλιπε,
1440 399 1486 426 καὶ
1503 398 1601 430 πάντες
1616 398 1660 424 ἐπὶ
1683 399 1770 434 ξηρᾶς
1788 398 1842 426 διέ-

1052 445 1153 481 ϐησαν,
1172 446 1218 473 καὶ
1236 445 1491 480 στρατοπεδεύουσιν
1516 445 1562 471 ἐπὶ
1583 444 1632 480 τὴν
1652 444 1765 479 Ἱεριχώ.
1786 443 1841 472 Ἦν

1050 490 1079 518 δὲ
1103 491 1171 526 αὕτη
1197 491 1333 525 μεγίστοις
1363 490 1530 528 ὠχυρωμένη
1562 491 1671 525 τείχεσι.
1699 490 1840 518 Κυκλοῦσι

1049 537 1114 571 γοῦν
1130 537 1212 572 αὐτὴν
1228 537 1273 563 ἐπὶ
1288 537 1392 572 ἡμέρας
1413 537 1452 569 ἒξ,
1469 536 1535 563 θεοῦ
1552 536 1754 572 προστάξαντος
1765 544 1773 552 ’
1793 536 1839 564 καὶ

1049 583 1082 617 τῇ
1097 581 1195 617 ἑϐδόμη
1207 581 1304 617 ὖρθρου
1318 582 1463 616 περιῆλθον
1475 582 1558 617 αὐτὴν
1570 581 1682 616 ἕϐδομον
1693 581 1837 615 κυκλόθεν,

1049 628 1096 654 καὶ
1116 628 1141 655 οι
1160 628 1240 663 ἱερεῖς
1261 627 1456 661 σαλπίγξαντες
1476 630 1535 659 ταῖς
1561 627 1688 661 σάλπιγξι
1707 627 1754 653 τὸν
1776 626 1838 653 λαὸν

1049 673 1137 700 πάντα
1153 672 1283 706 ἀλαλάξαι
1296 673 1463 709 ὁμοθυμαδὸν
1481 673 1636 710 διήγειραν-⁸
1655 674 1702 700 καὶ
1721 673 1838 708 βοησάν-

1048 727 1101 745 των
1115 718 1204 746 αὐτῶν
1217 737 1224 749 ,
1246 718 1413 758 παραχρῆμα
1429 718 1459 744 τὸ
1477 720 1564 754 τεῖχος
1581 718 1672 749 ἔπεσε,
1693 719 1741 744 καὶ
1767 717 1839 744 ἑάλω

1049 763 1066 800 ή
1083 763 1169 794 πόλις,
1185 763 1231 789 καὶ
1245 763 1318 789 πᾶσα
1332 763 1370 798 τῷ
1386 763 1481 802 Κυρίῳ
1494 763 1615 798 ὑπῆρξεν
1632 763 1774 798 ἀνάθημα.

1084 810 1138 837 Καὶ
1155 810 1223 845 μετὰ
1239 810 1288 844 τὴν
1304 809 1406 845 Ἱεριχὼ
1418 809 1586 845 ἐνεδρεύουσι
1601 810 1650 844 τὴν
1668 809 1747 835 πόλιν
1759 809 1838 842 Οὗαῖ,

216 865 320 896 captam
336 861 397 896 igne
409 861 597 897 absumpsere,
612 867 639 890 et
661 869 750 897 regem
774 863 847 890 illius
863 863 935 898 ligno
948 871 997 898 ap-

1047 856 1094 882 καὶ
1106 855 1231 887 λαϐόντες
1241 856 1325 891 αὐτὴν
1337 856 1500 892 ἐνέπρησαν,
1513 857 1559 882 καὶ
1571 856 1615 882 τὸν
1629 855 1742 890 βασιλέα
1754 855 1839 889 αὐτῆς

215 914 340 944 pensum,
359 906 396 933 ita
410 905 474 936 Jssu
497 909 682 943 praecipiente,
702 909 776 936 cruri
796 908 948 941 aﬂixerunt,
970 913 997 936 et

212 953 354 983 occidente
373 955 439 988 sole,
463 955 490 982 in
509 955 606 982 vallem
629 962 729 991 corpus
752 954 834 984 illius‘
846 955 996 992 projectum

215 1007 312 1030 aeervo
326 1000 445 1037 lapidum
460 1000 619 1028 obruerunt.

249 1089 415 1121 Gabaonitaz.
432 1089 477 1117 ubi
502 1090 534 1117 ad
556 1098 603 1118 eos
621 1089 796 1118 Iudaicarum
823 1089 997 1118 obsidionum

213 1136 285 1165 fama
297 1135 385 1163 delata
409 1140 451 1163 est
468 1136 556 1171 (erant
569 1137 640 1164 enim
655 1143 749 1163 eorum
765 1135 872 1163 ﬁnitimi
893 1142 919 1164 et
933 1144 996 1171 pro-

214 1181 331 1219 pinqui),
343 1182 476 1209 malitiose
492 1181 627 1209 lsraelitas
647 1182 698 1208 hoc
713 1185 793 1217 pacto
813 1183 953 1209 eluserunt
961 1183 994 1208 ".

214 1227 254 1257 He
283 1229 354 1256 enim
380 1227 602 1263 approximantes
630 1227 703 1254 circa
731 1235 825 1255 eorum
859 1228 996 1255 civitatem

215 1277 489 1304 castrametarentur,
505 1277 654 1301 occurrunt
674 1273 741 1305 illis,
764 1278 838 1301 veste
855 1277 880 1300 et
897 1274 996 1302 calceis

212 1319 340 1347 discissis
357 1318 454 1349 induti,
472 1321 550 1352 panis
565 1318 630 1345 sicci
646 1318 774 1354 carieque
788 1318 877 1351 obesi,
900 1327 996 1347 saccos

213 1369 344 1398 utrasque
363 1367 486 1390 vetustos
503 1368 653 1398 portantes,
664 1364 845 1399 quidixerunt
857 1375 863 1392 :
876 1374 884 1390 ι
897 1364 996 1391 Nostra

212 1409 309 1436 civitas
339 1409 418 1443 longe
438 1409 534 1436 dissita
546 1413 602 1442 est;
620 1417 704 1444 panes
715 1410 786 1437 enim
806 1410 856 1438 hos
871 1414 995 1438 recentes

210 1454 291 1486 nobis
302 1455 464 1489 paravimus.
480 1455 722 1490 vestimentumque
730 1463 783 1490 quo
794 1456 936 1489 volvimur,
946 1464 996 1482 no-

212 1506 274 1529 vum
289 1503 358 1531 erat,
373 1506 435 1526 cum
459 1499 607 1532 induimus,
624 1501 763 1536 caleeique
779 1502 853 1532 novi,
870 1510 931 1529 cum
946 1509 995 1529 eos

211 1545 325 1583 pedibus
340 1546 527 1582 adaptavimus
542 1555 549 1580 ;
562 1547 608 1574 sed
624 1547 680 1574 haac
694 1548 784 1574 omnia
808 1548 916 1582 longum
930 1556 994 1583 pro-

211 1591 376 1627 ductumque
401 1592 453 1620 iter
476 1591 594 1620 confecit
624 1593 784 1621 invcterata.
812 1593 880 1621 lnite
911 1594 994 1629 igitur

209 1637 352 1668 nobiscum
365 1645 469 1673 pacem,
482 1642 509 1666 et
521 1639 547 1666 in
555 1639 700 1667 amicitiam
717 1638 857 1674 [malusque
872 1643 993 1668 vestrum

210 1691 261 1715 nos
279 1684 421 1712 admittite.
441 1685 685 1714 iEtheatusJesus
695 1685 876 1720 jurejurando
897 1686 992 1713 amici-

209 1730 274 1759 tiam
294 1737 355 1759 cum
380 1730 434 1758 illis
455 1731 574 1758 habitam
596 1731 718 1758 stabiliit.
741 1730 883 1766 Deinceps.
896 1738 991 1757 eorum

209 1775 271 1803 dolo
296 1780 445 1811 comperto,
460 1777 494 1803 ah
522 1777 572 1808 eis.
597 1785 631 1804 ne
649 1777 841 1812 jusjurandum
867 1777 991 1809 violaret,

211 1821 352 1854 abstinuit,
368 1821 414 1848 sed
439 1822 510 1856 ligna
524 1826 550 1848 (ι
568 1829 666 1856 aquam
689 1822 872 1852 lsraelitarum
892 1822 992 1858 populo

207 1865 352 1900 advehere,
365 1874 414 1905 pro
427 1866 622 1902 fraudejussit.

243 1954 295 1982 Sed
311 1954 490 1986 Adonlbezee,
501 1962 546 1982 rex
556 1954 734 1988 Hierusalem,
746 1955 915 1989 Gabaonilis.
929 1961 991 1984 tan—

207 2008 290 2035 quam
304 2000 358 2028 illis
375 2001 421 2036 qui
437 2001 471 2028 ad
486 2000 622 2029 lsraelitas
643 2001 735 2029 hostes
743 2002 920 2034 defecissent,
935 2003 990 2030 ira-

207 2050 262 2077 tus,
288 2053 383 2073 omnes
409 2047 538 2074 ﬁnitimos
566 2055 643 2082 rcges
665 2048 716 2076 sibi
735 2049 837 2076 auxilio
855 2049 986 2084 jungens,

207 2090 297 2123 Elam
311 2099 400 2127 regem
417 2091 553 2126 Chebron,
566 2097 593 2120 et
608 2092 722 2120 Phidom
738 2101 827 2129 regem
842 2094 988 2127 Jerimuth,

205 2141 232 2167 ct
246 2137 329 2172 Sipha
348 2145 438 2172 regem
456 2137 565 2171 Lachis,
582 2146 631 2166 nec
649 2147 703 2166 non
718 2143 744 2166 et
758 2139 813 2166 Dad
829 2147 919 2175 regem
939 2141 989 2167 Sa-

205 2183 683 2216 dollam,castramctatus.obsidione
693 2185 830 2219 premebat
841 2185 987 2213 Gabaon“.

205 2227 362 2256 Gabaonita:
375 2229 454 2256 malis
461 2230 595 2264 oppressi,
605 2229 707 2266 legatos
718 2231 826 2257 mittunt
837 2230 870 2257 ad
882 2230 986 2262 Jesum,

203 2275 250 2310 qui
266 2275 293 2302 in
310 2274 427 2310 Galgalis
442 2283 503 2303 cum
524 2282 606 2307 esset,
628 2277 686 2303 acie
703 2284 736 2303 ex
756 2275 871 2304 adverso
884 2277 987 2304 instru-

204 2324 258 2351 cla,
271 2328 434 2356 congressus
464 2326 506 2349 est
536 2321 674 2357 fugatique
704 2323 861 2357 alienigena:
884 2323 983 2358 partim

204 2365 293 2400 gladio
316 2366 478 2397 occubuere,
510 2367 608 2401 partim
638 2366 779 2401 grandine.
808 2365 984 2400 Fugientibus

202 2411 274 2439 enim
289 2411 359 2438 Deus
376 2412 534 2446 grandinem
558 2412 688 2444 immittit,
702 2419 762 2447 quae
786 2412 877 2446 plures
893 2412 985 2438 inimi-

203 2464 296 2484 corum
311 2465 391 2492 quam
415 2457 514 2485 bellum
536 2458 692 2485 interemit:
718 2461 850 2485 utautem
874 2458 985 2484 omnino

200 2510 249 2530 eos
265 2502 365 2530 deleret
382 2502 471 2536 Jesus,
489 2503 573 2531 Deum
588 2504 684 2535 oravit,
700 2509 728 2530 ut
738 2503 809 2530 diem
826 2507 924 2537 praeter
937 2511 986 2530 na-

200 2552 268 2575 tura;
278 2548 399 2578 ordinem
411 2549 581 2584 protraheret
588 2557 682 2577 versus
695 2548 817 2581 Gabaon,
825 2549 891 2576 solis
902 2557 984 2576 cursu

201 2595 343 2630 impedito,
361 2600 388 2623 et
404 2603 498 2623 versus
522 2595 619 2623 vallem
639 2597 744 2625 Arnen.
764 2595 852 2628 lunze;
867 2600 894 2622 et
913 2595 983 2622 [iens

201 2641 286 2669 solem
304 2649 318 2668 a
335 2649 417 2669 cursu
443 2641 543 2674 arcuit,
567 2646 594 2669 et
614 2642 872 2677 lunam,quousque
891 2643 918 2670 in
941 2643 984 2670 die

201 2687 317 2722 integro,
337 2688 429 2715 hostes
440 2687 576 2722 przvdatus
589 2694 640 2715 est.
667 2688 793 2723 Quinque
806 2692 897 2715 autem
915 2696 983 2724 gen-

200 2732 268 2761 tium
280 2741 358 2768 reges
373 2732 453 2762 Jesus
476 2733 549 2762 Nave
572 2741 634 2762 cum
649 2734 769 2771 abditos
784 2735 934 2764 invenisset
955 2735 984 2763 in

1007 1528 1029 1558 C

1048 901 1095 929 ἐπὶ
1119 901 1195 934 ξύλου
1218 901 1421 938 κρεμάσαντες,
1447 901 1645 937 προστάξαντος
1666 901 1712 928 τοῦ
1737 900 1837 934 Ἰησοῦ,

1047 947 1231 984 ἐσταύρωσαν.
1243 947 1295 974 Καὶ
1306 947 1428 979 δύνοντος
1437 947 1483 973 τοῦ
1498 947 1572 983 ήλίου
1586 946 1698 983 ἔρριψαν
1712 946 1743 972 τὸ
1758 946 1837 981 σῶμα

1047 993 1129 1021 αὑτοῦ
1152 994 1191 1025 εἰς
1217 993 1361 1030 φάραγγα,
1375 993 1422 1020 καὶ
1451 993 1531 1029 σωρῴ
1554 993 1618 1019 αὐτὸ
1634 992 1715 1018 λίθων
1733 992 1839 1027 ἐπέχω-

1048 1049 1108 1070 σαν.

1083 1087 1114 1112 Οἱ
1128 1085 1156 1112 δὲ
1166 1085 1343 1116 Γαϐαωνῖται,
1353 1083 1454 1111 τούτων
1472 1084 1522 1115 τὰς
1539 1083 1696 1120 πολιορκίας
1712 1083 1836 1118 πυθόμε-

1048 1139 1087 1158 νοι
1115 1130 1250 1166 (ὑπῆρχον
1267 1130 1321 1166 γὰρ
1340 1129 1428 1157 αὐτῶν
1446 1129 1658 1164 ἀστυγείτονες),
1671 1129 1836 1164 πανούργως

1046 1177 1109 1208 τοὺς
1137 1176 1302 1212 Ἰσραηλίτας
1332 1175 1566 1210 κατασοφίζονται.
1581 1172 1670 1202 Ἦσαν
1693 1175 1726 1210 (1.
1741 1175 1780 1205 ὡς
1793 1173 1835 1208 ἃνΙ

1046 1222 1101 1258 γὰρ
1114 1223 1151 1258 μὴ
1166 1222 1318 1257 φθάσαντες
1345 1224 1378 1257 τῇ
1398 1222 1472 1249 πόλει
1489 1221 1577 1248 αὐτῶν
1603 1221 1835 1257 παρεμϐάλωσιν,

1047 1268 1198 1295 ὑπαντῶσιν
1213 1269 1305 1300 αὐτοῖς
1320 1268 1421 1304 ἐσθῆτα
1433 1269 1478 1296 καὶ
1493 1269 1653 1303 ὑποδήματα
1665 1267 1835 1302 διερρωγότα

1046 1315 1243 1350 ἠμφιεσμένοι,
1261 1316 1308 1342 καὶ
1326 1315 1442 1347 σάκκους
1461 1315 1550 1351 ἄρτων
1567 1314 1655 1349 ξηρῶν
1684 1313 1731 1340 καὶ
1748 1314 1836 1348 εὑρω-

1046 1361 1184 1393 τιώντων,
1202 1361 1248 1387 καὶ
1273 1361 1375 1393 ἀσκοὺς
1398 1361 1528 1393 παλαιοὺς
1550 1360 1745 1397 ὲπηχθισμένοι
1759 1380 1766 1391 ,
1786 1361 1836 1394 (ξά-

1047 1415 1156 1439 σκοντες
1171 1407 1261 1438 αὐτοῖς
1271 1415 1278 1423 ’
1293 1416 1302 1432 ε
1321 1407 1352 1433 Ἡ
1367 1407 1416 1442 μὲν
1429 1407 1504 1438 πόλις
1518 1407 1594 1444 ἡμῶν
1609 1407 1676 1433 πολὺ
1689 1407 1736 1440 ἀφ’
1749 1406 1830 1440 ἡμῶν

1046 1452 1170 1488 διέστηκε
1180 1461 1186 1469 ·
1202 1454 1264 1485 τοὺς
1281 1453 1335 1489 γὰρ
1349 1453 1447 1489 ἄρτους
1457 1453 1567 1484 τούτους
1586 1453 1698 1488 νεαροὺς
1714 1451 1833 1486 ὲφωδιά·

1047 1498 1168 1534 σθημεν,
1198 1500 1243 1526 καὶ
1265 1500 1315 1535 τὴν
1340 1500 1443 1534 ἐσθῆτα
1469 1500 1502 1535 ἣν
1526 1499 1704 1535 περικείμεθα
1738 1498 1833 1533 καινὴν

1044 1545 1230 1580 ἡμφιέσμεοα,
1249 1546 1296 1572 καὶ
1311 1546 1345 1572 τὰ
1359 1546 1520 1581 ὑποδήματα
1537 1545 1585 1572 νέα
1603 1546 1659 1576 τοῖς
1677 1545 1757 1571 ποσὶν
1783 1545 1834 1570 ὑπο

1043 1592 1175 1627 εϐάλομεν
1185 1601 1191 1607 ·
1207 1593 1253 1618 καὶ
1269 1592 1356 1619 ταῦτα
1370 1592 1457 1619 πάντα
1468 1592 1497 1618 τὸ
1510 1592 1596 1627 μῆκος
1608 1591 1657 1627 τῆς
1679 1590 1743 1617 ὁδοῦ
1767 1599 1832 1617 κατ-

1042 1638 1148 1675 έτριψε.
1161 1639 1208 1665 καὶ
1224 1639 1387 1665 ὲπαλαιωσε.
1402 1638 1530 1665 Διάοεσθε
1543 1635 1587 1664 οὖν
1607 1637 1675 1672 πρὸς
1700 1637 1778 1672 ἡμᾶς
1793 1637 1830 1662 sl-

1044 1685 1139 1720 ρήνην,
1155 1685 1201 1712 καὶ
1212 1684 1305 1721 φίλους
1321 1685 1398 1720 ἡμῶν
1410 1685 1606 1719 καταστήσατε.
1619 1693 1628 1709 ι
1645 1683 1700 1710 Καὶ
1711 1684 1726 1709 ὀ
1741 1683 1830 1718 μακά-

1597 1061 1613 1071 η,
1633 1063 1635 1065 .

1044 1738 1102 1766 ριος
1123 1730 1225 1766 Ἰησοῦς
1247 1731 1338 1766 ὅρκοις
1361 1731 1472 1766 εἰρήνην
1488 1730 1536 1765 τὴν
1558 1730 1625 1765 πρὸς
1648 1730 1749 1761 αὐτοὺς
1773 1730 1831 1755 ἐπι-

1043 1775 1173 1802 στώσατο.
1191 1775 1322 1810 ’Ὕστερον
1345 1775 1373 1802 δὲ
1400 1775 1448 1810 τὴν
1469 1775 1634 1810 πανουργίαν
1657 1775 1749 1801 αὐτῶν
1773 1776 1830 1801 ὲπι-

1042 1821 1132 1854 γνοὺς,
1144 1821 1271 1855 ἐφείσατο
1287 1821 1335 1856 μὶν
1352 1821 1440 1849 αὑτῶν
1454 1821 1497 1847 διὰ
1509 1822 1554 1846 τὸν
1569 1821 1658 1856 ὁρκον,
1672 1820 1829 1856 ξυλοφορεῖν

1041 1867 1071 1893 δὲ
1088 1867 1134 1893 καὶ
1151 1867 1307 1902 ὑδροφορεῖν
1318 1867 1373 1898 τοῖς
1390 1866 1569 1902 Ἰσραηλίταις
1579 1867 1640 1894 ἀντὶ
1655 1867 1706 1902 τῆς
1720 1867 1828 1902 ἀπάτης

1042 1911 1219 1947 προσέταξεν.

1083 1956 1236 1993 Ὀργισθεὶς
1249 1957 1277 1984 δὲ
1295 1956 1469 1989 Ἀδωνιϐεζὲκ
1479 1957 1492 1983 ὁ
1505 1956 1630 1992 βασιλεῖδς
1650 1957 1828 1993 Ἰερουσαλήμ

1040 2003 1088 2031 ἐπὶ
1100 2003 1129 2029 τὸ
1140 2003 1324 2038 αὐτομολῆσαι
1339 2004 1395 2035 τοῖς
1414 2002 1591 2038 Ἰσραηλίταις
1606 2003 1669 2034 τοὺς
1687 2003 1826 2030 Γαϐαωνί-

1041 2059 1099 2082 τας.
1117 2050 1275 2085 συμμάχους
1289 2051 1352 2082 τοὺς
1368 2050 1570 2086 πλησιοχώρους
1587 2050 1677 2076 λαϐὼν
1695 2050 1827 2085 βασιλεῖς,

1039 2097 1085 2123 τὸν
1101 2095 1192 2130 Αίλὰμ
1208 2095 1319 2130 βασιλέα
1336 2094 1464 2130 Χεὸρὼν,
1479 2095 1525 2122 καὶ
1548 2095 1592 2121 τὸν
1615 2094 1701 2120 Φιδὼν
1715 2095 1762 2121 τὸν
1779 2095 1827 2129 τῆς

1047 2141 1188 2177 ’ῐεριμοὺδ,
1206 2140 1253 2167 καὶ
1269 2140 1338 2175 Et:de
1354 2140 1400 2167 τὸν
1415 2140 1523 2175 Λαχεὶς,
1538 2140 1577 2166 ἔτι
1601 2140 1628 2167 δὲ
1647 2141 1695 2167 καὶ
1712 2140 1761 2167 τὸν
1776 2140 1828 2167 Δὰδ

1006 2204 1026 2231 D
1040 2187 1088 2222 τῆς
1116 2186 1268 2221 Σοδολλὰμ,
1289 2185 1517 2220 ἐστρατοπέδευσε
1538 2186 1606 2221 πρὸς
1634 2186 1753 2218 αὐτοὺς,
1782 2187 1825 2213 καὶ

1039 2232 1191 2268 ἐπολιόρκει
1207 2231 1254 2267 τὴν
1270 2231 1390 2259 Γαϐαών.
1409 2233 1439 2259 Ol
1456 2232 1484 2258 δὲ
1495 2232 1514 2258 Γ
1516 2232 1663 2258 αόαωνῖται
1680 2233 1825 2267 συνεχόμε-

1039 2286 1078 2305 νοι
1095 2278 1289 2314 πρεσϐεύονται
1306 2278 1374 2314 πρὸς
1397 2277 1506 2312 Ἰησοῦν.
1533 2277 1561 2304 '0
1582 2277 1610 2306 δὲ
1632 2278 1661 2304 ὲν
1679 2277 1825 2311 Γαλγάλοις

1038 2323 1087 2356 ὢν,
1101 2323 1333 2359 ὰντιπαρετάξατο
1347 2323 1448 2354 αὐτοῖς,
1461 2323 1506 2349 καὶ
1523 2322 1659 2358 συμϐολῆς
1675 2323 1824 2358 γενομένης

1038 2369 1230 2405 ἐτροπιωησαν
1246 2370 1271 2396 oi
1302 2368 1461 2402 ἀλλόφυλοι·
1490 2370 1536 2395 καὶ
1562 2369 1587 2395 οἱ
1610 2369 1659 2404 μὲν
1688 2368 1760 2402 ξίφει
1788 2369 1823 2395 δι-

1039 2415 1206 2450 εφθάρησαν,
1225 2416 1250 2443 οἱ
1265 2415 1294 2442 δὲ
1311 2414 1424 2450 χαλάζῃ.
1443 2415 1597 2449 Φευγόντων
1614 2414 1669 2450 γὰρ
1689 2415 1792 2447 αὐτῶν,
1810 2415 1823 2441 ὁ

1037 2461 1104 2492 Θεὸς
1120 2461 1240 2496 χάλαζαν
1262 2461 1354 2493 αὐτοῖς
1372 2460 1585 2496 κατώμόρησεν,
1600 2460 1662 2496 ἥτις
1682 2461 1823 2492 πλείστους

1038 2507 1092 2533 τῶν
1106 2508 1233 2534 ἐναντίων
1252 2508 1350 2538 avsi/ts,
1365 2507 1438 2542 ἥπερ
1451 2507 1465 2533 ὁ
1477 2507 1603 2542 πόλεμος.
1619 2507 1676 2534 Ἵνα
1688 2507 1717 2533 δὲ
1734 2508 1821 2534 τέλεον

1038 2552 1187 2590 ἐξαφανίσῃ
1198 2554 1296 2584 αὐτοὺς
1319 2552 1431 2589 Ἰησοῦς,
1448 2552 1549 2588 ηὔξατο
1558 2553 1596 2588 τῷ
1607 2553 1676 2588 Θεῷ,
1686 2554 1762 2586 ὅπως
1776 2554 1821 2590 τὴν

1037 2599 1142 2634 ἡμέραν
1155 2599 1228 2633 παρὰ
1245 2599 1325 2634 φύσιν
1343 2598 1450 2634 μηκύνῃ
1464 2600 1556 2631 αὺτοῖς
1575 2600 1675 2634 στήσας
1688 2599 1735 2626 τὸν
1750 2600 1820 2635 ἥλιον

1037 2644 1108 2671 κατὰ
1128 2644 1249 2676 Γαϐαὼν,
1267 2645 1313 2672 καὶ
1327 2645 1377 2679 τὴν
1395 2645 1508 2681 σελήνην
1524 2646 1594 2672 κατὰ
1614 2645 1747 2681 φάραγγα
1767 2647 1819 2681 ’Δρ-

1036 2689 1099 2717 νῶν.
1117 2689 1172 2718 Καὶ
1194 2689 1306 2725 ἔστησεν
1321 2691 1335 2717 ό
1351 2690 1416 2722 Θεὸς
1438 2691 1530 2717 στάσει
1544 2691 1588 2720 τὸν
1605 2691 1679 2726 ἥλιον
1703 2691 1752 2718 καὶ
1773 2691 1818 2725 τὴν

1037 2735 1163 2771 σελήνην,
1180 2735 1232 2767 ἕως
1260 2733 1291 2763 οὑ
1317 2737 1485 2773 πανημέριον
1510 2738 1572 2771 τοὺς
1594 2737 1741 2773 πολεμίους
1753 2737 1816 2773 ήλω.

238 2819 382 2850 “103.111.
422 2822 512 2850 "los.
530 2831 572 2862 V|._
604 2823 627 2858 3‘
641 2823 698 2852 Jos.
716 2832 775 2852 vni.
815 2823 906 2851 “Ias.
929 2831 966 2851 lx.
1007 2823 1145 2860 "103.3.
