1903 3068
59 77 111 104 793
537 81 675 111 SPURIA.
691 97 726 103 —
743 80 922 112 COMMENT.
946 80 980 109 IN
997 79 1244 110 HEXAEMEBON.
1644 83 1695 110 794

58 137 126 169 Τοὺς
142 137 173 165 δὲ
202 138 292 166 πέντε
317 139 437 176 βασιλεῖς
463 140 517 168 τῶν
542 141 627 168 ὲθνῶν
650 141 753 178 Ἰησοῦς
777 142 792 167 ὁ
813 140 853 167 eoi

913 141 1054 177 spelunca,
1072 141 1186 175 supinos
1201 139 1275 167 humi
1294 139 1441 176 proiectos.
1458 143 1485 167 et
1502 147 1516 167 a
1532 141 1631 176 populo
1648 150 1696 168 su-

59 183 132 218 Ναυῆ
161 186 381 220 κρυπτομένους
404 186 508 223 εὑρὼν,
534 188 573 220 είς
594 187 723 223 σπήλαιον
749 187 853 218 ὑπτίους

911 195 960 222 per
969 187 1040 214 collo
1059 187 1235 214 conculcatos
1253 186 1399 218 interemit,
1421 190 1447 213 et
1469 194 1562 214 eorum
1578 194 1695 221 corpora

59 230 103 255 ἐπὶ
117 229 169 264 τῆς
185 230 252 266 γῆς,
274 232 391 268 ῥιφῆναι
414 233 512 265 αὐτοὺς
534 233 682 270 πρόσεταξε
693 255 700 267 ,
717 234 763 262 καὶ
776 234 853 260 κατα·

911 233 993 268 lignis
1008 239 1138 268 appensa,
1153 231 1261 259 tandem
1278 231 1305 258 in
1317 232 1446 266 spelunca
1461 232 1577 266 sepeliit,
1593 236 1619 259 et
1635 239 1696 258 om-

58 275 204 302 πατεῖσθαι
222 275 281 303 ὑπὸ
300 277 350 304 τοῦ
365 278 429 305 λαοῦ
450 280 496 306 ἐπὶ
517 279 564 309 τοῦ
578 280 712 316 τραχήλου
734 281 853 315 ποιήσας,

910 279 991 306 nibus
1006 286 1100 305 eorum
1123 277 1280 304 civitatibus
1299 277 1423 312 expilatis
1442 283 1598 304 montanam
1620 285 1695 304 cam-

58 322 202 350 ἀπέκτεινε
212 331 219 337 ·
234 323 287 350 καὶ
308 324 345 351 τὰ
358 324 472 360 σώματα
485 325 574 355 αὐτῶν
585 327 632 353 ἐπὶ
647 325 726 359 ξύλου
743 326 845 361 ἀναρτή

910 328 1083 359 pestremque
1097 324 1232 358 regionem
1251 323 1367 357 subegit.

59 376 116 399 σας,
133 368 255 404 ὕστερον
274 371 321 402 είς
334 371 364 397 τὸ
383 372 514 408 σπήλαιον
527 371 596 399 αὐτὰ
609 372 757 409 κατώρυξε.
771 372 863 403 Πάσας
879 371 908 397 δὲ
923 370 973 402 τὰς
990 369 1080 401 πόλεις
1095 369 1267 405 ἐκπορθήσας
1291 369 1391 401 αὐτῶν,
1424 369 1512 396 πᾶσαν
1524 369 1573 404 τὴν
1587 369 1695 405 ὀρεινὴν

59 414 104 441 καὶ
114 413 164 449 τὴν
178 414 302 450 πεδινὴν
319 415 445 449 ὑπέταξε.

98 458 188 495 ’Δσὼρ
204 460 248 492 δὲ,
264 462 279 488 ὁ
296 461 424 496 βασιλεὺς
444 463 540 496 ’Ῐασὶν,
557 464 718 500 συμμάχους
734 463 796 495 τοὺς
812 463 860 490 πέ-

62 504 100 541 ριξ
115 504 210 532 λαϐὼν
243 505 371 541 βασιλεῖς
384 528 390 539 ,
412 508 509 544 πολλὴν
526 510 662 545 συνήγαγε
678 509 802 544 δύναμιν,
823 509 860 540 ὡς

60 549 164 575 εἰκάσαι
176 550 215 576 τὸ
239 550 352 585 πλῆθος
368 552 417 587 τῆς
436 553 580 588 στρατείας
600 554 689 580 αὐτῶν
711 556 744 590 τῇ
767 554 862 589 ἀναρι-

62 594 154 630 θμήτῳ
167 595 220 630 τῆς
235 595 381 632 θαλάσσης
393 597 508 633 ψάμμῳ,
521 599 567 625 καλ⁸
575 599 807 634 ἀντιπαρετάξατο
820 598 859 633 τῷ

67 641 162 677 Ἰησοῦ.
183 641 213 667 ’0
231 641 263 668 δὲ
281 643 375 674 αὐτοῖς
400 643 476 678 ἄφνω
502 644 639 671 ἐπιπεσὼν
658 644 760 680 Ἰησοῦς
780 645 859 672 αὐτόν

61 696 88 715 τε
99 688 144 714 καὶ
155 687 267 720 πάντας
283 690 350 720 τοὺς
362 689 523 725 συμμάχους
533 691 683 725 πανστρατὶ
695 690 857 725 κατέσφαξε,

62 734 105 760 καὶ
125 734 190 766 τοὺς
221 735 331 766 ἵππους
357 735 444 762 αὐτῶν
467 736 679 771 ἐνευροκόπησε,
707 736 753 763 καὶ
770 737 859 763 πᾶσαν

947 458 1033 487 Porro
1049 459 1119 486 Asor
1138 467 1184 486 rex
1198 458 1278 487 Jabin
1288 459 1322 492 ’⁷,
1338 467 1432 486 omnes
1453 467 1532 494 reges
1546 460 1650 489 vicinos
1666 461 1693 489 in
1714 457 1718 461 “

913 506 1043 532 auxilium
1053 509 1164 532 vocatos
1175 507 1332 532 immensam
1341 505 1481 539 copiarum
1491 506 1694 535 multitudinem

912 551 1010 586 coegit,
1024 551 1061 578 ita
1084 554 1113 577 ut
1130 551 1321 578 innumerabili
1337 557 1426 577 arena:
1442 551 1526 578 maris
1541 551 1638 579 similis
1653 553 1694 579 vi-

912 596 1034 628 deretur,
1051 597 1151 632 quibus
1166 605 1195 624 se
1208 595 1288 624 Jesus
1301 597 1438 631 opposuit.
1447 596 1481 623 At
1495 597 1695 632 hicimproviso

912 642 1078 677 irrumpens,
1091 643 1179 677 ipsum
1202 649 1351 677 omnesque
1365 642 1425 676 ejus
1441 643 1588 670 auxiliares
1603 644 1695 678 copias

911 688 1097 716 internecione
1114 688 1223 720 delevit,
1243 693 1374 723 artusque
1399 696 1531 723 equorum
1558 689 1694 723 abscidit,

911 739 938 762 et
958 743 1052 763 eorum
1070 739 1169 762 terram
1187 736 1341 762 universam
1361 733 1491 762 lsraelitis
1507 735 1624 770 partitus
1640 739 1693 763 est.

63 779 146 806 αὐτῶν
171 780 224 815 τὴν
241 781 300 815 γῆν
323 782 379 813 τοῖς
402 781 580 816 Ἰσραηλίταις
601 782 732 817 διένειμε·
757 783 789 817 τῇ
812 782 853 817 μὲν

911 781 944 809 Ει
967 782 1050 809 tribui
1079 780 1174 808 Ruben
1195 780 1315 808 sortibus
1335 780 1468 814 conjectis
1493 780 1567 808 dedit
1594 785 1694 808 terram

64 825 128 861 φυλῇ
144 826 192 852 τοῦ
215 826 330 853 Ῥουϐὶν
349 826 397 862 τὴν
411 827 465 853 τῶν
483 828 652 863 Ἀμορραίων
670 829 721 864 γῆν
736 829 858 865 ἀπεκλή-

66 879 131 907 ρωσε
146 872 195 899 καὶ
210 872 265 909 τὴν
289 873 438 908 Ῥαφασὴν,
457 874 505 909 τὴν
523 873 552 900 δὲ
576 873 629 900 Γὰδ
647 874 696 910 τὴν
709 875 794 909 αὐτὴν
808 875 859 910 γῆν

64 918 113 945 τῶν
134 918 329 954 Ἀμορραίων,
342 920 388 946 καὶ
404 920 434 945 τὸ
450 920 536 955 ἥμισυ
568 920 637 956 φυλῇ
656 921 788 956 Μανασσῆ
806 922 859 948 άπ-

65 963 162 998 ένειμε,
183 965 233 990 καὶ
248 966 285 1002 τῇ
307 965 377 1000 φυλῇ
398 965 480 992 Ἰούδα
495 965 545 1001 τὴν
556 966 610 993 τῶν
639 967 788 1002 Ἐϐραίων,
812 966 858 993 καὶ

64 1009 209 1040 Χετταίων,
240 1011 293 1036 καὶ
314 1010 363 1046 τὴν
387 1010 525 1046 Ἑνακείμ.
544 1013 645 1046 ’Ήγουν
668 1012 751 1039 Ἰούδα
777 1013 856 1049 φυλὴ,

65 1055 206 1091 σύμμαχον
225 1056 353 1084 λαϐοῦσα
373 1058 423 1093 τὴν
439 1059 523 1093 φυλὴν
541 1058 668 1094 Συμεὼν,
685 1060 747 1090 τοὺς
765 1060 857 1086 Χανα-

65 1103 151 1134 ναίους
166 1103 216 1129 καὶ
242 1104 411 1140 Φερεζαίους
430 1105 579 1141 ἐπόρθησε,
598 1106 644 1132 καὶ
665 1106 799 1140 φεύγοντα
812 1107 857 1133 τὸν

70 1148 246 1181 ’Δδωνιῦεζὲκ
274 1151 488 1186 χειρωσάμενοι,
512 1151 574 1183 τοὺς
594 1152 677 1183 πόδας
699 1152 780 1179 αὺτοῦ
810 1153 857 1179 καὶ

69 1194 110 1224 rit;
126 1196 219 1230 χεῖρας
233 1196 349 1231 ἡκρωτη
355 1196 464 1231 ρὶασαν·
477 1198 522 1224 καὶ
537 1198 747 1234 κατοδυρόμενος
761 1199 856 1226 ἑαυτὸν

67 1239 113 1275 ἔψη
124 1248 130 1254 ·
143 1250 152 1265 ι
166 1241 272 1273 Καθὼς
284 1242 487 1278 ἐποίησα,ο’ύτω
497 1253 540 1278 μοι
553 1245 567 1270 ὁ
582 1244 853 1276 Θεὸςὰνταπέδωκεν.

73 1285 271 1322 Ἑὸδομήκοντα
288 1288 344 1324 γὰρ
371 1289 505 1323 βασιλεῖς,
529 1290 563 1316 τὰ
594 1291 666 1326 ἄκρα
689 1291 743 1317 τῶν
766 1292 853 1318 ποδῶν

67 1331 149 1358 αὐτῶν
167 1334 214 1359 καὶ
231 1333 289 1360 τῶν
311 1334 409 1370 χειρῶν
425 1335 631 1370 ὲκκεκομμένοι,
646 1336 774 1363 ὑποκάτω
785 1334 853 1372 ἦσαν

67 1377 112 1411 τῆς
131 1379 276 1414 τραπέζης
306 1389 356 1415 μου
383 1380 417 1408 τὰ
445 1381 615 1416 ἐμπίπτοντα
641 1382 826 1416 ἁναλέγοντες,
842 1393 851 1409 ι

68 1424 210 1458 Κομισοεὶς
220 1423 269 1452 οὖν
276 1427 318 1458 εἰς
326 1426 503 1462 Ἰερουσαλὴμ
513 1427 669 1462 παραυτίκα
678 1428 804 1456 ἀπέθανε.
813 1429 851 1464 Τῇ

68 1468 164 1505 δὲφυλῇ
179 1471 303 1508 Ἐφραῖμ
320 1472 429 1508 τὴντῶν
442 1474 622 1509 ’Δμορραίων,
632 1475 678 1502 καὶ
692 1475 854 1511 Φερεζαίων,
870 1465 890 1493 C

69 1514 110 1540 καὶ
121 1515 303 1551 Σαμαραίων·
324 1518 370 1544 καὶ
395 1518 434 1553 τῷ
450 1519 543 1554 ἡμίσει
557 1520 642 1555 φυλῆς
658 1521 790 1556 Μανασσῆ
807 1521 855 1558 τὴν

69 1559 117 1586 τῶν
124 1561 143 1586 Γ
144 1564 274 1596 ερσαίων,
284 1564 331 1590 καὶ
345 1565 513 1601 Ἀμορραίων
522 1566 574 1601 γῆν
583 1566 728 1602 ἀπένειμεν
743 1567 854 1602 Ἰησοῦςι

70 1605 113 1641 τὴν
130 1607 157 1633 δὲ
171 1608 227 1635 τῶν
250 1609 395 1645 Ἐϐραίων,
419 1611 466 1638 καὶ
487 1612 666 1648 Ἀμορραίων,
691 1613 737 1639 καὶ
758 1613 856 1640 Ἰεϐου-

73 1651 147 1678 σαίων
171 1655 203 1689 τῇ
221 1655 269 1681 τοῦ
302 1656 428 1691 Βενιαμὶν
453 1657 665 1693 ὲκληροδότησε’
695 1660 727 1694 τῇ
754 1659 783 1685 δὲ
807 1659 853 1688 τοῦ

71 1696 173 1732 Συμεὼν
193 1701 243 1735 τὴν
265 1701 322 1728 τῶν
341 1703 472 1738 Ἐϐραίων
488 1704 535 1730 καὶ
558 1704 728 1738 Φερεςαίων·
750 1705 797 1731 καὶ
819 1707 853 1742 τῇ

72 1742 112 1768 τοῦ
127 1745 268 1773 Ζαϐουλὼν
283 1747 332 1783 τὴν
354 1748 407 1774 τῶν
427 1749 580 1784 Φερεζαίων
590 1759 596 1765 ·
612 1751 661 1786 τὴν
675 1751 703 1777 δὲ
722 1752 777 1778 τῶν
801 1753 853 1778 Κι-

71 1787 144 1814 ναίων
165 1791 197 1825 τῇ
221 1791 397 1827 Νεφθαλείμ·
428 1794 473 1820 καὶ
497 1795 530 1829 τῇ
558 1794 628 1830 φυλῇ
656 1795 702 1821 τοῦ
726 1795 780 1822 Δὰν
803 1796 853 1832 τὴν

78 1833 256 1871 Ἀμορραίων·
281 1839 315 1873 τῇ
337 1838 366 1865 δὲ
385 1839 453 1875 φυλῇ
486 1840 629 1877 Ἰσσάχαρ,
655 1841 702 1868 καὶ
728 1843 760 1877 τῇ
782 1842 851 1878 φυλῇ

78 1878 153 1915 Ἀσὴρ
164 1882 214 1918 τὴν
231 1884 288 1910 τῶν
302 1885 463 1921 Φερεςαίων.
480 1886 588 1922 Ταύτην
606 1889 695 1914 πᾶσαν
713 1888 852 1923 διανείμας

73 1923 115 1959 τὴν
140 1927 188 1961 γῆν
213 1929 318 1964 Ἰησοῦς
342 1934 363 1966 ρ’
384 1931 431 1961 καὶ
454 1935 469 1958 ι’
492 1932 591 1966 βιώσας
619 1932 680 1968 ἔτη,
707 1933 849 1961 ἀπέθανεν.

79 1968 231 2015 Ἐλεαζάρου
247 1975 275 2001 δὲ
292 1975 339 2002 τοῦ
357 1975 415 2005 υίοῦ
443 1976 547 2012 ’Λαρὼν
570 1978 777 2015 τελευτήσαντος
802 1978 851 2014 τὴν

75 2013 267 2054 ἀρχιερωσύνην
284 2019 362 2051 Φινὲς
375 2021 389 2047 ὸ
404 2021 460 2052 υίὸς
477 2021 558 2048 αὑτοῦ
574 2013 715 2054 διεδέξατο.
729 2023 806 2049 Μετὰ
822 2013 851 2050 δὲ

75 2060 116 2095 τὴν
131 2063 254 2101 τελευτὴν
277 2066 364 2101 Ἰησοῦ
385 2067 462 2102 Ναυῆ
478 2069 503 2094 οί
523 2068 701 2104 Ἰσραηλῖται,
717 2069 851 2096 ἀποστάν-

131 2108 173 2134 τοῦ
189 2110 270 2143 Θεοῦ,
297 2113 329 2147 τῇ
353 2113 487 2150 Ἀστάρτῃ
517 2114 681 2150 ἐλάτρευσαν
706 2115 752 2141 καὶ
777 2123 849 2151 παρ-

910 827 1142 858 Amorrhaeorum,
1158 830 1186 854 et
1201 826 1357 861 Raphaseu,
1371 829 1398 852 et
1413 825 1469 852 (iad
1488 826 1574 860 ipsam
1592 831 1693 854 terram

909 873 1139 904 Amorrhaeorum,
1155 876 1182 900 et
1196 872 1335 899 dimidium
1352 871 1433 898 tribui
1448 872 1587 906 Manassm,
1601 877 1628 900 et
1644 874 1693 900 tri-

911 920 956 947 bui
971 918 1048 947 Iuda
1064 919 1239 946 Hebraeorum
1250 923 1276 945 et
1291 918 1484 951 Chettmorum,
1496 923 1523 946 et
1538 919 1648 946 Enaciin
1658 919 1691 948 ".

910 965 962 992 Sed
979 965 1054 993 .ludte
1071 965 1170 996 tribus,
1187 965 1259 993 tribu
1274 964 1391 1000 Symeou
1412 965 1439 992 in
1460 965 1590 993 auxilium
1607 965 1693 993 advo-

908 1015 969 1038 cata
981 1011 1013 1042 ".
1043 1011 1228 1042 Chananazos,
1250 1014 1277 1037 et
1299 1010 1459 1038 Pltcrezwos
1487 1011 1607 1046 prwdata
1634 1015 1692 1045 est;

908 1064 1026 1092 cumque
1049 1057 1186 1092 cepissent
1202 1057 1346 1091 fugientem
1371 1057 1552 1090 Adonibezec,
1571 1061 1691 1085 extrema

908 1105 1006 1138 pedum
1028 1111 1061 1131 ac
1075 1111 1206 1131 manuum
1222 1103 1431 1136 obtruncarunt,
1452 1104 1499 1138 qui
1514 1104 1691 1139 semetipsum

907 1150 1054 1186 deplorans
1077 1150 1166 1178 dixit:
1184 1159 1193 1176 ι
1211 1149 1443 1183 Quemadmodum
1468 1149 1530 1181 feci,
1559 1151 1596 1177 ita
1625 1149 1691 1177 mihi

909 1196 981 1224 Deus
1006 1196 1141 1224 retribuit.
1167 1195 1344 1231 Septuaginta
1368 1196 1441 1223 enim
1468 1203 1546 1230 reges
1569 1200 1691 1223 extrema

909 1242 1023 1278 pedibus
1038 1250 1069 1269 ac
1086 1242 1212 1270 manibus
1227 1242 1325 1273 mutili,
1341 1242 1392 1269 sub
1406 1249 1500 1269 mensa
1514 1249 1572 1269 mea
1589 1249 1620 1268 ea
1631 1249 1692 1277 qua:

909 1288 1042 1316 cadebant
1066 1289 1239 1324 Colligebant.
1260 1298 1269 1314 ›
1289 1287 1379 1316 Hicin
1397 1288 1563 1315 Hierusalem
1586 1288 1691 1316 delatus

908 1335 999 1362 subito
1011 1335 1100 1370 periit.
1111 1334 1205 1362 Tribui
1217 1334 1569 1369 EphraimAmorrhazorum
1582 1338 1609 1361 et
1621 1333 1692 1361 Phe-

906 1389 1064 1411 rezaeorum.
1080 1386 1105 1409 et
1118 1381 1326 1413 Samaraeorum,
1346 1384 1373 1408 et
1387 1380 1506 1408 dimidia:
1520 1381 1589 1416 parti
1603 1381 1692 1408 tribus

907 1427 1039 1455 Manassae
1055 1427 1237 1458 Gersaéorum,
1253 1431 1280 1454 et
1298 1426 1519 1454 Amorrltmorum
1534 1427 1630 1454 tribuit
1643 1425 1689 1454 .le-

907 1481 955 1501 sus
972 1483 978 1501 :
993 1473 1166 1501 Hebraeorum
1186 1480 1249 1500 vero
1264 1477 1292 1500 et
1313 1473 1581 1508 Amorrbazorumhet
1592 1472 1691 1500 Jebus-

906 1527 1023 1547 eteorum
1044 1520 1126 1547 tribui
1146 1519 1401 1554 Benjamin;tribui
1423 1518 1539 1554 Symeon
1564 1518 1692 1546 Hebrum-

905 1574 977 1598 rum,
993 1570 1020 1593 et
1031 1565 1248 1597 Phereucornm,
1261 1569 1288 1593 et
1302 1565 1384 1593 tribui
1397 1564 1518 1592 Zabulon
1533 1564 1691 1592 Pherezaeo-

905 1619 977 1643 rum,
992 1615 1019 1638 et
1034 1612 1114 1639 tribui
1129 1611 1300 1647 Nephtbalim
1315 1612 1481 1644 Cinazot'um,
1493 1615 1520 1638 et
1535 1612 1617 1638 tribui
1632 1610 1689 1638 Dan

904 1657 1136 1692 Amorrltacorum,
1156 1663 1183 1685 et
1204 1658 1284 1685 tribui
1311 1657 1445 1690 lssachar,
1467 1661 1494 1685 et
1514 1658 1596 1684 tribui
1621 1657 1690 1686 Aser

905 1703 1122 1731 Pherezmorum.
1149 1703 1224 1730 llanc
1240 1704 1394 1730 universam
1413 1707 1513 1729 terram
1534 1709 1596 1728 cum
1619 1701 1690 1729 divi-

904 1749 986 1777 sisset
993 1748 1083 1780 Jesus.
1099 1750 1185 1777 aetatis
1197 1756 1329 1776 annorum
1344 1752 1452 1776 centum
1463 1751 1490 1775 et
1504 1747 1596 1775 decem
1607 1756 1622 1775 e
1634 1747 1689 1775 vita

903 1795 1022 1823 decessit
1031 1797 1063 1823 '°.
1083 1796 1115 1823 Et
1129 1797 1257 1824 Eleazaro
1273 1797 1328 1823 lilio
1340 1797 1429 1823 Aaron
1448 1800 1555 1823 mortuo
1571 1796 1597 1823 in
1614 1804 1689 1823 sutu-

904 1849 948 1869 mo
962 1842 1116 1870 sacerdotio
1135 1842 1236 1870 Phines
1260 1843 1320 1877 ejus
1344 1843 1416 1870 [ilius
1439 1842 1580 1870 successit.
1602 1841 1688 1870 Gete-

902 1894 962 1914 rum
981 1893 1042 1922 post
1060 1887 1124 1916 Jesu
1143 1888 1217 1915 Nave
1235 1888 1337 1915 obitum
1349 1888 1370 1903 ³¹
1385 1887 1522 1919 Israelita.
1537 1895 1598 1915 curn
1613 1887 1688 1914 defe-

902 1933 1005 1960 cissent
1020 1942 1034 1961 a
1048 1933 1114 1967 Deo,
1130 1934 1266 1962 Astartam
1282 1935 1401 1966 coluere,
1413 1938 1440 1961 et
1457 1933 1529 1962 dedit
1543 1934 1604 1962 illos
1615 1933 1687 1961 Deus

901 1979 1025 2014 captivos
1048 1979 1221 2008 Cbursathan
1246 1980 1375 2016 Syrorum
1395 1981 1461 2016 regi,
1480 1981 1526 2015 qui
1541 1988 1588 2008 eos
1603 1980 1686 2009 variis

901 2025 992 2053 modis
1003 2026 1150 2061 multisque
1172 2027 1317 2062 amigcbat,
1335 2027 1371 2054 ita
1387 2031 1416 2055 ut
1438 2035 1601 2063 magnopere
1613 2028 1687 2056 cala-

901 2071 1041 2099 mitatibus
1064 2071 1204 2107 defatigati
1223 2073 1368 2100 clamarint
1391 2072 1425 2100 ad
1450 2072 1553 2106 Deum,
1573 2072 1686 2108 datique

901 2117 955 2144 sint
974 2118 1029 2144 illis
1044 2118 1163 2152 jtulices.

77 2149 164 2200 ἐδίωξεν
191 2156 288 2189 αὐτοὺς
313 2149 483 2194 ὑποχειρίους
510 2160 524 2186 ό
547 2160 613 2191 Θεὸς
625 2160 784 2197 Χουσαρθαν
876 2161 969 2198 Σύρων
996 2149 1119 2199 βασιλεῖ,
1155 2165 1229 2196 ὅστις
1261 2165 1302 2196 είς
1328 2164 1426 2200 πολλὴν
1454 2165 1567 2200 συνοχὴν
1587 2164 1685 2195 αὐτοὺς

76 2197 238 2247 κῆτέστησεν,
265 2202 304 2234 ὡς
325 2202 372 2229 ἐπὶ
397 2204 464 2231 πολὺ
491 2205 729 2242 καταπονηθέντας
763 2206 862 2238 αὐτοὺς
890 2197 1081 2244 βοῆσαι-πρὸς
1118 2208 1163 2236 τὸν
1192 2209 1274 2243 Θεὸν,
1301 2210 1348 2237 καὶ
1373 2197 1483 2246 δοίὶῆναι
1508 2197 1597 2243 αυτοῖς
1623 2218 1685 2247 ιρις

76 2243 127 2275 τὰς.

121 2347 207 2377 “los.
223 2360 262 2381 ιι.
301 2353 324 2369 ³⁸
334 2352 394 2382 lar.
410 2361 471 2382 ml.
510 2355 532 2372 ²⁹
543 2353 608 2382 Iud.
626 2363 645 2383 ι.
683 2355 706 2372 ⁸⁸
716 2354 775 2384 lor.
792 2364 867 2384 χχιι

906 2356 929 2372 ’ί
944 2355 1010 2385 Iud.
1024 2364 1065 2384 In.
