1903 3068
224 85 277 114 795

892 83 1015 112 LEONIS
1033 84 1169 112 ALLATII

1802 80 1853 110 796

228 166 1848 184 gmw

699 241 982 306 LEONIS
1027 226 1352 305 ALLATH

1005 368 1040 391 IN

327 445 716 506 EUSTATHII
756 445 845 502 AN
858 444 1173 502 TIOCHEN
1180 445 1200 501 Ι
1240 446 1730 506 HEXAEMERON

635 565 760 597 ΝΟΤιἘ
786 563 1021 597 UBERIORES
1033 563 1091 594 ET
1104 564 1416 599 COLLECTANEA.

1017 641 1053 648 .—

254 688 386 720 Col.707,
402 688 429 714 in
449 687 572 721 inscript.
597 686 775 712 Εὑσταθίου.
803 685 840 712 De
857 685 998 712 Eustathio
1015 689 1038 716 Α
1051 687 1151 713 tionem
1178 691 1304 722 exponat,
1323 688 1369 715 ubi
1396 688 1467 717 hanc
1489 696 1582 716 curam
1611 689 1663 718 sibi
1683 689 1778 717 fuisse
1797 689 1845 718 de-

221 734 401 765 Antioclieno,
411 736 438 760 et
448 733 507 767 ejus
522 732 725 766 seriptis,plura
735 732 762 758 in
774 731 931 766 prasl'atione
942 739 1000 758 mea

221 781 254 807 ad
273 781 411 807 lectorem.
429 779 478 805 Hic
492 779 545 805 duo
558 781 674 809 tantum,
693 786 753 812 quae
769 778 803 804 ibi
821 778 946 805 consulto
963 777 1002 804 si-

222 826 305 853 lentio
323 825 482 860 prattermisi
508 825 648 850 tractanda
682 824 811 858 suscipio.
831 823 862 850 Et
885 824 1001 858 primum

221 873 274 900 erit
297 871 444 899 discrimen
468 870 537 897 inter
558 869 629 896 hunc
643 873 766 896 nostrum
779 869 960 902 Eustathium,
976 872 1003 896 et

222 919 304 945 alium
323 917 504 948 Eustathium,
526 916 572 951 qui
598 915 690 942 Basilii
715 915 800 949 Magni
821 915 1001 942 lleacaemcron

222 965 250 992 in
269 965 388 999 linguam
402 963 524 990 Latinam
541 962 684 990 convertit.
697 960 863 992 Secundum,
877 961 1003 989 ostende-

222 1019 282 1038 mus
309 1014 446 1037 auctorem
474 1010 545 1035 hunc
560 1007 831 1042 nostrum,quisquis
852 1007 896 1034 illo
912 1007 1002 1037 fuerit,

224 1057 310 1084 fuisse
335 1055 556 1090 antiquissimum
584 1055 635 1089 ipsi
668 1053 808 1081 Eustathio
835 1053 1004 1080 Antiocheno

221 1109 351 1129 cozevum.
367 1101 398 1127 Et
416 1108 482 1128 sane
499 1100 563 1127 dum
580 1099 671 1126 animo
686 1107 717 1126 ea
731 1107 792 1134 quae
807 1099 833 1126 in
850 1099 902 1125 hoc
914 1098 1004 1125 libello

221 1148 406 1177 continentur,
424 1146 566 1181 agitarem,
583 1145 788 1179 inveniremque
801 1144 894 1171 Basilii
914 1143 1003 1178 Magni

221 1194 375 1224 sententiis,
392 1193 536 1227 verbisque
559 1200 641 1226 super
655 1191 749 1219 eadem
767 1191 880 1218 materia
898 1190 1004 1218 similli-

221 1251 266 1270 ma
289 1250 349 1277 quae
374 1242 418 1268 hic
448 1241 594 1271 habentur,
611 1240 656 1266 diu
676 1247 719 1265 me
734 1238 813 1265 torsit
827 1238 962 1273 quomodo
977 1237 1003 1265 id

222 1289 280 1316 ﬁeri
303 1289 402 1324 potuit,
421 1291 450 1314 ut
475 1287 516 1313 vel
540 1286 656 1314 Basilius
672 1285 706 1312 ab
725 1284 877 1317 Eustathio,
893 1284 934 1311 vel
950 1284 1004 1311 Eu-

222 1335 339 1363 stathius
358 1342 373 1360 a
388 1333 499 1365 Basilio,
518 1339 631 1366 uterque
644 1335 670 1358 et
686 1332 711 1357 in
736 1331 852 1358 dicendo
872 1331 1005 1366 peritissi—

223 1389 293 1413 mus,
305 1387 355 1407 nec
373 1380 465 1406 alienae
478 1378 640 1406 elocutionis
658 1377 779 1404 subsidio
798 1377 930 1412 indigens.
944 1384 1004 1404 eas-

221 1427 283 1454 dem
314 1426 478 1457 senteulias,
501 1429 528 1452 et
553 1425 651 1456 verba.
681 1425 836 1459 luminaque
870 1424 1004 1451 orationis

222 1472 304 1500 fuerit
321 1475 468 1499 mutuatus.
482 1471 638 1506 Sigeberlus
651 1471 697 1497 lib.
716 1470 754 1496 De
770 1470 919 1497 illustribus
935 1471 1003 1496 scri-

222 1518 340 1553 ptoribus
359 1518 530 1545 ecclesiaticis
540 1537 547 1549 ,
560 1523 620 1550 cap.
632 1516 678 1549 2|,
697 1517 722 1542 in
740 1517 790 1543 hac
805 1524 833 1543 re
849 1517 933 1550 magis
947 1516 1005 1542 ani-

222 1573 295 1592 mum
320 1565 432 1592 dubium
461 1563 586 1592 faciebat.
601 1563 666 1590 dum
684 1564 825 1594 scriberet,
846 1563 1004 1590 Eustathius

223 1612 361 1638 transtulit
378 1611 409 1638 de
423 1610 513 1637 (ἔναιεο
525 1611 551 1636 in
566 1609 689 1636 Latinum
709 1608 893 1636 Hexaemeron
908 1609 1005 1635 Basilii

222 1658 406 1684 Cn’uricnsis.
418 1657 524 1689 Quibus
540 1655 705 1683 Possevinus
717 1654 743 1681 in
754 1652 893 1687 Apparatu
902 1655 1002 1682 lueret:

223 1702 297 1735 Quod
321 1710 380 1728 vero
405 1700 553 1735 Sigebertus
577 1700 661 1735 inquit
697 1708 724 1726 m
745 1699 883 1734 Catatogo,
906 1699 1005 1726 Eusta-

223 1749 305 1775 thium
322 1749 348 1774 in
369 1747 492 1774 Latinum
514 1747 683 1774 transtulisse
704 1746 889 1773 Hexaemeron
908 1746 1003 1773 Basilii

222 1794 403 1825 Caesariensis,
421 1784 508 1820 nescio
526 1791 557 1818 de
580 1800 692 1826 quonam
710 1792 791 1818 dicat.
811 1790 1003 1818 Existimabam

222 1836 391 1875 Sigcbertum
401 1840 640 1870 hallucinatuin,et
651 1837 821 1865 Eustathium
831 1838 920 1872 potius
930 1845 1004 1864 com~

222 1887 373 1920 pilatorem,
383 1886 439 1912 sive
447 1885 650 1919 cpitomatorem
662 1883 752 1918 operis
765 1883 892 1910 Basiliani
908 1883 1002 1913 fuisse.

221 1939 275 1958 non
291 1932 474 1966 interpretem.
489 1930 587 1957 Verum
605 1937 619 1956 a
636 1929 770 1956 sententia
785 1928 924 1956 detorsere
937 1928 1004 1956 Cas-

222 1977 348 2005 siodorus
373 1977 419 2004 lib.
446 1977 482 2004 De
507 1976 671 2003 institutione
686 1976 834 2002 divinarum
850 1975 1004 2008 Scriptura—

1052 732 1205 758 mandalam
1232 733 1341 761 asserit.
1360 738 1389 759 ut
1412 742 1480 769 opus
1508 735 1612 762 scilicet
1634 736 1727 762 sancti
1745 735 1844 763 Basilii

1051 777 1171 812 episcopi
1196 777 1290 806 Graeco
1311 787 1436 807 sermone
1450 781 1634 816 conscriptum
1651 783 1845 809 monumentis

1052 823 1149 857 lingua:
1165 823 1276 851 Latialis
1295 824 1436 857 insereret,
1453 832 1468 852 a
1485 826 1637 861 Syncletica
1663 827 1841 858 diaconissa.

1051 870 1094 897 cui
1107 873 1133 897 et
1150 871 1248 905 paruit,
1263 875 1291 898 et
1306 879 1414 906 operam
1430 879 1505 899 suam
1519 872 1633 901 ﬁdeliter
1646 873 1789 901 exhibuit.

1087 916 1200 950 Quidam
1216 918 1474 954 allirmarunthujus
1486 919 1647 955 Syncleticte
1659 919 1841 949 diaconisszc.

1052 962 1086 989 ad
1107 971 1187 997 quam
1210 962 1370 992 Eustathius
1385 972 1464 992 suum
1479 972 1547 999 opus
1562 964 1664 1000 dirigit.
1677 965 1843 992 meminisse

1054 1007 1205 1041 Sedulium,
1228 1010 1375 1045 multisque
1396 1018 1454 1038 eam
1471 1015 1642 1045 prosecutum
1667 1010 1800 1037 laudibus
1817 1011 1842 1037 in

1053 1055 1211 1090 prarl'atione
1233 1056 1322 1090 operis
1349 1056 1498 1083 Paschalis.
1523 1055 1587 1089 Quae
1614 1056 1637 1084 si
1670 1064 1736 1084 vera
1765 1061 1841 1086 sunt.

1054 1100 1224 1129 Eustathiu'n
1246 1102 1419 1137 interpretem
1444 1101 1554 1129 Sedulio
1569 1109 1690 1129 coaevum
1715 1105 1841 1136 tempore

1054 1149 1198 1177 Theodosii
1215 1148 1339 1176 ﬂoruisse
1361 1147 1517 1176 necessario
1531 1147 1667 1175 fatendum
1679 1151 1733 1179 est,
1751 1148 1839 1174 maxi-

1054 1203 1152 1230 meque
1180 1203 1228 1223 eos
1254 1195 1342 1230 decipi
1369 1195 1414 1230 qui
1442 1194 1574 1222 Junilium
1595 1202 1628 1222 eo
1653 1195 1838 1229 antiquiorem

1053 1243 1233 1273 constituunt,
1257 1249 1318 1268 cum
1342 1240 1436 1268 Junilii
1467 1244 1495 1268 et
1523 1240 1625 1268 Sedulii
1642 1244 1770 1275 tempora
1786 1247 1838 1267 nan

1053 1288 1167 1314 multum
1184 1286 1296 1314 distent.

1091 1332 1143 1360 Sed
1165 1334 1198 1360 de
1218 1332 1386 1360 Antiocheno
1400 1335 1510 1359 auctore
1524 1331 1605 1366 hujus
1621 1334 1769 1361 tractatus,
1785 1338 1838 1366 quo

1055 1381 1158 1408 scilicet
1182 1383 1302 1415 tempore
1317 1379 1424 1411 vixerit,
1442 1386 1593 1406 sermonem
1607 1378 1766 1408 instituere,
1777 1385 1836 1404 cum

1054 1430 1222 1462 compertum
1239 1426 1274 1454 sit
1287 1427 1313 1452 in
1329 1426 1454 1457 historia,
1473 1432 1560 1460 operae
1576 1425 1693 1459 pretium
1717 1431 1772 1451 non
1786 1427 1834 1450 est.

1054 1474 1247 1509 Argumentum
1262 1476 1352 1500 tamen
1366 1471 1598 1500 evidentissimum
1617 1471 1690 1498 illius
1704 1470 1795 1498 atatis
1810 1469 1834 1496 in

1054 1519 1105 1546 hoc
1122 1519 1180 1553 ipso
1193 1525 1273 1552 opere
1290 1517 1420 1544 habemus
1437 1524 1496 1551 pag.
1511 1516 1555 1546 85.
1570 1515 1626 1547 ubi,
1646 1523 1709 1542 cum
1735 1513 1769 1541 de
1787 1513 1835 1540 line

1053 1568 1081 1592 ct
1103 1563 1337 1591 consummatione
1352 1562 1433 1597 hujus
1454 1561 1546 1588 mundi
1565 1561 1781 1596 disputationem
1798 1560 1835 1586 in-

1053 1611 1196 1642 stituisset,
1209 1618 1288 1645 quem
1304 1614 1408 1637 tantum
1425 1609 1458 1636 ad
1475 1616 1606 1636 annorum
1623 1616 1670 1635 sex
1685 1608 1773 1634 millia
1787 1607 1834 1634 du-

1053 1661 1176 1684 raturum
1197 1655 1385 1686 contendebat,
1401 1660 1427 1682 et
1444 1659 1597 1681 accuratam
1613 1660 1749 1680 annorum
1770 1660 1832 1679 enu-

1054 1701 1230 1729 merationem
1243 1704 1462 1735 prosequeretur,
1479 1702 1508 1726 ut
1523 1699 1567 1733 qui
1582 1697 1831 1733 praeterierat,qnid

1054 1747 1142 1774 adhuc
1152 1746 1271 1773 futurum
1284 1749 1375 1781 posset
1382 1745 1531 1780 exspectari
1544 1744 1641 1779 legenti
1655 1744 1830 1779 signiﬁcaret,

1053 1801 1132 1820 suum
1148 1796 1303 1826 computum
1315 1791 1347 1818 ad
1367 1791 1534 1818 tricesimum
1548 1798 1648 1817 annum
1663 1790 1831 1817 Constantini

1053 1839 1118 1873 imp.
1133 1838 1288 1874 perductum
1305 1837 1372 1867 linit,
1385 1837 1453 1864 alios
1467 1844 1554 1864 annos
1563 1836 1782 1871 praetermittens.
1797 1835 1832 1862 Si-

1052 1892 1134 1919 gnum
1145 1892 1208 1919 ergo
1220 1883 1283 1910 dum
1295 1883 1351 1910 hac
1361 1883 1403 1910 hic
1416 1887 1510 1910 auctor
1524 1883 1666 1913 scriberet,
1675 1890 1764 1909 annos
1775 1888 1830 1908 tau-

1053 1934 1109 1956 tuin
1119 1933 1273 1957 numeratos
1287 1938 1334 1956 nec
1345 1929 1436 1963 plures
1447 1929 1529 1956 fuisse
1536 1929 1654 1963 elapsos.
1662 1936 1733 1963 quos
1743 1928 1831 1962 utique

1053 1984 1106 2003 non
1124 1977 1271 2009 tacuisset;
1289 1975 1315 2002 id
1331 1975 1402 2002 enim
1418 1979 1476 2002 erat
1490 1975 1561 2002 illius
1577 1975 1746 2002 institutum.
1758 1973 1829 2006 Quod

221 2030 281 2048 rum
294 2030 302 2048 :
319 2022 455 2052 Genescos.
482 2022 581 2056 inquit,
608 2021 737 2055 principia
751 2025 858 2047 sanctus
884 2020 1002 2047 Basilius
1016 2030 1037 2058 ς,
1054 2023 1118 2050 mihi
1135 2023 1202 2050 satis
1217 2029 1352 2057 superque
1366 2027 1417 2054 est,
1432 2022 1454 2048 si
1469 2022 1574 2049 vivente
1583 2020 1765 2048 Constantino
1778 2020 1828 2046 inec

221 2067 309 2093 Attico
323 2074 439 2093 sermone
457 2066 592 2096 luciduvit,
608 2073 683 2100 quem
702 2065 857 2092 Eustathius
868 2066 907 2093 vir
917 2065 1000 2092 diser-

222 2111 338 2137 tissimus
358 2111 395 2137 ita
418 2111 551 2138 transtulit
567 2112 593 2138 in
608 2110 741 2143 Latinum,
758 2116 786 2138 ut
804 2111 935 2146 ingenium
955 2112 1003 2138 do-

220 2157 332 2183 ctissimi
345 2157 394 2183 viri
410 2157 541 2191 [utitndiw
551 2165 606 2183 sure
618 2157 714 2183 uiribus
727 2157 903 2191 tequiparasse
913 2157 1001 2183 vidca-

221 2207 265 2229 tur
276 2211 285 2229 :
298 2204 342 2237 qui
356 2211 436 2238 usque
447 2203 480 2230 ad
495 2203 610 2230 hominis
627 2203 801 2230 conditionem
815 2211 904 2230 novem
920 2202 1001 2230 libros

221 2249 327 2276 tetendit
341 2257 350 2281 ;
373 2254 399 2277 et
412 2250 530 2276 Juuilius
554 2251 699 2285 episcopus
713 2249 869 2281 Africanus,
883 2249 940 2276 sive
953 2256 1002 2283 po~

221 2296 275 2323 tius
303 2295 386 2328 Beda,
409 2303 470 2323 nam
493 2295 610 2323 Iunilius
633 2295 695 2323 Afer
709 2295 851 2322 Eustathio
864 2295 1002 2329 antiquior

220 2340 306 2369 fuisse
319 2342 478 2376 quibusdam
495 2342 569 2369 visus
584 2346 637 2373 est,
653 2343 679 2368 in
692 2341 849 2376 praefatione
864 2340 1001 2368 Commen-

220 2388 283 2414 tarti
308 2388 334 2414 in
359 2386 657 2422 Genes.:l)eprintipio
681 2388 741 2415 libri
764 2387 880 2418 Genesis,
905 2387 932 2413 in
950 2395 1001 2421 quo

220 2434 310 2460 mundi
323 2434 400 2468 hujus
416 2435 515 2461 creatio
529 2434 659 2468 descripta
675 2439 724 2465 est,
740 2434 816 2461 multi
831 2433 914 2460 multa
927 2433 1001 2461 dixe-

219 2480 380 2509 re,etmulta
391 2481 501 2513 posteris
514 2481 609 2516 ingenii
623 2481 664 2507 sui
680 2485 847 2507 monumenta
863 2480 998 2515 reliquere.

219 2524 270 2552 Sed
286 2526 425 2559 prwcipue,
448 2531 574 2560 quantum
600 2532 690 2553 nostra
713 2526 918 2560 pusillanimitas
944 2525 1000 2552 edi-

217 2578 288 2597 scere
306 2572 400 2604 patuit,
423 2572 539 2599 Basilius
553 2572 735 2605 Ca'sariensis,
755 2580 829 2607 quem
845 2572 998 2600 Eustathius

218 2616 345 2650 interpres
368 2616 400 2644 de
418 2617 508 2644 Graeco
529 2618 589 2652 fecit
603 2626 658 2645 esse
673 2617 808 2644 Latinum.
827 2617 998 2645 Manifestum

217 2661 309 2697 itaque
334 2664 505 2691 Lustathium
527 2665 610 2697 hunc,
628 2665 674 2700 qui
700 2665 727 2692 in
750 2665 879 2692 vertendo
898 2664 999 2691 Basilio

219 2707 338 2734 laborem
353 2709 507 2744 insumpsit,
518 2711 600 2736 alium
615 2719 675 2738 esse
688 2711 723 2737 ab
734 2709 876 2737 Eustathio
887 2710 938 2736 hoc
951 2718 997 2736 no-

219 2758 285 2781 stro,
302 2760 362 2780 cum
377 2758 403 2781 et
419 2755 491 2781 illius
506 2756 630 2783 versibus
645 2756 716 2783 edita
737 2756 781 2787 sit,
794 2760 820 2782 et
841 2756 953 2790 ipsemet
970 2755 996 2781 iu

219 2797 376 2831 przelatione
397 2807 453 2827 sua:
479 2801 610 2829 versionis
626 2808 738 2836 scopum
761 2809 850 2834 suum,
865 2805 891 2828 et
910 2801 997 2828 inten—

1053 2069 1250 2101 scribelnantur,
1268 2069 1393 2104 quamvis
1421 2072 1516 2096 auctor
1543 2067 1589 2094 diu
1612 2067 1695 2094 vitam
1721 2067 1827 2094 trahens

1052 2118 1158 2149 tempus
1172 2115 1235 2141 illud
1250 2114 1407 2142 excesserit.

1086 2161 1154 2188 Ibid.
1170 2162 1221 2194 Εὶς
1232 2161 1288 2195 τὴν
1296 2160 1484 2195 Ἐξαήμερον.
1494 2159 1678 2187 Hexaemeron
1691 2158 1776 2186 σι·ωοὶ
1786 2165 1823 2185 vo-

1051 2212 1158 2240 carunt,
1182 2208 1300 2242 spatium
1323 2207 1389 2234 illud
1414 2215 1460 2234 sex
1486 2207 1602 2238 dierum,
1634 2214 1689 2241 quo
1714 2205 1825 2232 mundus

1051 2254 1176 2282 conditus
1205 2259 1232 2281 et
1260 2254 1408 2281 fabricatus
1434 2252 1501 2286 fuit;
1517 2261 1571 2279 non
1605 2252 1677 2287 quod
1703 2251 1824 2286 temporis

1051 2300 1139 2334 spatio
1152 2307 1220 2334 opus
1235 2299 1360 2327 habuerit
1372 2299 1506 2330 conditor,
1518 2298 1588 2326 Deus
1600 2298 1671 2325 enim
1684 2305 1739 2324 non
1751 2298 1822 2332 jussu

1050 2350 1166 2377 tantum,
1182 2346 1228 2373 sed
1242 2349 1269 2373 et
1282 2346 1400 2382 cogitatu
1412 2350 1549 2380 operatur,
1560 2344 1606 2373 sed
1622 2344 1750 2379 quoniam
1762 2351 1821 2378 opus

1050 2396 1108 2419 erat
1123 2400 1167 2420 res
1189 2392 1275 2419 creari
1297 2391 1413 2427 quodam
1426 2391 1521 2418 ordine
1537 2399 1544 2418 :
1561 2391 1650 2418 ordini
1671 2395 1760 2417 autem
1779 2397 1821 2416 nu-

1050 2446 1142 2465 merus
1155 2442 1197 2465 est
1209 2438 1344 2473 proprius.
1361 2437 1438 2464 Philo
1453 2437 1572 2468 Iudaeus,
1594 2436 1631 2464 De
1651 2436 1742 2463 mundi
1753 2436 1820 2470 opili-

1050 2484 1089 2510 cio
1099 2491 1107 2509 :
1117 2483 1165 2515 ’Ἐξ
1174 2484 1195 2510 δ’
1207 2484 1322 2519 ἡμέραις
1337 2483 1566 2519 δημιουργηθῆναι
1579 2491 1644 2518 φησι
1658 2482 1704 2508 τὸν
1719 2482 1818 2516 κόσμον,

1048 2529 1098 2556 οὐκ
1112 2529 1204 2564 ἐπειδὴ
1223 2529 1374 2565 προσεδεῖτο
1395 2529 1496 2564 χρόνων
1518 2529 1621 2564 μήκους
1633 2528 1647 2553 ὁ
1664 2527 1758 2559 ποιῶν,
1771 2527 1818 2561 ἅμα

1049 2574 1103 2610 γὰρ
1117 2575 1182 2610 δρᾷν
1199 2575 1270 2606 εἰκὸς
1292 2575 1367 2606 Θεὸν,
1388 2576 1416 2602 οὐ
1441 2575 1641 2610 προστάττοντα
1658 2575 1747 2610 μόνον,
1762 2574 1818 2601 ἀλλὰ

1049 2620 1095 2646 καὶ
1115 2619 1310 2654 διανοούμενον,
1327 2620 1383 2647 ἀλλ’
1407 2620 1499 2655 ἐπειδὴ
1525 2622 1580 2651 τοῖς
1602 2620 1754 2655 γενομένοις
1774 2620 1817 2646 ἔδει

1048 2665 1159 2698 τάξεως,
1177 2665 1251 2696 τάξει
1271 2665 1298 2691 δὲ
1313 2665 1427 2701 ἀριθμὸς
1442 2667 1538 2692 οἰκεῖον
1549 2686 1556 2697 ,
1578 2669 1605 2693 et
1624 2665 1760 2692 senarium
1774 2673 1815 2692 nu-

1050 2719 1153 2738 merum
1180 2710 1250 2738 inter
1272 2711 1340 2738 alios
1362 2712 1419 2746 lege
1446 2716 1549 2738 natura:
1577 2719 1638 2739 esse
1660 2710 1816 2746 generationi

1051 2756 1220 2790 aptissimum
1235 2757 1328 2784 multis
1343 2758 1457 2792 explitat
1480 2758 1589 2785 ibidem.
1606 2757 1815 2791 Quotiescunque

1051 2801 1132 2836 igitur
1144 2801 1277 2836 quispiam
1294 2801 1326 2828 ad
1340 2802 1492 2830 enarranda
1507 2802 1552 2829 illa
1565 2810 1625 2836 qum
1638 2801 1666 2829 in
1680 2802 1727 2829 illo
1741 2802 1814 2838 spatio
