1903 3068
40 92 89 119 19'!

542 92 575 119 IN
594 91 779 121 EUSTATHII
803 90 1038 120 HEXAEMEBON
1058 91 1173 120 NOTAE.

1616 91 1667 119 798

42 153 144 179 [exerunt
157 148 253 176 divina
267 150 397 178 facultate
410 151 552 186 producta,
566 152 686 180 studium
701 152 825 179 conl'ere-
839 178 841 182 ,

896 152 982 186 ρόνοις
1003 152 1127 187 ἀκμάσαι
1150 151 1221 177 κατὰ
1235 150 1340 183 Ἴναχον
1361 150 1504 186 εἰρήκασιν
1522 150 1615 186 ἄνδρες
1638 151 1668 177 ὲν

42 197 92 227 bat,
113 196 140 222 in
169 195 360 223 Hexaemeron
388 198 508 225 scribere
529 198 682 228 dicebatur.
708 205 824 233 quorum

43 249 142 270 summa
167 245 228 269 toto
255 243 348 276 primo
375 242 513 271 Geneseos
530 244 619 279 capite
641 244 823 275 concluditur,

44 287 115 321 cujus
130 294 162 313 ea
177 287 230 313 fuit
246 288 323 322 apud
340 296 434 316 omnes
462 289 618 319 diilicultas.
635 293 664 316 ut
683 289 760 316 multi
779 296 827 324 ag-

45 333 123 367 gressi
144 333 200 360 sint
224 333 298 360 illud
321 341 399 363 onus.
413 334 503 362 nullus
518 338 608 361 tamen
630 342 678 368 pro
698 334 829 369 dignitate

45 377 225 412 compleverit,
240 378 314 405 adeo
326 379 416 405 omnia
435 384 499 406 suut
506 378 696 406 difﬁcultatum
708 379 829 406 tenebris

45 424 176 450 obvoluta.
192 422 366 459 Theophilus
380 424 565 452 Antioeheuus
582 425 629 451 lib.
647 432 678 456 ιι,
697 423 730 450 ad
747 425 830 450 Autu-

46 470 124 504 lycum
139 477 149 496 :
162 469 219 504 Τῆς
249 469 304 504 μὲν
323 467 370 496 οὖν
385 469 567 504 Ἐξαιημέρου
583 470 668 501 οὐδεὶς
682 469 831 505 ἀνθρώπων

46 515 148 546 δυνατὸς
159 515 232 542 κατὰ
249 515 331 548 ἀξίαν
346 515 395 550 τὴν
410 515 541 551 ἐξήγησιν
555 515 602 542 καὶ
614 515 663 551 τὴν
678 516 832 550 οἰκονομίαν

48 561 128 586 πᾶσαν
143 560 277 592 ἐξειπεῖν,
295 561 354 587 οὐδὲ
366 562 390 587 εὶ
403 561 486 597 μυρία
501 560 622 596 στόματα
636 561 701 596 ἔχοι,
720 561 767 587 καὶ
785 569 833 596 μυ-

50 607 102 642 ρίας
124 606 265 640 γλώσσας,
282 607 339 634 ἀλλ’
353 607 413 633 οὐδὲ
428 607 450 633 εἰ
467 607 573 642 μυρίοις
588 606 660 633 ἔτεσι
676 606 768 642 βιώσοι
791 615 833 638 τις

49 651 179 687 ἐπιδημῶν
206 653 238 678 ὲν
257 652 327 688 τῷδε
343 652 383 688 τῷ
403 653 461 688 βίῳ,
477 652 538 679 οὐδὲ
552 652 637 684 οὕτως
652 652 728 678 ἔσται
744 651 834 684 ἱκανὸς

49 697 108 732 πρὸς
119 697 207 723 ταῦτα
224 697 313 730 ἀξίως
324 707 350 724 τι
363 700 460 729 εἰπεῖν,
472 699 515 725 διὰ
529 698 560 725 τὸ
576 698 744 734 ὑπερϐάλλον
759 698 835 733 μέγε-

49 743 88 774 θος
101 743 145 769 καὶ
161 743 208 769 τὸν
237 743 355 770 πλοῦτον
371 744 421 779 τῆς
433 744 528 778 σοφίας
543 743 589 770 τοῦ
601 744 678 776 Θεοῦ,
694 743 742 778 τῆς
754 743 836 778 οὔσης

51 789 76 814 ἐν
89 789 170 824 ταύτῃ
187 790 221 824 τῇ
236 791 474 826 προγεγραμμένῃ
494 791 668 825 Ἐξαημέρῳ·
683 790 774 817 ’πολλοὶ¹
789 791 836 826 μὲν

875 196 1016 223 παιδεύσει
1030 196 1175 230 γνώριμοι,
1203 195 1328 229 Κλήμης,
1349 194 1521 230 Ἀφρικανὸς,
1536 195 1667 226 Τατιανὺς

875 242 922 267 τοῦ
940 241 1000 267 καθ’
1016 241 1089 276 ἡμᾶς
1100 240 1190 274 λόγου,
1208 239 1263 266 τῶν
1275 248 1305 265 τε
1322 239 1354 265 ἐκ
1365 239 1664 275 περιτομῆςἹώσ-ηπος,

876 287 924 313 καὶ
943 287 1069 318 Ἰοῦστος,
1089 286 1160 317 ἰδίως
1176 285 1286 311 ἕκαστοι
1296 283 1344 320 τὴν
1355 283 1491 316 ἀπόδειξιν
1503 285 1534 310 ὲκ
1546 285 1666 316 παλαιᾶς

878 333 1041 368 ὑποσχόντες
1065 332 1194 368 ἱστορίας.
1212 331 1316 365 Ἴναχον
1338 330 1366 355 δὲ
1378 329 1432 356 τῶν
1455 330 1574 357 Ἰλιακῶν
1592 330 1670 365 ἐστη-

879 387 929 406 σαν
950 379 1124 409 ἑπτακοσίοις
1147 376 1319 413 πρεσϐεύειν.
1337 375 1438 402 llorum
1454 376 1598 403 verborum
1613 378 1669 410 pri-

880 432 951 452 mam
972 428 1074 459 partem
1090 423 1182 450 omisit
1203 422 1372 453 Eustathius,
1386 420 1533 449 secundam
1548 422 1590 448 sui
1612 427 1670 448 tra-

881 473 971 496 ctatus
987 469 1096 495 initium
1113 475 1175 495 esse
1190 467 1285 497 voluit,
1298 466 1413 502 Κλήμης
1426 466 1474 501 μὲν
1491 463 1546 497 οὖν,
1562 474 1616 501 qua
1628 465 1671 494 vel

882 523 936 542 una
962 513 1105 549 particula,
1128 513 1180 540 etsi
1205 512 1341 539 sententia
1371 511 1398 538 in
1427 511 1542 545 reliquis
1565 511 1601 538 sit
1619 511 1671 538 sibi

883 563 1013 586 constans
1032 564 1059 585 et.
1074 557 1288 587 absolutissima,
1304 556 1423 584 libellum
1445 556 1518 583 hunc
1537 557 1672 592 principio

883 604 1010 631 mutilum
1032 610 1093 630 esse
1103 602 1240 629 dictitant.
1258 601 1306 628 Est
1325 601 1410 632 enim,
1433 601 1570 636 inquiunt,
1591 602 1673 628 colle-

884 651 954 679 ctiva
977 654 1005 678 et
1031 649 1194 681 rationalis,
1221 649 1434 683 necessarioque
1452 649 1503 675 alia
1519 656 1674 683 praesuppo—

886 697 935 730 nit,
945 695 977 724 ex
988 696 1087 731 quibus
1095 694 1197 722 dictum
1205 694 1271 722 illud
1285 694 1400 721 infertur
1417 702 1423 720 :
1435 694 1557 729 adeoque
1574 695 1627 722 illis
1639 695 1674 722 ab

886 743 931 770 illa
947 742 1110 777 principium
1126 741 1256 768 orationis
1270 740 1370 768 ducere
1385 748 1490 768 summa
1510 742 1605 776 religio
1621 746 1672 768 cst.

888 788 987 816 Verum
1001 788 1048 823 qui
1061 787 1208 822 gratiarum
1220 785 1371 813 Atticarum
1387 794 1440 813 non
1453 786 1578 822 ignarus.
1593 788 1674 815 lasci—

51 833 90 860 οὖν
101 835 151 861 τῶν
167 836 354 871 συγγραφέων
371 837 550 872 ἐμιμήσαντο,
564 837 610 863 καὶ
624 836 759 872 1ὴθέλησαν
773 836 837 872 περὶ

894 835 994 862 vientes
1023 834 1166 860 verborum
1188 832 1324 866 modulos,
1347 840 1486 867 novosque
1509 833 1536 860 in
1553 835 1675 862 oratione

51 880 143 906 τούτων
158 881 291 916 διήγησιν
312 882 487 916 ποιήσασθαι,
501 883 589 909 καίτοι
606 883 732 914 λαῦόντες
748 883 838 909 ἐντεῦ-

54 927 93 952 θεν
105 927 153 958 τὰς
169 928 312 963 ἀφορμὰς,
326 928 384 964 ἢτοι
402 929 466 964 περὶ
481 929 582 964 κόσμου
602 930 728 961 κτίσεως,
741 929 757 964 ἢ
777 929 839 963 περὶ

55 971 150 1005 φύσεως
167 972 327 1008 ἀνθρώπου,
342 974 390 1000 καὶ
402 974 461 1000 οὐδὲ
474 973 505 1000 τὸ
518 974 599 1009 τυχὸν
620 974 742 1009 ἕναυσμα
767 974 840 1007 ἄξιόν

55 1025 77 1042 τι
88 1016 134 1051 τῆς
154 1017 288 1052 ἀληθείας
308 1017 423 1050 ἐξεῖπον.
440 1019 558 1053 ideoque
582 1019 684 1048 Iudaeis
705 1020 840 1054 prohibita

56 1062 108 1096 eius
131 1063 212 1090 lectio
242 1068 309 1091 ante
332 1065 500 1092 tricesimum
526 1073 639 1094 annum.
660 1066 841 1102 Hieronymus

57 1107 154 1144 Prolog.
181 1109 421 1141 idEzechialem.
440 1115 467 1138 et
491 1110 647 1138 Ludovicus
675 1111 776 1139 Fidelis
802 1111 841 1138 De

58 1157 180 1180 structura
195 1155 302 1187 mundi,
316 1155 344 1182 in
359 1157 479 1190 prologo,
493 1156 520 1182 in
532 1163 587 1190 quo
601 1160 629 1182 et
644 1155 840 1187 dillicultatem.

59 1202 82 1224 et
95 1198 172 1232 hujus
188 1200 292 1234 capitis
305 1201 433 1235 ambages
449 1202 485 1228 ita
499 1201 634 1237 expressit
651 1209 658 1227 :
674 1201 748 1227 Hanc
760 1200 842 1228 divini

63 1245 122 1271 ratis
147 1245 283 1277 Genesim,
316 1255 362 1274 seu
390 1247 497 1282 hujusce
520 1248 682 1283 pra’grandis
703 1247 843 1274 mandante

61 1290 132 1318 malvis
162 1299 209 1321 sea:
230 1293 324 1319 diebus
349 1293 507 1328 descriptam
528 1298 689 1320 strusturam
704 1293 782 1320 veluti
795 1294 843 1320 sil-

61 1345 110 1364 vam
122 1339 265 1372 quamdam
279 1349 399 1374 opacant,
413 1341 521 1367 densam
545 1349 575 1368 ac
596 1341 768 1372 tenebrosam,
782 1341 844 1367 hor-

63 1383 138 1410 ridam
153 1393 273 1416 accessu,
290 1386 422 1421 difﬁcilem
447 1387 533 1418 aditu,
555 1392 579 1414 et
598 1388 684 1414 instar
700 1387 843 1423 labyrinthi

62 1428 206 1464 ambagibus
228 1431 347 1464 plenam.
361 1436 385 1458 et
407 1433 489 1459 maris
514 1433 658 1460 vastissimi
675 1433 788 1467 scopulis
801 1441 842 1460 re—

63 1472 234 1507 fertiuimam,
257 1485 360 1511 semper
378 1477 508 1512 judicavi.
524 1478 639 1514 Ingenne
666 1479 761 1513 fateor.
779 1487 843 1505 can-

64 1518 118 1545 dide
141 1520 231 1552 lector,
250 1531 294 1549 me
316 1524 343 1549 in
364 1528 420 1550 tota
435 1523 573 1558 Scriptura
593 1533 669 1552 sacra
696 1525 745 1551 hac
768 1533 844 1551 mun-

65 1564 134 1592 dana:
154 1568 231 1594 malis
256 1568 433 1603 descriptione
457 1570 522 1597 nihil
549 1571 676 1598 invenisse
702 1570 844 1605 diﬁicilius,

66 1610 214 1646 abstrusius,
239 1619 319 1650 atque
345 1616 483 1649 occultius,
506 1617 545 1644 ita
560 1622 589 1643 ut
617 1618 709 1644 mirari
736 1625 843 1648 cessem,

67 1658 200 1692 antiquitus
232 1667 298 1688 ante
329 1663 489 1689 tricesimum
513 1671 611 1690 annum
634 1663 700 1690 hanc
723 1662 844 1690 Genesim

68 1701 140 1737 legere
168 1713 218 1732 non
248 1706 366 1734 licuisse.
382 1707 464 1742 Cujus
493 1709 638 1744 ingressuri:
666 1709 795 1739 tetricum,
815 1716 846 1735 ac

67 1751 266 1780 prosecutionem
293 1757 346 1778 tam
369 1753 492 1783 arduam.
515 1758 552 1779 tot
572 1754 700 1788 tantisque
716 1753 844 1788 vepribus,

69 1795 202 1827 cuniculis,
218 1798 364 1825 ma'andris
380 1807 411 1825 ac
428 1799 609 1834 di/ficultatum
626 1800 724 1826 acerris
743 1804 846 1826 scaten-

70 1842 112 1865 tem
131 1841 224 1874 inveni,
239 1848 270 1869 ut
289 1852 341 1870 una
356 1853 407 1871 non
418 1845 506 1876 modo,
525 1851 603 1880 atque
616 1846 702 1872 altera
718 1846 780 1877 vice,
801 1844 846 1872 sed

71 1888 104 1910 ter
113 1891 251 1921 quaterque
265 1896 281 1914 a
293 1889 396 1916 calamo
417 1889 572 1921 destiterim,
589 1891 625 1917 rei
643 1891 738 1917 ueritus
754 1890 846 1917 ardui-

72 1933 152 1962 tatem,
167 1937 190 1958 et
204 1934 395 1968 emergentibus
409 1934 578 1969 undequaque
592 1936 699 1963 obrutus
714 1936 845 1970 ambigui-

71 1976 169 2003 tatibus.
185 1979 238 2006 Nec
258 1980 404 2011 immerito,
419 1987 480 2006 cum
496 1979 590 2007 Jobius
603 1982 753 2008 monachus
775 1981 846 2016 apud

73 2018 186 2049 Photium
197 2024 224 2050 in
236 2025 400 2051 Bibliotheca
411 2025 500 2052 tradat
514 2033 588 2059 opus
598 2026 650 2053 hoc
667 2034 713 2054 sex
728 2027 844 2058 dierum.

73 2067 161 2099 quibus
175 2071 269 2098 mundi
286 2072 388 2098 creatio
404 2071 520 2106 perfecta
535 2076 586 2102 est.
599 2080 648 2099 sua
661 2072 847 2108 magnitudine

74 2119 100 2138 ac
120 2115 317 2148 pulchritudine
346 2117 484 2145 Creatoris
503 2125 564 2145 esse
591 2118 745 2153 imaginem,
765 2123 792 2145 et
811 2118 845 2146 ad

889 881 961 909 sales
987 887 1042 907 non
1069 880 1208 910 abhorret,
1222 879 1351 906 fatebitur
1375 878 1403 905 id
1426 879 1535 913 quidem
1551 880 1609 907 sine
1621 880 1675 907 ulla

889 927 1110 962 reprehensionis
1124 930 1188 953 nota
1204 926 1260 953 licri
1272 925 1453 960 posse,idque
1467 927 1601 954 sermonis
1615 934 1676 954 esse

890 973 1054 1008 principium
1066 980 1120 999 non
1142 972 1356 1000 incommodum.
1372 971 1426 999 Nec
1442 971 1540 999 desunt
1551 974 1675 1007 exempla

890 1019 961 1053 apud
977 1018 1136 1051 l'limerium,
1159 1019 1318 1053 Gregorium
1332 1017 1531 1046 Natianzenuin
1549 1022 1576 1045 et
1595 1019 1674 1046 alios.

891 1064 975 1093 Porro
985 1065 1150 1093 Clementem
1163 1065 1282 1101 Cyrillus
1297 1064 1496 1092 Alexandrinus
1509 1064 1591 1100 ἄνδρα
1603 1065 1676 1091 ὲλλό-

890 1119 970 1145 γιμον
982 1110 1028 1137 καὶ
1043 1109 1203 1146 πολυΐστορα
1213 1114 1310 1144 vocat;
1325 1113 1352 1136 et
1365 1116 1460 1137 rursus
1476 1111 1559 1147 ἄνδρα
1573 1109 1677 1143 ἐλλόγι-

892 1164 952 1191 μον,
969 1155 1015 1182 καὶ
1040 1155 1187 1191 φιλομαθῆ,
1205 1156 1251 1182 καὶ
1275 1156 1495 1191 ἀναγνωσμάτων
1515 1155 1677 1191 Ἑλληνικῶν

891 1201 1191 1237 πολυπραγμονήσαντα
1207 1201 1287 1237 βάθος
1305 1201 1342 1233 ὡς
1360 1201 1444 1236 ὀλίγοι
1459 1202 1530 1237 τάχα
1550 1209 1599 1228 που
1625 1201 1678 1227 τῶν

891 1249 945 1284 πρὸ
956 1248 1048 1275 αὑτοῦ.
1064 1247 1147 1275 Plura
1165 1248 1199 1275 de
1217 1247 1366 1280 Clemente,
1387 1252 1414 1275 et
1428 1248 1488 1283 ejus
1502 1247 1612 1282 scriptis
1625 1247 1679 1273 Eu-

891 1294 984 1322 sebius
999 1294 1036 1321 De
1064 1294 1256 1328 praeparatione
1272 1295 1430 1329 evangelica,
1458 1294 1505 1321 lib.
1526 1301 1566 1326 ll',
1586 1292 1679 1319 Eccle-

891 1341 968 1368 siast.
986 1340 1091 1373 histor.,
1107 1340 1155 1368 lib.
1182 1348 1223 1371 ill.
1239 1348 1299 1375 cap.
1317 1341 1359 1373 il,
1373 1345 1399 1367 et
1420 1341 1466 1368 lib.
1482 1349 1518 1371 vn.
1537 1349 1598 1375 cap.
1611 1341 1627 1368 5
1653 1345 1681 1367 et

892 1393 952 1422 cap.
969 1387 998 1414 11
1011 1395 1019 1420 ;
1031 1386 1212 1421 Hieronymus
1234 1386 1261 1413 iu
1276 1386 1402 1421 Catalogo
1420 1387 1680 1421 script.ecclesiast.;

893 1432 1073 1460 Cassiodorus
1094 1432 1141 1460 lib.
1169 1440 1176 1459 l
1208 1431 1301 1459 Divin.
1322 1433 1541 1464 institutionum;
1564 1432 1679 1468 Epipha-

895 1479 957 1506 nius
982 1479 1076 1507 liatresi
1104 1479 1149 1512 52,
1179 1479 1280 1506 Contra
1304 1478 1495 1510 Secundianos,
1525 1478 1571 1513 qui
1600 1479 1682 1506 refert

895 1525 1028 1560 quosdam
1054 1525 1278 1557 Alexandrinum,
1295 1525 1363 1552 alios
1381 1525 1574 1552 Atheniensem
1598 1525 1682 1552 tuisse

895 1572 1057 1604 tradidisse;
1084 1572 1198 1599 Pliotius
1223 1572 1250 1599 in
1273 1571 1453 1603 Bibliotheca;
1469 1572 1638 1607 Nicepliorus
1654 1573 1680 1598 iu

896 1617 968 1645 Hist.
984 1618 1079 1649 lib.iv,
1092 1625 1152 1653 cap.
1165 1618 1209 1651 53,
1225 1622 1252 1645 et
1264 1618 1326 1650 alii;
1340 1617 1457 1654 Moysen]
1474 1625 1536 1645 vero
1555 1618 1682 1645 omnibus

895 1663 1006 1692 Graecia:
1020 1664 1188 1699 sapientibus
1203 1663 1385 1698 antiquiorem
1403 1668 1430 1692 et
1454 1663 1544 1691 lnachi
1561 1671 1681 1691 coaevum

896 1709 980 1737 fuisse
1009 1709 1178 1736 demonstrat
1201 1709 1270 1736 libro
1301 1717 1413 1737 suorum
1436 1710 1637 1743 Stromatumi,
1653 1710 1681 1737 iu

895 1762 949 1790 quo
971 1758 998 1782 et
1017 1754 1141 1782 Cassiani
1157 1754 1298 1788 cujusdam
1311 1755 1516 1790 Χρονογραφίας
1533 1755 1656 1782 meminit
1671 1764 1679 1782 :

894 1808 1003 1828 necnon
1032 1804 1059 1828 et
1080 1800 1114 1827 de
1123 1800 1224 1827 Juda-is
1237 1800 1421 1828 Aristobulum
1436 1801 1579 1836 quemdam
1594 1805 1621 1827 et
1635 1799 1683 1828 De-

896 1846 1035 1878 metrium,
1050 1849 1077 1873 et
1089 1846 1265 1880 Eupolemum
1276 1847 1425 1880 scriptores
1446 1846 1577 1873 adversus
1587 1851 1681 1881 gentes

896 1891 1047 1926 referl,qui
1068 1892 1094 1918 in
1115 1892 1318 1919 similitudinem
1330 1891 1443 1926 Josephi
1467 1892 1679 1927 ’Δρχαιογονίας,

896 1936 997 1972 Moysis
1009 1936 1161 1964 etJudaicte
1171 1937 1259 1972 gentis
1270 1937 1459 1972 antiquitatem
1471 1941 1679 1964 asseverarunt:

897 1983 920 2010 is
935 1982 1005 2009 inter
1019 1982 1221 2009 caeteraliabct:
1232 1983 1332 2009 Ἀπίων
1344 1982 1432 2009 τοίνυν
1448 1982 1462 2008 ὁ
1477 1982 1679 2017 γραμματικὸς,

895 2029 911 2056 ὁ
923 2028 1109 2063 πλειστονίκης
1123 2028 1279 2063 ἐπικληθεὶς
1299 2029 1327 2054 ὲν
1345 2029 1377 2063 τῇ
1398 2028 1514 2063 τετάρτῃ
1526 2027 1579 2054 τῶν
1593 2026 1682 2062 Αἰγυ-

897 2074 1031 2105 πτιακῶν
1054 2074 1201 2109 ἱστοριῶν,
1229 2074 1318 2101 καίτοι
1347 2073 1588 2109 φιλαπεχθημένως
1618 2073 1684 2109 πρὸς

903 2121 1043 2157 Ἐϐραίους
1065 2121 1245 2156 διακείμενος,
1261 2120 1309 2148 ἅτε
1334 2121 1481 2155 Αἰγύπτιος
1502 2120 1530 2146 τὺ
1547 2120 1632 2154 γένος,
1646 2120 1684 2150 ὡς

74 2162 336 2193 mysteriiTrinitatis
351 2165 533 2198 cognitionem
548 2164 665 2191 maxime
681 2164 841 2198 conducere,

900 2167 946 2194 καὶ
964 2167 1034 2193 κατὰ
1055 2166 1187 2193 Ἰουδαίων
1209 2166 1337 2199 συντάξαι
1355 2166 1465 2201 βιϐλίον,
1486 2166 1618 2200 ’Λμώσιος
1637 2166 1683 2192 τοῦ

74 2207 96 2228 Pl
111 2212 154 2238 per
172 2206 241 2235 hanc
264 2209 442 2241 materialem,
460 2213 540 2244 atque
554 2210 732 2245 compositam
751 2211 846 2246 cogni-

76 2249 177 2284 tionem,
200 2256 334 2290 simplicis
356 2259 437 2290 atque
459 2257 646 2292 incomposita?
661 2262 766 2285 naturae
780 2259 846 2286 sub-

76 2297 223 2332 Slantieque
255 2301 378 2327 notitiam
408 2301 546 2333 advenire,
563 2303 642 2337 idque
666 2310 751 2330 sacra:
774 2302 847 2330 Scri-

79 2343 155 2372 Plllra:
170 2347 334 2374 testimoniis
345 2347 498 2374 conﬁrmat.
517 2349 591 2375 Multi
611 2354 700 2376 tamen
716 2356 769 2375 non
787 2353 848 2376 tan-

79 2388 128 2413 lum
148 2397 179 2416 ex
201 2393 402 2426 antiquioribus
413 2394 580 2428 provinciam
606 2394 676 2422 hanc
694 2395 846 2428 subierunt,

79 2431 120 2458 sed
133 2442 162 2461 ex
182 2439 377 2467 recentioribus
390 2439 527 2468 Viuentius
547 2441 729 2469 Belluacensis
741 2442 849 2477 episco-

80 2483 124 2522 pus
133 2483 217 2509 omnia
232 2484 333 2519 ingenti
344 2486 491 2518 volumine,
502 2487 612 2520 triginta
625 2488 731 2516 duobus
743 2490 848 2522 magnis

82 2521 149 2593 lilbris
168 2526 264 2562 diviso,
283 2531 334 2558 sub
360 2530 466 2565 Speculi
488 2533 619 2560 naturalis
636 2534 745 2561 nomine
772 2541 847 2562 com-

82 2574 95 2593 D
105 2576 164 2593 exn:
177 2578 216 2593 net
348 2590 354 2593 .

81 2574 164 2600 Plexus
177 2578 226 2601 est.

111 2614 164 2644 Col.
185 2619 306 2652 708.|in.
325 2622 350 2649 l.
377 2624 502 2658 Κλήμης
519 2625 578 2659 μὲν
590 2623 656 2653 οὖν.
672 2625 806 2653 Eusebius
822 2626 849 2652 in

82 2657 209 2711 Chronico,
217 2668 334 2696 Μωῦσέα
347 2669 422 2702 γένος
430 2657 554 2705 Ἐϐραίον
567 2672 712 2707 προφητῶν
724 2672 850 2698 ἁπάντων

83 2711 177 2756 xeo-nm
193 2711 262 2747 ἀμφὶ
274 2714 320 2739 τοῦ
337 2715 462 2750 Σωτῆρος
477 2716 566 2751 ἡμῶν,
584 2716 656 2751 λέγω
671 2717 699 2743 δὲ
715 2717 761 2743 τοῦ
783 2717 850 2751 Χρι-

83 2755 148 2783 στθῧν
163 2755 228 2792 ἀμφί
254 2767 283 2784 τε
311 2761 359 2795 τῆς
373 2760 427 2787 τῶν
447 2761 530 2787 ἐθνῶν
546 2762 579 2788 δι’
595 2762 676 2788 αὑτὸν
689 2762 851 2796 θεογνωσίας

84 2801 208 2834 1971"”th
224 2805 270 2832 καὶ
282 2805 358 2839 λόγια
374 2806 432 2842 θείᾳ
451 2807 470 2833 Γ
472 2809 543 2844 ραφῇ
563 2809 779 2844 παραδεδωκότα,
795 2809 850 2838 τοῖς

896 2213 1051 2247 Αἰγυπτίων
1066 2212 1196 2248 βασιλέως
1209 2212 1392 2248 μεμνημένος,
1403 2213 1449 2238 καὶ
1464 2212 1516 2238 τῶν
1531 2212 1590 2239 κατ’
1603 2211 1683 2238 αὐτὸν

897 2258 1031 2295 πράξεων,
1042 2258 1166 2294 μάρτυρα
1173 2257 1366 2295 παρατίθεσθαι
1381 2257 1544 2292 Πτολεμαῖον
1556 2257 1601 2283 τὸν
1612 2257 1684 2283 Μεν-

897 2304 996 2340 δήσιον,
1024 2305 1070 2331 καὶ
1097 2304 1132 2331 τὰ
1153 2304 1204 2339 τῆς
1228 2303 1325 2335 λέξεως
1348 2303 1430 2330 αὐτοῦ
1456 2300 1507 2330 ὦδε
1529 2303 1594 2338 ἔχει·
1609 2303 1682 2329 Κατ-

897 2349 999 2383 έσκαψε
1013 2349 1041 2375 δὲ
1055 2348 1104 2383 τὴν
1122 2348 1246 2384 ’Δθυριαν
1259 2349 1390 2383 Ἀμωσις,
1413 2348 1483 2374 κατὰ
1499 2347 1543 2375 τὸν
1564 2348 1684 2383 Ἀργεῖον

898 2395 1042 2430 γενόμενος
1065 2396 1179 2430 Ἴναχον,
1202 2394 1238 2426 ὡς
1256 2396 1285 2421 ὲν
1308 2395 1363 2425 τοῖς
1387 2394 1491 2429 χρόνοις
1503 2393 1655 2429 ἀνέγραψεν
1670 2395 1684 2420 ό

898 2441 1046 2476 Μενδήσιος
1071 2441 1245 2475 Πτολεμαῖος.
1267 2440 1295 2466 Ὀ
1316 2439 1344 2465 δὲ
1367 2438 1531 2474 Πτολεμαῖος
1552 2437 1628 2470 οὗτος
1648 2440 1685 2465 ιε-

900 2487 962 2523 ρεὺς
977 2487 1025 2522 μὲν
1040 2484 1073 2521 ἦν
1083 2495 1089 2501 ·
1102 2486 1150 2518 τὰς
1160 2486 1188 2513 δὲ
1201 2485 1255 2512 τῶν
1266 2485 1419 2519 Αἰγυπτίων
1431 2484 1560 2519 βασιλέων
1572 2485 1683 2519 πράξεις

899 2534 927 2558 ὲν
935 2532 1021 2567 τρισὶν
1030 2532 1102 2563 ὅλαις
1110 2532 1252 2567 ἐκθέμενος
1263 2531 1373 2566 βίϐλοις,
1385 2530 1455 2557 κατὰ
1462 2530 1582 2565 ’Ἄμωσιν
1591 2538 1681 2565 φησιν,

899 2578 1036 2611 Αἰγύπτου
1068 2577 1189 2612 βασιλέα,
1212 2577 1349 2607 Μωωέως
1372 2575 1521 2612 ἡγουμένου
1545 2575 1682 2610 γεγονέναι

906 2622 1042 2654 Ἰουδαίοις
1052 2623 1101 2657 τὴν
1116 2622 1146 2654 ἐξ
1157 2622 1294 2657 Αἰγύπτου
1310 2622 1430 2657 πορείαψ
1446 2621 1475 2654 ἐξ
1492 2617 1528 2648 ὧν
1545 2620 1683 2647 ωνῶπται

901 2668 971 2695 κατὰ
988 2668 1092 2702 Ἴναχον
1115 2668 1268 2702 ἠκμακέναι
1287 2667 1332 2695 τὸν
1351 2667 1461 2694 Mmoria.
1477 2666 1597 2694 Firmum
1624 2674 1684 2700 pro-

901 2714 973 2742 fecto
986 2717 1174 2748 argumentum
1189 2714 1222 2741 ad
1238 2714 1454 2748 probandum,et
1469 2720 1500 2740 ex
1516 2713 1576 2747 ipso
1590 2712 1683 2739 adver-

900 2760 973 2789 sario
997 2760 1118 2787 ductum.
1142 2760 1250 2787 Amosis
1286 2763 1406 2794 tempore
1438 2759 1529 2786 lnachi
1559 2759 1683 2792 vivebat;

901 2806 1008 2843 Moyses
1030 2810 1151 2842 tempore
1177 2805 1323 2834 Amosidis.
1339 2804 1405 2838 Quis
1423 2805 1475 2833 nisi
1498 2804 1611 2833 demens
1625 2804 1685 2833 lna-
