1903 3068
28 96 71 124 801

534 97 569 124 ΙΝ
589 96 775 126 EUSTATHH
794 97 1032 125 HEXAEMERON
1049 97 1164 127 NOTAE.

1605 103 1658 131 ιω

28 153 100 181 testis
114 155 158 179 est
179 157 287 187 praeter
307 153 376 180 alios
396 151 574 189 Epiphanius.
599 153 693 190 Neque
716 154 816 182 mirum
831 158 855 186 Λ
868 154 948 182 detur
961 162 1034 187 esse,
1058 155 1080 182 si
1097 163 1185 190 pauca
1205 157 1239 184 de
1255 165 1288 185 eo
1307 157 1469 192 edisseram,
1486 161 1516 185 ut
1536 161 1655 188 maxima

27 199 106 226 videri
124 199 208 226 debet
227 207 314 226 unum
326 204 354 227 et
362 200 489 228 eumdem
503 205 655 233 auctorem,
670 201 751 228 modo
763 201 815 229 As-

27 245 136 281 syrium,
157 245 243 272 modo
267 244 366 280 Syrum
383 247 546 280 nuncupari.
563 245 631 272 Nam
646 246 759 282 Assyria
787 249 815 273 et

28 291 99 327 Syria
123 296 219 326 partes
245 290 321 319 Asia:
348 291 415 319 adeo
433 292 504 319 inter
524 300 553 320 se
577 295 642 319 sunt
666 292 763 319 vicina).
785 295 815 318 ut

28 345 92 372 saepe
111 336 334 369 confundantur,
355 338 428 365 unde
449 337 612 370 Herodotus,
637 338 682 365 lib.
705 346 742 365 vn
760 347 766 365 :
783 337 814 365 Οἳ

28 383 73 409 ὑπὸ
90 381 226 417 Ἑλλήνων
245 382 389 409 ἐκαλέοντο
412 383 512 418 Σύριοι,
529 383 581 410 ὑπὸ
598 383 652 410 τῶν
671 383 815 419 βαρϐάρων

33 427 162 464 Ἀσσύριοι
179 427 351 463 ἐκλήθησαν,
379 436 459 463 quem
490 429 579 456 locum
605 429 696 456 laudat
721 428 816 456 Eusta-

28 475 93 501 thius
103 474 129 500 in
140 473 303 509 Dionysium
314 482 324 500 :
338 475 397 501 ’Ότι
412 474 440 500 δὲ
456 474 530 501 ἄλλοι
541 474 690 517 παρὲιτοὺς
703 475 815 510 Συρίους

28 521 48 547 οι
66 519 212 555 Ἀσσύριοι,
236 520 316 555 δηλοῖ
338 521 384 547 καὶ
406 520 529 555 Ξενοφῶν
551 522 578 547 ὲν
602 523 657 553 τοῖς
678 521 814 554 Ἐλληνι-

29 566 93 599 κοῐς.
114 565 263 602 Ἡρόδοτος
276 566 304 593 δὲ
316 566 389 593 δοκεῖ
405 566 480 601 ἄγειν
494 567 593 599 αὐτοὺς
613 568 653 599 εὶς
672 567 769 594 ταύτὸν
786 567 815 593 ὲν

29 610 62 645 οἷς
77 621 167 648 φησιν,
180 614 224 640 ὅτι
249 613 398 649 Ἀσσύριοι,
410 619 475 644 elc.,
487 618 514 641 et
527 613 652 641 Justinus
670 613 718 640 lib.
736 620 756 644 I,
768 613 814 647 qui

29 667 41 686 ιι
62 660 181 687 barbaris
199 659 320 695 Assyrii,
336 668 350 686 a
373 660 475 687 Graecis
495 660 567 695 Syri,
589 664 616 687 et
638 663 666 686 ut
691 660 815 687 scribunt

30 705 119 737 Acron,
141 709 170 732 et
192 705 368 741 Porphyrius
395 713 477 741 super
505 705 557 733 οι.
585 705 620 732 l2
646 705 765 738 Horatii,
787 710 814 733 et

29 752 178 779 Ammianus
195 751 375 779 Marcellinus
391 752 437 778 lib.
458 759 538 783 mu,
560 751 626 783 Quae
640 759 708 778 nunc
724 751 813 786 Syria,

31 798 85 825 olim
97 798 207 833 Assyria
225 798 382 825 vocabatur.
398 797 520 833 Hyginus
537 797 625 824 fabula
641 797 706 830 9.75,
727 796 812 824 Semi.

865 200 1021 233 dilIicultas,
1037 209 1097 236 qua:
1120 202 1192 230 inter
1204 207 1330 231 auctores
1345 204 1456 231 maximi
1478 204 1598 233 nominis
1613 210 1656 234 est

865 247 987 274 tollatur.
1000 246 1029 274 In
1042 247 1210 275 Bibliotheca
1224 248 1332 276 Patrum
1344 249 1409 276 editi
1421 251 1574 278 suntlibclli
1588 251 1654 284 duo,

865 301 937 320 unus
953 293 1143 327 inscriptione,
1159 293 1316 320 Sanctorum
1326 299 1439 329 quatuor
1448 294 1653 330 Euangeliorum

864 341 1004 367 harmonia
1017 341 1130 368 Tatiano
1142 341 1324 368 Alexandrina
1342 346 1459 374 auctore;
1471 342 1550 374 alter,
1566 341 1654 369 Evan-

864 385 992 420 geliurnm
1019 389 1133 420 quatuor
1155 386 1274 412 narratio
1298 386 1436 412 Ammonio
1460 386 1653 418 Alexandrino,

865 434 918 458 etc.
938 430 1113 457 Harmoniam
1131 430 1226 458 Victor
1244 431 1391 466 Capuanus
1413 432 1578 465 coniecturis
1591 432 1653 467 qui-

865 477 979 504 busdam
1003 477 1098 504 tribuit
1129 476 1253 508 Tatiano,
1278 482 1304 505 et
1327 485 1381 504 non
1403 477 1558 511 Ammonio,
1572 486 1652 514 quem

865 523 982 549 maxime
994 522 1058 555 labi,
1071 523 1135 550 etin
1152 531 1180 550 rc
1195 527 1288 558 aperta
1301 523 1428 550 caecutirc
1441 524 1518 558 plura
1532 528 1596 551 sunt
1609 532 1654 551 ar-

865 572 1004 603 gumento,
1024 572 1050 596 et
1072 568 1099 595 in
1123 569 1174 596 hoc
1199 577 1307 596 errasse
1319 569 1456 597 Victorem
1479 569 1652 597 manifestum

864 617 916 647 est,
929 622 982 640 non
1000 616 1062 649 quia
1077 622 1146 649 opus
1174 615 1213 641 De
1225 616 1368 642 canonibus
1404 616 1558 650 erangelicis
1572 616 1655 643 ascri—

865 661 950 695 pserit
966 659 1091 693 Tatiano,
1109 661 1181 695 quod
1198 661 1266 688 falso
1280 661 1318 688 illi
1336 661 1452 696 imputat
1474 661 1653 694 Possevinus,

864 714 999 741 nusquam
1015 707 1081 733 illud
1094 706 1246 734 aﬂirmante
1261 706 1380 740 Victore,
1403 707 1458 734 imo
1472 708 1652 739 contrarium,

864 751 888 778 si
902 756 975 779 recte
991 753 1071 779 verba
1087 752 1160 780 illius
1171 752 1447 784 considerentur;ait
1460 753 1533 780 enim
1552 752 1655 780 inprae-

865 796 983 823 fatioae:
996 796 1063 823 Dum
1079 797 1190 831 fortuito
1200 798 1226 823 in
1240 805 1334 823 manus
1353 805 1424 823 mea:
1441 796 1654 823 incideretunum

31 845 101 871 nimis
126 830 248 871 Dercetis
270 844 328 879 ﬁlia
351 845 378 871 in
402 830 483 879 sgria
499 843 661 878 Babylonem
683 843 811 870 condidit.
829 830 851 859 Β
865 846 897 868 ex
907 847 1022 877 quatuor
1037 842 1206 878 Evangelium
1222 843 1438 876 compositum,et
1454 841 1559 868 absente
1575 842 1654 868 titulo

32 890 201 926 Hieronymus
211 889 292 918 Isaias
305 898 351 923 xx,
359 890 431 923 Quos
440 895 535 918 veteres
542 890 677 926 Assyrio»,
688 898 758 916 nunc
766 898 813 917 nos

31 945 138 965 vocamus
150 936 246 972 Syros.
261 936 426 965 Transmisit
440 938 484 964 hic
496 937 579 964 multa
588 937 743 972 posteritati
759 945 806 964 vo-

31 983 173 1015 lnmina,ex
184 984 289 1019 quibus
307 984 422 1019 insignis
438 983 483 1011 ille
491 983 531 1010 Ad
546 988 631 1018 gentes
648 983 717 1010 liber
733 990 813 1018 quem

31 1027 93 1062 apud
114 1029 213 1056 multos
247 1029 368 1056 maximo
387 1028 475 1056 fuisse
500 1029 527 1055 in
551 1029 638 1064 pretio
660 1033 687 1055 et
710 1028 814 1055 honore

32 1075 205 1101 monumentis
227 1075 359 1101 traditum
378 1078 430 1105 est,
455 1073 483 1101 in
499 1082 554 1109 quo
569 1075 603 1102 de
625 1074 726 1110 Moysis
746 1074 814 1101 auti-

33 1119 124 1153 quitate
142 1120 228 1147 multa
247 1119 371 1147 disserit.
389 1119 538 1147 Clironicon
552 1119 762 1146 Alexandrinum
779 1126 813 1146 ex

33 1163 129 1191 Eusebii
145 1165 184 1192 De
200 1165 266 1192 hist.
280 1166 427 1192 ecclesiast.
443 1166 481 1193 lib
497 1173 533 1198 Iv,
550 1173 609 1200 cap.
626 1166 661 1192 27
675 1173 682 1191 :
695 1165 814 1192 Καταλέ-

35 1208 98 1235 itan:
115 1210 142 1237 δὲ
161 1207 240 1242 οὗτος
265 1211 332 1237 πολύ
353 1220 379 1237 τι
400 1211 500 1247 πλῆθος
523 1211 756 1246 συγγραμμάτων,
776 1209 813 1238 ὧν

36 1254 137 1288 μάλιστα
151 1257 230 1291 παρὰ
247 1257 354 1287 πολλοῖς
369 1257 566 1292 μνημονεύεται
576 1257 716 1293 διαϐόητος
732 1257 812 1284 αὐτοῦ

35 1300 98 1335 λόγος
110 1302 124 1328 ό
142 1303 387 1338 πρὸςἛλλην-ας,
406 1305 435 1330 ὲν
446 1301 468 1338 ᾧ
479 1305 525 1331 καὶ
540 1303 594 1330 τῶν
605 1303 735 1331 ἀνέκαθεν
751 1304 813 1340 χρό-

34 1354 77 1372 νων
101 1349 309 1383 μνημονεύσας,
331 1349 385 1376 τῶν
414 1351 479 1385 παρ’
506 1349 635 1385 Ἕλλησιν
659 1350 811 1385 εὐδοκίμων

35 1392 145 1420 ἁπάντων
170 1394 275 1420 Μωσέα
301 1403 331 1420 τε
352 1395 399 1421 καὶ
421 1395 486 1426 τοὺς
515 1394 648 1430 Ἐϐραίων
669 1395 812 1431 προφήτας

33 1438 141 1473 ἀπέφηνε
163 1440 411 1476 προγενεστέρους·
426 1441 455 1472 ὃς
469 1441 501 1476 δὴ
520 1442 566 1467 καὶ
584 1441 658 1467 δοκεῖ
675 1441 729 1467 τῶν
744 1449 810 1476 συγ-

34 1485 188 1520 γραμμάτων
202 1486 288 1514 αὐτοῦ
305 1487 412 1514 πάντων
429 1487 545 1514 καλλίων
558 1496 589 1514 τε
603 1488 649 1514 καὶ
665 1487 810 1523 ὠφελιμώ-

34 1537 100 1561 τατος
113 1531 256 1567 ὑπάρχειν.
271 1531 300 1559 lu
314 1539 346 1559 eo
359 1539 421 1559 cum
437 1537 510 1559 retro
524 1537 584 1559 acta
599 1537 720 1568 tempora
736 1541 811 1560 com-

36 1582 207 1610 memorasset,
233 1579 363 1605 omnibus
383 1579 454 1613 apud
477 1577 586 1605 Graecos
606 1579 733 1611 laudatis,
751 1587 813 1615 pro-

38 1619 147 1656 batisque
158 1622 204 1658 (ita
217 1624 294 1651 enim
306 1628 392 1657 verto,
408 1632 461 1651 non
478 1629 507 1651 ul.
527 1624 674 1661 interpres)
690 1625 809 1661 Moysem

37 1668 58 1690 et
75 1665 241 1695 Hebraeorum
259 1675 335 1697 vates
355 1670 522 1698 vetustiores
546 1671 675 1698 ostendit.
695 1671 811 1707 Scripsit

38 1709 173 1740 Orationem
188 1715 223 1741 ad
243 1714 350 1748 Gentes,
375 1717 421 1751 qui
438 1717 507 1744 liber
530 1717 617 1752 ipsius
632 1726 664 1745 ex
684 1719 810 1746 omnibus

38 1764 93 1790 Quos
112 1760 220 1795 scripsit
243 1763 324 1797 longe
350 1763 551 1798 pulcherrimus
574 1767 626 1796 est,
651 1768 677 1791 et
700 1764 812 1791 utilissi-

38 1809 97 1836 mus,
112 1811 137 1832 et
152 1806 195 1834 llic
209 1807 280 1835 liber
292 1808 360 1835 idem
374 1814 401 1836 et
413 1817 484 1838 unus
499 1813 551 1841 est,
569 1818 623 1837 non
639 1810 764 1837 diversus
781 1813 810 1836 ut

38 1849 182 1882 opinabatur
199 1852 380 1886 Possevinus,
398 1863 459 1882 cum
483 1855 530 1882 illo
542 1859 660 1882 tractatu
677 1856 809 1883 adversus

38 1897 196 1933 eosdem,qui
209 1899 286 1928 ﬁnit:
302 1900 394 1927 Ταῦτα
405 1901 463 1936 μὲν,
482 1897 505 1928 ὧ
518 1900 615 1936 ἄνδρες
631 1901 770 1937 Ἕλληνες,
796 1902 810 1928 ὁ

39 1941 96 1967 κατὰ
109 1942 258 1981 βαρϐάρους
273 1946 423 1981 φιλοσοφῶν
437 1947 566 1980 Τατιανὸς
583 1948 724 1980 συνέταξα,
746 1956 808 1981 γεν-

39 1987 114 2019 νιθεὶς
130 1990 176 2024 μὲν
189 1992 216 2018 ὲν
227 1993 262 2027 τῇ
273 1993 326 2019 τῶν
346 1993 494 2028 Ἀσσυρίων
507 1995 554 2029 γῇ,
569 1992 724 2025 παιδευθεὶς
735 1993 811 2029 πρῶ-

38 2039 74 2057 τον
88 2035 131 2068 μὲν
143 2036 176 2063 τὰ
190 2037 324 2074 ὑμέτερα,
341 2038 453 2073 δεύτερα
471 2038 500 2065 δὲ
517 2039 594 2066 ἆτινα
608 2039 656 2066 νῦν
677 2039 808 2074 κρύπτειν

41 2077 101 2110 (lori.
118 2082 269 2120 κηρύττειν)
286 2085 497 2120 ἐπαγγέλλομαι.
516 2085 659 2113 Γινώσκων
678 2086 706 2113 δὲ
717 2086 809 2113 λοιπὸν

39 2124 72 2155 τίς
82 2126 171 2160 ὁΘεὺς,
183 2131 229 2157 καὶ
243 2131 286 2162 τίς
298 2132 368 2158 κατὰ
381 2132 461 2158 αὑτὸν
478 2132 595 2167 ποίησις,
609 2133 717 2167 ἕτοιμον
728 2134 810 2168 ἐμαυ-

866 896 917 915 non
937 888 1079 916 invenirem
1096 897 1189 915 nomen
1209 889 1338 918 auctoris.
1359 887 1499 922 diligenter
1518 887 1654 922 inquirens

864 935 909 969 qui
923 939 996 970 gesta
1007 935 1046 962 vel
1057 936 1127 962 dicta
1143 935 1251 961 Domini
1270 939 1294 961 et
1306 933 1455 962 Saluatoris
1467 934 1551 961 nostri
1575 942 1654 960 evan-

863 980 948 1015 gelica
966 981 1074 1008 lectione
1089 981 1214 1010 discreta.
1240 981 1266 1007 in
1284 980 1402 1007 ordinem
1418 988 1468 1015 quo
1489 989 1516 1007 se
1531 980 1654 1015 consequi

864 1025 1029 1055 videbantur.
1047 1034 1098 1053 non
1119 1027 1228 1053 minimo
1250 1026 1332 1053 studii
1349 1026 1439 1053 labore
1454 1025 1592 1061 redegerit,
1611 1034 1653 1053 re-

863 1071 918 1105 peri
938 1072 1106 1098 Ammonium
1120 1072 1260 1107 quemdam
1281 1071 1501 1104 Alexandrinum,
1513 1072 1557 1107 qui
1570 1079 1654 1099 cauo-

863 1125 917 1144 nvu
931 1125 1035 1149 quoque
1063 1125 1206 1145 EVANGELII
1235 1126 1341 1145 run-run
1358 1126 1507 1150 mveuron,
1529 1117 1652 1144 Matthau'

864 1162 1008 1198 Evangelia
1028 1164 1190 1199 reliquorum
1205 1164 1284 1190 trium
1300 1169 1420 1198 excerpta
1429 1163 1562 1198 junxissc,
1579 1172 1610 1191 ac
1624 1164 1652 1190 in

863 1217 945 1236 unam
968 1210 1063 1236 seriem
1083 1209 1257 1244 Evangelium
1279 1211 1411 1241 nexuisse,
1433 1214 1502 1237 sicut
1523 1209 1652 1237 Eusebius

863 1256 1000 1290 episcopus
1026 1255 1162 1289 Carpiano
1185 1255 1292 1281 cuidam
1315 1255 1430 1282 scribens
1450 1257 1477 1281 in
1496 1255 1653 1289 praefatione

863 1301 988 1328 editionis
998 1309 1063 1334 suat,
1080 1310 1132 1337 qua
1153 1309 1265 1328 canones
1286 1301 1424 1327 memorati
1445 1301 1582 1336 Evangelii
1596 1301 1652 1328 edi-

863 1347 913 1377 dit.
932 1348 1078 1382 supradicti
1094 1349 1142 1375 viri
1158 1349 1279 1375 imitatus
1294 1347 1427 1379 studium,
1444 1347 1523 1382 refert
1538 1348 1564 1374 in
1583 1347 1652 1374 hunc

863 1393 968 1420 modum
978 1402 986 1420 :
995 1394 1150 1422 Ammonius
1162 1395 1270 1430 quidam
1283 1394 1609 1426 Alexandrinus,multum
1624 1398 1654 1420 ut

863 1437 979 1465 arbitror
996 1438 1095 1466 laboris
1112 1443 1136 1466 et
1155 1440 1238 1467 studii
1256 1440 1420 1474 impendens,
1441 1447 1521 1466 unum
1543 1446 1575 1465 ea:
1591 1447 1654 1473 qua-

864 1490 924 1510 tuor
946 1484 1020 1511 nobis
1040 1484 1146 1520 reliquit
1160 1485 1334 1520 Evangelium
1348 1493 1357 1517 ;
1369 1493 1401 1512 ea:
1421 1485 1535 1512 historia
1553 1491 1654 1519 quoque

861 1530 919 1565 ejus
936 1532 1061 1565 comperi,
1076 1537 1128 1558 etc.
1143 1531 1237 1559 Graeca
1258 1531 1368 1559 Eusebii
1391 1532 1474 1559 verba
1496 1531 1541 1558 illa
1565 1534 1651 1558 sunt:

868 1576 1021 1612 Ἀμμώνιος
1044 1577 1093 1612 μὲν
1119 1578 1133 1604 ό
1152 1577 1352 1613 Ἀλεξανδρεὺς,
1372 1576 1482 1611 πολλὴν,
1506 1576 1544 1607 ὠς
1567 1575 1652 1607 εικὺς,

862 1620 1019 1655 φιλοπονίαν
1031 1621 1077 1648 καὶ
1091 1622 1208 1657 σπουδὴν
1223 1621 1402 1657 εἰσαγηοχὼς,
1414 1621 1443 1647 τὸ
1455 1621 1498 1647 διὰ
1512 1620 1652 1656 τεσσάρων

861 1668 927 1703 ἡμῖν
942 1669 1134 1696 καταλέλοιπεν
1159 1670 1336 1704 Εὐαγγὲλιον,
1355 1668 1394 1703 τῷ
1418 1667 1488 1694 κατὰ
1513 1667 1652 1694 Ματθαίον

860 1715 910 1746 τὰς
923 1714 1080 1750 ὁμοφώνους
1095 1715 1149 1742 τῶν
1164 1715 1264 1742 λοιπῶν
1285 1714 1485 1748 εὑαγγελιστῶν
1500 1712 1653 1748 περικοπὰς

861 1760 1006 1796 παραθεὶς,
1021 1761 1059 1793 ὡς
1075 1761 1104 1794 ἐξ
1120 1761 1242 1797 ἀνάγκης
1263 1760 1399 1796 συμϐῆναι
1421 1760 1466 1787 τὸν
1478 1760 1528 1794 τῆς
1541 1759 1654 1786 ἀκολου-

861 1806 921 1838 θίας
939 1807 1033 1842 εἱρμὸν
1049 1807 1103 1834 τῶν
1115 1807 1199 1843 τριῶν
1210 1806 1392 1842 διαφθαρῆναι
1404 1807 1464 1833 ὅσον
1477 1806 1523 1832 ἐπὶ
1536 1805 1574 1840 τῷ
1588 1804 1652 1838 ὕφει

859 1853 910 1888 τῆς
924 1852 1114 1887 ἀναγνώσεως,
1133 1857 1160 1881 et
1177 1853 1293 1881 inferius
1312 1853 1383 1880 idem
1406 1851 1509 1883 Victor,
1523 1850 1649 1877 Arbitror

859 1900 929 1926 enim
943 1904 1080 1934 propterea
1092 1908 1143 1926 non
1157 1900 1302 1933 Ainmonii,
1323 1898 1369 1926 sed
1390 1899 1468 1932 hujus
1483 1906 1539 1925 esse
1560 1897 1652 1924 editio-

861 1954 920 1972 nem
935 1947 1075 1972 memorati
1097 1947 1249 1978 voluminis,
1270 1946 1339 1981 quod
1357 1945 1511 1972 Ammonius
1529 1943 1652 1970 Mattha’i

859 1991 946 2025 fertur
962 1992 1101 2024 relationi,
1119 1992 1338 2026 evangelistarum
1367 1992 1527 2026 reliquorum
1543 1989 1652 2016 relatio-

860 2045 922 2063 num
940 2037 1067 2064 discretos
1084 2038 1241 2064 annexuisse
1254 2046 1396 2065 sermones.
1416 2037 1467 2063 Hic
1488 2045 1547 2063 vero
1567 2035 1653 2063 sancti

860 2083 939 2110 Luca’
958 2084 1089 2118 principia
1114 2090 1263 2118 assumpta,
1287 2086 1450 2120 reliquorum
1475 2084 1554 2110 trium
1579 2083 1652 2109 dicta

861 2130 1026 2164 conjunxerit
1040 2130 1136 2164 utjure
1150 2130 1250 2165 ambigi
1262 2131 1343 2165 possit
1360 2135 1448 2157 utrum
1461 2129 1604 2159 Ammonii.
1616 2137 1652 2155 an

40 2169 77 2195 τδν
96 2172 154 2207 ἡμῖν
176 2176 243 2211 πρὸς
260 2176 310 2212 τὴν
337 2177 479 2212 ἀνάκρισιν
506 2177 560 2203 τῶν
585 2177 727 2212 δογμάτων
741 2186 811 2213 παρ-

864 2176 970 2202 Tatiani
992 2177 1106 2202 inventio
1136 2176 1253 2211 ejusdem
1274 2177 1359 2211 operis
1389 2176 1480 2203 debeat
1511 2175 1650 2202 testimari.

42 2214 130 2251 ίττημι.
161 2222 293 2257 μενούσης
317 2231 361 2257 μοι
381 2222 451 2249 κατὰ
466 2222 532 2248 Θεὸν
545 2223 684 2254 πολιτείας
703 2223 813 2259 ἀνεξαρ-

42 2260 117 2294 Vir-"U-
134 2263 247 2300 Seripsit
261 2271 288 2294 et
303 2267 376 2293 aliud
397 2275 466 2302 opus
478 2268 549 2302 quod
578 2267 746 2295 Dtatessaron
765 2276 813 2303 ap-

42 2306 144 2341 ΡεΙῙίινίι,
159 2318 189 2338 ex
205 2317 325 2347 quattuor
346 2312 526 2348 Evangelistis
541 2313 686 2340 collectum
700 2321 707 2345 ;
724 2314 758 2341 de
779 2321 813 2340 eo

43 2349 88 2379 haec
106 2354 179 2384 habet
191 2358 338 2386 Chronicon
356 2359 563 2386 Alexandrinum
579 2368 611 2387 ex
627 2359 744 2386 Eusebio
761 2368 767 2386 :
782 2359 810 2386 '0

44 2397 150 2434 μέντοιγε
174 2405 304 2440 πρότερος
324 2405 413 2431 αὐτῶν
437 2405 568 2437 Τατιανὸς
592 2405 738 2439 συνάφειάν
752 2413 812 2432 τινα

44 2442 82 2469 καὶ
96 2451 256 2486 συναγωγὴν,
269 2452 319 2478 οὐκ
332 2450 379 2477 οἶδ·
389 2452 472 2484 ὅπως,
484 2452 538 2478 τῶν
551 2452 723 2486 Εὐαγγελίων
735 2460 813 2486 ποιη-

44 2489 152 2525 σάμενος,
169 2495 198 2522 τὺ
217 2497 269 2524 Διὶι
286 2497 443 2531 τεσσάρων
466 2497 544 2524 τοῦτο
558 2498 783 2533 προσωνόμασεν,
798 2499 812 2524 ὁ

45 2537 106 2570 παρά
118 2546 182 2567 τισιν
200 2544 283 2570 εἰσέτι
304 2544 351 2570 καὶ
371 2543 418 2570 νῦν
445 2543 567 2578 φέρεται.
586 2546 652 2577 Qua:
668 2545 706 2571 ita
729 2545 810 2571 veiti-

45 2585 94 2608 mus
121 2593 127 2611 :
159 2586 300 2616 Enimvero
327 2589 370 2617 bis
397 2590 535 2624 antiquior
560 2589 692 2617 Tatianus
718 2591 811 2618 nescio

47 2632 88 2658 tilla
107 2628 306 2668 Evangeliorum
322 2636 496 2667 cohaerentia,
522 2640 549 2663 et
574 2637 734 2664 collectione
750 2645 811 2671 per-

47 2671 112 2703 Ῐυείίιι
123 2681 342 2711 quani,etc,.non
352 2681 530 2716 confusionem
546 2687 570 2709 et
585 2681 763 2718 Sgnagogam,
781 2687 810 2710 ut

48 2723 95 2766 eius
107 2721 239 2760 interpres,
249 2727 295 2755 sed
311 2736 372 2754 cum
392 2731 495 2756 mentio
510 2729 546 2756 sit
560 2728 594 2756 de
608 2729 677 2756 libro
693 2729 742 2756 hoc
758 2728 811 2755 Ta-

49 2765 101 2792 liaui
117 2777 188 2802 quem
205 2774 402 2810 Διατεσσάρων,
425 2782 479 2801 non
495 2779 524 2801 ut
547 2775 631 2802 refert
649 2774 741 2802 Victor
758 2775 811 2802 Ca-

52 2815 148 2848 i'WnUS.
168 2817 314 2854 Diapente,‘
326 2820 475 2856 inscripsit,
492 2829 545 2848 non
563 2821 612 2849 abs
627 2829 656 2849 re
680 2821 747 2849 mihi
763 2821 810 2849 vi—

862 2222 959 2249 Nuflus
975 2230 1006 2249 ex
1030 2222 1074 2249 bis
1097 2222 1218 2250 Victoris
1244 2231 1322 2250 error
1348 2222 1572 2257 deprehenditur,
1589 2228 1650 2248 cum

862 2275 931 2302 opus
944 2268 981 2295 De
1004 2269 1151 2295 canonibus
1172 2270 1338 2303 apostolicis.
1355 2269 1428 2304 quod
1450 2269 1535 2296 fuisse
1561 2268 1651 2294 diver-

862 2322 922 2341 sum
938 2314 972 2341 ab
987 2322 1069 2349 opere
1087 2321 1114 2342 et
1130 2314 1278 2342 Harmonia
1302 2316 1426 2349 ejusdem
1448 2315 1652 2350 Evangeliorum

864 2368 976 2387 necesse
991 2360 1052 2391 fuit,
1067 2369 1121 2388 non
1137 2365 1215 2396 putat
1227 2370 1288 2389 esse
1302 2361 1412 2388 Tatiani
1432 2361 1480 2389 sed
1502 2360 1650 2388 Ammonii.

863 2405 916 2432 Sed
931 2414 1008 2433 error
1024 2407 1098 2434 illius
1119 2411 1160 2434 est
1175 2415 1256 2443 quem
1275 2415 1328 2434 non
1345 2412 1388 2435 est
1404 2407 1535 2434 odoratus
1554 2406 1652 2434 l’osseo

861 2451 952 2483 vinus,
969 2452 1095 2486 quamvis
1121 2453 1189 2479 alios
1213 2453 1339 2479 habuerit
1366 2455 1429 2479 ante
1452 2456 1589 2483 auctores,
1604 2450 1652 2486 qui

862 2495 938 2522 illum
950 2496 1119 2527 adnotarint,
1137 2497 1210 2531 quod
1231 2497 1407 2523 Harmoniam
1432 2496 1647 2531 Evangeliorum,

863 2550 923 2576 quae
934 2547 993 2569 erat
1014 2543 1165 2577 legitimum
1188 2551 1258 2578 opus
1275 2543 1424 2574 Ammonii,
1441 2542 1558 2570 Tatiano
1582 2543 1651 2571 falso

862 2587 1032 2622 ascripserit.
1060 2588 1202 2615 Consimili
1228 2588 1348 2616 Victoris
1374 2596 1468 2615 errore
1494 2589 1561 2623 lapsi
1587 2593 1650 2616 sunt

861 2633 1010 2668 Gregorius
1026 2633 1131 2661 Ederus
1150 2635 1196 2662 lib.
1215 2642 1244 2661 ιιι
1272 2634 1441 2661 (Εεοηοηιὶω
1450 2634 1608 2668 Bibliurum,
1625 2638 1650 2663 et

863 2683 956 2711 Sixtus
968 2683 1099 2711 Senensis
1112 2684 1159 2711 lib.
1175 2692 1201 2711 Iv
1225 2684 1395 2711 Bibliotheca
1410 2685 1437 2711 in
1452 2684 1597 2711 Ammonio
1621 2689 1649 2712 et

861 2729 986 2757 Tatiano.
1013 2729 1163 2757 Reddimus
1186 2730 1278 2765 itaque
1300 2731 1419 2765 genuino
1435 2730 1541 2765 parenti
1569 2737 1649 2757 suum

862 2775 957 2807 fetum,
973 2780 999 2802 et
1012 2776 1124 2803 mutatis
1142 2776 1169 2802 in
1182 2776 1360 2810 inscriptione
1383 2776 1552 2808 nominibus,
1572 2775 1650 2803 libel-

862 2822 917 2849 lum
933 2822 990 2850 sive
1004 2821 1212 2857 Evangeliorum
1232 2822 1471 2856 concortlantiam,
1490 2826 1518 2851 et
1537 2821 1640 2849 Ilarmo
