1903 3068
248 106 303 134 805

919 108 1044 137 LEONIS
1061 108 1200 136 ALLATII

1826 115 1873 142 δα

246 165 328 197 niam,
341 172 402 199 qtue
415 165 466 193 sub
479 165 586 193 Tati-ani
602 168 712 196 nomine
729 168 932 201 circumfertur,
946 174 973 196 et
989 170 1031 196 in-
1046 172 1068 200 Α
1084 169 1188 202 sebius.
1201 169 1303 198 Eccles.
1318 171 1381 200 hist.
1397 173 1444 200 lib.
1455 180 1495 205 tu,
1511 181 1572 209 cap.
1586 174 1620 208 9;
1638 174 1840 210 HieranYmus,
1850 178 1872 205 in

245 212 320 246 cipit,
336 211 468 244 Quoniam
479 212 583 247 quidem
595 214 672 240 multi
692 215 781 241 conati
801 220 872 246 sunt,
889 223 970 250 quam
988 215 1031 243 Vi-

245 261 305 283 ctor
319 255 444 288 Tatiano,
466 261 494 284 et
515 265 576 284 cum
592 266 625 285 eo
640 259 732 293 plures
750 260 796 287 alii
820 260 952 293 referunt,
965 261 1031 288 Am-

246 302 338 328 monio
362 302 547 330 Alexandrino
563 305 600 331 uti
625 306 774 339 genuinum
799 306 882 335 fetum
905 308 1029 335 restitui-

245 355 315 378 mus,
325 348 437 375 alteram
460 357 535 383 vero,
555 358 615 384 quae
636 343 745 386 praticrt
760 361 859 379 nomen
880 353 1028 386 Ammonii,

244 391 360 420 Tatiano
376 393 474 428 dequo
487 396 565 423 nobis
581 400 623 424 est
637 405 737 429 sermo,
754 402 780 424 et
791 399 896 434 incipit,
916 399 945 426 In
956 401 1031 434 prin-

244 437 312 471 cipio
329 443 385 464 erat
400 439 520 467 Verbum.
538 440 644 468 Etenim
672 450 732 477 quae
749 443 894 476 Eusebius,
917 446 1029 473 Chroni-

243 491 302 510 cam
325 485 547 520 Alexandrinum,
569 487 772 522 Theodorelus,
797 490 830 518 de
856 492 1029 521 Diatessaron

244 530 350 557 Tatiani
365 532 508 566 prodidere
517 533 580 561 huic
589 537 765 564 conveniunt.
781 537 925 572 Eusebius,
939 540 987 567 lib.
1005 547 1032 566 tv

246 576 316 603 Hist.
335 577 439 610 eccles.,
456 586 516 614 cap.
533 579 577 611 27,
594 581 631 608 ita
650 583 765 611 scribit:
784 584 912 613 Tatianus
926 586 972 614 ille
984 587 1029 622 qui

244 626 301 648 erat
312 623 413 656 primus
430 632 519 651 eorum
529 631 631 659 auctor,
647 632 671 654 et
687 629 806 664 princeps
820 631 1028 666 conjunctionem

244 668 396 702 quamdam,
411 671 491 697 etiam
517 673 696 700 collectionem
719 674 922 711 Evangeliorum
942 679 1029 706 nescio

244 712 374 745 quomodo
397 716 551 748 composuit,
570 717 687 753 illudque
699 727 762 753 opus
783 721 835 748 Διὰ
850 721 1008 757 τεσσάρων
1020 744 1028 756 ,

244 756 271 782 id
286 761 335 789 est,
357 756 443 785 Unum
455 759 625 796 Evangelium
638 771 669 790 ea:
683 770 797 799 quatuor
811 756 951 794 collectum
961 777 1031 796 nun-

243 804 356 837 cupavit,
374 805 443 839 quod
463 807 542 833 etiam
569 808 655 836 adhuc
672 812 847 845 quorumdam
871 814 982 842 habetur
1000 817 1028 843 in

1086 214 1133 241 lib.
1147 211 1185 242 De
1199 217 1372 250 scriptoribus
1394 219 1497 250 eccles.,
1513 225 1540 248 et
1554 219 1674 254 Epistola
1689 220 1725 247 ad
1733 220 1872 258 Magnum,

1084 263 1219 288 oratorem
1230 261 1393 295 llontanum;
1406 263 1584 297 Sozomenus,
1596 267 1642 293 lib.
1657 275 1676 298 ι,
1687 274 1750 302 cap.
1765 268 1791 299 l;
1805 267 1873 294 Eva-

1085 307 1170 341 grius,
1190 308 1236 336 lib.
1251 317 1276 341 ν,
1293 317 1353 344 cap.
1369 310 1418 343 εις
1432 311 1553 344 Phatius,
1571 313 1596 339 in
1609 312 1800 343 Bibliotheca;
1815 313 1874 340 Sui-

1085 352 1145 384 das,
1162 353 1219 388 ipse
1233 354 1267 381 de
1283 362 1312 382 se
1320 356 1443 390 pluribus
1453 357 1479 384 in
1494 358 1579 390 locis;
1594 357 1733 394 Josephus
1750 358 1873 394 Scaliger

1084 397 1110 424 in
1123 397 1274 434 Prolegom.
1289 401 1315 427 in
1333 401 1379 428 lib.
1397 401 1435 429 De
1443 403 1624 431 emendatione
1640 409 1804 437 temporum,
1832 407 1871 432 vi-

1084 451 1143 470 rum
1157 444 1230 472 hunc
1247 454 1419 481 summopere
1443 449 1544 481 laudat,
1565 450 1764 485 historic-isque
1782 453 1870 478 omni-

1083 489 1135 517 bus
1153 490 1255 518 Grtecis
1289 497 1316 519 et
1335 492 1439 521 Latinis
1460 496 1609 530 anteponit.
1627 496 1868 531 Diligentissimut,

1082 534 1179 569 inquit,
1196 536 1242 562 καὶ
1261 536 1487 572 φιλαληθέστατος
1505 541 1623 567 ontnium
1640 543 1807 577 scriptorum
1824 543 1869 571 lo-

1083 581 1187 614 sep/tus,
1206 582 1237 609 de
1256 591 1306 617 quo
1322 592 1369 610 nos
1389 585 1516 613 audacter
1530 587 1653 620 dicimus,
1671 596 1723 615 non
1740 590 1830 616 solum
1844 591 1867 617 in

1083 626 1159 654 rebus
1170 627 1305 661 Judaicis,
1317 630 1362 657 sed
1373 632 1452 658 etiam
1464 633 1490 659 in
1504 635 1618 661 externis
1631 636 1714 661 tutius
1730 635 1775 662 illi
1788 637 1866 668 credi,

1084 680 1163 706 quam
1182 674 1303 702 omnibus
1327 675 1426 704 Crwcis
1459 683 1484 705 et
1503 678 1608 706 Latinis
1626 689 1635 707 :
1653 681 1745 716 itaque
1767 682 1867 709 desinat

1083 719 1176 745 mirari
1192 720 1284 747 doctus
1301 721 1340 748 vir
1351 743 1358 753 ,
1376 731 1420 749 cur
1437 728 1474 750 tot
1496 725 1594 752 eruditi
1606 731 1631 753 et
1646 735 1693 754 nos
1708 736 1814 762 quoque
1828 730 1867 763 qui

1083 764 1178 791 nonin
1201 765 1255 792 illis
1275 768 1398 800 eruditis,
1418 769 1462 796 sed
1484 770 1562 805 hujus
1589 773 1731 806 scriptoris
1760 773 1868 800 lectione

1082 810 1211 844 peregrini
1225 820 1276 838 non
1298 821 1400 845 sumus,
1418 819 1520 842 tantum
1538 817 1580 844 illi
1601 817 1768 852 deferamus,
1795 828 1868 854 cujus

243 849 376 877 manibus,
396 851 434 878 Ex
452 851 570 882 Eusebio
589 855 678 883 locum
694 857 766 885 hunc
778 862 863 886 totum
882 860 1028 897 descripsit
1043 852 1064 879 Β
1081 853 1146 887 ﬁdes
1160 859 1185 881 et
1199 856 1314 884 eruditio
1337 859 1364 884 in
1378 860 1498 888 omnibus
1520 862 1615 889 elucet.
1637 863 1754 891 Gaudeo
1775 865 1867 893 laudes

242 893 401 923 Chronicum
419 897 624 928 Alexandrinum
643 907 670 929 et
688 903 868 940 Nicephorius,
880 906 951 935 Hist,
963 893 1026 937 ccci.

242 939 266 987 1ἰ
280 949 315 969 ιν,
332 949 356 968 c.
375 943 402 975 4,
418 943 445 970 in
461 953 515 980 quo
538 954 604 974 sane
624 948 700 982 illud,
718 939 814 978 Nescio
825 953 964 987 quomodo,
978 955 1029 981 οὐκ

241 983 288 1012 οἷδ’
303 987 386 1021 ὅπως,
407 991 635 1021 considerandum
651 999 710 1028 est;
726 996 801 1025 fraus
818 998 889 1025 enim
913 1000 955 1027 vel
978 1001 1027 1028 do-

241 1032 283 1060 lus
313 1033 432 1062 hteretici
463 1039 582 1066 auctoris
615 1040 743 1070 indecore
768 1046 796 1070 et
822 1051 894 1077 non,
917 1049 946 1072 ut
979 1053 1028 1081 par

240 1081 315 1112 erat,
342 1087 411 1115 opus
435 1082 501 1110 illud
524 1085 717 1114 concinnantis
744 1089 824 1116 nobis
847 1090 1025 1125 signiﬁcatur,

240 1125 312 1158 quod
337 1125 527 1156 Thcodoretus
553 1131 641 1164 palam
663 1135 784 1167 exponit,
807 1135 854 1163 lib.
881 1144 888 1163 ι
925 1136 1024 1164 litaret.

241 1170 337 1204 fabul.,
355 1172 396 1200 his
411 1175 500 1202 verbis
518 1176 663 1205 :Tatianus
680 1182 824 1214 composuit
844 1183 923 1209 etiam
939 1183 1026 1211 Evan-

239 1218 337 1251 gelium
352 1220 422 1253 quod
446 1221 544 1248 dicitur
562 1224 613 1250 Διὰ
635 1226 800 1260 τεσσάρων,
821 1230 966 1263 amputatis
986 1239 1028 1265 ge-

240 1263 367 1299 nealogiis
385 1270 409 1291 et
434 1266 506 1299 aliis,
530 1276 690 1305 qutecunque
715 1273 855 1300 ostendunt
884 1275 1025 1303 Dominum

239 1315 332 1337 natum
352 1319 408 1338 esse
426 1321 458 1340 ea:
483 1314 567 1342 David
580 1317 725 1344 secundant
746 1327 860 1349 carnem.
881 1321 920 1350 Eo
939 1329 1025 1351 autem

239 1356 282 1382 usi
294 1363 365 1389 sunt,
382 1366 433 1384 non
445 1359 465 1385 ii
479 1361 529 1386 soli
545 1362 589 1396 qui
603 1370 663 1390 sunt
677 1364 750 1391 illius
759 1371 847 1398 serttc,
858 1369 903 1394 sed
914 1368 933 1394 ii
946 1369 1026 1396 etiam

239 1403 284 1436 qui
299 1402 423 1438 dogmata
434 1407 578 1439 apostolica
587 1417 730 1444 sequuntur
739 1415 936 1447 compositionis
947 1415 1025 1450 frau-

240 1447 299 1474 dem
322 1457 373 1476 non
392 1459 584 1486 cognoscentes,
605 1455 651 1482 sed
674 1458 820 1492 simplicius
843 1468 873 1487 eo
899 1465 1025 1496 tanquam

241 1494 309 1522 libro
333 1499 516 1531 compendiosa
535 1505 644 1530 utentes.
662 1502 718 1538 Ego
731 1513 832 1540 quoque
852 1507 938 1534 inveni
951 1494 1025 1542 plus-

239 1549 317 1576 quam
330 1542 456 1571 dueentos
471 1545 622 1580 Itujusmodi
634 1548 725 1581 libros,
739 1551 822 1586 qui-in
835 1551 932 1580 honore
944 1549 1023 1581 liabe-

241 1587 337 1615 bantur
355 1590 382 1617 in
401 1592 500 1620 nostris
518 1592 655 1628 Ecclesiis,
675 1604 739 1631 quos
755 1605 814 1623 cum
837 1605 924 1626 omnes
943 1599 1024 1626 simul

240 1636 389 1670 coegissent,
414 1637 533 1672 deposui,
548 1648 572 1667 et
589 1641 645 1668 loco
668 1650 759 1669 eorum
785 1645 888 1678 reposui
911 1652 1025 1680 quatuor

239 1682 459 1716 evangelistarum
470 1685 623 1721 Evangelia.
636 1687 689 1715 Sed
705 1689 732 1715 in
747 1689 798 1716 hoc
810 1691 930 1718 secundo
942 1699 1024 1726 opere

240 1731 332 1761 aperte
347 1728 450 1757 recisas
462 1732 634 1767 genealogias
646 1741 740 1761 omnes
752 1733 871 1768 Domini,
885 1743 945 1770 quae
961 1744 1024 1764 eum

239 1779 272 1799 ex
300 1772 384 1800 David
398 1776 547 1803 secundum
568 1785 677 1806 carnem
695 1780 815 1814 genitum
835 1781 1023 1810 demonstrant

239 1820 423 1853 comperimus
447 1826 474 1849 et
494 1823 547 1850 alia
571 1825 662 1852 omnia
690 1826 871 1862 detruncata,
897 1834 924 1857 et
952 1838 1023 1857 nova

222 1892 224 1894 τ
240 1862 326 1891 forma
341 1871 532 1903 structuraque
545 1871 677 1898 orationis
688 1879 830 1906 conversa,
846 1882 900 1902 non
915 1875 979 1903 item
994 1877 1022 1903 in

239 1910 338 1945 primo,
351 1913 378 1939 in
391 1920 444 1948 quo
459 1915 550 1942 omnia
565 1921 681 1950 quatuor
696 1920 924 1954 evangelistarum
938 1921 1021 1956 dicta,

239 1957 314 1983 nullo
331 1957 386 1984 fere
401 1961 584 1993 praetermisso
606 1962 639 1989 ad
658 1963 770 1991 verbum
793 1965 931 2001 descripta
945 1975 1023 2003 repe-

240 2003 355 2030 riuntur.
372 2003 473 2032 Deinde
493 2006 609 2040 primum
631 2015 700 2043 opus
716 2017 776 2036 cum
797 2011 876 2038 titulo
892 2020 946 2047 quo
969 2014 1023 2040 cir-

238 2048 399 2082 cumfertur,
411 2050 558 2079 Harmonia
573 2053 687 2087 scilicet,
703 2063 736 2082 ex
754 2058 890 2091 expressis
905 2058 1023 2094 Evange-

240 2093 337 2121 liorum
354 2096 444 2123 verbis
459 2097 651 2126 concinnatum
670 2101 734 2128 illud
757 2109 818 2129 esse
841 2103 1022 2138 deprehendi-

238 2142 283 2165 tur
297 2139 433 2167 Ammonii
454 2141 640 2176 Alexandrini,
657 2146 729 2180 quod
744 2146 889 2175 Zacharias
903 2148 1022 2184 Chryso-

238 2184 376 2219 politanus
388 2187 532 2222 episcopus
547 2194 610 2218 ante
621 2191 785 2226 quingentos
801 2201 887 2221 annos
899 2195 1021 2223 illustra-
1036 2201 1059 2228 D

238 2231 277 2257 vit
297 2235 518 2267 commentariis,
542 2244 611 2271 quos
634 2246 665 2264 ex
688 2240 833 2268 sententiis
861 2246 1019 2270 sanctorum

237 2275 348 2303 Patrum
361 2278 388 2305 in
403 2287 484 2306 unam
496 2285 620 2308 catenam
629 2284 763 2312 contextis
778 2285 893 2319 pulchro
904 2287 1021 2315 artiﬁcio

237 2323 384 2356 coaplavit.
401 2323 535 2353 Praeterea
560 2327 622 2361 quis
636 2330 723 2356 nescit
745 2329 890 2358 Talianum
921 2332 1019 2368 Syrum

237 2368 279 2394 vel
295 2368 447 2404 Assyrium,
468 2379 522 2398 non
541 2377 631 2400 autem
655 2374 880 2409 Alexandrinum,
910 2377 1022 2406 Ammo-

238 2413 312 2440 nium
328 2422 392 2441 vero
400 2415 618 2444 'Alemndrinum
637 2418 742 2446 fuisse?
758 2419 945 2449 Restituamus
956 2431 1022 2457 ergo

237 2459 332 2486 titulos
357 2460 449 2493 libris,
472 2461 557 2490 libros
584 2464 754 2498 parentibus,
779 2469 808 2492 ut
833 2468 1021 2502 unusquisque

238 2512 303 2532 suos
331 2505 403 2534 fetus
434 2511 581 2542 agnoscat,
609 2509 845 2545 inscribamusque
870 2512 896 2538 in
920 2513 1019 2547 primo,

239 2548 397 2581 Sanctorum
413 2557 527 2586 quatuor
540 2552 740 2587 Evangeliorum
756 2554 903 2583 Harmonia
916 2559 1022 2585 Antino-

238 2594 282 2620 nio
295 2594 475 2623 Alexandrino
492 2602 614 2629 auctore;
629 2598 655 2624 in
675 2600 807 2633 secundo,
820 2599 1022 2636 Evangeliorum

238 2639 411 2667 Diatessaron
428 2641 542 2669 Tatiano
560 2643 670 2678 Assyrio
685 2650 800 2672 auctore.
822 2646 850 2673 Si
866 2647 927 2682 quis
943 2648 1021 2683 plura

238 2685 375 2713 desiderat
390 2687 469 2714 adeat
489 2687 623 2716 Cwsarem
636 2689 794 2723 Baronium,
809 2696 883 2720 tomo
903 2694 925 2720 ll
935 2713 942 2725 ,
957 2703 1020 2722 ann.

239 2731 300 2763 174,
314 2732 358 2758 ubi
374 2738 500 2761 accurate
514 2736 630 2770 plurima
641 2737 676 2764 de
685 2744 806 2772 eoopere
819 2740 1019 2767 animadvertit.

273 2777 330 2804 Col.
348 2778 409 2810 708,
422 2780 469 2806 lin.
479 2780 506 2807 2.
526 2781 587 2808 Τῶν
600 2782 634 2808 δὲ
642 2783 676 2809 ἐκ
693 2784 853 2819 περιτομῆς
871 2785 1020 2819 Ἰώσηπος.

237 2820 275 2850 De
286 2821 403 2857 Josepho
416 2825 557 2859 historico,
573 2827 633 2862 ejus
642 2828 695 2855 vita
711 2834 738 2856 et
753 2831 863 2865 scriptis
875 2831 950 2865 plura
968 2831 1021 2858 Eu-

1081 899 1163 928 hasce
1182 900 1302 937 Josepho
1322 903 1480 934 decantatas
1497 907 1627 936 audacter
1647 909 1737 937 dictas
1757 918 1822 937 esse
1837 912 1867 938 ab

1077 946 1137 981 ipso
1156 948 1238 975 etiam
1257 949 1400 978 laudatore
1420 953 1562 987 cognosci.
1579 953 1647 986 Quis
1671 963 1752 990 aequo
1778 955 1867 982 animo

1075 989 1159 1017 ferret
1173 991 1322 1025 hominem,
1342 994 1389 1028 qui
1407 996 1511 1022 nesciat
1532 997 1582 1023 sibi
1604 989 1754 1032 imperare.
1775 1006 1811 1025 ne
1829 998 1867 1024 di-

1078 1039 1122 1062 cat
1133 1036 1205 1071 quod
1224 1042 1320 1066 contra
1340 1047 1447 1075 aequum
1464 1048 1544 1069 omne
1556 1049 1618 1070 esse
1638 1043 1763 1071 fatetur:
1785 1044 1866 1070 auda-

1077 1081 1146 1107 citer
1160 1082 1280 1116 dicitur,
1301 1093 1365 1120 ergo
1388 1094 1481 1114 verum
1507 1095 1561 1114 non
1583 1092 1635 1119 est,
1649 1096 1715 1123 ergo
1732 1089 1782 1124 qui
1803 1090 1866 1117 dicit

1078 1125 1223 1162 decipitur,
1240 1129 1262 1156 si
1283 1130 1421 1158 Aristoteli
1449 1133 1588 1161 credimus
1608 1134 1758 1162 Moralium
1780 1135 1866 1163 Eude-

1078 1173 1191 1200 miorum
1206 1175 1252 1202 lib.
1268 1184 1308 1208 ιιι,
1323 1184 1382 1212 cap.
1400 1178 1432 1211 5;
1451 1187 1494 1206 res
1517 1180 1588 1206 enim
1605 1181 1684 1208 aliter
1698 1189 1732 1208 ac
1747 1186 1816 1209 sunt
1830 1183 1865 1209 vi-

1077 1216 1186 1246 dentur.
1208 1220 1302 1248 Tutius
1321 1222 1363 1248 illi
1386 1224 1457 1250 rredi
1478 1233 1557 1259 quant
1575 1227 1694 1254 omnibus
1719 1226 1823 1255 Cra'cis
1842 1234 1865 1255 et

1077 1261 1193 1298 Latinis,
1208 1274 1347 1302 nunquam
1372 1269 1571 1298 existimassem
1600 1273 1741 1300 hominem
1761 1274 1800 1300 ita
1820 1281 1865 1301 au-

1077 1310 1172 1338 dacter
1185 1312 1277 1340 dicere
1293 1322 1382 1349 posse,
1397 1320 1425 1342 et
1439 1315 1584 1344 humanam
1599 1318 1758 1351 historiam,
1770 1320 1805 1348 ab
1819 1321 1864 1348 ho-

1079 1357 1154 1385 mine
1169 1363 1196 1385 et
1215 1359 1338 1388 fortassis
1359 1362 1478 1396 pessimo
1499 1365 1683 1400 conscriptam
1703 1365 1809 1397 divina
1822 1375 1864 1394 sa-

1077 1409 1184 1438 crthne
1199 1404 1329 1438 przelerri.
1343 1405 1438 1434 Tutius
1447 1408 1536 1436 credis
1550 1408 1668 1443 Josepho
1677 1417 1763 1444 quam
1781 1410 1865 1438 Evan-

1077 1449 1168 1483 gelio?
1199 1451 1286 1479 tutius
1313 1452 1426 1485 homini,
1444 1461 1524 1488 quam
1550 1455 1621 1482 Deo?
1640 1455 1721 1484 Dices
1747 1457 1798 1484 sed
1823 1465 1866 1484 au-

1077 1495 1172 1523 dacter
1195 1497 1284 1530 dices,
1311 1499 1384 1533 quod
1408 1500 1490 1527 etiam
1516 1502 1592 1536 prius
1618 1502 1711 1530 animo
1735 1502 1864 1530 audacter

1077 1545 1239 1576 conceptum
1252 1544 1381 1572 audacter
1393 1550 1419 1572 et
1432 1547 1545 1578 evomis,
1564 1554 1642 1574 sacra
1657 1548 1733 1575 onmi
1752 1549 1863 1576 historia

1077 1587 1203 1613 tutiorem
1219 1595 1280 1615 csse
1302 1588 1422 1625 Josephi,
1437 1590 1479 1618 vis
1494 1591 1583 1618 dicam
1599 1600 1653 1619 uno
1671 1593 1779 1620 verbo?
1798 1594 1821 1621 si
1839 1598 1864 1620 ut

1075 1641 1157 1661 verus
1173 1637 1215 1661 est
1235 1634 1261 1661 in
1276 1634 1390 1663 historia
1405 1636 1550 1672 Josephus,
1563 1639 1600 1665 ita
1614 1642 1642 1666 et
1652 1644 1680 1665 tu
1694 1639 1723 1665 in
1736 1640 1865 1667 emenda-

1076 1678 1149 1705 tione
1174 1683 1336 1714 temporum,
1362 1686 1441 1709 ruent
1467 1687 1599 1718 tempora.
1630 1684 1732 1712 Multos
1754 1684 1863 1720 Iosephi

1076 1732 1185 1752 errores
1200 1726 1228 1752 in
1242 1726 1366 1759 historia,
1385 1731 1412 1755 et
1426 1728 1653 1757 hallucinationes
1677 1730 1863 1765 prudentissi-

1076 1777 1119 1797 me
1130 1772 1218 1806 magni
1234 1772 1285 1799 viri
1294 1773 1485 1804 observarunt,
1497 1779 1524 1802 et
1535 1780 1725 1808 correxerunt,
1739 1777 1815 1804 inter
1821 1785 1862 1805 eos

1075 1815 1167 1843 Caesar
1187 1816 1336 1850 Baronius,
1359 1819 1386 1845 in
1404 1819 1566 1853 Annalibus;
1587 1819 1726 1854 Pererius,
1746 1822 1775 1849 in
1791 1821 1861 1853 Ceu;

1076 1861 1246 1898 Hcgesippus
1267 1868 1294 1891 et
1313 1864 1370 1891 alii.
1392 1864 1425 1892 Et
1451 1873 1517 1893 sane
1551 1867 1660 1894 etiamsi
1682 1869 1861 1896 concederem

1075 1907 1223 1944 Josephum
1238 1909 1464 1946 φιλαληθέστατον
1484 1912 1511 1939 in
1527 1912 1621 1945 rebus,
1637 1921 1709 1948 quas
1724 1916 1786 1949 ipse
1797 1915 1863 1942 vide-

1076 1955 1122 1986 rit,
1137 1963 1276 1991 nunquam
1291 1960 1381 1984 tamen
1407 1958 1505 1985 adduci
1528 1966 1640 1993 possum
1656 1964 1687 1986 ut
1702 1960 1819 1988 cred-am
1838 1962 1862 1988 in

1075 2005 1150 2028 tanta
1166 2002 1333 2030 obscuritate
1348 2004 1524 2039 scriptorum,
1547 2006 1680 2033 varietate
1694 2010 1860 2042 temporum,

1076 2048 1234 2076 diversitate
1247 2050 1456 2083 sententiarum,
1478 2058 1611 2079 annorum
1636 2053 1709 2080 serie
1720 2055 1860 2081 veritatem

1076 2094 1103 2121 in
1127 2095 1254 2122 omnibus
1278 2096 1461 2132 κατορθῶσαι,
1494 2098 1602 2125 etiamsi
1633 2099 1860 2134 diligentissimus

1078 2138 1168 2166 fuerit.
1188 2139 1255 2167 illud
1268 2145 1398 2175 praeterea
1422 2141 1518 2168 addam
1538 2141 1611 2176 quod
1625 2142 1681 2176 jam
1700 2143 1768 2169 olim
1784 2143 1860 2170 Joan-

1077 2191 1126 2210 nes
1143 2183 1225 2210 Picus
1240 2185 1354 2219 epistola
1377 2184 1493 2220 quatiant
1509 2185 1541 2212 ad
1557 2186 1679 2220 ignotum
1694 2188 1817 2215 amicum
1831 2188 1860 2214 de

1075 2227 1194 2262 .Iosepho
1221 2229 1464 2257 animadverterat.
1488 2230 1564 2263 Quod
1591 2231 1656 2264 petis
1684 2230 1717 2258 de
1738 2231 1857 2266 Joseplw.

1074 2273 1143 2300 scias
1159 2273 1262 2307 justum
1277 2273 1418 2309 Joscphum
1443 2276 1511 2307 apud
1531 2275 1655 2302 Hebra'os
1668 2284 1720 2303 non
1744 2277 1858 2311 reperiri,

1075 2319 1119 2346 sed
1138 2318 1246 2354 Joscphi
1268 2321 1406 2354 epitomen,
1428 2320 1455 2347 id
1469 2326 1517 2352 est,
1533 2321 1691 2348 breviarium
1717 2323 1857 2357 quoddam,

1075 2365 1102 2391 in
1114 2373 1164 2399 quo
1181 2369 1206 2392 et
1220 2365 1304 2392 multa
1323 2371 1383 2393 sunt
1399 2367 1588 2398 commentitia,
1602 2373 1627 2394 et
1643 2375 1701 2402 qurc
1727 2369 1760 2396 de
1777 2370 1857 2396 decem

1076 2411 1196 2437 tribubus
1211 2411 1247 2438 ibi
1264 2411 1395 2446 leguntur,
1411 2420 1469 2447 qute
1482 2412 1742 2448 postBabglonicam
1758 2415 1858 2449 captiti-

1076 2463 1156 2484 tatem
1183 2457 1346 2492 postliminio
1363 2467 1413 2485 non
1432 2459 1577 2490 redierunt,
1599 2468 1630 2486 ea
1648 2468 1706 2487 esse
1731 2463 1813 2488 notha
1835 2466 1855 2488 et

1076 2502 1238 2536 aduherina,
1261 2511 1293 2529 ex
1311 2503 1429 2531 llcbra'is
1449 2504 1513 2530 milii
1536 2504 1624 2538 plures
1653 2506 1772 2540 confessi
1791 2512 1856 2537 sunt,

1075 2554 1232 2583 quapropter
1247 2549 1354 2576 illorum
1368 2548 1482 2584 Joscplto
1494 2550 1569 2577 nulla
1585 2551 1692 2577 omnino
1707 2552 1777 2585 fides
1789 2552 1856 2579 adlu-

1076 2594 1168 2621 benda.
1186 2594 1217 2622 In
1230 2595 1343 2630 Joseplto
1361 2594 1451 2622 Grazco
1465 2596 1519 2622 scio
1535 2604 1591 2623 esse
1609 2596 1746 2631 quttdam,
1763 2606 1819 2632 qua:
1830 2598 1856 2624 dt

1076 2639 1181 2668 Christo
1196 2645 1221 2668 et
1236 2641 1325 2675 fidem,
1341 2646 1365 2668 et
1380 2641 1551 2676 honoriﬁcum
1568 2641 1670 2676 faciant
1693 2644 1853 2672 mentionem,

1076 2687 1119 2713 sed
1139 2686 1228 2713 eadem
1245 2695 1300 2713 esse
1315 2688 1419 2721 penitus
1435 2695 1493 2714 cum
1509 2687 1560 2717 Itis,
1577 2696 1635 2722 quae
1655 2688 1683 2714 in
1700 2687 1806 2715 Latinis
1817 2697 1854 2715 co-

1076 2732 1177 2759 dicibus
1195 2733 1315 2767 leguntur
1331 2741 1382 2760 non
1406 2741 1550 2760 assererem
1567 2734 1618 2759 nisi
1632 2736 1779 2768 exemplar
1791 2734 1855 2762 Cra-

1077 2786 1146 2809 t'um,
1161 2777 1235 2811 cujus
1251 2777 1291 2804 llic
1311 2778 1375 2804 nti/ti
1390 2778 1464 2805 nulla
1480 2783 1518 2805 est
1530 2779 1616 2813 copia,
1631 2787 1723 2806 recens
1742 2780 1855 2815 legerem.

1113 2823 1178 2850 Ibid.
1195 2823 1249 2850 Kal
1272 2823 1416 2857 Ἰοῦστος.
1438 2823 1526 2860 Hujus
1551 2829 1693 2860 parentes,
1716 2825 1855 2858 πολιτεῖαι
