1903 3068
48 116 96 143 805

556 113 590 141 ΙΝ
604 113 790 141 EUSTATHH
811 112 1044 140 HEXAEMERON
1066 112 1183 141 NOTE.

1609 115 1664 142 806

48 175 193 207 historiam,
210 179 238 202 et
260 175 359 210 stylum
379 174 514 210 expressit
537 175 652 202 Photius
679 174 706 201 in
729 173 824 200 Biblio-
844 175 866 204 Α
881 173 975 201 sebius
992 173 1027 200 de
1045 175 1195 208 semetipso
1209 174 1237 201 in
1259 175 1372 209 prologo
1401 173 1529 201 Historia:
1543 174 1668 201 ecclesia-

49 220 123 246 tlteca.
138 219 246 253 Oppido
258 218 436 250 Tibcriensis,
450 222 562 253 parente
570 217 647 245 Pisto
664 217 774 244 homine
784 224 828 243 ne-

47 265 184 300 quissimo,
211 265 235 292 si
261 264 380 299 Josepho
404 265 555 296 credimus,
581 271 681 299 genere
705 262 827 294 Judazus,

48 312 198 346 auspicatus
218 315 262 338 est
278 311 418 339 historiam
435 319 450 337 a
469 310 571 346 Moyse,
591 309 772 344 perduxitque
793 308 828 335 ad

48 358 141 385 exitum
161 363 250 391 usque
266 356 395 392 Agrippa:
411 357 519 391 septimi
536 364 552 383 e
574 355 677 382 familia
701 354 827 384 Herodis.

48 407 71 430 et
93 401 270 429 Judaicorum
297 410 390 437 regum
421 402 570 437 postremi;
597 402 685 437 stylus
711 401 829 428 maxime

49 448 177 480 concisus,
189 451 218 475 et
240 448 370 483 pleraque
383 448 468 475 relatu
483 456 544 476 cum
561 448 659 483 primis
675 447 829 474 neces~aria

50 494 221 528 praetermisit.
234 493 333 521 Adesis
346 493 540 529 Hieronymum
556 494 582 520 in
598 493 736 528 Calalogo,
750 492 829 520 lose-

51 539 122 573 phuin
133 539 160 565 in
178 538 240 565 Vita
250 546 312 570 sua,
325 538 446 566 Suidam.
465 538 620 574 Stephanus
630 540 693 566 item
708 539 741 566 de
756 539 830 565 urbi-

51 586 95 612 bus
109 584 165 611 haec
178 584 213 612 de
226 591 261 612 eo
275 594 281 612 :
300 584 347 612 Ἐκ
356 584 455 620 ταύτης
463 584 522 620 [τῆς
537 584 706 621 Τιϐεριαδος]
721 582 755 620 ἦν
767 584 830 611 Ἰοῦ-

51 639 104 662 στος
117 630 130 656 6
140 630 185 656 τὸν
193 630 341 657 Ἰουδαϊκὸν
354 631 470 666 πόλεμον
481 631 525 657 τὸν
545 631 615 657 κατὰ
628 630 829 657 Οὐεσπασιανοῦ

51 677 195 711 ἱστορήσας.
215 675 319 703 Verum
331 684 386 703 non
403 680 508 702 tantum
526 676 559 703 de
572 675 650 703 Justo
665 675 727 707 hoc,
745 676 792 703 sed
805 680 832 703 et

51 723 78 750 de
96 721 212 756 Josepho
227 721 336 755 Judaio,
362 721 491 755 Tatiano,
511 722 652 754 Africano,
678 721 830 753 Clemente,

51 768 168 797 Eusebio.
197 775 309 795 necnon
331 772 358 796 et
379 768 442 796 aliis
460 767 651 802 scriptoribus,
669 775 785 802 quorum
804 768 831 794 in

51 814 96 841 hoc
111 816 230 840 tractatu
248 813 278 839 fit
292 814 406 845 mentio,
421 817 448 841 et
460 821 554 840 eorum
576 813 687 848 scriptis
702 812 789 840 fusius
803 813 830 840 in

52 864 135 887 nostra
165 859 199 886 de
235 860 417 895 scriptoribus
451 859 644 887 ecclesiasticis
669 858 831 886 Bibliotheca

52 914 124 941 quam
144 906 309 940 jamdudum
332 913 471 940 paratnus.
493 905 544 932 Hic
561 913 592 932 ea
616 909 724 932 tantum
745 905 833 941 tetigi-

53 959 107 979 mus
120 960 178 987 quae
193 952 228 979 ad
249 959 308 980 rem
326 952 416 979 facere
432 951 604 978 videbantur.

81 998 136 1026 Col.
154 998 216 1030 708,
236 998 287 1025 lin.
311 997 338 1025 6.
357 997 418 1025 Τῶν
439 997 471 1023 δὲ
493 997 588 1032 ἁγίων
606 1005 661 1030 τις.
685 996 831 1024 Eusebium

53 1053 106 1073 esse
124 1045 191 1072 nulli
207 1045 335 1076 dubium,
356 1051 436 1080 quem
455 1044 538 1071 tacito
564 1044 675 1070 nomine
700 1043 831 1078 praaterit,

55 1089 125 1124 idque
143 1089 207 1116 odio
220 1094 249 1117 et
276 1089 415 1117 simultate
427 1089 545 1124 quadam
561 1088 683 1116 oﬂ‘ensus
706 1088 833 1115 consulto

54 1135 112 1170 agit.
126 1134 212 1162 Homo
227 1135 388 1170 apostolicae
413 1135 538 1162 veritatis
558 1138 694 1169 rectaeque
710 1133 772 1161 fidei
789 1141 833 1161 se-

53 1186 141 1214 ctator,
152 1185 273 1209 tutorem
287 1189 319 1208 ac
334 1181 469 1209 vindicem
482 1180 591 1207 Arianaa
611 1181 758 1212 haereseos,
779 1179 834 1206 vul-

54 1231 135 1262 gotum
149 1231 176 1255 et
197 1231 298 1254 notum
317 1227 444 1255 omnibus
461 1226 570 1254 Eusebii
595 1222 753 1261 negotium:
771 1226 834 1253 illu~

55 1273 112 1301 stris
134 1273 161 1300 in
177 1274 230 1301 fide
240 1274 431 1301 conservanda
448 1273 583 1300 Eustathii
601 1272 742 1307 provincia
752 1280 836 1307 syno-

56 1319 100 1347 dus
113 1319 157 1346 illa
178 1319 291 1347 Nicana
307 1320 319 1346 1
354 1325 381 1347 et
399 1319 427 1351 2,
443 1319 571 1354 dictaque
586 1324 706 1346 veterum
722 1319 835 1347 histori-

56 1372 141 1392 corum
164 1366 334 1392 conlirmant
358 1365 424 1399 ipsa:
449 1364 558 1392 Eusebii
585 1364 760 1399 scriptiones.
787 1364 836 1392 Pio

58 1415 197 1446 sanctoque
208 1411 302 1438 animo
315 1410 348 1437 ad
361 1410 569 1445 concipiendum
584 1409 676 1437 odium
687 1417 770 1437 causa
780 1410 835 1437 haec

59 1457 112 1490 plus
120 1457 199 1484 etiam
213 1457 295 1484 satis.
312 1455 400 1490 Hujus
414 1457 497 1483 etiam
509 1455 616 1483 dissidii
633 1455 764 1490 Origenes
778 1456 836 1490 ipse

60 1510 134 1530 causa
152 1503 236 1530 altera
256 1507 283 1530 et
310 1502 468 1538 singularis.
487 1501 621 1529 Eusebius
642 1506 715 1529 totus
741 1505 783 1528 est
808 1502 834 1528 in

58 1547 164 1583 Origene
188 1549 378 1581 defendendo;
404 1555 484 1575 suum
517 1547 637 1575 studium
671 1551 698 1575 et
724 1555 834 1582 operam

59 1592 181 1628 impendit
196 1596 224 1621 in
240 1594 369 1625 historia;
386 1593 469 1620 etiam
482 1593 675 1627 Apologeticos
692 1599 706 1617 a
723 1599 753 1618 sc
767 1591 837 1618 scri-

59 1642 123 1672 ptos,
140 1643 169 1665 ut
186 1640 225 1666 eis
243 1639 325 1666 addat
341 1643 368 1666 et
385 1638 469 1666 robur
499 1643 526 1665 et
541 1636 646 1671 pondus
662 1637 836 1664 sanctissimo

58 1683 189 1719 Pamphilo
216 1684 331 1720 martyri
360 1684 484 1712 ascribit.
509 1682 617 1718 Susque
643 1683 730 1718 deque
756 1686 838 1710 ruant

59 1731 152 1763 omnia,
167 1735 274 1758 tantum
293 1731 331 1758 illi
345 1730 421 1758 solus
442 1733 567 1757 servetur
584 1729 730 1756 incolumis
746 1728 838 1764 Orige-

61 1783 113 1808 nes,
125 1777 157 1804 ab
174 1777 398 1804 accusationibus
429 1779 456 1803 et
469 1784 484 1802 a
498 1775 605 1803 delictis
625 1775 703 1802 liber.
720 1774 836 1802 Tantum

62 1821 199 1854 hominem,
216 1827 246 1850 et
261 1826 365 1849 tantum
381 1822 462 1849 heroa
474 1823 501 1849 in
513 1820 634 1848 Ecclesia
647 1820 752 1856 (quidni
764 1820 836 1847 enim

61 1867 172 1895 dubitem
189 1869 232 1896 sic
256 1867 401 1902 Origenem
418 1867 565 1902 appellare,
583 1866 732 1893 multorum
748 1870 774 1892 et
793 1873 836 1892 ve-

61 1915 281 1947 tustissiuiorum,
301 1921 450 1948 eorumque
476 1913 713 1941 sanctissimorum
726 1912 836 1939 Patrum

62 1960 209 1988 testimonio
239 1960 335 1995 fultus)
352 1968 367 1987 ξι
382 1960 529 1987 calumniis
554 1959 722 1987 vindicatum
743 1959 838 1986 defen-

62 2006 120 2034 dere
133 2008 206 2042 pium
224 2012 278 2039 est,
291 2007 425 2041 amicique
440 2007 532 2037 animi,
546 2006 593 2033 sed
616 2006 642 2032 in
655 2005 778 2033 criminis
792 2005 839 2032 de-

63 2053 196 2087 fensione,
225 2058 253 2081 et
274 2053 416 2088 dignitatis
448 2051 665 2087 propugnatione
695 2051 838 2078 veritatem

62 2099 205 2132 obvertere,
218 2104 247 2128 et
267 2099 366 2126 malum
385 2098 457 2125 malo
470 2097 579 2124 trudere
601 2096 698 2131 pejori,
722 2096 839 2124 Eusebio

62 2147 170 2177 tantum,
190 2149 217 2172 et
244 2145 318 2172 illius
340 2144 434 2171 farinae
461 2142 617 2169 hominibus
645 2142 837 2169 concedamus.

846 845 867 873 Β

877 221 960 251 sticw,
979 219 1048 254 Ἤδη
1063 219 1111 254 μὲν
1130 218 1177 246 οὖν
1191 219 1293 246 τούτων
1315 221 1362 246 καὶ
1376 220 1507 255 πρότερον
1519 221 1548 246 ἐν
1560 216 1600 250 οἷς
1615 219 1668 245 διε-

877 265 1048 300 τυπωσάμην
1071 266 1207 300 χρονικοῖς
1228 265 1336 292 κανόσιν
1353 265 1485 301 ἐπιτομὴν
1500 265 1669 300 κατεστησά-

880 319 942 347 μην·
951 311 1142 347 πληρεστάτην
1155 311 1178 337 δ’
1188 309 1234 337 οὖν
1244 311 1318 346 ὅμως
1329 310 1416 338 αὐτῶν
1426 312 1472 337 ἐπὶ
1479 311 1524 338 τοῦ
1536 311 1669 346 παρόντος

877 357 1009 392 ὡρμήθην
1024 356 1073 392 τὴν
1085 357 1223 392 ἀφήγησιν
1249 357 1423 392 ποιήσασθαι.
1437 356 1532 383 Mirum
1549 364 1614 384 sane
1627 358 1670 382 est

878 407 909 430 ut
923 402 1058 437 Josephus
1073 402 1196 438 Scaliger
1210 403 1238 430 in
1267 403 1364 430 horum
1385 403 1531 430 verborum
1572 410 1666 436 peree-

879 449 972 485 ptione
985 449 1120 480 excutiat,
1130 455 1157 477 et
1173 449 1288 476 aliorum
1307 450 1430 476 omnium
1456 456 1556 476 censor
1572 448 1599 474 in
1622 447 1668 474 his

879 493 1042 521 clarissimis
1059 494 1149 521 verbis
1166 495 1286 530 indigeat
1306 503 1421 522 censore
1434 504 1441 528 ;
1454 495 1492 521 ait
1503 501 1619 529 uatnque
1638 494 1666 521 in

880 538 1165 566 animadversionibus
1188 541 1222 566 ad
1247 539 1414 571 Eusebium,
1442 547 1503 566 cum
1530 538 1564 565 de
1594 538 1667 565 illius

880 584 970 619 operis
996 584 1075 611 titulo
1103 588 1212 618 tractat,
1243 583 1371 612 Eusebius
1392 584 1517 618 prommio
1541 582 1668 610 Historia

880 630 1065 657 ecclesiasticte
1079 630 1244 664 simpliciter,
1260 639 1291 656 ac
1303 630 1330 656 in
1348 637 1438 664 genere
1448 628 1568 664 Χρονικὰ
1579 629 1668 663 appel-

882 677 936 709 lat,
969 685 1110 712 eorumque
1142 685 1197 704 sese
1221 678 1351 711 epitomen
1379 677 1565 711 conscripsisse
1592 675 1668 702 dicit.

881 723 1019 758 Nusquam
1031 722 1088 749 hmo
1101 723 1235 750 sententia
1250 723 1277 749 in
1295 722 1405 749 Eusebii
1419 722 1519 753 verbis,
1535 728 1669 755 nusquam

881 768 1081 795 Chronicorum
1099 767 1232 802 Epitome.
1249 767 1302 794 Sed
1317 767 1352 794 de
1364 771 1455 794 mente
1470 766 1582 793 Eusebii
1599 765 1670 792 infe-

883 814 951 841 rius.
967 813 1072 847 Quibus
1089 813 1199 840 Eusebii
1215 813 1316 845 verbis,
1341 821 1403 840 cum
1419 820 1473 839 non
1494 811 1670 838 animadvero

881 860 961 888 tisset
978 859 1088 889 Suidas,
1105 859 1158 886 sibi
1175 859 1292 893 aliisque
1309 858 1445 892 pluribus,
1462 858 1532 884 forte
1544 857 1626 884 etiam
1641 859 1670 882 ct

883 905 1021 940 Scaligero
1037 904 1112 930 varia
1127 903 1330 931 commentandi
1344 907 1441 929 auctor
1454 902 1522 935 fuit;
1535 901 1670 937 χρονικῶν

882 951 1002 977 κανόνων
1017 949 1191 984 παντοδαπῆς
1216 949 1346 984 ἱστορίας,
1364 949 1412 975 καί
1425 947 1528 974 τούτων
1543 947 1669 982 ὲπιτομή.

918 995 1007 1023 Unum
1025 1004 1094 1031 opus
1109 995 1258 1031 perfectum
1279 995 1491 1029 absolutumque
1516 994 1542 1020 iu
1558 993 1612 1020 duo
1627 1001 1672 1021 se-

881 1042 1006 1077 junctum
1030 1042 1135 1072 divisit.
1152 1049 1269 1076 quorum
1287 1042 1402 1068 alterum
1427 1043 1500 1067 esset
1524 1038 1672 1066 Chronicon

884 1090 937 1116 late
952 1092 1059 1124 patens,
1076 1088 1191 1123 alterum
1206 1087 1301 1115 eadem
1314 1095 1374 1122 qua:
1391 1091 1418 1114 et
1432 1085 1562 1121 primum,
1573 1083 1671 1111 decur-

884 1139 939 1162 tata
952 1139 1052 1166 tamen,
1062 1137 1089 1161 et
1103 1134 1129 1160 in
1144 1133 1280 1169 epitomen
1291 1133 1400 1161 redacta
1413 1129 1670 1159 contineret.Joan-

883 1190 933 1210 nes
949 1182 1091 1209 Curterius
1109 1181 1136 1208 in
1153 1181 1268 1216 epistola
1282 1188 1363 1215 quam
1382 1179 1496 1215 prtelixit
1512 1178 1671 1213 fragmentis

884 1227 993 1255 Eusebii
1018 1228 1044 1254 in
1066 1227 1186 1254 editione
1210 1227 1343 1254 librorum
1372 1225 1443 1253 Hist.
1467 1225 1670 1256 erclesiasticw,

885 1274 984 1301 asserit
1005 1273 1092 1299 solam
1115 1272 1252 1307 epitomen
1276 1272 1355 1299 nobis
1375 1279 1531 1307 superesse,
1550 1277 1672 1298 canones

885 1324 975 1346 autem
1001 1319 1148 1346 chronieos
1168 1319 1314 1350 excidisse,
1331 1324 1491 1353 aigunienio
1511 1321 1621 1352 sumpto
1636 1323 1671 1343 ex

885 1367 939 1394 illis
956 1365 1117 1401 fragmentis
1134 1373 1194 1400 qua:
1205 1365 1324 1392 citantur
1336 1365 1370 1392 ab
1385 1365 1528 1392 Anastasio
1543 1365 1674 1398 episcopo

885 1412 1010 1446 Nicaeno,
1037 1410 1094 1438 Lib.
1116 1414 1208 1444 qttccst.
1229 1410 1257 1436 in
1275 1409 1304 1437 S.
1318 1408 1484 1443 Scripturam
1509 1417 1541 1436 ex
1558 1410 1670 1437 Eusebio

885 1459 913 1486 in
924 1459 1070 1488 Chronica,
1096 1463 1156 1490 quae
1170 1459 1260 1482 tamen
1273 1462 1327 1481 non
1345 1454 1481 1481 habentur
1497 1454 1523 1481 in
1539 1453 1672 1482 Eusebia-

886 1503 929 1530 nis
949 1501 1093 1529 Cbronicis
1109 1509 1170 1536 quae
1193 1500 1435 1528 circumferuntur.
1459 1499 1528 1527 Huic
1550 1500 1673 1535 opinioni

888 1549 994 1576 videtur
1005 1547 1096 1574 favere
1108 1546 1286 1577 Trithemius,
1299 1545 1375 1577 dum,
1385 1546 1431 1573 lib.
1449 1545 1488 1572 De
1501 1546 1672 1580 scriptoribus

886 1593 1071 1621 ecclesiasticis
1089 1592 1198 1620 Eusebii
1214 1599 1297 1627 opera
1323 1599 1498 1623 enumerans,
1524 1597 1604 1619 vocat
1620 1592 1672 1619 hoc

886 1640 974 1674 ipsum
998 1647 1067 1674 opus
1086 1638 1195 1665 Eusebii
1218 1647 1272 1666 non
1298 1637 1458 1669 Chronicon,
1477 1638 1524 1665 sed
1536 1637 1674 1672 Epitomeu

885 1686 1046 1715 Chronicw:
1063 1685 1103 1713 sic
1121 1685 1194 1712 enim
1213 1684 1267 1714 ille,
1292 1683 1425 1719 Epitomes
1448 1683 1585 1710 Chronica:
1608 1681 1674 1709 liber

887 1740 954 1758 unus
971 1739 1029 1757 cum
1043 1730 1090 1757 Itoc
1106 1729 1184 1756 initio
1196 1736 1206 1754 :
1218 1728 1335 1763 Moysen:
1352 1729 1436 1763 gentis
1452 1726 1602 1754 Hebraicw.
1621 1726 1674 1753 Alii

886 1777 1078 1804 existimarunt
1088 1774 1248 1801 Chronicnm
1260 1773 1334 1808 quod
1351 1777 1437 1799 exstat
1452 1780 1505 1799 non
1527 1780 1587 1799 esse
1601 1772 1673 1798 illam

887 1823 920 1850 ab
937 1821 1054 1849 Eusebio
1069 1820 1222 1848 confectam
1238 1819 1392 1854 Epitomcn,
1408 1826 1457 1845 nec
1476 1817 1673 1852 Hieronymum

887 1869 960 1896 illam
975 1867 1089 1896 vertisse
1106 1876 1112 1894 :
1132 1866 1179 1894 scd
1194 1873 1256 1893 esse
1274 1873 1369 1892 verum
1386 1863 1540 1892 Chronicon
1555 1862 1676 1890 historia:

888 1915 988 1942 factum
1013 1913 1046 1941 ab
1068 1912 1195 1944 Eusebio,
1215 1916 1242 1939 et
1262 1911 1424 1938 translatum
1450 1909 1484 1936 ab
1496 1908 1674 1944 Hieronymo,

888 1961 950 1989 licet
967 1961 994 1987 in
1003 1960 1084 1987 aliam
1101 1953 1215 1986 formam
1238 1958 1379 1986 redactum
1403 1962 1429 1984 et
1442 1955 1605 1983 mutilatum.
1621 1954 1677 1981 Lir-

888 2006 1002 2034 dovicus
1020 2004 1101 2031 Vives
1124 2004 1151 2030 in
1167 2003 1285 2038 August.
1301 2002 1349 2029 lib.
1371 2009 1449 2032 xviii,
1469 2000 1506 2027 De
1527 2001 1598 2026 cit-it.
1615 1999 1674 2031 Dei,

889 2059 950 2086 cap.
967 2051 994 2082 8,
1016 2055 1043 2078 et
1056 2049 1197 2076 Aruoldus
1220 2048 1359 2076 Pontaeus
1380 2047 1502 2074 sentiunt
1529 2050 1676 2080 utrumque

889 2102 997 2124 exstare
1017 2100 1044 2123 et
1066 2095 1228 2127 Cltronicon,
1250 2098 1278 2122 et
1301 2093 1448 2128 Epitomen,
1470 2093 1563 2120 ethoc
1585 2093 1676 2128 ipsum

890 2150 951 2169 esse
972 2141 1038 2168 illud
1060 2149 1129 2176 opus
1151 2140 1225 2175 quod
1246 2140 1381 2167 habemus
1402 2147 1458 2174 prae
1481 2138 1623 2170 manibus,
1649 2141 1677 2164 et

63 2188 138 2224 (Egre
152 2191 202 2218 fert
216 2191 269 2217 hoc
285 2190 419 2224 ingenuus
434 2188 570 2216 Eustathii
582 2188 727 2219 candor,et
735 2195 782 2222 pro
795 2195 841 2214 ve-
857 2199 878 2226 ι)
892 2188 963 2222 quod
978 2191 1092 2214 vocatur
1107 2194 1122 2213 a
1139 2185 1306 2221 Hieronymo
1320 2190 1348 2212 et
1360 2185 1422 2212 aliis
1444 2184 1552 2211 Eusebii
1566 2183 1678 2211 Chroni-

66 2238 149 2270 ritate,
164 2238 238 2274 quod
250 2238 337 2271 aiunt,
351 2238 441 2272 γυμνῇ
457 2236 560 2271 κεφαλῇ
577 2243 639 2262 eum
656 2235 774 2270 Origene
785 2243 843 2263 cer-

67 2285 230 2312 tameninit:
248 2284 391 2319 palamque
409 2287 436 2310 et
454 2290 530 2313 voce,
554 2286 582 2309 et
601 2281 713 2316 scriptis
734 2288 842 2309 errores

64 2329 132 2358 illius
156 2331 306 2366 impugnat,
325 2333 352 2357 et
372 2334 493 2364 apertam
509 2328 634 2355 veritatis
659 2327 766 2358 facient,
788 2335 843 2354 non

67 2377 221 2412 ambagibus
245 2381 273 2404 et
296 2376 367 2404 dolis
390 2379 545 2410 suspectam
571 2373 740 2401 amatoribus
764 2381 845 2408 expo-

66 2424 111 2455 nit,
125 2424 332 2458 volentibusque
339 2422 473 2457 judicium
482 2420 638 2448 cotutnittit.
656 2419 772 2453 Ideoque
779 2426 845 2453 quo-

66 2477 119 2496 rum
139 2471 240 2505 seripta
256 2470 308 2497 sibi
327 2468 452 2499 molesta,
475 2471 502 2495 ct
518 2467 628 2494 nomina
646 2466 740 2492 odiosa
757 2465 841 2492 ducit.

65 2515 100 2542 Ne
109 2521 195 2544 tamen
204 2517 315 2544 omnino
324 2516 402 2542 famae
412 2515 555 2542 detrahere
566 2514 703 2540 videretur
712 2512 845 2540 illiusmo-

67 2567 193 2598 natusque
207 2571 261 2590 non
276 2564 423 2593 aestimare,
435 2562 486 2588 hoc
501 2568 562 2588 etim
578 2560 678 2594 elogio,
692 2558 746 2584 τῶν
759 2557 844 2591 ἁγίων

66 2615 113 2638 τις,
129 2616 181 2642 quo
197 2613 224 2636 et
238 2608 489 2642 perniciosissimos
509 2605 635 2632 homines
657 2607 786 2638 exceptos
807 2602 845 2629 le-

67 2653 159 2687 gimus,
177 2655 326 2683 decoravit.

97 2699 160 2728 Ibid.
182 2700 407 2736 Ἄκριϐεστάτην
420 2699 481 2726 τῶν
492 2698 618 2732 χρόνων.
629 2695 762 2730 Georgius
774 2694 846 2729 Syn-

69 2747 158 2779 ccllus,
178 2749 207 2774 '0
222 2749 314 2784 μέντοι
324 2745 463 2778 Εὐσέϐιος,
477 2745 578 2780 καίπερ
608 2742 800 2779 πραγματείαν
814 2741 844 2767 οὺ

67 2793 112 2827 τὴν
123 2795 253 2829 τυχοῦσαν
274 2794 468 2828 συλλεξάμενος
498 2791 659 2826 φιλοπόνως,
676 2787 845 2823 καὶ-τᾳύᾳην

68 2839 111 2875 τὴν
119 2840 210 2868 ἑαυτοῦ
219 2841 346 2878 χρονικὴν
356 2839 516 2875 συγγραφὴν
524 2845 624 2864 κατασε
629 2835 738 2874 μνύνας.
749 2834 781 2861 Ει
791 2833 846 2861 Ευ-

892 2242 950 2260 con.
964 2232 1066 2260 Horum
1086 2232 1176 2259 varias
1190 2231 1311 2258 rationes
1323 2235 1349 2257 et
1364 2230 1561 2265 explicationes
1577 2229 1600 2256 si
1615 2230 1677 2263 quis

893 2279 1040 2311 desiderat,
1055 2279 1126 2313 legat
1141 2278 1303 2312 Apparatum
1313 2276 1424 2304 Pontaci
1434 2276 1461 2303 in
1478 2280 1557 2304 notas
1575 2275 1608 2302 ad
1620 2275 1676 2301 Eu-

894 2326 961 2354 sebii
979 2323 1182 2353 Cltronicoani
1195 2323 1279 2355 enim,
1292 2322 1356 2349 dum
1373 2323 1422 2349 has
1435 2330 1502 2357 quas
1518 2322 1677 2357 scripsimus

894 2371 1037 2406 opiniones
1056 2370 1165 2400 refellit,
1187 2376 1264 2396 suam
1284 2367 1391 2403 probat,
1412 2371 1439 2394 et
1459 2371 1489 2394 ut
1512 2368 1571 2402 ipse
1584 2366 1678 2394 existi-

894 2420 951 2443 mat
967 2415 1143 2442 validissimis
1163 2413 1315 2441 rationibus
1323 2413 1485 2439 conlirmare
1500 2412 1607 2445 nititur,
1623 2420 1678 2438 non

895 2461 968 2497 quod
992 2462 1044 2489 sibi
1065 2463 1255 2496 proposuerat,
1274 2459 1322 2486 sed
1339 2459 1412 2486 aliud
1430 2462 1528 2493 przeter
1550 2466 1625 2493 spem
1652 2464 1679 2485 et

894 2507 1127 2543 exspectationem
1143 2505 1328 2537 demonstrat;
1347 2505 1384 2531 ait
1399 2509 1530 2537 namque:
1551 2503 1679 2530 Eusebius

895 2556 964 2583 enim
973 2555 1112 2589 distinguit
1125 2553 1205 2580 libros
1215 2552 1342 2580 Historiae
1349 2550 1543 2579 ecclesiastica:
1567 2559 1582 2576 α
1597 2550 1688 2578 Chro»

895 2602 968 2633 nico,
992 2600 1105 2635 quodin
1126 2600 1182 2626 illis
1203 2600 1317 2633 plenius,
1334 2599 1362 2625 in
1379 2598 1426 2624 Itoc
1447 2597 1560 2629 brevius,
1577 2597 1603 2623 in
1626 2597 1681 2624 illis

896 2647 1065 2683 singillatim,
1082 2647 1108 2673 in
1121 2646 1168 2672 hoc
1181 2646 1343 2673 summatim.
1359 2649 1382 2671 et
1398 2644 1488 2678 utipse
1498 2643 1621 2678 loquitur.
1636 2650 1682 2677 per

895 2695 1034 2728 epitomen,
1049 2697 1073 2719 et
1088 2693 1126 2719 ita
1140 2690 1282 2719 Chronicos
1298 2699 1410 2718 canones
1426 2695 1450 2716 et
1467 2690 1593 2724 epitomen
1613 2688 1681 2715 idem

896 2747 960 2773 opus
974 2746 1031 2765 esse
1047 2737 1121 2764 docet
1137 2736 1369 2770 manifestissime;
1387 2742 1448 2769 qute
1461 2742 1522 2762 eum
1534 2741 1598 2762 vera
1613 2733 1680 2764 sint,

896 2793 951 2813 non
969 2789 1061 2812 tamen
1079 2784 1248 2819 propositum
1265 2783 1339 2812 illius
1361 2781 1498 2817 probant:
1515 2781 1587 2808 aliud
1608 2781 1681 2807 enim

896 2838 940 2862 est
967 2841 1021 2861 una
1043 2841 1104 2860 cum
1131 2831 1270 2859 Ludovico
1293 2829 1375 2858 Vives
1399 2830 1511 2862 sentire,
1536 2831 1683 2864 utrumque
