1903 3068
209 90 262 118 807

880 82 1005 110 ιΕυΝιε,
1023 82 1160 112 ALLATII

1795 80 1850 108 808

210 147 318 176 Eusebii
328 154 408 182 opus,
427 149 454 174 et
465 144 614 173 Chronicon
634 149 662 171 et
677 143 817 178 Epitomen
833 147 952 173 exstare,
970 145 998 168 et
1012 144 1034 172 Α
1049 150 1114 170 suas
1130 147 1219 175 notas,
1234 142 1390 177 multosque
1397 141 1461 169 dum
1475 141 1544 169 alios
1552 140 1709 176 corrigunt,
1725 139 1770 166 vel
1779 146 1850 166 exa-

210 194 283 221 aliud
312 192 461 220 Eusebium
482 192 568 219 libros
589 197 645 218 sua:
667 189 797 217 Historia:
819 196 835 216 a
865 187 997 215 Chronico

210 238 378 270 distinxisse,
401 242 429 265 et
451 238 478 264 in
503 237 549 263 illa
576 236 685 271 plenius
722 240 749 262 et
772 234 945 269 singillatim,
970 233 998 259 in

211 285 340 312 Chronico
353 283 462 311 brevius
472 287 499 310 et
513 282 669 309 summatim
678 301 686 313 ,
701 289 745 308 res
759 285 862 315 gestas,
875 284 902 306 et
915 286 1000 306 anno-

211 337 272 357 rum
286 330 385 357 seriem
402 335 557 355 enarrasse.
575 326 731 354 Ridiculum
748 327 812 353 item
836 329 910 352 esset
923 332 999 352 asse-

212 374 365 408 rere,quod
376 373 485 408 quidam
497 372 698 403 existimarunt,
713 373 749 398 ita
760 378 831 406 opus
847 371 899 397 hoc
915 369 999 397 Clu-o-

211 421 288 446 m'con
300 421 327 446 in
341 420 409 446 duas
426 423 517 453 partes
540 418 699 452 digessisse,
715 422 744 444 ut
758 417 785 444 in
799 417 883 452 priori
906 419 999 443 essent

212 467 280 493 certi
295 472 416 492 canones
434 472 481 491 seu
497 464 609 490 ordines
629 467 676 490 aut
693 463 837 494 columnae,
854 463 880 488 in
899 462 998 497 quibus

213 511 281 539 nihil
301 509 373 537 aliud
395 510 569 539 cernebatur,
589 515 671 543 quam
689 515 787 534 nomen
803 507 886 541 regis,
906 511 932 533 et
948 514 999 532 nu-

214 556 281 583 meri
291 562 423 582 annorum
437 554 538 588 ipsius;
550 554 576 579 in
589 552 734 587 posteriori
747 552 955 579 continerentur
967 559 998 578 ea

213 602 314 633 omnia.
327 608 387 635 qua:
401 600 433 627 ad
449 600 590 626 historiam
605 598 781 633 pertinerent,
798 606 912 633 (litaeque
926 605 999 624 nunc

213 647 338 675 diversas
354 647 404 673 has
417 645 559 672 columnas
575 649 718 679 occupant.
743 643 808 670 Rem
829 644 910 679 igitur
930 643 999 671 hanc

213 693 307 719 multis
319 691 523 718 dillicultatibus
543 691 723 721 obstructam,
744 690 787 717 vel
803 697 836 717 ex
859 690 916 716 sola
937 697 999 716 ver-

214 737 309 765 borqu
329 737 435 764 Eusebii
450 737 683 771 interpretatione.
701 735 886 770 planissimam
901 734 1001 762 allicie-

214 791 286 815 mus,
303 784 325 811 si
346 790 405 818 quae
419 783 475 817 jam
497 782 619 817 praedicti
639 786 766 808 auctores
782 781 808 807 in
826 780 942 807 Eusebio
957 781 1000 808 di.

215 826 320 855 vidnut.
335 830 362 853 et
382 827 419 852 uti
439 826 508 853 duos
527 830 661 852 tractatus
680 828 851 860 agnoscunt,
870 833 953 852 unum
971 824 1035 852 etB

214 870 339 897 eumdem
355 878 416 898 esse
431 870 625 897 existimarint.
643 869 748 896 Etenim
761 868 895 896 Eusebius
909 877 998 896 rerum

216 916 414 951 praeteritarum
431 916 624 950 peritissimus,
639 915 666 941 in
682 914 805 941 Historia
823 915 1000 941 ecclesiastica

216 969 306 988 rerum
323 962 415 988 varios
431 966 546 988 eventus
565 961 680 996 prolixe,
697 964 724 987 et
741 964 771 987 ut
787 960 920 987 historico
937 967 999 987 mu-

215 1007 274 1034 neri
295 1007 639 1038 incumbebat,euariavit,
662 1006 730 1033 nulli
754 1005 911 1037 verborum,
933 1005 1000 1032 nulli

215 1059 329 1086 parcens
341 1051 539 1078 sententiarum
553 1055 707 1078 structurae.
722 1050 784 1077 llaec
796 1051 887 1077 omnia
901 1053 930 1077 ut
942 1058 1001 1077 me-

216 1096 270 1124 lius
286 1096 393 1128 lectori,
410 1096 573 1131 faciliusque
593 1100 705 1132 possent
723 1103 880 1128 occurrere,
905 1102 1001 1129 super-

216 1141 278 1168 ﬂuis
305 1141 438 1169 detractis
458 1142 606 1176 minusque
632 1142 796 1168 necessariis
823 1140 1000 1172 detruncatis,

217 1193 360 1222 antequam
372 1188 517 1216 Historiam
525 1187 723 1219 conscriberet,
738 1187 820 1214 veluti
836 1187 864 1213 in
881 1187 1002 1221 epitome

217 1236 245 1261 in
267 1242 317 1262 suo
335 1233 463 1261 Chronico
477 1234 638 1268 digesserat.
657 1231 716 1258 Hoc
739 1231 812 1258 enim
838 1232 920 1258 verba
943 1231 1002 1265 ipsa

219 1280 328 1307 Eusebii
340 1280 418 1306 nobis
433 1279 561 1311 innuunt,
574 1286 635 1314 quae
654 1278 725 1306 male
739 1278 918 1312 interpretum
934 1277 1002 1303 vitio

217 1332 342 1362 excerpta
359 1327 425 1354 viris
445 1326 640 1355 eruditissimis
669 1333 774 1360 magna
793 1325 868 1353 fuere
891 1325 1003 1352 difﬁcul-

218 1374 277 1400 tati.
302 1372 442 1400 Sententia
463 1372 564 1408 quippe
588 1372 698 1399 illorum
722 1372 867 1399 verborum
892 1374 965 1398 recte
985 1378 1002 1397 a

217 1418 324 1445 Bulliuo
344 1425 473 1452 expressa
490 1425 521 1445 ea
535 1420 597 1445 est:
616 1417 743 1450 Quamvis
753 1416 813 1450 jam
835 1416 867 1442 de
886 1416 927 1442 his
936 1415 1001 1450 ipsis

217 1464 345 1492 nonnulla
358 1463 437 1490 etiam
449 1464 476 1490 in
491 1462 629 1490 Chronicis
647 1461 685 1496 (id
701 1466 750 1492 est,
764 1462 790 1488 in
801 1469 830 1487 eo
847 1468 923 1495 opere
933 1461 1001 1496 quod

217 1509 249 1536 de
266 1513 410 1543 temporum
426 1509 527 1535 ratione
540 1507 754 1542 conscripsimus)
770 1506 880 1532 breviter
897 1507 1000 1532 succin-

218 1560 305 1591 ctaque
315 1554 522 1589 perstrinxerim,
533 1554 635 1588 plenius
651 1557 737 1579 tamen
753 1553 779 1578 in
790 1552 914 1586 presenti
925 1559 1000 1586 apere

218 1602 381 1637 singulorum
393 1600 571 1627 narrationem
582 1600 683 1633 aperire
695 1598 862 1625 tentabimus.
877 1597 1001 1633 Epitome

219 1648 310 1682 itaque
324 1654 404 1681 quam
416 1647 459 1673 hic
473 1646 565 1673 laudat
576 1645 721 1677 Eusebius,
738 1651 793 1671 non
808 1649 849 1671 est
860 1644 902 1671 sui
917 1643 1001 1671 Chro-

220 1692 273 1718 uici
285 1692 412 1726 epitome,
426 1697 455 1717 ut
473 1689 529 1716 fere
547 1697 642 1716 omnes
663 1688 767 1723 opinati
789 1691 854 1715 sunt
869 1686 904 1714 ad
928 1686 1000 1714 hunc

219 1737 301 1769 diem,
316 1736 363 1764 sed
375 1740 416 1763 est
430 1736 546 1771 epitome
561 1742 662 1766 rerum.
677 1742 745 1768 quas
760 1733 876 1768 plenius,
895 1736 921 1760 et
938 1740 1001 1766 pro-

220 1781 310 1808 lixiori
327 1781 469 1808 verborum
484 1785 510 1808 et
524 1780 721 1808 sententiarum
742 1780 845 1806 ambitu
863 1781 889 1806 iu
908 1778 999 1805 Histo-

221 1828 262 1855 ria
275 1826 362 1854 fuerat
377 1829 548 1861 prosecutus.
567 1824 662 1860 Neque
684 1823 795 1852 Suidam
811 1825 835 1852 si
860 1825 1001 1851 minimam

219 1874 364 1900 verborum
379 1873 476 1900 seriem
494 1873 624 1904 invertas,
645 1871 679 1898 ab
693 1871 743 1898 hac
757 1877 850 1898 nostra
865 1872 1000 1898 sententia

220 1919 353 1946 dissidere
375 1920 416 1946 vel
441 1918 600 1945 discordare
623 1917 795 1952 comperies;
813 1918 851 1944 ait
869 1919 942 1945 enim
967 1917 1000 1944 de

220 1964 442 1999 Eiisebio,etejits
449 1966 574 2001 scriptis:
590 1963 1001 1999 Ἐκκλησιαστικῆςίστορίας

221 2010 295 2045 λόγοι
308 2009 334 2042 ι’,
352 2009 490 2044 Χρονικῶν
527 2010 645 2036 κανόνων
668 2010 841 2045 παντοδαπῆς
869 2010 1000 2046 ιστοριεις,

223 2057 269 2084 καὶ
285 2056 385 2084 τούτων
396 2054 717 2091 ἐπιτομή.Τιιίῑοιεείιο;
734 2053 1006 2088 Ἐκκλησιαστικῆς

221 2097 354 2130 ἱστορίας
361 2099 432 2133 λόγοι
449 2099 475 2131 ι’,
489 2100 536 2126 καὶ
551 2100 652 2128 τούτων
666 2101 782 2136 ἐπιτομὴ
796 2101 935 2137 Χρονικῶν
951 2109 1002 2128 κα-

1048 189 1144 223 gita-nt,
1158 196 1272 224 peccare
1288 193 1314 216 et
1331 188 1479 215 foedissime
1494 186 1696 222 deprehensum
1706 189 1773 217 est;
1789 185 1851 211 Ilo-

1048 236 1131 262 mincs
1147 243 1249 266 sumus,
1272 235 1363 262 aiebat
1386 234 1441 265 ille.
1460 242 1511 261 non
1528 234 1577 260 dii.
1599 233 1668 259 Illud
1687 236 1788 259 tamen
1806 236 1850 259 est

1048 281 1138 315 aliqua
1155 281 1376 308 consideratione
1396 287 1450 307 non
1478 280 1618 314 indignum
1632 286 1641 305 :
1655 286 1722 305 num
1743 278 1849 305 videli-

1048 330 1091 354 cet
1114 326 1246 355 Eusebius
1263 327 1361 361 dignus
1377 334 1426 353 sua
1444 326 1522 353 laude
1533 326 1579 357 sit,
1594 325 1660 352 dum
1680 329 1782 359 spreta
1807 329 1849 351 tot

1048 372 1214 406 scriptorum
1237 371 1392 399 Judseorum
1416 376 1443 398 et
1467 371 1687 398 Christianorum
1707 371 1745 398 de
1760 374 1848 398 atate

1048 417 1150 453 Moysis
1166 418 1311 450 sententia,
1323 418 1355 444 ad
1368 425 1436 444 nova
1453 417 1575 452 quaedam
1585 423 1693 452 reperta
1706 416 1845 444 recurrit.

1049 463 1120 491 Sane
1132 464 1287 491 veneranda
1304 463 1465 498 antiquitas,
1481 467 1507 490 et
1523 463 1676 498 sapientum
1691 462 1844 489 hominum

1049 510 1190 537 sententia:
1209 510 1297 545 dignae
1323 513 1396 541 sunt,
1415 517 1485 544 quas
1501 514 1527 537 et
1543 509 1725 538 admiremur.
1744 513 1774 535 et
1795 509 1844 534 ho-

1048 563 1187 587 noremus,
1197 559 1225 582 et
1242 561 1317 582 extra
1326 563 1373 582 eas
1383 555 1473 589 vagari
1487 555 1568 582 nimis
1582 555 1775 590 periculosum
1790 557 1843 581 est.

1048 602 1139 635 Quare
1153 601 1286 637 Georgius
1302 601 1446 637 Syncellus
1461 601 1559 628 mirum
1576 601 1602 627 in
1619 601 1733 628 modum
1756 599 1843 627 Euse-

1048 648 1084 676 bii
1100 648 1245 675 consilium
1254 648 1374 682 exagitat
1390 648 1433 674 his
1445 648 1536 674 verbis
1555 657 1560 674 :
1576 647 1637 673 Ὀτι
1653 647 1704 682 μὲν
1722 644 1776 673 οὖν
1791 647 1842 673 αὺ-

1048 694 1094 726 τδς
1118 693 1206 729 ἑαυτῷ
1231 694 1280 729 τὴν
1306 693 1421 720 ἀτοπίαν
1443 693 1489 720 τοῦ
1516 693 1595 726 λόγου
1621 692 1844 729 μεμαρτύρηκεν

1049 739 1189 770 Εὐσέϐιος.
1199 740 1279 774 ἀρκεῖ
1294 739 1361 774 πρὸς
1373 739 1535 774 κατανόησιν
1550 740 1606 770 τοῖς
1620 747 1650 772 γε
1660 739 1757 770 ποσῶς
1774 747 1842 773 μετ‹

1049 785 1178 821 εσχηκόσι
1207 783 1384 816 παιδεύσεως,
1406 785 1489 820 ἄλλης
1515 792 1545 810 τε
1567 784 1614 811 καὶ
1639 785 1689 820 τῆς
1712 785 1746 811 ὲν
1770 785 1844 810 ἱστο-

1050 830 1121 866 ρίαις
1135 830 1262 861 παλαιαῖς
1287 831 1513 865 ὁμολογουμένης.
1534 830 1582 856 Ἓν
1602 830 1655 866 γὰρ
1674 830 1755 865 αὐτῷ
1773 830 1844 865 πρὸς

1050 875 1203 910 ἀνατροπὴν
1230 874 1283 901 τῶν
1311 874 1560 909 συγγεγραμμένων
1583 874 1664 909 ἤρκει
1685 873 1783 903 τοῦτο,
1797 874 1842 900 καὶ

1051 921 1130 956 μόνον
1138 920 1167 947 τὸ
1180 922 1240 952 ταῖς
1251 920 1394 950 τοσαύταις
1404 920 1569 955 τηλικούτων
1583 919 1672 952 δόξαις
1679 919 1793 954 ἀνδρῶν
1804 927 1844 953 φιΔ

1049 966 1171 1001 λοσόφων
1197 967 1361 999 ἀντιπεσείν,
1387 966 1544 1001 ἀμάρτυρόν
1559 974 1588 992 τε
1604 965 1655 1000 τὴν
1676 965 1745 1000 παρ’
1756 965 1841 991 αὐτοῦ

1050 1013 1276 1048 παρεισαγαγεῖν.
1293 1012 1333 1038 Τὰ
1348 1011 1403 1046 γὰρ
1419 1013 1479 1043 ταῖς
1492 1011 1546 1037 τῶν
1561 1011 1676 1042 πολλῶν,
1694 1011 1802 1046 μᾶλλον
1814 1011 1842 1037 δὲ

1049 1058 1104 1084 τῶν
1118 1058 1224 1085 πάντων
1232 1058 1321 1090 δόξαις
1331 1057 1544 1093 ἀντεισαγόμενα
1554 1057 1631 1092 μόλις
1639 1057 1683 1089 ἂν,
1701 1056 1752 1082 καὶ
1773 1056 1842 1090 μετὰ

1051 1103 1152 1138 πολλῆς
1165 1103 1353 1138 προσδεχθεῖεν
1367 1102 1400 1129 ἂν
1417 1101 1579 1133 ἀποδείξεως
1593 1102 1668 1137 παρὰ
1683 1102 1743 1133 τοῖς
1758 1099 1791 1128 εὖ
1806 1103 1843 1127 sl-

1050 1147 1107 1174 δόσι
1122 1147 1209 1174 ταῦτα
1225 1147 1337 1182 κρίνειν.
1350 1146 1485 1181 Iosephus
1502 1145 1622 1180 Scaliger
1636 1145 1794 1172 Eusebium
1808 1145 1842 1171 ab

1051 1194 1103 1221 hac
1128 1193 1237 1228 Georgii
1262 1193 1481 1227 expostulatione
1507 1192 1637 1220 vindicat.
1670 1191 1746 1218 Nam
1772 1191 1842 1226 quod

1051 1241 1168 1266 omnium
1182 1247 1308 1266 consensu
1326 1243 1511 1272 rectptumut,
1525 1243 1549 1265 et
1565 1244 1678 1271 tempore
1689 1237 1786 1272 fidem,
1799 1242 1842 1263 at-

1051 1294 1100 1322 que
1116 1286 1301 1312 auctoritatem
1317 1286 1422 1318 meruit,
1443 1293 1495 1311 non
1511 1284 1628 1319 sequitur
1638 1284 1795 1311 necessario
1802 1291 1842 1310 u-

1052 1340 1110 1358 rum
1136 1340 1201 1358 esse.
1233 1331 1306 1358 Bona
1335 1331 1415 1362 ratio,
1442 1331 1536 1358 nescio
1553 1338 1587 1357 an
1610 1337 1625 1357 a
1643 1335 1722 1357 recta
1735 1333 1840 1357 mente.

1052 1378 1156 1406 Nollem
1173 1377 1342 1414 Scaligerum
1359 1378 1411 1405 hoc
1435 1378 1546 1404 nomine
1565 1382 1690 1404 veterum
1726 1375 1842 1403 Patrum

1052 1423 1246 1458 catholicaeque
1271 1422 1427 1450 Ecclesiaea
1442 1430 1493 1450 suo
1518 1421 1632 1449 exordio
1660 1422 1841 1449 continuata:

1053 1470 1205 1497 sententias
1225 1470 1443 1503 auctoritateque
1459 1468 1564 1495 ﬁrmata
1579 1467 1709 1502 dogmata
1741 1467 1840 1501 rejice-

1052 1523 1082 1543 re
1092 1536 1100 1549 ,
1124 1515 1289 1543 intrudendo
1304 1522 1373 1541 nova
1388 1524 1395 1541 :
1411 1514 1474 1549 quia
1489 1522 1539 1540 non
1556 1513 1674 1547 sequitur
1687 1513 1840 1539 necessario

1053 1570 1114 1588 ocra
1125 1570 1192 1589 esse.
1205 1560 1387 1588 Novatoribus
1395 1559 1467 1588 favet
1478 1560 1536 1595 ipse
1546 1563 1671 1586 novator.
1683 1557 1765 1586 Sciat
1773 1566 1840 1586 nova

1053 1608 1145 1635 omnia
1162 1613 1289 1642 suspecta
1308 1615 1378 1634 esse.

1088 1654 1169 1686 Ibid..
1187 1654 1235 1680 lin.
1249 1654 1274 1681 9.
1289 1652 1434 1687 Χρονικοῦ
1448 1652 1587 1684 κανόνος.
1602 1650 1783 1681 Ex'Eusebio.
1798 1649 1839 1676 Ἑν

1052 1699 1080 1726 δὲ
1093 1699 1132 1735 τῷ
1147 1700 1260 1734 παρόντι
1276 1699 1322 1726 ἐπὶ
1333 1699 1364 1725 τὸ
1377 1698 1442 1726 αὐτὸ
1459 1698 1522 1729 τοὺς
1536 1697 1647 1733 χρόνους
1663 1696 1837 1731 συναγαγὼν,

1053 1746 1248 1781 ἀντιπαραθεὶς
1261 1745 1293 1772 ὲκ
1308 1744 1480 1781 παραλλήλου
1497 1743 1542 1770 τὸν
1556 1743 1620 1778 παρ’
1628 1742 1740 1778 ἑκάστῳ
1771 1743 1838 1768 ἔθνει

1052 1791 1107 1818 τῶν
1119 1791 1187 1817 ἑτῶν
1202 1791 1327 1826 ἀριθμὸν,
1343 1790 1467 1826 χρονικοῦ
1480 1789 1592 1820 κανόνος
1604 1788 1734 1820 σύνταξιν
1748 1789 1838 1823 ἐποιη-

1055 1837 1154 1871 σάμην.
1166 1836 1241 1872 Opus
1253 1836 1303 1862 hoc
1323 1835 1432 1862 Eusebii
1444 1835 1529 1862 variis
1546 1834 1641 1865 titulis.
1658 1840 1707 1860 seu
1724 1833 1837 1859 nomini-

1053 1881 1105 1908 bus
1132 1881 1293 1916 insignitur;
1317 1879 1481 1915 quibusdam
1499 1879 1571 1906 enim
1586 1878 1688 1905 dicitur
1705 1876 1836 1904 Chronica

1054 1928 1082 1953 in
1099 1927 1231 1962 singulari
1254 1926 1394 1957 feminino,
1412 1925 1472 1952 aliis
1484 1923 1631 1954 Chronica.
1646 1924 1710 1950 aliis
1725 1922 1836 1950 Chroni-

1053 1981 1122 2002 cum.
1138 1973 1199 1999 aliis
1217 1971 1351 2003 Chronici,
1368 1971 1430 1998 aliis
1446 1971 1588 2000 Chronica,
1606 1969 1668 1996 aliis
1686 1967 1832 1995 Chronico-

1053 2026 1112 2045 rum
1129 2018 1200 2048 libri.
1217 2018 1278 2045 aliis
1293 2017 1406 2044 historia
1427 2016 1568 2046 Chronica,
1591 2014 1714 2041 Historia
1738 2019 1834 2046 tenipo-

1054 2072 1122 2097 rum,
1139 2063 1261 2090 Historia
1277 2063 1478 2094 Chronicorum,
1496 2062 1623 2092 Annales,
1640 2060 1721 2087 Liber
1739 2065 1833 2093 tenipo-

1053 2117 1123 2142 rum,
1157 2109 1348 2137 Chronicorum
1378 2108 1515 2136 Canonum
1540 2108 1679 2141 multiplex
1707 2106 1832 2135 historia.

222 2144 304 2171 νόνων
326 2144 498 2180 παντοδαπῆς
519 2145 660 2180 ἱστορίαςί
679 2153 777 2181 nempe
801 2146 1000 2175 Ecclesiastica:

1054 2155 1202 2183 Chronicon
1227 2154 1384 2182 omnimodrc
1410 2154 1538 2181 historite.
1567 2153 1667 2180 Verum
1690 2157 1720 2179 ut
1736 2153 1832 2179 clarius

222 2189 342 2216 historia:
355 2189 416 2216 libri
428 2189 525 2220 decem,
534 2196 558 2216 et
571 2190 661 2216 horum
675 2190 797 2225 Epitome
813 2191 1001 2219 Chronicorum

221 2243 352 2262 canonum
367 2235 524 2262 omnimodae
539 2235 667 2267 Itistoriaz,
680 2240 758 2271 quasi
784 2237 898 2268 diceret,
914 2237 1003 2264 Cano-

222 2289 272 2309 nes
287 2280 450 2308 omuimoda:
465 2281 588 2309 historiic
606 2281 739 2308 librorum
762 2281 866 2313 decem,
876 2280 1002 2308 Historia:

223 2325 408 2353 ecclesiastica!
446 2330 511 2354 sunt
547 2327 675 2361 epitome.
707 2327 878 2362 Couscripsit
910 2328 1002 2363 itaque

221 2371 367 2398 Chronicon
394 2371 527 2399 Eusebius
552 2373 625 2407 quod
648 2378 690 2400 est
703 2373 786 2400 veluti
809 2374 1000 2408 compendium

221 2424 311 2443 rerum
330 2424 345 2443 a
361 2425 390 2444 se
407 2417 571 2452 scriptarum
588 2419 616 2444 in
634 2418 754 2445 Historia
771 2419 959 2451 ecclesiastica,
975 2425 1002 2446 et

220 2470 274 2490 non
290 2463 453 2494 Clirouicon,
468 2468 495 2490 et
514 2464 710 2499 Compendium
725 2465 864 2499 chronici,
880 2470 909 2493 ut
924 2467 1001 2494 multi

221 2513 320 2536 temere
336 2509 440 2543 opinati
457 2513 532 2537 sunt.

256 2554 315 2581 Col.
333 2554 395 2587 708,
414 2556 461 2582 litt.
476 2556 500 2582 ’1.
524 2556 588 2588 Τοῖς
596 2558 716 2591 χρόνοις
737 2558 852 2592 Ἰνάχου
863 2560 917 2586 τὸν
930 2560 999 2594 μέν,

219 2595 365 2624 Eusebium
378 2598 404 2625 in
417 2607 469 2637 suo
479 2599 608 2627 Chronico
625 2602 652 2628 in
667 2603 761 2630 multis
776 2611 837 2631 esse
852 2605 1002 2632 hallucina-

220 2646 276 2668 tum
293 2644 392 2678 reperit
406 2644 460 2672 Jos.
473 2646 543 2679 phus
560 2646 693 2682 Scaliger,
718 2653 745 2675 et
762 2650 818 2681 alii,
836 2654 862 2677 et
880 2656 942 2679 ante
954 2660 1001 2680 eos

219 2687 351 2724 Georgius
369 2690 523 2725 Syncellus.
553 2692 608 2720 Nec
626 2695 725 2723 mirum
752 2700 794 2722 est
818 2697 954 2724 hominem
974 2699 1002 2725 in

220 2737 294 2760 tanta
311 2743 403 2763 reruni
416 2737 596 2770 obscuritate,
613 2748 644 2766 ac
660 2741 831 2776 ignoratione
855 2744 1001 2778 aliquando

220 2778 325 2811 lapsum
342 2782 435 2812 fuisse.
453 2784 557 2813 Habent
574 2790 601 2814 et
614 2788 710 2824 reliqui
731 2796 827 2818 omnes
852 2791 1002 2826 scriptores

1052 2201 1144 2228 omnia
1171 2201 1230 2228 haec
1254 2201 1438 2231 innotescunt,
1466 2208 1501 2226 ne
1521 2200 1604 2226 variis
1620 2199 1710 2225 titulis
1723 2206 1769 2226 res
1784 2206 1833 2225 una

1051 2247 1202 2281 cadentque
1212 2247 1384 2279 obscuretur,
1396 2254 1485 2280 opera:
1496 2246 1613 2281 pretium
1626 2246 1679 2272 erit
1687 2245 1830 2279 explicare.

1051 2293 1178 2327 quisnam
1207 2292 1289 2319 fuerit
1304 2293 1348 2319 hic
1369 2291 1480 2319 Eusebii
1505 2296 1649 2321 tractatus.
1672 2295 1699 2318 et
1724 2291 1752 2317 in
1779 2297 1831 2325 qua:

1052 2339 1173 2366 membra
1185 2338 1299 2370 divisus,
1315 2342 1341 2366 et
1358 2339 1420 2373 quis
1437 2338 1590 2373 praecipuus
1606 2337 1769 2372 primusque
1777 2337 1830 2371 ejus

1052 2391 1162 2418 copiis.
1196 2383 1285 2410 Unum
1325 2383 1418 2417 itaque
1447 2383 1596 2418 perfectum
1625 2382 1830 2416 absolutumque

1052 2430 1103 2456 fuit
1118 2429 1225 2457 Eusebii
1242 2428 1398 2457 Chronico".
1410 2428 1495 2462 Quod.
1512 2433 1540 2455 ut
1557 2427 1734 2455 Marcellinus
1747 2435 1829 2455 comes

1052 2476 1079 2502 in
1098 2475 1255 2510 pra-latione
1268 2476 1310 2502 sui
1326 2475 1450 2502 Chronici
1468 2475 1577 2506 asserit,
1596 2483 1612 2501 a
1629 2474 1723 2500 mundi
1736 2474 1828 2509 fabrica

1051 2529 1133 2555 usque
1159 2521 1192 2547 ad
1221 2520 1423 2548 Constantinum
1451 2520 1595 2555 principrm
1626 2519 1757 2546 Eusebius
1778 2519 1828 2546 Ctt-

1051 2568 1177 2594 sariensis
1189 2568 1267 2602 hujus
1281 2567 1372 2594 amuli
1383 2567 1522 2600 originem,
1539 2572 1664 2600 tempora.
1684 2574 1778 2597 annos,
1794 2574 1828 2592 res

1052 2622 1114 2647 grta,
1130 2614 1286 2648 virtutesque
1302 2613 1464 2644 mortalium,
1483 2617 1507 2639 et
1522 2612 1656 2639 tun-iurum
1680 2613 1778 2638 artium
1792 2619 1827 2637 re-

1052 2663 1179 2691 pertores.
1193 2659 1358 2693 omniumque
1372 2667 1434 2693 pene
1454 2659 1648 2691 provinciarum
1669 2662 1826 2684 monumenta

1053 2701 1144 2728 (ἐνατο
1157 2702 1237 2728 edidit
1251 2705 1330 2738 siglo,
1350 2709 1487 2739 nosterque
1504 2703 1682 2738 Hieronymus
1701 2703 1825 2730 transtulit

1053 2749 1078 2774 in
1093 2746 1226 2777 Latinum.
1240 2753 1264 2775 et
1281 2757 1361 2783 usque
1374 2750 1400 2776 in
1419 2750 1553 2776 Valentem
1568 2749 1702 2776 Cit-sarem
1721 2749 1825 2777 Romano

1054 2792 1148 2827 adjecit
1177 2792 1290 2827 eloquio.
1317 2794 1406 2828 Igitur
1427 2799 1534 2830 uterque
1553 2795 1631 2829 hujus
1645 2796 1732 2829 operis
1746 2800 1825 2822 auctor
