1903 3068
75 101 125 129 809

586 105 618 133 ΙΝ
639 105 824 134 EUSTATHII
842 107 1078 136 HEXAEMERON
1098 109 1209 139 NOTAE.

1633 118 1686 148 8i0

75 165 246 186 vimuuvni
265 148 394 187 anuon
415 161 483 188 hunc
499 163 625 190 mundum
638 168 700 191 tum:
714 165 772 199 [ore
785 166 852 193 miro
867 171 890 199 Α
903 171 930 194 et
941 167 979 194 rei
994 167 1214 196 demonstrandae
1228 172 1399 206 propositum
1412 174 1502 208 potius
1517 174 1544 202 id
1557 183 1690 211 exposce-

74 205 228 238 aomputam't
252 206 366 241 ingenio.
395 206 482 242 Hujus
520 210 678 238 excellentis
707 215 734 239 et
768 213 850 240 unius

74 251 158 286 operis
179 255 275 286 partes
295 253 361 280 duas
375 258 470 282 auctor
489 255 570 283 fecit:
590 257 708 292 priorem
732 259 854 292 Κανόνας

72 294 243 329 παντοδαπῆς
268 297 387 332 ἱστορίας
399 306 407 313 ί
433 301 619 333 posteriorem,
635 302 741 329 Κανόνα
761 313 852 339 χρονι-

73 338 115 365 κόν
129 339 281 375 inscripsit.
291 340 318 368 ln
334 343 451 376 priorem
466 347 586 373 omnium
603 348 734 381 gentium,
754 338 853 385 regno-

71 392 137 415 rum,
155 385 311 419 civitatum,
335 389 480 421 cunabula,
513 392 642 426 origines,
674 395 850 430 antiquitates

71 430 218 458 contulerat
232 441 240 460 '.
254 432 284 459 in
298 434 444 461 secundam
454 436 542 463 solum
555 440 651 465 seriem
661 447 849 476 numerorum,

71 483 114 503 seu
124 483 260 503 annorum
280 478 484 513 imperatorum,
499 485 525 508 et
538 484 668 510 nonnulla
682 485 744 512 alia.
758 485 850 513 Prima

70 529 129 557 pars
151 523 289 558 prolixior
318 532 351 551 ex
375 526 458 553 variis
490 528 648 556 auctoribus
675 531 847 566 concinnata,

69 568 141 602 quasi
165 567 279 600 dill'usa,
303 573 330 596 et
351 577 419 604 pene
448 574 601 600 communis
619 574 652 600 ad
671 583 849 611 quascunque

69 613 130 640 alias
145 614 268 642 rationes
285 618 437 650 temporum
451 618 530 645 nobis
547 621 720 654 proponitur.
743 621 849 650 Secun-

69 659 99 686 da
114 660 235 687 strictior
249 664 277 688 et
292 662 413 695 pressior
435 664 486 690 soli
500 664 725 694 demonswationi
740 668 844 702 dedita,

69 712 148 732 annos
166 713 320 741 eorumque
348 708 447 736 seriem
473 717 520 744 per
543 711 642 746 strigas
669 717 696 740 et
726 714 846 749 virgulas

69 750 234 784 manifestat;
252 753 339 779 multa
360 761 420 788 qua:
447 755 474 782 in
495 757 579 790 priori
606 762 683 792 parte
711 760 842 794 confusa,

69 796 94 823 in
128 797 249 825 secunda
283 798 412 827 distincta
452 806 602 829 carnuntur
631 813 637 830 :
674 804 701 832 in
738 805 846 834 Conone

904 212 969 239 bant
985 217 1014 240 ut
1027 214 1061 241 ab
1082 214 1179 248 Adam,
1194 216 1235 243 vel
1252 217 1276 243 si
1302 225 1317 244 a
1341 219 1450 253 regibus
1471 228 1485 247 a
1512 220 1586 254 Belo,
1604 223 1644 250 vel
1669 229 1688 251 ι

905 259 1033 291 Saturno,
1048 261 1090 288 vel
1102 262 1163 288 aliis
1176 262 1379 297 antiquioribus
1399 266 1505 294 initium
1521 267 1628 296 dicendi
1646 269 1688 298 fa-

902 311 986 334 ceret.
1010 307 1071 342 lpse
1092 315 1157 336 vero
1188 317 1204 336 a
1220 309 1290 337 Nino
1306 318 1353 338 seu
1382 312 1517 340 Abraham
1534 316 1685 346 exorditur.

902 351 1036 379 Caeterum
1053 353 1181 387 Eusebio,
1199 356 1325 391 aliisque,
1347 358 1393 392 qui
1407 366 1457 393 pro
1473 361 1643 395 antiquitate,
1658 367 1685 390 et

901 399 1023 426 veritatis
1039 400 1172 435 religione
1189 409 1251 429 cum
1265 404 1391 437 gentibus
1405 406 1557 439 certabant,
1572 415 1685 436 necesse

901 449 974 478 erat,
991 450 1020 472 ut
1037 453 1070 473 ex
1097 447 1179 475 rebus
1194 449 1264 482 apud
1286 450 1347 477 illos
1362 451 1445 482 nolis.
1478 453 1598 487 nullique
1615 462 1684 482 con-

901 492 1031 519 troversis
1042 493 1141 528 scripta
1150 500 1352 530 componerent.
1363 496 1483 525 Etlmicis
1496 503 1585 526 autem
1595 500 1683 528 histo-

901 537 1064 572 riographis,
1091 544 1146 567 tam
1173 541 1274 569 Graecis
1301 550 1382 576 quam
1414 543 1518 571 Latinis
1539 552 1684 574 commune

900 582 961 615 fuit,
979 588 1007 611 ut
1022 589 1137 612 testatur
1152 586 1254 615 Paulus
1272 588 1396 620 Orosius,
1413 594 1443 616 ut
1464 592 1575 619 annales
1589 600 1653 620 suos
1666 601 1682 620 a

899 628 968 656 Nino
981 630 1142 665 inciperent,
1155 640 1216 660 cum
1229 634 1320 661 omnia
1337 640 1400 662 ante
1409 643 1471 662 eum
1489 637 1595 671 penitus
1607 638 1684 672 igno-

899 680 1000 706 rarent,
1016 684 1066 703 nec
1081 678 1208 712 gentilem
1230 680 1313 706 ullam
1333 681 1462 708 haberent
1480 682 1630 711 historiam.
1651 683 1683 711 Et

899 719 957 754 ipse
976 720 1107 749 Eusebius
1125 723 1151 750 in
1173 724 1330 758 praefatione
1347 734 1353 752 :
1372 726 1415 751 ’Ev
1429 723 1469 757 οἷς
1494 727 1569 753 οὐδὲν
1586 728 1681 764 ἐπίση-

899 775 948 802 μον
964 768 1074 802 γεγονὸς
1092 769 1237 805 ἱστορεῖται
1258 772 1323 806 παρ’
1334 772 1471 808 Ἕλλησιν.
1484 773 1554 800 Hinc
1573 774 1682 802 Tertul-

898 811 988 839 lianus
1013 813 1059 840 lib.
1087 814 1126 841 De
1146 814 1255 848 pallio:
1282 816 1359 850 Piget
1385 818 1474 845 tristia
1499 827 1550 845 non
1581 820 1679 852 minus,

1146 842 1150 848 Ι
1318 842 1330 850 α
1387 842 1402 843 η
1422 842 1472 845 ..ιη
1582 842 1679 852 ..μω-ν,

66 842 132 869 enim
164 843 290 871 chronica
330 845 522 874 consideratur
554 854 581 876 et
615 850 700 878 series
733 855 760 878 et
797 860 839 880 re-
861 855 880 881 Β
894 866 973 892 quant
992 867 1129 893 regnorum
1152 861 1216 888 vires
1236 870 1376 890 recensere.
1396 863 1503 897 Quoties
1517 870 1542 892 et
1557 866 1609 892 ista
1624 875 1682 893 mu-

66 892 121 915 ctus
148 889 217 916 ordo
255 898 432 919 numerorum
473 901 521 921 8ου
554 903 708 929 annorum,
739 906 844 926 necnon

66 934 215 962 earumdem
234 937 372 971 oppositio
388 938 558 968 diversorum
582 942 718 969 ordinum.
744 945 842 972 Arnal-

65 979 111 1006 dus
127 979 265 1009 Pontacus
291 987 367 1017 putat
388 983 514 1013 Canones
543 987 688 1015 cbronicos
705 989 743 1016 nil
768 990 840 1017 aliud

65 1033 129 1056 esse,
143 1034 223 1060 quam
240 1029 349 1056 tabulas
361 1029 477 1064 aliquas,
498 1031 524 1057 id
540 1035 592 1062 est.
623 1033 731 1060 diversa
752 1035 840 1069 spatia

64 1069 178 1097 dimensa
196 1072 279 1100 lineis
293 1081 326 1100 ac
337 1074 487 1107 laterculis.
513 1084 573 1111 qua:
585 1078 727 1105 continent
745 1088 840 1107 nume-

64 1121 106 1141 ros
118 1116 167 1142 sibi
186 1119 329 1152 oppositos
347 1126 379 1146 ex
403 1120 528 1154 adverso,
560 1123 659 1156 quibus
684 1124 839 1152 indicantur

63 1163 176 1194 tempora
192 1170 242 1189 seu
256 1164 322 1190 anni
341 1164 511 1192 diversorum
528 1174 621 1201 regum
640 1168 754 1196 invicem
773 1178 839 1197 con-

64 1210 205 1238 currentes,
221 1215 271 1235 seu
294 1209 502 1242 concordantes,
529 1216 556 1238 et
569 1220 601 1238 cx
624 1221 739 1247 quorum
755 1215 839 1242 colla-

63 1250 138 1282 tione,
151 1260 197 1279 seu
211 1255 426 1288 computatione,
437 1257 574 1292 colligitur
583 1260 723 1292 canonica,
734 1268 781 1287 seu
795 1268 838 1288 re-

63 1297 155 1331 gularis
169 1303 196 1326 et
210 1304 288 1326 certa
302 1305 454 1335 temporum
473 1305 639 1338 supputatio,
656 1309 682 1332 et
701 1306 836 1334 collectio.

62 1339 168 1378 Ideoque
182 1345 260 1378 unio,
283 1354 331 1374 seu
348 1348 494 1374 concordia
518 1354 635 1383 quatuor
658 1353 838 1387 evangelista-

63 1394 127 1420 rum,
144 1398 203 1424 quae
222 1391 257 1418 ab
275 1391 401 1431 Eusebio
413 1393 588 1425 describitur.
615 1403 662 1430 per
680 1396 835 1431 hujusmodi

62 1432 141 1462 lineas
165 1441 255 1465 rectas
281 1442 309 1464 et
333 1428 515 1471 transversas,
542 1448 602 1475 quae
617 1443 835 1477 complectuntur

62 1483 143 1507 cci-tos
164 1486 190 1508 et
205 1483 331 1510 diversos
347 1492 476 1512 numeros
488 1486 603 1513 invicem
617 1487 668 1514 sibi
680 1491 831 1523 oppositos,

61 1525 151 1559 quibus
181 1526 339 1555 indicantur
366 1530 472 1557 diversa
499 1532 588 1566 capita
615 1533 642 1559 in
662 1535 760 1568 quibus
779 1537 831 1570 ipsi

61 1572 222 1606 evangelista:
235 1575 414 1606 conveniunt,
439 1576 557 1604 Conone:
575 1580 714 1614 euangelici
735 1581 831 1609 dicun-

60 1619 108 1644 tur.
123 1617 173 1646 Sed
186 1621 252 1654 quid
268 1621 357 1648 verbis
371 1629 520 1657 opus,cum
534 1623 577 1651 hic
592 1625 647 1660 ipse
662 1626 831 1661 Eustathius,

60 1662 175 1694 quisnam
197 1665 281 1693 fuerit
297 1666 442 1694 Clironicus
457 1677 540 1696 canon
556 1670 667 1698 Eusebii
681 1673 832 1701 clarissime

60 1709 184 1743 explicet?
197 1712 332 1747 Χρονικοῦ
348 1714 403 1750 γὰρ
420 1715 530 1747 κανόνος
545 1717 670 1749 σύνταξιν
687 1720 831 1755 ἐπινοήσας

60 1753 88 1779 ὲκ
100 1756 265 1794 παραλλήλου
281 1760 480 1797 ἀντιπαρέθηκε
496 1762 541 1789 τὸν
556 1763 620 1798 παρ’
635 1764 741 1800 ἑκάστῳ
760 1753 831 1792 ἔθνει

58 1797 249 1831 δυναστεύοντα.
267 1804 393 1833 Omnium
412 1807 513 1842 optime
525 1808 550 1835 id
563 1809 682 1837 declarat
696 1811 830 1840 Eusebius

59 1842 82 1869 in
95 1848 219 1878 prooemio
231 1850 359 1877 secundae
371 1852 465 1885 partis,
482 1853 508 1878 in
524 1860 578 1887 quo
589 1854 653 1888 quid
667 1855 752 1889 prima
766 1864 829 1891 pars

62 1896 75 1913 a
93 1893 205 1919 secunda
221 1894 328 1922 dilTerat
341 1896 416 1923 hisce
427 1899 537 1931 exponit
554 1899 638 1933 ιἘγὼ
650 1900 678 1926 δὲ
689 1901 752 1936 περὶ
763 1901 813 1928 πολ
822 1919 828 1923 -

58 1932 98 1959 λοῦ
107 1935 148 1962 τὸν
161 1938 244 1975 ἀληθῆ
263 1940 340 1974 λόγον
354 1942 516 1978 τιμώμενος,
540 1946 586 1971 καὶ
601 1946 630 1972 τὸ
647 1932 760 1982 ἁκριίὲς
772 1949 828 1975 ἀνι-

58 1981 156 2013 χνεῦσαι
171 1985 213 2012 διὰ
224 1988 342 2024 σπουδῆς
356 1991 523 2026 προύθέμην.
538 1993 633 2020 Ἔνθεν
644 1981 785 2030 ὁρμηθεὶς,
799 1999 827 2024 ὲν

59 2026 101 2058 μὲν
116 2029 147 2063 τῇ
161 2031 210 2065 πρὸ
226 2033 329 2069 ταύτης
340 2036 463 2069 συντάξει
479 2037 543 2069 ὕλας
558 2040 708 2075 ἐκπορίζων
718 2043 827 2078 ἐμαυτῷ

92 2070 97 2078 ι
170 2075 175 2078 .

58 2070 147 2104 χρόνων
165 2075 323 2112 ἀναγραφὰς
340 2080 533 2117 συνελεξάμην,
547 2070 674 2116 παντοίας
692 2070 827 2120 βασιλείας

57 2116 103 2143 τῶν
109 2119 250 2156 Χαλδαίων,
262 2125 419 2161 Ἀσσυρίων,
427 2128 535 2163 Μήδων,
546 2130 666 2165 Περσῶν,
675 2133 776 2165 Λυδῶν,
785 2135 827 2160 Ἐ-

896 905 1083 936 tauerinl,iam
1098 906 1157 933 inde
1183 916 1198 933 a
1222 907 1293 934 Nino
1311 908 1368 936 Beli
1391 911 1530 945 progenie!
1554 913 1578 938 si
1592 917 1680 940 tamen

896 948 982 976 Ninus
996 952 1112 986 regnavit
1126 953 1238 987 primus,
1258 958 1286 979 ut
1302 959 1423 982 autumat
1439 957 1602 990 superiorum
1615 967 1679 992 pro-

893 996 1003 1029 fanitas,
1024 997 1153 1031 ferumque
1173 998 1243 1033 apud
1266 1008 1309 1026 vos
1334 1001 1407 1027 ultra
1433 1003 1518 1037 stylus
1549 1011 1599 1030 non
1616 1012 1679 1038 pro-

892 1041 1018 1074 greditur.
1032 1043 1064 1070 Et
1075 1044 1202 1072 Albertus
1218 1047 1302 1074 abbas
1316 1046 1457 1075 Stadensis
1476 1049 1502 1075 in
1520 1048 1650 1077 Chronico
1665 1058 1677 1078 :

891 1085 911 1110 Α
926 1087 1011 1119 primo
1031 1094 1138 1121 parente
1163 1090 1298 1118 hominum
1321 1101 1401 1127 usque
1416 1093 1450 1119 ad
1473 1093 1574 1121 Ninum
1589 1095 1676 1123 nullo:

891 1136 964 1158 actus
984 1140 1071 1160 rerum
1083 1136 1246 1163 mundalium
1261 1137 1466 1174 liisloriograp/ii
1477 1142 1587 1175 posteris
1601 1147 1675 1168 altu-

892 1177 987 1205 lerunt.
1004 1179 1117 1215 Ideoque
1133 1182 1164 1208 ab
1185 1183 1241 1216 ipso
1263 1191 1406 1218 creperum,
1421 1187 1483 1221 quia
1502 1187 1556 1222 ipse
1572 1189 1674 1221 primus

890 1223 977 1251 aliena
994 1225 1118 1253 invadens
1135 1228 1241 1256 minime
1255 1231 1309 1256 suis
1325 1233 1442 1258 terminis
1458 1238 1671 1262 eratconteutus.

890 1268 945 1296 llac
959 1271 1050 1306 itaque
1073 1273 1177 1300 ratione
1195 1274 1270 1302 ducti
1295 1284 1400 1308 omnes.
1417 1283 1443 1305 et
1461 1279 1518 1313 ipse
1537 1278 1672 1308 Eusebius

888 1321 903 1340 a
922 1314 990 1342 Nino
1006 1316 1122 1345 orditur.
1140 1318 1207 1346 Vide
1235 1320 1384 1355 .lustinum,
1420 1322 1579 1358 Diodorum,
1603 1326 1672 1354 Oro-

888 1361 969 1391 sium.
980 1361 1174 1391 Cassiodornm
1189 1370 1214 1392 et
1228 1367 1306 1394 alios.

923 1407 981 1436 Col.
999 1408 1059 1440 708,
1077 1409 1124 1437 lin.
1139 1411 1182 1438 H.
1205 1412 1360 1448 Συνήγαγε
1374 1413 1408 1440 δὲ
1423 1416 1560 1449 χρόνους.
1583 1415 1671 1445 Verba

887 1457 951 1480 sunt
969 1453 1076 1481 Eusebii
1096 1455 1124 1482 in
1145 1458 1278 1491 prooemio
1301 1460 1344 1486 sui
1359 1459 1484 1488 Clironici
1502 1465 1627 1496 canonis,
1643 1469 1671 1492 et

887 1506 902 1524 a
918 1499 997 1527 nobis
1023 1503 1148 1535 superius
1169 1504 1292 1531 recitata.
1323 1505 1361 1532 Ex
1386 1507 1484 1541 quibus
1508 1510 1599 1544 regnis
1615 1510 1670 1538 duo

884 1544 1042 1572 exciderunt
1058 1547 1085 1573 in
1102 1546 1223 1581 Canonc,
1239 1549 1415 1578 Chaldaicum
1428 1557 1456 1579 et
1469 1553 1667 1585 Thessalicum.

885 1588 937 1617 Sed
951 1591 1140 1620 Chaldaeorum
1152 1602 1265 1629 regnum
1281 1597 1386 1624 salvum
1398 1598 1487 1627 adhuc
1499 1607 1623 1636 superest
1639 1604 1666 1630 in

883 1636 1006 1671 reliquiis
1021 1636 1123 1666 Graecis
1134 1640 1232 1674 prioris
1246 1641 1319 1675 libri.
1330 1642 1523 1672 Thessalorum
1540 1648 1666 1676 neutrubi

882 1686 981 1710 exstat.
1659 1717 1661 1721 .

917 1726 997 1759 lbid.,
1016 1729 1064 1755 lin.
1087 1729 1129 1757 16.
1161 1731 1216 1758 Καὶ
1235 1733 1347 1760 τούτων
1369 1735 1439 1769 τοὺς
1465 1738 1603 1772 χρόνους.
1627 1739 1666 1768 Ita

881 1777 945 1807 puto
966 1776 1157 1810 supplendum,
1184 1778 1238 1805 Kal
1252 1780 1353 1807 τούτων
1369 1784 1432 1814 τοὺς
1449 1784 1561 1819 χρόνους
1576 1787 1621 1813 ἐπὶ
1634 1788 1666 1814 τὸ

879 1819 946 1845 αὐτὸ
976 1821 1153 1857 συναθροίσας
1184 1825 1297 1852 ἑκάστου
1329 1826 1421 1860 ἔθνους
1449 1830 1503 1858 τῶν
1534 1831 1665 1866 βασιλέων

880 1866 1066 1900 συνεξελέξατο
1076 1869 1195 1904 χρόνους,
1211 1875 1257 1898 aut
1273 1872 1338 1907 quid
1355 1874 1453 1902 simile.

914 1911 994 1943 lbid.,
1009 1913 1056 1941 lin.
1070 1914 1115 1942 20.
1131 1916 1212 1943 Κατὰ
1232 1918 1288 1952 γὰρ
1307 1918 1364 1953 τὴν
1377 1922 1547 1957 Σεμίραμιν.
1580 1924 1664 1953 Euse-

877 1957 940 1985 bius
956 1967 962 1985 :
977 1958 1050 1994 Πλὴν
1071 1960 1139 1987 ἀλλὰ
1162 1963 1208 1988 καὶ
1227 1962 1313 1996 οὕτως
1337 1965 1408 1992 κατὰ
1436 1968 1485 2002 μὲν
1501 1969 1616 2005 Ἴναχον.
1632 1971 1662 1998 ὃν

878 2002 986 2038 πρῶτον
1011 2004 1140 2040 Ἕλληνες
1168 2007 1285 2043 Ἄργους
1315 2008 1471 2044 βασιλεῦσαί
1499 2002 1578 2047 φασί,
1615 2016 1661 2042 τὸν

883 2048 1014 2085 Ἐϐραίων
1028 2052 1187 2088 προπάτορα
1203 2054 1310 2090 Ἰσραὴλ
1325 2056 1468 2092 γενόμενον
1484 2057 1572 2095 εὗρον,
1589 2061 1617 2095 ἐξ
1629 2058 1661 2089 οὗ

876 2092 906 2119 τὺ
914 2093 1100 2129 δωδεκάφυλον
1117 2097 1162 2123 τοῦ
1178 2099 1311 2126 Ἰουδαίων
1326 2101 1418 2134 ἔθνους
1433 2103 1482 2138 τῆς
1494 2092 1540 2131 τοῦ
1554 2092 1662 2141 Ἰσραὴλ

877 2139 1034 2174 ἐπωνυμίας
1047 2141 1147 2178 ἠξιώθη
1168 2145 1238 2171 κατὰ
1254 2145 1282 2172 δὲ
1294 2146 1444 2183 Σεμίραμιν
1462 2149 1508 2176 τὸν
1525 2139 1658 2188 Ἀϐραὰμ,

465 2161 469 2163 -
586 2161 592 2165 -
661 2161 664 2163 -
771 2161 776 2165 ν
878 2161 1032 2174 --ν--Ἶσ---ν
1051 2161 1147 2178 ..τ-νειμ,
1169 2161 1238 2171 natum
1254 2161 1282 2172 ua
1294 2161 1444 2183 εεμιραμιν
1462 2161 1508 2176 τον
1531 2161 1658 2188 ΑΟρααμ,

59 2161 328 2231 ξραίοέἷτΑιγυπτίωνν
338 2173 644 2231 ἈοέὶναίωνᾸἈργείωνι
660 2178 823 2212 Σικυωνίων»
840 2190 862 2217 Ι)
876 2183 1008 2211 Χαλδαῖον
1027 2186 1075 2221 μὲν
1095 2187 1126 2214 τὸ
1142 2189 1228 2222 γένος,
1238 2190 1324 2223 ἄλλως
1340 2201 1370 2227 γε
1387 2194 1470 2230 ἄνδρα
1485 2194 1659 2231 θεοφιλῆνκαὶ

76 2216 118 2231 ay:
153 2216 260 2231 vlnnuL...
299 2219 380 2231 '14-...
401 2219 446 2231 3....
508 2229 542 2231 ,_,
570 2221 602 2231 κ’·
652 2224 678 2231 ιι
733 2225 757 2231 μ.
918 2229 929 2231 η

56 2208 270 2248 Δακεδαιμονίων,
299 2218 456 2254 Κορινθίων,
482 2220 633 2255 Θετταλῶν,
652 2224 822 2259 Μακεδόνων,

56 2252 172 2308 1Aa'rtvtuv,
179 2258 218 2293 οἷς
226 2262 240 2288 ὖ
245 2271 289 2289 στε
293 2252 454 2300 ρον-γέγονεν
461 2268 573 2305 ἐπίκλην
584 2270 627 2297 tivo
631 2279 668 2306 μα
680 2273 820 2308 Ῥωμαῖοι·

293 2297 297 2298 ,
352 2297 356 2299 γ
384 2297 389 2300 ,
551 2297 556 2305 .
631 2297 636 2306 ι
688 2297 691 2298 ν
712 2297 807 2308 run—«~-

55 2297 114 2332 ὁμοῦ
122 2303 234 2336 γίνονται
251 2312 280 2334 ιε’
290 2318 296 2324 ⁸
313 2311 342 2336 ἐν
356 2311 383 2337 δὲ
400 2312 438 2347 τῷ
449 2314 571 2349 παρόντι,
583 2317 628 2342 ἐπὶ
644 2317 674 2344 τὸ
685 2318 750 2345 αὐτὸ
761 2320 823 2352 τοὺς

56 2344 333 2399 ἕξόνουςμτξυναγαγὼν,
344 2357 389 2383 καὶ
402 2344 595 2394 ἀντιπαραθεὶς
608 2363 638 2388 ὲκ
651 2344 821 2399 παραλλήλου

55 2387 93 2413 τὸν
105 2387 279 2444 παρ’ἑκάστω
304 2400 373 2427 ἔθνει
391 2403 444 2428 τῶν
463 2387 532 2430 ἐτέὺν

57 2436 154 2489 ξανξθνος
168 2442 290 2478 σύνταξιν
308 2447 491 2484 ἐποιησάμην.
508 2450 546 2477 En
564 2452 644 2479 unius
654 2455 744 2488 operis
761 2463 817 2489 pcr-

382 2478 386 2483 Ι
428 2478 433 2483 1
459 2478 464 2484 ι
632 2478 641 2479 ί
658 2478 713 2488 ⁷1⁷⁷⁷
723 2478 743 2481 ⁷*
761 2478 803 2489 r“

56 2478 109 2530 lecti
124 2492 153 2512 ex
167 2487 224 2522 ipso
240 2496 351 2520 auctore
366 2494 420 2521 duo
435 2496 554 2523 membra
570 2497 709 2530 distincta,
725 2504 751 2527 et
764 2509 821 2528 am-

57 2523 138 2580 δθςξηη
154 2540 274 2570 scopum,
301 2543 381 2573 atque
398 2542 579 2575 propositum,
605 2545 705 2579 quibus
720 2547 820 2580 optime

55 2572 123 2620 "mgis
132 2581 190 2611 quis
204 2583 239 2609 sit
253 2584 385 2620 Χρονικὸς
398 2586 486 2614 κανών
503 2588 660 2617 innotescit.

84 2617 135 2649 Col.
152 2624 210 2673 ros,
232 2617 286 2656 lin.‘
299 2631 341 2658 ιο.
365 2632 411 2659 Ἐλι
433 2635 632 2668 παραλλήλου
659 2638 818 2673 ἀντιπαρέ-

472 2661 481 2667 ,
661 2661 686 2664 ...
702 2661 801 2673 ..η-,γη

55 2661 122 2715 gmw-
149 2669 250 2705 Optime
267 2681 359 2704 noster
381 2677 542 2707 Eustalhius
569 2682 660 2710 verbis
688 2684 776 2715 hisce.
802 2693 818 2713 a

55 2711 157 2756 ﬁll-unam
168 2718 206 2744 vel
219 2721 290 2748 unde
303 2722 345 2749 sui
361 2723 488 2751 Chronici
505 2727 617 2754 canonis
632 2728 738 2755 initium
758 2731 817 2757 fue-

55 2757 83 2811 Ἦ
97 2761 243 2794 auspicatus
259 2769 380 2801 exponit,
398 2769 525 2798 videlicet
548 2773 580 2798 ἐκ
601 2773 651 2808 τῆς
665 2775 816 2811 ἀντιπαρα-

296 2795 302 2801 ,
375 2795 380 2800 ,
430 2795 524 2798 κη--.
549 2795 580 2798 -..
607 2795 650 2808 ..η
665 2795 812 2811 ..η-..-μγ

56 2795 149 2835 θέσεως
165 2809 246 2837 series
262 2813 333 2838 enim
358 2817 522 2848 temporum.
544 2818 649 2845 ratione
668 2827 812 2854 annorum,

195 2856 326 2896 PATBQL.
347 2858 403 2890 Gn.
426 2861 538 2892 XVIII.

874 2229 980 2266 πρῶτον
994 2232 1048 2258 τῶν
1070 2235 1134 2269 παρ’
1155 2235 1290 2271 Ἑϐραίοις
1310 2239 1455 2275 προφητῶν
1480 2239 1547 2269 εἶναι
1575 2252 1657 2271 πεπι-

875 2275 1028 2310 στευμένον.
1047 2277 1078 2303 Ει
1090 2277 1208 2306 Joannes
1220 2280 1405 2311 Antiochenus
1417 2285 1444 2312 in
1454 2285 1637 2321 Archwologia
1645 2296 1664 2316 :’

874 2319 935 2346 Ὀτι
960 2322 1030 2348 κατὰ
1046 2324 1109 2356 τοὺς
1129 2324 1253 2362 Ἀϐραὰμ
1273 2329 1383 2363 χρόνους
1405 2331 1495 2365 Νίνος,
1517 2333 1563 2360 καὶ
1576 2319 1657 2370 Eant—

874 2375 957 2401 ραμις
971 2367 1135 2397 ἐϐασίλευον.
1306 2391 1308 2394 ν

907 2410 986 2444 lbid.,
1002 2414 1048 2442 lin.
1061 2414 1105 2442 25.
1131 2417 1262 2452 Μωῢσῆς
1276 2418 1310 2445 δὲ
1326 2420 1401 2448 κατὰ
1416 2423 1561 2457 Κέκροπα.
1573 2427 1657 2456 Euse-

871 2457 952 2485 bius:
970 2459 1076 2487 Τούτων
1092 2461 1146 2498 γὰρ
1168 2463 1294 2491 ἁπάντων
1312 2466 1363 2501 τὴν
1380 2468 1498 2505 ἱστορίαν
1520 2473 1657 2510 νεωτέραν

870 2503 920 2538 τῆς
938 2505 1080 2541 Κέκροπος
1107 2508 1215 2542 ἡλικίας
1239 2512 1331 2544 παῖδες
1355 2503 1487 2550 Ἑλλήνων
1502 2503 1656 2555 παραδεδὼ-

869 2556 943 2575 κασι.
959 2551 1078 2579 Μωῡσέα
1096 2553 1124 2579 δὲ
1143 2555 1159 2589 ή
1183 2556 1308 2591 παροῦσα
1329 2559 1451 2593 ἐξέτασις
1472 2562 1526 2590 τῶν
1542 2551 1656 2602 ’χρόνων

869 2596 994 2628 γενέσθαι
1014 2598 1084 2626 κατὰ
1099 2601 1231 2637 Κέκροπα
1253 2603 1298 2631 τὸν
1311 2604 1402 2641 διφυῆ,
1419 2607 1449 2635 ὃν
1466 2596 1576 2644 optino;
1589 2621 1656 2646 φασι

867 2641 918 2675 τῆς
931 2641 1055 2678 Ἀττικῆς
1078 2645 1246 2681 βασιλεῦσαι,
1265 2650 1403 2687 συνίστησι
1431 2654 1483 2689 πρὸ
1500 2655 1553 2683 τῶν
1576 2657 1655 2685 Ἰλια-

868 2687 922 2713 κῶν
938 2687 1009 2722 ἀμφὶ
1040 2693 1078 2716 τν¹
1105 2691 1162 2726 ἔτη.
1191 2692 1231 2720 Ex
1258 2697 1357 2729 quibus
1381 2687 1530 2733 supplenda
1557 2701 1654 2731 lacuna

868 2733 895 2760 in
917 2738 1012 2761 nostro
1034 2735 1176 2764 Eustathio
1195 2748 1202 2765 :
1218 2741 1266 2767 Ὃν
1294 2742 1347 2778 πρὸ
1363 2743 1415 2770 τῶν
1438 2745 1559 2774 Ἰλιακων
1581 2747 1656 2776 ἔτεσι

866 2780 1030 2814 τριακοσίοις
1057 2783 1227 2818 πεντήκοντα
1257 2787 1465 2822 παραδεδώκασι
1498 2792 1655 2826 βασιλεῦσαι

866 2825 973 2859 πρῶτον
989 2826 1038 2862 τῆς
1054 2828 1178 2862 Ἀττικῆς
1197 2831 1331 2866 Ἐλλήνων
1352 2835 1455 2868 παῖδας.
1483 2825 1537 2866 lino
1553 2844 1655 2868 utrum-

1472 2885 1512 2915 26
