1903 3068
215 113 264 143 ’191

644 114 674 143 Β.
694 113 913 142 ΕυδΤΑΊῊΙυδ
933 111 1179 141 ANTIOCHENUS
1197 112 1396 142 EPISCOPUS.

1780 113 1834 142 792

213 179 241 203 ct
257 173 284 200 in
299 172 416 209 Egypio
430 172 522 200 itidem
534 181 612 205 ccxv,
631 174 676 208 qui
694 174 775 201 simul
790 179 854 202 sunt
863 181 991 202 ccccxxx.

1043 173 1075 208 τῇ
1092 171 1220 207 Αἰγύπτῳ
1230 172 1264 199 τὰ
1279 172 1348 199 αὐτὰ
1367 175 1424 204 σιε’,
1439 171 1510 207 ἅπερ
1523 170 1589 207 ὁμοῦ
1602 171 1704 205 γίνεται
1720 171 1768 207 ἐτη
1782 171 1830 199 υλ¹.

247 219 381 248 σείει-σω
394 219 511 246 ducente
521 219 585 246 Jesu
596 220 618 236 “
630 220 770 255 populum,
792 223 817 247 et
830 227 920 247 arcam
938 219 991 247 Te-

213 265 339 295 stamenti
355 272 404 301 per
423 264 580 296 Jordanem,
592 272 669 300 aqua:
681 265 774 293 divisa:
787 269 850 292 sunt
867 266 894 292 in
912 272 992 292 unam

179 316 183 320 '
213 311 426 342 concretionem,
441 311 567 337 maximis
581 311 678 345 spatiis
689 311 814 338 dissitam
828 319 834 344 ;
850 319 914 347 pars
931 319 993 339 vero

211 359 308 390 altora.
331 365 391 394 qum
412 358 440 385 in
463 366 538 385 mare
561 358 659 385 saliunt
682 359 841 390 edunditur.
866 359 894 386 in
917 367 993 386 mare

211 404 331 435 Arabum
351 405 425 440 lapsa
438 408 490 436 est,
509 404 595 432 donec
611 405 722 432 omnino
733 405 842 437 defecit,
856 409 883 432 et
896 413 992 434 omnes

211 451 286 479 sicco
301 451 368 486 pede
384 451 569 486 prietergressi
594 454 667 478 circa
692 450 818 478 lliericho
839 450 992 480 castrame-

211 497 258 526 tati
271 500 333 523 sunt
343 496 375 523 υ.
395 495 457 523 Hac
470 496 595 523 maximis
610 501 685 531 septa
698 497 834 524 mtenibus
851 499 991 526 mtmieba-

209 547 263 572 tur.
281 542 326 570 Dei
339 542 428 577 jussu,
443 549 501 568 eam
516 549 564 576 per
575 542 633 569 dies
650 550 694 570 scx
705 543 846 572 obsidione
860 545 990 576 cinctam.

209 588 324 623 septima
339 591 482 623 antequam
503 587 560 615 dies
584 587 764 620 illucesccret,
781 589 900 624 undique
914 591 990 618 inva-

209 641 266 663 sam
287 634 359 662 tubis
377 634 575 668 clangentibus,
596 634 776 669 universaque
797 636 897 670 populo
921 645 991 664 nna-

208 682 273 710 nimi
288 689 422 709 consensu
440 681 472 709 ad
494 681 664 709 clamandum
680 689 694 708 a
710 682 898 711 sacerdotibus
913 684 988 711 exci-

207 733 274 760 tato,
289 733 315 756 et
331 736 409 763 opem
433 727 547 760 ferente,
562 727 744 762 diripuerunt,
761 732 871 763 repente
891 730 990 756 maeui-

207 775 259 806 bus
275 774 413 809 collapsis,
433 778 570 808 totamque
584 773 697 800 Domino
712 778 865 802 sacrarunt.

242 818 308 848 Post
320 819 343 837 ⁸⁵
356 818 483 846 Hiericho
501 819 603 846 civitati
616 818 664 846 Vai
681 819 857 853 insidiantur,
873 828 988 856 eamque

1079 218 1221 252 Διάγοντος
1235 218 1262 244 δὲ
1278 218 1324 244 τοῦ
1341 217 1427 253 Ἰησοῦ
1441 218 1486 244 τὸν
1500 217 1561 244 λαὸν
1589 218 1636 244 καὶ
1650 217 1698 253 τὴν
1714 218 1832 245 κιϐωτὸν

1042 264 1093 298 τῆς
1105 263 1240 299 Διαῡήκης
1253 263 1296 290 διὰ
1313 262 1360 290 τοῦ
1383 263 1526 299 Ἰορδάνου,
1542 263 1632 299 διέστη
1646 264 1680 290 τὰ
1697 263 1783 291 ὕδατα
1792 265 1832 295 εις

1043 313 1140 348 πῆγμα
1160 312 1188 338 ἓν
1205 311 1357 346 ἀφεστηκὸς
1380 311 1487 346 μακρὰν
1507 310 1623 346 σφόδρα·
1641 311 1671 337 τὸ
1691 311 1720 338 δὲ
1746 320 1831 338 κατα-

1043 357 1134 384 ϐαῖνον
1151 358 1190 388 είς
1203 356 1251 392 τὴν
1268 356 1404 383 θάλασσαν
1419 356 1472 382 τῶν
1483 355 1554 382 ἁλῶν
1567 355 1673 391 ’Ἄραϐα
1684 356 1830 392 κατῆλθεν,

1042 403 1094 436 ἓως
1108 401 1138 430 οὗ
1152 405 1192 435 είς
1204 403 1279 435 τέλος
1295 403 1412 435 ἐξέλιπε,
1431 403 1477 430 καὶ
1494 402 1592 433 πάντες
1607 402 1651 428 ἐπὶ
1674 402 1759 438 ξηρᾶς
1777 402 1831 429 διέ-

1042 449 1144 484 ϐησαν,
1163 450 1209 477 καὶ
1227 449 1482 484 στρατοπεδεύουσιν
1507 448 1553 474 ἐπὶ
1574 447 1623 483 τὴν
1643 448 1754 483 Ἱεριχώ.
1774 447 1830 475 Ἦν

1041 494 1070 521 δὲ
1093 495 1162 530 αὕτη
1188 494 1324 529 μεγίστοις
1354 494 1521 531 ὠχυρωμένη
1553 494 1662 529 τείχεσι.
1690 493 1828 522 Κυκλοῦσι

1041 540 1105 575 γοῦν
1121 540 1203 576 αὐτὴν
1218 541 1263 566 ἐπὶ
1279 540 1384 576 ἡμέρας
1404 540 1443 573 ἓξ,
1459 539 1526 566 Θεοῦ
1544 539 1744 576 προστάξαντος
1755 548 1762 555 ·
1781 540 1829 568 καὶ

1040 586 1072 621 τῇ
1088 585 1186 621 ἑϐδόμη
1198 585 1295 620 ὅρορου
1309 585 1454 620 περιῆλθον
1465 585 1549 621 αὐτὴν
1561 585 1674 620 ἕϐδομον
1685 585 1827 619 κυκλόθεν,

1040 631 1087 658 καὶ
1108 632 1132 658 οι
1151 632 1230 666 ἱερεῖς
1251 631 1448 666 σαλπίγξαντες
1467 634 1526 663 ταῖς
1552 630 1679 665 σάλπιγξι
1699 630 1744 656 τὸν
1765 629 1829 657 λαὸν

1040 677 1127 703 πάντα
1144 676 1274 709 ἀλαλάξαι
1287 677 1454 713 ὁμοθυμαδὸν
1473 677 1628 713 διήγειραν·’
1647 678 1693 704 καὶ
1711 676 1829 712 βοησάν-

1039 731 1092 749 των
1106 721 1195 749 αὐτῶν
1207 741 1214 753 ,
1237 722 1404 760 παραχρῆμα
1420 722 1450 748 τὸ
1468 724 1556 758 τεῖχος
1572 722 1664 752 ἔπεσε,
1684 723 1731 747 καὶ
1757 721 1830 748 ἑάλω

1040 767 1057 804 ἠ
1075 766 1161 797 πόλις,
1176 766 1222 793 καὶ
1236 767 1309 792 πᾶσα
1322 767 1360 801 τῷ
1378 767 1472 805 Κυρίῳ
1485 766 1606 802 ὑπῆρξεν
1623 766 1762 801 ἀνάθημα.

1075 813 1129 840 Καὶ
1146 814 1214 849 μετὰ
1230 814 1279 848 τὴν
1295 812 1397 849 Ἰεριχὼ
1409 812 1577 848 ἐνεδρεύουσι
1593 814 1641 849 τὴν
1659 813 1736 839 πόλιν
1749 812 1828 846 Οὒαῖ,

207 869 312 900 captam
327 865 388 900 igne
401 865 588 901 absumpsere,
603 870 630 893 et
651 873 741 900 regem
765 867 838 894 illius
853 867 926 902 ligno
939 875 987 902 ap-

1039 860 1085 886 καὶ
1096 859 1222 890 λαϐόντες
1232 859 1316 895 αὐτὴν
1328 859 1491 896 ἐνέπρησαν,
1504 860 1550 886 καὶ
1563 859 1607 886 τὸν
1621 858 1732 894 βασιλέα
1743 858 1829 892 αὐτῆς

207 918 332 949 pensum,
351 911 387 937 ita
401 910 465 940 Jesu
489 913 673 948 praecipiente.
693 914 768 940 cruri
788 912 939 945 aﬂixerunt,
961 917 988 940 et

204 957 346 988 occidente
364 959 430 991 sole,
454 959 481 987 in
500 959 597 986 vallem
619 966 720 995 corpus
743 958 825 987 illius‘
837 959 987 996 projectum

207 1012 302 1035 acervo
318 1004 436 1041 lapidum
452 1003 611 1031 obruerunt.

241 1093 406 1125 Gabaonitze.
423 1093 468 1121 ubi
493 1094 526 1121 ad
547 1101 594 1122 eos
612 1092 788 1121 Iudaicarum
814 1093 988 1121 obsidionum

205 1140 277 1170 fama
288 1139 376 1167 delata
401 1143 442 1167 est
459 1140 547 1175 (erant
560 1141 631 1167 enim
646 1147 740 1166 eorum
756 1139 863 1167 ﬁnitimi
884 1146 910 1167 et
925 1148 987 1175 pro-

204 1185 323 1224 pinqui).
334 1186 467 1212 malitiose
483 1185 618 1212 lsraelitas
638 1186 689 1212 hoc
704 1189 784 1220 pacto
804 1186 944 1213 eluserunt
952 1187 985 1212 ".

206 1231 246 1261 Ne
274 1233 345 1260 enim
372 1231 593 1266 approximantes
621 1231 694 1259 circa
722 1239 816 1259 eorum
850 1232 986 1259 civitatem

207 1281 480 1308 castrametarentur,
496 1281 646 1304 occurrunt
665 1277 732 1309 illis,
755 1282 829 1305 veste
845 1280 871 1304 et
888 1278 988 1305 calceis

203 1323 330 1351 discissis
347 1322 445 1353 induti,
463 1325 541 1357 panis
556 1322 622 1350 sicci
637 1323 764 1358 carieque
779 1322 867 1356 obesi,
891 1330 987 1351 saccos

204 1373 335 1403 "tresque
354 1371 477 1395 vetustos
494 1373 644 1402 portantes,
655 1368 836 1403 quidixerunt
848 1378 854 1396 ι
867 1378 876 1394 ι
888 1367 987 1395 Nostra

203 1413 301 1441 civitas
330 1413 410 1448 longe
429 1413 525 1441 dissita
537 1418 593 1446 est;
611 1421 696 1449 panes
706 1414 777 1442 enim
797 1414 847 1441 hos
862 1417 986 1442 recentes

202 1459 283 1490 nobis
293 1459 456 1493 paravimus.
470 1460 713 1494 vestimentumque
721 1467 774 1494 quo
785 1459 928 1493 volvimur,
938 1467 987 1486 no-

203 1511 265 1533 vum
281 1508 349 1535 erat,
364 1511 426 1531 cum
450 1504 598 1541 induimus,
615 1505 754 1540 calceique
771 1505 844 1536 novi,
861 1513 922 1532 cum
938 1513 985 1533 eos

203 1551 316 1587 pedibus
331 1551 519 1586 adaptavimus
533 1560 540 1585 ;
553 1551 599 1578 sed
615 1551 671 1579 hzec
685 1552 775 1578 omnia
799 1552 907 1586 longum
921 1560 985 1587 pro-

202 1596 368 1631 ductumque
392 1597 444 1624 iter
467 1596 585 1624 coni‘ecit
615 1598 775 1624 inveterata.
803 1597 872 1625 lnite
902 1598 985 1633 igitur

201 1641 343 1673 nobiscum
356 1649 460 1677 pacem,
474 1647 500 1670 ct
512 1643 539 1670 in
547 1643 692 1670 amicitiam
708 1642 848 1678 (malusque
863 1647 984 1671 vestrum

201 1696 252 1719 nos
270 1689 413 1717 admittite.
432 1699 441 1715 ι
453 1689 867 1724 EtbeatusJesusjurejurando
888 1689 983 1717 amici-

201 1734 266 1763 tiam
285 1742 346 1762 cum
372 1734 426 1762 illis
447 1735 566 1762 habitam
587 1735 709 1762 stabiliit.
732 1734 875 1769 Deinceps,
888 1741 983 1762 eorum

200 1779 263 1808 dolo
287 1785 436 1816 comperto,
452 1781 485 1808 ab
514 1781 564 1812 eis,
589 1788 623 1808 ne
640 1781 833 1815 jusjurandum
858 1781 982 1813 violaret,

202 1825 344 1858 abstinuit,
360 1825 406 1853 sed
431 1826 502 1861 ligna
516 1829 542 1852 et
559 1833 658 1860 aquam
680 1825 863 1856 lsraclitarum
883 1826 982 1862 populo

198 1870 344 1904 advehere,
357 1878 406 1909 pro
419 1870 614 1906 fraudejussit.

234 1959 287 1987 Sed
302 1958 482 1990 Adonlhezec,
492 1966 538 1986 rex
548 1958 725 1992 Hierusalem,
738 1959 907 1992 Gabaonitis,
920 1964 982 1988 tan-

198 2012 282 2040 quam
296 2005 350 2032 illis
366 2004 414 2040 qui
429 2004 463 2031 ad
477 2003 614 2032 lsraelitas
633 2006 726 2033 hostes
734 2006 911 2038 defecissent.
927 2006 982 2033 ira-

197 2055 254 2082 tus,
280 2057 374 2078 omnes
400 2050 530 2078 ﬁnitimos
557 2059 634 2086 reges
656 2052 708 2079 sibi
726 2053 829 2080 auxilio
846 2053 977 2087 jungens,

198 2095 288 2128 Ᾱέιοιιι
302 2103 392 2131 regem
408 2095 544 2129 Chebron.
558 2101 584 2124 et
600 2096 713 2124 Phidom
729 2105 818 2132 regem
833 2097 979 2131 Jerimuth,

197 2145 224 2172 ct
237 2141 321 2177 Sipha
340 2150 429 2176 regem
448 2142 556 2175 Lachis,
573 2150 623 2170 nec
640 2151 694 2170 non
710 2147 736 2170 et
749 2143 805 2170 Dad
821 2151 910 2178 regem
930 2144 981 2170 Sa-

196 2187 675 2220 dollam,castrametatus.obsidione
684 2189 822 2223 premebat
833 2189 978 2217 Gabaon".

197 2231 353 2260 Gabaoniue
367 2233 446 2260 malis
453 2234 587 2268 oppressi,
596 2234 699 2269 legatos
709 2235 818 2261 mittunt
829 2233 861 2260 ad
873 2233 977 2266 Jesum,

195 2279 241 2314 qui
258 2279 285 2306 in
301 2279 418 2314 Galgalis
434 2288 496 2306 cum
515 2285 597 2311 esset,
620 2280 678 2307 acie
695 2288 727 2307 ex
747 2279 862 2307 adverso
876 2281 979 2307 instru-

195 2329 250 2355 cta,
263 2332 426 2360 congressus
456 2330 498 2353 est
528 2326 666 2361 fugatique
696 2326 853 2360 alienigena:
876 2327 975 2362 partim

195 2369 284 2405 gladio
308 2370 470 2400 occubuere,
502 2371 600 2405 partim
630 2370 771 2404 grandine.
800 2369 976 2404 Fugientibus

194 2415 266 2443 enim
281 2415 352 2442 Deus
368 2416 525 2450 grandinem
550 2416 680 2447 immittit,
694 2423 754 2450 quae
777 2415 869 2450 plures
885 2415 976 2442 inimi-

194 2469 287 2488 corum
303 2469 383 2497 quam
407 2461 506 2489 bellum
528 2462 684 2489 interemit:
709 2465 740 2488 ut
752 2465 842 2489 autem
865 2462 977 2488 omnino

192 2514 240 2534 eos
257 2507 357 2534 deleret
373 2506 463 2540 Jesus,
480 2507 564 2535 Deum
580 2508 676 2539 oravit,
691 2513 720 2534 ut
730 2507 801 2534 diem
817 2511 915 2542 praeter
929 2515 978 2534 na-

192 2556 260 2580 tura!
270 2552 390 2582 ordinem
402 2553 673 2588 protraheretversus
687 2552 882 2585 Gabaon,solis
894 2560 976 2580 cursu

193 2599 334 2635 impedito,
353 2604 380 2627 ct
396 2608 490 2627 versus
514 2599 611 2627 vallem
631 2601 735 2630 Arnon,
755 2599 843 2632 lume;
858 2603 885 2626 et
904 2598 975 2626 Deus

193 2646 277 2673 solem
295 2654 310 2672 ιι
326 2654 409 2673 cursu
435 2645 535 2678 arcuit,
559 2650 586 2673 et
606 2646 863 2681 Iunam,quousque
883 2647 910 2674 in
933 2647 976 2675 die

193 2691 309 2727 integro,
328 2692 420 2719 hostes
431 2691 567 2726 praedatus
581 2697 632 2720 est.
658 2692 784 2728 Quinque
797 2696 888 2719 autem
907 2700 974 2727 gon-

192 2737 259 2765 tium
272 2745 349 2772 reges
365 2737 445 2767 Jesus
467 2738 540 2766 Nave
564 2745 626 2767 cum
641 2738 760 2775 abditos.
776 2739 926 2768 invenisset
947 2739 975 2768 in

999 1531 1020 1561 C

1039 905 1086 932 ἐπὶ
1110 904 1186 938 ξύλου
1209 905 1412 941 κρεμάσαντες,
1438 905 1637 941 προστάξαντος
1656 904 1702 931 τοῦ
1727 903 1827 938 Ἰησοῦ,

1038 950 1222 987 ἐσταύρωσαν.
1233 951 1286 977 Καὶ
1297 950 1419 983 δύνοντος
1429 951 1475 977 τοῦ
1489 951 1563 986 ἡλίου
1577 950 1689 986 ἔρριψαν
1702 950 1733 976 τὸ
1747 950 1828 984 σῶμα

1038 997 1120 1024 αὑτοῦ
1143 998 1182 1028 εἰς
1208 997 1353 1033 φάραγγα,
1367 997 1414 1023 καὶ
1442 996 1522 1033 σωρῷ
1545 996 1609 1022 αὐτὸ
1625 996 1705 1022 λίθων
1723 995 1830 1030 ὲπὲχω-

1039 1052 1098 1074 σαν.

1073 1090 1105 1116 Οἱ
1119 1089 1146 1116 δὲ
1157 1089 1334 1120 Γαϐαωνῖται,
1344 1087 1446 1115 τούτων
1463 1087 1513 1119 τὰς
1531 1087 1687 1123 πολιορκίας
1703 1086 1826 1122 πυθόμε·

1039 1143 1078 1161 νοι
1106 1134 1242 1170 (ὑπῆρχον
1258 1134 1312 1169 γὰρ
1331 1133 1420 1160 αὐτῶν
1438 1133 1649 1168 ἀστυγείτονες),
1662 1132 1826 1168 πανούργως

1037 1181 1100 1211 τοὺς
1128 1180 1293 1216 Ἰσραηλίτας
1323 1179 1557 1213 κατασοφίζονται.
1572 1176 1661 1205 Ἦσαν
1683 1178 1716 1213 (Ι.
1731 1178 1769 1209 ὡς
1782 1177 1825 1212 ἆνΙ

1037 1225 1092 1262 γὰρ
1105 1226 1141 1262 μὴ
1157 1226 1309 1261 φθάσαντες
1336 1227 1369 1261 τῇ
1389 1226 1463 1253 πόλει
1480 1225 1568 1252 αὐτῶν
1595 1224 1824 1261 παρεμϐάλωσιν,

1037 1272 1190 1299 ὑπαντῶσιν
1204 1273 1295 1304 αὺτοῖς
1311 1272 1412 1308 ἐσθῆτα
1424 1273 1469 1299 καὶ
1484 1272 1644 1307 ὑποδήματα
1656 1270 1824 1306 διερρωγότα

1037 1318 1217 1353 ἠμφιεσμένοι
1228 1338 1234 1349 ,
1252 1319 1299 1345 καὶ
1316 1319 1433 1350 σάκκους
1453 1319 1541 1354 ἄρτων
1558 1317 1646 1353 ξηρῶν
1675 1317 1722 1344 καὶ
1738 1317 1824 1352 εὑρω-

1037 1364 1174 1396 τιώντων,
1193 1365 1240 1391 καὶ
1264 1365 1366 1396 ἀσκοὺς
1389 1365 1519 1397 παλαιοὺς
1541 1363 1735 1400 ὲπηχθισμένοι
1748 1383 1756 1394 ,
1775 1364 1825 1398 φά-

1038 1419 1148 1442 σκοντες
1162 1411 1253 1442 αὐτοῖς
1263 1419 1269 1426 ·
1284 1420 1294 1436 ι
1312 1411 1343 1437 Ἡ
1358 1411 1407 1446 μὲν
1420 1411 1496 1442 πόλις
1509 1410 1585 1448 ἡμῶν
1600 1410 1667 1436 πολὺ
1680 1410 1726 1444 ἀφ’
1738 1409 1819 1444 ἡμῶν

1036 1455 1161 1491 διέστηκε
1171 1465 1177 1472 ·
1193 1457 1255 1489 τοὺς
1272 1456 1326 1493 γὰρ
1339 1456 1438 1493 ἄρτους
1449 1457 1559 1488 τούτους
1577 1456 1689 1492 νεαροὺς
1705 1455 1822 1490 ὲφωδιάη

1038 1502 1159 1537 σθημεν,
1189 1503 1235 1530 καὶ
1257 1503 1306 1539 τὴν
1331 1503 1434 1538 ἐσθῆτα
1460 1504 1494 1538 ἢν
1517 1502 1695 1538 περικείμεθα
1729 1501 1823 1536 καινὴν

1035 1549 1222 1584 ἡμφιέσμεοα,
1241 1550 1287 1576 καὶ
1302 1550 1336 1576 τὰ
1350 1550 1511 1585 ὑποδήματα
1528 1549 1576 1576 νέα
1595 1550 1650 1580 τοῖς
1668 1548 1747 1574 ποσὶν
1773 1548 1823 1574 ὑπο

1034 1595 1166 1630 εϐάλομεν
1176 1604 1182 1610 ·
1198 1596 1244 1622 καὶ
1260 1595 1347 1623 ταῦτα
1361 1596 1449 1623 πάντα
1459 1596 1489 1622 τὸ
1501 1595 1587 1631 μῆκος
1599 1595 1648 1630 τῆς
1671 1593 1732 1621 ὁδοῦ
1758 1602 1822 1621 κατ-

1034 1642 1139 1678 έτριψε,
1152 1643 1199 1669 καὶ
1216 1642 1378 1669 ὲπαλαίωσε.
1394 1641 1521 1669 Διάθεσθε
1534 1639 1579 1668 οὖν
1598 1640 1666 1676 πρὸς
1691 1641 1767 1675 ἡμᾶς
1782 1640 1821 1666 εί-

1035 1688 1130 1724 ρήνην,
1147 1688 1192 1716 καὶ
1203 1688 1296 1725 φίλους
1312 1688 1389 1724 ἡμῶν
1401 1688 1596 1723 καταστήσατε.
1611 1696 1619 1712 ι
1636 1686 1691 1713 Καὶ
1702 1687 1716 1713 ὁ
1731 1686 1821 1721 μακά-

1035 1741 1094 1770 ριος
1114 1734 1217 1770 Ἰησοῦς
1239 1735 1330 1770 ὅρκοις
1352 1735 1462 1770 εἰρήνην
1478 1734 1527 1769 τὴν
1549 1734 1616 1769 πρὸς
1639 1733 1739 1764 αὐτοὺς
1762 1734 1822 1759 ἐπι.

1034 1778 1165 1806 στώσατο.
1182 1779 1313 1814 Ὕστερον
1336 1779 1364 1805 δὲ
1391 1779 1440 1814 τὴν
1461 1779 1626 1814 πανουργίαν
1649 1778 1739 1804 αὐτῶν
1763 1779 1822 1805 ἑπι-

1033 1825 1124 1858 γνοὺς,
1135 1825 1262 1858 ἐφείσατο
1278 1825 1326 1860 μὲν
1343 1824 1431 1853 αὐτῶν
1445 1824 1488 1851 διὰ
1500 1825 1546 1850 τὸν
1560 1824 1649 1860 ὅρκον,
1663 1823 1821 1859 ξυλοφορείν

1033 1870 1062 1896 δὲ
1079 1871 1125 1896 καὶ
1142 1871 1298 1906 ὑδροφορεῖν
1309 1871 1364 1902 τοῖς
1381 1870 1560 1906 Ἰσραηλίταις
1571 1871 1631 1897 ἀντὶ
1646 1870 1697 1905 τῆς
1711 1870 1820 1906 ἀπάτης

1033 1915 1211 1951 προσέταξεν.

1075 1960 1227 1996 Ὀργισθεὶς
1241 1961 1269 1987 δὲ
1286 1960 1460 1992 Ἀδωνιϐεζὲκ
1469 1961 1484 1986 ὁ
1497 1960 1621 1995 βασιλεέδς
1641 1960 1820 1996 Ἰερουσαλὴμ

1032 2007 1079 2035 ἐπὶ
1092 2007 1121 2033 τὸ
1131 2007 1315 2042 αὐτομολῆσαι
1330 2008 1387 2038 τοῖς
1405 2006 1582 2042 Ἰσραηλίταις
1598 2007 1660 2038 τοὺς
1678 2006 1818 2033 Γαϐαωνί-

1032 2063 1090 2086 τας,
1108 2054 1266 2089 συμμάχους
1280 2054 1343 2086 τοὺς
1360 2053 1561 2089 πλησιοχώρους
1579 2054 1668 2080 λαϐὼν
1685 2053 1818 2088 βασιλεῖς,

1031 2100 1076 2126 τὸν
1093 2099 1183 2134 Αέλὰμ
1200 2099 1310 2134 βασιλέα
1327 2098 1455 2134 Χεϐρὼν,
1470 2099 1516 2125 καὶ¹
1539 2098 1584 2124 τὸν
1606 2097 1691 2124 Φιδὼν
1706 2098 1752 2124 τὸν
1769 2098 1817 2132 τῆς

1038 2145 1180 2181 ’1εριμοὺδ,
1198 2144 1244 2171 καὶ
1260 2143 1330 2178 Σιφὰ
1345 2144 1391 2170 τὸν
1406 2144 1514 2179 Λαχεὶς,
1529 2143 1568 2170 ἔτι
1592 2143 1620 2170 δὲ
1639 2144 1686 2170 καὶ
1703 2144 1750 2170 τὸν
1766 2144 1818 2170 Δὰδ

1031 2191 1080 2226 τῆς
1108 2189 1259 2224 Σοδολλὰμ,
1281 2189 1508 2224 ἐστρατοπέδευσε
1529 2189 1597 2225 πρὸς
1625 2190 1743 2221 αὐτοὺς,
1772 2190 1816 2217 καὶ

1031 2236 1183 2272 ἐπολιόρκει
1198 2235 1245 2270 τὴν
1261 2235 1381 2262 Γαϐαών.
1400 2236 1430 2262 0t
1448 2235 1476 2262 δὲ
1486 2235 1654 2262 Γαϐαωνῖται
1671 2236 1816 2270 συνεχόμε-

1031 2290 1070 2309 νοι
1087 2281 1280 2318 πρεσϐεύονται
1297 2281 1365 2318 πρὸς
1388 2280 1498 2316 Ἰησοῦν.
1524 2281 1552 2307 '0
1573 2281 1601 2307 δὲ
1624 2282 1652 2307 ὲν
1669 2280 1817 2314 Γαλγάλοις

1030 2327 1078 2360 ὣν,
1093 2327 1324 2363 ἀντιπαρετάξατο
1339 2327 1440 2358 αὐτοῖς,
1452 2326 1497 2353 καὶ
1514 2326 1650 2362 συμϐολῆς
1666 2327 1815 2362 γενομένης

1029 2373 1221 2409 ἐτροπώθησαν
1238 2373 1262 2399 οἱ
1293 2372 1453 2406 ἀλλόφυλον
1481 2373 1527 2398 καὶ
1553 2373 1578 2398 οἱ
1601 2373 1650 2407 μὲν
1678 2371 1751 2406 ξίφει
1778 2372 1815 2398 δι-

1031 2419 1198 2454 εφθάρησαν,
1217 2420 1241 2446 οἱ
1257 2418 1286 2446 δὲ
1302 2417 1415 2454 χαλάζῃ.
1434 2419 1588 2452 Φευγόντων
1605 2417 1660 2453 γὰρ
1679 2418 1783 2450 αὐτῶν,
1801 2419 1814 2444 ὁ

1029 2465 1096 2496 Θεὸς
1111 2464 1231 2500 χάλαζαν
1254 2465 1344 2496 αὐτοῖς
1363 2463 1576 2499 κατώμϐρησεν,
1591 2464 1653 2499 ἣτις
1673 2463 1814 2495 πλείστους

1030 2510 1084 2537 τῶν
1098 2511 1225 2537 ἐναντίων
1243 2511 1342 2541 ἀνεῖλε,
1357 2511 1429 2546 ἥπερ
1442 2511 1456 2536 ὸ
1469 2510 1595 2545 πολεμος.
1610 2511 1667 2536 ’Ὶνα
1679 2510 1708 2537 δὲ
1725 2511 1812 2537 τέλεον

1030 2556 1178 2593 ἐξαφανίσῃ
1189 2557 1286 2588 αὐτοὺς
1310 2556 1423 2592 Ἰησοῦς,
1440 2556 1540 2591 ηὔξατο
1549 2556 1587 2591 τῷ
1598 2556 1667 2591 Θεῷ,
1677 2557 1752 2590 ὅπως
1766 2558 1814 2593 τὴν

1028 2602 1134 2638 ἡμέραν
1147 2602 1220 2637 παρὰ
1237 2602 1316 2637 φύσιν
1334 2601 1442 2638 μηκύνῃ
1455 2603 1547 2635 αὐτοῖς
1566 2603 1666 2638 στήσας
1679 2603 1725 2629 τὸν
1740 2603 1813 2639 ἥλιον

1029 2648 1100 2675 κατὰ
1120 2647 1240 2679 Γαϐαὼν,
1258 2648 1305 2676 καὶ
1319 2649 1368 2682 τὴν
1386 2649 1500 2684 σελήνην
1516 2649 1585 2675 κατὰ
1604 2649 1738 2684 φάραγγα
1757 2650 1812 2684 Ἀρ-

1028 2693 1091 2721 νῶν,
1109 2693 1163 2721 Καὶ
1186 2693 1298 2729 ἔστησεν
1312 2695 1327 2720 ὁ
1342 2693 1408 2726 Θεὸς
1429 2694 1522 2721 στάσει
1535 2694 1580 2723 τὸν
1596 2694 1670 2730 ἥλιον
1693 2695 1742 2721 καὶ
1763 2695 1811 2729 τὴν

1029 2739 1154 2774 σελήνην,
1171 2739 1224 2771 ’ἑως
1252 2737 1282 2767 οὖ
1309 2741 1477 2777 πανημέριον
1501 2741 1563 2773 τοὺς
1585 2741 1730 2776 πολεμίους
1744 2741 1809 2776 ἥλω.

1588 1065 1604 1075 κ-

229 2823 319 2853 ’⁸1οι.
334 2833 374 2854 ιιι.
414 2826 504 2855 ²¹Ιοε.
522 2835 563 2866 vr.~
596 2827 619 2862 _”
633 2827 690 2856 Ιοε.
708 2836 766 2856 vin.
806 2829 827 2845 ³⁸
840 2827 898 2855 Jac.
920 2835 958 2855 ix.

1038 2827 1090 2856 Ias.
1105 2837 1136 2865 ~x.
