1903 3068
72 83 119 110 793
524 85 662 114 SPURIA.
679 100 714 106 —
732 84 910 114 COMHENT.
934 84 968 112 IN
985 83 1232 113 HEXAEMERON.
1632 87 1683 114 794

70 143 132 174 Τοὺς
147 142 175 170 δε
201 142 284 170 πέντε
308 143 425 179 βασιλεῖς
450 144 505 172 τῶν
530 145 614 172 ἐθνῶν
637 145 741 181 Ἰησοῦς
765 145 779 171 ὁ
801 143 842 171 soi

901 144 1041 180 spelunca,
1059 144 1173 179 Supinos
1188 143 1263 171 humi
1281 143 1429 179 proiectos,
1445 148 1472 172 et
1489 151 1504 171 a
1519 145 1618 180 populo
1636 154 1684 173 su-

71 189 138 223 Ναυῆ
164 190 369 224 κρυπτομένους
392 190 496 227 εὑρὼν,
521 192 561 223 είς
582 191 710 227 σπήλαιον
736 191 842 222 ὑπτίους

899 199 948 226 per
957 191 1028 218 collo
1046 190 1222 218 conculcatos
1241 190 1386 222 interemit,
1408 194 1434 218 et
1456 198 1550 218 eorum
1565 198 1683 225 corpora

71 235 111 261 ὲπὶ
122 234 170 269 τῆς
185 235 247 270 τῆς,
267 236 379 272 ῥιφῆναι
402 237 500 268 αὑτοὺς
522 237 670 273 πρόσεταξε
681 258 688 271 ,
705 237 751 265 καὶ
763 238 842 264 κάτω

899 236 980 272 lignis
996 243 1125 271 appensa,
1140 235 1249 263 tandem
1265 235 1292 262 in
1304 235 1433 270 spelunca
1449 235 1564 270 sepeliit,
1580 240 1606 263 et
1623 243 1683 262 om-

69 280 202 307 πατεῖσθαι
219 280 274 307 ὑπὸ
291 281 338 308 τοῦ
353 282 417 309 λαοῦ
437 283 484 310 ἐπὶ
505 283 552 312 τοῦ
566 284 700 319 τραχήλου
722 284 842 319 ποιήσας,

897 282 979 310 nibus
993 289 1087 309 eorum
1111 281 1267 308 civitatibus
1286 281 1411 316 expilatis
1430 287 1585 308 montanam
1607 289 1682 308 cam-

69 327 215 356 ὰπέκτεινε·
230 327 278 354 καὶ
298 327 333 355 τὰ
346 328 459 364 σώματα
472 329 561 358 αὑτῶν
573 331 619 356 ἐπὶ
636 329 714 363 ξύλου
731 329 833 365 ἀναρτή

897 332 1070 362 peslremque
1085 328 1220 362 regionem
1239 327 1354 361 subegit.

69 381 122 404 σας,
137 372 249 408 ὕστερον
266 374 309 406 εἰς
321 375 352 400 τὺ
370 375 502 411 σπήλαιον
515 375 583 402 αὑτὰ
597 375 745 412 κατώρυξε.
759 375 851 407 Πάσας
867 374 896 401 δὲ
911 373 961 406 τὰς
977 373 1068 404 πόλεις
1082 373 1254 409 ἐκπορθήσας
1279 372 1379 405 αὐτῶν,
1412 373 1499 400 πᾶσαν
1512 373 1560 408 τὴν
1575 373 1682 409 ὀρεινὴν

69 418 110 446 καὶ
119 418 165 453 τὴν
178 418 292 454 πεδινὴν
307 419 433 453 ὑπέταξε.

105 463 187 499 ’Ᾱσὼρ
201 464 242 495 δὲ,
256 466 271 491 ὁ
286 465 412 500 βασιλεὺς
432 466 527 499 Ίασὶν,
545 467 705 503 συμμάχους
722 467 784 499 τοὺς
799 467 848 494 πέ-

72 508 106 545 ριξ
119 509 206 536 λαϐὼν
237 510 359 545 βασιλεῖς
371 531 378 543 ,
399 511 497 548 πολλὴν
514 514 650 549 συνήγαγε
665 513 789 548 δύναμιν,
810 513 848 544 ὡς

69 553 164 580 εἰκάσαι
180 554 211 580 τὸ
233 554 341 589 πλῆθος
356 555 405 591 τῆς
424 557 567 592 στρατείας
588 558 677 584 αὐτῶν
699 559 732 592 τῇ
754 558 849 593 ἀναρι-

70 599 154 634 Θμήτῳ
166 599 215 634 τῆς
229 598 369 636 θαλάσσης
381 600 495 637 ψάμμῳ,
508 602 555 628 καὶ
563 602 795 638 ἀντιπαρετάξατο
808 602 847 637 τῷ

75 645 161 681 Ἰησοῦ.
180 645 209 671 '0
226 645 255 672 δὲ
271 647 362 678 αὑτοῖς
388 647 464 682 ἄφνω
489 647 626 674 ἐπιπεσὼν
645 648 748 684 Ἰησοῦς
768 649 847 675 αὐτόν

69 700 93 719 τε
103 692 144 718 καὶ
155 691 259 724 πάντας
274 693 337 724 τοὺς
350 693 510 729 συμμάχους
521 695 671 729 πανστρατὶ
683 694 845 729 κατέσφαξε,

70 738 187 770 καὶτοὺς
215 739 320 770 ἵππους
345 739 432 766 αὐτῶν
454 740 666 775 ἑνευροκόπησε,
694 740 740 766 καὶ
757 741 846 767 πᾶσαν

934 462 1020 491 Porro
1037 463 1107 490 Asor
1125 471 1172 490 rex
1185 462 1265 490 Jabin
1276 463 1309 496 ³⁷,
1326 471 1420 490 omnes
1440 470 1519 498 reges
1533 464 1638 493 vicinos
1653 465 1680 493 in
1702 461 1705 465 ’

901 510 1031 536 auxilium
1041 513 1151 536 vocatos
1162 511 1319 536 immensam
1329 509 1469 543 copiarum
1479 510 1681 539 multitudinem

900 555 997 589 coegit,
1011 555 1049 581 ita
1071 558 1101 581 ut
1118 554 1308 582 innumerabili
1324 561 1413 581 arena:
1430 555 1514 582 maris
1528 555 1625 583 similis
1640 557 1682 583 vi-

900 600 1021 632 deretur,
1039 601 1138 635 quibus
1153 608 1182 627 se
1196 599 1275 628 Jesus
1289 601 1425 635 opposuit.
1435 601 1469 627 At
1483 601 1682 636 hicimproviso

900 645 1065 681 irrumpens,
1078 646 1167 681 ipsum
1189 653 1338 680 omnesque
1352 646 1413 680 ejus
1429 647 1576 674 auxiliares
1590 648 1682 682 copias

899 692 1084 720 internecione
1102 692 1210 723 delevit,
1230 697 1361 727 artusque
1386 700 1518 727 equorum
1545 692 1681 727 abscidit,

899 743 926 766 et
946 747 1039 766 eorum
1057 742 1157 766 terram
1174 739 1328 765 universam
1349 738 1478 766 lsraelitis
1495 739 1612 773 partitus
1627 743 1680 767 est.

70 783 146 810 αὐτῶν
169 784 218 819 τὴν
233 785 288 819 γῆν
311 786 367 816 τοῖς
389 784 567 820 Ἰσραηλίταις
588 785 720 820 διένειμε·
744 787 777 821 τῇ
799 786 842 821 μὲν

899 785 931 813 Ει
955 785 1038 812 tribui
1066 784 1161 812 Ruben
1183 784 1302 812 sortibus
1323 784 1456 818 conjectis
1480 784 1555 811 dedit
1581 789 1681 812 terram

70 829 129 865 φυλῇ
143 829 188 856 τοῦ
208 830 318 856 Ῥουϐὶν
337 830 384 865 τὴν
399 831 452 857 τῶν
471 831 639 867 Ἀμορραίων
658 832 709 868 γῆν
723 833 846 868 ἀπεκλή-

72 883 130 911 ρωσε
145 876 190 902 καὶ
205 875 256 913 τὴν
278 877 426 912 Ῥαφασὴν,
444 877 493 912 τὴν
510 877 539 904 δὲ
564 877 617 904 Γὰδ
634 877 683 914 τὴν
697 878 781 913 αὐτὴν
795 878 846 913 γῆν

70 922 115 949 τῶν
133 922 317 958 Ἀμορραίων,
330 923 376 949 καὶ
391 923 422 949 τὸ
438 923 524 959 ἥμισυ
555 924 624 959 φυλῇ
643 925 776 960 Μανασσῆ
794 925 847 952 ἀπ-

70 967 159 1002 ένειμε,
178 969 225 994 καὶ
239 969 274 1005 τῇ
294 968 364 1004 φυλῇ
385 969 468 997 ’ἰούδα
483 969 532 1005 τὴν
544 969 598 996 τῶν
626 970 776 1005 Ἑϐραίων,
799 970 845 997 καὶ

70 1012 202 1043 Χετταίων,
231 1014 280 1040 καὶ
301 1013 350 1049 τὴν
375 1014 511 1050 Ἑνακείμ.
532 1016 632 1050 Ἤγουν
655 1016 739 1043 ’ἰούδα
764 1016 844 1052 φυλὴ,

69 1059 200 1094 σύμμαχον
217 1059 341 1087 λαὸοὓσα
361 1061 411 1096 τὴν
426 1062 511 1097 φυλὴν
528 1061 655 1097 Συμεὼν,
673 1064 735 1094 τοὺς
753 1064 844 1089 Χανα-

69 1106 148 1138 ναίους
162 1106 208 1133 ml.
233 1107 399 1142 Φερεζαίους
418 1108 567 1144 ἐπόρθησε,
586 1110 632 1135 καὶ
652 1109 787 1144 φεύγοντα
800 1110 845 1136 τὸν

74 1151 236 1184 Ἀδωνιϐεζὲκ
262 1154 476 1189 χειρωσάμενοι,
499 1155 562 1187 τοὺς
581 1155 664 1187 πόδας
686 1156 768 1182 αὑτοῦ
797 1156 844 1183 καὶ

72 1197 110 1228 τὶς
124 1199 211 1233 χεῖρας
223 1199 451 1235 ἠκρωτηρίασαν·
464 1201 510 1227 καὶ
525 1202 735 1237 κατοδυρόμενος
748 1203 843 1230 ἑαυτὸν

69 1242 111 1278 ἔφη
122 1252 128 1258 ·
140 1254 148 1269 ι
161 1245 260 1277 Καθὼς
272 1246 397 1281 ἐποίησα,
405 1246 475 1274 οὕτω
484 1256 528 1282 μοι
541 1248 555 1275 ὁ
569 1248 633 1279 Θεὸς
641 1249 840 1278 άνταπέδωκεν,

75 1289 260 1325 Ἑϐδομήκοντα
276 1291 332 1327 γὰρ
359 1292 492 1327 βασιλεῖς,
517 1293 550 1320 τὰ
581 1294 653 1330 ἄκρα
677 1295 730 1321 τῶν
753 1295 841 1322 ποδῶν

69 1335 145 1362 αὐτῶν
161 1337 205 1362 καὶ
221 1337 277 1364 τῶν
299 1337 397 1373 χειρῶν
412 1338 618 1373 ὲκκεκομμένοι,
633 1339 761 1366 ὑποκάτω
772 1338 841 1376 ἦσαν

69 1380 110 1415 τῆς
128 1382 264 1418 τραπέζης
294 1392 344 1418 μου
371 1384 404 1411 τὰ
432 1385 602 1420 ἐμπίπτοντα
628 1386 813 1420 ἀναλέγοντες.
830 1396 839 1413 ι

70 1427 201 1461 Κομισθεὶς
210 1427 257 1455 οὖν
264 1430 306 1461 είς
314 1430 491 1465 Ἰερουσαλὴμ
500 1431 656 1466 παραυτίκα
665 1432 792 1459 ἀπέθανε.
800 1433 838 1468 Τῇ

69 1471 158 1508 δὲφυλῇ
171 1475 291 1511 Ἐιρραῖμ
308 1475 356 1511 τὴν
363 1476 416 1503 τῶν
430 1477 610 1513 Ἀμορραίων,
619 1479 665 1505 καὶ
679 1478 842 1514 Φερεζαίων,
857 1469 877 1496 C

70 1518 107 1543 καὶ
117 1518 275 1555 Σαμαραίων
286 1529 292 1536 ε
312 1521 358 1548 καὶ
383 1521 421 1557 τῷ
437 1523 530 1557 ἡμίσει
545 1524 630 1559 φυλῆς
645 1525 778 1560 Μανασσῆ
794 1525 843 1562 τὴν

69 1563 113 1589 τῶν
120 1564 137 1589 Γ
139 1566 261 1600 ερσαίων,
271 1568 319 1593 καὶ
333 1568 501 1604 Ἀμορραίων
510 1569 561 1604 γῆν
570 1570 716 1605 ἀπένειμεν
731 1571 842 1606 Ἰησοῦς⁵

70 1609 110 1644 τὴν
125 1611 150 1637 δὲ
164 1612 216 1638 τῶν
238 1613 382 1649 Ἐϐραίων,
407 1615 454 1641 καὶ
475 1616 654 1651 Ἀμορραίων,
678 1617 724 1643 καὶ
745 1617 843 1644 Ἰεϐου-

71 1654 140 1681 σαίων
162 1659 193 1692 τῇ
210 1658 256 1684 τοῦ
290 1659 415 1694 Βενιαμὶν
441 1660 652 1696 ὲκληροδότησε·
682 1663 714 1697 τῇ
742 1662 770 1689 δὲ
794 1663 841 1690 τοῦ

70 1700 165 1735 Συμεὼν
184 1704 232 1739 τὴν
253 1705 309 1732 τῶν
329 1706 459 1741 Ἑϐραίων
476 1708 522 1733 καὶ
546 1707 716 1742 Φερεζαίων·
738 1708 784 1734 καὶ
806 1710 840 1746 τῇ

70 1746 107 1772 τοῦ
121 1748 255 1776 Ζαϐουλὼν
270 1751 320 1786 τὴν
341 1751 395 1778 τῶν
415 1752 568 1788 Φερεζαίων
578 1762 584 1768 ·
599 1754 648 1789 τὴν
662 1755 691 1781 δὲ
709 1755 764 1782 τῶν
789 1756 840 1782 Κι-

69 1790 138 1818 ναῐων
157 1795 187 1828 τῇ
210 1795 384 1831 Νεφθαλείμ·
416 1798 461 1823 καὶ
485 1799 518 1833 τῇ
546 1797 615 1833 φυλῇ
643 1798 689 1824 τοῦ
713 1798 767 1826 Δὰν
791 1800 840 1835 τὴν

75 1837 243 1874 Ἀμορραίων·
269 1842 303 1876 τῇ
325 1842 354 1868 δὲ
372 1843 441 1878 φυλῇ
474 1844 616 1880 Ίσσάχαρ,
642 1844 690 1871 καὶ
715 1846 747 1880 τῇ
770 1846 839 1882 φυλῇ

75 1882 146 1919 Ἀσὴρ
156 1885 203 1921 τὴν
219 1887 276 1913 τῶν
290 1888 451 1924 Φερεζαίων.
468 1890 576 1926 Ταύτην
594 1892 682 1918 πᾶσαν
700 1891 840 1927 διανείμας

70 1927 109 1962 τὴν
132 1931 178 1965 γῆν
202 1932 306 1968 Ἰησοῦς
330 1937 351 1969 ρ’
372 1934 419 1963 καὶ
442 1938 457 1961 ι’
479 1935 578 1970 βιώσας
606 1936 668 1972 ἔτη,
695 1937 837 1965 ἀπέθανεν.

76 1971 219 2018 Ἐλεαζάρου
235 1978 263 2004 δὲ
280 1978 327 2005 τοῦ
345 1979 403 2008 υίοῦ
431 1980 535 2016 Ἀαρὼν
557 1981 765 2018 τελευτήσαντος
789 1982 838 2018 τὴν

71 2017 255 2057 ἀρχιερωσύνην
272 2023 349 2054 Φινὲς
363 2025 376 2050 ὁ
392 2025 448 2056 υίὸς
465 2025 546 2051 αὑτοῦ
562 2017 703 2058 διεδέξατο.
716 2027 794 2053 Μετὰ
809 2017 838 2053 δὲ

71 2064 110 2099 τὴν
123 2066 241 2104 τελευτὴν
265 2070 352 2104 Ἴησοῦ
373 2071 450 2106 Ναυῆ
465 2072 490 2098 οἱ
511 2072 688 2108 Ἰσραηλῖται,
704 2073 838 2100 ἀποστάν-

123 2112 163 2138 τοῦ
178 2114 258 2146 Θεοῦ,
285 2117 317 2150 τῇ
341 2116 474 2153 Ἀστάρτῃ
504 2117 669 2153 ἐλάτρευσαν
693 2118 739 2144 καὶ
764 2126 837 2154 παρ-

898 831 1129 862 Amorrhaeorum,
1145 833 1172 857 et
1188 829 1344 865 Eaphasen,
1358 833 1385 856 et
1401 829 1456 856 Gad
1476 830 1562 864 ipsam
1579 835 1681 858 terram

896 876 1126 907 Amorrhacorum,
1143 880 1170 904 et
1183 876 1322 903 dimidium
1339 875 1421 902 tribui
1435 876 1575 910 Manassae,
1588 881 1615 904 ct
1631 878 1680 905 tri-

898 923 944 950 bui
958 922 1035 950 Judm
1051 922 1226 950 Hebraeorum
1237 926 1264 949 et
1279 922 1472 953 Cbettaeorum,
1483 927 1510 950 et
1525 922 1635 950 Enacim
1645 924 1679 951 “.

898 968 950 996 Sed
966 969 1042 996 Judze
1059 969 1158 1000 tribus,
1175 969 1246 996 tribu
1262 968 1378 1004 Symeou
1400 969 1427 996 in
1447 969 1577 997 auxilium
1594 970 1680 997 advo-

896 1019 957 1042 cata
968 1015 1001 1045 ".
1030 1015 1215 1047 Cbananaeos,
1237 1019 1265 1041 et
1287 1014 1446 1042 Pherezaeos
1475 1015 1594 1050 praedata
1621 1019 1678 1049 cst;

895 1068 1013 1096 cumque
1037 1061 1173 1096 cepissent
1189 1061 1334 1095 fugientem
1359 1061 1539 1094 Adonibezec,
1559 1065 1678 1088 extrema

895 1108 993 1142 pedum
1016 1115 1048 1134 ac
1063 1115 1193 1134 manuum
1210 1107 1419 1140 obtruncarunt,
1440 1108 1486 1142 qui
1502 1108 1678 1143 semetipsum

895 1153 1041 1190 deplorans
1065 1153 1153 1181 dixit:
1171 1162 1180 1179 ι
1199 1152 1431 1186 Quemadmodum
1456 1153 1517 1185 feci,
1546 1154 1583 1180 ita
1613 1153 1678 1180 Inibi

897 1199 968 1227 Deus
993 1200 1129 1227 retribuit.
1155 1199 1331 1234 Septuaginta
1355 1199 1428 1227 enim
1455 1207 1534 1234 reges
1556 1204 1678 1226 extrema

896 1246 1010 1281 pedibus
1025 1254 1056 1273 ac
1074 1246 1199 1274 manibus
1215 1245 1312 1277 mutili,
1328 1246 1379 1273 sub
1394 1253 1487 1272 mensa
1501 1253 1560 1272 mea
1576 1253 1607 1272 ea
1618 1253 1679 1280 qua:

896 1292 1030 1319 cadebant
1053 1293 1226 1328 colligebant.
1247 1301 1256 1318 ι
1276 1291 1366 1320 Hicin
1384 1291 1551 1319 Hierusalem
1573 1291 1678 1320 delatus

895 1338 987 1366 subito
999 1339 1087 1373 periit.
1099 1338 1192 1366 Tribui
1204 1338 1557 1373 EphraimAmorrbatorum
1569 1341 1596 1365 et
1608 1337 1679 1365 Phe-

893 1392 1051 1415 rezzeorum.
1068 1390 1092 1412 et
1105 1385 1313 1417 Samaraaorum,
1334 1388 1361 1412 ct
1374 1384 1493 1411 dimidiae
1507 1385 1576 1419 parti
1590 1385 1679 1412 tribus

895 1431 1026 1459 Manassm
1043 1430 1224 1462 Gersaaorum.
1241 1435 1268 1458 et
1285 1430 1506 1458 Amorrhaaorum
1522 1430 1617 1458 tribuit
1631 1429 1676 1458 Je-

894 1485 942 1504 sus
959 1487 965 1504 :
980 1476 1153 1504 Hebraeorum
1173 1484 1236 1504 vero
1252 1480 1279 1504 et
1300 1477 1568 1512 Ainorrliaaorum,,et
1580 1476 1679 1504 Jebus-

893 1531 1010 1551 sacrum
1032 1523 1113 1550 tribui
1133 1523 1388 1558 Benjamin;tribui
1410 1522 1526 1559 Symeon
1552 1521 1679 1550 Hebrum»

892 1577 964 1601 rum.
980 1573 1007 1597 et
1019 1569 1235 1600 Pherezaeorum.
1248 1573 1275 1596 et
1289 1569 1371 1596 tribui
1384 1568 1505 1596 Zabulon
1521 1568 1679 1596 Pheresz-

892 1623 964 1647 rum,
979 1619 1006 1642 et
1021 1615 1101 1642 tribui
1117 1615 1287 1650 Nepbthalim
1302 1615 1468 1648 Cinaaorum,
1480 1619 1506 1642 et
1522 1615 1605 1642 tribui
1620 1614 1677 1643 Dan

892 1661 1123 1695 Amori-limatum,
1143 1665 1170 1689 et
1191 1661 1271 1688 tribui
1298 1660 1432 1693 lssachar,
1455 1665 1481 1688 et
1501 1661 1583 1688 tribui
1609 1661 1678 1689 Aser

892 1706 1109 1734 Pherezzrorum.
1136 1707 1211 1733 llanc
1227 1707 1382 1734 universam
1400 1711 1500 1732 terram
1521 1713 1584 1732 cum
1607 1705 1677 1733 divi-

891 1752 973 1780 sisset
981 1751 1071 1784 Jesus,
1086 1753 1172 1780 aetatis
1185 1760 1316 1779 annorum
1331 1756 1439 1779 centum
1450 1754 1477 1778 et
1491 1751 1583 1778 decem
1594 1759 1609 1778 e
1621 1751 1676 1778 vita

890 1799 1050 1827 decessit”.
1070 1799 1102 1826 Et
1116 1800 1245 1827 Eleazaro
1260 1800 1315 1827 lilio
1327 1800 1416 1826 Aaron
1435 1803 1542 1827 mortuo
1558 1800 1585 1827 in
1601 1807 1676 1826 sum-

891 1853 936 1872 mo
949 1846 1103 1873 sacerdotio
1122 1845 1223 1874 Phines
1247 1846 1307 1880 ejus
1331 1846 1404 1873 filius
1426 1846 1568 1874 successit.
1589 1845 1675 1873 Caele-

889 1897 949 1917 rum
969 1896 1030 1925 post
1047 1891 1110 1919 Jesu
1131 1892 1204 1919 Nave
1223 1891 1324 1919 obitum
1336 1891 1357 1907 “
1373 1891 1510 1922 Israelita,
1525 1899 1586 1918 cum
1600 1891 1675 1917 defe-

889 1936 992 1965 cissent
1007 1945 1022 1964 a
1036 1937 1101 1971 Deo,
1117 1937 1254 1965 Astartam
1269 1939 1388 1970 coluere,
1400 1942 1427 1965 et
1444 1937 1516 1965 dedit
1530 1937 1591 1965 illos
1601 1936 1674 1964 Deus

889 1983 1012 2017 captivos
1035 1983 1208 2011 Cbursatban
1233 1983 1362 2020 Syrorum
1382 1984 1448 2019 regi,
1467 1984 1575 2018 quieos
1590 1983 1673 2012 variis

888 2029 979 2057 modis
990 2030 1137 2064 multisque
1159 2031 1304 2066 afﬂigebat,
1322 2031 1358 2058 ita
1374 2035 1404 2058 ut
1425 2039 1588 2066 magnopere
1600 2031 1674 2059 cala-

888 2074 1028 2102 mitatibus
1051 2075 1191 2111 defatigati
1210 2077 1355 2104 clamarint
1378 2076 1412 2103 ad
1436 2075 1540 2109 Deum,
1560 2075 1673 2111 datique

888 2121 942 2147 sint
962 2121 1016 2148 illis
1031 2121 1150 2155 judices.

73 2153 155 2209 ἔδωκεν
180 2160 276 2209 αὐτοὺς
301 2161 471 2209 ὑποχειρίους
497 2164 511 2189 ὁ
535 2163 600 2195 Θεὸς
613 2164 772 2200 Χουσαρθὰν
863 2164 956 2202 Σύρων
983 2153 1106 2202 βασιλεῖ,
1142 2168 1216 2199 ὅστις
1248 2168 1289 2200 είς
1315 2168 1413 2204 πολλὴν
1442 2168 1554 2204 συνοχὴν
1574 2167 1672 2198 αὐτοὺς

71 2206 225 2253 κξτέστησεν,
252 2206 291 2238 ὡς
313 2206 360 2233 ἐπὶ
385 2207 452 2234 πολὺ
478 2209 716 2246 καταπονηθέντας
751 2210 850 2242 αὑτοὺς
877 2209 974 2246 βοῆσαι
999 2211 1068 2248 πρὸς
1105 2211 1150 2239 τὸν
1179 2211 1262 2246 Θεὸν,
1288 2214 1336 2240 καὶ
1360 2214 1470 2250 δοθῆναι
1495 2214 1584 2246 αὐτοῖς
1609 2221 1672 2250 xpu-

70 2254 119 2280 τας.

113 2351 195 2381 “los.
211 2364 249 2385 ιι,
289 2357 312 2373 ⁸⁸
322 2356 381 2386 Ιοε.
398 2365 459 2386 xui.
498 2359 520 2375 "
530 2357 596 2386 Iud.
613 2367 633 2386 ι.
671 2358 694 2376 ³⁸
703 2357 762 2387 los.
779 2367 854 2388 xx".

893 2359 916 2376 “
931 2358 997 2388 Iud.
1011 2367 1052 2388 ιιι.
