1903 3068
214 81 267 110 795

882 72 1005 108 moras
1023 80 1159 108 ALLATll

1776 76 1822 106 796

217 164 1690 180 W

984 163 1818 179 Μ

689 237 971 302 LEONIS
1017 222 1341 301 A'LLATI-I

995 364 1029 386 IN

317 442 706 502 EUSTATHII
746 441 835 498 AN
847 440 1010 497 TIOC
1020 441 1162 498 HEN
1170 442 1190 497 Ι
1230 442 1718 502 HEXAEMERON

625 561 749 593 ΝΟΤίΕ
776 559 1010 593 UBERIORES
1023 559 1080 590 ET
1093 560 1406 595 COLLECTANEA.

244 685 303 712 Col.
316 684 376 716 707,
393 685 418 710 in
439 683 561 717 inscript.
587 682 765 708 Εὑσταθίου.
792 681 829 708 De
847 681 988 708 Eustathio
1004 684 1027 712 Α
1041 683 1141 709 tionem
1167 687 1294 718 exponat,
1313 684 1359 711 ubi
1386 684 1456 712 hanc
1479 692 1571 713 curam
1600 685 1652 714 sibi
1672 685 1761 714 fuisse
1779 685 1823 714 dc-

211 731 391 762 Antioclieno,
401 732 427 756 et
438 729 496 763 ejus
512 728 715 762 scriptis,plura
725 728 751 754 in
765 727 921 762 prmfatione
932 735 990 754 mea

211 778 244 804 ad
263 778 401 804 lectorem.
419 775 468 802 llic
482 775 535 801 duo
548 777 664 805 tantum,
683 782 742 808 quis:
759 774 793 800 ibi
811 774 936 801 consulto
953 773 991 800 si-

212 823 296 850 lentio
312 821 471 857 pratermisi
498 821 638 847 tractanda
671 819 801 854 suscipio.
821 819 852 845 Et
875 820 991 854 primum

211 869 264 896 erit
287 868 433 895 discrimen
457 866 527 893 inter
547 865 619 892 hunc
633 869 755 892 nostrum
769 865 950 898 Eustathium,
965 868 993 892 et

212 915 294 942 alium
312 913 494 945 Eustathium,
516 913 561 947 qui
588 911 680 938 Basilii
704 911 790 945 Magni
811 911 990 938 Hexaenwron

212 962 240 988 in
259 961 378 996 linguam
392 959 514 986 Latinam
531 958 674 986 convertit.
686 957 853 988 Secundum,
867 957 993 984 ostende.

211 1015 272 1034 mus
299 1010 435 1033 auctorem
463 1006 535 1031 hunc
550 1009 685 1036 nostrum,
697 1004 821 1038 quisquis
842 1003 885 1030 ille
902 1003 992 1033 fuerit,

214 1054 300 1080 fuisse
325 1051 546 1086 antiquissimum
574 1051 625 1086 ipsi
658 1049 798 1077 Eustatliio
825 1049 994 1076 Antiocheuo

211 1106 341 1126 coaevum.
357 1097 388 1123 Et
406 1105 472 1124 sane
489 1096 553 1123 dum
570 1096 661 1122 animo
675 1103 707 1122 ea
721 1103 782 1130 quae
797 1095 823 1122 in
840 1095 892 1121 hoc
904 1095 994 1122 libello

211 1144 396 1174 continentur,
414 1143 555 1177 agitarem,
573 1141 778 1175 invenircmque
791 1140 884 1168 Basilii
904 1139 993 1174 Magni

210 1190 365 1220 sententiis,
382 1189 526 1223 verbisque
549 1196 631 1223 super
644 1188 738 1215 eadem
757 1187 870 1214 materia
888 1187 994 1214 similli-

211 1247 255 1266 ma
278 1246 339 1273 quae
364 1238 408 1265 hic
438 1237 583 1267 habentur,
600 1236 646 1263 diu
666 1243 709 1262 me
723 1235 803 1262 torsit
816 1234 951 1269 quomodo
967 1233 993 1261 id

212 1285 270 1312 ﬁeri
293 1285 392 1320 potuit,
410 1288 440 1310 ut
464 1284 506 1310 vel
530 1283 646 1310 Basilius
661 1282 696 1309 ab
715 1281 867 1313 Eustathio,
883 1281 924 1307 vel
940 1280 994 1307 Eu-

212 1332 328 1360 stathius
348 1338 363 1357 a
378 1330 489 1362 Basilio,
507 1335 621 1363 uterque
634 1332 660 1355 et
676 1329 701 1354 in
726 1327 841 1354 dicendo
862 1327 995 1361 peritissi—

212 1385 283 1410 mus,
295 1384 345 1403 nec
362 1376 455 1402 aliente
468 1374 630 1402 elocutionis
647 1373 768 1400 subsidio
788 1373 920 1408 indigens,
933 1380 994 1399 eas-

212 1424 273 1450 dem
303 1422 468 1454 sententias,
490 1425 518 1448 et
543 1421 640 1452 verba,
670 1421 826 1455 luminaque
860 1420 993 1448 orationis

212 1468 294 1496 fuerit
310 1472 458 1495 mutuatus.
472 1467 628 1502 Sigebertus
640 1467 687 1494 lib.
705 1467 743 1493 De
760 1467 909 1493 illustribus
925 1467 993 1493 scri-

212 1515 329 1550 ptorilrus
349 1514 520 1541 ecclesiaticis
530 1534 537 1545 ,
550 1519 609 1546 cap.
622 1513 667 1546 2|,
687 1513 712 1539 in
730 1513 780 1540 hac
795 1520 824 1540 re
838 1513 923 1547 magis
937 1512 995 1538 ani-

212 1570 285 1589 mum
310 1561 422 1588 dubium
451 1560 575 1588 faciebat.
591 1560 655 1587 dum
673 1560 815 1590 scriberet,
836 1559 993 1586 Eustathius

214 1608 351 1634 transtulit
368 1607 399 1634 de
413 1606 503 1633 Grn'co
515 1607 541 1633 in
555 1605 679 1632 Latinum
698 1605 883 1632 Hexaemeron
898 1605 995 1631 Basilii

211 1654 396 1680 Cn’sariensis.
408 1652 513 1685 Quibus
530 1651 695 1679 Possevinus
706 1650 734 1677 in
744 1648 883 1684 Apparatu
892 1651 992 1678 haeret:

213 1698 287 1731 Quod
311 1706 370 1724 vero
395 1697 542 1731 Sigcbertus
567 1697 650 1731 inquit
687 1704 714 1722 πη
735 1695 873 1730 Catatogo.
896 1695 995 1722 Eusta-

213 1745 295 1771 thium
312 1745 339 1771 in
358 1743 482 1770 Latinum
504 1743 672 1770 transtulisse
694 1742 879 1769 Hexaemeron
897 1742 993 1769 Basilii

212 1790 393 1821 Cesariensis,
411 1789 497 1816 nescio
516 1788 547 1814 de
570 1796 682 1822 quonam
700 1788 781 1814 dicat.
801 1786 992 1814 Existimabam

213 1832 381 1870 Sigebertuin
391 1836 631 1866 hallucinatum,et
642 1834 811 1861 Eustathium
821 1834 910 1868 potius
919 1841 994 1860 com-

212 1882 363 1916 pilatorem,
373 1882 429 1908 sive
438 1881 640 1915 epitomatorem
652 1879 742 1914 operis
755 1879 882 1906 Basiliani
898 1879 991 1909 fuisse.

211 1935 266 1954 non
281 1927 465 1961 interpretem.
479 1926 577 1953 Verum
595 1934 609 1952 a
626 1925 759 1952 sententia
774 1925 913 1952 detorsere
927 1925 993 1951 Cas-

212 1973 338 2001 siodorus
363 1973 410 2000 lib.
437 1973 472 2000 De
497 1973 661 1999 institutione
676 1972 824 1998 divinarum
840 1971 993 2005 Scriptura-

1041 727 1194 754 mandatam
1222 729 1330 757 asserit.
1349 733 1378 755 ut
1401 737 1469 765 opus
1498 731 1601 758 scilicet
1624 732 1715 758 sancti
1731 731 1823 759 Basilii

1041 773 1162 808 episcopi
1186 772 1279 801 Graeco
1301 782 1426 803 sermone
1440 777 1623 812 conscriptum
1641 779 1825 806 monumentis

1041 818 1139 853 lingua:
1155 819 1266 847 Latialis
1284 820 1425 853 insereret,
1443 829 1458 848 a
1474 822 1626 858 Syncletica
1651 823 1821 855 diaconissa.

1041 865 1084 893 cui
1097 869 1123 892 et
1139 867 1238 901 paruit,
1253 870 1280 894 et
1296 875 1404 902 operam
1420 875 1495 895 Suam
1509 869 1622 897 ﬁdeliter
1635 869 1771 897 exhibuit.

1077 913 1190 946 Quidam
1206 914 1463 950 aﬁirmarunthujus
1476 915 1636 951 Syncletica!
1648 915 1822 946 diaconissaa,

1042 958 1076 985 ad
1096 967 1177 993 quam
1200 958 1360 988 Eustathius
1375 968 1453 988 suum
1469 968 1536 995 opus
1551 960 1653 996 dirigit,
1666 961 1825 988 meminisse

1044 1003 1194 1037 Sedulium,
1217 1006 1365 1041 multisque
1386 1014 1445 1034 eam
1461 1011 1632 1041 prosecutum
1655 1006 1783 1033 laudibus
1799 1007 1824 1033 in

1043 1051 1201 1086 praefatione
1222 1052 1312 1086 operis
1339 1051 1488 1079 Paschalis.
1512 1051 1577 1085 Qua:
1603 1052 1626 1079 si
1659 1060 1724 1079 vera
1750 1056 1824 1082 sunt,

1044 1096 1214 1125 Eustathiu'n
1235 1098 1409 1133 interpretem
1434 1097 1543 1125 Sedulio
1559 1105 1679 1125 cmevum
1704 1101 1825 1132 tempore

1044 1145 1188 1173 Theodosii
1205 1144 1329 1172 floruisse
1351 1143 1506 1172 necessario
1521 1143 1656 1171 fatendum
1668 1147 1721 1175 est,
1738 1143 1823 1170 maxi-

1044 1200 1142 1227 meque
1169 1199 1218 1219 eos
1244 1191 1332 1226 decipi
1359 1191 1404 1226 qui
1432 1190 1563 1218 Junilium
1585 1198 1618 1218 eo
1642 1190 1822 1225 antiquiorem

1043 1239 1222 1270 constituunt,
1247 1245 1308 1264 cum
1332 1236 1426 1264 Iunilii
1457 1240 1484 1264 et
1512 1235 1614 1264 Sedulii
1631 1239 1755 1271 tempora
1771 1243 1823 1263 non

1043 1284 1157 1310 multum
1173 1282 1286 1310 distent.

1080 1328 1133 1356 Sed
1155 1330 1188 1356 de
1207 1328 1376 1356 Antiocheno
1390 1331 1499 1355 auctore
1514 1327 1595 1362 hujus
1611 1330 1755 1358 tractatus,
1770 1333 1823 1361 quo

1045 1377 1148 1404 scilicet
1171 1379 1292 1411 tempore
1307 1375 1414 1406 vixerit,
1431 1382 1583 1402 sermonem
1597 1374 1752 1404 instituere.
1763 1380 1822 1400 cum

1044 1426 1212 1458 compertum
1229 1422 1264 1450 sit
1277 1423 1302 1448 in
1318 1421 1444 1453 historia,
1462 1428 1550 1455 operte
1566 1421 1683 1455 pretium
1706 1427 1759 1446 non
1772 1423 1822 1446 est.

1043 1470 1237 1505 Argumentum
1251 1472 1342 1496 tamen
1356 1467 1588 1496 evidentissimum
1606 1467 1679 1494 illius
1694 1466 1782 1493 {etatis
1798 1465 1823 1491 in

1043 1515 1096 1542 hoc
1112 1515 1170 1549 ipso
1182 1521 1264 1548 opere
1279 1513 1410 1540 habemus
1427 1520 1485 1546 pag.
1500 1511 1545 1542 85,
1560 1511 1616 1542 ubi,
1635 1518 1698 1538 cum
1723 1509 1756 1537 de
1774 1509 1824 1536 ﬁne

1044 1564 1070 1588 et
1092 1559 1326 1587 consummatione
1342 1558 1423 1593 hujus
1444 1557 1535 1584 mundi
1555 1557 1769 1591 disputationem
1786 1556 1824 1582 in-

1043 1607 1186 1638 stituisset,
1199 1614 1278 1641 quem
1294 1610 1397 1633 tantum
1415 1605 1448 1632 ad
1465 1612 1595 1631 annorum
1613 1611 1659 1631 sex
1674 1604 1761 1630 millia
1776 1602 1824 1630 du-

1043 1656 1165 1680 raturum
1187 1651 1375 1682 contendebat,
1391 1656 1417 1678 et
1433 1655 1586 1677 accuratam
1603 1656 1738 1675 annorum
1759 1656 1824 1675 enu-

1044 1697 1219 1725 merationem
1233 1699 1452 1730 prosequeretur,
1470 1698 1498 1721 ut
1513 1695 1557 1729 qui
1572 1692 1823 1729 praeterierat.quid

1044 1743 1132 1770 adhuc
1142 1742 1261 1769 futurum
1274 1745 1365 1776 posset
1372 1748 1401 1768 ex
1407 1741 1521 1776 spectari
1534 1740 1631 1775 legenti
1645 1740 1821 1774 signiﬁcaret,

1043 1796 1122 1816 suum
1138 1791 1293 1822 computum
1305 1787 1337 1814 ad
1357 1787 1524 1814 tricesimum
1538 1794 1638 1813 annum
1653 1786 1822 1813 Constantini

1043 1835 1108 1869 imp.
1122 1834 1278 1869 perductum
1294 1833 1361 1863 ﬁnit,
1375 1832 1443 1860 alios
1457 1840 1543 1860 annos
1553 1832 1773 1867 pratermittens.
1788 1831 1825 1858 Si-

1042 1888 1123 1914 gnum
1135 1887 1198 1914 ergo
1210 1879 1273 1906 dum
1286 1879 1341 1906 haec
1350 1879 1393 1905 hic
1405 1883 1500 1905 auctor
1514 1878 1655 1909 scriberet,
1664 1885 1754 1905 annos
1765 1884 1824 1904 tan-

1043 1930 1099 1952 tum
1109 1929 1263 1953 numeratos
1276 1933 1324 1952 nec
1334 1925 1425 1959 plures
1437 1925 1519 1952 fuisse
1526 1925 1644 1959 elapsos.
1652 1931 1722 1958 quos
1733 1924 1827 1958 utique

1043 1980 1096 1999 non
1113 1972 1261 2004 tacuisset;
1278 1971 1304 1998 id
1321 1971 1392 1998 enim
1407 1974 1466 1998 erat
1480 1971 1551 1998 illius
1567 1970 1736 1997 institutum.
1749 1968 1826 2002 Quod

211 2027 271 2044 rum
284 2026 293 2044 :
309 2018 445 2048 Genescos,
472 2018 571 2052 inquit,
597 2017 726 2051 principia
741 2022 848 2044 sanctus
874 2016 992 2043 Basilius
1006 2025 1026 2054 ο
1044 2019 1108 2045 mihi
1125 2019 1192 2046 satis
1207 2025 1342 2053 superflue
1355 2023 1407 2049 est,
1422 2018 1444 2044 si
1459 2018 1564 2044 vivente
1573 2015 1757 2043 Constantino
1771 2016 1826 2042 hzec

212 2063 299 2089 Attico
313 2070 430 2089 sermone
448 2062 582 2093 lucidavit,
598 2070 672 2096 quem
690 2061 847 2089 Eustathius
858 2063 897 2088 vir
907 2062 990 2088 diser-

213 2108 328 2134 tissimus
348 2108 386 2133 ila
409 2107 541 2134 transtulit
557 2108 583 2134 in
597 2107 731 2139 Latinum,
748 2112 776 2134 ut
794 2108 925 2142 ingenium
945 2108 993 2133 do-

211 2153 322 2179 ctissimi
335 2153 385 2179 viri
401 2153 531 2187 facundia:
541 2161 596 2180 suto
608 2153 704 2179 viribus
717 2153 893 2187 tequiparasse
903 2153 991 2179 υἰάιιιι-

211 2203 275 2226 tur:
288 2200 332 2234 qui
346 2207 426 2234 usque
438 2200 470 2226 ad
486 2200 600 2226 hominis
617 2199 791 2227 conditionem
805 2207 895 2226 novem
910 2198 991 2226 libros

212 2246 317 2272 tetendit
332 2254 341 2277 ;
363 2250 389 2273 et
403 2245 521 2273 Junilius
544 2247 688 2281 episcopus
703 2245 859 2277 Africanus,
874 2245 930 2272 sive
944 2252 993 2279 po-

211 2293 266 2319 tius
293 2291 376 2324 Beda,
399 2299 460 2319 nam
483 2291 600 2319 Junilius
622 2291 686 2319 Afer
699 2291 841 2318 Eustathio
855 2291 992 2325 antiquior

211 2336 296 2365 fuisse
309 2338 468 2373 quibusdam
486 2339 559 2365 visus
574 2341 627 2370 est,
644 2339 669 2364 in
683 2337 839 2372 praefatione
853 2336 991 2365 Commen-

211 2384 273 2410 larti
299 2385 325 2410 in
349 2382 647 2418 Genes.:l)eprincipio
671 2384 732 2410 libri
754 2383 871 2414 Genesis,
896 2383 991 2417 inquo

210 2430 301 2456 mundi
314 2430 391 2464 hujus
407 2431 505 2457 creatio
520 2430 650 2464 descripta
665 2435 714 2460 est,
731 2430 806 2456 multi
821 2429 904 2456 multa
917 2429 991 2456 dixe-

210 2481 279 2505 re,et
289 2476 371 2502 multa
381 2477 492 2510 posteris
504 2477 600 2511 ingenii
614 2477 655 2503 sui
671 2481 837 2503 monumenta
853 2476 988 2511 reliquere.

209 2520 261 2547 Sed
277 2522 415 2555 prwcipue,
439 2526 565 2556 quantum
591 2527 680 2548 nostra
704 2521 908 2556 pusillanimitas
934 2521 990 2548 edi-

207 2574 278 2593 scere
296 2568 390 2600 patuit,
413 2567 530 2594 Basilius
544 2567 725 2600 Ca‘sariensis,
746 2576 819 2602 quem
834 2567 989 2595 Eustathius

208 2612 336 2646 interpres
359 2612 390 2639 de
408 2612 499 2640 ϐητεο
519 2614 580 2647 fecit
594 2622 649 2640 esse
664 2613 799 2640 Latinum.
818 2613 988 2641 Manifestum

208 2657 299 2692 itaque
324 2660 496 2686 Lustathium
518 2660 601 2692 hunc,
619 2661 665 2695 qui
691 2660 717 2687 in
741 2660 869 2687 vertendo
888 2659 989 2686 Basilio

209 2703 328 2730 laborem
343 2705 498 2739 insumpsit,
509 2706 590 2732 alium
606 2714 666 2733 esse
679 2706 713 2732 ab
725 2705 866 2732 Eustatliio
877 2705 928 2732 hoc
941 2713 988 2732 no-

209 2753 275 2776 stro.
292 2755 353 2775 cum
367 2753 394 2776 et
409 2751 481 2777 illius
497 2751 620 2778 versibus
636 2752 706 2778 edita
728 2751 772 2783 sit,
784 2755 811 2778 et
831 2751 943 2785 ipsemet
961 2750 987 2777 in

209 2792 366 2826 prmfatione
388 2803 443 2823 suae
469 2796 601 2824 versionis
617 2803 729 2831 scopum
752 2804 841 2829 suum,
856 2801 882 2824 et
900 2796 988 2823 inten-

1042 2065 1240 2096 scribehantur,
1258 2064 1382 2099 quamvis
1410 2068 1506 2091 auctor
1533 2063 1579 2090 diu
1602 2063 1685 2090 vitam
1711 2062 1825 2089 trahens

1041 2114 1148 2145 tempus
1161 2111 1225 2137 illud
1240 2110 1397 2137 excesserit.

1076 2157 1144 2183 Ibid.
1160 2158 1211 2190 Εὶς
1222 2156 1474 2191 τὴνἘξαήμερον,
1485 2155 1668 2183 Hexaemeron
1680 2154 1770 2181 Grmci
1780 2161 1821 2181 vo-

1041 2208 1148 2236 carunt,
1172 2204 1290 2238 spatium
1313 2203 1379 2230 illud
1404 2211 1450 2230 sex
1476 2202 1592 2234 dierum,
1624 2210 1679 2236 quo
1705 2200 1825 2228 mundus

1041 2250 1166 2278 conditus
1195 2254 1222 2277 et
1249 2250 1397 2277 fabricatus
1424 2248 1491 2282 fuit;
1507 2256 1561 2275 non
1595 2247 1667 2283 quod
1694 2247 1824 2281 temporis

1041 2296 1129 2331 spatio
1142 2303 1210 2330 opus
1225 2295 1349 2322 habuerit
1362 2295 1496 2326 conditor,
1508 2294 1578 2322 Deus
1590 2294 1661 2321 enim
1674 2301 1730 2320 non
1743 2293 1822 2327 jussu

1040 2346 1155 2373 tantum,
1171 2342 1218 2369 sed
1232 2346 1259 2369 et
1271 2342 1390 2377 cogitatu
1402 2346 1539 2376 operatur,
1550 2340 1596 2368 sed
1613 2340 1743 2374 quoniam
1756 2347 1823 2374 opus

1040 2391 1098 2415 erat
1114 2396 1157 2415 res
1179 2388 1265 2415 creari
1287 2387 1403 2422 quodam
1416 2387 1511 2414 Ordine
1527 2396 1534 2414 :
1551 2386 1640 2414 ordini
1661 2391 1753 2412 autem
1774 2393 1824 2412 nu-

1040 2442 1131 2461 merus
1145 2438 1187 2460 est
1199 2433 1335 2468 proprius.
1351 2433 1428 2460 Philo
1443 2433 1561 2464 Iudaeus,
1583 2432 1621 2459 De
1640 2431 1733 2458 mundi
1746 2432 1823 2466 opiﬁ-

1040 2480 1079 2506 cio
1089 2487 1097 2504 :
1107 2479 1185 2510 Ἒξδ⁷
1197 2479 1312 2515 ἡμέραις
1327 2479 1555 2514 δημιουργηθῆναι
1569 2487 1634 2514 φησι
1648 2477 1694 2504 τὸν
1711 2478 1822 2512 κόσμον,

1039 2525 1088 2552 οὐκ
1102 2523 1193 2559 ἐπειδὴ
1212 2524 1364 2560 προσεδεῖτο
1385 2525 1486 2559 χρόνων
1508 2524 1611 2559 μήκους
1624 2524 1637 2549 ὁ
1654 2523 1751 2554 ποιῶν,
1767 2523 1823 2557 ἅμα

1039 2570 1093 2605 γὰρ
1108 2571 1172 2605 δρᾷν
1189 2571 1260 2602 εἰκὸς
1282 2570 1357 2601 Θεὸν,
1378 2572 1407 2597 οὺ
1431 2571 1631 2606 προστάττοντα
1647 2571 1739 2605 μόνον,
1757 2570 1823 2597 ἀλλὰ

1039 2615 1085 2642 καὶ
1105 2615 1299 2650 διανοούμενον,
1317 2615 1373 2642 ἀλλ’
1397 2616 1489 2651 ἐπειδὴ
1515 2617 1570 2647 τοῖς
1592 2616 1748 2650 γενομένοις
1770 2616 1822 2641 ἔδει

1038 2661 1149 2694 τάξεως,
1167 2660 1240 2692 τάξει
1261 2660 1288 2687 δὲ
1303 2661 1416 2697 ἀριομὺς
1431 2662 1528 2688 οἰκεῖον
1539 2681 1546 2692 ,
1568 2665 1595 2688 et
1615 2661 1755 2688 senarium
1770 2669 1820 2687 nu-

1040 2714 1143 2733 merum
1170 2706 1240 2733 inter
1262 2706 1329 2734 alios
1352 2707 1409 2741 lege
1436 2711 1539 2734 natura:
1567 2715 1628 2734 esse
1650 2706 1822 2741 generationi

1041 2751 1210 2786 aptissimum
1226 2753 1318 2779 multis
1333 2753 1447 2787 explital
1470 2754 1579 2780 ibidem.
1596 2752 1821 2786 Quotiescunque

1041 2796 1122 2831 igitur
1134 2796 1267 2831 quispiam
1284 2797 1317 2824 ad
1330 2797 1482 2825 enarranda
1497 2798 1542 2824 illa
1555 2805 1615 2832 quas
1628 2797 1656 2824 in
1670 2798 1718 2825 illo
1733 2798 1820 2833 spatio
