1903 3068
45 92 92 119 191
539 91 573 119 ΙΝ
592 91 777 120 EUSTATHII
800 89 1036 119 HEXAEMEBON
1056 90 1171 119 NOTE.
1613 91 1666 119 798

47 152 145 178 luerunt
158 148 253 175 divina
266 148 395 177 facultate
408 150 549 185 producta,
564 151 684 178 studium
699 150 798 178 confert

913 151 979 182 ὄνοις
1001 150 1125 185 ἀκμάσαι
1148 150 1218 176 κατὰ
1233 149 1337 182 Ἴναχον
1359 149 1502 185 εἰρήκασιν
1520 149 1613 185 ἄνδρες
1636 151 1664 176 ὲν

47 196 94 226 bat,
115 195 141 221 in
170 194 358 222 Hexaemeron
386 197 506 224 scribere
527 197 680 227 dicebatur,
706 204 798 231 quorut

915 195 1014 222 ιδεύσει
1028 195 1172 229 γνώριμοι,
1200 194 1326 228 Κλήμης,
1346 193 1518 229 Ἀφρικανὸς,
1534 194 1663 225 Τατιανὺς

48 248 144 269 summa
169 244 228 268 toto
255 243 345 276 primo
373 241 510 270 Geneseos
527 243 617 278 capite
639 243 794 269 concluditu

909 240 920 266 ὖ
938 240 998 266 καθ’
1014 240 1087 275 ἡμᾶς
1098 239 1188 273 λόγου,
1206 238 1261 264 τῶν
1273 246 1302 264 τε
1319 239 1352 264 ὲκ
1363 238 1512 273 περιτομῆς
1520 238 1660 274 Ἰώσηπος,

48 287 118 320 cujus
132 293 162 313 ea
177 285 229 313 fuit
246 287 321 321 apud
337 295 432 315 omnes
460 287 615 319 dillieultas,
633 292 662 315 ut
681 288 757 315 multi
777 295 799 322 at

912 286 922 312 ἱ
941 286 1067 317 Ἰοῦστος,
1087 285 1158 316 ἰδίως
1174 284 1284 310 ἕκαστοι
1293 282 1342 318 τὴν
1353 283 1489 314 ἀπόδειξιν
1501 284 1532 309 ὲκ
1544 284 1663 315 παλαιᾶς

49 333 125 367 gressi
145 333 200 358 sint
224 332 296 359 illud
318 340 397 363 onus,
410 333 500 360 nullus
516 337 606 360 tamen
628 341 676 368 pro
696 333 797 368 dignita

916 331 1039 366 οσχύντες
1063 331 1192 366 ἱστορίας.
1210 330 1313 364 Ἴναχον
1336 329 1363 355 δὲ
1376 329 1429 355 τῶν
1453 328 1572 355 Ἰλιακῶν
1589 329 1667 364 ἐστη-

49 377 225 412 compleverit,
239 377 312 405 adeo
324 378 413 404 omnia
432 377 694 405 sttntdiflicultatum
707 378 800 405 tenehr

914 387 927 404 ν
948 377 1122 408 ἑπτακοσίοις
1145 375 1317 412 πρεσϐεύειν.
1335 374 1436 401 llorum
1452 375 1595 402 verborum
1610 376 1665 409 pri-

49 423 176 450 obvoluta.
192 422 364 458 Theophilus
378 424 562 450 Antiochenus
580 423 627 450 lib.
645 431 676 455 tt,
694 422 728 450 ad
745 424 828 449 Auto-
878 431 949 451 mam
970 426 1072 458 partem
1088 422 1180 449 omisit
1202 421 1370 452 Eustathius,
1384 419 1530 448 secundum
1545 421 1587 447 sui
1609 426 1668 447 tra-

51 469 126 503 lycum
140 476 150 495 :
163 468 219 503 Τῆς
248 468 301 503 μὲν
321 466 367 496 οὖν
382 468 564 502 Ἐξαημέρου
580 469 666 500 οὐδεὶς
680 468 802 504 ἀνθρώπω

917 472 969 495 itus
985 468 1093 494 initium
1111 474 1173 494 esse
1187 466 1282 496 voluit.
1296 465 1410 501 Κλήμης
1423 465 1472 500 μὲν
1488 462 1544 495 οὖν,
1559 473 1613 500 qua
1626 464 1668 493 vel

50 514 149 545 δυνατὸς
160 514 232 540 κατὰ
248 514 329 546 ἀξίαν
344 513 393 550 τὴν
408 514 538 550 ἐξήγησιν
553 515 599 541 καὶ
612 514 661 550 τὴν
676 515 801 550 οἰκονομίι

920 521 934 540 a
959 512 1103 548 particula,
1125 511 1177 538 etsi
1203 511 1339 538 sententia
1369 511 1396 536 in
1425 509 1539 544 reliquis
1562 510 1598 537 sit
1616 510 1667 537 sibi

51 560 130 585 πᾶσαν
145 559 275 591 ἐξειπεῖν,
293 560 352 586 οὐδὲ
364 560 388 586 εἰ
401 560 484 596 μυρία
499 559 620 594 στόματα
634 559 699 594 ἔχοι,
718 560 765 586 καὶ
782 569 801 594 μ

918 561 1011 585 astans
1030 563 1056 584 et
1072 555 1285 587 absolutissima.
1301 555 1421 582 libellum
1442 555 1515 582 hunc
1535 556 1669 591 principio

53 606 104 641 ρίας
126 605 264 639 γλώσσας,
281 606 337 632 ἀλλ’
351 606 410 632 οὐδὲ
426 606 448 632 εἰ
465 606 570 641 μυρίοις
586 605 658 632 ἔτεσι
674 605 766 640 βιώσοι
789 614 804 631 τ

918 603 1008 629 nilum
1030 609 1091 629 esse
1101 601 1237 628 dictitant.
1255 599 1303 627 Est
1323 600 1408 631 enim,
1430 599 1567 635 inquiunt,
1589 601 1669 627 colle-

52 650 179 686 ἐπιδημῶν
206 651 237 677 ἐν
256 651 325 686 τῷδε
341 651 380 686 τῷ
400 651 459 687 βίῳ,
475 651 535 678 οὐδὲ
550 651 634 682 οὕτως
650 651 725 677 ἔσται
742 651 801 677 ίκαν

920 658 952 677 va
975 652 1002 677 et
1029 648 1191 680 rationalis,
1219 648 1432 682 necessarioque
1449 647 1500 674 alia
1516 655 1670 682 praesuppo—

52 696 110 730 πρὸς
120 696 206 722 ταῦτα
223 696 311 728 ἀξίως
322 706 348 723 τι
361 698 458 728 εἰπεῖν,
470 697 513 724 διὰ
527 697 558 723 τὺ
574 697 742 733 ὑπερϐάλλον
757 697 803 732 μέγ

920 716 933 729 .,
942 694 975 723 ex
986 695 1085 730 quibus
1093 693 1194 721 dictum
1203 693 1268 720 illud
1283 693 1397 720 infertur
1415 701 1420 719 :
1433 693 1554 728 adeoque
1572 693 1625 720 illis
1638 694 1671 721 ab

52 741 90 773 θος
103 742 145 768 καὶ
161 742 208 768 τὸν
237 742 353 769 πλοῦτον
369 743 418 777 τῆς
431 743 525 777 σοφίας
540 742 586 769 τοῦ
599 742 676 774 Θεοῦ,
691 743 740 778 τῆς
752 741 803 769 oba-

918 749 928 768 ο
945 741 1107 776 principium
1123 741 1254 767 orationis
1268 739 1368 767 ducere
1382 747 1488 767 sutnma
1508 740 1602 775 religio
1618 745 1669 767 est.

54 788 77 814 ὲν
91 788 170 823 ταύτῃ
187 789 220 823 τῇ
235 790 472 825 προγεγραμμένῃ
492 790 666 824 Έξαημέρῳ·
680 789 772 816 πολλοὶ
786 799 805 824 μ

920 794 985 814 erum
999 786 1045 822 qui
1059 786 1205 821 gratiarum
1217 785 1368 812 Atticarum
1384 793 1437 812 non
1450 785 1576 820 ignarus,
1590 787 1671 814 lasci-

53 832 92 859 οὖν
102 834 152 860 τῶν
167 835 352 870 συγγραφέων
369 836 547 871 ἐμιμήσαντο,
562 836 608 862 καὶ
621 835 757 871 ἠθέλησαν
771 844 804 862 πε

921 838 992 860 antes
1020 833 1164 859 verborum
1185 831 1321 864 modulos,
1344 839 1484 866 novosque
1506 832 1533 859 in
1550 833 1672 860 oratione

54 879 143 906 τούτων
158 879 288 915 διήγησιν
310 881 485 915 ποιήσασθαι,
499 882 587 908 καίτοι
604 881 729 912 λαϐόντες
746 883 803 908 ὲντε

920 880 959 906 les
984 886 1040 906 non
1067 879 1206 909 abhorret.
1219 877 1348 905 fatebitur
1373 877 1400 904 id
1424 878 1533 912 quidem
1548 879 1607 905 sine
1619 879 1671 906 ulla

56 925 94 951 θεν
106 925 152 957 τὰς
169 927 310 962 ἀφορμὰς,
324 927 382 962 ἢτοι
399 929 464 964 περὶ
479 927 580 963 κόσμου
600 929 725 960 κτίσεως,
739 928 755 963 ἢ
774 937 807 954 πε

921 926 1108 961 prehensionis
1122 929 1185 952 nota
1201 925 1257 952 lieri
1270 924 1450 959 posse,idque
1464 926 1599 953 sermonis
1613 933 1672 953 esse

57 970 150 1004 φύσεως
166 971 325 1007 ἀνθρώπου,
340 973 387 998 καὶ
400 973 458 999 οὐδὲ
471 972 502 998 τὸ
516 973 597 1007 τυχὸν
617 973 740 1008 ἐναυσμα
764 973 807 1006 ἄξι

921 971 1051 1006 incipiqu
1063 979 1118 998 non
1139 971 1353 998 incommodum.
1369 970 1424 998 Nec
1439 971 1537 998 desunt
1548 973 1671 1006 exempla

56 1016 134 1050 τιτῆς
154 1016 286 1051 ἀληθείας
306 1015 420 1049 ἐξεῖπον.
439 1017 556 1052 ideoque
580 1017 682 1047 Iudaeis
703 1019 807 1053 probibi

920 1018 959 1044 rud
973 1017 1134 1050 llimerium,
1157 1017 1315 1052 Gregorium
1330 1017 1528 1045 Nacianzenum
1546 1021 1574 1044 et
1593 1017 1671 1045 alios.

57 1061 108 1094 ejus
132 1061 212 1089 lectio
241 1067 307 1090 ante
330 1064 497 1090 tricesinttnu
524 1072 637 1092 annum.
657 1064 839 1100 Hieronymus
888 1063 973 1092 Porro
982 1064 1147 1092 Clementem
1160 1064 1279 1100 Cyrillus
1294 1063 1494 1091 Alexandrinus
1507 1063 1589 1099 ἄνδρα
1600 1064 1673 1090 ἐλλό-

59 1106 154 1142 Prolog.
181 1108 209 1135 in
236 1108 418 1140 Ezecltialem.
438 1114 465 1137 et
489 1109 645 1137 Ludovicus
673 1110 774 1138 Fidelis
800 1110 810 1136 1

923 1117 967 1144 μον
979 1109 1026 1135 καὶ
1040 1108 1200 1144 πολυΐστορα
1212 1113 1307 1143 vocat;
1323 1113 1350 1135 et
1363 1115 1457 1136 rursus
1473 1110 1557 1146 ἄνδρα
1571 1108 1674 1142 ἐλλόγι-

59 1157 180 1179 structura
195 1154 300 1186 mundi,
314 1154 341 1182 in
357 1156 477 1190 prologo,
491 1155 518 1181 in
530 1163 585 1189 quo
599 1159 626 1182 et
641 1155 810 1182 dillicultatet

922 1163 950 1186 Ν,
967 1154 1013 1181 καὶ
1039 1154 1184 1189 φιλομαθῆ,
1203 1154 1248 1180 καὶ
1273 1155 1492 1190 ἀναγνωσμάτων
1513 1154 1673 1190 Ἑλληνικῶν

60 1201 83 1223 et
96 1197 171 1231 hujus
188 1199 289 1233 capitis
303 1199 431 1234 ambages
447 1201 482 1227 ita
496 1200 632 1236 expressit.
649 1208 656 1226 :
671 1200 746 1226 Hanc
757 1199 811 1227 divi

924 1201 1188 1236 λυπραγμονήσαντα
1204 1200 1285 1235 βάθος
1302 1201 1340 1232 ὡς
1357 1200 1441 1235 ὀλίγοι
1457 1201 1527 1236 τάχα
1547 1209 1597 1226 που
1623 1199 1675 1226 τῶν

63 1244 122 1269 catis
147 1243 280 1276 Genesim,
314 1254 360 1272 seu
388 1246 496 1281 hujusce
518 1246 681 1282 praegrandis
701 1246 841 1273 mundana:
889 1247 942 1282 πρὸ
954 1246 1045 1273 αὑτοῦ.
1061 1246 1143 1273 Plura
1163 1246 1197 1274 de
1215 1246 1364 1279 Clemente,
1385 1251 1412 1274 et
1426 1247 1485 1282 ejus
1500 1246 1609 1281 scriptis
1623 1246 1677 1273 Eu-

62 1289 132 1316 melis
162 1298 208 1319 sea:
229 1291 322 1318 diebus
347 1291 505 1326 descriptam
526 1297 687 1319 structuram
701 1292 780 1319 veluti
793 1292 840 1318 sil-
889 1293 982 1321 sebius
997 1293 1034 1320 De
1062 1293 1254 1327 purpura/ioue
1270 1293 1428 1327 evangelica,
1455 1293 1502 1320 lib.
1523 1300 1564 1325 lt;
1583 1291 1677 1318 Eccle-

62 1344 110 1362 t-am
122 1337 264 1371 quamdam
276 1347 397 1373 opacant,
411 1339 518 1366 densant
542 1348 573 1366 ac
594 1339 766 1371 tenebrosam,
780 1339 841 1366 hor-
889 1339 966 1366 siast.
983 1339 1089 1371 ltislor.,
1105 1339 1153 1366 lib.
1179 1347 1222 1370 ιιι,
1237 1347 1297 1374 cap.
1314 1340 1357 1371 Η,
1370 1344 1396 1366 et
1418 1340 1463 1367 lib.
1480 1348 1516 1370 Vl.
1534 1348 1595 1374 cap.
1609 1340 1625 1367 5
1651 1344 1678 1366 et

63 1381 138 1408 ridam
153 1392 270 1415 accessu.
288 1385 419 1420 difﬁcilem
445 1385 531 1417 aditu,
552 1391 577 1412 et
596 1387 682 1413 instar
697 1385 840 1421 labyrinthi
890 1392 950 1420 cap.
967 1385 996 1413 Η
1009 1394 1016 1418 ;
1029 1385 1209 1420 Hieronymus
1232 1385 1259 1412 itt
1273 1385 1400 1420 Catalogo
1417 1387 1508 1420 script.
1518 1385 1677 1418 ecclesiast.;

63 1426 205 1462 ambagibus
227 1430 345 1463 plenam.
358 1435 382 1457 at
405 1433 487 1458 maris
512 1432 656 1459 vastissimi
672 1432 786 1466 scopulis
798 1440 839 1458 νε·
890 1431 1071 1459 Cassiodorus
1091 1431 1138 1459 lih.
1166 1440 1174 1458 ι
1206 1430 1299 1458 Divin.
1320 1431 1538 1464 institutionum,-
1562 1431 1676 1466 Epipha-

64 1471 234 1506 ίεηίδδὶνηαηπ.
256 1485 357 1510 semper
375 1477 505 1511 judicavi.
522 1477 637 1512 lngenue
663 1478 759 1512 fateor.
777 1486 876 1528 can--c
893 1478 954 1505 nius
980 1478 1074 1507 haeresi
1101 1478 1146 1511 3‘2,
1177 1478 1277 1505 Contra
1302 1477 1493 1509 Secundianos,
1522 1478 1569 1512 qui
1597 1478 1680 1505 rel'ert

66 1517 117 1528 .l!J.
144 1519 149 1528 Ι
182 1525 187 1528 .
318 1523 323 1528 υ
366 1527 369 1528 ν
435 1522 450 1528 n
486 1523 491 1528 ι
699 1524 704 1528 .
972 1524 978 1528 .
1058 1524 1063 1528 .
1075 1524 1081 1528 .
1165 1524 1172 1528 -
1191 1524 1196 1528 .
1310 1525 1325 1528 ι.
1386 1524 1391 1528 .
1416 1525 1420 1528 .
1470 1525 1474 1528 .
1598 1525 1606 1528 ..
1627 1524 1631 1528 .

64 1517 118 1544 tlide
141 1519 230 1551 lector,
249 1530 291 1548 me
314 1523 341 1548 in
361 1527 417 1549 tota
432 1522 570 1556 Scriptura
590 1532 667 1551 sacra
694 1524 743 1551 hac
766 1517 876 1550 mun-U
893 1524 1026 1559 quosdam
1052 1524 1276 1556 Alexandrinum,
1292 1525 1360 1551 alios
1379 1524 1571 1551 Atheniensem
1595 1524 1680 1551 fuisse

65 1563 134 1591 dante
154 1567 230 1594 mulis
255 1567 431 1602 descriptione
454 1569 520 1596 nihil
547 1570 673 1596 invenisse
699 1569 841 1604 difﬁcilius,
892 1571 1054 1603 tradidisse;
1081 1571 1195 1598 Photius
1220 1571 1248 1598 in
1270 1571 1451 1602 Bibliotheca;
1466 1571 1635 1606 Nicephorus
1651 1572 1677 1598 in

66 1609 214 1646 abstrusius,
238 1619 317 1648 atque
342 1615 481 1648 occultius,
503 1617 543 1642 ita
557 1621 586 1642 ut
615 1617 707 1643 mirari
734 1623 841 1647 cessem,
894 1616 966 1644 Hist.
982 1616 1030 1645 lib.
1040 1625 1076 1648 tv,
1089 1625 1149 1651 cap.
1162 1617 1207 1649 55,
1223 1621 1250 1644 et
1261 1617 1324 1649 alii;
1338 1616 1455 1653 Moysetn
1471 1625 1534 1644 vero
1552 1617 1679 1644 omnibus

68 1657 200 1691 antiquitus
232 1665 295 1687 ante
326 1662 487 1688 tricesimum
510 1670 609 1688 amtum
631 1662 697 1688 hanc
720 1661 842 1688 Genesim
892 1662 1003 1690 Grtncia:
1017 1662 1186 1697 sapientibus
1201 1663 1382 1697 antiqttiorem
1401 1667 1428 1690 et
1451 1662 1542 1690 Inachi
1558 1670 1678 1690 coasvum

68 1701 140 1736 legere
167 1712 217 1731 non
247 1705 363 1736 licuisse.
379 1706 462 1741 Cujus
490 1708 636 1742 ingressum
663 1708 792 1738 tetricum,
812 1715 843 1733 ac
893 1708 978 1736 fuisse
1007 1708 1175 1736 demonstrat
1198 1708 1268 1735 libro
1300 1716 1411 1735 suorum
1434 1708 1634 1742 Stromatumt,
1651 1710 1678 1736 in

68 1749 264 1779 prosecutionem
291 1755 344 1777 tam
367 1751 489 1782 arduam,
513 1756 550 1778 tot
569 1752 698 1786 tantisque
714 1752 841 1786 vepribus,
892 1761 947 1788 quo
969 1757 996 1780 et
1015 1753 1139 1780 Cassiani
1154 1753 1295 1787 cujusdam
1309 1754 1513 1789 Χρονογραφίας
1530 1754 1653 1781 meminit
1669 1763 1677 1780 :

69 1794 201 1826 cuniculis,
217 1797 361 1824 ma'andris
378 1806 408 1824 ac
425 1798 607 1833 difﬁcultatum
623 1799 721 1826 acervis
741 1803 843 1825 scaten-
891 1807 1001 1827 necnon
1030 1803 1056 1827 et
1077 1799 1111 1826 de
1121 1799 1222 1826 Judtcis
1235 1799 1419 1827 Aristobulum
1434 1799 1576 1834 quemdam
1592 1803 1618 1826 et
1632 1798 1680 1827 De-

70 1841 113 1864 tem
131 1840 223 1873 inveni,
238 1847 268 1868 ut
286 1851 339 1869 una
353 1852 405 1870 non
416 1844 503 1875 modo.
523 1849 600 1879 atque
614 1844 699 1871 altera
716 1845 778 1876 vice,
798 1843 842 1871 sed
893 1845 1032 1876 metrium,
1048 1849 1074 1872 et
1087 1844 1263 1879 Eupolemum
1274 1845 1423 1879 scriptores
1444 1844 1574 1872 adversus
1584 1849 1679 1879 gentes

71 1887 104 1908 ter
113 1889 249 1920 quaterque
263 1895 279 1913 a
290 1888 394 1915 calamo
414 1888 570 1919 destiterim.
586 1889 623 1916 rei
641 1890 735 1916 ueritus
752 1889 844 1916 ardui-
893 1890 987 1923 refert,
999 1891 1044 1925 qui
1065 1891 1092 1917 in
1112 1891 1316 1918 similitudinem
1327 1890 1440 1925 .losephi
1464 1891 1676 1926 Ἀρχαιογονίας,

72 1932 151 1961 tatem,
166 1936 188 1957 et
203 1933 392 1967 emergentibus
406 1933 575 1968 undequaqua
590 1934 697 1962 obrutus
712 1935 842 1970 ambigui-
894 1936 994 1971 Muysis
1007 1935 1159 1963 etJudaieie
1168 1936 1256 1971 gentis
1268 1935 1456 1971 antiquitatem
1469 1940 1677 1963 asseverarunt:

71 1975 169 2002 tatibus.
184 1977 237 2005 Nec
256 1979 402 2010 immerito,
417 1986 478 2005 cum
493 1978 587 2006 Jobius
600 1980 750 2008 monachus
773 1988 822 2015 apu

932 1982 1002 2008 inter
1016 1985 1113 2008 caetera
1122 1981 1203 2008 habet
1213 1991 1219 2008 ι
1229 1982 1330 2008 Ἀπίων
1342 1981 1430 2007 τοίνυν
1445 1981 1459 2006 ὁ
1475 1980 1675 2015 γραμματικὸς,

73 2017 184 2048 Photium
196 2023 222 2049 in
234 2023 397 2050 Bibliotheca
408 2024 498 2050 tradat
511 2031 586 2058 opus
595 2025 647 2052 hoc
665 2033 711 2052 sex
726 2025 824 2052 dierutI

927 2027 1108 2062 ιτλειστονίκης
1121 2027 1276 2062 ἐπικληθεὶς
1297 2028 1325 2053 ὲν
1343 2028 1375 2062 τῇ
1396 2026 1511 2062 τετάρτῃ
1523 2026 1577 2053 τῶν
1590 2024 1678 2061 Αἰγυ-

73 2066 160 2098 quibus
174 2070 267 2097 mundi
284 2071 385 2097 creatio
401 2070 518 2105 perfecta
533 2075 584 2102 est,
597 2079 645 2098 sua
658 2071 824 2107 magnitudiu

929 2073 1028 2101 ἰακῶν
1051 2073 1198 2108 ἱστοριῶν,
1227 2073 1315 2100 καίτοι
1344 2072 1585 2108 φιλαπεχθημένως
1615 2072 1680 2108 πρὸς

74 2117 100 2136 ac
120 2114 315 2146 pulchritudine
344 2116 482 2143 Creatoris
501 2124 562 2144 esse
589 2118 742 2152 imaginem,
762 2121 790 2143 et
809 2125 824 2143 a

931 2120 1040 2156 ὁραίους
1063 2120 1242 2155 διακείμενος,
1259 2119 1306 2147 ἅτε
1332 2119 1479 2154 Αἰγύπτιος
1499 2119 1528 2145 τὸ
1544 2119 1630 2153 γένος,
1643 2119 1680 2150 ὡς

74 2161 181 2191 mystcrii
191 2161 334 2190 Trinitatis
349 2163 531 2197 cognitionem
545 2163 662 2190 maxime
679 2163 825 2191 conduccrt

928 2165 944 2192 tl.
961 2165 1032 2192 κατὰ
1053 2165 1185 2192 Ἰουδαίων
1207 2165 1334 2198 συντάξαι
1352 2165 1462 2200 βιϐλίον,
1484 2165 1615 2200 ’Λμώσιος
1634 2164 1679 2191 τοῦ

74 2206 95 2227 εει
110 2211 152 2236 per
170 2206 239 2233 hane
262 2208 440 2240 materialem,
457 2212 537 2243 atque
552 2210 730 2244 compositam
749 2210 825 2244 cogni

929 2212 1049 2245 γυπτίων
1063 2211 1194 2246 βασιλέως
1207 2211 1389 2246 μεμνημένος.
1401 2212 1447 2238 καὶ
1461 2211 1514 2238 τῶν
1528 2211 1587 2238 κατ’
1600 2210 1679 2236 αὐτὸν

76 2247 175 2283 tionem,
198 2255 332 2289 simplicis
354 2258 434 2290 atque
457 2256 644 2291 incompositae
659 2261 764 2284 natura:
777 2258 827 2284 sub

928 2257 1029 2290 ιάξεων,
1039 2258 1163 2293 μάρτυρα
1170 2256 1364 2294 παρατίθεσθαι
1379 2257 1542 2291 Πτολεμαῖον
1553 2257 1598 2282 τὸν
1609 2256 1679 2282 Μεν-

75 2295 221 2331 stanliaeque
252 2300 376 2326 uotitiatn
405 2300 544 2332 advenire.
560 2302 640 2336 idque
664 2309 748 2329 sacra:
771 2301 826 2329 Seri

929 2312 994 2335 σιον,
1021 2304 1067 2330 καὶ
1094 2303 1130 2330 τὰ
1150 2303 1201 2337 τῆς
1225 2302 1322 2334 λέξεως
1345 2302 1427 2329 αὐτοῦ
1453 2300 1504 2329 ὧδε
1526 2302 1592 2338 ἔχει’
1606 2302 1678 2328 Κατ-

79 2342 153 2371 plurze
169 2345 331 2372 tomimoniis
342 2346 496 2373 continuat.
515 2347 590 2374 Multi
609 2353 698 2374 tamen
714 2355 767 2374 non
785 2352 830 2374 tan

929 2347 996 2382 χαψε
1011 2348 1038 2374 δὲ
1053 2347 1101 2382 τὴν
1119 2347 1244 2383 ’Δθυρίαν
1257 2348 1388 2382 Ἀμωσις,
1411 2347 1480 2373 κατὰ
1496 2347 1540 2374 τὸν
1562 2347 1680 2382 ’Δρ-(εἶον

78 2387 127 2412 lum
146 2396 177 2415 ex
198 2391 399 2425 antiquioribus
410 2393 578 2427 provinciam
604 2393 674 2420 hanc
691 2394 829 2421 subierunt

929 2394 1040 2429 νόμενος
1063 2395 1177 2429 Ἴναχον,
1199 2393 1236 2424 ὡς
1254 2395 1282 2419 ὲν
1306 2394 1361 2424 τοῖς
1384 2393 1489 2428 χρόνοις
1501 2393 1653 2429 ἀνέγραψεν
1667 2394 1680 2419 ὁ

78 2431 118 2457 Sed
132 2441 160 2461 ex
179 2437 375 2465 recentioribus
388 2438 526 2467 Viuentius
544 2440 727 2468 Belluacensis
739 2441 829 2476 episco

930 2440 1044 2475 ενδήσιος
1068 2440 1243 2474 Πτολεμαῖος.
1264 2439 1293 2465 '0
1314 2438 1342 2464 δὲ
1364 2437 1529 2473 Πτολεμαῖος
1550 2437 1626 2470 οὗτος
1645 2439 1681 2464 ἰε-

131 2482 215 2508 omnia
229 2483 331 2518 ingenti
342 2484 490 2517 volumine,
500 2486 610 2519 triginta
623 2486 729 2514 duobus
741 2489 830 2521 magni

929 2486 960 2518 ὺς
975 2486 1022 2521 μὲν
1037 2484 1070 2520 ἦν
1080 2494 1087 2500 ·
1099 2485 1185 2517 τὰς-δὲ
1198 2484 1253 2511 τῶν
1263 2484 1417 2518 Αἰγυπτίων
1429 2483 1558 2518 βασιλέων
1570 2484 1679 2519 πράξεις

80 2520 146 2551 libris
166 2526 262 2560 diviso,
281 2529 332 2556 sub
357 2529 464 2564 Speculi
485 2532 617 2558 naturalis
634 2533 743 2560 nomine
769 2520 829 2560 com

932 2531 1019 2566 τρισὶν
1027 2531 1099 2562 ὅλαις
1107 2531 1250 2565 ἐκθέμενος
1261 2530 1371 2565 βίϐλοις,
1383 2529 1452 2557 κατὰ
1459 2530 1580 2564 ’Λμωσίν
1589 2538 1678 2564 φησιν,

80 2566 162 2599 Plexus
175 2577 224 2600 est.
345 2589 352 2595 ο
896 2576 1033 2610 Αἰγύπτου
1065 2576 1186 2611 βασιλέα,
1210 2576 1347 2606 Μωῦσέως
1370 2574 1519 2611 ἡγουμένου
1543 2575 1680 2609 γεγονέναι

109 2613 161 2644 Col.
182 2619 304 2651 708,lin.
322 2621 348 2648 1.
374 2623 500 2657 Κλήμης
516 2624 575 2658 μὲν
587 2622 654 2652 οὖν.
670 2624 803 2652 Eusebius
819 2625 846 2651 in

928 2621 1039 2653 >υδαίοις
1049 2621 1099 2657 τὴν
1113 2621 1143 2654 ἐξ
1155 2621 1292 2655 Αἰγύπτου
1307 2621 1428 2657 πορείαψ
1443 2620 1472 2653 ἐξ
1489 2616 1525 2646 ὧν
1543 2619 1679 2646 συνῶπται

81 2656 331 2696 (ῖΙινοηὶεο,Μωῦσέα
344 2668 420 2701 γένος
428 2669 552 2703 Ἐϐραῖον
564 2671 709 2705 προφητῶν
721 2671 848 2697 ἁπάντων
898 2666 968 2694 κατὰ
986 2667 1089 2702 Ἴναχον
1112 2667 1266 2702 ἠκμακέναι
1285 2666 1329 2693 τὸν
1349 2666 1459 2693 Μωσέα.
1475 2664 1595 2692 Firmum
1622 2673 1682 2699 pro-

82 2705 174 2738 πρῶτον
190 2711 259 2745 ἀμφὶ
271 2713 318 2738 τοῦ
334 2714 460 2749 Σωτῆρος
475 2715 563 2749 ήμῶν,
582 2715 653 2749 λέγω
668 2715 697 2742 δὲ
713 2716 759 2742 τοῦ
780 2716 832 2750 Χρι

929 2717 970 2740 sto
983 2716 1172 2747 argumentum
1186 2713 1219 2740 ad
1235 2713 1452 2747 probantlunt,et
1466 2719 1497 2739 ex
1513 2712 1573 2746 ipso
1588 2711 1680 2738 adver-

81 2750 145 2782 στοῦν
160 2755 226 2790 ἀμφί
251 2766 280 2783 τε
308 2760 357 2794 τῆς
371 2759 424 2785 τῶν
444 2759 528 2786 ἐθνῶν
544 2761 577 2787 δι’
593 2761 673 2787 αὑτὸν
687 2760 832 2795 θεογνωσία

931 2759 971 2786 rio
994 2759 1116 2786 ductum.
1140 2758 1248 2786 Amosis
1283 2763 1404 2793 tempore
1436 2757 1527 2785 Inachi
1556 2758 1679 2790 vivebat;

82 2800 205 2833 κρησμσὺς
222 2803 267 2830 καὶ
280 2803 356 2838 λόγια
372 2805 430 2841 θείᾳ
449 2806 541 2842 Γραφῇ
561 2807 776 2842 παραδεδωκότα,
793 2807 833 2833 eo?

930 2813 1005 2842 uyses
1027 2809 1148 2840 tempore
1174 2804 1320 2833 Amosidis.
1337 2803 1402 2837 Quis
1421 2803 1473 2832 nisi
1496 2803 1608 2832 demens
1623 2802 1681 2831 lna-
