1903 3068
237 120 291 148 ’199

913 118 1035 147 ιΕοΝιε
1049 117 1190 146 ΑιιΑτιι

1823 117 1875 143 δυο

237 180 318 205 chum
341 182 368 206 et
395 177 515 214 Moysem
535 178 632 206 iisdem
651 179 822 214 temporibus
836 178 962 207 ﬂoruisse
977 187 1027 208 ne-
1040 183 1062 210 Α
1078 178 1105 204 in
1118 177 1250 208 Tacticis,
1269 176 1321 204 nisi
1338 175 1422 203 semel
1436 183 1498 202 eum
1512 174 1574 210 ejus
1588 174 1677 210 carpit
1692 175 1871 204 sententiam.

237 225 312 260 salit
325 224 337 251 ἲ

272 269 339 297 lbid.
357 270 409 297 Kal
430 271 614 305 Ἀφρικανός.
635 270 673 298 De
686 270 826 303 Africano,
846 271 908 299 vide
929 271 1026 299 Hiero-

236 323 359 349 nymum,
378 315 550 347 'l'ritemium,
583 317 706 349 Suidam,
721 317 826 344 Sixtum
840 317 987 345 Senensem
999 321 1026 345 et

237 362 304 389 alios
315 371 321 390 :
331 362 414 389 multa
426 370 457 388 ac
468 362 541 388 varia
555 362 654 397 ingenii
665 363 706 390 sui
720 369 893 390 monumenta
907 364 1026 391 maximo

237 408 418 435 litteratorum
442 408 585 435 commodo
611 409 742 444 reliquit;
774 417 890 444 quorum
923 410 1024 444 passim

237 454 340 480 mentio
354 454 423 488 apud
440 457 568 480 auctores
581 452 691 481 Graecos
714 459 740 481 et
759 453 882 480 Latinos.
899 454 1025 488 Legatio-

236 505 297 525 nem
315 506 362 533 pro
375 499 574 526 instauratione
591 500 666 527 urbis
680 499 808 527 Emmaus
824 501 1025 535 suscepitque

236 549 329 579 postea
342 544 479 579 Nicopolis
494 546 627 580 appellata
639 551 690 576 est,
704 551 730 572 et
742 545 869 572 obtinuit.
889 546 1023 574 Eusebius

235 590 262 616 in
271 589 412 621 Chronico,
424 591 604 626 Παλαιστίνης
620 592 766 623 Νικόπολις
781 593 797 628 ἡ
816 593 946 628 πρότερον
963 593 1026 627 Ἐμ-

236 637 321 672 μαοὶις
337 637 447 672 ἐκτίσθη
470 637 556 670 πόλις,
575 637 772 673 πρεσόεύοντος
794 639 864 673 ὑπὲρ
880 639 965 673 αὐτῆς
977 638 1022 665 καὶ

234 684 432 718 προῖσταμένου
466 683 574 710 Ἰουλίου
605 683 768 718 Ἀφρικανοῦ
794 684 878 710 ταῦτα
894 685 1023 718 Χρονικὰ

234 730 449 765 συγγράψαντος.
467 729 524 756 Sub
541 730 703 765 imperatore
729 729 825 757 Marco.
838 730 948 758 Aurelio
965 731 1023 757 An-

233 776 339 807 tonino,
355 775 401 810 qui
423 775 541 802 Macrino
559 779 740 802 successerat.
764 775 891 810 Quinque
907 776 941 802 de
952 780 1022 802 tem-

234 820 346 854 poribus
358 820 493 846 volumina
510 820 684 854 conscripsit;
705 820 799 854 incipit
811 827 825 846 a
841 820 934 847 mundi
946 828 1022 847 crea-

1077 223 1183 258 Optima
1201 223 1293 250 Dionis
1306 222 1442 250 sententia
1465 222 1587 249 oratione
1609 220 1761 252 Rhodiaca,
1785 220 1825 246 Τὸ
1844 221 1872 249 δὲ

1077 270 1132 296 τῶν
1155 269 1274 304 ἀρίστων
1298 268 1404 304 ἀνδρῶν
1427 267 1658 298 ἐπιλανθάνεσθαι,
1687 267 1735 294 καὶ
1759 267 1796 293 τὰ
1820 267 1871 300 τῆς

1077 316 1178 352 ἀρετῆς
1200 313 1269 342 ἆθλα
1291 315 1451 349 ἀποστερεῖν
1475 314 1525 340 οὐκ
1551 313 1591 340 ενι
1608 313 1754 348 τυγχάνειν
1791 313 1870 339 οὐδε-

1079 363 1142 398 μιᾶς
1158 361 1302 397 εὐπρεπῶς
1316 361 1487 396 προφάσεως,
1505 359 1568 386 ἀλλ’
1583 358 1740 394 ἀχαριστία,
1759 358 1869 393 φθόνος,

1078 407 1236 443 μικρολογία
1261 407 1347 433 ἅπασι
1368 407 1424 436 τοῖς
1449 405 1599 440 αἰσχίστοις
1629 404 1736 439 ἀνάγκη
1761 405 1868 439 προσή-

1075 463 1143 481 κειν.
1163 453 1254 488 Neque
1271 453 1361 479 minus
1377 451 1420 479 fur
1434 456 1486 483 est,
1504 452 1549 486 qui
1566 452 1636 478 bona
1652 451 1768 478 aliorum
1782 451 1868 478 surri-

1076 501 1124 536 pit,
1141 508 1222 535 quam
1234 499 1279 534 qui
1296 499 1394 526 mentis
1412 498 1588 528 monimenta,
1603 501 1630 524 et
1645 497 1760 524 aliorum
1774 497 1866 524 studia

1075 546 1235 576 suil'uratur,
1247 548 1274 571 et
1290 550 1427 571 auctorem
1446 543 1556 570 silentio
1571 544 1699 577 pratterit.
1721 541 1758 569 De
1773 550 1828 576 quo
1841 543 1864 569 si

1074 593 1136 628 quis
1159 592 1235 626 plura
1253 589 1400 620 desiderat,
1419 589 1497 616 adeat
1514 592 1623 616 nostros
1643 589 1669 615 in
1688 588 1805 623 Longini
1823 588 1862 615 De

1073 637 1181 665 sttblimi
1213 644 1307 670 genere
1323 634 1450 661 orationis
1479 634 1599 661 libellum
1633 633 1862 660 Commentarios.

1072 683 1271 711 Chronicorum
1288 681 1409 708 Africani
1431 679 1646 714 ἀποσπασμάτια
1668 679 1794 713 quzedam
1809 687 1862 706 una

1073 738 1135 757 cum
1150 727 1303 756 Eusebiano
1320 726 1447 754 Chronico
1464 725 1535 753 edita
1557 729 1620 753 sunt
1637 733 1652 752 a
1666 722 1787 760 losepho
1800 724 1864 752 Sca-

1072 777 1166 811 ligero.
1181 775 1267 801 Porro
1279 773 1360 800 verba
1372 772 1503 804 Africani,
1515 771 1616 806 quibus
1627 771 1747 807 Moysem
1761 771 1863 798 Inacho

1073 830 1196 850 coagvum
1213 820 1320 850 scribit.
1339 819 1422 847 habes
1434 819 1504 854 apud
1518 818 1662 845 Eusebium
1677 819 1705 845 in
1721 817 1860 851 Chronico,

233 865 307 891 tione
328 864 398 899 apud
416 864 544 899 Moysem,
562 865 740 899 pervenitque
758 871 844 898 usque
865 864 898 890 ad
919 862 1019 890 Christi
1038 861 1059 888 Β
1073 870 1141 896 ιίῂτο
1174 868 1268 904 priori,
1299 866 1355 894 Nec
1388 866 1454 893 illud
1482 865 1592 892 silentio
1621 865 1859 899 praetereundum,

233 910 388 942 adventum,
408 911 548 938 succincte
565 918 673 945 quoque
689 914 764 945 gesta
781 918 795 936 a
817 909 918 937 Christi
942 914 1020 937 aetate

233 965 318 991 usque
334 957 367 983 ad
383 956 494 984 Macrini
509 956 679 992 imperatoris
694 961 816 991 tempora
833 957 1017 992 prosequitur,

232 1003 269 1028 ita
285 1006 374 1029 tamen
392 1007 419 1028 ut
437 1003 540 1029 nullum
564 1004 747 1031 necessarium
772 1004 882 1038 cognitu
899 1003 1017 1029 omittat.

232 1047 343 1074 Photius
365 1048 391 1074 in
403 1047 549 1076 Bibliotli.:
565 1049 735 1084 ’Λνεγνώσθη
759 1048 921 1084 Ἀφρικανοῦ
941 1048 1019 1074 ἱστο-

231 1093 316 1128 ρικόν.
335 1091 418 1125 Οὗτός
435 1095 509 1120 ἐστιν
523 1096 537 1121 ὁ
553 1095 599 1121 καὶ
617 1096 680 1126 τοὺς
703 1095 865 1129 λεγομένους
883 1094 1018 1126 Κεστοὺς

229 1141 257 1166 ἐν
270 1140 358 1174 λόγοις
373 1140 506 1172 συντάξας
523 1140 562 1168 ιδ’.
577 1141 654 1167 Ἔστι
669 1141 697 1167 δὲ
723 1141 853 1175 σύντομος
873 1140 931 1174 μὲν,
950 1139 1018 1166 ἀλλά

231 1186 312 1221 μηδὲν
332 1186 386 1212 τῶν
415 1187 569 1220 ἀναγκαίων
591 1186 765 1222 ἱστορηθῆναι
790 1186 1014 1221 παραλιμπὰνων.

230 1232 358 1268 Ἀρχεται
379 1232 406 1258 δὲ
432 1232 486 1260 ἀπὸ
505 1233 554 1267 τῆς
580 1233 729 1266 Μωσαῖκῆς
755 1232 944 1266 κοσμογονίας,
969 1233 1016 1258 καὶ

227 1279 348 1305 κάτεισιν
363 1278 416 1309 ἓως
438 1279 487 1313 τῆς
507 1279 624 1314 Χριστοῦ
640 1279 799 1313 παρουσίας.
821 1279 1016 1313 Ἐπιτροχάδην

226 1325 253 1352 δὲ
267 1324 443 1360 διαλαμϐάνει
464 1324 509 1350 καὶ
532 1323 566 1350 τὰ
586 1324 639 1351 ἀπὸ
658 1324 775 1359 Χριστοῦ
792 1324 873 1359 μέχρι
886 1324 936 1358 τῆς
954 1325 1015 1350 Μα-

226 1371 319 1406 κρίνου
335 1370 382 1396 τοῦ
403 1371 545 1405 Ῥωμαίων
563 1370 694 1405 βασιλέως
707 1370 853 1404 βασιλείας,
869 1371 913 1396 ὅτε
927 1370 1012 1406 αὐτῷ,

225 1415 263 1447 ὥς
292 1424 373 1451 φησι,
406 1416 453 1442 καὶ
477 1416 524 1451 ἥδε
549 1417 565 1451 ὴ
591 1416 735 1451 συγγραφὴ
760 1416 924 1442 συνετελείτο
944 1416 1013 1443 ὲτῶν

224 1461 291 1489 οὖσα
308 1462 400 1496 ,εψκγζ
418 1462 507 1498 Τεύχη
531 1463 558 1490 δὲ
573 1462 618 1489 τοῦ
639 1462 740 1496 βιϐλίου
755 1463 848 1490 πέντε.
869 1463 899 1490 In
916 1463 968 1496 his,
983 1467 1012 1490 ut

224 1508 335 1543 quidam
349 1508 469 1540 tradunt,
479 1509 569 1536 omnia
581 1516 736 1545 regnorum,
752 1510 902 1542 nationum,
919 1517 1009 1536 rerqu

225 1553 394 1588 publicarum
421 1554 497 1580 initia
522 1562 536 1580 a
554 1555 642 1589 capite
667 1554 779 1589 repetita
805 1554 838 1581 ad
863 1554 942 1581 tinent
964 1553 1011 1580 de~

223 1600 300 1627 duxit
324 1609 330 1626 :
352 1600 450 1628 deinde
479 1608 527 1635 per
555 1605 629 1627 certa
652 1601 814 1632 intervalla,
848 1607 917 1636 quas
944 1600 1011 1635 ὁμά-

222 1644 270 1676 δας
288 1649 396 1674 vocant.
413 1653 443 1672 ea
470 1646 541 1672 inter
556 1653 585 1672 sc
601 1646 788 1680 comparavit;
809 1650 946 1680 postremo
964 1652 1012 1671 eo-

224 1699 284 1718 rum
302 1691 418 1718 indicem
433 1691 543 1725 adjecit,
560 1699 639 1726 quem
652 1690 765 1718 Canona
779 1691 898 1721 vocavit,
917 1691 943 1717 in
957 1698 1011 1725 quo

221 1742 284 1769 quae
310 1734 371 1761 καθ’
395 1735 482 1770 ὀμάδα
506 1735 532 1762 in
561 1735 750 1770 superioribus
779 1735 856 1762 libris
881 1739 1010 1769 congesta

221 1784 311 1811 erant,
330 1787 377 1814 per
401 1788 489 1808 annos
513 1788 659 1815 expansos,
675 1789 735 1815 qua:
757 1780 842 1808 Gneci
868 1781 941 1808 ἀπλᾶ
963 1781 1010 1817 ἐτη

222 1831 393 1861 nuncupant.
411 1827 533 1861 digessit,
551 1835 621 1861 quos
644 1827 712 1858 falli,
736 1834 802 1861 pace
817 1831 953 1854 tantorum
971 1827 1011 1854 vi-

221 1879 315 1899 rorum
330 1872 456 1904 dixerim,
483 1873 585 1900 nemini
609 1873 723 1899 dubium
738 1880 801 1900 esse
816 1873 913 1904 debet;
937 1873 1011 1900 aliud

221 1918 294 1944 enim
305 1921 348 1945 est
361 1925 449 1945 canon
459 1919 486 1944 in
497 1918 651 1951 Clirouicis,
661 1923 686 1945 et
696 1918 768 1945 aliud
782 1919 873 1951 index,
888 1927 937 1946 nec
945 1920 1012 1955 ὁμα-

219 1963 265 1990 ὂειι
282 1972 320 1991 ea:
335 1968 398 1991 sunt
413 1971 482 1998 quas
497 1965 548 1999 ipsi
565 1965 670 1996 dicunt,
695 1965 741 1992 sed
757 1969 862 1991 tantum
881 1966 1010 2000 pleraque

221 2017 275 2036 non
291 2009 328 2036 ita
345 2010 511 2041 necessaria,
529 2018 578 2037 nec
589 2018 705 2045 quorum
729 2015 803 2037 certa
821 2011 951 2046 temporis
967 2019 1011 2038 ra-

221 2055 260 2082 tio
283 2055 371 2090 potuit
396 2056 491 2083 haberi
518 2057 570 2083 sub
592 2057 682 2091 aliqua
699 2057 769 2084 serie
799 2061 952 2092 temporum
981 2058 1009 2084 in

220 2109 305 2128 unum
329 2107 470 2137 congesta,
485 2103 574 2138 ὁμάδα
597 2103 687 2130 facere
712 2104 790 2131 facile
817 2105 1007 2137 existimarint,

219 2147 451 2183 quemadmodum
465 2153 530 2176 sunt
551 2158 611 2184 qua:
628 2150 654 2176 in
675 2149 805 2178 Chronico
830 2150 1008 2179 Eustathiano

218 2194 298 2221 titulo
320 2195 457 2230 σποράδην
481 2196 661 2230 explicantur.
685 2196 821 2231 Quidquid
846 2200 935 2224 tamen
962 2197 1008 2228 sit,

217 2238 401 2266 certissimum
417 2243 458 2267 est
471 2239 618 2268 Eusebium
631 2242 722 2268 omnia
740 2242 861 2268 Africani
884 2242 910 2268 in
926 2249 1006 2269 suum

217 2283 376 2312 Chronicum
402 2287 629 2322 transcripsisse,
655 2288 689 2314 ab
711 2295 798 2322 eoque
823 2288 915 2315 omnia
939 2287 1007 2314 hau-

217 2331 297 2358 sisse.
308 2331 398 2364 Quare
407 2332 491 2366 hujus
499 2333 682 2368 chronologici
695 2335 786 2368 operis
795 2334 937 2368 potissima
947 2333 1007 2361 laus

216 2375 346 2404 Africano
360 2377 485 2410 debetur,
504 2379 583 2413 cujus
607 2382 634 2406 et
649 2379 735 2412 labor,
753 2387 806 2406 non
824 2379 941 2406 Eusebio
956 2379 1007 2406 tri-

216 2422 340 2455 buenda;
359 2431 447 2458 neque
462 2424 610 2452 defuerunt
631 2425 677 2460 qui
697 2425 842 2452 Eusebium
856 2425 1005 2459 reprehen-

215 2468 322 2500 derent,
339 2470 412 2504 quod
433 2474 507 2497 tanta
531 2471 681 2498 securitate
704 2471 821 2498 alienam
839 2471 1003 2497 industriam

215 2514 269 2542 sibi
293 2515 455 2545 vindicaret,
472 2524 561 2551 neque
585 2517 690 2543 crimen
715 2516 814 2551 ingrati
832 2516 915 2543 animi
941 2516 1005 2542 hor--

214 2561 312 2593 ruerit,
332 2569 395 2588 cum
411 2561 456 2588 vix
472 2563 546 2590 illius
560 2563 726 2593 meminerit,
743 2563 794 2590 nisi
813 2562 839 2589 in
856 2562 889 2589 iis
904 2563 931 2589 in
947 2562 1006 2597 qui-

214 2607 266 2634 bus
277 2607 312 2634 ab
325 2607 385 2642 ejus
403 2608 537 2634 sententia
552 2608 679 2639 discedit,
692 2608 758 2642 quin
774 2611 802 2635 et
816 2608 919 2642 optimo
935 2608 1004 2635 scri-

214 2652 286 2686 ptori
299 2651 422 2680 fraudem
439 2652 548 2686 fecisse,
565 2660 627 2680 cum
643 2653 724 2680 verba
744 2652 867 2680 Africani
884 2654 1005 2688 interpo-

215 2697 303 2726 Iando.
321 2697 447 2727 invertat.
469 2698 594 2727 Solemnc
611 2699 706 2726 vitium
725 2700 775 2726 hoc
797 2699 920 2734 pluribus
942 2699 1002 2731 fuit,

216 2747 432 2780 magnorumque
457 2745 578 2772 virorum
606 2746 711 2773 animos
737 2746 834 2781 tetigit,
861 2746 932 2773 inter
955 2753 1004 2773 eos

215 2787 315 2816 Leonis
334 2791 506 2825 imperatoris
526 2791 572 2826 qui
594 2790 749 2819 Ouosandri
771 2800 879 2823 nomen,
907 2799 922 2819 a
948 2800 1004 2824 quo

216 2834 330 2861 multum
356 2835 520 2870 profecerat,
538 2836 645 2872 ingrato
659 2845 766 2872 semper
780 2838 872 2865 obruit
893 2837 1003 2865 silentio

1070 915 1180 950 quando
1194 915 1227 942 dc
1244 913 1367 941 historiis
1385 912 1418 938 ab
1438 911 1567 938 Africano
1581 911 1692 945 scriptis
1705 918 1858 938 sermonem

1071 961 1213 991 habemus,
1225 958 1355 986 Jacobmn
1366 957 1599 991 archiepiscopum
1612 955 1797 987 Genuensem,
1812 955 1858 982 lib.

1069 1006 1224 1032 Animarum
1265 1004 1478 1033 solemnitatum.
1499 1005 1526 1030 et
1557 1001 1665 1029 Petrum
1697 1003 1858 1037 episcopum

1069 1051 1237 1086 Equilinum,
1266 1049 1314 1077 lib.
1340 1057 1367 1076 Ix
1402 1047 1526 1082 Cululogi
1548 1052 1712 1079 sanctorum,
1745 1047 1856 1076 referre.

1068 1097 1182 1124 Abdiam
1206 1096 1322 1131 primum
1341 1094 1487 1129 Babylonis
1501 1094 1670 1128 episcopatu,
1689 1097 1717 1120 et
1733 1093 1767 1120 ab
1790 1094 1858 1128 ipsi:

1068 1143 1200 1177 apostolis
1223 1142 1390 1169 ordinatum.
1405 1140 1476 1167 vitas
1500 1140 1643 1166 duodecim
1669 1139 1856 1174 apostolorum

1068 1188 1224 1223 scripsisse,
1237 1194 1306 1221 quas
1321 1186 1467 1220 Eutropius
1477 1185 1569 1212 Abdite
1578 1184 1731 1220 discipulus
1740 1189 1856 1211 transtu-

1067 1234 1098 1260 lit
1113 1242 1145 1260 εκ
1157 1232 1269 1260 Hebraeo
1286 1232 1312 1258 in
1325 1230 1590 1262 Griecum,et.luiius
1599 1230 1746 1258 Africanus
1761 1231 1788 1257 in
1805 1230 1856 1257 La-

1067 1279 1154 1305 tinum
1173 1288 1178 1305 :
1195 1284 1221 1305 et
1239 1278 1290 1305 sub
1305 1277 1384 1304 titulo
1400 1276 1481 1310 hujus
1496 1276 1588 1303 Abdiaa
1605 1277 1698 1303 emissi
1716 1280 1781 1303 sunt
1803 1276 1854 1303 Ba-

1065 1324 1139 1351 siteze
1155 1331 1237 1359 opera
1252 1322 1387 1357 Wolfaugi
1404 1321 1477 1348 Lazii
1495 1323 1528 1349 ab
1542 1321 1662 1357 Oporino
1677 1323 1741 1349 libri
1761 1324 1852 1351 decem

1065 1368 1224 1396 certaminis
1233 1367 1387 1402 apostolici,
1395 1374 1464 1401 quos
1473 1371 1503 1392 ut
1517 1367 1568 1393 tide
1578 1367 1716 1402 indignos,
1726 1369 1854 1401 quemad-

1064 1415 1175 1442 modum
1185 1414 1268 1442 refert
1280 1414 1373 1441 Sixtus
1389 1412 1555 1440 Senensisin
1564 1413 1739 1446 Bibliotheca,
1753 1414 1801 1441 lib.
1815 1421 1833 1440 ιι
1843 1435 1850 1444 ,

1063 1461 1164 1488 Paulus
1188 1469 1256 1497 papa
1281 1460 1327 1492 Ν,
1347 1461 1418 1487 inter
1440 1459 1541 1494 scripta
1573 1467 1588 1487 a
1620 1467 1650 1487 se
1665 1460 1795 1487 damnata
1810 1468 1852 1488 re-

1061 1507 1138 1542 jceit.

1097 1553 1164 1580 Ibid.
1196 1553 1252 1580 Καὶ
1283 1553 1359 1587 πρὸς
1385 1555 1501 1587 τούτοις
1535 1553 1684 1585 Τατιίινός.
1726 1552 1852 1580 Clemens

1062 1598 1264 1626 Alexandrinus
1287 1599 1334 1626 lib.
1353 1598 1471 1627 tSIrom.
1489 1605 1498 1624 :
1513 1599 1647 1635 Πρότερον
1664 1598 1693 1624 δὲ
1708 1598 1776 1634 ὅπερ
1790 1598 1853 1624 ἀχύ-

1061 1645 1155 1672 λουθον
1171 1643 1205 1680 ἦν
1217 1646 1281 1680 περὶ
1293 1645 1347 1672 τῶν
1357 1646 1427 1672 κατὰ
1441 1645 1542 1672 Mutata.
1554 1645 1656 1680 χρόνων
1669 1645 1721 1680 ἤδη
1734 1644 1850 1675 λεκτέον,

1061 1691 1094 1718 δι’
1109 1687 1146 1717 ὧν
1167 1691 1337 1726 δειχθήσεται
1354 1690 1566 1726 ἀναμφηρίστως
1581 1690 1671 1724 πάσης
1695 1689 1791 1722 σοφίας
1803 1689 1853 1724 ἁρ-

1061 1737 1191 1772 χαιοτάτη
1207 1738 1223 1771 ἡ
1240 1736 1310 1762 κατὰ
1333 1737 1474 1772 Ἐὃραίους
1490 1735 1642 1770 φιλοσοφία.
1666 1734 1782 1770 Εἴρηται
1804 1734 1852 1769 μὶν

1061 1782 1106 1810 οὖν
1123 1785 1185 1818 περὶ
1197 1783 1299 1809 τούτων
1311 1782 1432 1818 ἀκριϐῶς
1451 1781 1575 1816 Τατιανῷ
1590 1782 1619 1807 ὲν
1636 1780 1675 1815 τῷ
1690 1779 1768 1813 πρὸς
1781 1780 1850 1806 Ἕλ-

1061 1832 1167 1864 ληνας·
1187 1829 1294 1864 εἴρηται
1305 1828 1332 1854 δὲ
1349 1829 1395 1854 καὶ
1403 1827 1570 1862 Κασιανῴὲν
1586 1825 1685 1862 πρώτῳ
1696 1825 1752 1852 τῶν
1770 1825 1851 1859 Ἐξη-

1060 1874 1206 1910 γητικῶνθ
1224 1876 1334 1901 ἁπαιτεί
1353 1874 1380 1900 δὲ
1402 1875 1476 1909 ὅμως
1492 1873 1523 1899 τὸ
1541 1873 1690 1907 ὑπόμνημα
1711 1873 1760 1898 καὶ
1779 1873 1851 1907 ἡμᾶς

1060 1922 1221 1956 ἐπιδραμεῖν
1230 1921 1264 1947 τὰ
1278 1921 1347 1947 κατὰ
1360 1920 1405 1946 τὸν
1418 1920 1500 1946 τόπον
1520 1919 1662 1954 εἰρημένα.
1678 1917 1850 1945 Sententiatn

1060 1967 1094 1994 de
1109 1972 1188 1994 actate
1202 1967 1301 2002 Muysis
1312 1966 1443 1993 Tatiauus
1460 1969 1606 2000 pertractat
1621 1965 1648 1991 in
1662 1964 1793 1990 Oratione
1803 1963 1836 1990 ad

1060 2021 1149 2040 versus
1163 2013 1267 2042 Gentes.
1283 2013 1317 2040 de
1334 2021 1387 2048 qua
1406 2013 1530 2040 inferius.
1555 2011 1592 2039 De
1606 2011 1733 2041 Tatiano.
1750 2017 1775 2038 et
1790 2010 1850 2045 ejus

1060 2059 1156 2086 haeresi
1179 2063 1206 2085 et
1225 2058 1334 2093 scriptis
1361 2059 1437 2092 plura
1453 2057 1633 2091 Hieronymus
1651 2056 1677 2082 in
1700 2055 1849 2090 Camlogo;

1060 2104 1188 2136 lrcnzeus,
1213 2104 1260 2131 lib.
1286 2111 1305 2134 ι,
1322 2111 1382 2136 cap.
1397 2103 1447 2136 5i;
1475 2102 1618 2132 Eusebius,
1638 2102 1686 2128 lib.
1709 2109 1749 2132 vr,
1776 2101 1848 2128 Hist.

1059 2151 1139 2178 etc/es
1156 2171 1162 2182 ,
1181 2158 1241 2184 cap.
1268 2150 1311 2181 l6,
1342 2150 1386 2181 l7,
1405 2149 1455 2181 i9;
1483 2148 1650 2183 Epiphanius
1673 2148 1774 2176 haeres.
1797 2148 1847 2180 46;

1027 2206 1047 2232 ι)
1063 2197 1225 2232 Rodigiuus,
1252 2197 1297 2223 lib.
1319 2204 1358 2226 ιιι,
1372 2203 1432 2230 cap.
1449 2195 1498 2228 10;
1515 2195 1673 2222 Clirom'rmu
1687 2193 1849 2221 Alexandri-

1059 2252 1132 2274 num,
1148 2251 1207 2278 pag.
1224 2243 1276 2269 610
1289 2247 1315 2270 et
1329 2243 1398 2275 til‘2;
1414 2241 1595 2276 Nieepborus.
1614 2242 1661 2269 lib.
1680 2249 1718 2272 ιν,
1735 2249 1798 2276 cap.
1812 2240 1846 2272 4;

1058 2289 1257 2318 Thcodoretus,
1272 2289 1319 2315 lib.
1333 2287 1539 2320 I;Pliilastrius,
1553 2287 1739 2314 Damasccnus
1753 2290 1780 2312 et
1791 2286 1845 2312 alii.

1057 2334 1135 2362 Hunc
1155 2335 1266 2370 quidam
1288 2338 1432 2365 vocarunt.
1457 2334 1547 2368 inepte
1570 2331 1848 2364 tamen,Alexaudri-

1056 2390 1138 2415 num;
1168 2381 1213 2407 alii
1235 2381 1394 2416 Assyrium;
1421 2380 1519 2415 Syrum
1546 2379 1631 2407 fuisse
1655 2379 1770 2405 tradunt
1792 2378 1848 2405 Cle-

1056 2435 1133 2454 mens
1147 2427 1347 2453 Alexandrinus
1363 2426 1410 2452 lib.
1430 2433 1459 2452 ιιι
1476 2425 1618 2456 Stromat.,
1635 2430 1661 2451 et
1676 2424 1846 2459 Epiphanius

1055 2474 1100 2508 qui
1128 2473 1184 2499 inec
1207 2472 1306 2499 addit:
1327 2471 1453 2498 Scholam
1473 2479 1550 2498 suam
1586 2471 1670 2498 erexit
1697 2471 1732 2497 ab
1769 2471 1846 2497 initio

1056 2518 1082 2544 in
1100 2517 1291 2552 Mesopotamia
1309 2518 1381 2543 circa
1400 2523 1437 2542 xu
1459 2516 1514 2543 fere
1530 2523 1631 2542 annum
1655 2515 1790 2542 Antonini
1805 2514 1844 2542 Pii

1055 2564 1183 2594 Caesaris,
1198 2563 1344 2590 maximam
1353 2570 1417 2589 vero
1426 2567 1526 2596 partem
1540 2562 1809 2596 przedicatiouissua:
1819 2562 1845 2588 iu

1055 2609 1209 2640 Antiochia,
1233 2616 1293 2643 quae
1315 2609 1348 2636 ad
1371 2608 1510 2643 Daphnem
1528 2609 1581 2636 sita
1601 2613 1654 2638 est,
1674 2608 1751 2640 fecit,
1768 2613 1797 2636 et
1818 2609 1844 2636 in

1053 2654 1167 2682 Cilicum
1184 2655 1315 2689 partibus,
1329 2655 1443 2681 multum
1460 2658 1549 2681 autem
1567 2658 1594 2680 et
1616 2654 1643 2680 in
1658 2653 1773 2684 Pisidia,
1789 2654 1845 2685 ubi,

1054 2705 1116 2724 eum
1135 2701 1257 2732 tempera
1275 2698 1376 2732 quibus
1391 2698 1458 2725 vixit
1475 2697 1610 2732 signiﬁcat
1627 2698 1680 2725 sub
1692 2698 1843 2727 Antonino.

1055 2751 1168 2771 necesse
1188 2748 1230 2771 est
1253 2744 1380 2771 mendum
1397 2751 1459 2771 esse
1474 2745 1500 2771 in
1522 2744 1670 2771 Philastrlo
1685 2745 1767 2777 illud,
1781 2744 1845 2771 Post

1055 2790 1129 2818 Decii
1163 2792 1385 2824 persecutionem.
1421 2799 1471 2826 pro
1501 2799 1556 2826 quo
1590 2790 1660 2818 forte
1698 2791 1843 2826 legendum

1054 2837 1177 2871 Adriani,
1195 2845 1256 2865 nam
1277 2838 1328 2865 sub
1344 2838 1391 2865 illo
1407 2845 1518 2873 passum
1538 2837 1676 2866 Justinum
1695 2837 1843 2872 Martyrem
