1903 3068
38 85 81 113 80!

539 87 574 115 IN
594 86 780 116 EUSTA'I'HH
799 87 1037 116 HEXAEHERON
1054 88 1169 118 NOTAE.

1610 94 1663 122 802

38 143 108 171 testis
122 145 165 169 est
186 146 292 177 prater
312 143 380 170 alios
402 142 580 179 Epiphanius.
604 143 698 180 Neque
721 145 822 172 mirum
836 148 860 177 Α
873 144 953 173 detur
966 153 1038 178 esse,
1062 146 1085 173 si
1102 154 1189 181 pauca
1210 148 1243 175 de
1259 156 1293 176 eo
1312 148 1474 183 edisseram,
1491 153 1520 177 ut
1541 152 1660 178 maxima

37 189 114 216 videri
132 189 214 216 debet
232 197 319 216 unum
331 194 358 217 et
367 190 494 218 eumdem
508 195 660 223 auctorem,
675 192 757 219 modo
768 192 819 219 As-

36 235 142 271 syrium,
164 235 249 262 modo
273 234 371 270 Syrum
388 238 551 271 nuncupari.
568 236 636 263 Nam
651 237 764 272 Assyria
792 240 820 264 et

37 281 106 317 Syria
130 286 225 315 partes
250 280 326 309 Asia:
352 281 420 309 adeo
437 282 509 309 inter
528 290 558 310 se
582 286 648 310 sunt
671 282 768 310 vicinae
790 285 819 309 ut

37 335 100 362 sape
117 326 339 359 confundantur,
361 329 433 355 unde
454 327 617 360 Herodotus,
642 329 687 355 lib.
710 337 748 355 vn
765 338 771 355 :
787 328 819 355 Οἳ

37 373 82 399 ὑπὸ
98 371 232 407 Ἑλλήνων
251 372 394 400 ἐκαλέοντο
417 373 517 408 Σύριοι,
534 374 586 401 ὑπὸ
603 374 656 401 τῶν
676 374 820 410 βαρϐάρων

42 417 168 453 Ἀσσύριοι
185 417 356 453 ἐκλήθησαν,
384 426 464 453 quem
495 419 584 446 locum
611 419 701 446 laudat
725 419 820 447 Eusta-

37 464 100 491 lliius
110 464 136 490 in
146 463 308 498 Dionysium
319 472 329 490 :
343 465 402 490 ’Ότι
417 464 445 490 δὲ
461 464 534 491 ἄλλοι
546 465 625 507 mpii
632 466 694 496 τοὺς
708 465 820 501 Συρίους

36 511 56 536 ot
74 509 218 545 Ἀσσύριοι,
242 510 321 545 δηλοῖ
342 511 388 537 καὶ
410 510 534 545 Ξενοφῶν
555 512 583 537 ὲν
606 512 661 543 τοῖς
683 512 818 544 Ἑλληνι-

37 556 100 589 κοῖς.
121 555 268 591 Ἡρόδοτος
281 557 308 583 δὲ
321 556 393 583 δοκεῖ
409 557 485 591 ἄγειν
499 557 598 589 αὐτοὺς
618 558 658 589 είς
676 557 774 584 ταύτὸν
790 557 819 583 ὲν

37 599 70 635 οἷς
84 611 173 638 φησιν,
186 603 229 630 ὅτι
254 603 402 639 Ἀσσύριοι,
415 609 480 635 etc.,
492 608 519 631 et
532 603 656 631 Justinus
675 603 722 630 Iih.
741 610 760 634 ι,
772 603 818 638 qui

37 657 49 676 a
69 650 186 677 barbaris
204 650 325 685 Assyrii,
341 657 354 676 τι
377 649 480 677 Grecis
499 649 572 685 Syri,
593 654 621 677 et
642 654 671 676 ιιι
695 649 819 677 scribunt

38 695 126 726 Acron,
147 698 176 722 et
198 694 373 730 Porphyrius
399 703 481 730 super
510 695 562 723 ΟΔ.
590 695 624 722 12
650 695 769 729 Horatii,
791 700 818 723 et

37 741 183 769 Ammianus
201 740 380 769 Marcellinus
395 742 441 768 lib.
463 749 542 773 “ut,
565 741 630 774 Quae
644 749 712 768 nunc
729 741 817 776 Syria,

38 788 92 815 olim
102 787 213 823 Assyria
231 787 387 815 vocabatur.
402 787 525 823 Hyginus
541 787 629 814 fabula
645 787 710 820 ‘275,
732 786 816 814 Senti-

870 191 1026 224 diliicultas,
1041 200 1102 227 qua:
1124 193 1196 221 inter
1209 198 1335 222 auctores
1349 195 1460 222 maximi
1483 196 1603 224 nominis
1618 201 1661 225 est

869 238 991 265 tollatur.
1005 237 1034 264 In
1047 238 1214 266 Bibliotheca
1229 239 1336 266 Patrum
1349 241 1413 268 editi
1426 242 1579 270 suntlibelli
1592 242 1658 275 duo.

869 292 941 311 unus
957 284 1148 318 inscriptione,
1163 284 1321 312 Sanctorum
1330 290 1444 320 quatuor
1453 285 1658 322 Euangeliorum

869 332 1008 358 harmonia
1022 331 1135 358 Tatiano
1146 332 1328 359 Alexandrino
1347 337 1464 366 auclore;
1476 333 1555 366 alter,
1570 333 1659 360 Evan-

868 376 997 411 geliurum
1024 380 1138 410 quatuor
1159 377 1278 402 narratio
1303 377 1441 403 Ammonio
1465 377 1657 409 Alexandrino,

869 425 923 448 etc.
942 421 1118 448 Harmoniam
1136 421 1230 449 Victor
1249 422 1397 457 Capuanus
1418 423 1583 456 coniecturis
1596 424 1658 459 qui-

869 467 984 494 husdam
1007 467 1103 494 tribuit
1133 467 1258 499 Tatiano,
1282 472 1309 495 et
1331 476 1386 495 non
1408 468 1562 502 Ammonio,
1577 477 1657 505 quem

869 513 986 539 maxime
998 513 1062 545 labi,
1075 513 1139 540 etin
1157 521 1185 541 rc
1199 518 1293 548 aperta
1306 514 1433 541 caecutire
1446 515 1523 550 plura
1536 520 1600 542 sunt
1613 523 1658 542 ar-

869 562 1008 594 gumento,
1028 562 1054 586 et
1077 558 1103 586 in
1127 559 1179 587 hoc
1203 567 1312 587 errasse
1324 559 1460 588 Victorem
1484 561 1656 588 manili-stum

868 607 920 637 est,
933 613 986 631 non
1005 607 1066 640 quia
1081 613 1150 640 opus
1179 605 1217 632 De
1229 606 1373 633 canonibus
1409 607 1563 641 euangelicis
1576 607 1660 634 ascri-

869 651 954 685 pserit
970 650 1096 684 Tutiano,
1113 652 1185 686 quod
1203 652 1271 679 falso
1285 652 1323 679 illi
1341 652 1457 687 imputat
1479 652 1657 685 Possevinus,

868 704 1003 731 nusquam
1020 697 1085 724 illud
1099 697 1250 725 afﬁrmante
1265 697 1384 730 Victore,
1408 699 1462 725 imo
1476 699 1656 731 contrarium,

869 741 892 769 si
907 746 980 769 recte
995 744 1075 769 verba
1092 743 1164 771 illius
1175 743 1400 775 considereutur;
1411 743 1451 770 ait
1465 743 1538 771 enim
1556 744 1582 771 iu
1593 743 1660 771 Prae-

869 786 987 813 fatione:
1001 787 1067 813 Dum
1084 787 1230 821 fortuitain
1244 796 1338 814 manus
1358 795 1428 814 meas
1445 787 1659 814 incideretunum

38 835 108 861 ramis
132 821 253 861 Dercetis
274 834 333 869 ﬁlia
355 835 382 861 in
406 821 487 869 Suria
504 834 666 869 Babylonem
687 833 815 861 condidit.
833 821 855 850 Β
870 836 901 859 ea:
911 837 1027 867 quatuor
1041 832 1210 869 Evangelium
1226 834 1442 867 compositum,et
1458 832 1563 860 absente
1580 833 1658 860 titulo

39 879 206 915 Hieronymus
216 879 296 908 Isaia:
309 888 355 913 xx,
364 879 435 913 Quos
444 885 539 908 veteres
546 881 682 916 Assyrios.
692 888 762 906 nunc
770 889 817 908 nos

38 935 144 954 vocamus
156 926 251 962 Syros.
266 926 431 955 Transmisit
444 927 488 955 hic
501 927 583 954 multa
593 927 746 962 posteritati
763 935 810 954 vo-

38 973 178 1005 lumiua,ex
189 973 294 1009 quibus
311 974 426 1009 insignis
442 973 487 1001 ille
495 973 535 1000 Ad
550 978 635 1008 gentes
652 973 721 1000 liber
737 981 817 1008 quem

38 1017 98 1052 apud
120 1019 218 1046 multos
252 1019 372 1045 maximo
390 1018 480 1046 fuisse
503 1019 531 1045 in
555 1019 642 1054 pretio
664 1023 691 1045 et
715 1018 818 1045 honore

38 1064 210 1091 monumentis
232 1064 363 1091 traditum
382 1068 434 1095 est,
460 1063 487 1091 in
504 1071 558 1099 quo
574 1064 607 1092 de
629 1064 729 1099 Moysis
750 1064 818 1091 auti-

39 1109 129 1142 quitate
147 1110 233 1136 multa
252 1110 375 1137 disserit.
393 1109 542 1136 Chronicon
556 1109 766 1136 Alexandrinum
783 1116 817 1136 ex

40 1152 134 1181 Eusebii
151 1154 189 1181 De
205 1155 271 1182 hist.
284 1155 431 1182 ecclesiast.
447 1156 485 1183 lib
500 1163 538 1188 Iv,
554 1163 613 1190 cap.
630 1155 665 1182 27
679 1163 686 1181 :
698 1155 818 1182 Καταλέ-

40 1198 102 1225 λιιπε
120 1200 148 1227 δὲ
166 1197 245 1232 οὗτος
269 1201 336 1227 πολύ
357 1209 383 1227 τι
404 1201 504 1237 πλῆθος
527 1202 760 1237 συγγραμμάτων,
780 1199 817 1229 ὧν

41 1244 141 1278 μάλιστα
156 1246 234 1281 παρὰ
252 1246 358 1277 πολλοῖς
373 1255 424 1282 μνη
430 1246 720 1283 μονεύεταιδιαὸόητος
735 1247 816 1274 αὑτοῦ

41 1290 103 1324 λόγος
115 1292 129 1318 ὸ
147 1293 391 1327 πρὸςἝλληνας,
410 1295 439 1320 ὲν
450 1290 472 1328 ᾧ
483 1294 529 1321 καὶ
543 1293 598 1320 τῶν
609 1294 739 1321 ἀνέκαθεν
755 1295 818 1330 χρό-

40 1344 82 1362 νων
106 1338 312 1373 μνημονεύσας,
335 1339 389 1366 τῶν
418 1341 483 1374 παρ’
510 1339 639 1375 Ἕλλησιν
663 1340 815 1375 εὐδοκίμων

40 1381 150 1409 ἁπάντων
175 1384 279 1410 Μωσέα
304 1392 335 1410 τε
356 1384 404 1410 καὶ
425 1385 490 1416 τοὺς
520 1385 652 1420 Ἐσραίων
673 1386 816 1421 προφήτας

39 1427 145 1463 ἀπέφηνε
167 1430 415 1466 προγενεστέρουςθ
430 1430 460 1462 ὃς
473 1430 505 1466 δὴ
523 1432 570 1458 καὶ
587 1432 662 1457 δοκεῖ
679 1431 733 1457 τῶν
748 1440 815 1465 συγ-

39 1474 192 1510 γραμμάτων
207 1476 292 1503 αὑτοῦ
309 1477 416 1504 πάντων
434 1477 549 1504 καλλίων
563 1486 592 1503 τε
607 1478 653 1504 καὶ
669 1478 814 1513 ὠφελιμώ-

38 1526 105 1550 τατος
118 1520 259 1556 ὑπάρχειν.
274 1520 304 1549 lu
318 1529 350 1549 eo
363 1529 424 1549 cum
441 1526 513 1549 retro
528 1527 588 1549 acta
602 1527 724 1558 tempora
740 1531 815 1550 com-

41 1571 211 1599 memorasset,
237 1569 367 1595 omuibus
387 1568 458 1603 apud
481 1567 590 1596 Graecos
610 1569 737 1601 laudatis,
755 1577 817 1605 pro-

43 1608 151 1646 balisque
162 1612 209 1648 (ita
223 1614 297 1640 enim
309 1619 396 1647 verto,
411 1622 465 1641 non
482 1619 511 1641 ut
531 1614 678 1651 interpres)
694 1615 813 1651 Moysem

41 1658 61 1680 et
79 1655 247 1685 Hebraeorum
262 1665 339 1687 vates
359 1660 526 1688 vetustiores
549 1661 679 1688 ostendit.
699 1662 815 1697 Scripsit

42 1698 178 1730 Orationem
193 1704 228 1731 nd
248 1704 354 1738 Gentes,
379 1707 424 1741 qui
442 1706 511 1734 liber
533 1707 620 1742 ipsius
636 1716 668 1735 ex
687 1709 814 1736 omnibus

42 1753 97 1779 quos
116 1750 225 1785 scripsit
248 1752 327 1787 longe
354 1753 554 1787 pulcherrimus
578 1758 629 1786 est,
654 1758 681 1781 et
704 1754 815 1781 utilissi-

41 1799 100 1826 mus,
116 1801 140 1822 et
156 1796 199 1823 hic
213 1797 283 1825 liber
296 1797 364 1825 idem
378 1803 404 1826 et
417 1807 488 1827 unus
503 1803 555 1831 est,
572 1808 627 1827 non
642 1800 768 1827 diversus
784 1803 814 1827 ut

42 1839 186 1871 opinabatur
204 1842 384 1876 Possevinus,
402 1853 463 1872 cum
487 1845 534 1872 illo
546 1849 663 1872 tractatu
681 1846 813 1873 adversus

42 1887 145 1919 eosdem,
155 1889 200 1923 qui
214 1890 289 1917 linit:
306 1890 398 1917 Ταῦτα
408 1890 467 1925 μὲν,
486 1887 509 1917 ὧ
522 1890 618 1926 ἄνδρες
635 1891 774 1927 Ἕλληνες,
799 1893 813 1918 ὁ

42 1931 99 1957 κατὰ
112 1932 261 1971 βαρϐάρους
276 1936 427 1971 φιλοσοφῶν
440 1937 570 1969 Τατιανὺς
587 1938 728 1970 συνέταξα,
749 1946 812 1972 γεν-

42 1976 118 2009 νηθεὶς
134 1980 179 2014 μὲν
193 1982 221 2008 ὲν
231 1983 266 2017 τῇ
276 1982 329 2008 τῶν
350 1983 498 2018 Ἀσσυρίων
510 1984 557 2019 γῇ,
573 1983 727 2015 παιδευθεὶς
738 1983 815 2019 πρῶ-

42 2028 77 2047 τον
91 2024 135 2058 μὲν
146 2026 180 2052 τὰ
194 2027 328 2064 ὑμέτερα,
344 2028 457 2063 δεύτερα
475 2028 504 2055 δὲ
520 2029 598 2055 ἅτινα
612 2029 660 2055 νῦν
680 2029 812 2065 κρύπτειν

43 2066 104 2100 (lori.
121 2072 273 2110 κηρύττειν)
289 2075 501 2110 ἐπαγγέλλομαι.
519 2075 663 2103 Γινώσκων
681 2076 710 2103 δὲ
720 2076 813 2104 λοιπὸν

42 2114 174 2150 τίςὸΘεὺς,
187 2121 232 2147 καὶ
247 2121 289 2152 τίς
301 2121 371 2148 κατὰ
384 2122 465 2148 αὐτὸν
481 2123 599 2158 ποίησις,
614 2123 720 2158 ἕτοιμον
732 2124 814 2158 ἐμαυ-

871 886 921 905 non
941 879 1083 906 invenirem
1101 887 1193 906 nomen
1213 879 1343 909 auctoris.
1364 878 1503 913 diligenter
1522 878 1657 913 inquirens

868 925 914 959 qui
927 929 1000 960 gesta
1011 925 1049 952 vel
1060 927 1132 952 dicta
1147 925 1255 952 Domini
1275 930 1298 952 et
1311 924 1459 952 Saluatoris
1471 926 1554 952 nostri
1580 933 1659 951 evan-

867 970 952 1005 gelica
970 971 1078 998 lectione
1094 971 1218 1001 discreta,
1244 972 1270 998 in
1288 971 1407 998 ordinem
1422 980 1472 1006 quo
1493 979 1520 998 se
1536 971 1658 1006 consequi

868 1016 1033 1046 uidebantur,
1051 1025 1102 1044 non
1123 1018 1232 1044 minimo
1254 1017 1336 1044 studii
1354 1017 1443 1044 labore
1458 1016 1596 1051 redegerit,
1616 1025 1656 1044 re-

867 1062 922 1096 peri
941 1063 1110 1089 Ammonium
1125 1063 1264 1098 quemdam
1285 1062 1505 1095 Alexandrinum,
1517 1063 1561 1098 qui
1574 1070 1658 1090 cano-

867 1115 921 1134 iwu
935 1116 1039 1139 quoque
1067 1117 1210 1136 “manu
1239 1116 1345 1136 rcaruu
1362 1117 1512 1140 ιΝνΕΝτοιι,
1533 1108 1656 1135 Matthm'

868 1153 1012 1188 Evangelia
1032 1155 1194 1190 reliquorum
1209 1155 1288 1182 trium
1304 1160 1424 1189 excerpta
1433 1155 1565 1189 junxisae,
1582 1162 1613 1182 ac
1628 1155 1656 1181 in

867 1207 949 1226 unam
972 1201 1067 1227 seriem
1088 1200 1260 1235 Evangelium
1283 1202 1415 1232 nexuisse,
1437 1206 1505 1228 sicut
1527 1200 1656 1228 Eusebius

867 1246 1005 1280 episcopus
1030 1246 1166 1280 Carpiano
1189 1245 1295 1272 cuidam
1319 1246 1434 1272 scribens
1453 1247 1481 1272 in
1500 1245 1655 1280 prwfatione

867 1291 991 1319 editionis
1002 1300 1068 1325 sure,
1085 1301 1136 1327 qua
1157 1300 1269 1319 canones
1290 1292 1428 1318 memorati
1449 1291 1585 1327 Evangelii
1599 1291 1656 1319 edi-

867 1338 917 1367 dit.
937 1339 1082 1373 supradicti
1098 1339 1146 1366 viri
1162 1339 1283 1365 imitatus
1297 1338 1430 1370 studium,
1448 1338 1527 1373 refert
1541 1339 1568 1364 in
1586 1338 1656 1364 hunc

868 1384 973 1411 modum
982 1392 991 1411 :
1000 1385 1153 1413 Ammonius
1166 1385 1273 1420 quidam
1287 1385 1614 1417 Alexandrinus,multum
1627 1389 1657 1412 ut

868 1428 984 1455 arbitror
1000 1429 1098 1456 laboris
1115 1434 1140 1456 et
1159 1430 1242 1458 studii
1260 1431 1423 1464 impendens,
1444 1437 1525 1456 unum
1546 1437 1579 1456 ea:
1594 1438 1658 1464 qua-

868 1480 928 1501 tuor
950 1474 1024 1502 nobis
1044 1475 1150 1510 reliquit
1164 1475 1338 1510 Evangelium
1352 1484 1404 1508 ηπ
1425 1476 1538 1503 historia
1557 1482 1657 1510 quoque

865 1521 923 1555 ejus
940 1522 1065 1556 comperi,
1080 1528 1132 1549 etc.
1147 1521 1241 1549 Graeca
1262 1522 1371 1550 Eusubii
1394 1523 1478 1549 verba
1500 1521 1545 1548 illa
1568 1525 1655 1549 sunt:

872 1566 1025 1602 Ἀμμώνιος
1047 1568 1097 1602 μὲν
1123 1569 1137 1594 ὁ
1155 1567 1356 1603 Ἀλεξανδρεὺς,
1376 1567 1485 1602 πολλὴν,
1509 1567 1548 1599 ὡς
1570 1566 1655 1598 είκὸς,

866 1610 1023 1645 φιλοπονίαν
1035 1612 1081 1638 καὶ
1094 1612 1211 1647 σπουδὴν
1227 1611 1406 1648 εἰσαγηοχὼς,
1417 1612 1447 1638 τὸ
1459 1611 1501 1638 διὰ
1515 1611 1656 1647 τεσσάρων

865 1658 931 1694 ἡμῖν
946 1659 1138 1686 καταλέλοιπεν
1163 1660 1339 1694 Εὑαγγέλιον,
1358 1658 1397 1694 τῷ
1421 1658 1491 1685 κατὰ
1517 1658 1656 1685 Ματοαῖον

864 1705 914 1736 τὰς
926 1704 1084 1740 ὁμοφώνους
1099 1705 1153 1732 τῶν
1168 1705 1268 1732 λοιπῶν
1289 1705 1489 1739 εὐαγγελιστῶν
1504 1704 1656 1740 περικοπὰς

865 1750 1009 1786 παραθεὶς,
1025 1751 1063 1783 ὡς
1078 1752 1108 1784 ἐξ
1123 1752 1246 1787 ἀνάγκης
1266 1751 1402 1786 συμὸῆναι
1424 1751 1469 1778 τὸν
1481 1751 1532 1785 τῆς
1544 1750 1658 1777 ἀκολου-

865 1796 925 1828 θίας
943 1797 1037 1833 εἱρμὸν
1053 1797 1107 1824 τῶν
1119 1797 1202 1834 τριῶν
1213 1797 1395 1833 διαφθαρῆναι
1407 1797 1468 1823 ὅσον
1480 1797 1526 1823 ἐπὶ
1539 1796 1577 1831 τῷ
1592 1794 1655 1829 ὕφει

863 1843 913 1878 τῆς
927 1843 1118 1878 ἀναγνώσεως,
1137 1848 1164 1872 et
1180 1844 1296 1871 inferius
1315 1844 1386 1870 idem
1409 1842 1512 1874 Victor,
1526 1842 1653 1868 Arbitror

863 1891 932 1916 enim
947 1895 1083 1924 propterea
1096 1899 1147 1917 non
1161 1891 1305 1923 Ammonii,
1327 1889 1372 1917 sed
1393 1890 1471 1923 hujus
1486 1897 1543 1916 esse
1563 1888 1656 1915 editio-

865 1945 924 1963 nem
938 1937 1078 1963 memorati
1101 1938 1253 1969 voluminis,
1273 1937 1343 1972 quod
1360 1937 1515 1963 Ammonius
1533 1934 1655 1961 Mattha’i

862 1981 949 2016 fertur
965 1982 1104 2014 relationi,
1123 1983 1342 2017 evangelistarum
1370 1983 1530 2016 reliquorum
1546 1981 1655 2007 relatio-

863 2035 925 2054 num
943 2028 1071 2054 discretos
1088 2029 1244 2055 annexuisse
1258 2037 1398 2055 sermones.
1420 2028 1470 2054 Hic
1491 2036 1551 2054 vero
1569 2026 1656 2054 sancti

864 2073 942 2100 Lucro
962 2074 1093 2108 principia
1117 2081 1266 2109 assumpta,
1291 2077 1453 2111 reliquorum
1478 2075 1557 2101 trium
1583 2073 1655 2100 dicta

864 2120 1029 2155 conjunreiit
1043 2121 1139 2154 utjure
1154 2121 1253 2156 ambigi
1265 2122 1347 2156 possit
1363 2126 1451 2147 utrum
1464 2120 1607 2150 Ammonii,
1619 2128 1656 2146 an

42 2158 79 2185 ’δν
99 2162 157 2197 ἡμῖν
179 2167 247 2201 πρὸς
264 2166 313 2202 τὴν
340 2167 482 2202 ἀνάκρισιν
510 2167 564 2194 τῶν
589 2167 730 2203 δογμάτων
745 2177 815 2203 παρ-

867 2165 973 2192 Tatiani
996 2167 1110 2193 inventio
1139 2167 1256 2201 ejusdem
1278 2168 1362 2201 operis
1392 2167 1483 2194 debeat
1514 2166 1653 2193 wstimari.

44 2204 133 2241 ίττημι.
164 2212 296 2248 μενούσης
320 2221 364 2247 μοι
384 2213 454 2239 κατὰ
470 2212 536 2239 Θεὸν
549 2213 687 2245 πολιτείας
706 2213 817 2249 ἀνεξαρ-

44 2250 120 2284 νήτην.
137 2253 251 2291 Seripsit
265 2262 291 2284 et
306 2257 380 2284 aliud
401 2265 470 2292 opus
481 2258 552 2292 quod
581 2257 748 2285 Dialessaron
768 2266 816 2293 ap-

44 2296 147 2331 Ρείικνίῑ,
162 2308 192 2328 ex
209 2307 328 2338 quatuor
349 2303 529 2338 Evangelistis
544 2303 689 2330 collectum
703 2312 710 2336 ;
727 2304 760 2331 de
783 2311 816 2331 eo

46 2339 91 2368 haec
108 2344 182 2374 habet
194 2349 341 2376 Clironicon
359 2349 566 2376 Alexandrinum
582 2358 614 2377 ex
630 2349 747 2377 Eusebio
764 2359 770 2376 :
785 2350 813 2376 Ὁ

47 2386 153 2425 μέντοιγε
176 2395 307 2430 πρότερος
327 2395 416 2421 αὐτῶν
440 2395 571 2427 Τατιανδς
595 2396 741 2430 συνάφειάν
755 2404 815 2423 τινα

47 2432 84 2459 καὶ
98 2441 259 2476 συναγωγὴν,
272 2442 322 2468 οὐκ
334 2441 382 2468 οἷδ’
392 2443 475 2474 ὅπως,
488 2442 541 2468 τῶν
554 2442 726 2476 Εὑαγγελίων
738 2451 816 2477 ποιη-

47 2478 155 2515 σάμενος,
172 2486 201 2512 τὸ
220 2487 272 2514 Διὶι
290 2487 446 2521 τεσσάρων
469 2488 547 2514 τοῦτο
562 2488 786 2523 προσωνόμασεν,
801 2489 815 2515 ὁ

47 2527 108 2560 πιρὰ
121 2537 185 2557 τισιν
202 2534 286 2560 εἰσέτι
307 2534 354 2560 καὶ
374 2534 421 2561 νῦν
448 2534 570 2569 φέρεται.
589 2536 654 2567 Qua:
671 2535 709 2561 ita
732 2535 814 2562 veiti-

47 2575 97 2598 mus
123 2583 129 2600 :
161 2576 303 2606 Enimvero
330 2580 373 2607 his
400 2580 539 2615 antiquior
563 2579 695 2607 Tatianus
720 2581 814 2608 nescio

49 2622 91 2662 (illa
109 2618 309 2658 Evangeliorum
325 2627 499 2658 cohaerentia,
525 2630 552 2654 et
578 2627 737 2654 collectione
752 2635 814 2662 per-

49 2661 114 2694 Ῐθείῖιι
125 2671 345 2701 Ἷυίιηι,θιε,,ηοη
355 2672 533 2706 confusionem
549 2678 574 2699 et
588 2672 765 2708 Synagagam,
784 2677 813 2700 ut

50 2712 97 2756 illis
109 2711 242 2750 interpres.
252 2718 298 2745 sed
314 2726 375 2744 cum
395 2721 498 2746 mentio
513 2718 549 2746 sit
563 2719 597 2746 de
611 2719 680 2746 libro
695 2720 745 2746 hoc
760 2719 814 2745 Ta-

51 2754 103 2782 tiani
119 2767 191 2792 quem
207 2764 405 2800 Διατεσσάρων,
427 2772 481 2792 non
498 2769 527 2791 ut
550 2765 633 2792 refert
652 2764 744 2793 Victor
761 2765 813 2792 Ca-

54 2804 150 2839 txuanus,
170 2807 317 2845 Diopente,‘
329 2810 477 2846 inscripsit,
495 2819 548 2839 non
566 2811 615 2839 abs
630 2819 659 2840 re
683 2811 750 2839 mihi
766 2812 813 2840 vi-

866 2211 962 2239 Nullus
978 2220 1009 2239 ex
1033 2213 1077 2240 his
1100 2212 1221 2240 Victoris
1247 2221 1325 2240 error
1352 2213 1575 2248 deprehenditur,
1591 2220 1654 2239 cum

865 2265 934 2292 opus
947 2258 985 2285 De
1008 2259 1154 2286 canonibus
1176 2260 1341 2293 apostolicis,
1358 2260 1431 2295 quod
1453 2260 1538 2287 fuisse
1565 2259 1654 2286 diver-

865 2312 925 2331 sum
942 2305 975 2331 ab
990 2313 1072 2340 opere
1090 2311 1117 2332 et
1133 2305 1282 2333 Harmonia
1305 2307 1428 2340 ejusdem
1451 2306 1655 2341 Evangeliorum

867 2358 979 2378 necesse
995 2351 1055 2381 fuit,
1071 2359 1125 2378 non
1141 2356 1218 2386 putat
1230 2360 1291 2379 esse
1305 2352 1415 2378 Tatiaui
1435 2352 1483 2379 sed
1505 2351 1653 2379 Ammonii.

866 2396 919 2423 Sed
934 2405 1012 2424 crror
1027 2398 1101 2425 illius
1122 2402 1163 2425 est
1178 2406 1259 2433 quem
1278 2406 1332 2425 non
1348 2402 1390 2425 est
1407 2398 1538 2425 odoratus
1557 2397 1655 2425 Posse-

864 2442 955 2474 vinus,
972 2443 1098 2477 quamvis
1123 2443 1192 2469 alios
1216 2443 1342 2470 habuerit
1369 2446 1431 2470 ante
1454 2447 1592 2474 auctores,
1607 2442 1654 2477 qui

865 2486 941 2512 illum
953 2487 1122 2518 adnotarint,
1140 2487 1213 2522 quod
1234 2487 1409 2514 Harmoniam
1435 2486 1650 2522 Evangeliorum,

866 2540 926 2567 qua:
937 2538 995 2560 erat
1017 2533 1168 2567 legitimum
1190 2541 1260 2568 opus
1278 2534 1427 2564 Ammonii,
1444 2533 1560 2561 Tutiano
1585 2534 1655 2562 falso

865 2578 1035 2613 ascripserit.
1062 2578 1205 2606 Consimili
1231 2579 1352 2607 Victoris
1377 2587 1471 2606 errore
1496 2579 1563 2613 lapsi
1589 2583 1654 2607 sunt

864 2624 1012 2658 GregOrius
1029 2624 1134 2651 Edcrus
1152 2625 1199 2652 lib.
1217 2633 1247 2652 ιιι
1275 2624 1444 2652 (Εεοηοιηὶω
1453 2625 1612 2659 Bibliurum,
1628 2630 1653 2654 et

865 2674 958 2701 Sixtus
971 2673 1102 2702 Senensis
1114 2674 1161 2702 lib.
1178 2682 1204 2701 iv
1227 2675 1398 2702 Bibliotheca
1413 2676 1439 2702 in
1455 2676 1601 2702 Ammouio
1624 2679 1652 2703 et

864 2719 988 2747 Tatiauo.
1016 2719 1166 2748 Reddimus
1188 2721 1281 2756 itaque
1303 2721 1422 2756 genuino
1439 2721 1544 2756 parenti
1572 2728 1652 2748 suum

864 2766 959 2797 fctum,
975 2770 1002 2793 et
1014 2767 1127 2793 mutatis
1144 2766 1171 2793 iu
1185 2767 1363 2801 inscriptione
1386 2767 1555 2799 nominibus,
1575 2766 1652 2793 libel-

864 2813 919 2840 lum
935 2812 992 2841 sive
1006 2811 1214 2848 Evangeliorum
1235 2813 1473 2846 concortlantiam,
1493 2817 1520 2841 et
1539 2812 1643 2840 "armo
