1903 3068
246 97 300 126 805

915 96 1041 125 LEONIS
1058 96 1198 124 ALLATI]

1818 101 1865 128 801

244 157 326 188 niam,
339 163 399 191 qua!
413 157 464 184 sub
478 157 585 184 Tatiani
601 158 711 185 nomine
727 157 930 190 circumfertur,
943 163 971 185 et
987 159 1029 185 in-
1043 160 1065 188 Α
1081 157 1186 189 sebius.
1199 157 1300 185 Eccles.
1316 158 1378 186 hist.
1394 159 1442 187 lib.
1452 167 1493 191 nr,
1509 167 1569 195 cap.
1584 160 1617 194 9;
1636 160 1833 196 Eiet-animus,
1843 163 1865 190 in

243 204 318 238 cipit,
334 203 466 236 Quoniam
477 203 582 239 quidem
593 204 670 230 multi
690 205 778 230 conati
798 209 870 235 sunt,
887 212 968 239 quam
986 204 1029 231 Vi-

244 252 304 275 ctor
318 247 443 280 Tatiano,
465 252 492 275 et
514 256 576 275 cum
591 256 623 276 eo
639 250 730 284 plures
749 250 795 276 alii
819 249 951 282 referunt,
963 250 1028 277 Am-

244 294 337 320 monio
361 294 546 321 Alexandrino
562 295 600 321 uti
624 296 773 329 genuinum
797 296 880 324 fetum
903 297 1027 324 restitui-

243 340 435 370 mus,alteram
459 348 534 373 vero,
555 349 615 375 qua:
636 335 744 376 praelert
760 350 858 369 nomen
879 342 1026 375 Ammonii,

244 384 359 411 Tatiano
376 385 473 420 dequo
485 387 565 414 nobis
580 391 622 414 est
637 395 737 419 sermo,
753 391 779 415 et
791 389 895 423 incipit,
914 388 944 415 1η
954 390 1029 423 prin-

244 430 311 463 cipio
328 435 385 456 erat
399 430 519 458 Verbum.
538 431 643 458 Etenim
672 440 731 467 qua:
748 432 893 465 Eusebius,
916 435 1027 462 Chroni-

243 484 302 502 cum
325 477 546 510 Alexandrinum,
569 478 772 512 Theodoretus,
796 480 829 508 de
855 481 1028 510 Diatessaron

244 522 350 549 Tatiani
365 523 508 558 prodidere
517 525 579 552 huic
588 527 765 554 conveniunt.
780 526 924 561 Eusebius,
938 529 986 556 lib.
1004 535 1031 554 Iv

246 569 316 595 Hist.
335 569 439 602 eccles.,
455 578 516 605 cap.
532 570 576 602 27,
594 572 631 598 ita
649 573 764 600 scribit:
783 573 912 602 Tatianus
925 575 970 602 ille
983 575 1028 611 qui

243 618 300 640 erat
312 615 413 648 primus
429 623 519 642 eorum
528 622 630 649 auctor,
646 622 670 644 et
687 619 806 654 princeps
820 620 1027 654 conjunctionem

244 660 397 694 quamdam,
411 662 491 688 etiam
517 663 695 690 collectionem
719 664 921 700 Euangeliorum
942 668 1028 694 nescio

244 704 374 737 quomodo
397 707 551 739 composuit,
570 708 686 743 illudque
699 717 762 743 opus
783 710 835 737 Διὰ
850 710 1008 746 τεσσάρων
1019 733 1027 745 ,

244 748 272 774 id
286 753 336 780 est,
358 748 443 776 Unum
455 750 624 786 Evangelia”:
638 762 670 780 ca:
682 760 797 789 quatuor
811 755 949 784 collectum
962 766 1030 784 nun-

243 796 357 829 cupavit,
375 797 444 830 quod
463 798 543 824 etiam
570 799 655 826 adhuc
672 802 848 835 quorumdam
871 803 982 831 habetur
1001 805 1028 831 in

243 841 376 868 manibus.
397 842 434 869 Ex
452 842 569 872 Eusebio
589 845 678 873 locum
694 847 767 874 hunc
779 852 864 876 totum
882 849 1028 885 descripsit

242 886 402 914 Chronicum
419 889 624 918 Alexandrinum
644 897 670 919 et
688 893 868 929 Nicephorus,
881 895 951 923 Hist.
963 897 1027 925 eccl.

243 932 261 958 I.
281 941 316 961 tv.
333 940 357 960 c.
376 934 402 966 4,
419 934 447 962 in
462 943 516 970 quo
539 944 605 964 sane
625 938 701 972 illud,
719 939 815 967 Nescio
826 941 965 976 quomodo,
978 943 1030 970 οὐκ

241 976 289 1004 οἷδ’
304 979 388 1012 ὅπως,
408 982 636 1011 considerandum
652 989 711 1018 est;
727 986 801 1014 fraus
819 988 891 1014 enim
914 989 956 1016 vel
979 990 1028 1016 do-

242 1024 285 1052 lus
315 1025 433 1054 hzeretici
465 1030 584 1057 auctoris
616 1030 744 1060 indecore
769 1036 797 1060 et
824 1040 895 1065 non,
918 1037 947 1061 ut
980 1042 1029 1070 par

241 1073 316 1104 erat,
344 1078 413 1106 opus
436 1073 503 1101 illud
525 1075 718 1104 concinnantis
745 1077 826 1105 nobis
847 1079 1027 1114 signiﬁcatur,

241 1116 314 1150 quod
339 1116 528 1147 Thcodorctus
554 1121 643 1155 palam
665 1124 785 1158 exponit,
809 1125 855 1152 lih.
882 1133 890 1152 ι
926 1125 1026 1152 Ila-ret.

242 1162 339 1196 fabul,
356 1164 398 1192 his
413 1165 502 1193 verbis
520 1167 664 1195 :Tatianus
681 1171 826 1204 composuit
846 1172 924 1198 etiam
941 1172 1028 1200 Euan-

241 1210 339 1243 gelium
354 1211 424 1245 quod
448 1212 546 1240 dicitur
564 1214 615 1241 Διὰ
637 1215 802 1250 τεσσάρων,
823 1219 967 1252 amputatis
988 1228 1030 1254 ge-

241 1255 369 1290 nealogiis
387 1261 411 1283 et
436 1258 508 1290 aliis,
532 1267 692 1295 quiscunque
718 1262 857 1290 ostendunt
886 1264 1028 1292 Dominum

242 1306 335 1329 natum
354 1311 410 1330 esse
428 1312 460 1330 ea:
485 1305 569 1332 Dauid
583 1308 727 1334 secundum
748 1317 863 1339 carnem.
883 1311 922 1339 Eo
941 1317 1028 1340 autem

242 1348 285 1374 usi
296 1355 368 1380 sunt,
385 1357 436 1376 non
448 1350 467 1376 ii
481 1351 532 1377 soli
547 1353 592 1386 qui
606 1361 666 1380 sunt
680 1355 753 1382 illius
761 1361 849 1387 serue,
861 1358 906 1383 sed
917 1357 936 1383 ii
948 1358 1028 1384 etiam

242 1394 287 1428 qui
301 1394 426 1429 dogmata
436 1398 580 1431 ap0stolica
589 1407 733 1434 sequuntur
742 1403 938 1437 compositionis
950 1404 1028 1438 frau-

243 1439 302 1466 dem
325 1449 376 1467 non
394 1450 587 1477 cognoscentes,
609 1446 654 1472 sed
677 1447 823 1482 simplicius
846 1457 876 1476 eo
902 1454 1028 1485 tanquam

244 1486 312 1514 libro
336 1489 519 1522 compendioso
538 1495 647 1520 utentes.
666 1492 721 1528 Ego
735 1502 835 1529 quoque
855 1495 941 1522 inveni
955 1496 1028 1530 plus—

243 1541 321 1568 quam
333 1533 459 1562 ducentos
475 1536 625 1571 hujusmodi
637 1538 728 1571 libros,
742 1540 786 1575 qui
793 1541 825 1575 _in
838 1540 935 1569 honore
947 1537 1027 1569 liabe-

244 1579 340 1607 bantur
358 1581 385 1608 in
405 1583 503 1610 nostris
521 1582 658 1618 Ecclesiis,
678 1594 742 1621 quos
758 1594 818 1613 cum
840 1594 928 1614 omnes
947 1588 1027 1614 simul

243 1627 392 1661 coegissem,
417 1628 537 1663 deposui,
551 1636 576 1658 at
592 1631 648 1658 loco
672 1640 762 1659 eorum
788 1634 891 1667 reposui
914 1641 1030 1669 quatuor

243 1674 463 1708 evangelistamm
474 1676 627 1711 Evangelia.
640 1677 693 1706 Sed
709 1679 736 1705 in
751 1679 802 1706 hoc
814 1680 934 1707 secundo
946 1688 1028 1715 opere

244 1722 336 1752 aperte
352 1720 454 1748 recisas
466 1723 639 1758 genealogias
650 1731 744 1751 omnes
756 1723 875 1757 Domini,
889 1733 949 1760 quae
965 1733 1027 1753 eum

243 1770 276 1790 ex
304 1763 388 1792 David
402 1767 552 1794 secundum
572 1776 681 1796 carnem
699 1770 820 1804 genitum
839 1770 1027 1799 demonstrant

243 1812 427 1845 comperimus
451 1817 478 1840 et
499 1814 551 1840 alia
575 1816 667 1842 omnia
695 1817 876 1851 detruncata,
901 1824 928 1846 et
956 1827 1027 1846 nova

226 1883 229 1886 λ
244 1854 330 1883 forma
346 1862 537 1894 structuraque
550 1861 682 1889 orationis
693 1869 834 1895 conversa,
851 1871 904 1891 non
920 1864 983 1892 item
999 1866 1027 1892 in

243 1903 342 1937 primo,
356 1905 382 1930 in
395 1911 449 1938 quo
464 1905 554 1932 omnia
570 1911 686 1941 quatuor
701 1909 929 1943 evangelistarum
943 1910 1025 1944 dicta,

244 1948 318 1975 nullo
336 1948 391 1976 fere
406 1951 589 1984 pratermisso
611 1953 644 1979 ad
663 1954 776 1980 verbum
798 1954 936 1990 descripta
950 1964 1028 1991 repe-

245 1994 360 2021 riuntur.
377 1995 478 2023 Deinde
498 1996 615 2031 primum
636 2006 705 2033 opus
721 2007 782 2026 cum
802 2001 881 2028 titulo
897 2010 952 2036 quo
975 2003 1028 2029 cir-

244 2040 404 2073 cumfertur,
417 2041 563 2070 lIarmonia
578 2044 692 2077 scilicet,
709 2053 742 2073 ex
759 2047 896 2080 expressis
911 2047 1028 2083 Evange-

244 2085 342 2112 liornm
359 2087 450 2115 verbis
464 2088 657 2116 concinnatum
675 2091 740 2118 illud
762 2099 823 2119 esse
846 2092 1028 2127 deprehendi—

243 2135 289 2157 tur
302 2131 438 2158 Ammonii
459 2132 647 2166 Alexandrini,
663 2136 734 2170 quod
749 2136 895 2164 Zacharias
909 2137 1028 2173 Chryso-

244 2177 382 2211 politanus
393 2179 539 2214 episcopus
553 2184 616 2208 ante
627 2182 791 2216 quingentos
807 2191 893 2211 annos
905 2183 1027 2212 illustra-
1042 2189 1065 2217 Ι)

244 2223 282 2249 vit
302 2226 524 2258 commentariis,
548 2235 617 2262 quos
640 2236 672 2255 ex
695 2230 839 2257 sententiis
867 2235 1026 2258 sanctorum

243 2266 354 2295 Patrum
367 2270 394 2296 in
410 2278 490 2297 unam
503 2275 627 2299 catenam
636 2274 770 2301 contextis
785 2274 899 2309 pulchro
910 2276 1027 2304 artillcio

243 2315 391 2348 coaptavit.
408 2315 542 2344 Praeterea
566 2318 628 2352 quis
643 2319 730 2346 nescit
751 2319 897 2347 Tatianum
928 2321 1026 2356 Syrum

243 2360 285 2386 vel
301 2360 454 2396 Assyrium,
475 2369 529 2389 non
547 2367 638 2390 autem
662 2363 887 2398 Alexandrinum,
917 2367 1029 2395 Ammo-

244 2405 319 2432 nium
335 2413 399 2433 vero
407 2407 624 2434 'Alexandrinum
644 2408 749 2436 fuisse?
765 2409 952 2438 Restituamus
963 2419 1029 2446 ergo

245 2451 339 2478 titulos
364 2452 456 2484 libris,
479 2453 564 2480 libros
591 2454 761 2488 parentibus,
786 2459 815 2481 ut
840 2457 1028 2491 unusquisque

245 2504 310 2524 suos
338 2497 410 2524 fetus
441 2502 588 2533 agnoscat,
616 2499 852 2534 inscribamusque
877 2501 904 2527 in
927 2501 1026 2535 primo.

246 2540 405 2572 Sanctorum
421 2548 534 2577 quatuor
547 2542 748 2577 Euangeliorum
763 2544 911 2572 Harmonia
924 2548 1029 2573 Ammo-

245 2586 289 2613 nio
302 2585 483 2615 Alexandrino
500 2593 621 2619 auctore;
637 2589 662 2615 in
683 2589 815 2622 secundo,
827 2588 1029 2625 Evangeliorum

246 2631 419 2659 Diatessaron
436 2632 550 2660 Tatiano
568 2633 678 2669 Assyrio
693 2639 808 2661 auctore.
830 2635 858 2662 Si
874 2637 936 2670 quis
950 2637 1029 2671 plura

246 2677 383 2705 desiderat
399 2678 477 2706 adeat
497 2678 631 2707 Cassarem
644 2679 803 2712 Daronium,
817 2685 891 2709 tomo
911 2683 933 2709 ll
943 2702 950 2714 ,
965 2691 1028 2710 ann.

247 2723 309 2754 174,
323 2724 367 2750 ubi
382 2729 509 2752 accurate
523 2726 638 2760 plurima
649 2726 683 2753 de
693 2734 726 2753 eo
733 2734 814 2761 opere
827 2728 1027 2756 animadvertit.

281 2769 339 2795 Col.
356 2769 418 2801 708,
430 2771 477 2797 lin.
487 2771 514 2798 2.
535 2771 596 2798 Τῶν
609 2772 642 2798 δὲ
651 2773 684 2799 ὲκ
701 2773 862 2808 περιτομῆς
880 2773 1029 2807 Ἰώσηπος.

245 2812 283 2841 De
295 2813 412 2848 Josepho
425 2815 566 2849 historico,
582 2817 641 2852 ejus
651 2818 704 2844 vita
720 2823 747 2845 et
762 2820 871 2854 scriptis
883 2819 959 2853 plura
976 2819 1029 2847 Eu-

1083 202 1131 230 lib.
1145 199 1183 230 De
1197 204 1370 238 scriptoribus
1393 205 1495 237 eccles.,
1511 211 1537 234 et
1551 205 1671 240 Epistula
1686 206 1865 244 adMagnum,

1082 252 1218 276 oratorem
1228 249 1391 282 Romanum;
1404 250 1582 283 Sozomenus,
1594 253 1641 279 lib.
1655 261 1673 284 ι,
1685 260 1745 287 cap.
1759 254 1785 286 i;
1800 252 1867 280 Era-

1083 295 1169 329 grius,
1188 296 1234 324 lib.
1249 305 1275 329 v,
1291 304 1351 331 cap.
1367 297 1417 330 24;
1430 297 1551 330 Photius.
1569 299 1595 325 in
1607 298 1795 328 Bibliotheca;
1809 299 1867 326 Sui-

1083 340 1143 372 das,
1159 341 1218 376 ipse
1232 342 1266 369 de
1281 350 1310 369 se
1318 343 1477 377 pluribusin
1493 344 1577 376 locis;
1592 343 1730 380 Iosephus
1745 344 1867 380 Scaliger

1082 385 1108 412 in
1121 385 1273 421 Prolegom.
1287 389 1314 414 in
1332 389 1377 415 lib.
1395 389 1433 416 De
1442 390 1623 417 emendatione
1639 395 1800 423 tem/mrum,
1826 392 1866 418 vi-

1082 440 1142 459 rum
1156 432 1229 460 hunc
1245 441 1418 468 summopere
1442 435 1543 467 laudat,
1564 436 1760 471 historicisque
1779 437 1866 464 omni-

1082 477 1134 505 bus
1152 477 1254 505 Graecis
1288 485 1315 506 ct
1334 479 1438 508 Latinis
1459 482 1608 516 anteponit.
1626 482 1865 517 Diligentissima,

1081 522 1179 557 inquit,
1195 524 1241 550 καὶ
1260 524 1487 560 φιλαληθέστατος
1504 528 1622 554 omnium
1639 529 1804 563 scriptorum
1821 529 1867 556 Jo-

1082 569 1186 602 aephus,
1205 570 1237 596 de
1255 579 1306 605 quo
1321 579 1368 597 nos
1389 572 1515 600 audacter
1530 573 1652 606 dicimus,
1670 583 1722 601 non
1738 575 1828 601 solum
1842 577 1866 602 in

1083 614 1158 642 rebus
1169 615 1304 649 Judaicis,
1317 617 1362 644 sed
1372 619 1452 645 etiam
1463 619 1490 645 in
1504 621 1617 647 externis
1630 621 1712 647 tutius
1729 621 1772 648 illi
1786 622 1865 653 credi.

1084 669 1163 695 quam
1181 662 1303 689 omnibus
1327 662 1426 692 Graecis
1458 669 1483 692 et
1503 665 1607 693 Latinis
1626 674 1635 693 :
1653 667 1743 702 itaque
1765 668 1867 694 desinat

1082 707 1176 733 mirari
1192 707 1283 735 doctus
1300 709 1340 736 cir
1351 730 1358 740 ,
1376 718 1420 736 cur
1437 715 1474 737 tot
1496 711 1595 738 eruditi
1606 717 1631 739 et
1646 721 1693 740 nos
1706 722 1813 748 quoque
1826 715 1867 748 qui

1083 759 1134 778 non
1151 752 1178 778 in
1201 753 1255 780 illis
1275 755 1398 787 eruditis,
1418 756 1462 783 sed
1484 757 1562 792 hujus
1589 759 1731 792 scriptoris
1759 758 1869 785 lectione

1082 798 1212 832 peregrini
1225 807 1276 826 non
1298 809 1400 832 sumus,
1418 807 1521 829 tantum
1538 803 1580 829 illi
1602 803 1767 838 deferamus,
1794 813 1868 839 cujus

1044 840 1064 867 Β
1082 841 1146 875 ﬁdes
1160 847 1185 869 et
1200 844 1314 871 eruditio
1337 846 1364 872 in
1378 847 1499 874 omnibus
1521 848 1615 875 elucet.
1638 848 1753 877 Gaudeo
1775 850 1866 878 laudes

1081 887 1165 916 hasce
1183 888 1303 925 Josepho
1323 891 1481 921 decantatas
1498 893 1627 922 audacter
1647 894 1737 923 dictas
1756 903 1821 923 esse
1836 896 1867 923 ab

1077 935 1138 969 ipso
1157 936 1238 962 etiam
1258 936 1401 965 laudatore
1421 940 1563 973 cognosci.
1579 939 1648 972 Quis
1671 948 1751 976 aquo
1776 941 1866 967 animo

1076 977 1160 1005 terret
1174 979 1323 1012 hominem,
1343 981 1391 1016 qui
1408 983 1512 1009 nesciat
1533 983 1583 1010 sibi
1605 983 1753 1017 imperare,
1774 991 1809 1010 ne
1827 984 1865 1009 di-

1079 1027 1123 1050 cat
1134 1024 1206 1059 quod
1225 1029 1322 1052 contra
1341 1034 1448 1062 aequum
1465 1035 1545 1055 omne
1557 1036 1619 1056 esse
1638 1029 1762 1056 fatetur:
1783 1029 1863 1056 nuda.

1079 1069 1148 1096 citer
1161 1070 1281 1103 dicitur,
1302 1080 1367 1107 ergo
1389 1081 1482 1100 verum
1509 1081 1563 1100 non
1585 1078 1636 1105 est.
1650 1082 1715 1109 ergo
1732 1075 1781 1110 qui
1801 1075 1862 1102 dicit

1079 1113 1224 1150 decipitur,
1241 1117 1264 1143 si
1285 1117 1422 1145 Aristoteli
1451 1119 1590 1147 credimus
1610 1119 1757 1147 Moralium
1778 1120 1862 1148 Eude-

1079 1160 1193 1187 miorum
1207 1162 1254 1190 lib.
1269 1171 1310 1195 Ill,
1325 1171 1383 1198 cap.
1402 1165 1433 1197 5;
1452 1173 1496 1192 res
1519 1166 1590 1193 enim
1607 1167 1684 1194 aliter
1699 1175 1732 1194 ac
1748 1171 1813 1195 sunt
1826 1168 1861 1194 vi-

1080 1205 1188 1234 dentur.
1210 1207 1303 1236 Tutius
1323 1209 1364 1236 illi
1388 1211 1459 1237 credi
1480 1219 1559 1246 quant
1576 1213 1696 1240 omnibus
1719 1212 1820 1240 Gra'eis
1838 1219 1860 1240 et

1079 1250 1196 1286 Latinis,
1211 1261 1349 1289 nunquam
1374 1256 1573 1284 existimassem
1602 1259 1742 1286 hominem
1760 1259 1797 1286 ita
1816 1267 1860 1286 au-

1080 1299 1174 1326 dacter
1188 1300 1279 1328 dicere
1295 1309 1384 1336 posse,
1400 1307 1427 1329 et
1441 1303 1586 1330 humanam
1601 1304 1757 1337 historiam,
1768 1305 1803 1332 ab
1816 1306 1859 1333 ho-

1082 1346 1156 1373 mine
1171 1351 1198 1373 et
1218 1346 1341 1376 fortassis
1361 1349 1480 1383 pessimo
1501 1351 1685 1386 conscriptam
1705 1351 1806 1382 divinae
1818 1361 1858 1379 sa-

1080 1398 1187 1426 craeque
1202 1391 1332 1426 prml‘erri.
1346 1392 1441 1421 Tutius
1449 1394 1539 1422 credis
1552 1394 1670 1429 .losepho
1680 1403 1763 1430 quam
1779 1395 1859 1422 Eran-

1080 1437 1171 1471 gelio?
1202 1439 1288 1466 tutius
1315 1439 1428 1471 homini.
1447 1448 1527 1475 quam
1552 1441 1624 1469 Deo?
1643 1441 1723 1469 Dices
1747 1442 1795 1469 sed
1819 1450 1859 1469 au-

1081 1483 1174 1511 dacter
1197 1484 1287 1517 dices,
1315 1486 1387 1520 quod
1411 1487 1494 1514 etiam
1519 1489 1595 1522 prius
1621 1488 1714 1515 animo
1736 1488 1858 1515 audacter

1081 1533 1242 1564 conceptum
1255 1531 1384 1560 audacter
1396 1536 1423 1559 et
1435 1533 1548 1564 evomis,
1567 1541 1645 1561 sacra
1660 1534 1735 1561 omni
1754 1534 1858 1561 historia

1081 1575 1207 1601 tutiorem
1222 1583 1284 1603 esse
1305 1575 1426 1612 .losephi,
1441 1577 1483 1605 vis
1497 1577 1586 1605 dicam
1602 1586 1657 1605 uno
1675 1578 1779 1605 verbo?
1797 1578 1818 1606 si
1834 1583 1859 1604 ut

1079 1629 1161 1649 verus
1176 1625 1219 1649 est
1238 1622 1265 1649 in
1279 1622 1393 1650 historia
1409 1623 1554 1659 Jnsephus,
1567 1625 1604 1651 ita
1618 1628 1645 1652 et
1656 1630 1684 1651 tu
1697 1625 1726 1651 in
1739 1624 1859 1652 emenda-

1079 1666 1153 1694 tione
1178 1671 1341 1702 temporum,
1365 1673 1445 1696 ruent
1470 1674 1603 1704 tempora.
1633 1669 1735 1697 Multos
1756 1669 1858 1705 Josephi

1080 1720 1188 1740 errores
1204 1714 1232 1740 in
1246 1714 1371 1746 historia,
1389 1719 1416 1742 et
1430 1715 1657 1743 hallucinationes
1681 1716 1858 1751 prudentissi-

1080 1765 1123 1785 me
1134 1760 1223 1794 magni
1238 1760 1289 1787 viri
1298 1760 1489 1791 observarunt,
1501 1765 1528 1788 et
1539 1766 1728 1794 correxerunt,
1742 1762 1861 1789 intereas

1080 1803 1172 1831 Caesar
1192 1804 1341 1837 Baronius,
1363 1806 1390 1832 in
1409 1806 1570 1839 Annalibus;
1591 1805 1730 1840 Pererius,
1750 1807 1777 1834 in
1791 1806 1860 1838 Ceu..-

1081 1849 1250 1886 Hcgesippus
1273 1855 1299 1879 et
1317 1852 1374 1878 alii.
1397 1851 1429 1878 Et
1455 1859 1522 1879 sane
1556 1853 1664 1880 etiamsi
1686 1854 1861 1880 concederem

1080 1895 1228 1932 Josephum
1243 1897 1469 1933 φιλαληθέστατον
1489 1899 1516 1925 in
1532 1898 1626 1931 rebus,
1641 1907 1714 1934 quas
1728 1901 1788 1934 ipse
1799 1899 1863 1927 vide-

1081 1943 1128 1975 rit,
1142 1951 1281 1979 nunquam
1296 1947 1387 1971 tamen
1412 1945 1510 1972 adduci
1533 1953 1644 1980 possum
1661 1949 1691 1972 ut
1708 1946 1820 1973 cred-am
1839 1946 1862 1972 in

1080 1993 1156 2017 tanta
1171 1990 1338 2017 obscuritate
1353 1990 1529 2026 scriptorum,
1552 1992 1685 2019 varietate
1699 1996 1861 2027 temporum.

1081 2036 1239 2064 diversitate
1253 2037 1461 2070 sententiarum,
1484 2045 1618 2065 annorum
1642 2039 1714 2066 serie
1725 2040 1861 2066 veritatem

1081 2082 1109 2109 in
1133 2083 1260 2110 omnibus
1284 2083 1467 2119 κατορθῶσαι,
1500 2084 1607 2112 etiamsi
1639 2084 1862 2119 diligentissimus

1083 2127 1174 2154 fuerit.
1194 2127 1261 2155 lllud
1274 2132 1404 2162 praeterea
1427 2127 1524 2154 addam
1543 2128 1616 2162 quod
1631 2128 1687 2162 jam
1705 2129 1774 2155 olim
1788 2128 1862 2155 Joan-

1083 2179 1132 2199 nes
1149 2171 1230 2198 Picus
1246 2172 1360 2206 epistola
1383 2171 1499 2207 quadam
1514 2171 1547 2199 ad
1562 2173 1684 2206 ignotum
1699 2174 1820 2200 amicum
1834 2172 1863 2199 de

1081 2216 1200 2250 Josepho
1228 2216 1470 2244 animadverterat.
1494 2216 1570 2249 Quod
1597 2217 1662 2250 petis
1690 2215 1724 2243 de
1744 2216 1860 2251 Josepho.

1081 2262 1149 2288 scias
1165 2261 1268 2295 justum
1283 2260 1425 2296 Josephum
1449 2263 1518 2294 apud
1538 2261 1661 2288 Hebrtt'os
1674 2270 1726 2288 non
1749 2262 1862 2296 reperiri,

1081 2307 1125 2334 sed
1145 2306 1252 2342 Iosephi
1274 2308 1412 2341 epitomen,
1434 2307 1462 2334 id
1475 2312 1524 2339 est,
1539 2307 1698 2334 breviarium
1724 2308 1860 2343 quoddam,

1081 2353 1109 2380 in
1120 2361 1170 2387 quo
1188 2358 1212 2380 et
1226 2353 1311 2380 multa
1330 2358 1390 2380 sunt
1406 2354 1595 2383 commentitia,
1609 2359 1635 2380 et
1649 2361 1708 2388 quin
1733 2354 1766 2380 de
1782 2355 1860 2381 deum

1083 2398 1202 2425 tribubus
1218 2399 1253 2425 ibi
1270 2399 1402 2433 leguntur,
1418 2407 1476 2434 qua:
1489 2399 1748 2434 postBabylonicam
1764 2400 1861 2434 captivi-

1083 2451 1163 2473 tatem
1190 2445 1353 2480 postliminio
1369 2454 1420 2472 non
1439 2445 1584 2477 redierunt,
1606 2454 1636 2472 ea
1655 2454 1713 2472 esse
1738 2448 1817 2473 notha
1838 2450 1858 2472 et

1083 2490 1246 2523 aduherina,
1268 2499 1300 2517 ea:
1318 2490 1436 2518 llebra’is
1456 2490 1520 2517 mihi
1543 2490 1631 2524 plures
1660 2491 1778 2525 confessi
1797 2496 1859 2522 sunt,

1082 2541 1240 2571 quapropter
1255 2537 1360 2563 illorum
1376 2535 1489 2571 Josepho
1501 2536 1577 2563 nulla
1593 2537 1699 2563 omnino
1715 2537 1782 2570 ﬁdes
1795 2536 1858 2563 adlu-

1084 2582 1176 2609 benda.
1193 2582 1225 2609 In
1238 2582 1350 2616 Joseplto
1368 2581 1458 2609 Graeco
1472 2583 1526 2609 scio
1543 2590 1598 2609 esse
1617 2581 1753 2616 quasdam,
1769 2591 1823 2616 qua!
1833 2582 1858 2607 de

1084 2627 1189 2655 Christo
1205 2633 1229 2655 et
1244 2627 1333 2662 ﬁdem,
1349 2634 1372 2655 et
1387 2628 1559 2662 honoriﬁcam
1576 2628 1678 2662 faciant
1701 2629 1854 2655 mentionem

1084 2675 1128 2701 sed
1147 2674 1236 2700 eadem
1253 2682 1308 2700 esse
1324 2674 1427 2708 penitus
1443 2681 1500 2700 cum
1517 2673 1568 2704 his,
1585 2681 1643 2708 qua;
1663 2673 1692 2700 in
1708 2673 1810 2700 Latinis
1822 2681 1855 2698 to.

1085 2719 1186 2747 dicibus
1203 2720 1323 2755 leguntur
1338 2728 1390 2746 non
1414 2728 1558 2746 assererem
1575 2719 1626 2745 nisi
1641 2721 1785 2755 exemplar
1797 2719 1855 2746 Cra-

1085 2773 1154 2797 cum,
1170 2765 1244 2799 cujus
1259 2764 1300 2791 hic
1319 2765 1383 2790 mihi
1398 2765 1472 2791 nulla
1488 2769 1526 2791 est
1538 2765 1624 2799 copia,
1640 2773 1731 2792 recens
1751 2766 1855 2800 legerem.

1121 2811 1187 2838 Ibid.
1203 2811 1257 2838 Kal
1280 2810 1425 2844 Ἰοῦστος,
1447 2810 1535 2846 Hujus
1559 2815 1701 2846 parentes.
1725 2810 1855 2841 mltum,
