1903 3068
56 99 104 127 805

557 97 592 125 IN
606 97 792 126 EUSTATHH
813 97 1046 125 HEXAEMERON
1069 97 1185 126 NOTAE.

1612 102 1666 129 806

57 158 197 190 historiam,
214 162 242 185 et
263 158 361 193 stylum
381 158 516 194 expressit
539 159 654 186 Photius
680 158 707 185 in
731 157 826 185 Biblio-
845 161 868 188 Α
883 158 977 186 sebius
993 158 1028 185 de
1047 159 1196 193 semetipso
1211 159 1238 186 in
1260 160 1373 194 prologo
1402 159 1531 187 llistoriw
1545 160 1670 187 ecclesia-

57 204 129 230 tlieca.
144 202 249 237 Oppido
261 201 438 234 Tiberiensis,
451 206 563 237 parente
573 201 648 229 Pisto
666 201 775 228 homine
786 208 830 227 ne-

56 248 189 284 quissimo,
215 248 239 276 si
264 247 381 283 Jusepho
405 249 556 280 credimus,
583 255 682 283 genere
706 246 828 279 Judaeus,

56 296 202 330 auspicatus
221 298 265 322 est
279 294 420 322 historiam
437 302 451 321 a
470 294 573 329 Moyse,
593 293 774 328 perduxitque
795 292 829 319 ad

56 341 147 368 exitum
167 347 253 374 usque
268 339 396 375 Agrippae
412 341 520 375 septimi
537 348 553 367 e
575 339 678 366 familia
703 338 829 369 Herodis,

56 391 79 414 et
99 385 271 412 Judaicorum
298 393 391 420 regum
422 386 572 420 postremi;
598 386 686 421 stylus
713 385 831 412 maxime

57 432 182 464 concisus,
193 435 221 459 et
243 432 371 466 pleraque
384 432 469 458 relatu
484 440 545 459 cum
563 432 660 467 primis
676 431 830 458 neces~aria

57 477 224 512 prietermisit.
237 477 335 505 Adesis
348 476 541 512 Hieronymum
557 478 583 504 in
599 478 736 513 Catalogo,
751 477 830 504 lose-

58 522 127 557 phum
138 523 164 549 in
181 521 243 549 Vita
252 529 312 554 sua,
327 521 447 550 Suidani.
466 522 620 558 Stephanus
631 524 694 550 item
709 523 742 550 de
757 523 832 550 urbi-

58 569 101 596 bus
115 568 169 594 haec
183 567 216 595 de
229 574 262 595 eo
276 578 282 595 :
301 568 348 595 Ἐκ
356 568 455 603 ταύτης
464 568 523 604 [τῆς
538 568 706 605 Τιϐερίαὸος]
722 567 756 604 ἦν
768 568 832 596 Ἰοῦ-

58 622 108 645 στος
121 613 135 639 ὸ
145 613 188 639 τὸν
196 613 342 641 Ἰουδαϊκὸν
354 614 470 650 πόλεμον
481 614 526 640 τὸν
545 615 616 641 κατὰ
629 615 830 642 Οὐεσπασιανοῦ

58 660 197 694 ιστορήσας.
219 658 319 686 Verum
332 667 386 686 non
404 664 509 686 tantum
527 659 560 686 de
573 659 651 687 Justo
666 660 728 692 hoc,
745 660 792 688 sed
806 665 832 688 et

58 706 84 732 de
101 705 214 740 Josepbo
230 704 337 738 Judzeo,
363 705 491 739 Tatiano,
511 706 652 738 Africano,
679 705 831 738 Clemente,

58 751 172 781 Eusebio.
199 759 309 779 necnon
331 756 359 779 et
379 752 442 779 aliis
461 752 651 786 scriptoribus,
669 759 785 786 quorum
804 752 831 778 in

58 797 101 824 hoc
116 799 231 823 tractatu
249 796 279 823 fit
293 798 407 829 mentio,
421 801 448 824 et
460 805 554 824 eorum
576 798 687 832 scriptis
702 796 789 825 fusius
803 798 830 825 in

59 847 139 870 nostra
167 843 200 870 de
235 843 417 878 scriptoribus
451 843 644 871 ecclesiasticis
669 842 831 870 Bibliotheca

58 897 128 924 quam
147 889 309 924 jamdudum
332 897 471 924 paramus.
493 889 544 916 Hic
561 897 592 916 ea
616 893 724 916 tantum
745 890 833 925 tetigi-

59 943 112 962 mus
124 943 181 970 qute
195 935 229 962 ad
249 943 307 963 rem
326 935 415 962 facere
432 935 604 962 videbantur.

87 982 139 1008 Col.
156 981 218 1013 708,
236 981 287 1008 lin.
311 981 337 1008 6.
357 980 417 1008 Τῶν
438 980 471 1007 δὲ
493 981 588 1015 ἁγίων
606 989 661 1014 τις.
685 980 831 1008 Eusebium

59 1035 111 1055 esse
128 1029 193 1055 nulli
208 1028 334 1060 dubium,
356 1035 436 1062 quem
454 1028 538 1055 tacito
564 1028 675 1055 nomine
700 1027 831 1062 praeterit,

61 1072 129 1106 idque
146 1072 208 1100 odio
221 1078 250 1100 et
276 1072 414 1100 simultate
427 1073 545 1107 quadam
561 1071 683 1100 offensus
705 1072 833 1100 consulto

60 1118 116 1153 agit.
129 1117 214 1145 Homo
227 1119 388 1154 apostolicae
412 1119 537 1146 veritatis
558 1122 694 1153 rectaeque
710 1118 771 1146 fidei
789 1126 832 1146 se-

59 1168 144 1197 ctator,
155 1168 273 1192 tutorem
286 1173 318 1192 ac
334 1165 468 1192 vindicem
481 1165 590 1192 Arianae
610 1165 758 1197 haereseos,
778 1164 834 1191 vul-

60 1214 138 1244 gatuui
151 1215 178 1238 et
199 1215 297 1238 notum
316 1211 444 1238 omnibus
461 1210 570 1238 Eusebii
594 1206 752 1246 negotium:
770 1210 833 1237 illu-

61 1256 116 1284 stris
137 1257 163 1284 in
179 1258 230 1284 lide
240 1257 431 1285 conservanda
447 1256 582 1284 Eustathii
601 1257 741 1292 provincia
751 1264 835 1292 syno-

61 1303 104 1330 dus
117 1303 158 1329 illa
179 1303 290 1331 Nicazna
306 1304 319 1330 t
353 1309 380 1331 et
398 1303 426 1335 2,
443 1303 570 1338 dictaque
584 1308 705 1330 veterum
722 1304 834 1331 histori-

61 1355 143 1375 corum
166 1349 333 1376 confirmant
357 1349 423 1383 ipsae
448 1348 557 1376 Eusebii
584 1349 759 1383 scriptiones.
786 1348 834 1376 Pio

63 1399 198 1429 sanctoque
208 1395 301 1422 animo
314 1394 347 1421 ad
360 1394 568 1429 concipiendum
583 1393 675 1421 odium
686 1401 769 1421 causa
779 1394 834 1422 haec

64 1439 116 1473 plus
124 1440 199 1467 etiam
214 1440 294 1467 satis.
310 1439 398 1474 Hujus
413 1441 495 1466 etiam
508 1439 615 1467 dissidii
632 1439 763 1474 Origenes
777 1440 835 1474 ipse

65 1492 137 1513 causa
153 1487 236 1513 altera
254 1490 282 1514 et
309 1486 468 1521 singularis.
486 1485 621 1513 Eusebius
641 1490 714 1513 totus
739 1490 781 1513 est
807 1487 833 1512 in

63 1530 165 1565 Origene
189 1532 377 1565 defendendo;
402 1539 482 1559 suum
516 1532 636 1559 studium
669 1535 697 1559 et
723 1539 833 1567 operam

64 1574 182 1610 impendit
196 1579 223 1604 in
238 1577 367 1608 historia;
385 1577 468 1603 etiam
481 1577 673 1611 Apologeticos
690 1583 705 1602 a
722 1584 751 1603 se
766 1575 835 1603 scri-

63 1624 125 1654 ptos,
142 1626 169 1648 ut
186 1623 225 1650 eis
241 1622 324 1649 addat
340 1627 366 1649 et
383 1622 468 1649 robur
497 1627 524 1649 et
539 1620 645 1656 pondus
660 1621 835 1649 sanctissimo

62 1665 189 1702 Pamphilo
215 1668 330 1703 martyri
358 1668 482 1695 ascribit.
508 1666 615 1702 Susque
642 1667 728 1702 deque
755 1671 836 1695 ruant

64 1714 153 1746 omnia,
167 1719 273 1742 tantum
291 1714 330 1741 illi
343 1714 420 1741 solus
441 1717 565 1742 servetur
584 1713 729 1741 incolumis
744 1713 837 1749 Orige-

65 1766 116 1791 nes,
126 1759 158 1786 ab
174 1760 397 1788 accusationibus
428 1763 455 1787 et
468 1767 483 1786 a
497 1759 604 1787 delictis
624 1759 701 1786 liber.
718 1759 834 1787 Tantum

66 1804 198 1837 hominem,
215 1810 243 1833 et
260 1809 364 1833 tantum
379 1806 460 1833 heroa
472 1806 499 1832 in
512 1805 632 1833 Ecclesia
645 1805 750 1840 (quidni
762 1805 834 1832 enim

65 1849 172 1878 dubitem
189 1852 229 1879 sic
255 1851 399 1885 Origenem
416 1851 563 1886 appellare,
581 1850 730 1878 multorum
746 1854 773 1876 et
791 1857 835 1877 vc-

65 1897 279 1931 tustissimorum,
298 1905 448 1932 eorumque
474 1897 711 1925 sanctissimorum
724 1896 834 1924 Patrum

66 1943 208 1972 testimonio
235 1943 333 1979 fultus)
349 1952 365 1971 ’λ
380 1943 526 1971 calumniis
552 1943 720 1971 vindicatum
740 1943 836 1970 defen-

67 1989 122 2016 dere
134 1991 204 2025 pium
223 1995 276 2023 est,
288 1991 422 2025 amicique
438 1990 529 2021 animi,
543 1990 590 2017 sed
614 1990 640 2016 in
653 1989 776 2018 criminis
790 1990 837 2017 de-

67 2036 194 2070 fensione,
223 2041 251 2065 et
271 2037 414 2072 dignitatis
446 2035 662 2071 propugnatione
693 2035 835 2062 veritatem

65 2081 203 2115 obvertere,
216 2087 244 2111 et
264 2083 364 2109 malum
383 2081 454 2108 malo
468 2081 577 2108 trudere
599 2080 695 2116 pejori,
720 2080 836 2108 Eusebio

66 2129 169 2159 tantum,
189 2133 216 2155 et
242 2128 315 2155 illius
337 2128 432 2154 farinae
458 2126 614 2153 hominibus
642 2126 835 2154 concedamus.

847 829 867 857 Β

879 206 962 235 sticw,
981 204 1050 240 Ἤδη
1065 204 1113 239 μὲν
1132 203 1179 231 οὖν
1193 205 1295 231 τούτων
1317 206 1363 232 καὶ
1378 206 1509 241 πρότερον
1521 207 1550 232 ὲν
1562 203 1602 236 οἷς
1617 206 1670 232 διε-

878 250 1050 284 τυπωσάμην
1072 251 1209 286 χρονικοῖς
1229 251 1338 277 κανόσιν
1354 252 1486 287 ἐπιτομὴν
1502 251 1671 286 κατεστησά-

881 304 944 331 μην·
953 296 1144 331 πληρεστάτην
1157 296 1179 322 δ’
1189 295 1235 323 οὖν
1246 297 1320 332 ὅμως
1330 296 1418 324 αὐτῶν
1427 298 1473 323 ἐπὶ
1480 297 1526 323 τοῦ
1537 297 1671 333 παρόντος

878 341 1010 376 ὡρμήθην
1026 341 1075 377 τὴν
1086 342 1224 377 ἀφήγησιν
1250 342 1424 377 ποιήσασθαι.
1438 342 1534 369 Mirum
1550 350 1616 370 sane
1629 345 1672 368 est.

880 391 910 414 ut
924 387 1059 422 Josepbus
1075 387 1197 423 Scaliger
1212 388 1239 415 in
1268 388 1365 416 horum
1387 389 1532 416 verborum
1573 396 1668 422 perce-

880 434 973 469 ptione
986 434 1121 465 ctecutiat,
1131 439 1158 462 et
1174 434 1290 461 aliorum
1309 435 1431 462 omnium
1457 442 1557 462 censor
1573 435 1600 461 in
1623 433 1669 461 his

880 478 1044 506 clarissimis
1060 479 1150 506 verbis
1167 480 1287 515 indigeat
1308 488 1442 514 censore;
1456 482 1493 507 ait
1504 487 1620 515 namque
1639 480 1668 507 in

881 523 1166 551 animadversionibus
1189 526 1222 551 ad
1247 524 1415 556 Eusebium,
1443 532 1504 551 eum
1531 524 1565 552 dc
1595 524 1668 551 illius

881 569 971 603 operis
997 569 1076 596 titulo
1103 573 1213 603 tractat,
1244 569 1372 596 Eusebius
1393 570 1518 604 prommio
1542 568 1669 596 Historia:

881 614 1066 642 ecclesiasticae
1080 615 1244 649 simplici/er,
1261 624 1292 642 ac
1304 615 1331 642 in
1349 622 1439 649 genere
1450 614 1569 650 Κρονικά
1580 615 1669 649 appel-

882 662 937 694 lat,
970 670 1110 696 earumque
1142 671 1198 689 sese
1222 663 1352 696 epitomen
1380 662 1566 696 conscripsisse
1593 661 1669 688 dicit.

881 707 1020 743 Nusquam
1032 707 1089 734 lure
1102 708 1236 735 sententia
1251 708 1277 734 in
1296 707 1405 734 Eusebii
1420 708 1521 738 verbis,
1536 714 1670 741 nusquam

881 753 1081 780 Clirouicorum
1100 752 1233 787 Epitome.
1250 752 1302 780 Sed
1318 752 1353 780 de
1365 757 1456 779 mente
1471 752 1583 779 Eusebii
1600 750 1671 778 inie-

883 799 951 826 rius.
967 798 1073 832 Quibus
1089 798 1200 826 Eusebii
1215 799 1316 830 verbis,
1341 806 1403 825 cum
1419 806 1474 825 non
1495 797 1670 824 animadver-

882 845 962 872 tisset
979 844 1089 874 Suidas.
1106 844 1159 872 sibi
1175 844 1292 878 aliisque
1310 843 1446 878 pluribus,
1463 843 1532 869 forte
1544 842 1627 870 etiam
1642 845 1670 868 et

883 889 1021 924 Scaligero
1037 889 1112 916 varia
1127 889 1330 916 commentandi
1345 893 1441 915 auctor
1455 888 1522 921 fuit;
1536 887 1670 924 χρονικῶν

882 935 1002 962 κανόνων
1017 934 1191 970 παντοδαπῆς
1216 934 1346 970 ἱστορίας,
1364 934 1412 960 καὶ
1426 933 1528 960 τούτων
1544 933 1669 968 ὲπιτομή.

918 980 1008 1008 Unum
1025 989 1094 1016 opus
1109 981 1258 1016 perfectum
1279 981 1490 1015 absolutumque
1516 980 1542 1006 in
1558 980 1613 1006 duo
1627 987 1672 1007 se-

881 1027 1006 1062 junctmn
1030 1027 1135 1058 divisit,
1152 1035 1269 1062 quorum
1286 1027 1402 1054 alterum
1427 1029 1500 1053 esset
1524 1024 1672 1053 Chronico»

884 1074 937 1101 late
952 1077 1059 1109 patens,
1075 1073 1190 1108 alterum
1206 1073 1300 1101 eadem
1314 1080 1374 1108 qua:
1391 1077 1417 1099 et
1431 1072 1563 1107 primum,
1573 1070 1671 1097 decur-

884 1124 938 1147 tata
951 1124 1052 1150 tamen,
1062 1123 1089 1146 et
1103 1119 1129 1146 in
1143 1119 1280 1153 epitomen
1291 1119 1400 1146 redacta
1413 1115 1670 1145 contiueretJoam

883 1175 932 1194 nes
949 1166 1090 1194 Curterius
1108 1166 1135 1193 in
1153 1166 1268 1201 epistola
1282 1174 1363 1201 quam
1381 1165 1495 1201 pradiin
1512 1164 1671 1199 fragmentis

883 1212 993 1240 Eusebii
1017 1212 1043 1239 in
1066 1212 1185 1239 editione
1209 1212 1342 1239 librorum
1372 1211 1442 1239 Hist.
1467 1210 1669 1242 ecclesiasticae,

884 1258 983 1286 asserit
1005 1257 1091 1284 solam
1115 1258 1251 1292 epitomen
1276 1258 1354 1285 nobis
1375 1265 1530 1293 superesse,
1550 1263 1672 1284 canones

885 1309 974 1332 autem
1000 1304 1148 1331 chronicos
1167 1304 1313 1335 excidisse,
1330 1310 1491 1338 argumento
1511 1307 1621 1338 sumpto
1635 1309 1670 1329 ex

884 1352 938 1378 illis
955 1350 1116 1386 fragmentis
1133 1358 1193 1385 qum
1204 1351 1322 1378 citantur
1335 1350 1369 1378 ab
1383 1350 1527 1378 Anastasio
1542 1351 1673 1384 episcopo

884 1397 1009 1430 Nicaano,
1036 1395 1094 1422 Lib.
1115 1399 1207 1429 qtucst.
1228 1395 1256 1421 in
1274 1394 1303 1422 S.
1317 1394 1484 1428 Scripturam
1508 1403 1540 1422 επ
1557 1396 1669 1424 Eusebio

884 1444 912 1470 in
923 1443 1069 1474 Chronic-is,
1096 1448 1155 1475 quae
1169 1444 1259 1467 tamen
1272 1448 1326 1467 non
1344 1439 1480 1466 habentur
1496 1440 1522 1466 in
1538 1439 1672 1467 Eusebia-

885 1489 928 1515 nis
947 1487 1092 1515 Clironicis
1108 1494 1168 1520 quae
1192 1485 1434 1513 circumferuntur.
1457 1485 1527 1513 Huic
1549 1486 1672 1521 opinioni

886 1533 992 1561 videtur
1004 1532 1094 1559 favere
1106 1531 1284 1563 Tritliemius,
1298 1531 1374 1563 dum,
1384 1531 1430 1559 lib.
1448 1531 1488 1558 De
1500 1532 1671 1566 scriptoribus

885 1579 1070 1606 ecclesiasticis
1087 1577 1197 1605 Eusebii
1213 1585 1296 1612 opera
1321 1585 1497 1609 enumerans,
1523 1583 1603 1605 vocat
1619 1579 1671 1606 hoc

885 1625 973 1659 ipsum
996 1632 1065 1659 opus
1084 1623 1194 1651 Eusebii
1217 1632 1270 1651 non
1297 1623 1456 1654 Chronicon,
1476 1623 1522 1651 sed
1534 1623 1673 1658 Epitoman

884 1671 1044 1700 Chronicw:
1061 1671 1101 1698 sic
1120 1671 1192 1697 enim
1211 1670 1266 1700 ille.
1290 1669 1424 1704 Epitomes
1446 1669 1584 1696 Chronius
1607 1668 1673 1695 liber

885 1725 952 1743 unus
969 1724 1027 1742 tum
1041 1715 1089 1742 hoc
1104 1715 1182 1741 initio
1195 1721 1205 1740 .'
1216 1713 1333 1748 Moysem
1350 1715 1434 1748 gentis
1451 1712 1600 1740 Hebraicw.
1619 1712 1673 1739 Alii

885 1762 1076 1789 existimarunt
1086 1759 1247 1786 Chronicum
1258 1758 1331 1793 quod
1349 1763 1435 1785 exstat
1450 1766 1504 1785 non
1525 1766 1586 1785 esse
1599 1758 1671 1784 illam

885 1808 918 1834 ab
935 1807 1052 1834 Eusebio
1067 1805 1220 1833 confectam
1236 1804 1390 1840 Epitomcn,
1406 1811 1455 1831 nec
1474 1803 1671 1838 Hieronymum

885 1854 959 1881 illam
973 1853 1087 1880 vertisse
1104 1861 1111 1879 :
1130 1852 1177 1879 sed
1192 1858 1254 1879 esse
1272 1858 1368 1878 verum
1384 1850 1538 1878 Chronicon
1553 1849 1674 1876 historia:

886 1899 986 1926 factum
1011 1898 1044 1925 ab
1066 1897 1194 1929 Eusebio,
1213 1902 1240 1924 et
1259 1897 1422 1924 translatum
1448 1895 1482 1922 ab
1494 1894 1672 1930 Hieronymo,

886 1946 948 1974 licet
964 1946 992 1972 in
1002 1945 1082 1972 aliam
1099 1939 1212 1971 formam
1236 1944 1376 1971 redactum
1400 1947 1427 1970 et
1440 1942 1603 1969 mutilatum.
1619 1940 1675 1968 Lir-

886 1991 999 2018 dovicus
1018 1989 1099 2016 Vives
1122 1989 1149 2015 in
1165 1988 1283 2023 August.
1299 1987 1347 2014 lib.
1369 1995 1446 2018 xviii,
1467 1986 1503 2013 lle
1525 1986 1595 2012 cirit.
1613 1985 1672 2017 Dei,

886 2044 947 2071 cap.
965 2036 991 2067 8,
1014 2040 1040 2062 et
1054 2034 1194 2061 Arnoldus
1217 2033 1356 2061 Pontacus
1378 2033 1500 2060 sentiunt
1527 2036 1674 2066 utrumque

887 2086 995 2109 exstare
1015 2085 1042 2108 et
1064 2080 1225 2112 Chronicon,
1248 2083 1275 2107 et
1299 2079 1446 2114 Epitomen,
1468 2079 1561 2106 ethoc
1583 2079 1674 2114 ipsum

888 2135 948 2154 esse
970 2126 1036 2153 illud
1057 2133 1127 2161 opus
1149 2125 1222 2160 quod
1243 2125 1378 2152 habemus
1399 2132 1455 2160 prae
1478 2124 1620 2156 manibus,
1647 2127 1674 2150 et

67 2170 139 2206 (Egre
153 2174 201 2200 fert
215 2174 266 2201 hoc
282 2174 417 2208 ingenuus
431 2172 567 2199 Eustathii
579 2172 780 2207 calidonetpro
791 2180 838 2199 ve—
855 2183 876 2210 υ
889 2172 961 2207 quod
975 2176 1090 2199 vocatur
1105 2179 1119 2198 a
1137 2171 1302 2206 Hieronymo
1318 2175 1345 2197 et
1358 2171 1419 2198 aliis
1442 2170 1550 2197 Eusebii
1564 2168 1676 2196 Chroni-

69 2220 149 2253 ritatc,
163 2222 235 2257 qtlod
248 2222 335 2254 aiunt,
348 2221 438 2256 γυμνῇ
454 2220 557 2255 κεφαλῇ
575 2228 636 2246 cum
653 2220 771 2254 Origene
782 2228 840 2247 cer-

70 2268 227 2295 tameniuit:
245 2267 388 2303 palamque
406 2271 432 2294 et
452 2274 527 2297 voce,
552 2270 579 2292 et
599 2265 710 2300 scriptis
731 2273 839 2294 errores

67 2311 132 2340 illius
155 2314 303 2349 impugnat,
322 2316 349 2340 ct
370 2317 491 2347 apertam
506 2312 631 2339 veritatis
656 2311 763 2343 faciem,
785 2319 839 2338 non

70 2359 217 2394 ambagibus
242 2364 270 2388 et
293 2359 364 2387 dolis
387 2363 542 2394 suspectam
567 2357 737 2385 amatoribus
761 2365 842 2392 expo-

69 2405 112 2437 nit,
126 2405 470 2441 volentibusquejudicium
480 2404 635 2431 committit.
653 2403 768 2437 Ideoque
776 2411 842 2438 quo-

68 2458 120 2478 rum
139 2454 237 2488 scripta
252 2453 304 2480 sibi
325 2452 449 2483 molesta,
472 2455 499 2478 et
514 2451 625 2478 nomina
643 2451 737 2477 odiosa
753 2449 838 2476 ducit.

68 2496 100 2524 Ne
110 2503 193 2527 tamen
201 2500 312 2527 omnino
321 2499 399 2526 fama:
409 2499 552 2526 detrahere
562 2498 700 2525 videretur
709 2496 841 2525 illius.co-

69 2548 191 2580 natusque
204 2554 257 2574 non
273 2547 419 2576 aestimare,
432 2545 483 2572 hoc
497 2553 559 2571 eum
575 2544 674 2578 elogio.
689 2542 743 2569 τῶν
755 2542 840 2576 ἁγίων

68 2596 114 2620 τις.
129 2598 179 2624 quo
194 2597 221 2618 et
235 2591 486 2626 perniciosissimos
506 2589 631 2616 homines
653 2591 782 2622 exceptos
803 2587 841 2613 le-

69 2634 158 2668 gimus,
175 2637 323 2666 decoravit.

98 2680 158 2710 Ibid.
179 2684 404 2719 Ἆκριϐεστάτην
417 2683 478 2710 τῶν
489 2682 615 2716 χρόνων.
625 2679 758 2714 Georgius
771 2679 842 2713 Syn-

71 2729 156 2761 cellus.
176 2731 204 2757 '0
219 2732 310 2766 μέντοι
320 2729 460 2761 Εὐσέϐιος,
473 2729 574 2763 καίπερ
604 2727 796 2763 πραγματείαν
811 2725 840 2752 οὺ

69 2774 112 2808 τὴν
123 2777 250 2811 τυχοῦσαν
270 2777 464 2812 συλλεξάμενος
494 2774 655 2810 φιλοπόνως,
672 2772 841 2807 καὶ”τᾳύὲ“ἠν

70 2820 112 2856 τὴν
119 2822 208 2850 ἑαυτοῦ
217 2824 343 2860 χρονικὴν
353 2822 511 2859 εῖν-(γραφὴν
520 2829 620 2848 κατασε
625 2819 734 2858 μνύνας.
745 2818 776 2846 Et
787 2818 842 2846 Eu-

889 2227 947 2245 con.
961 2217 1064 2245 Horum
1083 2217 1173 2244 varias
1188 2216 1308 2243 rationes
1320 2221 1347 2242 et
1361 2216 1558 2251 explicationes
1575 2215 1598 2242 si
1612 2216 1674 2249 quis

890 2264 1038 2295 desiderat,
1052 2264 1124 2298 legat
1139 2263 1300 2297 Apparatum
1311 2261 1458 2289 Pontaciin
1475 2266 1555 2289 notas
1573 2261 1605 2288 ad
1618 2261 1674 2287 Eu-

891 2311 958 2338 sebii
976 2310 1133 2338 Cltronicon.
1143 2308 1179 2336 lbi
1193 2309 1277 2340 enim,
1289 2307 1353 2335 dum
1370 2308 1419 2335 has
1432 2316 1500 2342 quas
1515 2308 1674 2342 scripsimus

891 2356 1034 2391 opiniones
1053 2355 1162 2385 refellit,
1185 2361 1261 2381 suam
1281 2353 1388 2388 probat,
1409 2357 1436 2380 et
1456 2357 1486 2380 ut
1509 2354 1568 2388 ipse
1581 2353 1674 2380 existi-

891 2404 947 2428 mat
963 2400 1140 2427 validissimis
1160 2398 1311 2426 rationibus
1320 2398 1481 2425 confirmare
1497 2399 1605 2431 nititur,
1621 2406 1674 2424 non

891 2446 964 2482 quod
989 2447 1040 2474 sibi
1062 2448 1252 2482 proposuerat,
1271 2445 1319 2471 sed
1335 2444 1410 2471 aliud
1426 2448 1525 2479 praeter
1547 2453 1622 2479 spem
1649 2450 1676 2472 et

891 2492 1124 2528 exspectationem
1140 2491 1325 2523 demonstrat;
1343 2490 1380 2516 ait
1396 2495 1527 2523 namque:
1548 2489 1676 2516 Eusebius

891 2541 961 2567 enim
970 2540 1108 2574 distinguit
1121 2538 1202 2565 libros
1212 2537 1338 2565 Historiae
1346 2536 1540 2565 ecclesiastica:
1564 2545 1579 2563 a
1593 2537 1685 2564 Chro»

892 2587 965 2618 nico,
989 2586 1101 2621 quodin
1123 2585 1178 2612 illis
1200 2585 1313 2619 plenius,
1331 2585 1359 2610 in
1376 2584 1423 2610 hoc
1444 2583 1557 2615 brevius.
1574 2584 1600 2610 in
1623 2584 1678 2610 illis

893 2633 1062 2668 singillatim,
1078 2633 1105 2658 in
1118 2632 1165 2658 hoc
1177 2632 1339 2659 summatim.
1355 2635 1379 2657 et
1394 2630 1485 2664 utipse
1494 2630 1617 2664 loquitur.
1632 2637 1678 2664 per

891 2680 1030 2712 epitomen,
1045 2682 1069 2704 et
1085 2678 1123 2704 ita
1136 2676 1279 2704 Chronicos
1294 2684 1406 2704 canones
1422 2680 1446 2702 et
1463 2676 1590 2709 epitomen
1609 2675 1678 2701 idem

893 2731 956 2757 opus
970 2731 1027 2750 esse
1043 2722 1117 2749 docet
1133 2722 1365 2755 nianifestissime;
1383 2728 1444 2755 qua:
1457 2728 1518 2747 eum
1531 2728 1594 2748 vera
1610 2719 1676 2750 sint,

892 2778 947 2797 non
965 2773 1056 2796 tamen
1075 2769 1245 2804 propositum
1261 2768 1335 2797 illius
1357 2767 1494 2802 probant:
1511 2767 1583 2794 aliud
1604 2767 1677 2794 enim

892 2823 936 2846 est
963 2825 1017 2845 una
1038 2825 1100 2845 cum
1127 2816 1267 2844 Ludovico
1289 2815 1371 2844 Vives
1395 2816 1507 2848 sentire,
1532 2818 1678 2850 utrumque
