1903 3068
225 100 278 128 807

896 97 1020 124 LEONIS
1038 97 1175 128 ALLATII

1798 99 1844 128 808

225 157 334 186 Eusebii
344 164 424 192 opus,
442 160 469 184 et
480 156 630 184 Chronico»
650 161 678 184 et
693 155 832 190 Epitornen
849 161 967 187 exstare.
985 159 1013 182 et
1026 159 1050 187 Α
1064 165 1129 186 suas
1145 162 1235 191 notas,
1249 158 1477 194 multosquedum
1491 159 1559 186 alios
1568 159 1722 194 corrigunt,
1738 158 1777 185 vel
1786 166 1844 186 exa-

226 204 298 231 aliud
327 203 475 231 Eusebium
497 204 583 230 libros
604 209 661 230 suae
682 202 813 230 Historitz
834 210 850 229 a
880 201 1012 229 Chronico

225 249 393 280 distinxisse,
416 253 443 276 et.
467 249 494 275 in
517 249 564 275 illa
591 248 700 283 plenius
737 253 764 275 et
788 248 960 282 singillatim,
985 247 1013 273 in

225 294 355 322 Chronico
368 295 478 322 brevius
487 298 514 322 et
528 294 684 322 summatim
693 314 700 325 ,
716 302 760 321 res
774 298 877 328 gestas,
890 297 917 320 et
929 301 1014 320 anno—

225 347 286 366 rum
300 340 400 367 seriem
417 347 571 366 enarrasse.
590 338 746 366 Ridiculum
763 340 826 366 item
851 343 924 366 esset
937 346 1014 366 asse-

226 384 379 419 rere,quorl
390 385 500 419 quidam
512 384 712 416 existimarunt,
727 386 763 411 ita
775 392 845 419 opus
861 384 912 411 hoc
929 383 1013 411 Chro-

225 430 301 457 nicon
314 431 340 457 in
355 431 423 457 duas
440 435 531 464 partes
554 430 713 464 digessisse,
730 435 758 456 ut
773 431 799 457 in
812 431 896 465 priori
919 434 1013 457 essent

226 477 294 503 certi
309 483 430 502 canones
448 483 494 502 seu
511 476 623 503 ordines
643 480 690 503 aut
707 477 850 510 columnai,
867 476 893 502 in
912 476 1012 511 quibus

227 521 294 548 nihil
314 520 387 547 aliud
409 521 583 551 cernebatur,
603 527 684 555 quam
702 528 800 548 nomen
816 520 899 554 regis,
919 525 945 547 et
961 528 1012 546 nu-

227 566 294 593 meri
303 573 436 592 annorum
451 565 551 600 ipsius;
563 565 589 591 in
602 565 747 599 posteriori
760 565 967 592 continerentur
979 573 1012 593 ea

226 612 327 643 omnia,
339 619 400 646 qua:
414 611 446 638 ad
461 612 603 638 historiam
617 611 793 645 pertinerent,
811 619 924 646 quaeque
938 619 1011 639 nunc

226 657 351 684 diversas
367 658 416 684 has
430 657 572 684 columnas
587 661 730 692 occupant.
754 656 820 684 Rem
841 658 922 692 igitur
942 658 1011 685 hanc

226 703 320 729 multis
331 702 534 729 dillicultatibus
555 703 735 734 obstructam,
756 703 798 729 vel
814 710 847 730 ex
871 703 927 730 sola
949 711 1011 730 ver-

226 747 322 775 borum
341 747 447 775 Eusebii
462 748 694 782 interpretatione,
712 748 898 783 planissimam
913 748 1012 776 elﬁcie-

226 801 298 825 mus,
314 795 337 821 si
358 801 417 828 qua:
431 793 486 828 jam
508 794 629 829 praedicti
651 798 777 821 auctores
793 794 819 821 in
837 794 954 821 EuSebio
969 795 1011 822 di-

226 836 331 866 vidunt.
346 840 373 864 et
393 837 430 863 uti
450 837 519 864 duos
538 841 672 864 tractatus
691 841 862 872 agnoscunt,
881 847 964 866 unutn
982 843 1009 866 et
1025 839 1045 866 Β

225 881 350 908 eumdem
366 888 426 908 esse
441 882 635 908 existimarint.
653 881 758 909 Etenim
771 882 905 910 Eusebius
920 891 1009 910 rerum

226 926 424 961 prateriiarum
441 927 634 961 peritissimus,
649 928 677 953 in
693 926 815 954 Historia
833 929 1010 955 ecclesiastica

226 979 316 998 rerum
333 972 425 999 varios
441 978 556 1000 eventus
575 973 689 1007 prolixe,
707 977 734 1000 et
752 977 781 1000 ut
797 973 930 1001 historico
947 981 1009 1001 mu-

225 1017 284 1044 neri
305 1017 488 1048 incumbebat.
501 1018 648 1050 enarravit,
671 1019 740 1045 nulli
763 1019 920 1051 verborum,
943 1019 1009 1046 nulli

225 1068 338 1095 parcens
350 1063 548 1089 sententiarum
562 1067 716 1090 structurae.
732 1063 793 1090 litec
805 1064 896 1090 omnia
910 1068 940 1091 ut
951 1072 1010 1091 me-

225 1106 279 1134 lius
295 1107 402 1139 lecturi,
419 1107 582 1142 faciliusque
602 1112 714 1143 possent
732 1116 889 1141 occurrere,
914 1117 1011 1144 super-

224 1151 287 1178 t'luis
314 1152 447 1180 detractis
467 1153 615 1188 minusque
641 1155 805 1182 necessariis
831 1155 1008 1187 detruncatis,

226 1203 368 1233 antequam
379 1198 731 1231 Historiamconscriberet,
747 1200 829 1227 veluti
845 1201 872 1227 in
889 1201 1010 1235 epitome

225 1245 254 1271 in
275 1252 325 1272 suo
343 1244 471 1272 Chronico
485 1245 647 1280 digesserat.
666 1243 724 1271 Hoc
747 1245 820 1271 enim
847 1246 928 1272 verba
950 1245 1009 1280 ipsa

226 1289 335 1317 Eusebii
348 1291 426 1317 nobis
441 1290 569 1322 innuunt,
582 1298 643 1325 quae
661 1291 733 1318 male
747 1291 925 1325 interpretum
942 1292 1010 1318 vnio

224 1342 349 1372 excerpta
367 1338 433 1365 viris
453 1338 648 1367 eruditissimis
677 1346 782 1373 magnae
800 1339 875 1366 fuere
899 1339 1010 1366 diiIicul-

225 1384 284 1410 tati.
309 1383 449 1410 Sententia
470 1384 572 1419 quippe
595 1383 705 1411 illorum
728 1385 874 1411 verborum
899 1388 972 1412 recte
993 1392 1009 1412 a

225 1428 331 1455 Bullino
351 1436 481 1463 expressa
497 1437 529 1456 ea
543 1432 605 1457 est:
623 1429 750 1462 Quamvis
760 1429 820 1464 jam
843 1429 874 1456 de
893 1430 934 1456 his
943 1430 1008 1464 ipsis

224 1474 352 1501 nonnulla
364 1474 444 1501 etiam
456 1475 483 1501 in
498 1473 636 1502 Cltrunicis
654 1474 691 1509 (id
707 1478 757 1506 est,
771 1475 797 1501 in
808 1482 836 1500 eo
854 1482 929 1508 opere
939 1475 1007 1510 quod

223 1519 256 1546 de
273 1524 417 1554 temporum
432 1520 534 1546 ratione
547 1520 761 1554 conscripsimus)
776 1519 887 1546 breviter
904 1521 1006 1546 succin-

223 1570 311 1601 ctaque
321 1565 528 1599 perstrinxerim,
539 1566 641 1599 plenius
657 1570 743 1592 tamen
759 1566 785 1591 in
796 1566 920 1599 praesenti
931 1573 1006 1600 opere

224 1612 386 1646 singulorum
398 1611 577 1638 narrationem
588 1612 689 1645 aperire
701 1611 868 1638 tentabimus.
883 1610 1007 1647 Epitome

225 1657 315 1691 itaque
329 1665 410 1691 quam
422 1657 465 1684 hic
478 1657 571 1684 laudat
582 1657 726 1690 Eusebius,
743 1665 798 1684 non
813 1662 855 1684 est
866 1658 907 1684 sui
922 1657 1006 1685 Chro-

225 1702 278 1728 nici
291 1702 417 1736 epitome,
431 1708 461 1728 ut
478 1701 534 1728 fere
552 1708 647 1728 omnes
668 1701 773 1736 opinati
794 1704 859 1728 sunt
874 1699 908 1727 ad
933 1700 1005 1727 hunc

224 1747 306 1778 diem,
321 1747 367 1774 sed
380 1751 421 1774 est
434 1747 551 1781 epitome
566 1754 667 1778 rerum,
682 1754 750 1781 quas
765 1746 881 1781 plenius,
899 1750 925 1773 et
943 1754 1005 1781 pro-

225 1791 314 1818 lixiori
331 1792 474 1818 verborum
488 1796 514 1819 et
528 1792 725 1819 sententiarum
747 1793 849 1819 ambitu
867 1794 894 1819 in
913 1792 1004 1819 Histo-

225 1837 266 1864 ria
279 1836 366 1864 fuerat
382 1841 553 1872 prosecutus.
571 1836 666 1872 Neque
688 1836 800 1864 Suidam
815 1838 838 1865 si
864 1838 1005 1865 minimam

223 1884 367 1910 verberum
382 1884 481 1910 seriem
497 1884 627 1915 invertas,
649 1883 683 1911 ab
697 1884 747 1910 hac
761 1890 854 1911 nostra
869 1886 1004 1912 sententia

224 1929 356 1956 dissidere
379 1930 420 1957 vel
445 1929 603 1957 discordare
626 1930 799 1965 comperies;
817 1931 855 1958 ait
873 1932 946 1958 enim
971 1931 1004 1958 de

223 1974 380 2006 Eusebio,et
386 1975 445 2010 ejus
452 1977 561 2012 scriptis
570 1987 577 2005 :
593 1977 866 2012 Ἐκκλησιαστικῆς
873 1978 1005 2012 ἱστορίας

224 2019 298 2054 λόγοι
311 2019 337 2053 ι’,
355 2020 494 2054 Χρονικῶν
530 2021 648 2048 κανόνων
671 2023 844 2058 παντοδαπῆς
872 2024 1003 2059 ἱστορίας,

225 2067 272 2094 καὶ
287 2066 387 2094 τούτων
398 2066 570 2102 ὲπιτομή.Τυ
580 2067 719 2103 italegito:
736 2067 1009 2102 Ἐκκλησιαστικῆς

224 2107 356 2141 ἱστορίας
363 2109 435 2144 λόγοι
452 2110 477 2142 ι’,
492 2111 538 2138 καὶ
554 2112 654 2139 τούτων
669 2114 785 2149 ἐπιτομὴ
798 2115 937 2150 Χρονικῶν
954 2124 1004 2142 κα-

224 2153 306 2180 νόνων
328 2155 500 2191 παντοδαπῆς
521 2157 662 2192 ἱστορίαςε
682 2166 779 2193 nempe
803 2159 1003 2189 Ecclesiastica:

224 2199 344 2226 historia:
357 2199 418 2226 libri
430 2200 526 2231 docent.
535 2207 559 2228 et
572 2202 663 2229 horum
676 2202 799 2238 Epitome
814 2204 1003 2232 Chronicorunt

223 2253 353 2272 canonum
369 2246 525 2273 omnimodo:
540 2247 668 2279 ltistoriw,
682 2252 760 2283 quasi
786 2249 899 2282 diceret,
916 2251 1004 2279 Cano-

223 2299 273 2318 nes
288 2291 451 2318 omnimodae
466 2291 589 2319 historia:
607 2293 740 2320 librorum
763 2293 1003 2326 deeem,Historiw

224 2335 409 2364 ecclesiastica:
447 2341 512 2365 sunt
548 2339 676 2373 epitome.
708 2339 878 2375 Conscripsit
910 2342 1003 2376 itaque

222 2381 368 2407 Chronicon
394 2381 528 2410 Eusebius
553 2385 626 2418 quod
648 2389 691 2411 est
705 2386 787 2412 veluti
810 2388 1000 2421 compendium

222 2433 312 2452 rerum
331 2434 346 2453 a
361 2435 390 2454 se
407 2428 571 2462 scriptarum
589 2430 616 2456 in
635 2429 755 2456 Historia
771 2432 959 2465 ecclesiastica,
975 2439 1002 2460 et

221 2480 273 2499 non
289 2472 453 2505 Clu-onicon,
468 2478 495 2501 et
515 2475 711 2510 Compendium
725 2478 864 2512 chronici,
880 2484 909 2506 ut
924 2481 1001 2508 multi

221 2522 320 2545 temere
336 2519 440 2553 opinati
457 2524 532 2548 sunt.

256 2563 314 2591 Col.
333 2564 394 2596 708,
414 2566 461 2592 lin.
475 2567 499 2593 7.
523 2567 587 2600 Τοῖς
595 2570 716 2603 χρόνοις
736 2571 851 2605 Ἰνάχου
863 2573 917 2600 τὸν
929 2573 999 2608 μέν.

218 2604 364 2634 Eusebium
377 2608 403 2635 in
417 2617 468 2648 suo
478 2609 607 2639 Chronico
625 2614 651 2640 in
667 2615 760 2642 multis
775 2604 836 2644 esse
851 2604 1001 2646 hallucina-

219 2655 274 2678 tum
291 2654 391 2688 reperit
405 2655 541 2691 .los'phus
559 2657 692 2694 Scaliger,
717 2665 744 2688 et
760 2663 817 2694 alii,
835 2669 861 2691 et
878 2670 941 2692 ante
953 2674 1000 2694 eos

218 2696 349 2733 Georgius
368 2700 522 2736 Syncellus.
551 2704 606 2732 Nec
625 2707 724 2735 mirum
750 2713 792 2736 est
816 2710 953 2738 hominem
973 2713 1000 2740 in

219 2747 292 2792 tanta
310 2753 401 2773 rerum
414 2748 594 2781 obscuritate.
612 2760 643 2778 ac
659 2754 829 2788 ignoratione
853 2758 1000 2792 aliquando

218 2787 323 2820 lapsum
340 2793 433 2823 fuisse.
450 2795 556 2824 Habent
572 2802 599 2826 et
612 2787 708 2835 reliqui
729 2809 825 2832 omnes
850 2787 999 2840 scriptores

1063 204 1159 238 gitant,
1173 212 1287 239 peccare
1303 209 1329 232 et
1345 204 1495 232 foedissime
1509 205 1710 240 deprehensum
1719 209 1780 236 est;
1794 204 1845 231 Ho-

1063 251 1146 277 mines
1162 259 1264 282 sumus,
1287 251 1378 278 aiebat
1401 252 1456 282 ille.
1475 260 1526 278 non
1543 252 1592 278 dii.
1615 251 1681 278 Illud
1700 256 1792 278 tamen
1807 256 1844 278 est

1062 296 1153 330 aliqua
1170 297 1390 324 consideratione
1411 305 1465 324 non
1493 298 1633 332 indignutn
1647 305 1655 324 :
1669 305 1735 324 num
1753 297 1845 324 videli-

1062 345 1105 368 cet
1128 341 1260 370 Eusebius
1277 343 1375 377 dignus
1391 351 1441 370 sua
1458 344 1536 370 laude
1548 344 1593 375 sit,
1608 343 1673 370 dum
1693 348 1788 378 spreta
1810 349 1846 371 tot

1062 387 1228 421 scriptorum
1251 387 1406 415 Judteorum
1430 393 1458 416 et
1481 388 1700 416 Christianorum
1720 390 1755 417 de
1769 394 1846 417 atate

1062 432 1163 468 Moysis
1179 435 1325 466 sententia,
1337 435 1369 461 ad
1382 442 1450 461 nova
1467 435 1589 470 quaedam
1600 441 1706 470 reperta
1719 436 1845 464 recurrit.

1062 479 1134 507 Sane
1145 480 1301 507 veneranda
1318 480 1479 514 antiquitas,
1495 485 1522 507 et
1537 481 1689 516 sapientum
1704 481 1845 508 hominum

1061 526 1203 553 sententia:
1222 526 1310 561 digna:
1336 531 1409 558 sunt,
1428 535 1498 561 quas
1514 532 1541 554 et
1557 528 1737 557 admiremur.
1754 532 1782 554 et
1801 527 1846 554 ho-

1061 578 1200 602 noremus,
1210 575 1237 598 et
1254 577 1330 599 extra
1339 579 1386 599 eas
1396 572 1486 607 vagari
1500 573 1581 600 nimis
1595 574 1782 608 periculosum
1796 576 1844 600 est.

1061 617 1151 650 Quare
1166 617 1298 653 Georgius
1315 618 1459 653 Syneellus
1473 619 1572 645 mirum
1589 619 1615 646 in
1631 620 1744 646 modum
1764 619 1845 646 Euse-

1060 663 1096 690 bii
1112 664 1257 690 consilium
1267 664 1386 699 exagitat
1402 665 1445 692 his
1457 665 1548 692 Verbis
1567 675 1573 692 :
1589 665 1649 692 Ὀτι
1665 666 1716 700 μὲν
1734 663 1783 692 οὖν
1796 666 1843 692 αὺ-

1060 709 1106 741 τὺς
1130 709 1217 745 ἑαυτῷ
1242 710 1292 745 τὴν
1318 711 1432 737 ἀτοπίαν
1455 710 1502 737 τοῦ
1528 710 1606 744 λόγου
1633 712 1845 748 μεμαρτύρηκεν

1060 754 1200 786 Εὐσέϐιος,
1210 756 1291 790 ἀρκεῖ
1306 755 1373 790 πρὸς
1385 756 1547 792 κατανόησιν
1561 758 1617 789 τοῖς
1631 766 1662 791 γε
1671 758 1765 789 ποσῶς
1781 767 1843 792 μετ-

1061 800 1189 836 εσχηκόσι
1218 800 1395 832 παιδεύσεως,
1417 802 1500 837 ἄλλης
1526 810 1556 828 τε
1578 803 1625 830 καὶ
1650 804 1700 839 τῆς
1723 804 1754 830 ἐν
1777 804 1845 830 ιστο-

1061 845 1132 881 ρίαις
1146 846 1273 878 παλαιαῖς
1297 847 1524 883 ὁμολογουμένης.
1545 848 1593 874 Ἓν
1612 848 1666 884 γὰρ
1685 849 1762 884 αὐτῷ
1779 849 1845 885 πρὸς

1060 891 1214 926 ἀνατροπὴν
1241 890 1294 917 τῶν
1321 892 1571 927 συγγεγραμμένων
1594 892 1674 928 ἤρκει
1696 893 1788 922 τοῦτο.
1801 894 1844 919 καὶ

1061 936 1140 971 μόνον
1148 935 1177 962 τὸ
1190 938 1250 968 ταῖς
1261 937 1404 968 τοσαύταις
1414 937 1579 973 τηλικούτων
1593 937 1682 971 δόξαις
1689 938 1797 974 ἀνδρῶν
1807 947 1844 973 φι-

1060 981 1180 1016 λοσόφων
1207 982 1371 1015 ἀντιπεσείν,
1397 983 1554 1019 ἀμάρτυρον
1569 992 1598 1010 τε
1614 984 1665 1018 τὴν
1686 984 1752 1019 παρ’
1763 985 1841 1011 αὐτοῦ

1060 1029 1285 1063 παρεισαγαγεῖν.
1303 1029 1343 1055 Τὰ
1358 1027 1412 1063 γὰρ
1429 1030 1488 1060 ταῖς
1501 1029 1556 1055 τῶν
1571 1029 1686 1061 πολλῶν,
1704 1030 1805 1065 μᾶλλον
1816 1030 1842 1057 at

1059 1073 1113 1099 τῶν
1127 1074 1233 1101 πάντων
1241 1074 1331 1106 δόξαις
1341 1075 1553 1110 ὰντεισαγόμενα
1564 1075 1640 1110 μόλις
1649 1075 1692 1107 ἃν,
1710 1076 1758 1101 καὶ
1778 1076 1842 1110 μετὰ

1060 1118 1161 1153 πολλῆς
1174 1119 1362 1154 προσδεχθεῖεν
1376 1119 1409 1146 ἂν
1425 1119 1587 1151 ἀποδείξεως
1603 1120 1678 1156 παρὰ
1692 1121 1750 1152 τοῖς
1764 1119 1794 1147 εὖ
1807 1122 1842 1147 εἰ·

1059 1162 1115 1189 δόσι
1131 1162 1217 1190 ταῦτα
1233 1163 1345 1198 κρίνειν.
1358 1162 1494 1198 Iosephus
1511 1163 1631 1199 Scaliger
1644 1164 1796 1191 Eusebium
1810 1165 1841 1191 ab

1060 1209 1111 1236 hac
1137 1208 1245 1244 Georgii
1270 1210 1489 1244 expostulatione
1516 1210 1646 1237 vindieat.
1678 1210 1752 1237 Nam
1777 1210 1841 1245 quod

1059 1256 1175 1282 omnium
1190 1263 1316 1282 consensu
1333 1260 1463 1289 receptum
1470 1261 1518 1288 est,
1533 1261 1557 1283 et
1572 1262 1686 1290 tempore
1697 1256 1788 1291 ﬁdem,
1801 1261 1840 1282 at.

1059 1309 1108 1337 que
1123 1303 1308 1328 auctoritatem
1324 1303 1430 1335 meruit,
1451 1310 1503 1328 non
1519 1303 1636 1337 sequitur
1646 1303 1796 1330 necessario
1804 1311 1842 1330 u-

1059 1355 1117 1373 rum
1144 1355 1208 1374 esse.
1240 1346 1313 1374 Bona
1342 1348 1423 1379 ratio.
1450 1349 1544 1376 nescio
1560 1356 1595 1375 an
1617 1356 1632 1375 a
1650 1354 1728 1376 recta
1742 1353 1840 1376 mente.

1059 1393 1164 1420 Nollent
1180 1393 1349 1429 Scaligerum
1366 1395 1418 1422 hoc
1442 1395 1553 1422 nomine
1572 1400 1697 1422 veterum
1731 1394 1841 1422 Patrum

1059 1439 1253 1473 catholicteque
1278 1438 1405 1467 Ecclesiae
1419 1447 1434 1466 a
1449 1447 1501 1467 suo
1525 1439 1639 1467 exordio
1667 1440 1841 1468 continuata:

1059 1486 1211 1512 sententias
1231 1486 1449 1520 auctoritateque
1465 1486 1570 1512 ﬁrmata
1585 1485 1715 1520 dogmata
1747 1486 1841 1520 rejice-

1059 1538 1106 1564 re,
1131 1531 1295 1559 intrudendo
1311 1539 1379 1558 nova
1394 1540 1401 1559 ε
1417 1531 1480 1566 quia
1495 1539 1545 1558 non
1562 1532 1681 1565 sequitur
1694 1533 1841 1559 necessario

1059 1585 1119 1603 vera
1131 1585 1197 1604 esse.
1211 1576 1392 1605 Novatoribus
1402 1577 1473 1605 favet
1484 1577 1542 1613 ipse
1552 1582 1677 1605 novatur.
1689 1576 1768 1605 Sciat
1776 1586 1841 1606 nova

1058 1623 1150 1650 omnia
1168 1629 1295 1658 suspecta
1313 1631 1383 1651 esse.

1094 1669 1175 1701 lbid.,
1193 1670 1240 1696 lin.
1254 1671 1279 1697 9.
1295 1669 1440 1703 Χρονικοῦ
1454 1670 1593 1703 κανόνος.
1607 1669 1786 1701 Ex‘Eusebio,
1800 1669 1840 1696 Ἕν

1058 1714 1085 1741 δὲ
1098 1715 1138 1750 τῷ
1152 1715 1265 1750 παρόντι
1281 1715 1327 1742 ἐπὶ
1338 1715 1369 1742 τὸ
1382 1715 1448 1742 αὐτὸ
1464 1716 1527 1748 τοὺς
1541 1715 1652 1751 χρόνους
1668 1715 1839 1750 συναγαγὼν,

1057 1761 1252 1797 ἀντιπαραθεὶς
1266 1762 1298 1788 ἐκ
1313 1761 1484 1797 παραλλήλου
1502 1761 1547 1788 τὸν
1561 1762 1625 1797 παρ’
1633 1761 1744 1797 ἑκάστῳ
1775 1762 1840 1788 ἔθνει

1057 1806 1111 1833 τῶν
1123 1807 1191 1833 ἐτῶν
1207 1807 1331 1842 ἀριθμὸν,
1347 1807 1472 1843 χρονικοῦ
1485 1807 1596 1838 κανόνος
1609 1807 1738 1839 σύνταξιν
1752 1809 1841 1842 smn;-

1059 1851 1158 1886 σάμην.
1170 1851 1246 1888 Opus
1257 1852 1308 1879 hoc
1327 1851 1436 1879 Eusebii
1449 1852 1534 1879 variis
1550 1852 1645 1884 titulis,
1661 1859 1711 1880 seu
1727 1853 1841 1878 nomini-

1058 1895 1109 1923 bus
1136 1897 1296 1931 insignitur;
1321 1897 1485 1931 quibusdam
1503 1897 1575 1924 enim
1590 1897 1692 1923 dicitur
1708 1896 1840 1923 Chronica

1058 1942 1085 1968 in
1103 1942 1234 1977 singulari
1257 1942 1398 1974 feminino,
1415 1942 1476 1970 aliis
1488 1941 1636 1972 Cltronicw.
1649 1943 1713 1969 aliis
1728 1941 1839 1969 Chroni-

1057 1995 1126 2018 cum.
1142 1988 1203 2015 aliis
1220 1987 1355 2020 Chronici,
1372 1989 1433 2015 aliis
1449 1988 1592 2019 Chronica,
1609 1988 1671 2014 aliis
1689 1987 1837 2015 Chronico-

1056 2041 1115 2059 rum
1132 2033 1203 2065 libri,
1220 2034 1280 2062 aliis
1296 2034 1410 2061 historia
1430 2033 1572 2064 Chronica,
1595 2033 1717 2060 Historia
1741 2038 1838 2066 tempo-

1057 2087 1125 2112 rum,
1142 2079 1264 2106 Historia
1280 2079 1481 2113 Cltronicorum,
1499 2080 1626 2110 Annales,
1643 2079 1723 2106 Liber
1742 2084 1838 2113 tempo-

1056 2132 1126 2157 rum,
1160 2124 1351 2153 Chronicorum
1380 2125 1518 2153 Canonum
1542 2126 1681 2160 multiple:
1710 2126 1838 2156 historia.

1018 2180 1040 2210 υ
1056 2170 1204 2197 Cltront'con
1229 2171 1386 2198 omnimodo:
1412 2172 1541 2198 historia.
1569 2171 1669 2199 Verum
1692 2176 1722 2198 ut
1739 2173 1838 2199 clarius

1054 2216 1145 2243 omnia
1173 2216 1232 2243 haec
1256 2218 1440 2248 innotescunt,
1469 2225 1503 2244 ne
1523 2218 1607 2244 variis
1623 2217 1712 2244 titulis
1725 2225 1772 2245 res
1789 2225 1838 2245 una

1053 2263 1204 2297 eademque
1213 2264 1386 2296 obscuretur,
1398 2271 1486 2298 opera:
1499 2264 1614 2299 pretium
1628 2265 1836 2298 eritexplicare.

1052 2308 1179 2342 quisnam
1209 2308 1290 2335 fuerit
1305 2309 1349 2335 hic
1371 2309 1481 2336 Eusebii
1506 2314 1650 2339 tractatus.
1673 2315 1700 2336 et
1726 2311 1754 2336 in
1783 2317 1837 2344 qua

1053 2354 1173 2381 membra
1186 2354 1300 2387 divisus,
1316 2359 1343 2382 et
1360 2356 1422 2390 quis
1438 2356 1591 2391 praecipuus
1607 2356 1772 2391 primusque
1781 2356 1836 2390 ejus

1052 2406 1163 2433 scopus.
1197 2399 1286 2426 Unum
1326 2400 1418 2434 itaque
1448 2401 1596 2435 perfectum
1626 2401 1837 2435 absolutumque

1053 2445 1103 2471 fuit
1118 2444 1226 2472 Eusebii
1242 2444 1399 2474 Chronico».
1411 2446 1495 2479 Quod,
1512 2450 1541 2473 ut
1557 2446 1735 2474 Marcellinus
1748 2454 1836 2474 comes

1052 2491 1079 2517 in
1098 2490 1256 2525 pratfatione
1269 2493 1310 2518 sui
1326 2491 1450 2518 Cltronici
1468 2493 1577 2523 asserit,
1596 2501 1612 2519 α
1629 2493 1724 2519 mundi
1737 2493 1836 2527 fabrica

1051 2544 1132 2570 usque
1159 2536 1192 2562 ad
1221 2535 1424 2564 Constantinum
1451 2538 1595 2572 principem
1625 2537 1759 2565 Eusebius
1781 2538 1836 2565 Cc-

1051 2583 1177 2609 sariensis
1188 2583 1266 2617 huqu
1281 2583 1371 2610 seaculi
1383 2584 1521 2618 originem,
1538 2589 1665 2618 tempora,
1684 2593 1781 2615 annos,
1799 2593 1835 2611 re-

1051 2636 1113 2662 gna,
1129 2629 1286 2664 virtutesque
1301 2630 1463 2661 mortalium,
1482 2635 1507 2656 et
1521 2630 1655 2656 uariarunt
1680 2631 1782 2656 artium
1797 2638 1836 2656 rc-

1051 2678 1178 2706 pertores.
1192 2675 1358 2709 omniumque
1371 2683 1434 2709 pene
1453 2676 1647 2708 provinciarum
1668 2682 1834 2702 monumenta

1052 2716 1143 2743 (ἐι-ατο
1156 2718 1236 2744 edidit
1250 2721 1329 2754 style,
1348 2726 1486 2756 nosterque
1503 2721 1681 2756 Hieronymus
1700 2722 1834 2749 transtulit

1051 2763 1076 2789 in
1091 2761 1224 2793 Latinum.
1239 2770 1263 2791 et
1279 2773 1359 2799 usque
1372 2767 1399 2793 in
1418 2767 1552 2794 Valentem
1566 2768 1700 2794 Cwsarem
1719 2768 1833 2796 Romano

1052 2808 1146 2842 adjecit
1175 2808 1288 2843 eloquio.
1316 2811 1404 2845 Igitur
1426 2816 1532 2847 uterque
1551 2813 1630 2847 hujus
1643 2814 1732 2848 operis
1747 2819 1834 2840 auctor
