1903 3068
74 132 118 161 809

562 125 595 153 IN
615 122 800 152 EUSTATHII
818 120 1053 149 HEXAEMERON
1074 120 1185 148 NOTAE.

1609 118 1662 148 810

73 193 228 217 vuotxxxvm
245 192 371 212 annorum
392 184 460 211 hunc
476 183 602 210 mundum
615 187 677 210 tunc
692 183 749 217 fore
762 182 829 209 miro
844 186 868 214 Α
880 185 907 208 et
918 180 957 207 rei
971 178 1191 207 demonstrandae
1205 178 1376 213 propositum
1390 178 1479 213 potius
1495 177 1521 204 id
1534 185 1666 212 exposce-

73 233 212 268 computau‘t
234 231 344 266 ingenio.
374 230 461 265 Hujus
497 230 656 257 excellentis
685 234 712 256 ct
746 229 828 256 unius

73 281 149 317 operis
169 282 255 315 partes
274 278 340 305 duas
355 281 449 305 auctor
468 277 550 304 fecit:
570 276 687 311 priorem
711 276 832 307 Κανόνας

72 322 227 357 παντοδαπῆς
250 321 367 357 ἱστορίας
379 329 386 337 ·
413 322 599 356 posteriorem,
615 321 720 346 Κανόνα
740 329 832 356 χρονι-

72 369 111 396 χόν
124 366 300 402 inscripsit.ln
315 367 432 401 priorem
446 368 568 393 omnium
584 367 715 401 gentium,
734 374 833 401 regno-

72 422 132 445 rum,
148 413 292 444 civitatum,
317 413 462 444 cunabula,
494 412 624 447 origines,
655 412 832 447 antiquitates

72 460 206 488 centulerat
219 468 226 487 ι
240 458 268 485 in
280 457 426 485 secundam
436 458 524 485 solum
537 459 634 484 seriem
643 465 831 491 numerorum,

72 513 111 533 seu
121 511 246 531 annorum
264 504 468 538 imperatorum,
482 506 508 529 et
522 503 652 529 nonnulla
666 502 728 529 alia.
741 501 833 529 Prima

72 559 126 588 pars
145 550 273 586 prolixior
301 557 335 576 ex
358 548 442 575 variis
474 548 632 575 auctoribus
660 548 831 581 concinnata,

71 596 138 632 quasi
160 595 264 626 diil'usa,
288 598 315 622 et
336 601 404 628 pene
433 594 586 620 communis
604 593 637 620 ad
657 600 834 628 quascunque

71 643 127 669 alias
141 641 255 668 rationes
270 644 422 674 temporum
437 640 516 666 nobis
533 639 706 674 proponitur.
729 638 834 666 Secun-

71 689 99 716 da
113 688 226 715 strictior
238 691 264 714 et
278 686 399 721 pressior
421 686 472 713 soli
487 685 711 712 demoustrationi
727 685 830 717 dedita,

71 741 144 761 annos
161 740 308 767 eorumque
335 732 434 759 seriem
460 739 507 766 per
531 732 630 766 strigas
657 735 684 758 et
714 731 834 765 virgulas

71 778 226 811 manifestat;
242 778 327 805 multa
348 785 407 812 qua:
435 777 463 804 in
483 777 567 812 priori
595 781 671 812 parte
699 777 831 809 confusa,

71 826 94 853 in
127 824 240 852 secunda
273 824 401 852 distincta
441 827 591 849 cernuntur
620 833 626 850 :
663 823 690 850 in
727 822 836 849 Canone

881 227 948 253 bant
963 229 992 252 ut
1005 225 1038 252 ab
1060 225 1157 257 Adam,
1171 225 1213 251 vel
1230 224 1254 251 si
1281 232 1295 250 a
1319 224 1428 259 regibus
1449 231 1463 250 a
1490 223 1564 256 Belo,
1582 223 1622 250 rel
1647 229 1666 250 ι

883 273 1012 303 Saturno,
1026 272 1069 299 vel
1081 271 1143 299 aliis
1155 270 1358 305 antiquioribus
1378 271 1483 297 initium
1499 270 1607 297 dicendi
1625 269 1666 297 fa-

882 323 966 347 ceret.
990 319 1050 354 lpse
1072 326 1137 346 vero
1168 325 1183 344 a
1201 317 1270 344 Nino
1285 325 1333 345 seu
1362 317 1497 344 Abraham
1513 317 1665 346 exorditur.

882 365 1017 392 Caeterum
1034 364 1162 396 Eusebio,
1179 364 1305 398 aliisque,
1328 363 1374 398 qui
1388 371 1438 397 pro
1453 363 1624 397 antiquitate,
1639 367 1666 389 et

882 412 1004 439 veritatis
1020 411 1153 446 religione
1170 418 1232 437 cum
1246 410 1372 445 gentibus
1387 410 1539 441 certabant,
1553 416 1666 437 necesse

883 461 957 491 erat,
974 462 1003 484 ut
1019 465 1052 485 ex
1079 457 1162 485 rebus
1176 456 1246 491 apud
1268 457 1329 483 illos
1345 455 1428 486 nolis,
1459 455 1581 489 nullique
1597 463 1666 482 con-

884 504 1014 532 troversis
1025 504 1125 539 scripta
1133 506 1335 538 componerent.
1347 501 1466 529 Ethnicis
1479 505 1568 528 autem
1578 501 1666 528 histo-

884 550 1048 585 riographis.
1076 554 1130 577 tam
1157 550 1258 577 Grtecis
1285 556 1367 584 quam
1398 547 1502 574 Latinis
1524 553 1668 574 commune

885 596 946 628 fuit.
964 600 992 624 ut
1007 600 1122 623 testatur
1136 596 1239 623 Paulus
1257 595 1381 626 Orosius.
1397 599 1428 621 ut
1448 594 1560 621 annales
1574 601 1638 620 suos
1651 601 1666 619 a

884 642 954 669 Nino
967 642 1127 677 inciperent.
1140 650 1202 669 cum
1214 641 1306 668 omnia
1323 645 1385 667 ante
1395 647 1457 667 eum
1474 639 1581 674 penitus
1593 639 1670 673 igno-

886 693 987 718 rarent.
1003 696 1052 715 nec
1068 687 1195 722 gentilem
1217 687 1300 714 ullam
1319 686 1449 713 baberent
1465 685 1617 711 historiam.
1636 683 1669 711 Et

886 733 945 768 ipse
962 733 1095 760 Eusebius
1112 733 1139 759 in
1160 731 1317 767 praefatione
1334 740 1341 758 :
1359 731 1402 756 ‘Ev
1416 727 1456 761 οἷς
1481 729 1556 755 οὐδὲν
1573 729 1668 764 ἐπίση-

888 789 936 816 μον
952 779 1063 814 γεγονὸς
1080 779 1225 814 ἱστορεῖται
1246 778 1311 813 παρ’
1322 777 1460 812 ’Έλλησιν.
1473 776 1541 803 Hinc
1561 775 1670 802 Tertul-

887 825 977 852 liauus
1002 825 1049 851 lib.
1076 824 1115 851 De
1135 823 1245 858 pallio:
1272 823 1348 857 Piget
1374 823 1463 848 tristia
1489 830 1540 848 non
1570 821 1668 852 minus,

70 871 131 899 enim
162 870 281 898 chronica
319 869 512 897 consideratur
544 874 571 896 et
605 869 690 897 series
723 872 750 896 et
788 876 829 895 re-
851 869 871 896 Β
884 880 963 906 quam
982 879 1120 905 regnorum
1141 871 1207 896 vires
1226 877 1366 896 recensere.
1386 869 1493 901 Quoties
1507 873 1531 894 et
1547 868 1599 894 ista
1614 875 1672 893 mu-

69 921 120 944 ctus
146 917 211 944 ordo
247 923 422 943 numerorum
464 923 512 942 seu
545 923 700 947 annorum,
730 922 835 942 necnon

69 962 209 990 earumdem
227 962 363 997 oppositio
380 962 550 989 diversorum
574 961 710 988 ordinum.
736 961 834 988 Arnal-

69 1009 112 1035 dus
127 1008 258 1035 Pontacus
284 1012 359 1043 putat
381 1007 507 1035 Canoues
536 1007 681 1034 clirouicos
697 1006 736 1033 nil
761 1006 833 1033 aliud

69 1062 129 1085 esse,
143 1061 219 1088 quam
235 1054 342 1081 tabulas
355 1053 471 1088 aliquas,
492 1053 518 1079 id
534 1056 585 1083 est.
616 1052 725 1078 diversa
746 1051 834 1086 spatia

68 1098 177 1126 dimensa
194 1099 274 1126 lineis
289 1106 320 1125 ac
332 1098 481 1129 laterculis.
507 1105 567 1132 quae
579 1097 722 1124 continent
740 1103 835 1123 mune-

68 1151 108 1171 res
120 1144 166 1171 sibi
185 1145 324 1179 oppositos
342 1151 374 1170 ex
398 1143 523 1175 advurso,
555 1143 654 1177 quibus
679 1142 835 1168 indicantur

67 1193 176 1224 tempora
191 1197 238 1216 seu
252 1189 318 1216 anni
336 1189 507 1215 diversorum
524 1195 618 1222 regum
637 1187 750 1214 invicem
769 1194 836 1213 con-

68 1239 204 1266 currentes,
220 1242 269 1262 seu
291 1233 498 1264 concordantes,
526 1237 552 1258 et
566 1241 598 1258 cx
621 1239 736 1267 quorum
751 1231 836 1258 colla-

68 1281 140 1310 tione,
152 1288 197 1307 seu
211 1279 424 1314 computatione,
435 1278 571 1313 colligitur
581 1278 721 1309 canonica,
732 1285 779 1304 seu
792 1284 836 1304 re-

67 1327 157 1361 gularis
170 1331 196 1353 et
210 1330 287 1353 certa
301 1331 452 1360 temporum
472 1325 637 1359 supputatio,
654 1328 680 1350 et
699 1323 834 1351 collectio.

67 1370 170 1406 Ideoque
184 1373 260 1405 uuio,
283 1380 330 1399 seu
347 1370 493 1398 concordia
518 1374 634 1404 quatuor
657 1369 837 1404 evangelista-

67 1425 130 1449 rum,
147 1426 205 1453 qua
223 1418 258 1444 ab
277 1417 401 1456 Eusebio.
413 1415 588 1445 describitur.
615 1423 662 1449 per
680 1414 835 1449 bujusmodi

68 1463 144 1491 lineas
168 1468 257 1491 rectas
283 1468 310 1490 et
333 1467 517 1492 transversas,
543 1469 602 1496 quae
619 1461 836 1495 complectuntur

67 1514 147 1536 certos
167 1513 193 1536 et
209 1510 333 1536 diversos
349 1515 478 1535 numeros
489 1508 605 1534 invicem
619 1506 670 1533 sibi
683 1507 834 1541 oppositos,

67 1555 155 1589 quibus
184 1554 341 1581 iudicantur
368 1553 476 1580 diversa
502 1553 591 1587 capita
618 1553 645 1578 in
665 1553 763 1586 quibus
782 1552 835 1587 ipsi

65 1601 225 1635 evangelista:
239 1600 418 1630 conveniunt,
443 1599 562 1626 (lenones
579 1599 718 1633 evangelici
738 1598 836 1625 dicun-

66 1651 113 1674 tur.
128 1647 178 1674 Sed
191 1647 258 1682 quid
273 1647 362 1673 verbis
376 1653 454 1680 opus,
464 1653 524 1672 cum
539 1645 583 1671 hic
596 1645 652 1679 ipse
667 1644 836 1676 Eustathius,

66 1693 180 1726 quisnam
203 1693 286 1720 fuerit
303 1691 448 1719 Chronicus
463 1699 546 1717 canon
563 1690 672 1717 Eusebii
687 1690 838 1717 clarissime

66 1739 190 1774 explicet?
203 1738 338 1774 Χρονικοῦ
354 1739 409 1774 γὰρ
427 1737 537 1768 κανόνος
552 1736 676 1768 σύνταξιν
693 1737 837 1772 ἐπινοήσας

65 1785 94 1811 ὲκ
106 1785 273 1821 παραλλήλου
288 1784 487 1820 ἀντιπαρέθηκε
504 1784 548 1810 τὸν
563 1783 627 1818 παρ’
642 1782 749 1817 ἑκάστῳ
767 1783 838 1808 ἔθνει

64 1829 259 1857 δυναστεύοντα.
276 1830 401 1858 Omnium
420 1830 521 1865 optime
533 1829 559 1856 id
571 1829 690 1856 declarat
704 1828 838 1855 Eusebius

65 1874 88 1902 in
101 1876 228 1910 prommio
240 1875 368 1902 secundae
380 1875 475 1909 partis,
491 1875 518 1900 iu
533 1881 587 1908 quo
598 1873 662 1907 quid
677 1873 762 1907 prima
775 1880 838 1907 pars

69 1929 81 1946 a
100 1921 214 1948 secunda
231 1921 338 1948 diiTerat
351 1920 425 1947 hisce
437 1920 547 1953 exponit
564 1918 648 1952 ;”Εγὼ
661 1918 688 1945 δὲ
699 1918 762 1953 περὶ
773 1917 823 1944 πολ
832 1934 838 1938 α

64 1965 105 1991 λοῦ
115 1966 157 1993 τὸν
170 1967 256 2002 ἀληθῆ
274 1966 351 2000 λόγον
365 1965 527 2001 τιμώμενος,
551 1965 597 1991 καὶ
612 1965 641 1991 τὸ
658 1965 770 2000 ἀκριϐὲς
783 1965 839 1991 ἀνι-

65 2013 165 2047 χνεῦσαι
181 2014 225 2040 διὰ
237 2014 354 2048 σπουδῆς
367 2014 535 2049 προύθέμην.
549 2013 645 2039 Ἔνθεν
655 2013 797 2048 ὁρμηθεὶς,
811 2014 839 2040 ἐν

66 2058 110 2092 μὲν
125 2060 156 2094 τῇ
171 2059 222 2094 πρὸ
239 2059 341 2094 ταύτης
352 2059 476 2092 συντάξει
491 2059 555 2090 ὔλας
570 2059 720 2094 ἐκπορίζων
731 2059 839 2094 ἐμαυτῷ

65 2103 157 2138 χρόνων
176 2104 336 2138 ἀναγραφὰς
353 2104 546 2139 συνελεξάμην,
560 2104 687 2135 παντοίας
705 2103 840 2138 βασιλείας

64 2150 112 2176 τῶν
118 2149 266 2182 Χαλδαίων,
276 2151 433 2186 Ἀσσυρίων,
441 2150 549 2186 Μήδων,
559 2151 681 2186 Περσῶν,
689 2150 790 2181 Λυδῶν,
798 2151 841 2176 'E-.

887 917 1074 949 tarerint,iam
1089 916 1148 943 inde
1174 925 1190 942 a
1213 915 1283 942 Nino
1303 915 1359 942 Beli
1382 913 1521 949 progenie!
1544 914 1568 940 si
1583 918 1671 940 tamen

888 962 974 989 Ninus
987 963 1103 997 regnavit
1118 962 1229 996 primus,
1250 965 1277 987 ut
1294 964 1414 987 autumat
1430 960 1593 993 superiorum
1607 967 1671 993 pra-

887 1009 996 1043 fanitas.
1017 1009 1146 1042 ferumque
1166 1007 1236 1042 apud
1259 1015 1301 1033 vos
1327 1006 1400 1032 ultra
1426 1006 1510 1041 stylus
1541 1013 1592 1031 non
1608 1013 1671 1039 pro-

886 1054 1011 1088 greditur.
1026 1054 1058 1081 Et
1069 1055 1196 1081 Albertus
1212 1054 1295 1081 abbas
1309 1052 1451 1080 Stadensis
1469 1052 1496 1078 in
1513 1051 1644 1078 Chronico
1659 1058 1670 1078 :

886 1099 906 1125 Α
921 1099 1006 1132 primo
1026 1104 1133 1133 parente
1158 1099 1293 1125 hominum
1315 1106 1396 1133 usque
1411 1097 1444 1124 ad
1467 1096 1568 1123 Ninum
1583 1096 1670 1123 nullo:

887 1149 959 1171 actus
980 1153 1066 1171 rerum
1077 1144 1241 1171 mundatium
1256 1143 1461 1179 Itistoriograp/ti
1472 1143 1582 1178 posteris
1597 1147 1670 1169 altu-

888 1191 983 1218 lerunt.
1000 1191 1113 1226 Ideoque
1129 1191 1160 1217 ab
1181 1192 1238 1224 ipso
1259 1196 1402 1224 creperum,
1417 1191 1479 1225 quia
1498 1191 1552 1224 ipse
1568 1190 1669 1223 primus

887 1237 974 1264 aliena
990 1237 1115 1263 invadens
1131 1237 1238 1263 minime
1252 1237 1306 1264 suis
1322 1237 1439 1263 terminis
1456 1241 1512 1262 crat
1522 1239 1668 1262 contentus.

888 1282 943 1309 llac
957 1284 1048 1318 itaque
1070 1283 1175 1310 ratione
1193 1282 1268 1310 ducti
1293 1290 1398 1313 omnes.
1415 1287 1440 1309 et
1459 1283 1516 1316 ipse
1535 1280 1670 1309 Eusebius

888 1336 902 1354 a
921 1328 989 1355 Nino
1005 1328 1121 1355 orditur.
1139 1327 1205 1355 Vide
1234 1327 1383 1360 Justinum,
1419 1326 1578 1360 Diodorum,
1601 1326 1670 1354 Oro-

888 1375 969 1404 sium.
979 1374 1174 1402 Gassiodorum
1188 1378 1214 1401 et
1228 1374 1305 1401 alios.

923 1421 982 1449 Col.
999 1420 1060 1451 703,
1077 1421 1124 1447 lin.
1139 1420 1183 1447 Η.
1207 1419 1360 1454 Σιινήγιιγε
1374 1418 1408 1445 δὲ
1424 1419 1561 1454 χρόνους.
1583 1417 1672 1446 Verba

889 1470 953 1494 sunt
969 1466 1078 1493 Eusebii
1098 1466 1125 1492 in
1146 1465 1279 1500 prooemio
1303 1466 1345 1492 sui
1360 1464 1485 1492 Chronici
1504 1465 1629 1497 canonis,
1645 1469 1673 1492 et

889 1520 904 1539 a
920 1512 999 1539 nobis
1025 1513 1150 1546 superius
1171 1511 1294 1538 recitata.
1324 1511 1363 1538 Ex
1388 1511 1486 1545 quibus
1510 1511 1601 1546 regnis
1617 1510 1672 1538 duo

887 1557 1046 1586 exciderunt
1061 1558 1088 1584 in
1105 1556 1226 1590 Conone,
1242 1556 1418 1584 Chaldaicum
1432 1561 1459 1583 et
1472 1557 1671 1585 Thessalicum.

889 1602 941 1631 Sed
955 1603 1143 1630 Chaldaeorum
1156 1611 1269 1638 regnum
1285 1603 1390 1630 salvum
1402 1603 1491 1630 adhuc
1503 1607 1627 1638 superest
1642 1604 1671 1630 in

888 1650 1011 1684 reliquiis
1025 1648 1127 1676 Graecis
1139 1649 1238 1683 prioris
1251 1649 1324 1681 libri,
1334 1648 1528 1676 Thessalorum
1545 1648 1672 1676 neutrubi

887 1700 987 1722 exstat.

924 1740 1003 1772 lbid.,
1023 1740 1071 1767 lin.
1093 1739 1136 1767 16.
1167 1740 1222 1767 Καὶ
1241 1740 1354 1767 τούτων
1376 1740 1446 1774 τοὺς
1472 1741 1609 1774 χρόνους.
1633 1740 1673 1768 ita

888 1792 953 1822 puto
974 1787 1165 1821 supplendum,
1191 1787 1246 1813 Καὶ
1259 1786 1361 1813 τούτων
1377 1789 1440 1818 τοὺς
1457 1787 1568 1822 χρόνους
1584 1788 1629 1814 ἐπὶ
1642 1788 1673 1814 τὸ

888 1833 954 1859 αὐτὸ
984 1832 1162 1869 συναθροίσας
1192 1833 1306 1859 ἑκάστου
1337 1832 1430 1864 ἔθνους
1458 1833 1511 1860 τῶν
1542 1833 1673 1868 βασιλέων

890 1879 1075 1912 συνεξελέξατο
1085 1879 1205 1914 χρόνους,
1220 1882 1266 1906 aut
1283 1878 1347 1914 quid
1364 1879 1462 1907 simile.

924 1925 1004 1956 lbid.,
1019 1925 1066 1952 lin.
1080 1925 1125 1952 20.
1141 1925 1222 1952 Κατὰ
1242 1925 1298 1960 γὰρ
1317 1924 1374 1959 τὴν
1387 1925 1557 1960 Σεμίραμιν.
1590 1925 1675 1953 Euse-

888 1971 951 1998 bius
967 1980 973 1997 :
989 1970 1061 2005 Πλὴν
1082 1970 1150 1997 ἀλλὰ
1173 1972 1220 1997 καὶ
1238 1970 1324 2002 οὕτως
1349 1970 1419 1998 κατὰ
1448 1971 1496 2006 μὲν
1512 1972 1627 2007 Ἴναχον,
1643 1972 1673 1998 ὃν

890 2015 997 2051 πρῶτον
1023 2015 1152 2050 ’Έλληνες
1180 2016 1296 2051 Ἀργους
1328 2014 1482 2051 βασιλεῦσαί
1510 2024 1590 2050 φασι,
1627 2017 1673 2043 τὸν

895 2062 1027 2098 Ἐϐραίων
1041 2061 1200 2098 προπάτορα
1216 2062 1323 2098 Ἰσραὴλ
1338 2062 1480 2097 γενόμενον
1496 2061 1584 2098 εὗρον,
1601 2063 1630 2097 ἐξ
1641 2059 1674 2089 οὗ

889 2106 920 2133 τὺ
927 2105 1114 2141 δωδεκάφυλον
1130 2106 1177 2133 τοῦ
1191 2107 1325 2133 Ἰουδαίων
1340 2107 1432 2139 ἔθνους
1446 2107 1496 2142 τῆς
1507 2107 1554 2133 τοῦ
1568 2107 1676 2143 Ἰσραὴλ

891 2152 1048 2187 ἐπωνυμίας
1062 2151 1162 2188 ἠξιώθη
1183 2153 1253 2180 κατὰ
1269 2153 1297 2179 δὲ
1309 2153 1458 2188 Σεμίραμιν
1477 2153 1522 2180 τὸν
1539 2153 1672 2188 Ἀϐραὰμ,

66 2196 343 2233 6ραίων,Αίγυπτίων,
353 2196 510 2231 Ἀθηναίων,
520 2196 659 2231 Ἀργείων,
675 2196 838 2227 Σικυωνίων,
856 2205 877 2233 D
891 2197 1024 2224 Χαλδαῐον
1043 2197 1090 2233 μὲν
1111 2197 1141 2224 τὸ
1157 2198 1244 2232 γένος,
1254 2197 1339 2229 ἄλλως
1355 2207 1386 2232 γε
1403 2199 1485 2234 ἄνδρα
1501 2198 1675 2233 θεοφιλῆ,καὶ

64 2242 285 2279 Λακεδαιμονίων,
315 2243 472 2280 Κορινθίων,
497 2242 649 2275 Θετταλῶν,
668 2242 838 2275 Μακεδόνων,

63 2289 186 2322 Λατίνων,
194 2287 234 2321 οἷς
243 2289 354 2324 ὕστερον
362 2290 471 2324 γέγονεν
478 2290 590 2326 ἐπίκλην
600 2290 685 2325 ὄνομα
696 2291 837 2325 Ῥωμαῖοι·

63 2333 125 2368 ὁμοῦ
133 2334 253 2368 γίνονται
270 2339 298 2361 ιε’
308 2344 314 2350 ·
330 2336 359 2361 ἐν
373 2335 401 2361 δὲ
417 2335 455 2370 τῷ
467 2336 590 2371 παρόντι,
601 2337 646 2362 ἐπὶ
662 2336 691 2362 τὺ
703 2336 768 2362 αὐτὸ
778 2336 840 2368 τοὺς

63 2378 168 2413 χρόνους
181 2379 352 2414 συναγαγὼν.
362 2381 408 2407 καὶ
421 2381 613 2416 ἀντιπαραθεὶς
627 2383 657 2408 ἐκ
669 2381 840 2416 παραλλήλου

63 2423 103 2448 τὸν
118 2426 180 2460 παρ’
190 2425 298 2460 ἑκάστῳ
323 2425 393 2452 ἔθνει
410 2425 463 2451 τῶν
483 2425 551 2451 ἐτῶν
568 2426 692 2461 ἀριθμὸν,
716 2426 840 2462 χρονικοῦ

63 2470 168 2502 κανόνος
184 2471 310 2504 σύνταξιν
328 2472 511 2507 ἐποιησάμην.
529 2471 567 2498 En
584 2472 664 2498 unius
674 2473 765 2506 operis
782 2479 837 2506 perv

64 2515 121 2542 fecti
138 2524 169 2543 ex
184 2518 245 2552 ipso
260 2522 372 2544 auctore
387 2518 441 2544 duo
456 2518 575 2544 membra
590 2518 730 2547 distincta.
746 2521 773 2544 et
785 2525 842 2544 am-

64 2561 154 2589 borum
171 2571 296 2598 scopum.
322 2567 403 2598 atque
420 2564 601 2598 propositum,
626 2564 727 2598 quibus
742 2563 843 2597 optime

63 2607 138 2636 nobis
147 2610 211 2643 quis
226 2610 262 2636 sit
275 2609 407 2645 Χρονικὺς
421 2609 509 2636 κανών
525 2609 683 2637 innotescit.

94 2653 150 2682 Col.
170 2654 233 2686 708,
255 2655 302 2682 lin.
322 2656 364 2683 10.
388 2657 435 2682 Ἐκ
457 2655 656 2690 παραλλήλου
683 2654 841 2689 ἀντιπαρέ-

62 2698 137 2731 omne.
167 2700 274 2735 Optime
291 2706 383 2729 uoster
406 2701 567 2729 Eustathius
593 2701 685 2729 verbis
713 2702 800 2731 hisce.
827 2709 843 2728 a

61 2750 176 2774 quonam
188 2746 230 2773 vel
243 2747 315 2774 unde
328 2747 370 2774 sui
385 2747 514 2774 Cbronici
530 2748 643 2774 canonis
658 2747 763 2774 initium
784 2747 843 2774 fue-

62 2790 94 2815 rit
109 2792 268 2826 auspicatus
285 2793 407 2827 erponit.
424 2792 552 2820 videlicet
575 2794 606 2819 ὲκ
627 2793 677 2827 τῆς
691 2794 842 2828 ἀντιπαραρ

63 2834 169 2868 θέσεως·
187 2838 273 2864 series
289 2838 360 2863 etiim
385 2841 549 2871 temporum,
571 2838 677 2865 ratione
695 2845 840 2870 annorum,

222 2884 353 2922 PsTnoL,
375 2883 431 2914 Gn.
453 2883 567 2914 XVIII.

890 2243 997 2280 πρῶτον
1011 2244 1064 2270 τῶν
1087 2245 1151 2279 παρ’
1171 2244 1306 2279 Ἑϐραίοις
1327 2243 1471 2279 προφητῶν
1496 2243 1563 2271 εῖναι
1591 2253 1674 2271 πεπι-

892 2289 1046 2324 στευμένον.
1064 2288 1096 2314 Et
1107 2287 1225 2315 Joannes
1237 2288 1423 2316 Antioclienus
1435 2289 1462 2315 in
1471 2288 1653 2322 Archwologia
1663 2296 1682 2316 ἴ

891 2335 953 2361 Ὅτι
978 2334 1049 2360 κατὰ
1064 2335 1127 2366 τοὺς
1146 2333 1272 2370 Ἀϐραὰμ.
1292 2335 1401 2370 χρόνους
1423 2335 1513 2367 Νίνος,
1535 2335 1581 2362 καὶ
1593 2334 1675 2370 Σεμί-

892 2389 975 2416 ραμις
990 2379 1154 2407 ἐϐασίλευον.

927 2424 1006 2457 lbid.,
1021 2426 1068 2453 lin.
1080 2425 1124 2452 23.
1151 2425 1281 2460 Μωϋσῆς
1296 2425 1330 2451 δὲ
1346 2425 1421 2453 κατὰ
1436 2427 1581 2460 Κέκροπα.
1593 2427 1677 2455 Euse-

891 2472 972 2499 bius:
990 2471 1097 2498 Τούτων
1113 2471 1167 2507 γὰρ
1188 2473 1314 2499 ἁπάντων
1333 2472 1383 2507 τὴν
1401 2473 1519 2509 ἱστορίαν
1541 2473 1677 2509 νεωτέραν

891 2518 941 2552 τῆς
959 2518 1101 2553 Κέκροπος
1129 2518 1237 2552 ἡλικίας
1260 2518 1352 2550 παῖδες
1376 2519 1509 2555 Ἐλλήνων
1523 2519 1678 2557 παραδεδώ-

891 2571 965 2589 κασι.
981 2564 1100 2590 Μωῡσέα
1119 2563 1147 2589 δὲ
1165 2565 1181 2598 ὴ
1206 2563 1330 2599 παροῦσα
1352 2564 1474 2598 ἐξέτασις
1494 2565 1548 2594 τῶν
1574 2566 1679 2604 χρόνων

892 2609 1017 2643 γενέσθαι
1036 2609 1107 2636 κατὰ
1123 2611 1254 2647 Κέκροπα
1276 2611 1320 2638 τὸν
1334 2611 1426 2647 διφυῆ,
1443 2612 1473 2639 ὃν
1490 2613 1597 2648 πρῶτόν
1612 2622 1680 2648 φασι

891 2655 941 2690 τῆς
954 2655 1078 2690 Ἀττικῆς
1103 2656 1269 2691 βασιλεῦσαι,
1289 2657 1428 2692 συνίστησι
1455 2657 1508 2693 πρὸ
1524 2657 1577 2684 τῶν
1600 2659 1680 2686 Ἰλια-

892 2701 947 2727 κῶν
963 2700 1034 2735 ἀμφὶ
1065 2704 1103 2728 τν¹
1130 2701 1187 2736 ἔτη.
1216 2701 1256 2728 Ex
1283 2703 1382 2737 quibus
1406 2703 1555 2737 supplenda
1581 2703 1680 2731 lacuna

893 2748 921 2774 in
943 2751 1038 2774 nostro
1060 2747 1202 2774 Eustathio
1221 2757 1227 2774 :
1244 2748 1292 2775 ⁸ον
1320 2748 1372 2784 πρὸ
1388 2748 1441 2774 τῶν
1463 2749 1584 2775 Ἰλιακων
1607 2749 1682 2776 ἔτεσι

892 2793 1056 2829 τριακοσίοις
1084 2794 1253 2828 πεντήκοντα
1283 2793 1492 2829 παραδεδώκασι
1524 2794 1682 2829 βασιλεῦσαι

893 2839 1001 2874 πρῶτον
1017 2838 1066 2874 τῆς
1081 2839 1205 2871 Ἀττικῆς
1225 2839 1358 2874 Ἐλλήνων
1379 2839 1482 2871 παῖδες.
1510 2841 1565 2868 lmo
1581 2845 1682 2868 utrum.

1500 2888 1540 2918 26
