1903 3068
231 123 277 150 8H
900 122 1024 150 LEONIS
1039 122 1176 150 ALLATII

1809 119 1857 149 εη

230 189 284 220 que
304 184 473 219 corrigamus
487 193 493 210 ι
523 184 623 211 misere
643 184 716 211 enim
742 185 770 211 in
786 183 915 215 Eusebio,
931 192 946 211 a
959 192 1013 219 quo
1027 187 1049 216 Α
1066 185 1172 219 placent
1186 193 1192 217 ;
1210 184 1275 219 quid
1301 183 1423 211 mirum?
1437 182 1576 218 displicuit
1597 186 1676 209 antea
1699 185 1727 208 et
1753 181 1859 209 divino-

230 235 334 262 noster,
352 238 406 257 non
420 235 524 260 tantum
539 231 567 258 in
581 231 673 263 editis,
699 231 746 258 sed
767 231 794 257 in
809 231 938 258 omnibus
959 231 1015 259 fere

230 276 422 311 manuscriptis
437 276 555 311 positum
568 279 610 304 est
625 281 661 303 w
671 284 746 308 cccc,
758 284 807 312 pro
817 285 952 310 cccuxv;
967 278 1014 305 sed

228 324 371 359 castigatio
384 323 440 351 haec
456 324 522 351 inita
544 325 737 359 supputatione
757 325 890 351 firmatur.
907 324 972 351 Nam
990 325 1014 352 si

229 376 302 396 anno
322 376 421 396 CCCCLX
447 369 481 396 ab
495 368 632 397 Abraham
652 370 678 396 in
703 377 782 404 quem
809 370 903 396 incidit
927 377 1014 397 annus

229 421 300 440 xxxv
327 413 437 449 Moysis,
464 417 491 441 et
523 414 628 448 primus
655 414 797 449 Cecropis,
824 415 1014 449 aggregaveris

227 466 356 491 ccctxxv,
377 459 498 494 reperies
511 466 598 487 annos
621 467 769 490 noscxxxv,
787 467 842 494 quo
865 458 1013 494 Troianum

227 505 343 540 contigit
355 504 503 537 excidium,
518 509 544 532 et
562 505 605 532 hic
619 514 679 540 qua:
692 505 790 533 scribit
803 504 939 533 Eusebius
955 506 1013 540 ipse

225 551 300 578 circa
317 558 419 578 annum
439 551 473 578 ab
487 551 624 578 Abraham
643 558 791 578 ncccxxxv.
808 551 887 584 Quod
903 557 930 578 ut
948 551 1012 578 faci-

226 596 280 623 lius
303 596 412 624 credam
433 597 497 624 facit
513 597 634 624 Africani
660 598 810 624 auctoritas
829 597 856 624 in
871 597 1011 631 Chronico,

225 643 271 670 ubi
287 643 325 669 ait
339 653 346 671 :
372 644 438 670 Ἀπὸ
453 643 596 678 Κέκροπος
616 645 662 670 ἐπὶ
678 644 728 679 τὴν
745 643 822 670 Ἰλίου
837 643 937 670 ἅλωσιν
952 652 1013 670 συν-

225 689 336 723 άγονται
355 689 445 725 μικρῷ
460 690 555 716 δέοντα
575 689 620 724 ἔτη
638 692 671 716 υ¹.

260 736 318 763 Col.
335 735 396 767 708,
406 736 453 763 lin.
469 735 513 763 Ἃ.
523 735 570 768 Ὠς
580 733 655 762 εἶναι
668 734 728 761 τῶν
744 735 811 768 παρ’
822 736 961 768 Ἕλλησι.
974 734 1011 761 Ex

225 780 359 809 Eusebio:
372 781 491 807 Μωῡσὲα
506 781 544 813 δὲ,
561 780 713 816 φιλαλήθως
733 782 829 812 εἰπεῖν,
841 781 943 807 τούτων
962 780 1012 816 μὲν

224 827 365 863 νεώτερον,
381 826 437 853 τῶν
459 826 486 853 δὲ
507 827 571 862 παρ’
591 826 718 861 Ἕλλησιν
744 826 1011 862 ἀρχαιολογουμένων

224 874 418 910 πρεσϐύτατον,
433 873 551 908 Ὀμήρου
566 872 647 906 λέγω,
656 873 703 899 καὶ
716 873 850 903 Ἰἰσιόδου,
863 873 909 899 καὶ
921 872 1010 898 αὐτῶν
1028 863 1048 890 Β

223 920 277 947 τῶν
299 920 446 956 Τρωῖκῶν,
471 918 518 946 καὶ
546 918 585 945 ἔτι
614 919 802 954 Διοσκούρων,
829 919 1008 954 Ἀσκληπιοῦ,

222 965 359 997 Διονύσου,
369 965 466 1001 ἡρώων
479 973 509 991 τε
523 965 641 996 πάντων,
650 965 750 1001 Ἐρμοῦ
770 973 800 991 τε
813 965 859 991 καὶ
878 964 1010 991 Ἀπόλλω-

222 1020 276 1043 νος,
296 1011 350 1038 τῶν
370 1020 399 1037 τε
419 1010 521 1037 λοιπῶν
544 1012 607 1046 παρ’
621 1010 732 1046 Ἕλλησι
750 1011 829 1041 θεῶν,
854 1010 1010 1046 μυστηρίων

220 1064 261 1089 τε,
280 1058 327 1085 καὶ
349 1058 474 1090 τελετῶν,
487 1058 546 1088 Διός
567 1066 597 1083 τε
619 1057 700 1083 αὑτοῦ
726 1055 851 1092 πράξεων
870 1057 924 1083 τῶν
946 1057 1009 1092 παρ’

221 1103 333 1140 Ἕλλησι
346 1104 608 1140 ’μνημὸνευομένων.
633 1103 665 1130 Et
685 1103 817 1131 inferius:
834 1104 940 1130 Γίνεται
956 1103 1010 1139 γὰρ

222 1150 292 1186 μετὰ
307 1151 436 1186 Κέκροπα
449 1151 463 1177 ό
477 1151 547 1177 κατὰ
560 1151 731 1176 Δευκαλίωνα
746 1148 948 1185 κατακλυσμὸς,
962 1150 1010 1175 καὶ

220 1197 238 1232 ἠ
253 1196 299 1223 ἐπὶ
313 1197 459 1228 Φαέθοντος
471 1196 635 1232 ἐκπύρωσις,
653 1196 818 1231 Ἐριχθονίου
840 1204 870 1222 τε
893 1196 1008 1229 γένεσις,

220 1243 268 1269 καὶ
282 1244 298 1278 ὴ
315 1243 366 1269 ὑπο
379 1243 515 1279 Δαρδάνου
532 1243 581 1277 τῆς
603 1241 751 1278 Δαρδανίας
772 1241 870 1273 κτίσις,
888 1241 917 1267 ὃν
940 1242 1009 1277 πρῶ-

219 1296 266 1316 τον
285 1289 367 1323 φησὶν
380 1289 514 1324 Ὅμηρος,

256 1353 264 1360 .
305 1352 311 1360 .
351 1353 358 1359 .
398 1354 405 1360 .
446 1333 546 1360 Τέχετο
561 1331 777 1367 νεφεληγερέτα
788 1333 877 1365 Ζεύς*

220 1374 311 1414 itqu
323 1387 352 1405 τε
366 1379 486 1414 ἁρπαγὴ,
501 1379 547 1405 καὶ
569 1379 710 1414 Δήμητρος
726 1379 872 1414 μυστήρια,
889 1382 940 1406 etc.
956 1378 1008 1411 Qui

219 1425 297 1453 locus
312 1424 421 1453 Eusebii
440 1433 473 1454 ex
491 1427 542 1453 hoe
568 1430 663 1453 nostro
679 1425 822 1452 Eustathio
844 1425 1009 1460 Hieronymo

219 1472 290 1499 duce
311 1472 478 1507 supplendus
509 1476 569 1504 est,
598 1471 761 1507 Ἐριχθονίου
795 1480 824 1497 τε
844 1471 949 1505 γένεσις
980 1471 1009 1504 ἐξ

225 1517 370 1552 Ἡφαίστου
397 1518 443 1545 καὶ
466 1518 536 1553 Γῆς,
553 1525 615 1553 quae
635 1517 826 1545 desiderantur
850 1519 877 1545 in
901 1517 1006 1546 Grieco.

220 1562 291 1590 Idem
308 1562 440 1591 Eusebius
455 1563 482 1590 in
498 1563 549 1591 hoc
563 1563 658 1591 eodem
671 1562 802 1591 Chronico
815 1568 890 1598 parte
900 1565 1004 1599 prima:

218 1609 296 1636 Πᾶσα
320 1610 384 1645 παρ’
405 1609 517 1645 Ἕλλησι
542 1609 737 1645 θαυμαζομένη
763 1609 861 1645 πρᾶξις
880 1611 933 1636 ἀπὸ
954 1610 1007 1637 τῶν

224 1654 326 1689 Ἰνάχου
352 1655 472 1689 χρόνων,
495 1655 541 1681 καὶ
562 1655 708 1690 Φορωνέως
730 1656 769 1686 εἰς
789 1655 834 1681 τὸν
861 1655 1007 1690 μετέπειτα

218 1700 339 1735 φέρεται.
361 1700 406 1726 Διὸ
419 1701 465 1727 καὶ
484 1700 594 1727 Πλάτων
611 1701 639 1726 ἐν
655 1701 759 1735 Τιμαίῳ
778 1700 816 1735 τῷ
830 1700 944 1736 διαλόγῳ
960 1701 1006 1728 τοῦ

217 1744 361 1780 Φορωνέως
383 1746 565 1781 ἐπιμέμνηται
586 1746 699 1781 χρόνων,
721 1746 758 1777 ὡς
782 1746 852 1772 πάνυ
874 1747 1006 1779 παλαιῶν,

218 1791 265 1818 καὶ
277 1791 387 1826 Νιόϐης,
400 1791 446 1818 καὶ
460 1790 507 1817 τοῦ
523 1791 582 1817 κατ’
601 1791 713 1825 Ὠγύγου
732 1792 909 1827 ἀρχαιοτάτου
923 1801 1007 1819 κατα-

218 1837 348 1872 κλυσμοῦ,
361 1838 397 1869 ὡς
413 1837 532 1871 λέγεται.

252 1883 333 1915 lbid.,
342 1884 388 1911 lin.
397 1883 442 1910 25.
451 1884 575 1918 Ὀμήρου
588 1885 684 1918 λέγων
694 1885 742 1910 καὶ
757 1885 903 1912 Ἡσιόδου.
915 1885 952 1913 De
965 1886 1006 1913 his

217 1932 244 1956 et
264 1929 326 1957 aliis
345 1929 504 1956 auctoribus
523 1930 557 1956 ab
580 1929 722 1957 Eustathio
738 1932 958 1959 commemoratis
978 1932 1007 1958 in

219 1979 312 2002 nostra
339 1975 372 2002 de
396 1975 575 2010 scriptoribus
599 1976 722 2010 profanis
747 1976 910 2003 Bibliotheca
929 1978 1005 2012 plura

218 2019 351 2047 dicemus.
365 2019 423 2046 Non
440 2021 512 2047 enim
533 2020 641 2047 videtur
656 2022 797 2056 praesentis
813 2022 912 2056 negotii
929 2023 1005 2056 plura

219 2063 252 2091 de
265 2064 318 2092 illis
335 2064 447 2096 referre,
464 2065 692 2100 quemadmodum
709 2070 736 2093 et
751 2066 786 2094 de
799 2067 860 2094 aliis
876 2067 1006 2094 fabulosis

218 2117 335 2145 quorum
360 2110 404 2137 hic
427 2110 455 2137 lit
479 2111 590 2138 mentio.
605 2110 676 2146 Lege
697 2113 719 2139 si
744 2112 831 2147 placet
861 2113 1007 2148 Apollodo-

218 2164 289 2190 rum,
307 2157 486 2190 Phornutum,
509 2157 670 2190 Palcfatum,
688 2158 822 2194 Hyginum
838 2163 1006 2194 caeterosque

1066 238 1126 257 rum
1149 231 1285 257 hominum
1311 237 1372 257 acre
1398 229 1622 264 inculpatumque
1649 227 1812 262 judicium;
1835 233 1858 255 et

1065 277 1147 312 quod,
1166 277 1267 303 utinam
1284 277 1356 303 bono
1371 283 1422 303 suo
1440 275 1537 302 falsum
1548 275 1599 302 sit!
1615 282 1688 302 vera:
1703 273 1858 301 catholica:-

1065 331 1117 358 que
1140 323 1281 354 veritatis;
1299 321 1345 349 sed
1373 322 1405 349 ad
1427 322 1486 356 ejus
1502 321 1572 349 sicut
1596 325 1622 348 et
1644 325 1811 348 caeterorum
1833 321 1857 347 in

1065 370 1211 396 Homerum
1225 374 1340 396 conatus
1360 373 1387 395 et
1406 369 1535 395 rationes.
1553 368 1579 394 in
1602 367 1720 394 Homero
1737 369 1832 394 nostro
1843 374 1856 393 ι

1064 416 1209 443 calumniis
1223 415 1373 447 vindicato,
1388 419 1417 440 ut
1433 414 1534 441 veritas
1555 421 1646 441 causa;
1671 413 1800 448 exposcit
1816 420 1855 439 re-

1064 461 1238 497 spondemus.
1256 461 1292 488 De
1312 460 1421 487 Homeri
1444 465 1471 487 et
1486 459 1595 487 Hesiodi
1611 459 1786 494 temporibus
1802 459 1855 486 haec

1063 507 1144 534 habet
1162 506 1281 534 Joannes
1304 505 1501 537 Antiochenus,
1519 505 1545 532 iu
1560 505 1746 540 Archwologia
1765 512 1776 532 :
1790 505 1854 532 Φασί

1063 561 1134 584 τινες
1149 552 1222 587 ’Όμη
1228 561 1272 586 ρον
1291 552 1337 578 καὶ
1354 551 1473 578 Ἡσίοδον
1483 551 1564 577 Δαϐὶδ
1576 551 1751 586 συνακμάσαι
1764 571 1772 581 ,
1791 552 1814 577 οξ
1828 551 1853 576 δὲ

1062 599 1145 634 ὀλίγῳ
1166 599 1308 634 πρότερον,
1327 599 1389 624 οίδὲ
1407 598 1475 633 μετὰ
1494 598 1578 624 ταῦτα
1597 597 1733 632 γενέσθαι.

1098 645 1177 677 lbid.,
1196 645 1244 672 lin.
1266 645 1310 671 ‘27.
1327 645 1390 671 Ἔτι
1409 652 1441 670 τε
1457 644 1611 677 Χείρωνος.
1628 643 1766 678 Josephus
1789 643 1853 671 Sca-

1062 692 1129 727 liger
1141 690 1330 718 Animadvers.
1351 689 1378 717 in
1393 689 1503 717 Eusebii
1520 689 1690 721 Chronicum,
1709 691 1811 717 acriter
1826 690 1853 716 in

1062 737 1256 773 Hieronymum
1279 737 1426 768 invehitur,
1455 736 1603 770 multisque
1627 744 1689 762 eum
1717 736 1852 771 exagitat,

1062 784 1132 819 quod
1149 784 1233 810 multa
1254 784 1280 810 in
1296 783 1341 809 illa
1360 782 1583 816 interpretatione
1608 782 1766 808 necessaria
1786 782 1854 807 omi-

1061 830 1138 862 serit,
1164 831 1241 865 plura
1262 829 1296 856 de
1319 836 1370 856 suo
1387 828 1531 861 addiderit,
1547 828 1574 855 in
1592 829 1686 855 multis
1699 829 1783 855 etiam
1799 835 1852 854 non

1061 877 1096 904 sit
1113 876 1223 904 Eusebii
1247 879 1364 903 mentem
1389 879 1533 902 assecutus
1551 884 1559 902 :
1580 873 1620 902 sic
1644 874 1728 901 etiam
1749 874 1802 900 hoc
1825 874 1851 900 in

1062 921 1121 948 loco
1144 920 1178 948 de
1201 919 1314 947 Chirone
1333 921 1369 947 ait
1386 927 1486 946 nomen
1515 919 1566 946 hoc
1593 919 1624 946 de
1649 927 1697 946 suo
1719 919 1852 946 addidisse

1061 968 1259 1001 Hieronymum,
1277 975 1356 998 neque
1369 975 1414 1001 per
1433 967 1522 993 omnia
1539 967 1656 993 auctoris
1680 967 1723 992 sui
1737 967 1852 1001 restigiir‘

1061 1014 1199 1040 institisse.
1215 1013 1295 1040 Aliud
1314 1018 1352 1040 est
1369 1012 1505 1040 infensum
1526 1021 1587 1040 esse
1603 1013 1706 1039 nomini
1724 1013 1849 1046 alicujus,

1061 1057 1135 1083 aliud
1146 1057 1286 1084 veritatem
1299 1065 1359 1091 quze
1375 1058 1402 1083 in
1420 1057 1528 1092 scriptis
1543 1062 1585 1084 est
1601 1057 1748 1092 indagare;
1768 1058 1850 1084 multa

1061 1111 1177 1138 namque
1206 1104 1274 1131 forte
1299 1104 1325 1131 in
1344 1104 1437 1132 codice
1454 1112 1534 1138 quem
1559 1103 1744 1139 Hieronymus
1767 1104 1853 1131 inter-

1061 1150 1220 1185 pretabatur
1245 1150 1324 1177 aliter
1346 1150 1397 1185 legi
1424 1154 1559 1185 poterant,
1581 1158 1641 1185 quae
1664 1151 1723 1184 ipse
1747 1150 1851 1178 Latinis

1060 1196 1143 1227 dedit,
1170 1195 1222 1223 etsi
1245 1195 1325 1222 modo
1341 1195 1368 1222 in
1393 1199 1468 1222 textu
1489 1203 1569 1231 quem
1588 1203 1643 1230 prae
1659 1195 1786 1223 manibus
1802 1196 1852 1222 ba-

1060 1242 1156 1270 bemus
1179 1241 1221 1268 vel
1244 1249 1383 1276 superare,
1399 1241 1440 1268 vel
1454 1241 1569 1268 deiicere
1583 1245 1752 1274 cernuntur;
1770 1241 1852 1276 idque

1060 1296 1091 1315 ex
1115 1288 1165 1315 hoc
1193 1288 1303 1315 nomine
1325 1287 1454 1315 Chironis
1473 1291 1557 1322 patet,
1578 1287 1650 1322 quod
1676 1287 1698 1314 si
1724 1287 1750 1313 in
1775 1292 1850 1314 textu

1060 1333 1213 1361 Eusebiano
1230 1342 1282 1360 non
1298 1333 1404 1364 fuisset,
1419 1341 1559 1369 nunquam
1576 1333 1735 1361 Eustathius
1751 1334 1778 1360 in
1793 1334 1851 1361 suis

1060 1380 1170 1414 scriptis
1190 1380 1337 1407 retulisset.
1360 1379 1405 1406 Sic
1429 1379 1545 1406 dicimus
1566 1383 1593 1407 et
1611 1380 1639 1407 in
1664 1380 1736 1407 aliis.
1765 1381 1800 1407 At
1822 1379 1849 1406 in

1061 1427 1152 1454 multis
1169 1427 1270 1453 erravit
1287 1426 1477 1462 Hieronymus,
1500 1434 1551 1453 nec
1576 1426 1665 1454 ﬁdelis
1691 1427 1852 1460 interpretis

1061 1479 1182 1504 munere,
1199 1472 1236 1498 uti
1253 1479 1302 1506 par
1316 1476 1385 1504 erat,
1403 1472 1512 1499 functus
1535 1475 1587 1499 est.
1611 1471 1704 1498 Dicam
1729 1471 1852 1506 Scaliger

1060 1517 1131 1551 quod
1162 1517 1260 1544 sentio.
1286 1517 1381 1543 Errata
1410 1517 1680 1551 praeclarissimorum
1709 1517 1850 1543 hominum

1060 1567 1210 1598 stuporem,
1229 1570 1282 1590 non
1299 1567 1483 1597 contemptum
1495 1567 1667 1589 commovent
1680 1571 1687 1593 ;
1702 1563 1743 1590 sic
1760 1563 1787 1589 in
1807 1570 1852 1589 ro-

1058 1608 1139 1635 busto
1153 1609 1262 1636 homine
1278 1609 1387 1644 gravior
1401 1608 1524 1640 morbus,
1539 1612 1566 1635 et
1581 1616 1653 1635 mors
1666 1609 1779 1643 inopina
1795 1617 1851 1636 mc-

1058 1657 1115 1680 tum
1131 1655 1238 1685 incutit,
1256 1654 1381 1681 humana:
1400 1654 1555 1689 fragilitatis
1578 1662 1634 1682 non
1651 1656 1744 1683 minus
1760 1656 1850 1682 valen-

1057 1704 1108 1732 tes,
1124 1700 1171 1727 sed
1187 1706 1213 1727 et
1226 1701 1433 1728 robustissimos
1447 1700 1575 1727 admonet
1589 1705 1616 1727 et
1633 1701 1774 1729 cautiores
1789 1702 1850 1728 red-

1057 1747 1105 1774 dit.
1118 1747 1169 1780 Qui
1189 1747 1318 1774 Catonem
1339 1747 1445 1774 ebrium
1468 1746 1609 1777 viderunt,
1637 1755 1691 1774 non
1718 1747 1850 1780 riserunt,

1058 1793 1105 1820 sed
1125 1793 1302 1820 erubuerunt.
1330 1791 1446 1827 Ideoque
1468 1793 1570 1828 optimc
1593 1792 1709 1824 dictum,
1734 1801 1791 1821 non
1816 1794 1850 1821 ab

1056 1839 1110 1866 illis
1123 1837 1263 1871 Catonem,
1280 1838 1328 1865 sed
1345 1839 1406 1866 illos
1421 1846 1435 1865 ιι
1453 1837 1556 1866 Catone
1576 1838 1774 1873 deprehensos.
1793 1839 1847 1867 Nec

1057 1886 1147 1912 minas
1167 1892 1243 1919 atque
1266 1883 1369 1911 Seneca
1391 1884 1438 1910 lib.
1466 1884 1504 1911 De
1532 1884 1725 1919 tranquillitate
1752 1886 1845 1915 animi,

1057 1937 1116 1965 cap.
1135 1929 1292 1958 15:6atom‘
1303 1930 1416 1957 ebrietas
1432 1929 1532 1963 obiecta
1547 1935 1593 1958 est.
1611 1931 1644 1956 At
1661 1930 1770 1964 facilius
1787 1931 1847 1965 efﬁ-

1057 1977 1105 2004 ciet
1122 1977 1239 2011 quisquis
1259 1976 1381 2010 objecerit
1410 1976 1459 2002 hoc
1482 1971 1580 2003 crimen
1606 1976 1754 2008 honestum,
1770 1985 1850 2011 quam

1058 2027 1157 2056 turpem
1177 2022 1313 2048 Catonem.
1329 2021 1513 2048 Humanitatis
1535 2026 1576 2049 est
1594 2021 1733 2047 hominem
1752 2021 1788 2048 de
1806 2029 1850 2048 re.

1058 2068 1176 2103 publica,
1191 2068 1225 2095 de
1243 2068 1350 2098 litteris,
1371 2067 1404 2094 de
1425 2067 1558 2099 historia,
1575 2067 1608 2094 de
1632 2067 1761 2094 omnibus
1781 2067 1850 2094 bene

1057 2113 1194 2145 meritum,
1211 2115 1238 2141 et
1260 2114 1396 2148 praecipue
1417 2113 1620 2149 Hieronymum,
1637 2112 1660 2140 si
1675 2112 1789 2147 quando
1802 2113 1850 2139 de~

1059 2160 1124 2191 ficit,
1141 2160 1275 2187 venerari.
1298 2158 1352 2186 Sed
1375 2159 1530 2186 machinam
1555 2159 1686 2194 aperiam.
1703 2158 1847 2186 Existimat

218 2202 372 2230 fabularum
399 2204 556 2239 scriptores.
573 2203 638 2231 .Non
661 2206 763 2240 patitur
788 2210 876 2232 tamen
897 2205 1005 2233 Homeri
1023 2210 1044 2238 ι)
1059 2204 1189 2240 Scaliger,
1209 2209 1240 2231 ut
1259 2209 1286 2232 et
1307 2205 1354 2232 alii
1370 2205 1459 2236 multi,
1478 2205 1501 2232 si
1520 2205 1763 2239 interpretationes
1787 2205 1849 2233 [lie-

217 2249 335 2284 dignitas
355 2250 392 2276 ita
406 2250 478 2277 sicce
495 2250 645 2284 prccteriri;
663 2258 748 2285 quare
762 2259 822 2285 qua:
837 2251 870 2278 de
883 2258 915 2278 eo
935 2251 1005 2278 scri—

218 2297 270 2330 ptis
289 2295 402 2322 tradidit
418 2295 538 2323 Velleius
555 2295 599 2322 hic
612 2296 793 2323 transcriham
805 2291 1006 2323 :Clarissimum

217 2341 309 2368 deinde
329 2341 438 2368 Homeri
456 2341 545 2368 illuxit
571 2341 705 2376 ingenitam
717 2342 773 2368 sine
784 2341 902 2376 exemplo
920 2342 1006 2368 maxi-

217 2395 288 2413 mum
304 2395 313 2414 :
328 2388 372 2422 qui
399 2387 578 2422 niaguitudine
593 2395 699 2421 operum
709 2407 716 2419 ,
740 2391 766 2413 et
788 2387 892 2421 fulgore
908 2387 1006 2414 carmi-

216 2433 366 2460 rmmrsalus
380 2433 507 2467 appellari
520 2438 597 2467 pacta
619 2435 725 2460 meruit.
744 2432 778 2459 In
793 2441 843 2468 quo
859 2433 907 2459 huc
923 2434 1006 2460 maxi-

217 2488 288 2506 mum
302 2484 351 2511 est,
367 2479 435 2515 quod
450 2487 530 2514 neque
552 2484 612 2506 ante
625 2479 713 2510 illum,
731 2487 805 2514 quem
828 2479 872 2505 ille
886 2480 1002 2505 imitare-

217 2529 270 2557 tur,
286 2533 366 2560 neque
386 2530 445 2558 post
462 2525 550 2556 illum,
567 2525 612 2559 qui
624 2523 685 2552 'eum
698 2525 798 2551 imitari
813 2525 894 2558 possit
915 2525 1004 2551 inven-

217 2574 258 2597 tus
273 2575 330 2598 est:
346 2578 425 2605 neque
435 2578 590 2606 quamquam
606 2570 700 2603 alium,
717 2570 792 2604 cujus
806 2570 890 2604 operis
904 2571 1003 2604 primus

217 2620 310 2642 auctor
333 2615 422 2649 fuerit,
444 2615 472 2642 in
489 2623 519 2642 eo
538 2615 768 2649 perfectissimum,
792 2621 887 2648 prauer
907 2612 1004 2642 Home-

216 2668 275 2687 rum
291 2666 316 2688 ει
331 2661 515 2689 Archilochum
535 2661 700 2694 reperiemus.
718 2660 769 2687 llic
786 2662 887 2696 longius
907 2670 923 2688 a
940 2667 1006 2688 tent-

215 2707 320 2739 puribus
337 2707 398 2734 belli
419 2707 489 2742 quod
509 2708 664 2741 composuit,
691 2706 789 2738 Troici,
802 2715 881 2741 quant
897 2707 1004 2741 quidam

215 2757 316 2783 remur,
333 2752 438 2787 abfuit;
458 2762 519 2780 nam
543 2753 632 2788 ferme,
652 2757 706 2781 etc.
724 2752 762 2781 De
785 2753 845 2788 ejus
867 2757 954 2786 aetate,
978 2756 1004 2781 et

216 2797 358 2824 excellenti
377 2802 474 2825 natura
488 2798 635 2832 divinaque
648 2818 656 2830 ,
673 2799 734 2826 vide
756 2797 826 2826 Justi
846 2797 930 2833 Lipsii
945 2798 1004 2825 ani-

218 2840 420 2869 madversiones
445 2842 555 2870 ibidem.
583 2842 644 2870 Haec
672 2841 744 2870 Julio
774 2843 913 2878 Scaligero
929 2850 1001 2870 'non

1057 2251 1163 2286 ronymi
1189 2251 1351 2286 exagitando
1372 2250 1508 2281 refellant,
1531 2250 1604 2277 illius
1626 2250 1677 2277 viri
1698 2252 1848 2278 auctorita-

1057 2301 1110 2324 tem
1127 2297 1259 2327 minuere,
1277 2301 1302 2324 et
1321 2297 1347 2323 in
1365 2295 1424 2330 ejus
1440 2296 1612 2323 versionibus
1635 2296 1715 2323 fidem
1740 2296 1847 2324 deside-

1057 2349 1138 2368 rare:
1155 2349 1239 2376 quare
1251 2345 1342 2375 postea
1367 2340 1531 2368 concludant
1550 2345 1577 2369 et
1599 2341 1738 2376 vulgatam
1764 2349 1849 2369 sacra:

1057 2386 1205 2422 Scriptura;
1230 2387 1375 2414 editionem
1400 2395 1454 2414 non
1474 2395 1535 2414 esse
1571 2387 1644 2414 illius
1666 2387 1798 2422 ponderis
1822 2392 1848 2414 et

1056 2432 1213 2467 dignitatis,
1240 2435 1321 2466 prout
1347 2432 1419 2459 illam
1436 2432 1516 2459 habet
1539 2433 1674 2459 catholica
1705 2431 1846 2465 Ecclesia;

1055 2485 1140 2512 quare
1161 2486 1244 2505 novas
1264 2478 1316 2512 ipsi
1337 2478 1484 2504 moliantur
1503 2478 1755 2513 interpretationes,
1773 2486 1848 2505 vera-

1055 2531 1107 2559 que
1122 2523 1247 2559 dogmata
1263 2524 1320 2558 jam
1335 2523 1382 2550 diu
1400 2523 1559 2550 conﬁrmata
1575 2531 1605 2551 ea
1625 2524 1804 2556 conturbent,
1819 2529 1848 2551 ut

1055 2577 1123 2596 nova
1138 2577 1188 2596 sua
1203 2568 1417 2603 simplicioribus
1432 2570 1633 2596 communicent
1646 2578 1652 2596 :
1673 2570 1722 2596 sed
1736 2571 1847 2598 stabunt

1055 2614 1149 2647 quales
1177 2614 1270 2648 quales
1301 2618 1364 2641 sunt:
1394 2613 1550 2649 Hieronymi
1582 2615 1846 2650 interpretationes;

1056 2659 1183 2694 Scaligeri
1200 2660 1222 2686 si
1237 2667 1296 2694 quae
1310 2664 1374 2687 sunt
1395 2661 1520 2695 perbellaa
1532 2665 1558 2689 et
1572 2661 1726 2697 elegantes,
1738 2667 1767 2690 et
1782 2663 1847 2690 alio-

1055 2713 1114 2732 rum
1133 2705 1262 2732 similium
1279 2705 1387 2733 cadent.

1088 2750 1148 2778 Col.
1172 2751 1231 2784 709,
1254 2752 1302 2779 lin.
1323 2751 1348 2779 3.
1376 2750 1469 2785 Οὗτος
1484 2752 1597 2778 τοίνυν.
1623 2751 1756 2781 Justinus
1779 2753 1846 2779 Mar-

1054 2803 1096 2832 tyr
1124 2796 1312 2825 Cohortatione
1333 2798 1367 2824 ad
1386 2796 1491 2825 (ἲν-ωεοε
1507 2818 1515 2829 ,
1545 2797 1578 2824 dc
1601 2797 1699 2825 eodem
1727 2799 1844 2834 Moyse:

1055 2842 1146 2878 Τούτῳ
1169 2843 1274 2878 πρῶτον
1299 2844 1313 2869 ὸ
1340 2843 1414 2875 Θεὸς,
1440 2843 1486 2869 καὶ
1512 2842 1561 2878 τὴν
1585 2842 1688 2870 ἄνωθεν
1715 2844 1764 2872 ἐπὶ
1785 2842 1846 2874 τοὺς
