1903 3068
56 125 103 156 813

57 186 136 220 ἁγίους
147 182 240 218 ἄνδρας
260 181 332 208 Θείαν
351 180 398 207 καὶ
416 179 584 214 προφητικὴν
600 179 751 214 τηνικαῦτα
772 186 821 204 κα·
835 179 858 206 Α

55 232 149 259 τιοῦσαν
163 230 310 264 παρέσχετο
327 227 440 263 δωρεὰν,
456 228 502 254 καὶ
527 226 633 262 πρῶτον
653 225 704 260 τῆς
730 224 820 251 Θεσσε-

56 279 119 309 6είας
129 277 201 313 ἡμῶν
214 274 369 302 διδάσκαλον
383 273 508 308 γενέσθαι
526 272 730 308 παρεσκεύασεν
742 280 747 286 ·
763 269 821 298 εἶτα

57 324 104 358 μετ’
118 320 193 348 αὐτον
204 320 266 351 τοὺς
279 319 387 350 λοιποὺς
406 320 554 354 προφήτας.
575 318 636 349 τοὺς
659 317 705 343 καὶ
724 316 821 348 αὐτοὺς

55 369 95 403 τῆς
106 366 181 400 αὐτῆς
196 364 270 399 αὐτῷ
285 364 413 399 τυχόντας
432 363 546 398 δωρεᾶς,
562 363 609 389 καὶ
623 362 657 388 τὰ
675 361 744 388 αὐτὰ
759 361 822 395 περὶ

54 409 99 436 τῶν
111 408 192 435 αὑτῶν
205 407 360 440 διδάξαντας
373 406 457 441 ἡμᾶς.
474 405 519 432 Sic
544 405 607 432 item
627 404 745 432 Basilius
765 403 822 429 Ma-

55 463 112 490 gnus
126 462 139 481 a
151 453 249 489 Moysis
270 453 424 480 laudatione
437 460 501 480 suas
513 453 541 479 in
557 451 736 479 Hexaemeron
748 449 823 482 ordi_

55 506 91 528 tur
104 500 311 535 explanationes.

81 547 132 575 Col.
145 546 201 578 709,
214 546 262 573 lin.
274 546 299 573 5.
313 546 372 580 Τὴν
381 546 435 581 γὰρ
445 546 504 573 τῶν
515 547 692 581 Αἰγυπτίων.
706 546 823 575 Basilius

53 593 132 620 homil.
156 592 168 618 1
196 592 221 618 in
250 590 377 617 Ileraem.
399 599 407 617 :
427 592 474 617 ’ον
497 592 701 625 εἰσεποιήσαντο
728 591 776 627 μὲν
806 593 822 627 ἡ

54 638 158 673 θυγάτηρ
177 637 222 663 τοῦ
242 636 355 671 Φαραὼ,
375 635 503 671 ἐξέθρεψε
520 636 547 662 δὲ
569 636 732 671 βασιλικῶς,
760 637 823 669 τοὺς

55 684 136 717 σοφοὺς
150 683 202 709 τῶν
224 683 380 717 Αἰγυπτίων
404 683 579 714 διδασκάλους
597 683 671 718 αὐτῷ
687 684 736 718 τῆς
761 692 823 710 παι-

53 731 152 761 δεύσεως
175 731 352 766 ἐπιστήσασα.
376 729 503 757 Pluribus
533 729 590 757 haec
616 731 709 757 eadem
738 730 786 757 lib.
813 737 822 756 1

53 777 136 804 Strom.
150 776 274 803 Clemens
300 776 511 808 Alexandrinus,
537 781 564 803 et
588 785 713 812 qutcnam
742 777 823 804 fuerit

52 822 220 858 Egyptiorum
245 821 383 854 doctrina,
404 822 522 851 laudatis
547 820 661 849 Philone
681 826 708 849 ct
728 822 818 858 Ευρο-

53 857 118 901 lenio,
137 868 261 903 explicat,
285 875 376 903 quem,
402 868 425 895 si
455 869 532 900 libet.
551 868 614 901 adi;
636 873 663 896 et
683 869 725 896 his
748 857 820 896 anti-
833 857 857 887 B

52 914 117 950 quior
137 913 260 942 Justinus
286 913 473 941 Cohortau‘one
495 914 528 941 ad
555 918 641 949 gentes
657 922 666 941 :
682 916 750 950 IIap‘
767 913 818 948 οἷς,

52 959 168 996 Egyptiis
182 960 298 992 scilicet,
315 960 364 986 οὐκ
386 959 481 996 ἐτέχθη
510 960 631 995 Μωῦσῆς
648 961 737 996 μόνον,
752 960 819 987 ἀλλὰ

51 1005 89 1031 καὶ
111 1004 195 1040 πάσης
226 1005 276 1041 τῆς
304 1005 459 1039 Αἰγυπτίων
484 1005 648 1037 παιδεύσεως
676 1007 820 1041 μετασχεῖν

51 1051 136 1087 ὴξιὼθη
159 1051 202 1078 διὰ
224 1051 256 1078 τὺ
278 1051 330 1077 ὑπὸ
350 1050 482 1087 θυγατρὸς
505 1051 634 1086 βασιλέως
661 1053 700 1083 εἰς
726 1051 819 1083 παιδὸς

51 1096 183 1131 ᾠκειῶσθαι
206 1096 309 1133 χώραν,
326 1097 373 1124 καὶ
397 1097 441 1124 διὰ
464 1097 512 1132 τὴν
535 1098 734 1134 προειρημένην
754 1097 821 1133 πρό-

52 1151 119 1176 φασιν
139 1143 233 1178 πολλῆς
254 1142 386 1178 ἠξιῶσθαι
412 1143 539 1178 σπουδῆς,
562 1144 599 1176 ὡς
625 1143 774 1179 ἱστοροῦσιν
795 1144 819 1170 οἱ

52 1189 180 1222 σοφώτατοι
192 1188 245 1216 τῶν
267 1189 491 1225 ἱστοριογράφων,
506 1191 530 1216 οἰ
549 1191 595 1216 καὶ
607 1189 652 1216 τὸν
669 1189 724 1225 βίον
737 1189 819 1216 αὐτοῦ

51 1234 142 1266 καὶτὰς
157 1235 281 1270 πράξεις,
297 1236 343 1262 καὶ
357 1235 387 1262 τὸ
402 1235 448 1262 τοῦ
464 1237 558 1270 γένους
577 1236 684 1272 ἀξίωμα
702 1236 821 1272 ἀναγρά-

51 1278 135 1313 ψασθαι
151 1280 336 1316 προελόμενοι,
349 1280 435 1306 Φίλων
458 1289 489 1306 τε
510 1282 556 1307 καὶ
575 1281 714 1316 Ἰώσηπος.
731 1281 822 1308 Philo-

51 1326 86 1353 nis
97 1326 165 1354 locus
177 1331 218 1354 est
235 1327 254 1354 l.
274 1335 282 1354 ι
298 1327 336 1353 De
349 1328 402 1354 vita
417 1327 528 1362 Moysis,
543 1335 603 1363 pag.
617 1328 670 1355 410
683 1337 690 1361 ;
710 1326 821 1362 Josephi

51 1370 65 1396 l.
79 1379 94 1397 ιι
108 1371 230 1400 ΑτεΙιωοί.
249 1372 373 1405 Judaic.,
387 1381 413 1402 c.
428 1374 444 1401 5
460 1384 466 1401 :
480 1378 507 1401 et
524 1374 592 1409 Aug.
609 1374 627 1401 l.
650 1382 717 1401 xvm
731 1374 770 1400 De
784 1375 822 1400 ci-

51 1418 87 1445 ιιίι.
103 1418 156 1450 Dei,
169 1426 193 1446 c.
208 1419 242 1447 57
259 1428 266 1447 :
287 1419 382 1447 Verum
394 1420 463 1455 quod
482 1420 617 1454 fatendum
633 1425 682 1452 est,
698 1429 747 1447 non
767 1421 823 1454 qui-

51 1463 137 1492 demin
153 1464 267 1499 Gracia,
289 1465 334 1493 sed
359 1466 385 1493 in
409 1466 530 1492 barbaris
555 1466 684 1501 gentibus,
702 1467 770 1493 sicut
794 1466 822 1492 in

51 1510 223 1547 (Egyptojam
232 1512 323 1546 fuerat
338 1517 398 1540 ante
413 1512 530 1548 Moysen:
546 1513 674 1540 nonnulla
688 1513 819 1545 doctrina,

51 1564 100 1590 qua:
113 1557 214 1585 illorum
232 1559 365 1592 sapientia
387 1558 662 1594 diceretur;alioquin
682 1568 734 1585 non
752 1559 820 1585 scri-

51 1607 112 1635 ptum
130 1608 195 1630 esset
210 1604 238 1631 in
252 1604 327 1631 libris
348 1605 447 1631 sanctis
463 1604 580 1639 Moysem
595 1605 728 1631 eruditum
741 1605 822 1639 fuisse

52 1651 111 1677 omni
128 1651 255 1685 sapientia
267 1651 464 1686 Egyptiarum,
481 1656 543 1677 tunc
562 1651 650 1686 utique
668 1651 771 1686 quando
786 1651 822 1677 ibi

51 1701 116 1723 natus
130 1702 176 1728 est,
190 1702 213 1724 et
229 1706 247 1724 α
269 1697 328 1731 ﬁlia
347 1696 497 1724 Pharaonis
515 1696 666 1730 adoptatus,
682 1702 758 1732 atque
777 1705 823 1724 nu-

52 1743 117 1769 tritus
126 1743 202 1770 etiam
216 1743 364 1770 liberaliter
375 1742 500 1770 educatus
523 1747 572 1770 est.
589 1743 628 1769 Ex
647 1743 747 1778 quibus
759 1750 823 1770 ver-

52 1788 93 1820 bis,
104 1789 170 1817 sicut
183 1790 268 1817 etiam
280 1792 307 1816 et
326 1797 357 1817 ex
375 1789 408 1816 iis
423 1797 483 1824 qua:
499 1797 580 1824 supra
597 1797 645 1824 pro
661 1789 822 1824 antiquitate

51 1834 139 1870 Moysis
152 1836 233 1864 allata
248 1840 322 1868 sunt,
339 1836 500 1864 manifestus
523 1844 599 1863 error
623 1834 747 1863 Philonis
762 1837 822 1863 loco

50 1881 96 1916 jam
109 1882 187 1916 dicto,
197 1883 245 1919 qui
263 1884 296 1910 ad
309 1882 486 1910 erudiendum
505 1882 623 1917 Moysem
642 1889 822 1917 praeceptores

51 1935 98 1956 non
120 1934 221 1957 tantum
246 1937 263 1957 e
281 1929 450 1964 praefecturis
477 1927 586 1964 Egypti
608 1929 749 1963 proximis,
774 1929 822 1956 sed

51 1974 120 2002 etiam
141 1977 246 2011 magnis
269 1975 388 2010 praemiis
415 1983 430 2002 e
451 1972 553 2002 Graecia
577 1975 661 2003 fuisse
674 1975 821 2002 invitatos:

51 2020 192 2048 Διδάσκαλοι
205 2022 227 2048 δ’
243 2021 322 2053 εὐθὺς
337 2020 481 2056 ἀλλαχόθεν
496 2020 569 2047 ἄλλοι
583 2021 718 2056 παρῆσαν,
734 2021 758 2046 οἱ
775 2021 822 2056 μὲν

51 2065 95 2092 ἀπὶ
108 2067 157 2094 τῶν
171 2067 375 2104 πλησιοχώρων,
392 2068 437 2093 καὶ
449 2066 502 2093 τῶν
513 2067 572 2093 κατ’
585 2067 720 2100 Αἴγυπτον
734 2066 824 2101 νομῶν

52 2113 252 2147 αὐτοκέλευστοι,
263 2114 288 2140 οἱ
306 2114 328 2140 δ’
346 2113 400 2140 ἀπὸ
420 2114 470 2148 τῆς
487 2113 608 2146 Ἑλλάδος
628 2113 674 2140 ἐπὶ
693 2113 824 2148 μεγάλαις

51 2158 150 2194 δωρεαῖς
177 2160 425 2195 μεταπεμφθέντες.
449 2159 482 2186 Et
506 2160 619 2187 inferius
639 2169 645 2186 :
680 2159 823 2195 Ἀριθμοὺς

834 1535 856 1564 C

531 119 564 146 IN
585 117 770 151 EUSTATHII
791 117 1026 147 HEXAEMERON
1047 118 1161 147 ΝΟΤΑΞ.

1603 123 1657 153 ειι

871 177 1024 205 cellentiam
1052 178 1153 214 Moysis
1177 179 1375 208 demonstrant.
1402 179 1440 208 De
1466 180 1567 218 Moysis
1590 191 1656 212 vero

872 224 1040 257 parentibus,
1052 233 1161 260 genere,
1175 226 1272 260 patria,
1285 226 1355 253 infra
1372 227 1474 263 aliquid
1487 236 1520 256 ex
1534 235 1656 258 veterum

871 270 980 304 scriptis
1001 270 1191 298 delibabimus.

907 315 984 347 lbid.,
1002 316 1049 343 lin.
1075 317 1098 343 7.
1126 317 1183 343 'Yrr‘
1207 318 1299 345 αὐτοῦ
1323 318 1472 352 δηλονότι.
1499 319 1561 348 Haec
1583 322 1656 349 enim

871 369 932 388 cum
961 362 1148 390 occultissima
1164 369 1267 396 essent,
1288 369 1315 391 et
1335 373 1442 393 omnem
1469 366 1595 394 humanae
1613 368 1657 395 in-

872 407 1027 441 telligentiae
1039 412 1147 443 captum
1163 409 1337 449 excederent,
1361 418 1415 438 non
1435 416 1538 446 poterat
1554 422 1658 449 cogno-

872 460 948 480 scere
961 453 1012 481 nisi
1027 454 1128 482 lumine
1141 455 1300 490 prophetico
1320 456 1482 485 illustratus.
1499 458 1556 486 Non
1572 459 1659 488 defuit

872 502 962 526 tamen
982 503 1007 526 et
1027 499 1144 527 humana
1166 501 1311 535 industria,
1333 507 1360 530 et
1385 503 1470 532 solers
1487 505 1658 541 prudensque

873 545 940 572 tanti
956 545 1005 572 viri
1023 546 1187 584 consilium;
1210 548 1309 575 etenim
1327 557 1387 584 qute
1407 550 1556 585 scripserat
1571 553 1659 586 potuit

872 598 887 617 a
901 590 964 618 filiis
982 591 1023 618 vel
1047 592 1191 626 nepotibus
1210 592 1319 628 Josephi
1341 595 1503 630 patriarcha:
1524 598 1658 632 excipere,

872 644 933 663 cum
957 637 1027 664 inter
1050 636 1160 672 Josephi
1187 643 1300 667 mortem
1320 645 1348 668 et
1365 645 1455 668 ortum
1473 642 1574 678 Moysis
1595 645 1662 671 anni

872 690 926 710 non
950 683 1041 718 plures
1062 689 1179 718 quatuor
1205 689 1233 712 ct
1257 687 1396 721 sexaginta
1419 688 1662 718 interfuerint.Jo—

872 728 972 763 sophus
998 729 1091 756 habuit
1115 737 1129 756 a
1154 734 1230 764 patre
1258 739 1308 760 suo
1331 731 1444 764 Iacobo,
1477 733 1596 763 Jacobus
1625 735 1661 762 ab

872 775 975 809 lsaaco,
991 776 1100 805 Isaacus
1124 778 1159 805 ab
1183 779 1329 811 Abraham,
1350 780 1486 808 Abraham
1510 789 1524 808 a
1546 781 1608 810 Sem
1633 787 1662 810 et

872 821 939 854 Noe,
961 821 1018 850 Noe
1041 823 1075 850 ab
1096 830 1146 850 avo
1169 831 1218 852 suo
1239 824 1415 853 Mathusalem
1434 828 1479 862 qui
1500 828 1581 855 simul
1598 836 1662 856 cum

870 868 955 895 Adam
982 869 1112 898 ducentos
1140 875 1167 898 et
1194 871 1370 907 quadraginta
1397 877 1452 900 tres
1478 881 1564 902 annos
1581 875 1659 906 vixit.

869 922 949 949 quem
967 923 1153 950 saepenumero
1174 920 1201 944 et
1226 917 1291 944 vidit
1317 922 1489 952 praesentem,
1502 923 1530 947 et
1547 920 1662 955 loquen-

871 968 924 993 tem
948 962 1068 992 audivit,
1094 962 1264 997 plurimaque
1291 964 1326 990 ab
1344 971 1377 992 eo
1400 965 1434 992 de
1456 965 1538 993 rebus
1561 966 1661 995 divinis

870 1007 984 1034 edoctus
1000 1011 1052 1034 est.
1073 1004 1165 1034 Potuit
1183 1016 1248 1043 ergo
1265 1008 1371 1044 Moyses
1398 1010 1455 1037 haec
1471 1012 1596 1045 quamvis
1617 1012 1660 1038 di-

869 1053 933 1078 vina
951 1052 1067 1079 humana
1083 1054 1189 1080 ratione
1206 1055 1354 1089 percipere.
1368 1059 1394 1081 et
1410 1055 1598 1091 [Egyptiorum
1617 1057 1662 1084 do-

871 1098 957 1124 ctrina
973 1098 1113 1132 explorata
1133 1099 1276 1126 verissima
1299 1103 1326 1126 et
1351 1099 1504 1126 certissima
1526 1100 1588 1127 aliis
1605 1104 1661 1127 tra-

870 1144 944 1170 dere.

906 1189 986 1222 lbid.,
1002 1189 1049 1218 lin.
1078 1189 1121 1216 10.
1144 1189 1199 1216 Καὶ
1223 1190 1330 1217 πολλοὶ
1355 1190 1412 1217 τῶν
1436 1189 1502 1225 παρ⁴
1518 1191 1660 1226 Ἕλλησι.

873 1233 970 1262 Eadem
981 1235 1085 1262 ratione
1099 1238 1125 1262 et
1135 1233 1300 1269 Theophilus
1314 1235 1347 1262 ad
1359 1237 1515 1271 Autolycum
1526 1237 1544 1264 l.
1557 1245 1588 1269 ιι,
1599 1238 1661 1272 phi-

874 1280 1050 1315 losophorum
1078 1288 1110 1307 ac
1137 1285 1277 1316 poetarum
1302 1289 1384 1316 super
1408 1290 1498 1309 rerum
1522 1284 1662 1312 creatione

872 1327 970 1360 placita
986 1334 1074 1354 meras
1098 1334 1159 1354 esse
1183 1335 1280 1361 nugas,
1304 1333 1384 1362 atque
1405 1329 1577 1363 garrulitates
1594 1329 1662 1357 fate-

872 1377 926 1403 tur.
946 1373 972 1400 in
992 1373 1092 1408 quibus
1112 1381 1199 1408 neque
1222 1373 1384 1408 particulam
1404 1374 1525 1402 veritatis
1549 1382 1662 1404 cernere

872 1420 934 1454 quis
949 1423 1046 1454 potest,
1069 1419 1150 1454 idque
1165 1420 1289 1447 venenati
1314 1427 1346 1446 ac
1365 1420 1499 1448 mortiferi
1522 1421 1662 1455 pharmaci

872 1467 995 1500 exemplo
1010 1466 1162 1493 confirmat.
1181 1466 1258 1492 Δοκεῖ
1271 1466 1298 1492 δὲ
1313 1465 1346 1492 τὰ
1361 1465 1413 1493 ὑπὸ
1430 1467 1485 1492 τῶν
1499 1466 1659 1502 φιλοσόφων,

873 1511 889 1547 ἢ
904 1511 1092 1547 συγγραφέων,
1109 1511 1155 1538 καὶ
1175 1511 1292 1546 ποιητῶν
1307 1511 1439 1547 εἰρημένα
1455 1512 1598 1545 ἀξιόπιστα
1612 1513 1662 1548 μὲν

872 1555 952 1589 εἶναι,
970 1557 1046 1593 παρὰ
1063 1558 1093 1584 τὺ
1108 1557 1206 1592 φράσει
1221 1557 1451 1583 κεκαλλωπίσθαι·
1471 1557 1560 1593 μωρὸς
1572 1559 1599 1584 δὲ
1614 1558 1662 1584 καὶ

873 1602 950 1634 κενὸς
966 1603 980 1629 ὁ
999 1602 1076 1636 λόγος
1090 1602 1178 1628 αὐτῶν
1192 1603 1328 1629 δείκνυται
1339 1611 1345 1617 ·
1369 1603 1409 1629 ὅτι
1431 1602 1513 1638 πολλὴ
1534 1603 1583 1638 μὲν
1598 1604 1662 1639 πλη.

873 1648 921 1680 οὺς
933 1648 983 1683 τῆς
1003 1648 1134 1683 φλυαρίας
1151 1648 1240 1674 αὐτῶν
1262 1649 1331 1679 ἐστι,
1346 1648 1376 1675 τὸ
1391 1647 1468 1683 τυχὸν
1489 1648 1516 1675 δὲ
1530 1648 1581 1684 τῆς
1596 1649 1662 1685 ἀλη-

873 1693 946 1725 θείας
960 1695 988 1720 ἐν
1007 1694 1096 1725 αὐτοῖς
1113 1695 1160 1729 οὐχ
1180 1691 1345 1730 εὑρίσκεται.
1371 1695 1425 1721 Καὶ
1436 1695 1488 1730 γὰρ
1504 1695 1531 1721 εἴ
1547 1704 1573 1721 τι
1589 1695 1662 1722 δοκεῖ

873 1739 970 1775 ἀληθὲς
984 1741 1016 1766 δι’
1033 1741 1120 1767 αὐτῶν
1143 1740 1362 1776 ἐκπεφωνῆσθαι,
1380 1741 1529 1776 σύγκρασιν
1552 1741 1607 1777 ἔχει
1626 1743 1661 1777 τῇ

874 1786 971 1822 πλάνῃ.
989 1787 1120 1823 Καθάπερ
1135 1787 1189 1822 γὰρ
1209 1787 1353 1823 φάρμακόν
1372 1795 1396 1814 τι
1421 1787 1582 1823 δηλητήριον
1599 1796 1662 1822 συγ-

873 1831 972 1867 κραοὲν
994 1832 1090 1866 μέλιτι,
1108 1831 1124 1867 ἣ
1143 1833 1215 1868 οἴνῳ,
1235 1833 1252 1868 ἢ
1278 1833 1363 1869 ἑτέρῳ
1381 1834 1443 1864 τινὶ,
1468 1833 1497 1859 τὸ
1515 1834 1568 1860 πᾶν
1590 1833 1662 1860 ποιεῖ

875 1878 1003 1914 βλαϐερὸν
1023 1880 1068 1905 καὶ
1083 1879 1227 1914 ἄχρηστον,
1242 1879 1313 1906 οὕτω
1334 1879 1381 1906 καὶ
1403 1881 1418 1914 ἡ
1435 1880 1463 1905 ἐν
1478 1879 1568 1911 αὐτοῖς
1583 1880 1662 1906 πολυ-

872 1924 948 1960 λογία
963 1926 1118 1961 εὑρίσκεται
1133 1926 1322 1961 ματαιοπόνια,
1334 1927 1380 1953 καὶ
1394 1926 1477 1962 βλάὄη
1493 1926 1593 1961 μᾶλλον
1604 1927 1661 1958 τοῖς

873 1971 1042 2006 πειθομένοις
1057 1972 1134 2007 αὐτῇ.
1151 1971 1334 2000 Diﬂereutiam
1355 1973 1430 2005 item,
1444 1980 1504 2008 quae
1526 1976 1568 2000 est
1590 1972 1662 2000 inter

874 2018 1063 2052 philosophum
1083 2019 1221 2046 etlmicum
1246 2020 1321 2046 omni
1345 2019 1437 2046 divino
1460 2019 1561 2046 lumine
1577 2019 1662 2047 desti-

873 2068 973 2095 tutum.
997 2068 1024 2092 et
1049 2065 1240 2099 philosophum
1266 2065 1327 2093 ﬁdei
1345 2065 1530 2093 fundamentis
1551 2065 1661 2097 fultum.

871 2111 955 2138 etiam
973 2111 999 2137 in
1015 2110 1161 2138 Moralibus
1178 2112 1381 2146 elegantissime
1403 2113 1538 2148 expressit
1555 2111 1661 2140 Probus

873 2156 1201 2192 Constantinopolitanus,
1219 2157 1305 2191 Epist.
1323 2157 1357 2184 ad
1375 2158 1523 2191 Armenios,
1541 2159 1574 2186 de
1588 2157 1660 2186 ﬁde:

53 2202 93 2238 μὲν
104 2204 146 2232 οὖν
162 2207 209 2233 καὶ
223 2206 408 2242 γεωμετρίαν,
434 2206 483 2241 τήν
504 2213 533 2231 τε
549 2204 693 2240 ῥυθμικὴν,
709 2204 754 2231 καὶ
773 2205 821 2239 ἀρ·
837 2205 859 2233 D
873 2204 1013 2238 Διαφόρως
1023 2203 1051 2230 δὲ
1064 2203 1196 2240 ὡρίσαντο
1214 2204 1277 2239 περὶ
1288 2204 1389 2241 ταύτης
1410 2205 1437 2231 οἵ
1452 2214 1481 2231 τε
1495 2204 1546 2232 ὑπὸ
1558 2205 1662 2240 πλάνης

52 2251 161 2287 μονικὴν,
177 2253 225 2279 καὶ
248 2252 377 2288 μετρικὴν
396 2251 522 2286 θεωρίαν,
545 2251 592 2277 καὶ
619 2250 749 2284 μουσικὴν
772 2249 821 2285 τὴν

52 2296 183 2331 σύμπασαν
195 2299 241 2325 διά
258 2305 288 2324 τε
303 2299 426 2334 χρήσεως
450 2297 582 2333 ὀργάνων,
598 2296 645 2323 καὶ
665 2295 750 2330 λόγων
768 2295 821 2321 τῶν

50 2341 76 2367 ὲν
97 2345 151 2375 ταῖς
168 2345 289 2380 τέχναις,
311 2344 357 2370 καὶ
379 2343 503 2375 διεξόδοις
526 2341 721 2377 τοπικωτέραις
739 2341 822 2375 Λίγυ-

51 2386 126 2414 πτίων
136 2389 159 2415 οἱ
172 2389 255 2423 λόγιοι
271 2389 430 2423 παρέδοσαν,
447 2387 494 2414 καὶ
509 2387 620 2423 προσέτι
635 2386 682 2421 τὴν
696 2385 739 2412 διὰ
755 2394 822 2420 συμ-

52 2432 126 2461 ϐόλων
139 2434 344 2470 φιλοσοφίαν,ἢν
359 2435 387 2460 ἑν
401 2435 456 2465 τοῖς
470 2433 623 2469 λεγομένοις
639 2433 720 2468 ἱεροῖς
733 2432 823 2466 γράμ-

53 2486 124 2512 μασιν
140 2480 344 2510 ἐπιδείκνυνται,
360 2479 407 2506 καὶ
431 2478 474 2504 διὰ
495 2478 544 2513 τῆς
565 2477 618 2503 τῶν
636 2476 712 2509 ζώων
727 2476 822 2502 ἀποδο-

51 2520 105 2556 χῆς,
127 2523 143 2549 ἃ
166 2524 212 2550 καὶ
233 2523 301 2549 θεῶν
324 2524 414 2558 τιμαῖς
440 2521 615 2557 γεραίρουσι·
630 2521 679 2557 τὴν
701 2521 723 2548 δ’
739 2521 821 2556 ἄλλην

51 2566 180 2600 ἐγκύκλιον
193 2569 314 2596 παιδείαν
328 2569 455 2604 ’Έλληνες
468 2568 618 2595 ἐδίδασκον·
638 2569 662 2594 οἱ
676 2568 704 2595 δὲ
717 2568 749 2594 ἐκ
768 2568 822 2595 τῶν

52 2612 232 2650 πλησιοχώρων
255 2615 290 2642 τά
313 2624 341 2642 τε
358 2614 487 2651 Ἀσσύρια
511 2615 679 2650 γράμματα,
703 2614 749 2640 καὶ
772 2613 821 2649 τὴν

50 2657 97 2684 τῶν
123 2660 251 2695 οὐρανίων
280 2661 432 2696 Χαλδαῖκὴν
458 2661 621 2696 ἐπιστήμην.
648 2659 728 2687 Nulla
759 2664 822 2687 ante

52 2700 159 2739 Moysem
174 2707 202 2734 in
216 2707 320 2735 Graecia
335 2708 469 2739 doctrina,
485 2707 566 2734 nullae
583 2707 743 2742 disciplinae,
761 2714 822 2740 qum

51 2749 70 2774 si
82 2749 200 2785 fuissent,
214 2753 307 2789 utique
322 2754 426 2789 Moyses
439 2761 494 2780 non
509 2753 635 2781 omnibus
652 2752 762 2780 Graecia:
777 2760 823 2780 sa:-

52 2795 178 2828 pientibns
191 2800 324 2834 antiquior
337 2809 344 2833 ;
359 2800 454 2835 sicque
473 2803 584 2826 ruerent
602 2800 692 2826 omnia
705 2799 821 2826 chrono-

52 2843 205 2877 graphorum
218 2851 385 2882 argumenta,
400 2847 499 2882 quibus
522 2846 709 2881 antiquitatem
734 2850 760 2874 et
775 2854 822 2873 ex-

874 2250 1019 2284 ἀγχόμενοι
1033 2249 1162 2285 ’Έλληνες
1178 2271 1184 2283 ,
1198 2251 1245 2277 καὶ
1265 2249 1295 2276 τὸ
1309 2250 1421 2286 ἀκριϐὲς
1437 2251 1488 2285 τῆς
1500 2251 1661 2287 διακρίσεως

875 2296 927 2322 ὑπὸ
945 2295 995 2331 τῆς
1012 2296 1076 2332 περὶ
1095 2296 1126 2322 τὸ
1148 2296 1225 2323 Θεῖον
1247 2296 1356 2331 ἀγνοίας
1371 2295 1601 2333 ὲπισκοτούμενοι,
1614 2297 1661 2323 καὶ

873 2343 898 2368 οἱ
914 2342 957 2368 διὰ
971 2341 1086 2374 πίστεως
1101 2343 1162 2374 τοὺς
1177 2342 1329 2377 ὀφθαλμοὺς
1342 2343 1390 2377 τῆς
1411 2335 1528 2374 διανοίας
1543 2352 1662 2378 πεφωτι-

876 2387 967 2423 σμένοι
992 2387 1168 2422 Χριστιανοὶ,
1188 2386 1236 2414 καὶ
1255 2387 1322 2423 πρὸς
1345 2388 1389 2414 τὸν
1414 2388 1463 2423 τῆς
1489 2387 1661 2424 δικαιοσύνης

874 2433 948 2468 ἥλιον
964 2433 1069 2469 τρανῶς
1083 2431 1126 2459 διὰ
1140 2433 1189 2468 τῆς
1209 2433 1352 2468 ὁμολογίας
1364 2431 1494 2464 ἁτενίζειν
1506 2433 1659 2468 δυνάμενοι.

875 2480 906 2506 Οἱ
924 2480 972 2513 μὲν
986 2479 1040 2515 γὰρ
1055 2481 1110 2512 τοῖς
1125 2479 1234 2511 οἰκείοις
1256 2479 1393 2514 λογισμοῖς
1413 2476 1505 2515 ὥσπερ
1521 2480 1549 2506 ὲν
1569 2480 1660 2507 σκότει

875 2525 1096 2560 προσπταίοντες,
1113 2525 1160 2551 καὶ
1176 2523 1390 2559 ἀνηγεμόνευτον
1404 2524 1509 2559 ἔχοντες
1528 2524 1581 2551 ὑπὸ
1598 2533 1662 2560 προ-

871 2569 979 2605 λήψεως
993 2567 1037 2596 τὸν
1057 2569 1117 2596 νοῦν
1128 2569 1284 2604 ἐπισφαλῶς
1298 2569 1417 2596 ὁδεύουσι
1436 2571 1490 2602 τοῖς
1509 2570 1659 2605 λογισμοῖς,

877 2615 959 2651 μόνην
973 2616 1002 2641 ὲν
1018 2612 1058 2646 οἷς
1074 2612 1263 2651 δογματίζουσι
1282 2615 1460 2650 ψηλαφῶντες
1479 2616 1527 2652 τὴν
1545 2616 1659 2652 ῥέουσαν

875 2662 920 2690 καὶ
934 2662 1046 2688 ἄστατον
1062 2661 1114 2688 τῶν
1127 2660 1272 2698 ὁρωμένων
1285 2661 1379 2696 φύσινθ
1394 2662 1424 2689 τὸ
1439 2663 1466 2689 δὲ
1482 2663 1530 2697 τῆς
1543 2662 1660 2698 ἀληθοῦς

875 2709 989 2744 θεωρίας
1005 2708 1089 2744 ὄμμα,
1111 2708 1126 2744 ἦ
1143 2707 1362 2744 ἀμϐλυώττοντες
1378 2708 1430 2736 ὑπὸ
1449 2710 1552 2744 χρόνου,
1572 2710 1588 2746 ἢ
1607 2719 1661 2747 πη-

876 2754 1005 2790 ριυθέντες
1022 2754 1074 2780 ὑπὸ
1103 2753 1216 2788 πλάνης,
1231 2753 1383 2781 ἀπώλεσαν.
1405 2754 1527 2789 Legenda
1548 2756 1659 2784 omnino

875 2806 916 2828 est
932 2801 1097 2835 lepidissima
1122 2800 1373 2835 facundissimaque
1396 2800 1513 2829 Hermize
1538 2803 1660 2837 philoso-

876 2847 921 2882 phi
939 2841 1161 2882 philosophorum
1177 2847 1319 2883 gentilium
1340 2846 1441 2879 irrisio,
1456 2847 1484 2875 in
1504 2855 1556 2883 qua
1575 2849 1661 2877 multa
