1903 3068
234 141 287 169 815
900 138 1023 169 LEONlS

235 199 355 229 enarrat,
377 199 405 224 ut
429 197 650 225 contrarietatem
678 205 738 233 qua
763 198 789 224 in
806 205 900 225 eorum
923 198 1026 233 opinio-

235 246 316 273 nibus
330 247 372 271 cst
386 243 541 278 patefaciat.
561 246 587 271 et
605 244 810 278 inquisitionem
833 251 924 271 rerum
943 251 1023 278 quam

235 287 388 322 suscipiunt
412 287 439 313 in
463 287 599 314 inﬁnitum
618 287 729 322 vagari,
751 291 778 315 et
802 288 878 315 nullo
908 288 1024 314 termino

234 334 377 364 contineri,
387 340 535 368 eorumque
547 333 627 361 ﬁnem
640 337 701 361 esse
713 333 928 368 inexplicabilem
943 338 1023 368 atque

234 379 367 409 inutilem,
385 379 486 413 quippe
501 379 572 414 quod
596 379 670 405 nulla
687 386 716 406 re
730 380 858 411 evidenti.
877 383 904 406 et
919 380 1024 407 ratione

233 425 377 460 perspicua
393 425 580 452 conﬁrmetur.
597 424 648 457 Qui
670 433 724 451 non
739 429 844 452 tantum
858 433 948 452 rerutn
968 430 1025 452 sta-

235 477 290 498 tum
307 470 470 505 modumque
491 478 545 498 non
561 475 758 505 cognoverunt,
774 471 821 498 sed
844 472 962 498 maxima
983 472 1024 498 in-

234 517 313 544 scitia
334 517 470 551 stultaque
493 517 575 543 animi
591 517 764 544 contentione
780 517 920 544 veritatem
937 517 1023 552 ipsam

233 571 391 599 oppugnare
416 568 521 590 summa
544 569 604 597 ope-
619 563 710 590 conati
736 566 817 594 sunt,
846 563 1022 598 Porphyrius.

233 608 366 640 Proclus,
389 608 545 643 Eunapius,
562 608 699 641 Zosimus,
723 610 897 644 sexcentique
919 609 965 636 alii
989 609 1024 637 de

234 655 334 690 quibus
350 655 376 681 iu
393 654 507 682 historia
523 658 663 682 sermones
676 655 785 689 prolixi.

270 701 329 728 Col.
340 700 401 732 709,
414 701 462 727 lin.
477 699 521 727 i2.
538 700 576 727 Τὰ
588 700 643 735 γὰρ
660 700 694 733 ἐξ
708 701 907 735 ἀνθρωπίνης.
920 697 1023 728 Tamen

234 747 454 783 quandocunque
470 746 696 781 philosophorum
712 747 812 782 placita
830 751 910 781 atque
920 747 1024 774 doctri-

233 801 276 820 nae
290 800 304 819 a
320 793 433 819 veritate
449 800 503 819 non
519 793 656 824 vacillant,
668 793 714 820 ubi
731 794 800 820 ratio
816 798 910 821 eorum
927 794 1024 820 mani—

233 839 304 868 festa
324 843 376 871 est,
400 843 559 874 certumque
585 841 813 874 experimentum,
842 847 904 867 cum
936 840 1022 868 sacris

234 885 334 912 litteris
351 884 461 912 minime
473 885 619 912 contrariae
634 885 699 918 sint,
723 889 778 912 n‘oa
802 890 844 913 est
866 894 916 913 cur
931 886 965 913 ab
981 887 1021 914 eis

233 931 430 957 abhorreamus
453 938 459 955 :
485 931 586 957 veritas
603 931 675 958 enim
701 938 842 958 sacrarum
869 932 1020 959 litterarum

233 984 368 1012 nusquam
385 976 510 1004 humanis
524 977 677 1004 rationibus
692 980 719 1004 et
745 978 938 1012 experimentis
957 986 1023 1005 con-

233 1023 318 1050 traria
333 1026 385 1050 est.
410 1021 480 1049 Tuta
496 1026 537 1050 est
550 1030 633 1058 super
648 1023 699 1050 hoc
711 1023 855 1058 Augustini
877 1025 1021 1055 sententia,

234 1070 281 1098 ιιι).
294 1078 303 1096 l
317 1070 343 1096 in
358 1069 448 1098 Genet.
467 1070 501 1097 ad
513 1070 605 1102 litter.,
624 1077 684 1104 cap.
698 1070 728 1096 ει
751 1082 757 1097 :
776 1070 832 1097 Hoc
846 1071 1023 1098 indubitanter

235 1116 373 1143 tenendum
388 1121 437 1149 est,
453 1121 481 1142 ut
497 1115 623 1151 quidquid
637 1117 766 1150 sapientes
783 1117 864 1152 hujus
887 1119 978 1145 mundi
991 1119 1022 1146 tle

234 1167 332 1189 natura
345 1170 432 1189 rerum
447 1163 573 1189 ueraciter
583 1162 764 1189 demonstrare
775 1165 917 1198 potuerint.
934 1170 1005 1192 osten
1014 1180 1022 1186 -

234 1208 330 1235 damus
346 1209 443 1234 nostris
457 1208 549 1235 litteris
563 1216 615 1234 non
628 1216 683 1235 esse
697 1210 859 1236 contrarium
872 1219 882 1242 ;
897 1211 1022 1246 quidquid

235 1259 323 1281 autem
334 1254 376 1281 illi
391 1254 417 1280 in
434 1254 489 1281 suis
508 1253 683 1281 voluminibus
700 1249 864 1282 contrarium
883 1257 966 1283 sacris
979 1257 1023 1283 lit-

235 1301 298 1327 teris
312 1300 414 1333 docent,
423 1301 479 1327 sine
493 1300 549 1327 ulla
562 1299 724 1327 dubitatione
733 1301 870 1328 credamus
883 1302 910 1328 id
924 1302 1022 1337 falsum

234 1354 302 1377 esse,
322 1350 346 1372 et
366 1353 468 1381 quoquo
491 1345 566 1373 modo
583 1354 720 1380 possumus
737 1348 816 1374 etiam
830 1348 996 1375 ostendamus
1012 1357 1021 1376 :

235 1395 313 1426 atque
336 1391 374 1417 ita
387 1395 518 1417 teneamus
531 1391 609 1426 ﬁdem
621 1391 728 1418 Domini
740 1393 834 1423 nostri,
850 1394 877 1419 in
897 1401 947 1428 quo
960 1391 1022 1420 sun‘

236 1436 384 1463 absconditi
398 1445 487 1464 omnes
503 1437 618 1464 thesauri
635 1439 780 1472 sapic-utile,
801 1445 830 1466 ut
849 1449 929 1476 neque
945 1441 1022 1476 falsa:

235 1481 406 1516 philosophia
430 1482 589 1517 loquacitate
616 1483 773 1511 seducamur
788 1493 869 1520 neque
890 1487 1022 1515 simulata:

1042 137 1180 166 ALLATI!
1807 138 1822 168 ε
1828 140 1836 167 l
1841 143 1855 168 6

1039 198 1063 227 Α
1075 196 1197 229 Percrio,
1212 198 1235 226 si
1260 198 1401 226 sententiae
1415 196 1527 225 Joannis
1540 197 1597 225 Pici
1614 198 1650 224 ita
1669 197 1819 225 elaboratas
1831 195 1855 225 ει

1075 244 1215 278 explicata:
1229 243 1372 271 dissonant
1395 251 1410 271 a
1428 244 1570 271 sententiis
1587 243 1698 279 Moysis,
1712 247 1857 279 textusquo

1075 289 1148 316 illius
1164 289 1337 317 discordant?
1354 289 1377 317 si
1395 289 1563 322 discordant,
1581 297 1641 324 quae
1660 293 1703 316 est
1728 289 1789 316 haec
1804 289 1856 318 dis-

1074 335 1233 362 cordantia?
1249 335 1377 368 fateatur,
1406 335 1504 363 deinde
1521 334 1731 362 animadvertat.
1767 333 1797 362 Si
1817 335 1856 363 in-

1073 382 1179 409 lunrent
1196 382 1336 409 sententiae
1349 381 1459 418 Moysis,
1474 382 1501 409 et
1519 381 1609 409 verbis
1622 385 1686 408 sunt
1701 387 1854 408 accommo-

1074 428 1156 460 datae,
1175 431 1202 455 et
1225 431 1391 463 congruunt,
1413 435 1463 455 nec
1479 435 1493 454 a
1509 427 1650 455 Catholica
1666 427 1795 458 veritate,
1810 433 1855 453 nec

1075 478 1231 501 sanctorum
1248 473 1358 500 Patrum
1374 474 1455 501 dictis
1470 474 1626 502 abhorrent.
1650 472 1753 507 utquid
1770 472 1854 508 culpat

1075 519 1262 555 inculpatum?
1287 519 1459 547 Tentandum
1475 523 1518 547 est
1543 519 1645 554 aliquid
1669 518 1802 546 maximis
1815 517 1854 544 in-

1073 565 1172 600 geniis,
1187 573 1247 600 quze
1263 564 1339 592 frena
1357 566 1412 601 pati
1428 566 1556 594 nesciunt
1571 587 1578 598 ,
1592 565 1717 592 laxanda:
1735 567 1802 591 sunt
1814 563 1854 591 in-

1072 612 1145 647 genii
1157 612 1238 643 vires,
1251 619 1302 639 nec
1323 613 1518 647 angustissimo
1532 612 1707 647 antiquorum
1731 617 1800 647 gyro
1814 618 1855 638 eo—

1073 665 1133 684 rum
1155 657 1271 692 impetus
1287 657 1463 693 reiringendi.
1491 657 1553 684 Haec
1571 658 1651 685 sicuti
1669 656 1766 687 laudo,
1783 656 1855 683 sicet

1073 702 1197 738 Cajetani
1228 703 1391 730 sententiam
1415 703 1493 730 initio
1511 702 1779 730 Commentariorum
1796 707 1854 728 suo-

1073 755 1133 774 rum
1159 748 1186 774 in
1216 746 1337 774 Genesim
1375 747 1524 779 accusavi;
1546 755 1578 774 ea
1604 751 1695 774 autem
1726 751 1771 774 est
1799 754 1806 773 :
1828 743 1855 772 Si

1073 793 1177 828 quando
1196 793 1340 819 occurrerit
1370 793 1466 827 aliquis
1492 801 1582 819 sensus
1608 791 1691 818 textui
1716 799 1853 822 consonus,

1072 839 1191 874 quamvis
1205 848 1222 866 a
1239 842 1353 866 torrente
1375 838 1513 865 doctorum
1527 838 1640 870 alienus,
1655 837 1741 864 lector
1758 845 1853 871 mquam

1072 893 1100 911 se
1116 882 1232 919 praebeat
1248 893 1391 917 censorem,
1405 885 1543 919 nullusque
1554 884 1705 914 detestetur,
1719 882 1791 917 quod
1804 882 1854 908 dis-

1072 935 1146 958 sonet
1162 940 1178 958 α
1189 931 1282 965 priscis
1298 930 1460 958 doctoribus.
1481 930 1543 957 Non
1563 930 1632 956 enim
1645 926 1772 963 alligavit
1790 927 1854 955 Deus

1072 979 1260 1012 expositionem
1271 978 1414 1011 Scriptum
1424 978 1572 1012 priscorum
1580 976 1717 1002 doctorum
1731 973 1852 1005 sensibus,

1073 1024 1190 1060 alioquin
1206 1033 1263 1059 spes
1280 1024 1354 1051 nobis
1372 1025 1508 1051 tolleretur
1519 1023 1664 1057 exponendi
1679 1021 1851 1055 Scripturam,

1073 1071 1124 1097 nisi
1149 1070 1341 1105 transferendo,
1364 1074 1394 1096 ut
1411 1071 1496 1101 aiunt,
1512 1069 1542 1096 de
1559 1067 1625 1095 libro
1640 1068 1668 1094 in
1679 1066 1851 1102 quintarium.

1074 1110 1189 1143 Textum
1207 1120 1298 1143 autem
1315 1115 1449 1143 Eustathii
1472 1114 1595 1142 Graecum
1609 1114 1646 1140 ita
1663 1113 1784 1140 restituo
1800 1112 1853 1138 :th

1072 1163 1128 1198 γὰρ
1141 1163 1170 1196 ἐξ
1188 1162 1358 1198 ἀνθρωπίνης
1375 1161 1494 1193 διανοίας
1514 1160 1716 1196 περιφερόμενα
1741 1156 1852 1193 δόγματα

1073 1209 1166 1244 ἀσαφῆ
1180 1209 1308 1244 τυγχάνει
1322 1208 1369 1235 καὶ
1383 1208 1580 1244 ἀνερμάτιστα.
1605 1206 1736 1234 Consona
1752 1205 1852 1232 tandem

1074 1260 1139 1282 sunt
1156 1256 1237 1282 verba
1254 1250 1347 1282 Basilii
1375 1254 1402 1281 in
1419 1254 1605 1289 philosophos,
1623 1253 1696 1279 hom.
1717 1253 1729 1279 1
1749 1262 1756 1279 ε
1773 1250 1852 1277 Πολλὰ

1073 1301 1138 1337 περὶ
1152 1301 1258 1336 φύσεως
1275 1300 1537 1336 ἐπραγματεύσαντο
1556 1299 1581 1325 οἱ
1593 1298 1648 1325 τῶν
1663 1294 1800 1333 Ἐλλήνων
1813 1304 1852 1323 σο-

1073 1347 1128 1381 φοὶ,
1142 1347 1188 1373 καὶ
1205 1346 1264 1372 οὐδὲ
1281 1344 1321 1378 εἷς
1335 1346 1399 1381 παρ’
1412 1346 1502 1376 αὐτοῖς
1515 1343 1592 1378 λόγος
1603 1343 1721 1378 ἕστηκεν
1736 1342 1852 1377 ἀκίνητος

1073 1395 1120 1421 καὶ
1133 1394 1290 1426 ἀσάλευτος,
1299 1394 1342 1420 ἀεὶ
1354 1393 1401 1420 τοῦ
1415 1393 1540 1428 δευτέρου
1555 1393 1600 1420 τὸν
1611 1392 1663 1427 πρὸ
1679 1390 1765 1418 αὐτοῦ
1780 1398 1853 1417 κατα-

1073 1439 1215 1471 δάλλοντος
1228 1449 1235 1455 ·
1248 1439 1317 1466 ὥστε
1332 1440 1397 1475 ἡμῖν
1419 1438 1500 1474 μηδὲν
1515 1437 1594 1473 ἔργον
1610 1435 1679 1464 εἶναι
1693 1433 1732 1462 τὰ
1751 1434 1854 1462 ἐκείνων

1073 1487 1210 1522 ἐλέγχειν·
1229 1485 1350 1522 ἀρκοῦσιν
1364 1486 1417 1521 γὰρ
1441 1484 1564 1520 ἀλλήλοις
1591 1484 1659 1520 πρὸς
1683 1478 1736 1519 τὴν
1761 1481 1854 1508 οἰκείαν

236 1528 371 1563 religionis
388 1529 573 1564 superstitione
585 1534 740 1559 terreamur.
755 1529 788 1558 Et
805 1537 835 1559 ut
852 1533 879 1559 in
896 1540 926 1559 re.
941 1534 1022 1562 nimis

1074 1534 1240 1569 ἀνατροπὴν.
1258 1533 1289 1559 Et
1306 1533 1379 1560 hom.
1401 1532 1418 1559 5
1433 1540 1440 1558 z
1454 1532 1510 1559 Καὶ
1525 1531 1550 1557 τι
1564 1532 1605 1557 δεῖ
1624 1531 1776 1566 πράγματα
1791 1529 1853 1565 ἔχειν

236 1575 336 1611 agitata
349 1579 375 1603 et
388 1580 573 1608 controversa,
588 1575 675 1604 dicam
690 1576 761 1612 quod
775 1578 890 1606 sentiam
909 1579 992 1607 libere
1013 1588 1021 1606 :

237 1622 351 1658 Semper
367 1622 429 1650 illos
444 1621 623 1649 stultissimos
640 1623 805 1655 existimavi,
832 1624 879 1658 qui
907 1624 944 1650 ita
960 1618 1025 1652 sunt

237 1668 416 1704 philosophiae
439 1673 466 1695 et
478 1667 640 1696 cultioribus
657 1669 754 1697 litteris
766 1669 876 1701 infensi,
889 1674 917 1696 ut
930 1677 964 1697 ne
977 1678 1026 1698 au-

236 1716 322 1742 ditum
339 1715 447 1750 quidem
460 1723 554 1743 earum
570 1715 738 1750 permittant.
753 1713 811 1743 Alia
822 1712 911 1744 omnia
926 1717 960 1745 ab
971 1717 1024 1746 illis

237 1761 348 1789 habent.
367 1760 568 1796 Scripturaaque
586 1761 668 1788 verba
684 1762 720 1789 ita
741 1762 903 1798 detorquent
926 1768 955 1790 ut
969 1772 1024 1791 non

237 1806 313 1835 illius
329 1807 504 1839 sententiam,
518 1807 564 1834 sed
579 1807 643 1842 quid
659 1807 746 1835 exteri
764 1809 900 1836 senserint
914 1810 1024 1838 curiose

237 1853 406 1888 perquirunt,
423 1856 449 1879 et
462 1852 497 1879 ita
515 1853 621 1880 illorum
637 1854 778 1881 sententias
790 1853 958 1890 Scripturam
975 1864 1022 1883 ac-

237 1899 424 1926 commodant.
442 1898 488 1926 Na:
503 1907 610 1934 semper
621 1900 658 1926 uti
675 1901 902 1935 prudentissimos
915 1902 1022 1930 laudavi

237 1952 286 1972 eos
300 1945 346 1980 qui
359 1945 481 1973 rationes
495 1945 630 1973 humanas
655 1952 772 1982 veraque
788 1949 973 1983 experimenta
986 1950 1023 1976 ita

237 1990 386 2025 explicant,
399 1995 428 2017 ut
446 1991 517 2018 idem
534 1999 596 2018 cum
609 1991 710 2019 divinis
733 1991 832 2020 litteris
850 1995 950 2023 sentire
965 1996 1023 2023 cla-

237 2036 347 2064 rissime
363 2037 561 2067 demonstrent,
579 2041 605 2064 et
621 2040 736 2065 mentem
759 2039 864 2067 illorum
880 2049 941 2068 cum
959 2050 1023 2069 vero

239 2082 389 2117 Scriptura;
413 2090 496 2110 sensu
521 2090 671 2119 congruere
692 2083 879 2114 elliracissime
894 2088 1020 2121 probant.

238 2126 369 2160 Quamvis
392 2127 464 2154 enim
485 2129 583 2156 divina:
609 2129 705 2158 littcm
721 2132 796 2158 nullo
817 2132 953 2168 indigeant
974 2141 1022 2160 εκπ-

238 2176 319 2200 terno
333 2173 464 2207 subsidio,
484 2175 529 2202 sed
544 2179 649 2203 suomet
666 2176 757 2204 divino
772 2179 868 2212 spiritu
888 2178 963 2205 fulta:
978 2187 1020 2207 ro-

237 2219 346 2246 ritatem
365 2219 432 2246 nulli
461 2219 570 2247 dubiam
593 2221 719 2249 omnibus
745 2223 921 2250 manifestam
943 2233 949 2251 :
967 2233 1021 2252 non

237 2269 280 2292 est
295 2269 384 2292 tamen
401 2265 435 2292 ab
448 2273 540 2293 earum
558 2266 698 2301 majestate
708 2271 735 2294 et
747 2268 878 2303 dignitate
903 2270 1022 2297 alienum

237 2315 264 2338 et
285 2310 454 2342 indecorum,
475 2312 497 2339 si
525 2312 597 2339 illius
615 2312 736 2340 veritatis
763 2317 866 2341 tantam
887 2322 947 2342 esse
968 2315 1022 2343 vim

237 2364 436 2392 cognoscamus
450 2358 485 2385 ita
509 2363 537 2385 ut
552 2363 578 2385 et
595 2358 656 2385 aliis
671 2360 737 2386 satis
754 2364 849 2394 patens
865 2360 946 2388 fuerit
963 2369 1022 2388 ma-

239 2403 377 2430 nifestata.
389 2403 527 2431 Immerito
542 2404 632 2439 itaque
643 2405 670 2431 in
686 2403 790 2437 Genes.,
800 2406 847 2432 lib.
861 2414 880 2437 ι,
897 2406 1022 2434 Pererius

238 2449 412 2482 reprehendit
441 2449 573 2476 Joannem
599 2449 692 2476 Picum
722 2450 951 2484 Mirandulanum,
976 2454 1022 2488 qui

239 2501 322 2529 super
336 2498 418 2529 caput
444 2497 561 2530 primum
583 2496 720 2524 Geneseos
738 2497 897 2531 lleptaplum
913 2505 1024 2534 compo-

239 2543 342 2572 suerat,
359 2544 385 2567 et
400 2545 502 2575 septem
522 2549 605 2569 novas
628 2542 824 2577 expositiones.
840 2543 1034 2580 doctrinaeque.

239 2585 339 2620 Moysis
356 2586 389 2612 de
417 2587 545 2620 operibus
563 2594 623 2628 sex‘
637 2587 743 2614 dierum
761 2595 775 2614 a
800 2588 876 2615 nullo
901 2590 1022 2624 priorum

239 2631 403 2666 scriptorqu
423 2636 550 2663 tentatas,
570 2640 584 2658 a
601 2640 630 2659 sc
652 2637 741 2659 alitem
772 2633 859 2668 primo
878 2636 1021 2671 cogitatas,

239 2676 374 2706 iuventas.
388 2677 552 2709 elaboratas,
571 2679 760 2714 perfectasque
776 2681 964 2715 pertractavit,
990 2681 1024 2707 li-

239 2721 372 2756 brumque
389 2722 463 2748 illum
482 2730 576 2757 parum
597 2723 628 2750 ad
639 2724 791 2751 doctrinam
809 2724 908 2760 Moysis
922 2725 1023 2751 intelli-

240 2766 354 2801 gendam
380 2767 541 2795 conducere.
569 2769 733 2802 Qzuesissem
759 2771 852 2806 utique
875 2771 990 2797 libenter
1006 2778 1020 2797 a

280 2854 291 2872 ⁸
307 2854 382 2882 Psal.
400 2863 457 2889 cui,
474 2858 501 2885 2.
539 2860 549 2875 ³
563 2859 577 2885 l
597 2859 664 2886 Tim.
674 2869 709 2892 vt,
723 2861 765 2888 16,
803 2860 903 2888 'Joan.
922 2861 1023 2892 xvu,5.

1075 1580 1148 1616 ἡμᾶς
1169 1579 1199 1605 τὸ
1219 1578 1315 1613 ψευδὲς
1339 1578 1428 1605 αὐτῶν
1452 1577 1649 1612 διελέγχοντας,
1674 1573 1715 1608 οἷς
1743 1576 1852 1610 ἐξαρκεῖ.

1074 1625 1124 1657 τὰς
1133 1623 1222 1652 αὐτῶν
1234 1624 1345 1650 ἐκείνων
1357 1622 1462 1658 βίϐλους
1473 1622 1600 1656 ἀλλήλαις
1614 1620 1851 1656 ἀντιπαραθὲντας,

1075 1672 1103 1698 ἐν
1112 1671 1210 1707 ἡσυχίᾳ
1222 1668 1305 1705 πολλῇ
1317 1669 1415 1701 θεατὰς
1425 1669 1513 1696 αὐτῶν
1521 1668 1566 1694 τοῦ
1580 1667 1698 1703 πολέμου
1710 1666 1851 1703 καθῆσθαι;

1074 1714 1143 1744 Οὔτε
1169 1716 1223 1752 γὰρ
1245 1715 1353 1752 ἀριθμῷ
1375 1715 1512 1747 ἐλάττους,
1538 1714 1598 1741 οὔτε
1626 1713 1764 1748 ἀξιώματι
1786 1714 1852 1747 ﬁcet-

1076 1759 1161 1800 μένοι,
1174 1763 1329 1798 πολυφωνίᾳ
1340 1762 1367 1788 δὲ
1379 1760 1425 1788 καὶ
1435 1761 1510 1797 παρὰ
1523 1761 1589 1788 πολὺ
1604 1757 1780 1796 διαφέροντες
1794 1759 1852 1796 πρὸς

1073 1808 1104 1835 τὸ
1119 1806 1238 1834 ἐναντίον
1254 1807 1346 1838 αὐτοῖς
1363 1805 1600 1832 ἀντικαϐίάτανται
1615 1800 1703 1838 λόγον.

1109 1854 1189 1887 lbid.,
1205 1854 1253 1881 litt.
1278 1853 1320 1881 i9.
1350 1852 1509 1885 Ἐποίησεν
1523 1848 1626 1885 ὁηΘεὸς
1647 1850 1702 1877 τόν
1722 1849 1850 1884 οὐρανόν.

1074 1901 1153 1929 Circa
1177 1900 1258 1935 hujus
1286 1899 1339 1927 loci
1367 1898 1564 1934 expositionem
1583 1902 1598 1924 a
1619 1896 1783 1931 quibusdam
1805 1896 1850 1921 Au-

1074 1948 1200 1984 gustinus
1228 1945 1386 1981 Eugubinus
1415 1945 1511 1972 acerbe
1539 1942 1685 1971 adtnodum
1712 1942 1850 1977 reprehen-

1074 1992 1158 2026 ditur,
1174 1997 1201 2020 et
1223 1993 1282 2027 ejus
1299 1991 1434 2027 expositio
1450 1990 1532 2017 veluti
1554 1989 1620 2017 falsa
1637 1993 1663 2016 et
1680 1987 1849 2024 perabsurda,

1073 2045 1098 2068 et
1120 2048 1134 2067 a
1158 2040 1312 2067 Christiana
1337 2038 1481 2073 disciplina
1506 2037 1657 2064 abhorrens
1679 2044 1738 2063 non
1761 2037 1849 2066 solum,

1073 2086 1120 2114 sed
1136 2090 1265 2120 tanquam
1284 2091 1441 2119 perversum
1462 2088 1488 2110 et
1509 2083 1622 2118 impium
1649 2082 1751 2117 dogma
1767 2081 1850 2116 explo-

1074 2133 1158 2160 ditur.
1176 2131 1224 2158 llic
1245 2138 1362 2165 namque
1376 2130 1403 2157 in
1423 2137 1471 2157 sua
1488 2127 1661 2163 Cosmoptcia,
1676 2133 1702 2155 et
1722 2132 1801 2155 tract.
1819 2125 1850 2153 De

1075 2178 1176 2205 naturis
1200 2177 1369 2211 incorporeis,
1386 2175 1481 2202 scribit
1503 2175 1601 2202 cmlum
1625 2180 1785 2209 empyreum
1798 2180 1849 2200 esss

1038 2215 1214 2257 unidpiam
1240 2226 1369 2248 aeternum
1393 2224 1420 2246 et
1452 2219 1614 2251 increatum,
1638 2218 1690 2245 hoc
1720 2222 1773 2252 est,
1797 2225 1849 2245 esse

1075 2267 1174 2299 lucem,
1198 2272 1224 2294 et
1248 2266 1397 2293 claritatem
1419 2265 1563 2300 quamdam
1587 2268 1745 2292 manantem
1766 2272 1796 2291 ex
1811 2264 1847 2291 Dei

1075 2313 1204 2343 essentia,
1228 2310 1254 2338 in
1276 2317 1328 2346 qua
1350 2310 1421 2337 Deus
1442 2315 1494 2342 est,
1515 2314 1542 2337 et
1560 2310 1592 2337 ad
1612 2310 1693 2345 cujus
1716 2310 1848 2345 participa-

1075 2359 1176 2386 tionem
1202 2362 1284 2393 atque
1309 2356 1466 2384 iruitionem
1490 2360 1545 2383 tam
1572 2356 1636 2383 boni
1659 2356 1752 2391 angeli
1778 2361 1847 2390 quam

1074 2404 1125 2432 viri
1145 2405 1210 2440 justi
1231 2403 1422 2431 admittuntur.
1449 2402 1512 2429 llaec
1534 2402 1606 2430 enim
1623 2405 1675 2433 est,
1698 2402 1796 2437 inquit,
1811 2401 1847 2427 illa

1075 2455 1176 2479 eterna
1190 2451 1233 2478 lux
1249 2454 1276 2477 et
1291 2450 1403 2477 claritas
1421 2449 1478 2480 Dei,
1496 2456 1556 2484 quae.
1577 2449 1604 2475 in
1621 2447 1762 2483 Scriptura
1779 2447 1848 2474 toties

1074 2497 1155 2532 justis
1178 2496 1334 2524 hominibus
1352 2502 1400 2530 pro
1425 2493 1550 2521 mercede
1576 2493 1701 2520 laborum
1726 2490 1848 2528 promitti-

1075 2548 1136 2571 tur:
1153 2543 1187 2571 de
1197 2551 1250 2578 qua
1264 2541 1467 2578 intelligendum
1485 2544 1561 2575 putat
1580 2539 1645 2566 illud
1659 2540 1734 2574 quod
1751 2540 1783 2567 de
1803 2538 1848 2565 Deo

1075 2591 1103 2618 in
1112 2590 1237 2626 psal.cut
1260 2588 1334 2616 canit
1346 2587 1440 2621 David,
1458 2587 1578 2614 Amictus
1590 2586 1687 2613 lumine
1698 2588 1767 2613 sicut
1783 2586 1847 2613 mti-

1075 2642 1161 2664 mento
1178 2638 1185 2651 ‘
1199 2646 1207 2669 ;
1222 2640 1249 2663 ct
1265 2635 1329 2662 illud
1344 2632 1422 2661 Pauli
1433 2643 1439 2660 :
1451 2633 1503 2666 Qui
1516 2633 1598 2660 lucem
1621 2632 1726 2659 habitat
1743 2634 1847 2660 inarm-

1075 2682 1175 2709 sibilem
1189 2682 1216 2716 ’;
1231 2686 1257 2708 ct
1271 2681 1335 2708 illud
1353 2680 1458 2707 Domini
1477 2679 1547 2715 apud
1565 2678 1715 2706 Joannem:
1734 2677 1848 2712 Clariﬁca

1076 2735 1131 2758 me,
1164 2731 1190 2752 tu
1221 2726 1319 2759 Pater,
1346 2725 1468 2751 claritate
1493 2732 1571 2759 quam
1597 2723 1679 2750 habui
1706 2724 1846 2758 priusquam

1076 2773 1188 2800 mundus
1211 2773 1294 2807 ﬁeret,
1320 2771 1390 2806 apud
1412 2775 1435 2798 te
1452 2770 1611 2805 '.Ejusdem
1631 2769 1702 2797 lucis
1722 2770 1846 2805 specimen
