1903 3068
55 122 105 151 81⁵1

54 179 187 217 quoddam
213 178 306 206 datum
333 181 376 205 est
400 177 429 205 in
456 176 698 213 transﬁguratione
724 175 834 204 Domini
847 179 871 208 Α

55 225 146 257 nostri,
154 229 181 252 et
188 224 216 251 in
227 224 294 251 rubo
304 223 415 259 Moysis,
422 227 449 251 et
461 224 488 250 in
499 223 558 258 ejus
566 223 641 250 vultu
649 230 682 250 ex
690 222 835 258 coll0quio,

56 276 80 299 et
95 269 293 298 consuetudine
312 277 374 296 cum
394 269 448 297 Deo
466 269 559 296 habita
582 277 665 304 supra
686 268 836 296 humanum

55 316 176 344 obtutum
203 315 410 350 resplendeute;
436 319 463 342 et
486 315 556 343 hanc
581 322 658 343 suam
680 315 836 350 opinionem

55 361 194 388 conﬁrmat
215 360 373 388 testimonio
398 359 492 387 Basilii
520 360 620 395 Magni.
643 360 689 395 qui
720 360 793 387 hom.
819 360 838 386 2

56 413 128 439 super
153 403 276 432 Senesim
299 405 382 432 tradit
397 405 491 433 eadem
514 406 605 433 omnia
619 405 725 434 'iisdem
746 406 837 434 verbis

58 459 114 487 quas
130 455 157 478 et
179 455 277 479 noster
295 450 456 479 Eustathius
473 459 534 486 pag.
553 451 597 479 50.
613 450 689 478 Hanc
703 450 837 487 Eugubini

57 497 213 525 sententiam
229 497 254 525 si
266 497 326 532 quis
340 497 403 525 velit
417 497 573 530 defendere,
583 498 658 525 omni
673 498 731 533 ipse
747 497 838 525 defen-

57 543 127 570 sione
146 541 279 578 indignus
302 542 365 570 erit.
382 542 488 570 Caelum
512 550 668 579 empyreum
691 542 762 570 Deus
783 550 838 570 non

57 591 103 620 est,
117 587 257 623 quomodo
275 596 340 624 ergo
354 592 497 621 aeternum,
516 589 652 624 quomodo
668 589 838 617 increatum?

57 632 109 660 Lux
133 632 192 660 hac
217 637 311 660 manat
336 640 369 660 ex
392 632 440 660 Dei
462 633 592 665 essentia,
611 632 748 667 quomodo
773 639 838 667 ergo

57 679 148 706 celum
170 679 353 714 empyreum?
374 682 402 706 et
426 679 450 706 si
468 679 567 706 coelum
590 686 748 714 empyreum
766 677 838 705 Deus

57 728 104 757 est,
121 724 260 759 quomodo
276 724 417 760 Scriptura
431 732 487 753 non
502 724 604 752 insanit
622 724 656 752 de
671 725 718 752 illo
731 724 837 757 dicens,

58 772 88 799 In
102 772 230 806 principio
249 772 347 799 creavit
366 771 436 799 Deus
450 772 543 799 caelum
558 772 568 788 ⁵
580 772 591 799 ?
604 779 743 807 nunquam
764 771 838 799 dice-

60 825 112 845 rem
125 825 182 845 rem
197 817 321 853 ejusdem
336 825 397 844 eum
409 817 464 845 Deo
475 818 601 846 essentia:
611 825 665 845 non
673 825 734 845 esse
743 816 836 844 Deum.

543 119 578 147 IN
597 119 783 148 EUSTATBII
804 117 1040 146 ΒΕΧΑΕΜΕΒΟΝ
1056 117 1172 146 ΝΟΤΞ.

885 175 1008 202 Platonis
1031 175 1105 202 varie
1123 174 1251 210 explicat,
1269 181 1296 202 et
1318 176 1437 204 rationes
1458 174 1545 211 aperit
1561 175 1675 204 Prorlus

886 221 1064 250 Commentar.
1073 222 1100 249 in
1110 221 1249 255 Timaeum,
1255 225 1281 249 et
1290 221 1468 250 Ciceroetiam
1477 230 1496 250 ιι
1505 221 1604 250 Denat.
1613 222 1675 250 dso-

886 276 956 299 rum,
965 269 1045 302 Quid,
1053 268 1152 303 inquit,
1161 267 1297 302 pulchrius
1304 275 1334 294 ea
1343 268 1439 302 ﬁgura.
1451 276 1508 303 quae
1518 267 1576 295 sola
1585 275 1674 295 omnes

889 317 958 344 alias
967 317 1067 351 ﬁguras
1078 314 1213 348 complexa
1223 315 1461 349 continet,qu¢eque
1471 314 1535 341 nihil
1544 315 1676 349 asperita-

889 364 923 390 tis
930 362 1035 394 habere,
1047 361 1112 389 nihil
1123 360 1276 395 offensionis
1292 359 1461 394 potest.niltil
1470 360 1581 387 incisum
1594 368 1676 396 angu-

889 410 933 442 lis,
946 408 1012 436 nihil
1021 407 1196 442 anfractibus,
1206 406 1273 433 nihil
1285 406 1412 437 eminens.
1424 405 1489 432 nihil
1503 405 1675 433 lacunosum!

888 455 1034 483 Alcinorize
1057 453 1261 481 lntroductione
1280 452 1308 479 in
1324 451 1447 479 Platonis
1464 452 1674 487 philosophiam,

888 501 984 537 Σχῆμα
994 501 1016 527 δ’
1024 499 1098 535 αὐτῷ
1106 498 1251 534 περιέθηκε.
1257 498 1287 524 τὸ
1293 497 1471 532 σφαιροειδὲς,
1478 497 1678 532 εὐμορφότατον

890 555 940 582 σχη
945 546 1047 582 μάτων,
1056 545 1103 572 καὶ
1111 543 1332 580 πολυχωρότατον
1338 542 1604 577 καὶεὺκινητότατον.
1612 543 1678 576 Qua

889 601 944 620 non
961 599 1114 628 repugnare
1134 590 1237 618 divinis
1260 589 1369 621 litteris,
1385 588 1452 624 quin
1477 588 1541 616 inde
1560 596 1614 615 non
1629 589 1678 616 ob-

889 646 970 667 scure
984 637 1087 672 colligi,
1113 636 1270 664 conﬁrmari
1292 639 1382 670 potest
1398 642 1432 662 ex
1449 634 1504 662 illis
1520 634 1610 662 verbis
1625 635 1678 661 ini-

889 685 928 712 tio
944 684 1144 711 Ecclesiastes:
1161 682 1209 710 Sol
1225 681 1332 713 occidit,
1347 687 1372 709 et
1393 682 1419 708 in
1441 681 1527 709 locum
1546 689 1623 708 suum
1638 689 1678 708 rs-

890 730 1010 762 vertitur,
1020 729 1106 764 ibique
1118 737 1256 756 renascens
1269 733 1348 763 gyrat
1361 735 1407 762 per
1430 726 1573 754 meridiem.
1581 731 1606 754 et
1629 727 1678 761 ﬂe-

890 777 971 804 ctitur
993 775 1028 803 ad
1044 774 1213 810 aquilonem:
1229 774 1347 801 lustrans
1371 774 1498 801 universa.
1517 774 1544 800 in
1567 773 1680 800 circuitu

891 822 974 857 pergit
986 821 1106 856 spiritus,
1122 821 1185 848 etin
1198 820 1312 847 circulos
1327 828 1388 847 suos
1401 820 1576 849 revertitur}.
1591 818 1681 852 Quare

58 863 112 890 Lux
133 870 197 898 ergo
217 863 277 890 haec
296 867 354 896 tua,
368 866 394 890 et
414 863 514 891 caelum
528 871 684 900 empyreum
702 863 775 891 Deus
788 868 840 897 est,

894 868 1073 904 Hieronymus
1095 868 1124 896 in
1144 867 1245 895 Comm.
1262 874 1323 902 cap.
1336 875 1353 893 v
1375 865 1461 901 Epist.
1487 865 1525 892 ad
1553 865 1680 900 Ephesios

57 912 82 936 et
100 913 217 941 creator,
231 913 260 937 et
273 917 383 937 rursum
398 908 538 937 diversum
559 917 574 936 a
594 909 648 937 Deo
663 915 690 937 et
704 914 839 937 creatura.

58 953 142 990 Neque
166 955 302 983 sententia
329 954 464 983 Eustathii
487 959 515 983 et
541 955 645 989 Basilii,
668 964 736 991 quos
759 957 842 983 etiam

58 1000 157 1028 videtur
170 1004 285 1029 secutus
300 1000 490 1029 Theodoretus
505 1001 534 1028 in
552 1000 683 1033 Genesim,
701 1006 728 1029 et
742 1001 843 1029 Metho-

59 1046 133 1078 dius,
151 1046 210 1074 sive
233 1045 397 1075 Timotheus
419 1048 563 1084 presbyter
582 1047 842 1084 llierosolymitaaus

59 1093 172 1120 oratione
187 1093 215 1119 in
231 1093 429 1127 Hypapantem,
447 1093 521 1121 illius
529 1094 693 1121 sententiam
713 1095 841 1129 probant,

61 1144 105 1165 nec
128 1137 235 1172 pondus
263 1138 378 1172 addunt,
406 1146 457 1166 nec
486 1139 653 1168 ﬁrmitatem.
683 1138 789 1167 Etenim
814 1138 842 1167 hi

61 1181 147 1210 Patres
167 1183 258 1211 lucem
278 1184 352 1211 illam
382 1185 414 1220 et]
428 1185 579 1212 claritatem
594 1193 675 1220 quam
693 1186 842 1213 increatam

61 1231 185 1259 statuunt,
210 1228 349 1256 diversam
373 1229 407 1256 ab
431 1237 464 1257 ea
486 1237 547 1265 quae
570 1238 621 1257 una
639 1238 699 1257 cum
719 1231 798 1262 coelo,
816 1234 843 1258 et

61 1277 137 1305 terra.
154 1278 180 1301 et
198 1274 295 1302 eadem
315 1275 421 1302 ratione
442 1283 496 1310 qua
519 1276 618 1303 caelum
633 1280 665 1303 et»
684 1279 756 1303 terra
777 1283 842 1311 pro-

63 1319 135 1347 ducta
156 1324 211 1353 est,
245 1321 370 1355 quamvis
400 1321 484 1349 nullis
515 1321 653 1355 tenebris,
680 1323 748 1350 nulli
779 1330 842 1349 cor-

62 1366 182 1400 ruptioni,
200 1367 277 1394 nulli
294 1367 410 1402 tempori
430 1367 548 1394 obnoxia
566 1367 611 1400 sit,
635 1375 689 1395 non
709 1367 843 1395 aﬁirmant

62 1417 117 1438 esse
135 1412 239 1439 caelum
258 1419 426 1448 empyreum,
450 1420 501 1440 nec
522 1413 620 1440 caelum
644 1413 710 1441 illud
732 1413 766 1441 de
789 1421 843 1449 quo

64 1455 171 1490 dicitur,
186 1457 220 1484 In
240 1458 368 1493 principio
386 1458 482 1485 crearit
498 1457 569 1485 Deus
586 1458 680 1489 uelum
693 1463 717 1486 et
733 1463 841 1486 terram.

65 1500 112 1529 Sed
135 1503 168 1531 de
191 1503 244 1532 hac
270 1503 383 1531 Patrum
413 1504 549 1532 sententia
578 1504 644 1539 quid
669 1505 842 1533 sentiendum

64 1547 105 1581 sit,
120 1552 147 1576 et
157 1556 192 1577 an
212 1550 249 1578 sit
271 1550 343 1578 inter
363 1549 562 1582 memorabilia,
580 1554 609 1576 et
627 1550 763 1585 paradoxa
778 1550 843 1585 reji-

66 1593 164 1628 cienda,
181 1596 209 1624 in
229 1597 359 1632 praesenti
372 1604 426 1623 non
439 1596 534 1631 judico
549 1606 555 1622 :
573 1596 686 1624 inferius
701 1598 773 1624 enim
789 1606 843 1625 una

65 1647 120 1667 cum
132 1640 276 1669 Eustatbio
289 1650 350 1678 pag.
365 1642 414 1682 60‘,
426 1642 549 1669 dicemus
569 1642 670 1676 aliqua,
688 1648 844 1671 reverenter

65 1689 156 1714 tamen.
167 1686 292 1716 Veneror
302 1696 420 1723 namque
433 1688 504 1717 dicta
512 1688 623 1716 Patrum
634 1688 841 1722 catholicorum,

66 1733 90 1757 et
102 1738 189 1759 verum
205 1732 308 1764 dicam,
326 1733 420 1760 adoro.

856 1535 877 1563 C

98 1777 152 1806 Col.
161 1779 222 1811 709,
232 1779 282 1806 lin.
291 1778 335 1806 50.
351 1779 382 1806 ὀ
390 1778 508 1813 στήσας
516 1781 569 1807 τὸν
579 1780 718 1814 οὐρανόν.
727 1779 844 1807 Basilius

68 1823 132 1851 hom.
157 1825 167 1851 l
194 1826 222 1852 in
252 1825 432 1853 Hexaemeron
448 1826 520 1853 :Kal
550 1826 614 1862 περὶ
636 1826 682 1853 τοῦ
707 1827 844 1862 σχήματος

67 1870 92 1896 δὲ
105 1871 181 1898 ικανὰ
198 1872 266 1908 ἡμῖν
283 1871 317 1898 τὰ
335 1873 403 1908 παρ“
422 1872 505 1900 αὑτοῦ
522 1873 643 1905 είπόντος
664 1874 693 1900 ἐν
707 1873 845 1909 δοξολογίᾳ

68 1913 137 1949 Θεοῦ,
156 1917 186 1944 ὐ
210 1916 331 1950 στήσας
346 1917 400 1944 τὸν
417 1917 546 1952 οὐρανὸν
562 1917 633 1945 ὡσεὶ
645 1917 790 1953 καμάραν.
804 1918 845 1945 Τὰ

69 1962 131 1989 αὐτὰ
143 1963 170 1990 δὲ
185 1964 273 1991 ταῦτα
288 1965 334 1991 καὶ
349 1964 413 1999 περὶ
422 1965 472 2000 τῆς
484 1965 536 2000 γῆς
555 1965 772 2000 συμϐουλεύομεν
783 1965 845 1992 ἑαυ-

69 2010 126 2040 τοῖς,
142 2010 178 2045 μὴ
194 2011 432 2047 πολυπραγμονεῖν
448 2011 532 2046 αὐτῆς
546 2012 595 2047 τὴν
608 2012 700 2038 οὐσίαν
709 2012 771 2047 ἥτις
781 2012 845 2038 ποτέ

71 2053 144 2082 ἐστιν.
162 2055 202 2083 De
223 2055 311 2091 ﬁgura
329 2056 393 2084 cceli
412 2056 483 2091 apud
504 2060 611 2084 veteres
630 2057 778 2084 maximum
795 2057 846 2085 iuit

71 2097 219 2133 dissidium;
237 2109 332 2128 eorum
355 2102 453 2136 placita
474 2106 573 2137 praeter
595 2103 662 2130 alios
678 2102 762 2130 refert
781 2101 846 2129 Plu-

71 2145 182 2178 tarchus,
194 2147 230 2174 lih
237 2169 243 2175 .
255 2155 273 2175 ιι
285 2147 321 2174 De
328 2148 418 2182 plaeit.
427 2147 787 2183 philosoph.;Theodoretus,
797 2149 844 2176 lib.

73 2189 106 2217 De
118 2197 209 2240 natura
223 2199 249 2222 et
270 2194 388 2227 mundo;
409 2194 580 2227 Aristoteles,
595 2195 642 2222 lib.
668 2203 686 2222 ιι
706 2195 743 2222 De
770 2196 844 2228 caelo,
862 2213 883 2240 Β

73 2243 124 2271 cap.
138 2238 170 2271 4;
186 2239 358 2273 Ptolemaeus,
376 2241 424 2269 lib.
447 2249 466 2274 I,
486 2249 511 2269 c.
530 2241 546 2268 5
562 2240 689 2268 editionis
710 2248 794 2276 mag.,
818 2244 846 2268 et

74 2281 126 2315 ejus
136 2291 330 2314 commentator
343 2286 436 2314 Theon
455 2287 672 2320 Alexandrinus;
688 2286 845 2314 Cleomedes

75 2326 99 2353 in
111 2328 215 2358 Πειθοῖ.
230 2332 278 2360 lib.
290 2340 309 2364 ι,
322 2337 350 2360 et
364 2333 408 2359 alii
424 2333 517 2360 multis
529 2333 682 2360 rationibus
698 2337 725 2360 et
738 2334 846 2368 experi-

75 2375 164 2403 mentis
179 2378 342 2413 sphzericum
358 2386 420 2406 esse
431 2379 558 2413 probant.
574 2378 651 2406 Plato
666 2386 698 2406 ea
717 2379 751 2406 de
765 2387 795 2406 re
808 2379 845 2406 ita

75 2419 174 2455 scripsit
191 2422 218 2449 in
234 2423 332 2450 Timwo
345 2430 354 2449 :
368 2423 413 2459 Τῷ
426 2423 480 2459 γὰρ
499 2423 534 2450 τὰ
547 2423 634 2450 πάντα
654 2424 684 2450 ὲν
703 2423 777 2459 αὑτῷ
789 2424 846 2456 ζῶα

75 2465 198 2502 περιέχειν
210 2469 331 2504 μέλλοντι
347 2468 410 2505 ζώῳ
431 2469 535 2504 πρέπον
551 2469 583 2496 ἂν
596 2469 639 2505 εἴη
652 2471 743 2505 σχῆμα
755 2470 787 2496 τὸ
799 2479 847 2496 πε-

78 2510 201 2546 ριειληφὸς
217 2515 245 2540 ὲν
271 2514 345 2550 αὐτῷ
362 2515 450 2542 πάντα
472 2515 557 2543 ὁπόσα
575 2516 714 2550 σχήματα”
736 2515 776 2542 διὸ
799 2516 846 2542 καὶ

78 2558 231 2590 σφαιροειδὲς
249 2560 282 2586 ὲκ
297 2560 379 2595 μέσον
400 2560 487 2596 πάντη
503 2560 572 2596 πρὸς
587 2561 636 2592 τὰς
650 2561 777 2592 τελευτὰς
793 2561 848 2587 ἴσον

79 2600 169 2637 ἀπέχον
180 2606 339 2642 κυκλοτερὲς
353 2606 418 2633 abab
434 2607 610 2642 ὲτορνεύσατο
624 2607 732 2634 πάντων
752 2607 849 2634 τελειό-

79 2653 158 2680 τατον,
174 2650 327 2684 ὁμοιότατον
341 2653 370 2678 τέ
383 2651 448 2679 αὐτὸ
461 2651 548 2686 ἑαυτῷ
566 2652 723 2687 σχημάτων.
736 2652 848 2688 νομίσας

81 2694 160 2729 μυρίῳ
172 2696 276 2724 κάλλιον
289 2698 380 2732 ὅμοιον
402 2697 544 2733 ἀνομοίου”
559 2696 628 2724 λεῖον
641 2697 668 2724 δὲ
688 2697 779 2733 κύκλῳ
794 2699 848 2724 πᾶν

81 2737 168 2771 lit-302v
181 2742 244 2769 αὐτὸ
259 2743 443 2779 ἁπηκριὸοῧτο
457 2743 560 2770 πολλῶν
571 2744 660 2780 χάριν.
682 2744 744 2772 Haec
767 2745 848 2772 verba

112 2815 123 2832 ⁸
140 2818 200 2846 lien.
218 2829 244 2856 I,
267 2822 292 2849 Ι.
330 2822 340 2837 ⁸
363 2821 448 2849 Eccle.
470 2830 495 2854 ι,
516 2822 543 2854 5,
562 2822 588 2848 6.

893 914 1013 950 graviter
1031 921 1078 941 eos
1095 913 1228 948 increpat,
1244 912 1292 948 qui
1315 913 1413 939 cretum
1428 919 1482 939 non
1497 911 1617 946 undique
1633 919 1679 938 ro-

893 959 1018 991 tundum,
1032 958 1080 986 sed
1091 958 1205 986 fornicis
1221 958 1301 986 modo
1314 960 1458 985 curvatum
1471 956 1584 984 iaciunt.
1601 956 1679 990 Quod

893 1007 1004 1035 omnino
1019 1009 1122 1033 certum
1135 1008 1178 1033 est
1186 1011 1248 1032 cum
1260 1012 1315 1032 non
1325 1003 1480 1031 rationibus
1493 1007 1600 1030 tantum
1614 1010 1680 1030 cou-

893 1052 1030 1083 vincatur,
1051 1051 1100 1079 sed
1122 1051 1310 1085 experimento
1331 1050 1413 1077 etiam
1441 1054 1610 1084 compertum
1632 1050 1679 1081 sit,

893 1097 992 1132 duplex
1018 1096 1069 1124 hoc
1091 1095 1310 1131 hemisphaerium
1329 1103 1400 1126 esse,
1422 1099 1449 1122 et
1470 1095 1613 1131 antipodas
1632 1094 1681 1122 ad-

892 1150 971 1170 versa
986 1142 1066 1170 nobis
1091 1141 1207 1178 vestigia
1222 1148 1357 1177 premere,
1383 1141 1416 1169 de
1434 1140 1535 1176 quibus
1554 1139 1680 1169 Manilius

894 1196 921 1223 in
937 1196 1088 1223 Astronam.
1097 1203 1108 1222 :

930 1241 985 1268 Nec
997 1241 1084 1268 minor
1098 1245 1136 1267 est
1150 1240 1204 1267 illis
1221 1240 1344 1272 mundus,
1359 1248 1404 1266 nec
1417 1239 1514 1266 lumine
1528 1239 1602 1274 pejor
1615 1247 1625 1271 ;

929 1276 986 1304 Nec
998 1284 1136 1303 numerosa
1151 1276 1237 1302 minus
1251 1280 1396 1303 nascuntur
1410 1275 1498 1302 sidera
1512 1275 1540 1301 in
1558 1274 1619 1301 orbe
1634 1281 1645 1300 :

893 1331 920 1354 et
940 1327 985 1354 alii
1002 1333 1118 1362 quorum
1133 1325 1253 1353 rationes
1271 1326 1344 1361 leges
1365 1324 1393 1351 in
1411 1324 1481 1352 locis
1493 1323 1680 1351 avnobis-lau-

893 1373 975 1400 datis.
989 1371 1051 1399 Haec
1068 1380 1180 1407 namque
1194 1372 1292 1406 ﬁgura,
1304 1375 1334 1398 ut
1345 1371 1382 1397 ait
1390 1369 1497 1396 Plinius
1509 1369 1555 1396 lib.
1567 1376 1597 1400 ιι,
1615 1376 1640 1396 c.
1652 1369 1681 1401 Ξ,

894 1419 1014 1446 omnibus
1030 1419 1085 1445 suis
1101 1418 1220 1452 partibus
1235 1417 1315 1451 uergit
1332 1417 1361 1443 in
1376 1424 1442 1448 sese,
1461 1424 1492 1441 ac
1503 1414 1553 1442 sibi
1563 1415 1622 1448 ipsa
1641 1419 1682 1441 ιο-

893 1465 1005 1492 leranda
1029 1469 1078 1496 est,
1099 1472 1176 1499 seque
1203 1463 1326 1497 includit,
1347 1467 1375 1490 et
1401 1462 1526 1495 continet,
1546 1461 1682 1488 nullarum

894 1519 969 1548 egens
985 1511 1180 1546 compaginatus.
1206 1509 1263 1537 Ille:
1284 1510 1363 1545 ﬁnem
1382 1514 1430 1535 aut
1447 1508 1606 1543 principium
1619 1507 1681 1534 ullis

894 1558 949 1585 suis
957 1557 1078 1591 partibus
1098 1557 1223 1588 sentiens,
1239 1564 1284 1582 nec
1298 1556 1361 1590 quia
1372 1554 1407 1581 ad
1422 1559 1533 1585 motum,
1548 1562 1598 1589 quo
1617 1553 1681 1580 sub-

894 1603 953 1631 inde
966 1604 1031 1630 verti
1056 1602 1159 1632 debeat.
1170 1607 1198 1628 ut
1214 1609 1276 1628 mea:
1294 1601 1440 1635 apparebit,
1459 1600 1523 1627 talis
1541 1599 1682 1634 aptissima

893 1653 942 1680 est,
959 1649 1004 1676 sed
1019 1648 1155 1676 oculorum
1175 1655 1276 1682 quoque
1289 1646 1443 1681 probatione
1454 1645 1523 1681 quod
1541 1653 1680 1676 convexus,

894 1695 1046 1730 mediusque
1070 1701 1223 1729 quacunque
1246 1697 1380 1724 cernatur,
1398 1700 1459 1718 cum
1480 1692 1507 1718 id
1526 1692 1642 1718 accidere
1653 1693 1682 1718 in

895 1742 950 1769 alia
975 1750 1028 1768 non
1053 1740 1136 1773 passit
1153 1740 1250 1774 ﬁgura.
1273 1737 1306 1766 Et
1329 1737 1490 1766 Theodorus
1514 1737 1682 1765 Prodromus

894 1786 997 1822 Dialog.
1017 1785 1050 1813 de
1067 1786 1148 1812 amic.
1165 1785 1258 1812 exsule
1275 1794 1281 1812 ε
1299 1784 1335 1810 Ἦ
1351 1783 1391 1815 τίς
1409 1783 1454 1810 τὸν
1467 1783 1555 1818 εὐρὺν
1570 1783 1683 1818 οὐρανὸν

894 1831 942 1858 καὶ
962 1831 1008 1858 τὸν
1025 1830 1111 1866 μέγαν
1134 1830 1278 1865 ἄκαμπτον
1300 1828 1364 1855 ὂντα
1387 1828 1417 1855 τὸ
1437 1830 1501 1863 πρὶν
1519 1827 1681 1862 εὐθυωρίαν,

895 1877 966 1913 ἀρχῇ
985 1876 1116 1903 πυθέσθαι
1132 1875 1178 1902 τοῦ
1202 1875 1290 1909 λόγοις
1302 1875 1348 1901 τοῦ
1363 1874 1483 1910 φαμένου
1503 1873 1626 1909 ἔκαμψεν
1643 1875 1683 1905 είς

894 1921 943 1957 τὴν
960 1922 1077 1957 σφαῖραν
1097 1921 1121 1947 εί
1135 1920 1172 1956 μὴ
1187 1919 1276 1955 φιλία;
1295 1917 1351 1947 οἷον
1365 1920 1419 1955 γὰρ
1433 1921 1519 1946 εἰπεῖν
1539 1919 1578 1951 ὡς
1598 1919 1683 1946 καλοῦ

895 1967 942 1993 καὶ
957 1967 1072 2002 κοσμίου
1091 1967 1162 2002 ὲρῶν
1183 1966 1279 1993 ἑαυτοῦ
1297 1966 1365 2002 πρὸς
1386 1966 1485 1993 κύκλον
1499 1962 1682 2001 συνεστράφη,

896 2011 991 2038 ἑαυτὸν
1016 2010 1090 2046 αὐτῷ
1117 2010 1214 2046 φιλιῶν
1252 2010 1419 2046 πανταχόθεν
1453 2011 1500 2037 καὶ
1527 2011 1684 2037 παντάπασι

897 2055 1141 2092 συμπερισφίγγων
1157 2057 1238 2091 μέρη.
1253 2056 1282 2082 Ιιι
1293 2056 1365 2083 hanc
1379 2055 1542 2083 sententiam
1558 2056 1609 2090 legi
1623 2063 1685 2090 pos-

897 2106 961 2129 sunt
978 2106 1006 2129 et
1020 2109 1081 2136 qua:
1095 2101 1176 2129 habet
1190 2102 1316 2129 Clemens
1336 2101 1487 2133 Romanus,
1502 2101 1549 2128 lib.
1561 2108 1609 2128 vui
1634 2101 1684 2128 Rs-

897 2148 995 2183 cognit.
1010 2146 1112 2175 Verum
1137 2147 1257 2182 antiquis
1277 2146 1410 2174 Patribus
1428 2148 1514 2175 mirus
1529 2147 1556 2174 in
1569 2147 1619 2174 hoc
1634 2146 1684 2173 fuit

898 2202 1061 2226 consensus,
1083 2194 1182 2222 cmlum
1204 2194 1310 2221 scilicet
1325 2202 1379 2221 non
1399 2201 1461 2221 esse
1477 2193 1620 2221 rotundum
1635 2193 1684 2220 sed

899 2241 987 2268 instar
995 2239 1119 2271 fornicis,
1130 2243 1160 2266 ut
1173 2239 1305 2266 habemus
1318 2238 1362 2266 hic
1372 2247 1405 2266 ex
1420 2243 1514 2266 nostro
1529 2238 1684 2270 Eustathio.

898 2285 1016 2317 Basilio,
1045 2284 1242 2320 Chrysostomo
1272 2284 1346 2312 hom.
1380 2284 1414 2310 Ν
1446 2288 1472 2311 et
1502 2285 1535 2311 l7
1564 2284 1598 2311 ad
1628 2283 1683 2311 lle-

899 2331 994 2363 brteos,
1014 2330 1179 2365 Augustino,
1193 2330 1211 2356 l.
1229 2337 1248 2357 ιι
1273 2329 1314 2356 De
1331 2328 1424 2357 Gener.
1444 2329 1478 2356 ad
1493 2330 1620 2361 litteram,
1636 2330 1683 2365 qui

899 2380 926 2404 et
942 2377 1007 2404 alibi
1026 2377 1063 2404 ait
1078 2385 1108 2404 se
1123 2377 1259 2408 dubitare,
1275 2377 1317 2403 An
1330 2382 1400 2403 terra
1422 2376 1485 2403 caelo
1505 2367 1617 2412 undique
1635 2377 1685 2403 cir-

899 2423 1019 2458 cumfuso
1033 2423 1207 2450 contineatur.
1222 2422 1350 2456 Ejusdem
1364 2422 1506 2449 sententia:
1522 2421 1573 2448 fuit
1588 2426 1684 2449 auctor

898 2469 961 2496 libri
985 2469 1204 2497 Christianorqu
1227 2468 1387 2502 nuncupali,
1415 2472 1444 2494 ut
1466 2467 1550 2494 refert
1571 2467 1684 2495 Pbotius

897 2514 924 2541 in
941 2513 1067 2541 Biblioth.
1084 2514 1161 2541 ;Ὅτι
1177 2513 1191 2539 ό
1204 2512 1372 2549 οὐρανὺςοὺκ
1380 2512 1437 2538 ἐστι
1455 2511 1608 2547 σφαιρικὺς,
1623 2512 1684 2538 οὐδὲ

897 2561 913 2595 ὴ
927 2560 974 2595 γῆ.
992 2559 1049 2587 ἀλλ’
1061 2561 1075 2587 ὁ
1092 2559 1143 2595 μὲν
1157 2559 1224 2586 ὡσεὶ
1238 2559 1364 2594 καμάρα,
1379 2559 1426 2593 ἡδὲ
1439 2559 1620 2594 ἑτερομήκης,
1636 2557 1683 2584 καὶ

897 2606 1056 2641 κεκόλληται
1077 2605 1112 2632 τὰ
1126 2605 1233 2641 πέρατα
1244 2604 1291 2632 τοῦ
1311 2604 1424 2640 οὐρανοῦ
1441 2604 1509 2640 πρὸς
1523 2604 1556 2631 τὰ
1577 2603 1684 2639 πέρατα

895 2653 945 2688 τῆς
955 2652 1016 2687 γῆς.
1034 2651 1193 2680 Theodorus
1207 2651 1269 2679 item
1283 2651 1432 2686 episcopus
1458 2649 1601 2678 Tarsensis
1618 2650 1635 2676 Ι.
1651 2657 1683 2677 ιιι

895 2697 997 2725 Contra
1022 2697 1105 2724 fatum
1124 2697 1217 2725 multis
1237 2697 1288 2724 hoc
1309 2696 1380 2724 idem
1403 2696 1539 2731 capitibus
1557 2695 1684 2730 exsequi-

897 2748 951 2777 tur,
964 2748 994 2771 ut
1010 2743 1124 2772 habetur
1139 2744 1210 2779 apud
1225 2743 1349 2772 l‘hotium
1362 2744 1420 2770 :‘Ev
1434 2743 1462 2770 δὲ
1473 2742 1511 2778 τῷ
1525 2742 1609 2778 τρίτῳ
1624 2751 1684 2771 πευ-
