1903 3068
907 109 1032 138 LEONIS
1051 109 1189 138 ALLATII

1812 105 1864 135 830

242 174 322 212 ρᾶται
338 168 386 208 μὲν
399 171 442 198 διά
454 179 484 197 τε
498 170 545 198 τοῦ
566 174 608 196 ια’
624 170 700 198 κάτω
715 171 760 198 καὶ
777 171 824 197 τοῦ
842 170 896 206 κβ’,
910 171 956 197 καὶ
970 170 1010 206 μὴ

1075 169 1182 197 Elenclti
1191 173 1281 198 contra
1289 171 1382 198 Itum.
1393 177 1402 196 :
1412 169 1556 203 Γεγσνίναι
1568 169 1608 200 δὲ,
1618 168 1654 194 τὰ
1667 168 1757 203 ἄστρα
1769 168 1802 194 ἐκ
1813 169 1864 203 γῆς

239 219 288 246 καὶ
303 218 349 245 τοῦ
371 218 463 254 τρίτου
479 218 527 244 καὶ
543 217 678 249 εἰκοστοῦ,
698 218 745 244 καὶ
764 220 788 243 κ’
806 217 854 244 καὶ
867 217 888 244 δ’
904 217 1025 252 ἐλέγχειν

239 265 300 296 τοὺς
315 265 360 291 τὸν
378 263 492 299 οὐρανὸν
509 263 652 298 σφαιρικὴν
673 263 892 298 ὐποπιθεμένους.
909 263 945 290 Οὐ
963 263 1025 298 μέν·

236 318 310 344 τοιγε
323 309 367 336 διὰ
387 309 440 338 τῶν
459 310 534 345 ἰσχὺν
553 309 669 344 ἐχόντων
690 310 714 335 οἱ
733 309 837 344 ἔλεγχοι
854 309 970 344 πρόεισι.
988 309 1024 336 Τὸ

236 355 379 391 σφαιρικὸν
386 355 414 382 δὲ
431 356 460 382 οὐ
476 355 597 390 βούλεται
611 357 760 391 συγχωρεῖν
772 355 810 389 τῷ
827 355 942 391 οὐρανῷ·
957 355 1023 383 διότι

236 401 341 436 νομίζει
356 401 404 436 τὴν
427 401 598 437 εἱμαρμένην
612 402 644 428 ἐκ
661 402 709 436 τῆς
728 402 853 437 τοιαύτης
866 401 1022 435 εἰσάγεσθαι

235 446 345 478 θέσεως.
365 446 497 479 Quamvis
523 447 604 481 hujus
621 447 755 475 rationem
778 447 815 474 uti
835 447 942 474 minimi
964 456 1023 474 mn-

234 492 318 519 menti
332 492 440 520 refellat
454 492 523 520 idem
539 492 653 520 Photius
664 493 763 520 ibidem
780 502 787 520 :
803 493 899 522 Καίτοι
910 493 1022 529 οὐδεμία

232 538 312 564 ¹¹ξοῦιιτο
328 538 463 570 ἀπόδειξις
477 538 646 571 ὲχὸιάζεται·
662 540 692 566 οὐ
714 539 779 575 γὰρ,
795 539 822 566 εἴ
836 548 867 574 γε
880 540 1022 575 σψαιριιώς

233 584 248 610 ὁ
261 583 385 618 οὐρανὸς,
405 585 453 611 καὶ
467 585 497 611 τὸ
510 586 559 619 τῆς
580 585 751 620 εἱμαρμένης
777 585 805 618 ἐξ
820 585 941 621 ἀνάγκης
959 594 1021 612 συν-

235 627 352 655 ίσταται.
370 627 529 667 Lactantius
542 629 559 655 Ι.
577 637 593 655 v
611 629 698 656 Divin.
719 630 794 660 ἐπει..
815 637 840 657 c.
853 629 899 661 24,
915 630 1020 658 deridet

231 681 280 702 eos
292 675 339 709 qui
354 675 453 702 calum
482 675 642 709 rotundum,
658 680 685 703 et
700 676 728 703 in
751 683 846 704 omnes
862 681 954 712 partes
970 677 1019 704 de-

230 727 331 747 vexum
355 720 540 748 crediderunt.
558 721 709 756 Procopius
732 729 794 750 eam
818 723 959 751 mordicus
982 723 1019 750 ita

229 765 353 794 defendit
368 766 470 795 Comm.
487 767 514 794 in
527 766 605 800 Gem,
622 772 653 795 ut
668 775 762 796 eorum
778 769 954 800 sententiam,
971 769 1018 803 qui

229 812 330 840 emittm
347 812 497 847 praedicant
510 814 670 846 rotundum,
687 821 702 840 a
725 814 860 842 catholica
875 814 1018 850 disciplina

227 864 307 886 vocet
323 859 458 892 alienam;
473 860 511 886 ait
530 860 601 887 enim
616 869 623 888 :
640 861 766 888 Assertio
787 860 936 888 dicentium
961 867 1017 888 co:-

227 905 284 932 lum
305 913 366 934 esse
382 905 473 941 figurae
497 907 646 941 sphmricm,
665 911 691 934 et
713 907 841 934 circulari
856 910 930 934 motu
949 914 1015 936 con-

226 951 306 984 verti,
325 959 378 978 non
394 952 542 979 concordat
564 953 721 980 orthodoxa:
740 953 860 985 veritati,
882 953 928 980 sed
949 960 1015 980 con-

226 988 336 1023 tradicit
358 996 454 1032 Moysi,
478 997 627 1032 prophetis,
652 997 745 1030 Paulo,
769 1002 797 1025 et
820 998 943 1030 Christo,
967 998 1014 1033 qui

224 1041 296 1070 hanc
311 1043 467 1078 opinionem
483 1044 585 1078 ubique
608 1045 635 1071 in
649 1044 750 1072 divinis
768 1044 917 1079 Scripturis
933 1044 1014 1072 refel-

224 1084 292 1115 lunt,
320 1085 451 1118 docentes
470 1086 582 1118 malum,
603 1094 692 1122 neque
706 1087 810 1114 circulo
834 1087 910 1121 ferri,
926 1095 1014 1122 neque

224 1129 385 1164 sphazricam
409 1130 525 1158 formam
543 1131 655 1162 habere,
669 1131 716 1159 sed
736 1132 877 1160 immobile
898 1140 1013 1167 prorsus

223 1183 296 1209 esse.
312 1177 400 1211 Atque
411 1177 483 1204 idem
499 1177 550 1206 hoc
565 1178 663 1212 repetit
681 1177 763 1210 infra,
775 1185 836 1212 cap.
853 1177 878 1210 7,
896 1182 923 1205 et
937 1178 1013 1206 vide-

223 1225 268 1249 tur
282 1227 423 1251 mutuatus
437 1231 452 1251 a
467 1223 674 1259 Chrysostomo,
691 1231 706 1251 a
722 1232 777 1259 quo
792 1225 856 1253 item
880 1232 930 1252 sua
945 1224 1013 1255 bau-

222 1273 319 1298 serunt.
343 1268 563 1304 Theophylactus
587 1273 614 1297 et
636 1269 832 1298 Theodoretns.
863 1269 931 1298 Vide
957 1271 1012 1298 Da-

221 1320 382 1341 mascenum
400 1314 448 1342 lib.
466 1322 484 1342 ιι
507 1314 585 1342 Fidei
610 1315 727 1347 art/20¢,
748 1323 809 1351 cap.
825 1316 852 1344 6.
874 1316 913 1344 lta
931 1317 1011 1350 indu-

220 1360 355 1387 cebantur
372 1364 402 1387 ut
418 1361 576 1394 crederent,
597 1362 753 1389 testimonio
768 1363 841 1392 ducti
860 1362 1011 1398 Scriptura:

221 1406 292 1440 psal.
308 1413 366 1438 CIII,
384 1406 536 1434 Extendat:
558 1408 650 1434 ccclum
660 1409 729 1435 sicut
740 1408 832 1442 pellem
845 1409 865 1440 ⁵,
881 1413 907 1436 et
923 1408 1009 1442 lsaim,

215 1450 358 1486 ‘Expandit
369 1452 447 1479 cwlos
459 1453 529 1480 sicut
545 1453 725 1481 habitaculum
747 1454 781 1481 ad
798 1454 972 1481 habitandum
987 1456 1008 1482 ".

256 1497 314 1526 Col.
324 1498 386 1530 709,
396 1499 444 1528 lin.
456 1499 499 1526 15.
507 1500 606 1526 Αὑτοῦ
614 1500 740 1533 λεπτὴν.
751 1500 866 1528 Basilius
874 1501 1010 1528 homJin

1075 215 1119 243 διὰ
1132 215 1162 242 τὸ
1172 216 1221 252 τὴν
1234 217 1333 252 ίκμάδα
1348 216 1380 243 ἐκ
1399 215 1498 250 ταύτης
1513 214 1679 246 ἐνίστασθαι,
1699 212 1734 250 ἧς
1752 214 1864 248 ἀραιου-

1077 263 1160 298 μένης
1172 262 1203 289 τὸ
1216 263 1271 298 πῦρ
1286 262 1423 297 γίνεσθαιε
1439 262 1471 288 ὲκ
1489 261 1516 288 δὲ
1532 261 1579 288 τοῦ
1597 260 1682 296 πυρὸς
1698 259 1863 295 μετεωριζο-

1076 309 1157 344 μένου
1175 310 1238 340 τοὺς
1253 309 1369 344 ἀστέρας
1387 307 1570 335 συνίστασθαι.
1586 305 1661 333 Εἶναι
1678 306 1708 332 δὲ
1725 305 1774 332 καὶ
1794 305 1862 339 γεώ-

1073 355 1129 386 δεις
1145 354 1239 389 φύσεις
1252 355 1282 381 ὲν
1302 354 1342 390 τῷ
1356 354 1430 389 τόπῳ
1440 353 1495 382 τῶν
1508 353 1629 388 ἀστέρων
1649 351 1862 387 συμφερομένας

1074 402 1196 432 ἐκείνοις.
1211 400 1287 429 Hanc
1298 399 1434 428 Eustathii
1446 399 1609 428 sententiam
1625 403 1718 426 tuetur
1729 402 1759 426 et
1771 398 1863 434 Olym-

1072 446 1203 482 piodorus
1216 447 1244 474 in
1251 445 1302 475 Job
1310 453 1392 481 super
1403 446 1457 473 illis
1471 445 1562 474 verbis
1573 452 1633 480 cap.
1645 452 1764 477 xuvm,
1772 443 1861 478 Dilu-

1072 501 1130 519 sum
1145 498 1233 519 autem
1247 496 1286 519 est
1307 492 1374 518 sicut
1393 496 1470 519 terra:
1488 492 1555 518 cinis
1570 491 1591 518 '.
1605 490 1730 518 Notanda
1744 489 1860 518 Joannis

1071 536 1262 572 Chrysostomi
1283 538 1428 571 sententia,
1452 538 1512 565 Ὅτι
1541 538 1590 573 μὲν
1612 537 1742 573 καμάρας
1768 536 1860 563 εἰκόνα

1071 582 1207 615 διασώζει,
1223 583 1315 618 ἴσμεν·
1326 583 1368 614 τίς
1387 583 1416 610 δέ
1437 585 1494 610 ἐστι
1510 583 1559 620 τὴν
1568 584 1672 617 οὐσίαν,
1694 584 1858 619 ἀγνοοῦμεν.

1072 626 1271 657 Stolidissimus
1285 629 1454 657 Mohametus
1471 628 1586 656 afﬁrmat
1601 636 1690 656 aerem
1705 628 1811 656 factum
1826 637 1859 656 ex

1070 673 1156 705 fumo,
1174 674 1278 702 fumum
1298 683 1331 710 ex
1353 683 1454 712 vapore
1478 678 1526 702 aut
1549 675 1724 703 exhalatione
1741 676 1858 702 marina.

1069 717 1190 748 Primum
1205 720 1303 748 malum
1323 728 1356 748 ex
1371 727 1440 755 aqua
1452 719 1532 748 viridi
1547 724 1687 751 constare,
1705 720 1857 748 secundum

1069 771 1102 792 ex
1117 772 1188 800 aqua
1210 766 1294 797 clara,
1310 765 1423 793 tertium
1441 773 1475 792 ex
1498 766 1655 800 smaragdo,
1672 769 1804 800 quartum
1826 772 1858 792 ex

1069 817 1146 843 auro,
1168 811 1294 846 quintum
1314 819 1348 839 ex
1362 811 1520 847 hiacyntho,
1536 817 1642 838 sextum
1656 819 1690 839 ex
1708 811 1802 838 tabula
1817 811 1858 837 lu-

1032 853 1054 880 Β
1067 856 1140 888 cida,
1153 857 1298 892 septimum
1314 865 1348 885 ex
1371 858 1497 885 claritate
1512 858 1593 892 ignis,
1608 861 1636 885 et
1657 857 1692 885 de
1709 865 1766 884 uno
1787 857 1857 884 caelo

1068 903 1103 930 ad
1120 903 1192 930 aliud
1213 911 1274 931 esse
1289 903 1446 931 distantiam
1460 903 1788 938 itinerisquingcntorum
1809 910 1857 930 an-

1067 956 1176 976 norum.
1187 948 1254 982 Quis
1263 957 1316 977 non
1323 950 1437 977 miretur
1449 949 1568 977 hominis
1581 949 1732 984 ingenium,
1751 948 1856 976 in.his-

1067 999 1152 1027 ceque
1175 992 1363 1022 describendis
1378 994 1558 1029 patientiam?
1576 998 1605 1021 ut
1620 994 1749 1022 oculatus
1759 998 1802 1021 est
1814 994 1855 1021 vir

1067 1039 1139 1067 iste!
1157 1044 1186 1067 ut
1208 1041 1293 1068 multa
1308 1041 1398 1068 videt!
1422 1041 1527 1069 Abeant
1541 1049 1606 1076 ergo
1622 1041 1810 1068 mathematici
1829 1045 1854 1069 et

1067 1089 1213 1120 geometra:
1235 1094 1296 1114 cum
1319 1087 1378 1114 suis
1399 1087 1536 1114 mensuris
1563 1091 1590 1114 et
1615 1087 1750 1114 numeris.
1774 1087 1853 1115 Solus

1066 1131 1134 1159 vidit
1146 1131 1305 1159 distantiam
1328 1141 1410 1167 quam
1425 1140 1480 1160 non
1499 1133 1596 1168 reliqui
1611 1141 1708 1161 omnes
1730 1133 1852 1161 homines

1066 1186 1118 1206 nec
1135 1183 1231 1206 auctor
1246 1180 1303 1214 ipse
1318 1183 1434 1207 natura}.

1101 1224 1181 1257 lbid.,
1207 1225 1255 1252 lin.
1277 1225 1321 1252 25.
1345 1225 1404 1260 Τὴν
1420 1225 1454 1252 δὲ
1469 1225 1526 1260 γῆν
1540 1225 1660 1260 φάσκει.
1675 1226 1794 1254 Basilius
1808 1229 1851 1254 ta-

1065 1279 1128 1300 men
1150 1272 1188 1299 ait
1208 1272 1282 1299 hom.
1303 1273 1329 1304 t,
1350 1276 1429 1300 terra:
1444 1271 1621 1299 fundamenta
1642 1276 1749 1299 natura:
1765 1271 1851 1298 homi-

1066 1325 1130 1344 num
1147 1325 1208 1344 esse
1222 1317 1370 1353 incognita,
1384 1321 1411 1344 et
1425 1318 1514 1344 locum
1530 1316 1628 1349 Palmi,
1646 1324 1729 1351 quem
1747 1318 1791 1343 hic
1804 1316 1849 1343 ad-

1065 1363 1139 1391 ducit
1156 1363 1326 1395 Eustathius,
1341 1363 1467 1398 explicat.
1481 1362 1516 1389 Τὸ
1533 1362 1671 1398 γὰρ,Ἐπὶ
1687 1361 1850 1389 θαλασσῶν·

1063 1410 1260 1444 ἑθεμελίωσεν
1280 1409 1387 1443 αὐτὴν,
1410 1409 1436 1435 τί
1457 1409 1533 1443 δηλοῖ
1549 1408 1565 1443 ἢ
1581 1409 1611 1435 τὸ
1626 1408 1759 1435 πάντοθεν
1773 1416 1849 1443 περι-

1064 1454 1194 1489 κεχύσθαι
1205 1455 1238 1489 τῇ
1254 1455 1289 1489 γῇ
1307 1454 1355 1488 τὴν
1370 1453 1416 1480 τοῦ
1432 1453 1526 1485 ὕδατος
1539 1453 1638 1488 φύσιν;
1658 1453 1720 1484 Πῶς
1731 1450 1788 1484 οὖν,
1805 1454 1847 1488 ῥυ-

1062 1500 1108 1527 τὸν
1125 1500 1246 1536 ὑπάρχον
1267 1500 1296 1526 τὸ
1316 1499 1399 1534 ὕδωρ,
1421 1499 1469 1526 καὶ
1492 1499 1538 1526 ἐπὶ
1557 1498 1587 1525 τὸ
1608 1499 1710 1534 πρανὲς
1731 1498 1849 1532 πεφυκὸς

221 1544 347 1572 Hexaem.
357 1552 366 1571 .'
375 1545 453 1571 Ἀλλὰ
462 1545 525 1580 περὶ
533 1546 581 1580 μὲν
588 1546 734 1579 τῆςοὺσίας
740 1546 786 1572 τοῦ
794 1546 908 1581 οὐρανοῦ
913 1547 1013 1582 ἁρκού-
1026 1541 1048 1571 C
1064 1546 1254 1578 καταπίπτειν,
1269 1545 1342 1581 μένει
1352 1544 1476 1580 ἀπεωρού
1481 1553 1570 1580 μενον,
1582 1544 1628 1572 καὶ
1638 1543 1758 1579 οὐδαμοῦ
1769 1545 1850 1579 ἀπορ-

221 1590 290 1626 μεθα
297 1592 353 1624 τοῖς
361 1591 435 1626 παρὰ
442 1591 488 1617 τοῦ
504 1591 612 1617 Ἡσαΐου
625 1592 787 1628 εἰρημένοις,
795 1592 824 1624 ὃς
831 1593 859 1618 ἐν
869 1592 1011 1625 ἰδιωτικοῖς

220 1637 338 1671 ῥήμασιν
354 1637 448 1672 ἱκανὴν
465 1638 531 1672 ἡμῖν
542 1637 592 1672 τῆς
608 1637 716 1672 φύσεως
729 1638 810 1664 αὑτοῦ
824 1638 874 1674 τὴν
890 1639 1009 1666 διάνοιαν

217 1683 391 1718 ἐνεποίησεν,
418 1683 518 1709 εἰπών·
546 1683 578 1709 '0
606 1682 775 1717 στερεώσας
799 1684 852 1711 τὸν
880 1685 1010 1718 οίιρανὸν

217 1727 289 1754 ὡσεὶ
307 1729 434 1760 καπνὸν,
455 1728 698 1765 τουτέστι,λεπτὴν
721 1729 814 1763 φύσιν
843 1730 889 1757 καὶ
901 1731 930 1757 οὐ
947 1740 1008 1757 στε-

220 1773 294 1808 ρεὰν,
317 1774 377 1810 οὐδὲ
409 1776 523 1810 παχεῖαν
541 1776 569 1806 ἐς
586 1775 636 1810 τὴν
663 1775 710 1802 τοῦ
734 1775 849 1811 οὐρανοῦ
879 1777 1007 1804 σύστασιν

216 1819 361 1852 οὑσιὼσας.
376 1821 413 1848 Ex
429 1822 509 1856 cujus
523 1822 616 1850 verbis
633 1822 722 1849 locum
736 1822 808 1849 hunc
820 1823 856 1849 ita
872 1823 1005 1851 restituo:

216 1866 271 1901 Τὴν
281 1866 309 1893 δὲ
321 1867 416 1894 οὐσίαν
431 1868 524 1902 αὑτοῦ,
537 1868 579 1895 vel
599 1868 647 1903 τὴν
663 1868 760 1902 φύσιν;
779 1869 807 1895 in
829 1869 930 1903 quibus
943 1869 1006 1895 illit-

216 1916 299 1940 strem
315 1913 389 1940 illam
412 1915 628 1941 controversiam
652 1915 826 1946 determinat,
848 1915 910 1943 caeli
931 1915 1007 1943 vide-

215 1957 278 1984 licet
299 1959 481 1986 substantiam
497 1967 550 1986 non
565 1967 627 1987 esse
643 1960 762 1992 mistam,
779 1961 826 1988 sed
841 1961 1003 1995 simplicem,

215 2002 250 2029 de
263 2011 317 2038 qua
330 2005 414 2037 multa
440 2005 520 2032 nobis
541 2009 569 2032 et
584 2004 709 2032 Plotinus
733 2005 770 2032 De
784 2007 892 2038 mundo,
909 2011 936 2034 et
959 2007 1004 2033 alii

217 2048 399 2077 tradiderunt.
414 2049 528 2082 Quidam
541 2051 614 2078 enim
633 2051 733 2079 caelum
749 2052 871 2086 ejusdem
883 2061 944 2080 esse
960 2061 1005 2081 na-

216 2098 286 2121 tura:
310 2102 372 2133 cum
399 2096 539 2124 elementis
567 2097 691 2124 arbitrati
715 2102 789 2129 sunt,
817 2098 890 2132 quod
920 2098 1004 2125 refert

215 2137 404 2167 Theodoretus
421 2141 457 2168 De
472 2142 585 2169 materia
599 2147 624 2169 et
639 2143 747 2174 mundo,
762 2148 788 2170 et
803 2143 879 2171 Philo
894 2143 1003 2171 Judaeus

213 2183 253 2211 De
269 2193 371 2217 somno,
390 2189 417 2213 et
437 2185 612 2214 Plutarchus.
630 2187 682 2214 Alii
703 2188 788 2222 ignea:
803 2197 864 2216 esse
886 2194 1000 2221 naturae,

213 2231 294 2265 cujus
311 2231 449 2266 opinionis
465 2237 592 2260 auctores
614 2233 698 2262 tradit
714 2233 859 2270 Egyptios
873 2235 1001 2263 Albertus

213 2276 327 2312 Magnus
350 2282 428 2305 tract.
453 2278 521 2306 iDe
546 2280 621 2312 caelo,
644 2288 704 2314 cap.
724 2280 752 2307 ι.
783 2280 905 2308 Platonis
928 2282 1002 2308 circa

212 2323 264 2350 hoc
280 2324 436 2358 opinionem
457 2325 541 2353 habes
553 2326 580 2353 in
604 2326 732 2358 Alcinoo;
751 2325 888 2353 Maerobio
911 2327 957 2354 lib.
975 2328 1002 2354 in

212 2368 303 2396 Somn.
331 2369 466 2407 Scipioin;
484 2372 647 2405 Augustino.
668 2379 717 2398 vin
745 2371 784 2399 De
812 2373 916 2400 ciuitate
941 2373 1000 2405 Dei,

211 2423 272 2450 (ap.
286 2416 335 2449 tl;
352 2416 502 2452 Philopono
524 2417 557 2444 ad
570 2425 595 2444 vt
613 2422 640 2445 et
653 2425 702 2444 xm
715 2416 814 2446 Procli.
829 2417 881 2444 Sed
899 2417 933 2444 dc
952 2418 1003 2445 hoc

211 2461 291 2496 plura
306 2461 420 2490 inferius
441 2467 537 2491 noster
552 2462 712 2490 Eustathius
733 2471 766 2490 ex
783 2463 884 2498 quibus
900 2464 999 2490 cretum

211 2511 370 2535 concretum
382 2508 417 2545 sit
429 2509 491 2538 aliis
507 2509 702 2537 declarandum
726 2509 893 2545 relinquens,
909 2510 1000 2538 verbis

210 2553 288 2582 Isaia
306 2553 366 2588 ejus
391 2558 518 2582 naturam
541 2559 662 2586 tenucm,
685 2563 739 2585 non
764 2555 889 2586 solidam.
911 2563 999 2590 neque

210 2606 333 2627 crassam
345 2608 407 2628 esse
417 2601 511 2633 tradit.
526 2609 621 2629 eorum
634 2601 792 2637 opinionem
808 2601 935 2635 refellens
950 2603 995 2637 qui

210 2645 311 2672 emtum
344 2646 461 2674 solidum
484 2647 568 2676 veluti
600 2648 760 2683 crystallum
789 2649 945 2683 ponebant,
969 2652 998 2675 et

210 2697 306 2717 eorum
323 2691 370 2726 qui
383 2695 514 2725 terreum,
526 2701 701 2729 gravemque,
716 2697 743 2721 et
757 2693 935 2727 Anaximenis
949 2694 996 2728 qui

212 2734 280 2762 illud
296 2744 312 2764 e
334 2742 407 2765 terra
429 2738 623 2772 fabricaverat,
639 2739 674 2767 de
697 2748 751 2775 quo
773 2740 904 2779 Origenes
925 2740 996 2769 lib.t

249 2815 259 2831 '
279 2814 355 2844 Psal.
373 2823 435 2849 cm,
452 2817 480 2846 2.
515 2816 528 2843 ἔ
549 2818 604 2846 Isa.
622 2827 672 2852 XL,
692 2819 737 2846 22.
775 2820 785 2836 ⁸
803 2819 854 2847 Job
870 2827 984 2853 xxxviii,
1001 2820 1044 2848 58.

1063 1592 1122 1627 ῥέον
1133 1600 1140 1624 ;
1153 1593 1189 1618 Σὺ
1203 1591 1231 1618 δὲ
1245 1591 1275 1617 οὐ
1289 1591 1400 1625 λογίζει,
1413 1591 1454 1617 ὅτι
1463 1590 1512 1626 τὴν
1523 1591 1618 1625 αὐτὴν,
1628 1591 1675 1617 καὶ
1687 1589 1727 1616 ἔτι
1740 1590 1847 1617 πλείονα

1061 1636 1176 1672 ἀπορίαν
1195 1636 1234 1672 τῷ
1250 1636 1320 1671 λόγῳ
1341 1636 1454 1672 παρέχει
1469 1637 1485 1670 ἡ
1501 1635 1537 1670 γῆ
1553 1635 1614 1662 καθ’
1630 1635 1730 1671 ἑαυτὴν
1745 1644 1847 1670 κρεμα-

1062 1682 1129 1718 μένη
1148 1681 1285 1718 βαρυτέρα
1298 1682 1346 1717 τὴν
1365 1682 1445 1716 φύσιν
1459 1677 1536 1708 οὖσα.
1557 1681 1740 1708 Externorum
1757 1685 1846 1708 tamen

1060 1729 1282 1764 philosophorum
1302 1729 1393 1764 opinio
1408 1733 1450 1756 est
1464 1728 1550 1763 magis
1564 1732 1672 1762 recepta
1689 1727 1846 1756 :Fundasso

1059 1773 1143 1802 Deum
1164 1779 1265 1802 terram
1289 1775 1315 1801 in
1339 1774 1461 1811 sphaerae,
1484 1781 1544 1808 qua:
1569 1773 1701 1800 mundum
1727 1773 1845 1808 undique

1058 1821 1257 1858 complectitur,
1282 1825 1388 1853 centro,
1417 1821 1517 1857 quippe
1542 1828 1603 1855 quae
1632 1825 1746 1854 propter
1767 1827 1845 1847 suum

1057 1867 1239 1901 aequilibrium
1261 1875 1294 1895 ex
1317 1867 1391 1894 omni
1416 1870 1494 1901 parte
1523 1865 1690 1893 tantumdem
1719 1864 1807 1893 distat
1829 1873 1844 1892 a

1057 1913 1138 1945 cmlo,
1156 1916 1186 1940 ut
1204 1913 1240 1940 ob
1260 1913 1286 1940 id
1302 1913 1392 1948 ipsum
1407 1917 1435 1940 et
1449 1912 1554 1947 ﬁrmam
1570 1911 1662 1939 sedem
1681 1911 1842 1943 obtinuerit,

1056 1963 1083 1986 et.
1100 1959 1212 1986 immota
1227 1959 1341 1991 nitatur,
1358 1962 1385 1986 et
1398 1958 1477 1985 lixam
1492 1958 1528 1985 sit
1541 1962 1621 1985 nacta
1635 1957 1722 1986 basim
1734 1965 1743 1990 ;
1755 1961 1781 1985 et
1795 1957 1843 1984 hoc

1056 2013 1076 2032 ιι
1100 2005 1136 2033 De
1149 2007 1212 2032 calo
1229 2014 1292 2041 cap.
1317 2006 1350 2044 14
1376 2004 1552 2032 validissimis
1577 2003 1730 2031 rationibus
1749 2004 1843 2039 probat

1055 2052 1228 2084 Aristoteles,
1245 2055 1272 2079 et
1297 2060 1363 2079 sane
1386 2051 1577 2086 despicaciori,
1595 2055 1622 2077 et
1638 2050 1771 2077 deteriori
1788 2050 1840 2078 ele-

1055 2102 1157 2130 mento,
1171 2099 1282 2125 intimus
1298 2098 1374 2126 locus
1385 2098 1543 2129 debebatur,
1556 2101 1634 2124 terra:
1645 2097 1840 2124 elementorum

1054 2143 1217 2176 deterrimae,
1232 2144 1309 2171 locus
1321 2144 1368 2179 qui
1381 2144 1498 2171 maxime
1513 2151 1527 2170 a
1543 2142 1613 2178 coelo
1625 2142 1708 2170 distat
1719 2142 1838 2170 intimus.

1054 2189 1183 2218 Centrum
1201 2191 1295 2217 mundi
1313 2190 1431 2222 maxime
1447 2198 1462 2217 a
1479 2190 1550 2217 calo
1567 2191 1662 2221 distat,
1681 2189 1799 2224 ideoque
1813 2189 1839 2216 in

1053 2244 1086 2263 eo
1103 2242 1160 2263 erat
1177 2236 1336 2271 collocanda
1355 2244 1405 2263 sua
1427 2240 1537 2268 natura,
1559 2236 1631 2264 unde
1650 2240 1723 2262 terra
1744 2243 1837 2271 aquas,

1052 2289 1108 2309 non
1128 2289 1142 2308 e
1163 2282 1304 2309 contrario
1324 2285 1424 2311 terram
1442 2289 1519 2317 aqua:
1543 2285 1709 2311 sustentant.
1730 2281 1770 2308 En
1791 2289 1837 2309 no«

1053 2337 1114 2356 vam
1133 2328 1282 2357 Nebulonis
1302 2329 1509 2366 physiologiam.
1527 2327 1624 2359 Terra,
1645 2329 1683 2355 ait
1703 2328 1837 2356 Llohame—

1053 2379 1108 2407 tus.
1129 2375 1280 2404 sustinetur
1293 2382 1306 2401 a
1325 2383 1423 2409 magno
1437 2374 1504 2401 bove
1519 2374 1599 2409 cujus
1616 2378 1701 2409 caput
1716 2375 1837 2402 extendi-

1053 2425 1098 2447 tur
1110 2421 1136 2447 in
1147 2421 1292 2455 orientem,
1307 2421 1393 2457 cauda
1410 2421 1436 2447 in
1448 2421 1630 2452 occidentem,
1642 2425 1763 2455 quatuor
1777 2428 1836 2447 vero

1052 2467 1135 2502 pedes
1161 2467 1316 2493 innituntur
1339 2466 1422 2501 lapidi
1445 2466 1574 2505 candido.
1593 2465 1622 2492 In
1640 2467 1735 2501 capite
1758 2466 1834 2492 habet

1051 2513 1229 2548 quadraginta
1243 2520 1358 2544 cornua,
1373 2520 1490 2548 quorum
1504 2520 1588 2540 unum
1604 2512 1639 2539 ab
1655 2513 1742 2540 altero
1757 2512 1834 2539 distat

1050 2559 1148 2588 itinere
1169 2559 1244 2586 mille
1266 2567 1411 2587 annorum.
1438 2558 1539 2588 Subtus
1566 2558 1684 2594 lapidem
1709 2566 1776 2586 vero
1795 2562 1834 2585 est

1050 2613 1130 2639 mons
1151 2606 1294 2633 infernalis
1321 2605 1411 2633 dictus
1438 2605 1518 2636 Zoth,
1543 2613 1623 2642 quem
1649 2604 1833 2633 conscendere

1050 2656 1185 2686 coguntur
1201 2657 1368 2685 peccatores.
1383 2656 1410 2680 et
1425 2652 1469 2679 ubi
1488 2652 1556 2679 bene
1573 2656 1706 2680 oneratus
1724 2655 1766 2677 "st
1783 2649 1832 2677 col-

1050 2696 1174 2727 labascit,
1186 2703 1287 2731 eosque
1303 2698 1461 2724 submersos
1474 2697 1500 2724 in
1513 2696 1650 2724 infernum
1664 2695 1829 2730 praecipitat:

1050 2740 1101 2771 sub
1117 2740 1167 2768 hoc
1184 2747 1275 2769 monte
1288 2747 1360 2770 terra
1375 2746 1417 2770 est
1433 2748 1460 2770 et
1478 2747 1571 2778 postea
1590 2748 1678 2775 mare,
1697 2745 1725 2769 et
1739 2746 1829 2768 rursus
