1903 3068
201 130 256 159 825

873 132 998 161 LEONIS
1017 132 1158 160 ALLATll

1779 129 1835 158 81s

202 198 218 217 a
239 189 294 217 Deo
317 193 434 216 creatas.
450 188 528 222 Quod
554 193 644 218 tamen
670 191 788 226 explicat
812 191 843 220 ι).
867 191 988 219 Thomas
1002 194 1026 223 Α
1041 198 1082 220 tes
1105 193 1189 220 hasce
1212 192 1341 220 tenebras
1363 200 1433 225 esse,
1449 191 1576 227 quoniam
1602 191 1644 218 ha:
1665 197 1682 218 θ
1697 189 1768 217 lueis
1790 196 1836 216 re-

203 236 290 270 prima
304 239 386 270 part.,
411 240 508 270 quzest.
530 236 556 268 5,
577 240 604 263 et
625 237 701 264 alibi.
721 236 822 264 Verum
847 237 918 265 hanc
938 237 992 264 Eu-

203 282 297 309 stathii
326 282 490 309 sententiam
526 283 558 310 de
583 283 725 311 celerrima
749 291 780 311 ac
801 288 992 312 momentanea

202 328 273 355 lucis
300 328 418 361 actione,
435 337 489 364 qua
514 337 574 356 sese
597 330 716 365 explicat
733 331 876 358 confirmat
895 335 993 366 praeter

203 373 333 400 Basiliam
351 378 378 402 et
403 375 589 407 Ambrosium,
615 376 700 403 Arist.
721 376 769 404 lib.
792 385 811 404 ιι
837 376 876 403 De
895 378 991 410 anim.,

203 423 257 446 tex.
281 419 325 452 70,
349 420 465 455 aliisque
489 425 585 448 contra
611 421 814 456 Empedoclem,
837 423 883 458 qui
904 423 993 451 lucem

203 466 306 492 moveri
322 467 422 494 aiebat.
440 466 508 494 Nam
522 467 544 494 si
559 468 684 502 trajectio
702 468 747 494 illa
765 476 819 495 non
836 469 911 496 ﬁeret
924 477 993 504 pun-

203 517 249 540 cto
261 514 403 548 temporis,
420 513 510 540 saltim
526 521 602 540 mora
617 514 645 540 in
663 522 764 550 magno
778 514 888 549 quidem
904 516 993 550 spatio

203 559 465 595 deprehenderetur.
483 560 561 593 Quod
582 561 665 588 etiam
686 561 786 588 rationi
802 562 930 589 convenit
945 570 994 589 na-

203 610 326 642 turaeque
343 607 429 642 ipsius
445 607 526 639 lucis,
540 615 602 634 cum
618 608 662 635 lux
683 609 850 635 contrarium
877 616 930 635 non
947 609 995 636 ha-

203 651 266 679 beat
287 662 294 680 :
315 660 376 679 nam
397 656 424 680 et
449 653 612 681 substantiae
627 654 695 681 nihil
710 658 752 682 est
766 655 944 687 contrarium,
967 659 995 682 et.

204 699 269 733 quia
295 698 332 725 ita
348 698 497 726 etfunditur
523 703 553 726 ut
575 708 629 727 non
646 700 741 728 eadem
764 700 833 728 lucis
852 701 940 736 portio
961 700 995 728 ab

205 753 259 772 una
272 749 347 780 parte
360 745 387 772 in
402 746 482 772 aliam
496 749 627 778 transeat,
645 747 725 774 sicuti
741 747 841 774 accidit
854 748 892 775 rei
905 748 994 776 locum

205 791 334 820 mutanti.
356 799 416 825 quae
441 799 495 818 una
518 795 600 826 atque
626 792 721 820 eadem
759 793 882 828 singulas
903 797 995 828 partes

205 837 286 872 spatii
303 837 436 868 decurrit,
453 837 547 873 eisque
562 839 712 866 secundum
725 847 754 867 se
764 839 927 874 respondet;
942 847 996 875 quo

1043 246 1122 266 cessu
1140 238 1304 271 elliciuntur,
1318 244 1345 266 et
1365 240 1426 266 cum
1445 246 1538 266 eorum
1554 241 1651 265 natura
1669 237 1698 263 in
1717 235 1835 262 luminis

1044 285 1196 320 privatione
1211 285 1263 312 sila
1279 286 1314 312 sit
1329 285 1438 320 proprie
1451 284 1606 312 effectorem
1626 283 1713 310 Deum
1729 281 1835 309 habere

1043 338 1097 357 non
1121 335 1279 366 potuerunt,
1306 339 1369 358 cum
1394 330 1465 358 Deus
1488 338 1541 357 non
1563 330 1758 365 privationum,
1785 326 1836 354 sed

1044 384 1135 404 rerum
1153 384 1213 411 quae
1231 384 1293 404 vere
1309 377 1445 404 exsistunt
1461 382 1556 404 auctor
1573 377 1620 407 sit,
1636 383 1698 410 quae
1719 373 1836 409 quidem

1044 423 1163 449 tenebrae
1176 423 1333 457 spectabilis
1344 423 1423 457 hujus
1439 423 1509 450 lucis
1526 422 1712 449 conditionem
1729 428 1744 447 e
1758 417 1839 446 Gre-

1044 475 1139 495 corum
1161 468 1271 495 Patrum
1286 469 1418 495 sententia
1436 471 1652 495 antecesserunt.
1673 465 1761 492 Verba
1780 464 1837 491 Me-

1045 514 1130 542 tliodii
1144 519 1224 542 sunt:
1238 515 1313 550 Ἐμοὶ
1327 515 1496 549 φιλονεικεῖς,
1506 515 1552 541 καὶ
1567 513 1634 549 πρὸς
1650 513 1700 548 ἐμὲ
1711 513 1836 543 ἵσταται,

1045 562 1091 588 καὶ.
1105 563 1160 593 τοῖς
1177 563 1253 597 ἐμοῖς
1268 561 1397 596 ἀθληταῖς
1412 559 1590 595 ἀνταγωνίζῃ.
1609 559 1670 586 Ποῦ
1685 558 1720 584 δὲ
1731 556 1768 593 ἧς
1787 558 1839 584 ὅτε

1044 608 1101 643 ἐγὼ
1112 608 1169 642 τὴν
1183 607 1242 642 γῆν
1260 606 1451 642 εὶργαζόμηγ;
1463 607 1504 637 τίς
1516 604 1550 641 ἦς
1560 606 1619 632 τότε
1630 614 1637 638 ;
1657 605 1740 640 Ἤδη,
1756 604 1836 638 φησι,

1045 654 1210 685 πεπτώκεις.
1236 655 1291 680 Καὶ
1308 655 1361 690 γὰρ
1383 655 1410 680 ἐν
1425 655 1457 689 τῇ
1478 654 1548 689 ἀρχῇ
1571 653 1619 688 τῆς
1642 651 1837 686 κοσμοποιίας,

1046 701 1158 733 Σκότος
1171 699 1220 735 ἦν,
1244 700 1342 736 φησιν,
1366 699 1465 726 ἐπάνω
1485 699 1540 732 τῆς
1563 699 1713 728 ἀϐύσσου,
1742 697 1839 728 cum

1045 746 1124 773 τοῦτο
1136 747 1166 773 οὐ
1180 745 1288 773 κτισθὲν
1302 746 1406 778 σκότος,
1424 745 1492 772 ἀλλά
1506 743 1706 780 πῳαιρετικῶς
1719 743 1841 778 ἀρξάμε-

1046 802 1091 820 νον
1125 792 1221 824 σκότος
1246 793 1278 827 τῇ
1309 791 1356 818 τοῦ
1389 791 1477 825 φωτὸς
1501 791 1639 826 στερήσει.
1662 789 1702 816 Ex
1736 788 1839 823 quibus

1047 839 1138 867 verbis
1175 838 1312 874 quomodo
1347 838 1498 865 Comitatus
1535 837 1627 864 eliciat
1658 843 1720 863 eam
1752 834 1840 861 fuisse

204 883 235 910 ﬁt
255 888 284 910 ut
306 892 377 911 nunc
395 884 443 912 has
461 893 533 912 nunc
552 885 612 913 illas
633 887 810 914 successione
823 885 995 914 decurrendo
1011 881 1032 908 Β
1047 885 1176 914 Methodii
1191 886 1354 913 sententiam
1376 891 1457 919 quam
1480 884 1538 918 ipse
1552 882 1637 910 refert
1650 881 1775 909 nondum
1799 879 1840 906 vi-

205 937 297 956 moras
314 930 414 962 trahat,
435 934 462 958 et
483 935 592 966 tempus
607 935 762 964 consumat.
787 932 876 965 Quare
894 933 996 968 optime

205 974 366 1003 Aristoteles
381 976 537 1010 opinionem
552 978 719 1004 contrariam
730 977 766 1005 ita
779 978 929 1006 refellendo
941 979 992 1006 ait;

204 1019 290 1046 Τοῦτο
303 1021 357 1056 γάρ
372 1021 429 1048 ἐστι
450 1023 496 1049 καὶ
518 1023 592 1058 παρά
610 1023 659 1058 τὴν
673 1024 702 1049 ἐν
719 1023 760 1059 τῷ
773 1023 845 1058 λόγῳ
867 1024 995 1059 ἀλήθειαν

206 1067 252 1093 καὶ
272 1067 346 1102 παρὰ
363 1068 396 1094 τὰ
412 1068 572 1103 φαινόμενα.
596 1068 654 1096 Iloc
677 1069 747 1096 idem
771 1070 890 1097 voluisse
911 1069 995 1096 Ploti-

205 1121 283 1144 num,
300 1113 346 1140 lib.
364 1122 399 1146 tv,
416 1114 535 1142 Ennead.
549 1115 582 1147 6,
606 1115 745 1148 existimo,
760 1123 822 1142 cum
843 1116 876 1143 de
893 1116 996 1143 lumine

204 1160 288 1186 verba
311 1159 415 1188 faciens
440 1161 534 1188 inultis
559 1162 713 1189 rationibus
735 1161 885 1188 declaravit
904 1162 995 1189 lumen

204 1213 259 1232 non
276 1214 338 1233 esse
352 1206 500 1240 divisibile,
523 1213 570 1234 aut
591 1209 732 1243 intiltiplex
748 1214 858 1244 propter
872 1209 996 1236 diversas

165 1265 170 1267 ~
204 1255 309 1286 partes,
329 1252 376 1279 sed
393 1260 454 1279 esse
474 1257 558 1279 totum
580 1253 606 1279 in
625 1253 747 1287 qualibet
764 1258 850 1288 parte,
866 1253 997 1288 quemad-

204 1297 315 1324 modum
337 1302 364 1324 ct
376 1299 464 1326 virtus
487 1299 588 1326 rectrix
603 1304 660 1326 tota
675 1304 717 1327 est
735 1300 762 1326 in
780 1300 899 1335 qualibet
919 1303 996 1335 parte

205 1343 348 1379 ponderis,
368 1349 396 1371 et
417 1344 508 1371 anima
531 1346 665 1380 corporis.
690 1345 768 1378 Quod
786 1346 859 1373 enim
876 1346 994 1381 partium

206 1390 382 1417 successione
397 1397 450 1416 non
468 1390 634 1423 extenditur,
647 1399 737 1426 neque
751 1391 927 1418 successione
939 1399 996 1418 mo-

204 1439 261 1467 tus,
280 1435 327 1462 sed
344 1440 447 1470 puncto
461 1437 595 1472 temporis
612 1444 660 1472 per
677 1445 773 1465 omnes
789 1441 882 1473 partes
897 1437 996 1465 ditl'un-

197 1479 289 1509 'tiltur.

240 1526 367 1558 Col.709,
378 1527 426 1555 lin.
436 1528 482 1556 55.
491 1528 551 1562 Πρὸ
560 1530 614 1563 γὰρ
622 1529 740 1556 τούτου.
751 1528 869 1556 Basilius
877 1529 951 1557 hom.
960 1528 994 1556 2:

203 1574 242 1602 Τδ
252 1574 307 1610 γὰρ
321 1575 414 1607 σκότος
428 1575 477 1611 οὐχ
492 1576 529 1607 ὡς
542 1576 660 1610 πέφυκεν
672 1576 843 1611 ἐξηγοῦνταιρ
857 1576 925 1611 ἀέρα
937 1576 997 1603 τινὰ

204 1621 368 1661 ἀφώτιστον,
391 1621 407 1657 ἢ
430 1622 511 1649 τόπον
532 1622 561 1655 ἐξ
585 1622 771 1658 ἀντιφράξεως
788 1621 914 1657 σώματος
931 1623 997 1648 ἀπο-

197 1660 396 1703 λσκιαζόμενον,
421 1668 436 1704 ἢ
461 1668 529 1700 ὅλως
551 1669 611 1695 καθ’
634 1668 776 1696 ὁποιανοῦν
802 1669 891 1695 αἰτίαν
916 1668 996 1695 τόπον

197 1714 295 1749 ηφωτὺς
309 1714 500 1751 ἐστερημένον,
517 1715 585 1742 ἀλλὰ
603 1715 716 1750 δύναμιν
733 1714 831 1750 κακὴν,
853 1715 952 1750 μᾶλλον
969 1715 997 1742 δὲ

197 1758 272 1787 ἀὐτὸ
289 1760 319 1787 τὸ
330 1761 414 1787 κακὸν
428 1762 494 1796 παρ’
510 1760 606 1787 ἑαυτοῦ
625 1761 673 1796 τὴν
688 1761 775 1797 ἀρχὴν
793 1761 864 1796 ἕχον.
884 1766 952 1794 etc.;
971 1765 997 1791 et

205 1805 322 1833 inferius
341 1815 347 1833 :
368 1806 444 1832 Ἐπεὶ
466 1804 513 1833 οὖν
529 1807 637 1840 ἐγένετο
651 1807 774 1842 οὐρανὸς,
793 1806 996 1842 προστάγματι,

204 1851 273 1878 Θεοῦ
291 1852 397 1888 ἀθρόως
414 1853 572 1887 aspirabat;
587 1854 643 1884 τοῖς
661 1853 735 1884 ἐντὸς
757 1853 808 1879 ὑπὸ
826 1853 875 1888 τῆς
894 1853 996 1885 οἰκείας

205 1897 288 1925 αὑτοῦ
310 1899 487 1934 περιφερείας
512 1898 736 1934 ἀπειλημμένοις,
758 1899 836 1934 σῶμα
855 1899 915 1935 ἕχον
935 1908 997 1933 συν-

197 1944 266 1982 ηεχὲς
284 1944 374 1970 ἱκανὸν
389 1944 441 1971 τῶν
461 1944 512 1977 ἔξω
531 1945 673 1979 διαστῆσαι
690 1944 724 1970 τὰ.
738 1945 819 1974 ἔνδον,
840 1945 996 1979 ἀναγκαίως

205 1989 251 2016 τὺν
265 1990 493 2024 ἐναπολειφθένται
513 1990 585 2026 α)τῷ
605 1991 687 2017 τόπον
705 1991 812 2026 ἀφεγγῆ
829 1992 992 2026 κατέστησε,

205 2037 255 2072 τὴν
270 2036 368 2068 ἔξωθεν
382 2037 467 2072 αὐγὴν
479 2037 619 2072 διακόψας.
634 2037 703 2073 Τρία
717 2038 771 2074 γὰρ
781 2038 822 2064 δεῖ
834 2038 996 2073 συνδραμεῖν

206 2083 253 2110 ἐπὶ
268 2084 317 2118 τῆς
332 2084 419 2116 σκιᾶς,
435 2084 465 2110 τὸ
483 2084 550 2118 φῶς,
568 2085 598 2111 τὸ
616 2084 704 2120 σῶμα,
717 2085 763 2111 τὸν
776 2085 890 2119 ἀλαμπῆ
903 2085 996 2117 τόπονη

197 2129 243 2168 ,Τὸ
268 2130 356 2156 τοίνυν
382 2129 527 2166 ἐγκόσμιον
551 2130 644 2163 σκότος
666 2132 698 2166 τῇ
720 2131 784 2166 σκιᾷ
804 2130 850 2157 τοῦ
870 2130 995 2166 οὖρανίου

207 2174 332 2210 σώματος
354 2176 526 2211 παρυπέστη.
547 2175 595 2203 llis
610 2183 730 2203 consona
751 2179 815 2203 sunt
836 2183 896 2209 qua:
915 2175 996 2202 habet

204 2219 323 2251 Joannes
335 2220 501 2252 Philononus
516 2221 543 2247 in
560 2221 686 2248 Ilexaem.
704 2221 840 2248 referente
854 2220 952 2246 Photio
968 2220 995 2246 in

205 2266 351 2294 Bibliutlt.:
367 2266 422 2293 Kal
436 2266 545 2300 σκότος
561 2267 660 2293 ἐπάνω
675 2266 729 2300 τῆς
737 2267 885 2293 ἀϐύσσου·
901 2265 931 2292 τὸ
947 2265 996 2300 μὲν

205 2313 278 2349 ὕδωρ
293 2313 409 2345 ἇὸυσσον
430 2312 524 2345 εἰπὼν,
547 2312 578 2338 τὸ
597 2313 625 2338 δὲ
651 2312 745 2344 σκότος
772 2311 816 2338 τὸν
843 2311 995 2345 ἀφώτιστον

204 2359 283 2400 ἀέρα.
309 2360 364 2386 Καὶ
387 2359 442 2394 γὰρ
463 2358 564 2400 κυρίως
588 2358 682 2390 σκότος
705 2357 778 2384 ἐστὶν
803 2359 819 2392 ἡ
838 2357 885 2384 τοῦ
907 2357 995 2391 φωτὸς

204 2405 332 2431 ἀπουσία.
361 2405 415 2431 Καὶ
445 2405 573 2440 συνήθεια
599 2404 626 2430 δὲ
653 2404 747 2435 σκότος
772 2404 817 2430 τὸν
843 2403 993 2438 ἀφώτιστον

204 2451 278 2486 λέγει
301 2451 380 2487 ἀέρα,
407 2451 465 2487 ἦτοι
489 2451 520 2477 τὸ
546 2450 701 2485 νυκτερινὴν
730 2449 776 2475 τοῦ
805 2449 885 2484 ἀέρος
907 2450 993 2476 κατά-

205 2507 317 2534 στημα,
345 2498 362 2536 ἢ
388 2498 435 2525 καὶ
463 2497 494 2524 τὸ
523 2497 611 2528 ἄλλως
637 2496 696 2528 πῶς
727 2496 884 2531 συμεαῖνον.
915 2496 995 2524 Certe

203 2544 326 2572 notanda
353 2548 396 2571 cst
418 2544 555 2576 sententia
585 2543 714 2570 Mctliodii
743 2551 825 2578 super
850 2543 904 2570 illis
932 2551 994 2569 ver-

203 2590 248 2618 bis
275 2590 337 2623 Job,
366 2589 415 2621 Ubi
444 2598 591 2622 eras,cum
617 2589 757 2630 (inid/trem
784 2598 829 2624 ego
858 2589 996 2616 terram”?

205 2637 257 2670 Qui
287 2642 378 2673 negat,
402 2642 432 2664 ut
460 2638 599 2667 existimat
621 2637 722 2664 Paulus
752 2637 914 2670 Comitolus,
945 2637 995 2669 bas

204 2684 333 2711 tenebras
361 2684 487 2711 conditas
518 2683 615 2715 fuisse,
646 2688 674 2710 et
710 2684 837 2711 tenebras
869 2691 928 2720 quae
958 2683 997 2710 illi

203 2729 323 2757 horrida:
347 2734 427 2764 atque
452 2731 596 2764 incomptze
618 2737 711 2757 rerum
739 2730 861 2760 omnium
879 2729 942 2756 moli
969 2729 996 2756 in

205 2774 293 2812 prima
314 2776 407 2802 mundi
425 2776 629 2809 constitutione,
645 2779 723 2804 erant
735 2775 870 2808 obductas,
890 2778 998 2802 nostra-

245 2864 255 2882 ν
279 2862 327 2889 Jub
345 2870 465 2894 suun,
485 2864 511 2890 L
551 2865 571 2880 ¹⁰
593 2863 654 2891 Cen.
674 2872 699 2896 ι,
715 2865 742 2890 2.

786 2865 805 2880 ¹¹
827 2863 848 2890 ll
869 2863 930 2891 Cor.
952 2873 988 2898 iv,
1008 2863 1035 2891 ϐλ

1046 931 1108 963 deo,
1124 939 1186 958 cum
1203 931 1286 958 verba
1304 929 1432 957 Methodii
1453 929 1526 956 aliud
1551 928 1680 959 innuant,
1699 934 1750 954 nec
1774 933 1838 960 per-

1046 977 1136 1012 plexe.
1155 976 1263 1004 Etenim
1286 975 1407 1003 tenebrae
1432 975 1484 1002 illa!
1509 982 1591 1009 super
1617 973 1761 1008 abyssum,
1784 979 1838 998 non

1046 1027 1125 1050 erant
1149 1026 1248 1050 creata:
1271 1022 1400 1053 tenebrae,
1423 1020 1470 1049 sed
1492 1020 1584 1047 libera:
1607 1020 1674 1054 ipsa:
1695 1020 1840 1052 emperunt.

1046 1078 1108 1098 esse
1124 1070 1242 1097 tenebrae
1259 1069 1328 1097 lucis
1343 1069 1505 1104 privatione.
1524 1066 1601 1094 Unde
1621 1073 1688 1100 ergo
1708 1068 1761 1096 est,
1778 1064 1839 1090 illas

1048 1117 1151 1151 primas
1167 1116 1297 1143 tenebras
1322 1119 1460 1142 nostrates
1475 1114 1527 1141 has
1552 1112 1630 1140 esse?
1647 1111 1727 1138 Unde
1744 1117 1840 1137 eorum

1047 1162 1204 1190 etTectorem
1222 1161 1307 1189 Deum
1323 1169 1377 1188 non
1393 1160 1497 1187 fuisse?
1512 1158 1590 1186 Unde
1607 1157 1693 1184 Deum
1711 1164 1768 1183 non
1780 1163 1841 1183 esse

1047 1209 1248 1243 privationum,
1274 1207 1320 1234 sed
1347 1214 1438 1234 rerum
1460 1213 1521 1241 qua
1544 1208 1654 1232 exstant
1679 1201 1841 1230 auctorem?

1047 1257 1088 1281 Au
1104 1262 1169 1282 vero
1186 1255 1230 1281 hic
1255 1253 1409 1281 Methodius
1437 1260 1492 1279 una
1509 1259 1571 1279 cum
1593 1250 1734 1277 Ludovico
1753 1248 1840 1276 Fideli

1047 1301 1149 1328 sentiat
1165 1300 1191 1327 in
1208 1299 1282 1327 notis
1304 1299 1337 1326 ad
1363 1299 1452 1334 ipsum
1476 1297 1642 1325 Methodium
1668 1296 1779 1331 planius
1794 1303 1840 1321 ex-

1047 1347 1228 1382 plicabimus;
1247 1350 1273 1373 et
1287 1353 1321 1372 an
1338 1345 1409 1372 idem
1431 1345 1555 1371 videatur
1575 1342 1698 1370 sensisse
1719 1341 1839 1368 Ioannes

1047 1392 1112 1419 Pius
1130 1392 1156 1418 in
1182 1391 1323 1426 lleplaplo,
1342 1391 1389 1418 lib.
1416 1399 1464 1421 vn.
1488 1390 1569 1424 capit.
1587 1389 1599 1415 1
1619 1397 1626 1415 :
1648 1388 1732 1414 Terra
1752 1391 1839 1413 autem

1047 1443 1104 1464 erat
1118 1438 1206 1464 inuitis
1226 1443 1251 1465 et
1262 1446 1355 1468 uacua,
1372 1441 1396 1464 et
1413 1435 1524 1463 tenebraz
1545 1439 1625 1462 erant
1648 1441 1727 1467 super
1745 1433 1839 1467 faciem

1048 1483 1136 1517 abyssi
1147 1484 1215 1510 '°.—
1223 1482 1283 1509 Non
1293 1487 1363 1509 creat
1374 1481 1443 1508 Deus
1453 1481 1618 1511 inanitatem,
1627 1488 1679 1506 non
1687 1484 1760 1506 creat
1770 1483 1839 1511 lgne-

1048 1531 1120 1561 brax,
1137 1530 1182 1557 sed
1194 1539 1203 1555 (
1216 1534 1296 1561 terra,
1306 1530 1399 1564 inquit,
1410 1529 1495 1555 inanis
1504 1533 1528 1555 et
1537 1527 1649 1554 terrebraz
1663 1531 1759 1557 erant;
1773 1533 1838 1552 mon

1049 1576 1114 1604 dicit
1129 1577 1184 1604 Inz’c
1200 1577 1281 1610 fuisse
1297 1581 1397 1608 creata,
1416 1575 1461 1602 sed
1481 1575 1573 1610 fuisse.
1590 1573 1622 1600 Et
1640 1573 1737 1608 paucis
1754 1573 1838 1599 inter-

1047 1623 1139 1658 jectis,
1159 1621 1250 1657 Neque
1269 1622 1324 1649 luet:
1348 1621 1409 1656 fecit
1425 1621 1507 1653 Deus,
1532 1620 1576 1647 sed
1590 1620 1705 1647 hominis
1723 1619 1838 1650 malitia,

1049 1669 1094 1704 qui
1106 1669 1193 1698 volens
1215 1677 1243 1697 se
1261 1668 1302 1695 his
1324 1668 1398 1695 bonis
1414 1667 1535 1702 privavit,
1551 1665 1646 1701 quibus
1671 1665 1749 1693 illum
1770 1664 1838 1693 Deus

1049 1715 1189 1741 ditaverat.
1216 1713 1284 1740 Sunt
1298 1715 1342 1752 qui
1371 1713 1423 1740 hoc
1447 1713 1508 1739 loco
1528 1712 1704 1739 tenebrarum
1730 1711 1839 1737 nomine

1049 1769 1119 1796 quos
1143 1760 1298 1788 Ludovicus
1329 1760 1431 1787 Fidelis
1450 1759 1499 1786 lib.
1517 1766 1537 1786 It
1558 1758 1595 1785 De
1620 1757 1713 1784 ntundi
1733 1761 1838 1788 struet,

1050 1815 1111 1842 cap.
1131 1808 1145 1833 7
1161 1811 1188 1834 et
1204 1807 1230 1838 8,
1246 1814 1299 1833 non
1321 1806 1467 1841 improbat.
1489 1812 1578 1832 aerem
1598 1803 1783 1839 caliginosum
1801 1803 1840 1829 lu-

1050 1854 1123 1880 mine
1148 1853 1309 1880 destitutum
1341 1852 1454 1886 intelligi
1480 1851 1579 1882 velint,
1608 1858 1640 1877 ex
1668 1857 1724 1884 quo
1752 1848 1839 1883 angeli

1048 1907 1126 1926 suum
1139 1899 1227 1926 sortiti
1244 1902 1308 1926 sunt
1322 1902 1422 1930 ortum,
1434 1905 1496 1924 nam
1514 1901 1544 1924 ut
1555 1904 1587 1924 ex
1600 1897 1666 1923 limo
1683 1900 1766 1922 terra:
1782 1899 1840 1922 tan-

1049 1954 1128 1980 quam
1147 1945 1309 1981 pra-iacente
1323 1944 1435 1971 materia
1446 1944 1594 1974 hominem,
1615 1942 1655 1969 sic
1669 1950 1702 1969 ex
1719 1949 1784 1969 aere
1797 1949 1838 1967 ca-

1048 1993 1164 2029 liginoso
1195 1992 1276 2019 veluti
1309 1992 1468 2026 subjacenle
1495 1989 1696 2017 substerniculo
1727 1989 1839 2023 angelos

1048 2039 1134 2065 Deum
1164 2038 1321 2066 condidisse
1346 2038 1533 2070 arbitrantur,
1557 2035 1633 2063 Pauli
1660 2035 1839 2061 fundamento

1048 2084 1146 2116 innixi,
1163 2084 1297 2111 dicentis:
1312 2083 1442 2116 Quoniam
1455 2082 1536 2114 Deus,
1545 2083 1589 2116 qui
1601 2082 1670 2108 dixit
1685 2081 1718 2107 de
1727 2080 1838 2107 tenebris

1049 2131 1132 2158 lucent
1156 2130 1348 2164 splendescere,
1372 2130 1426 2164 ipse
1448 2129 1537 2156 illuxit
1553 2129 1579 2154 in
1595 2127 1719 2154 cordibus
1741 2126 1837 2154 nostris

1048 2177 1082 2203 ad
1106 2176 1326 2203 illuminationcm
1347 2176 1463 2203 scientia:
1487 2175 1620 2205 claritatis
1642 2174 1692 2201 Dei
1716 2174 1743 2200 in
1773 2173 1838 2208 [acie

1013 2234 1033 2260 ι)
1050 2222 1149 2250 Citriin
1173 2223 1237 2249 Jesu
1260 2223 1291 2248 ”.
1318 2221 1389 2249 Deus
1406 2222 1489 2254 enim,
1503 2221 1549 2256 qui
1568 2221 1638 2248 dixit
1659 2220 1693 2247 de
1717 2219 1837 2247 tenebris

1050 2269 1139 2296 lucem
1157 2268 1357 2303 splendescere.
1376 2269 1399 2295 is
1413 2273 1464 2300 est,
1488 2268 1534 2302 qui
1555 2267 1589 2294 de
1612 2267 1736 2294 tenebris
1752 2266 1835 2298 dixit,

1051 2315 1116 2342 Fiat
1134 2317 1190 2346 lux,
1202 2320 1227 2342 et
1244 2315 1315 2347 facta
1326 2320 1364 2342 est
1375 2315 1444 2341 “.Id
1455 2313 1664 2348 autemintelligi
1681 2321 1736 2340 non
1751 2316 1837 2348 potest

1050 2363 1083 2390 de
1097 2362 1214 2397 simplici
1233 2362 1344 2392 luminis
1364 2362 1497 2392 carentia,
1513 2361 1641 2396 quoniam
1667 2368 1700 2386 ex
1723 2360 1775 2386 hoc
1791 2367 1836 2387 ne-

1049 2410 1109 2444 quit
1125 2409 1272 2443 quidquam
1291 2408 1369 2440 oriri,
1388 2413 1415 2436 et
1429 2407 1545 2442 proinde
1560 2414 1622 2433 cum
1636 2406 1711 2433 dicat
1726 2405 1834 2437 Paulus,

1048 2456 1080 2482 de
1111 2455 1221 2482 tenebris
1246 2455 1328 2482 lucem
1355 2454 1550 2488 splendescere,
1574 2456 1681 2488 oportet
1712 2453 1835 2480 tenebras

1048 2503 1123 2538 ipsas
1152 2502 1224 2530 unde
1252 2502 1298 2529 lux
1327 2501 1441 2536 prodeat
1469 2500 1573 2536 aliquid
1601 2507 1672 2527 esse.
1702 2499 1737 2526 At
1761 2499 1832 2534 quid.

1049 2557 1152 2584 quaeso,
1168 2549 1320 2582 existimas,
1337 2548 1525 2582 hujuscemodi
1542 2547 1673 2575 tenebras
1694 2554 1768 2577 esse,
1784 2545 1832 2573 nisi

1046 2603 1135 2623 aerem
1153 2596 1241 2631 ipsum
1262 2594 1384 2621 tenebris
1396 2594 1526 2627 obsitmn,
1543 2593 1590 2621 sed
1612 2592 1727 2619 luminis
1741 2599 1832 2619 snsce-

1046 2641 1169 2676 ptivum?
1181 2640 1252 2675 quod
1268 2639 1430 2674 perpulchre
1451 2639 1493 2666 his
1504 2639 1594 2666 verbis
1606 2638 1729 2665 insinuat
1741 2637 1831 2668 Isaias,

1046 2686 1183 2721 inquiens,
1197 2686 1252 2721 Ego
1265 2686 1407 2717 Dominus,
1423 2690 1447 2712 et
1459 2693 1510 2712 non
1524 2689 1562 2711 est
1578 2684 1645 2710 alter
1658 2683 1779 2718 formam
1795 2682 1832 2709 lu—

1047 2739 1100 2758 cem
1109 2736 1132 2758 et
1146 2740 1237 2759 creans
1251 2731 1369 2758 tenebrat
1384 2731 1421 2761 ¹³;
1437 2731 1547 2758 nomine
1557 2733 1646 2756 autem
1661 2729 1828 2756 tenebrarum

1048 2775 1106 2802 hoc‘
1118 2776 1178 2803 loco
1194 2775 1299 2810 aliquid
1316 2776 1465 2811 [iesitivum
1484 2774 1690 2811 intelligendum
1705 2778 1758 2802 est.
1777 2772 1828 2801 Non

1076 2865 1095 2879 ”
1117 2864 1180 2892 Cm.
1199 2872 1223 2897 l,
1242 2865 1266 2891 5.
1309 2865 1329 2880 ”
1351 2864 1407 2892 Im.
1427 2873 1488 2897 :Lv,
1508 2865 1532 2890 7.
