1903 3068
33 136 78 165 325

509 135 544 162 IN
559 134 748 163 EUSTATHII
766 135 1008 163 HEXAEMERON
1028 136 1143 164 ἳξΟΤᾹΞ.

1589 135 1643 165 διο

32 194 93 223 enim
107 191 213 220 luminis
234 190 384 219 carentiam
405 190 510 219 creavit
531 191 613 220 Deus.
632 191 695 222 Haec
712 198 802 220 tamen

875 193 914 219 ίου
937 194 1118 228 γενησόμενον
1143 193 1300 228 ὑπερόριον,
1329 194 1432 229 μηδένα
1450 192 1478 220 δὲ
1503 193 1552 220 τδν
1571 194 1645 230 μετὰ

32 239 111 275 opinio
132 238 243 265 minime
265 237 404 272 probanda
431 237 551 270 videtur.
575 238 619 266 vel
640 246 674 266 ex
696 246 728 266 eo
746 239 804 266 solo

32 284 92 320 quod
108 282 220 318 angelis,
240 282 287 316 qui
302 286 367 309 sunt
387 282 448 316 puri
464 283 578 318 spiritus
596 283 672 310 nullo
691 291 804 318 corpore

32 329 157 358 obstricti,
186 326 330 354 niateriale
354 326 519 362 principium
547 328 659 360 tribuat,
688 328 805 363 indeque

31 381 214 407 eoscorporeos
228 372 435 407 materialesque
449 373 558 400 efficiat.
569 373 656 406 Add-,
673 373 738 401 hinc
751 382 804 401 nou

33 418 101 446 simul
115 424 173 444 cum
191 417 264 444 caelo
289 420 316 444 et
333 421 406 444 terra
422 417 510 452 angeli
535 417 663 452 producti
680 417 805 446 referun-

33 471 78 495 tur,
92 464 134 492 sed
148 468 208 499 post
224 463 286 493 caeli
300 468 327 490 et
338 467 418 491 terra:
431 464 609 492 creationem.

61 511 111 538 Col.
125 510 185 543 709,
202 509 251 536 lin.
267 509 311 536 58.
334 509 462 541 Ἕξωθεν
477 509 511 536 δὲ
528 509 580 536 τοῦ
592 509 733 543 οὐρανοῦ.
748 510 806 536 Me-

34 557 128 585 thodius
143 555 286 591 presbyter
304 554 581 591 Hierosolymitanus,
605 560 675 583 orat.
699 556 728 582 in
750 555 807 590 [ly-

33 607 166 637 papantem,
182 602 242 630 sive
266 600 428 628 Timotheus
450 600 502 628 sub
521 600 600 635 cujus
617 600 726 629 nomine
749 600 806 627 haec

33 650 107 677 oratio
124 649 270 684 praeteritis
296 648 377 675 annis
398 648 477 676 initio
500 648 597 675 mutila
620 655 720 675 excusa
753 651 806 680 est,

33 703 99 730 quam
110 695 239 730 integram
247 694 360 728 suisque
371 694 494 728 partibus
508 693 661 721 absolutam
673 693 733 725 tibi,
749 693 807 721 leo-.-

34 746 76 771 tor,
91 747 140 767 una
156 747 219 766 cum
238 739 302 766 aliis
317 739 518 767 Methodiorum
532 738 721 773 opuSCulis,et
735 737 808 773 irag-

34 786 125 817 mentis.
133 785 187 813 Deo
195 785 288 817 dante.
300 793 380 821 quam
390 785 508 820 primum
516 784 644 812 dabimus
665 793 672 812 :
684 784 708 812 is
716 784 808 819 itaque

35 832 61 859 de
67 832 113 860 hoc
121 830 214 859 eodem
224 831 330 858 lumine
338 838 493 858 sermonem
502 837 587 865 agens
595 830 633 857 ita
642 829 784 857 exorditur
799 839 806 856 :

854 239 940 266 ταῦτα
966 239 1118 274 ἀνθρώπιον
1138 238 1268 274 μέλλοντα
1292 239 1372 266 πάλιν
1395 240 1514 275 οἰκήσειν
1540 240 1642 272 «Mdv;

855 285 886 311 Εί
902 285 956 320 γὰρ
972 285 1087 316 ἕκαστος
1109 285 1156 311 καὶ¹
1173 284 1226 311 τῶν
1247 284 1365 316 εΰσεσῶς
1389 285 1567 320 βεϐιωκότων,
1594 286 1644 312 και

855 329 909 356 τῶν
922 329 1059 361 suas-56(7);
1077 329 1322 364 πολιτευσαμένων,
1343 329 1411 364 μετὰ
1422 329 1453 356 τὸ
1469 330 1576 357 στάδιον
1592 329 1645 357 τοῦ

856 376 988 411 παρόντος
1002 375 1060 410 βίου
1078 376 1146 411 πρὸς
1165 376 1195 402 τὸ
1211 375 1248 411 μὴ
1271 375 1300 401 δν
1316 375 1471 409 ἀναλύεται,
1491 376 1537 402 καὶ
1553 376 1644 408 οὐδεὶς

855 422 958 449 οὐκέτι
974 422 1106 457 διαμένει,
1121 421 1191 448 ὥστε
1208 422 1255 448 καὶ
1271 421 1433 457 παράδεισον
1454 421 1644 457 κληρονομεξν,

856 469 966 504 καὶτῆς
985 469 1014 494 ἐν
1034 467 1108 503 αὐτῷ
1122 467 1228 503 τρυφῆς
1250 466 1396 494 ἀπολαύειν
1420 467 1512 502 ἱερᾶς·
1531 466 1589 498 πῶς
1611 467 1648 493 οὖν

858 513 946 549 μάτην
972 512 1053 540 αὑτὸν
1076 511 1238 548 γεγενῆσθαι
1267 512 1283 547 ὴ
1309 511 1418 547 τοιαύτη
1442 510 1575 546 ἀγνώμων
1596 511 1647 538 καὶ

856 559 988 594 δυσσεϐὴς
998 558 1131 594 ὑπόληψις
1147 558 1291 592 ἀποφανεῖ,
1308 558 1355 584 καὶ
1369 557 1414 584 διὰ
1423 557 1474 592 τῆς
1489 557 1528 588 εἰς
1543 558 1649 584 ἐκεῖνον

858 605 962 642 ὕϐρεως
969 605 1014 631 τὸν
1027 605 1114 631 κοινὸν
1122 603 1256 640 ὲξυὸρίσει
1265 603 1442 639 δημιουργὸν,
1452 603 1546 630 ἐκεῖνα
1555 602 1648 638 πρᾶτον

857 661 915 679 τειν
934 651 1105 687 κατηγορῶν,
1123 651 1141 678 ἃ
1160 651 1227 687 μηδὲ
1248 651 1357 687 μέτριος
1379 651 1411 677 ἄν
1421 658 1464 682 τις
1473 649 1652 685 διαπράξοιτο·

857 698 927 733 ἀνήρ
941 706 949 730 ;
968 697 1021 725 Sed
1031 697 1190 724 Eustathius
1199 704 1302 732 magna:
1312 696 1442 724 Ecclesia:
1450 696 1592 731 presbyter
1602 702 1651 722 eo-

858 742 921 770 dem
931 741 1028 769 Photio
1038 741 1171 770 referente
1179 749 1228 776 pro
1236 741 1348 769 veritate
1356 744 1464 775 sumpta
1474 740 1653 768 contentione

858 788 995 823 probavit,
1010 788 1071 814 Ὀτι
1084 789 1152 823 μετά
1165 787 1215 822 τὴν
1230 786 1390 821 ἀπαλλαγὴν
1404 785 1451 813 τοῦ
1465 786 1591 821 σώματος
1599 785 1654 812 ac.

859 834 923 862 τίκα
945 833 1104 869 εὐεργοῦσιν
1126 832 1224 860 αἰτῶν
1245 832 1333 866 ἀγίων
1345 831 1440 867 ψυχαί.
1465 831 1502 858 Οὺ
1528 830 1654 866 μόνονδὲ

34 877 402 913 Μόνοςὲνάνθρὼποιςτέλιιος
411 876 553 912 ἄνθρωπος
561 877 575 903 ό
583 876 631 912 τῆς
639 875 809 910 δικαιοσύνης
824 875 846 906 Β
859 879 913 907 τῶν
927 880 1023 914 ἁγίων,
1040 879 1108 906 ἀλλά
1123 879 1170 906 καὶ
1179 877 1274 910 ἁπλῶς
1284 878 1355 905 κατὰ
1370 878 1419 912 τὴν
1430 877 1532 904 οικείαν
1545 877 1653 913 ἑκάστῃ

35 925 86 960 περὶ
106 923 199 954 πολλοῦ
215 923 357 959 τιθέμενος
383 923 487 958 κτῆμα.
512 922 659 958 ’Δείφωτον
676 922 731 959 γὰρ
753 924 809 954 τοῖς

34 968 240 1004 δικαιοπραγοῦσι
265 970 296 996 τὺ
311 969 362 1004 τῆς
379 968 554 1004 δικαιοσύνης
571 969 665 1004 κτῆμα
687 969 759 996 κατά
779 969 810 996 τδ

34 1015 120 1049 φάσκον
143 1015 213 1042 θεῖον
241 1015 340 1051 ῥητόν·
366 1013 432 1048 Φῶς
451 1013 579 1047 δικαίοις
609 1014 659 1042 διὰ
686 1016 809 1048 παντός.

34 1061 99 1087 Ποῖον
112 1061 182 1095 φῶς;
200 1061 238 1088 Οὐ
255 1061 287 1087 τὸ
304 1061 382 1088 νυκτὶ
398 1060 609 1096 διαμαχόμενον,
625 1061 672 1087 καὶ
683 1061 811 1096 ἡλιακαῖς

34 1107 108 1136 ἀκτῖσι
134 1107 274 1135 διπλάσιον
308 1107 521 1143 εὑρισκόμενον,
549 1106 598 1132 καὶ
626 1106 665 1142 τῷ
699 1107 811 1142 παρόντι

35 1154 97 1180 αἰῶνι
118 1153 152 1185 ὡς
173 1153 335 1189 προσκαίρῳ
352 1153 571 1188 συντριϐόμενον.
595 1152 661 1185 Φῶς
687 1152 812 1186 δικαίοις

36 1199 74 1226 διὰ
88 1200 199 1233 παντός.
219 1201 301 1227 Ποῖον
321 1199 396 1235 eis;
420 1200 457 1226 Τὸ
477 1199 606 1226 ἐπέκεινα
621 1201 675 1226 τῶν
689 1200 811 1236 οὐρανῶν

36 1246 200 1281 αὑλιξόμενον,
214 1247 265 1273 καὶ
283 1246 314 1273 τὸ
325 1245 478 1280 δεσποτικῷ
494 1245 581 1280 θρόνῳ
598 1246 811 1282 παριστάμενον.

37 1293 109 1327 Ὅπερ
130 1294 143 1319 ό
162 1293 267 1325 δίκαιος
285 1292 410 1328 Ἀϐραὰμ
425 1292 556 1326 ἐννοήσας
575 1293 638 1323 τοὺς
654 1292 727 1327 αὐτῷ
748 1301 811 1327 προ‹

37 1338 176 1373 δεχομένους
199 1339 396 1374 προσδέχεται,
418 1338 482 1370 τοὺς
501 1338 531 1365 δὲ
552 1339 590 1375 μὴ
615 1338 752 1370 τοιούτους
773 1337 813 1373 τῷ

37 1383 134 1418 ἀφεγγεῖ
144 1385 192 1420 τῆς
206 1384 316 1416 δικαίας
337 1384 486 1420 καταδίκης
506 1385 598 1421 χωρίῳ
619 1384 812 1421 παραπέμπει.

38 1429 77 1455 Διὰ
87 1430 159 1457 τοῦτο
181 1430 319 1467 κέκραγεν
334 1431 349 1456 ὁ
374 1430 483 1467 κράζων
498 1439 505 1446 ·
536 1431 600 1464 Φῶς
613 1430 739 1464 δικαίοις
765 1429 815 1456 διὰ

38 1477 142 1509 παντός.
167 1477 232 1510 Φῶς
249 1477 284 1504 δὲ
300 1475 418 1504 ἀσεϐῶν
436 1478 609 1505 σϐέννυται.

66 1521 136 1554 lbid.,
148 1523 193 1550 lin.
210 1524 258 1550 41.
268 1525 320 1556 Εὶς
332 1523 347 1550 ὃ
363 1523 410 1550 καὶ
422 1522 816 1558 οἱκαλῶςβιώσαντεςῶτκθ

39 1569 116 1595 statim
131 1575 191 1604 post
204 1569 289 1604 hujus
304 1570 366 1598 vitae
379 1571 528 1597 terminum
541 1574 701 1598 sanctorum
716 1570 814 1597 animae

40 1614 62 1641 in
83 1616 248 1650 sempiterna!
271 1616 339 1644 lucis
359 1616 512 1644 claritatem
528 1616 634 1648 delatae,
657 1616 743 1651 gloria
760 1616 814 1643 sibi

40 1659 116 1687 debita
137 1661 316 1696 perfruuntur
335 1661 520 1696 felicitateque
543 1661 677 1689 immensa
700 1661 813 1696 potiun-

42 1710 86 1733 tur.
101 1705 154 1736 Hoc
168 1708 244 1735 enim
267 1712 390 1743 tempore
404 1707 452 1743 qui
476 1707 546 1735 bene
567 1712 716 1742 sancteque
730 1707 814 1734 vitam

41 1751 161 1780 duxerunt
176 1754 210 1781 ab
224 1760 258 1781 ea
275 1753 404 1780 illustrati
429 1753 587 1788 quiescunt,
612 1760 662 1779 nec
680 1751 754 1779 aliud
767 1760 815 1780 ex-

42 1802 160 1833 spectant.
178 1799 258 1832 Quod
271 1798 496 1826 manifestissime
512 1798 652 1833 eoliigitur
667 1805 701 1825 ex
724 1797 815 1825 verbis

42 1841 69 1868 ad
83 1851 136 1878 quae
148 1843 338 1871 confirmanda
355 1851 410 1870 non
432 1847 474 1870 est
491 1850 560 1877 opus
578 1842 623 1869 hic
645 1841 814 1877 reliquorum

42 1886 136 1916 Patrum
161 1889 315 1918 sententias
347 1889 480 1917 intexere.
508 1888 697 1916 Tlieodoretus
718 1888 766 1916 lib.
788 1896 816 1915 ix

43 1933 75 1960 De
89 1935 168 1969 affect.
186 1935 287 1968 Gra’c"
304 1935 333 1963 in
348 1935 411 1968 fine,
435 1936 485 1962 Ἐν
500 1935 540 1968 τῷ
552 1935 655 1970 κόσμῳ
671 1935 737 1970 γὰρ,
751 1935 815 1971 ἔφη,

44 1981 133 2014 θλίψιν
145 1981 240 2016 ἔχετε,
254 1982 304 2009 και
323 1981 464 2017 μακάριοι
478 1982 560 2014 ἐστε,
572 1981 646 2008 ὅταν
666 1981 817 2008 ὀνειδίσω-

44 2036 87 2055 σιν
96 2029 178 2064 ὑμᾶς,
195 2031 247 2058 καὶ
261 2030 401 2063 διιὶιεωσι,
418 2030 469 2057 καὶ
489 2031 596 2057 εἴπωσι
609 2030 671 2059 πᾶν
682 2031 817 2064 πονηρὸν

42 2073 111 2109 ῥῆμα
130 2078 190 2104 καθ’
201 2077 288 2112 ὑμῶν
298 2077 404 2104 ἕνεκεν·
415 2076 498 2111 ἐμοῦ.
513 2077 646 2110 Χαίρετε,
662 2076 711 2103 καὶ
725 2077 817 2111 ἀταλ-

45 2119 144 2152 λίᾶσθε,
153 2122 195 2149 ὅτι
208 2124 224 2149 ό
230 2121 340 2157 μισθὸς
346 2122 429 2157 ὑμῶν
439 2122 536 2154 πολὺς
546 2122 581 2149 ἐν
592 2122 655 2155 τοῖς
667 2122 814 2156 οὐρανοῖς.

46 2165 91 2192 Καὶ
108 2167 166 2199 τοὺς
181 2169 228 2203 μὲν
244 2168 342 2199 πόνους
359 2167 407 2194 καὶ
428 2167 566 2199 κινδύνους
581 2166 718 2199 ὑπέδειξεν
736 2167 771 2194 τὰ
788 2166 817 2193 δὲ

828 1547 849 1576 C

860 926 972 959 ἀξίωσιν
995 927 1069 954 πᾶσα
1083 925 1240 960 ἀνθρωπίνη
1255 924 1338 960 ψυχή.
1357 924 1442 958 Cujus
1459 923 1503 951 hic
1519 924 1600 951 verba
1615 923 1651 950 li-

861 971 1023 1000 bentissime
1043 971 1268 1002 transcriberem,
1292 971 1316 998 si
1332 970 1415 997 libelli
1437 970 1515 1004 copia
1537 969 1606 997 foret
1619 973 1651 996 ut

861 1026 955 1046 eorum
976 1018 1160 1053 pervicaciam
1190 1017 1410 1052 comprimerem,
1437 1016 1483 1052 qui
1503 1016 1531 1043 in
1557 1021 1654 1052 aperta

862 1068 889 1092 et
902 1072 932 1091 re
954 1064 1099 1091 manifesta
1124 1063 1160 1091 ita
1175 1063 1334 1094 cazcutiunt,
1352 1068 1382 1090 ut
1395 1067 1422 1090 et
1445 1062 1506 1090 aliis
1520 1062 1653 1090 tenebras

862 1109 1004 1138 oﬂundere
1021 1109 1195 1144 impudenter
1212 1109 1346 1136 nitantur.
1363 1108 1430 1141 Quis
1439 1108 1511 1135 enim
1522 1111 1650 1143 portenta

862 1157 936 1184 circa
954 1155 1005 1182 hoc
1023 1155 1206 1190 pessimorum
1220 1154 1360 1182 hominum
1376 1153 1448 1182 ferre
1463 1154 1576 1189 posset?
1591 1154 1654 1181 Ma-

863 1202 952 1230 lorum
965 1201 1070 1229 scilicet
1087 1201 1195 1228 animas
1208 1200 1236 1227 in
1252 1200 1391 1228 daemonas
1403 1200 1535 1231 converti,
1551 1199 1579 1226 in
1594 1199 1655 1226 leo-

863 1255 924 1281 nes,
940 1247 1030 1282 lupos,
1049 1247 1172 1281 aliasque
1188 1246 1303 1278 bestias.
1320 1246 1392 1273 sicut
1408 1246 1584 1280 etjustorum
1600 1245 1654 1272 mi-

866 1302 954 1330 grare.
986 1292 1166 1325 Paradisum,
1196 1300 1397 1328 supernamque
1425 1291 1594 1320 Hierusalem
1623 1291 1652 1318 in

864 1340 945 1368 tertio
960 1339 1030 1367 cmlo
1047 1339 1129 1367 sitam
1146 1346 1217 1373 esse,
1235 1339 1301 1373 quin
1322 1346 1411 1373 neque
1426 1338 1453 1365 in
1470 1339 1550 1370 caelo,
1564 1345 1654 1373 neque

865 1386 893 1413 in
907 1387 999 1414 terris.
1019 1385 1072 1413 Sed
1095 1385 1193 1412 horum
1212 1384 1299 1420 magis
1314 1388 1469 1413 accuratam
1490 1383 1653 1418 explicatio-

865 1439 928 1459 nem
940 1431 968 1458 in
983 1434 1102 1458 tractatu
1127 1436 1207 1465 quem
1226 1429 1261 1456 de
1279 1429 1441 1458 diiferentiis
1457 1428 1615 1455 Graecorum
1627 1433 1656 1455 et

865 1475 1026 1511 Latinorum
1049 1476 1212 1509 scribimus,
1238 1475 1390 1505 trademus.
1418 1474 1496 1502 Nunc
1525 1475 1578 1503 ista
1599 1474 1656 1502 sint

867 1525 945 1553 satis.

903 1570 984 1603 Ibid”
1000 1570 1049 1597 lin.
1070 1569 1116 1597 £2.
1136 1569 1266 1602 Νοήσεις
1286 1568 1320 1594 δὲ
1338 1568 1444 1595 τούτου
1466 1566 1524 1601 τὴν
1538 1567 1655 1593 οικονο-

862 1617 945 1652 μίαν.
961 1616 1080 1644 Basilius
1097 1616 1170 1643 hom.
1188 1615 1205 1642 2
1231 1616 1258 1642 in
1278 1607 1425 1641 flexum:
1440 1614 1544 1648 Νόησον
1567 1612 1595 1639 δέ
1610 1620 1657 1647 μοι

865 1663 919 1691 ἀπὸ
938 1662 1160 1698 παραδείγματος
1174 1660 1306 1697 ἐναργοῦς
1322 1660 1353 1687 τὸ
1367 1660 1523 1695 λεγόμενον,
1541 1659 1571 1685 ὲν
1590 1667 1655 1685 στα-

865 1709 936 1745 θηρᾷ
953 1708 1112 1744 μεσημϐρίᾳ
1129 1707 1232 1742 σκηνήν
1250 1714 1310 1732 τινα
1324 1706 1357 1732 ἐκ
1373 1704 1479 1739 πυκνῆς
1495 1704 1543 1730 καὶ
1559 1711 1658 1737 στεγα-

865 1756 913 1791 νῆς
935 1754 1001 1789 ὕλης
1025 1753 1114 1789 ἑαυτῷ
1139 1753 1361 1789 παραστήσαντα,
1377 1751 1425 1778 καὶ
1443 1751 1473 1777 ἐν
1495 1750 1583 1785 σκότῳ
1609 1750 1658 1777 αὺο

865 1801 994 1836 τοσχεδίῳ
1012 1800 1107 1827 ἑαυτὸν
1124 1798 1332 1834 καθειργοῦντα.

900 1848 981 1880 lbid.,
993 1848 1041 1876 lin.
1055 1848 1099 1876 49.
1112 1847 1193 1874 οὓτω
1200 1845 1336 1873 τοιοῦτον
1348 1844 1568 1871 ἀνυπόστατον.
1581 1842 1659 1870 Basi-

866 1893 919 1921 lius
930 1893 1046 1928 explicat
1055 1892 1128 1920 liom.
1140 1891 1158 1918 2
1172 1901 1178 1918 :
1189 1891 1311 1926 Λέγομεν
1321 1889 1411 1917 τοίνυν
1419 1888 1547 1916 καὶτοῦτο
1555 1888 1585 1915 τὸ
1599 1888 1659 1915 σκό-

865 1946 911 1970 τος
929 1937 966 1973 μὴ
992 1936 1063 1964 κατὰ
1077 1937 1170 1964 οὐσίαν
1195 1935 1388 1971 ὑφεστηκέναι,
1414 1935 1461 1961 καὶ
1484 1934 1570 1966 πάθος
1587 1931 1658 1961 εἶναι

866 1984 930 2021 περὶ
945 1984 990 2011 τὸν
1004 1984 1072 2019 ἀέρα
1090 1982 1313 2019 στερήσειφωτδς
1324 1981 1523 2017 ὲπιγινόμενον.
1537 1980 1570 2007 Et
1585 1980 1658 2008 infe-

867 2030 926 2058 rius
945 2039 951 2056 :
968 2029 1094 2056 Τοιοῦτον
1115 2027 1162 2056 οὖν
1190 2029 1301 2055 κάκεῖνο
1325 2027 1356 2053 τὸ
1383 2026 1478 2058 σκότος
1500 2025 1600 2052 ὑπόθου
1626 2025 1659 2052 οὐ

867 2075 1079 2112 προηγουμένως
1107 2074 1269 2110 ὑφεστηκὸς,
1291 2073 1349 2100 ἀλλ’
1368 2072 1588 2107 ὲπακολουθῆσαν
1607 2071 1665 2098 ἑτέ-

868 2131 934 2160 ροις.
946 2120 979 2148 Et
994 2121 1050 2149 haec
1060 2122 1133 2149 dicta
1148 2124 1212 2149 sunt
1226 2124 1321 2147 contra
1336 2127 1423 2155 nugas
1431 2118 1659 2150 Manichaeorum,

868 2170 1049 2198 asserentium
1075 2167 1204 2195 tenebras
1227 2174 1287 2194 esse
1311 2165 1460 2201 quamdam
1477 2164 1662 2193 substantiam

47 2209 144 2244 βραὸεῖα
160 2213 283 2244 καὶτοὺς
297 2212 446 2247 στεφάνους
462 2211 531 2246 μετά
551 2211 582 2238 τὸ
601 2211 650 2238 τοῦ
667 2210 724 2246 βίου
740 2210 813 2242 τέλος

871 2220 1009 2246 mternam.
1029 2218 1057 2243 et
1082 2213 1248 2250 principium
1269 2219 1362 2240 rerum
1386 2218 1441 2238 non
1469 2211 1561 2237 minus
1578 2217 1662 2245 quam

46 2255 178 2285 ἀποδώσειν
198 2258 324 2294 ὐπέχετο.
341 2257 394 2285 Sed
410 2257 452 2285 his
468 2257 573 2284 diutius
590 2256 731 2284 immorari
744 2259 818 2283 esset

47 2302 89 2328 soli
103 2303 187 2332 lumen
200 2304 302 2332 addere
319 2314 326 2331 :
345 2304 404 2331 hmo
419 2307 509 2331 tamen
529 2311 574 2330 res
588 2310 602 2329 a
617 2302 742 2337 pluribus
752 2309 819 2329 con-

47 2351 154 2377 troversa
167 2351 262 2378 habuit
285 2358 351 2378 suos
371 2350 530 2378 defensores
547 2353 573 2376 et
590 2351 817 2383 propugnatores.

47 2392 155 2425 Andreas
166 2396 344 2425 Caesariensis
360 2396 387 2423 in
400 2395 598 2430 Apotalypsim,
613 2401 696 2422 serm.
711 2393 755 2425 15,
771 2400 818 2420 ca-

48 2440 90 2474 pit.
105 2441 152 2475 45;
164 2447 190 2470 et
205 2451 288 2472 serm.
307 2442 333 2475 6,
347 2449 408 2477 cap.
426 2442 476 2474 i7;
493 2445 519 2469 et
535 2448 618 2468 serm.
637 2440 682 2472 ll.
695 2447 755 2474 cap.
773 2439 818 2470 55,

48 2485 198 2516 existimavit
219 2489 356 2524 justorum
379 2487 485 2514 animas
502 2487 624 2514 nondum
640 2486 733 2522 gloria:
749 2485 820 2512 divi-

49 2537 84 2557 nze
96 2534 233 2568 participes
244 2534 326 2568 hujus
337 2533 432 2560 mundi
444 2532 709 2560 consummationem
725 2538 821 2565 exspe-

50 2580 122 2606 ctare.
137 2578 165 2607 S.
176 2579 306 2615 Eulogius
324 2580 350 2607 in
370 2579 498 2614 paradiso
511 2578 633 2606 terrestri
648 2585 695 2605 eas
704 2577 820 2610 deferri;

51 2621 140 2651 frustra
160 2626 230 2653 enim
247 2626 344 2653 hortus
368 2625 414 2653 ille
434 2616 595 2652 deliciarum
613 2628 722 2651 creatus
737 2627 820 2654 esset,

51 2667 94 2694 nisi
108 2669 158 2702 jam
175 2675 330 2698 sanctorum
346 2671 499 2697 animorum
514 2672 588 2696 esset
607 2668 820 2703 receptaculum.

52 2710 108 2745 Eius
124 2716 202 2742 verba
215 2716 309 2744 'refcrt
328 2715 444 2744 Photius
466 2716 493 2742 in
511 2715 637 2742 Biblioth.
653 2714 704 2741 :Tt
727 2714 755 2740 δὲ
767 2715 824 2748 Luat

52 2758 92 2785 τὸν
115 2761 182 2789 κατὰ
205 2754 335 2793 ἀνατολὰς
363 2761 527 2797 παράδεισον
561 2759 693 2794 ἐφύτευσε
721 2759 767 2786 τὸν
794 2760 823 2785 ἐν

58 2802 139 2840 Ἐδὲμ,
159 2807 187 2833 ἐν
203 2804 225 2841 ᾧ
247 2807 294 2834 τὸν
310 2807 464 2843 ἄνθρωπον,
479 2807 508 2833 ὃν
532 2805 660 2838 ἔπλασεν,
685 2804 771 2837 ἔθετο,
799 2805 823 2831 εἰ

56 2848 144 2878 ἐκεῖνον
167 2853 214 2888 μὲν
235 2853 314 2886 εὐθὺς
335 2852 541 2890 παραϐήσεσθαι
559 2851 626 2888 ᾔδει,
646 2851 692 2878 καὶ
708 2851 755 2879 τοῦ
769 2859 823 2886 χω-

869 2264 967 2291 lucem.
986 2262 1139 2290 Alexander
1153 2260 1310 2297 Lycopolita
1326 2262 1419 2285 contra
1429 2256 1592 2283 Manis/two;
1602 2263 1612 2283 :
1624 2255 1662 2282 Τὸ

869 2310 898 2336 δὲ
910 2309 1099 2345 λαμπρὸν,κα“ι
1109 2307 1140 2335 τὸ
1158 2307 1226 2342 φῶς,
1235 2306 1281 2333 καὶ
1297 2305 1326 2332 τδ
1338 2305 1404 2335 ἀνω,
1413 2303 1502 2330 πάντα
1510 2302 1597 2329 ταῦτα
1612 2301 1663 2328 σὺν

869 2354 908 2390 τῷ
915 2354 974 2390 Θεῷ
984 2353 1062 2381 εἶναι·
1075 2353 1105 2380 τὸ
1114 2352 1234 2388 ἀμυδρὸν
1243 2351 1272 2378 δὲ
1285 2350 1370 2378 καὶτὸ
1381 2350 1485 2381 σκότος,
1493 2348 1539 2375 καὶ
1546 2347 1576 2374 τὸ
1586 2347 1663 2374 κάτω

871 2402 919 2427 σὺν
933 2402 964 2436 τῇ
975 2400 1036 2437 ὕλῃ.
1049 2399 1082 2426 Ει
1093 2399 1191 2426 iterum
1203 2407 1209 2424 :
1220 2397 1274 2432 Τῆς
1290 2394 1335 2423 οὖν
1350 2395 1416 2431 ὕλης
1427 2392 1461 2431 ἦς
1474 2392 1661 2429 ἀπεκρίθησαν

870 2447 946 2482 ἥλιος
962 2447 1007 2473 καί
1023 2445 1122 2480 σελήνη
1139 2445 1170 2471 τὸ
1187 2443 1271 2480 μέρος
1287 2441 1365 2473 ἐκτὸς
1379 2440 1427 2467 τοῦ
1443 2440 1545 2474 κόσμου
1561 2438 1664 2473 ἀπελη-

870 2491 980 2524 λάσθαι,
997 2492 1044 2518 καὶ
1064 2489 1134 2517 εἷναι
1149 2490 1238 2516 ἐκεῖνο
1254 2488 1310 2523 πῦρ
1323 2485 1469 2514 καυστικὺν
1487 2485 1546 2520 μὲν,
1563 2483 1663 2511 σκοτῶ-

871 2538 915 2570 δες
927 2537 956 2564 δὲ
970 2537 1018 2564 καὶ
1032 2536 1151 2571 ἀφεγγὲς
1166 2535 1244 2561 νυκτὶ
1256 2533 1428 2569 προσόμοιον,
1441 2530 1509 2558 Vide
1517 2530 1661 2565 Didymum

872 2589 964 2612 contra
978 2582 1151 2615 Munia/uvas,
1167 2585 1194 2610 el.
1206 2581 1285 2609 alios.

907 2629 988 2661 lbid.,
1011 2629 1060 2656 lin.
1083 2628 1127 2656 52.
1155 2626 1375 2662 Ἀναχεομένου
1399 2625 1455 2660 γὰρ
1477 2624 1530 2651 τοῦ
1552 2624 1661 2658 φωτός.

872 2675 990 2703 Basilius
1011 2675 1085 2702 hom.
1098 2673 1116 2700 2
1133 2682 1139 2700 :
1157 2673 1223 2700 Τότε
1240 2673 1268 2699 δὲ
1282 2672 1312 2699 οὐ
1327 2671 1399 2699 κατὰ
1412 2671 1520 2707 κίνησιν
1536 2668 1662 2706 ἡλιακὴν,

873 2722 930 2748 ἀλλ’
943 2719 1123 2756 ἁναχεομένου
1135 2718 1182 2745 τοῦ
1194 2718 1303 2756 πρώτου
1318 2717 1406 2753 φωτὸς
1419 2716 1536 2749 ἐκείνου,
1551 2716 1599 2743 καὶ
1612 2715 1664 2742 πά-

873 2767 914 2794 λιν
942 2766 1152 2802 συστελλομένου
1176 2765 1247 2792 κατά
1271 2765 1303 2801 τὴ
1325 2763 1432 2800 ὁρισθὲν
1463 2763 1561 2799 μέτρον
1588 2761 1664 2798 παρά

874 2813 941 2840 Θεοῦ
962 2812 1052 2849 ἡμέρα
1070 2811 1187 2847 ἐγένετο,
1208 2811 1256 2838 καὶ⁸
1275 2810 1323 2844 νὺξ
1338 2809 1478 2846 ἀντεπῄει.
1502 2809 1592 2842 Quare
1607 2815 1662 2835 non

876 2858 1012 2887 immerito
1028 2858 1104 2886 illum
1119 2857 1190 2886 diem
1207 2856 1352 2885 Africanus
1364 2856 1469 2885 vocavit
1486 2855 1583 2891 νοητὴν
1594 2853 1663 2890 mti-
