1903 3068
37 127 83 156 889

36 187 99 213 mine
116 183 278 210 firmamenti
296 183 464 218 intelligatur
485 183 584 212 ccelum
599 185 734 212 stellatum
757 193 806 214 sn-
822 187 845 215 Α

36 238 79 267 pra
90 229 160 265 quod
171 228 350 264 perhibentur
358 237 421 260 esse
432 236 519 264 aqua},
531 230 559 257 id
569 234 612 258 est
623 237 712 258 nonus
726 236 753 258 et
761 231 807 258 de—

36 278 114 304 cimus
134 275 208 303 orbis
230 283 308 310 aqua).
334 275 542 303 similitudinem
569 275 732 310 referentes,
761 277 808 312 qui

38 322 147 357 undique
161 321 324 349 translucidi
340 326 416 360 sunt,
435 329 485 349 nec
504 322 587 349 ullam
605 322 633 349 in
654 330 684 350 se
703 323 808 351 stellam

36 368 139 402 habent;
160 368 204 397 vel
231 368 271 395 ita
300 371 330 396 ut
355 376 404 403 per
428 368 631 398 ﬁrmamentum
649 369 809 405 designetur

38 421 87 446 aer,
103 420 185 448 aquas
198 420 265 440 vero
279 420 326 440 eas
345 413 448 446 vocari,
466 421 526 448 qua:
542 414 661 449 pluendo
679 414 810 442 decidunt

38 460 62 487 in
71 464 175 491 terram,
194 459 313 494 illasque
327 459 424 491 abhis,
441 468 502 495 quae
517 468 601 496 supra
619 464 720 488 terram
733 465 808 492 sunt,

39 504 146 539 separari
159 504 242 535 caelo,
263 505 312 531 hoc
340 508 382 532 est
398 512 470 532 aere.
487 504 520 532 Et
539 506 591 533 hoc
611 505 737 533 videntur
753 513 811 533 am-

39 550 109 585 plecti
124 550 298 586 Augustinus
315 550 362 577 lib.
378 558 398 577 n
415 549 452 578 De
466 550 560 578 Genesi
575 551 609 578 ad
624 553 689 585 litt.,
703 560 763 587 cap.
776 552 809 585 ὥς

40 595 207 631 Hieronymus
222 596 300 630 epist.
311 596 355 628 85,
367 595 402 631 ad
414 595 559 628 Oceanum,
574 597 708 625 refellitur
720 602 812 626 tamen

40 650 52 668 a
66 641 206 679 Francisco
225 641 334 670 Valesio
347 642 386 670 De
400 651 478 670 sacra
494 643 671 678 philosophia.
684 645 766 679 capit.
785 645 811 672 ί.

40 687 166 722 Origenes,
185 691 216 717 ut
237 688 322 716 refert
338 688 508 724 Epiphanius
521 689 607 724 Epist.
624 690 659 716 ad
682 690 813 721 Joannem

40 733 312 769 Hierosolymitunum,
326 737 352 762 et
363 734 545 770 Hieronymus
556 737 631 770 epist.
642 736 676 763 ad
690 735 814 763 Pamma-

39 779 123 812 clu‘um,
147 779 217 806 dixit
230 787 327 815 aquas,
339 787 400 816 quae
421 788 504 816 super
521 781 718 809 firmamentum
736 786 812 819 sunt,

40 833 86 852 non
111 833 170 854 esse
196 833 295 860 aquas,
311 826 360 854 sed
373 834 436 859 esse
458 827 570 862 angelos
583 833 711 865 sanctos;
728 836 814 863 aquas

40 879 94 900 vero
108 880 164 907 qua:
177 872 230 900 sub
245 872 417 907 ﬁrmamento
429 861 569 907 suntiesse
580 861 716 908 dwmones
729 861 815 902 malos
833 861 852 889 Β

40 925 52 945 e
65 917 128 945 ccelo
152 918 256 954 lapsos.
284 920 314 946 In
333 919 405 946 hanc
419 920 584 947 sententiam
602 927 684 955 quam
698 920 815 956 Epipha-

40 964 93 991 nius
103 967 128 991 et
139 963 323 1000 Hieronymus
352 965 528 997 damnarunt,
547 966 665 994 Basilius
693 966 766 995 hom.
787 967 814 998 5,

41 1009 63 1035 in
82 1008 215 1043 Hecatam,
238 1018 388 1046 suppresso
402 1010 528 1046 Origenis
543 1011 664 1043 nomine,
679 1011 736 1038 haec
753 1019 818 1046 pro-

41 1054 89 1081 dit:
101 1054 177 1090 Ἡμῖν
190 1055 219 1082 δὲ
235 1057 285 1089 καὶ
298 1056 364 1092 πρὸς
375 1057 438 1088 τοὺς
457 1057 510 1084 ἀπὸ
523 1057 573 1092 τῆς
581 1057 744 1092 Ἑκκλησίας
760 1057 817 1084 ἔστι

41 1107 75 1131 τις
97 1099 170 1134 λόγος
195 1101 263 1136 περὶ
287 1101 341 1128 τῶν
361 1102 552 1137 διακριθέψτων
573 1103 685 1134 ὑδάτων,
707 1103 732 1130 οἳ
753 1111 819 1139 προ-

42 1146 111 1181 φάσει
125 1147 271 1182 ἀναγωγῆς
285 1149 331 1174 καὶ
344 1148 486 1183 νοημάτων
500 1148 673 1184 ὑψηλοτέρων
686 1149 726 1181 είς
738 1149 831 1185 mm

42 1191 124 1226 γορίας
139 1192 305 1228 κατέφυγον,
330 1193 457 1229 δυνάμεις
480 1194 606 1228 λέγοντες
631 1195 820 1230 πνευματικὰς

43 1238 82 1264 καὶ
99 1239 259 1274 ἀσωμάτους
277 1239 414 1276 τροπικῶς
439 1241 472 1267 ὲκ
495 1240 549 1267 τῶν
565 1240 668 1268 ὑδάτων
691 1241 820 1277 σημαίνε-

44 1283 109 1310 σθαι·
125 1285 169 1311 καὶ¹
186 1285 244 1312 ἂνω
264 1285 313 1320 μὲν
326 1285 372 1311 ἐπὶ
381 1285 427 1312 τοῦ
439 1285 627 1321 στερεώματος
640 1279 820 1322 μεμενηκέναι

44 1327 85 1360 τὰς
101 1330 268 1364 κρείττονας,
281 1331 356 1357 κάτω
377 1331 406 1358 δὲ
420 1332 475 1363 τοῖς
493 1332 640 1367 τιεριγείοις
656 1333 703 1364 καὶ⁵
720 1332 820 1364 ὑλικοῑς

44 1374 123 1406 τόποις
133 1378 353 1412 προσαπομεῐναι
363 1376 412 1408 τὰς
421 1377 552 1411 πονηράς.
562 1377 612 1404 Διὰ
623 1377 702 1404 τοῦτο
714 1377 742 1404 δέ
756 1386 821 1412 φασι

45 1420 84 1446 καὶ
105 1420 136 1447 τὰ
159 1421 254 1448 ἐπάνω
270 1420 323 1447 τῶν
337 1421 460 1457 οὐρανῶν
480 1421 564 1448 ὕδατα
587 1423 671 1448 αἰνεῖν
686 1422 730 1448 τὸν
745 1422 820 1455 Θεὸν,

44 1465 154 1492 τουτέστι
170 1466 220 1497 τὰς
237 1467 344 1500 ἀγαθὰς
359 1467 486 1502 δυνάμεις
498 1466 575 1499 ἀξίας
589 1466 670 1498 οὔσας
680 1466 723 1494 διὰ
736 1466 822 1493 καθα-

46 1512 133 1547 ρότητα
153 1512 200 1539 τοῦ
224 1513 391 1548 ἡγεμονικοῦ
406 1512 450 1538 τὸν
465 1512 606 1548 πρέποντα
625 1513 710 1548 ὕμνον
727 1513 821 1540 ἀποδι-

45 1557 108 1586 δόναι
121 1559 158 1594 τῷ
174 1559 300 1587 κτίσαντι
309 1568 315 1576 ν
333 1559 368 1586 τὰ
379 1559 407 1586 δὲ
418 1560 546 1587 ὑποκάτω
556 1559 611 1587 τῶν
623 1560 745 1595 οὐρανῶν
760 1560 822 1587 ὕδει»-

45 1612 75 1632 τα
85 1605 256 1641 πνευματικά
266 1603 335 1632 εἶναι
347 1607 396 1640 τῆς
410 1605 542 1640 πονηρίας
557 1605 611 1633 ἀπὸ
627 1605 673 1632 τοῦ
689 1605 759 1633 κατὰ
773 1605 823 1640 φύ-

46 1659 81 1679 σιν
92 1651 170 1687 ὕψους
179 1653 219 1684 εἰς
230 1652 264 1679 τὸ
278 1652 326 1687 τῆς
339 1651 438 1683 κακίας
451 1651 532 1686 βάθος
545 1653 743 1684 καταπεσόντα,
752 1652 823 1687 ειπερ

46 1696 77 1729 ὡς
91 1698 231 1734 ταραχώδη
249 1698 324 1731 ὄντα,
335 1698 381 1725 καὶ
406 1697 596 1731 στασιαστικὰ,
608 1698 655 1724 καὶ
672 1699 727 1730 τοῖς
743 1697 823 1733 θορύ-

46 1744 96 1776 6οις
108 1744 159 1771 τῶν
174 1743 271 1772 παθῶν
293 1743 491 1779 κυμαινόμενα,
504 1743 640 1769 θάλασσαν
655 1743 824 1778 ὠνομάσθαι,

47 1789 84 1815 διὰ
98 1789 125 1816 τὸ
145 1789 297 1826 μετᾴὗητον
316 1788 362 1815 καὶ
375 1787 490 1815 ἄστατον
507 1788 561 1815 τῶν
577 1788 648 1815 κατὰ
664 1789 823 1825 προαίρεσιν

47 1836 201 1870 κινημάτων.
217 1835 289 1866 Τοὺς
311 1834 342 1870 δὴ
363 1834 500 1866 τοιούτους
513 1834 610 1868 λόγους
623 1834 661 1866 ὡς
678 1834 823 1870 ὀνειράτων

48 1881 204 1917 συγκρίσεις,
219 1881 270 1908 καὶ
281 1879 412 1915 γραώδεις
432 1879 532 1916 μύθους
545 1880 784 1915 ἀποπεμψάμενοι,
795 1880 825 1906 τὸ

48 1925 111 1962 ὕδωρ
123 1927 192 1963 ὕδωρ
204 1927 358 1962 νοήσωμεν,
372 1926 420 1953 καὶ
436 1926 485 1962 τὴν
496 1925 631 1961 διάκρισιν
648 1925 696 1961 τὴν
713 1925 764 1952 ὑπὸ
777 1925 824 1952 τοῦ

49 1972 225 2008 στερεώματος
242 1972 391 2007 γενομένην
406 1971 477 1998 κατὰ
487 1971 537 2007 τὴν
552 1971 727 1998 ἀποδοθεῖσαν
736 1970 825 1997 αἰτίαν

49 2017 184 2054 δεξώμεθα.
199 2016 328 2047 Valesius
342 2018 402 2045 loco
415 2017 472 2052 jam
485 2017 560 2045 dicto
572 2018 620 2051 ait,
633 2017 732 2044 coelum
748 2016 825 2049 illud,

50 2064 113 2097 quod
145 2064 254 2100 plurimi
279 2064 349 2092 hanc
381 2063 416 2090 ob
441 2071 551 2095 causam
577 2067 675 2091 vocant
693 2063 827 2098 crystalli-

51 2116 119 2142 num,
131 2118 248 2145 aqueum
263 2118 322 2138 esse
339 2117 410 2145 aqua
423 2109 540 2145 quadam
554 2109 658 2137 cmlesti
677 2116 738 2143 quae
751 2108 827 2143 puri-

52 2159 101 2188 tate
113 2164 208 2192 aquam
221 2157 333 2190 referat,
345 2164 401 2184 non
417 2160 507 2184 tamen
522 2155 631 2191 frigore,
642 2159 689 2182 aut
702 2155 825 2186 humore,

51 2202 270 2236 quemadmodum
297 2203 408 2234 caelum,
433 2205 460 2237 et
486 2205 560 2229 astra
586 2202 666 2237 ignea
686 2209 747 2233 esse
765 2201 826 2236 igne
842 2204 863 2231 ι)

52 2248 157 2282 quodam
171 2249 288 2284 caelesti,
299 2249 346 2284 qui
361 2248 569 2284 praestantioris,
584 2255 666 2283 quam
679 2248 828 2275 elementa-

52 2293 87 2329 ris
109 2299 149 2322 est
169 2300 284 2327 naturze,
303 2295 408 2330 fulgore
431 2295 520 2322 solum
537 2294 658 2322 referens
673 2294 759 2325 illum,
772 2301 828 2327 non

53 2339 126 2366 etiam
150 2341 240 2369 calore
264 2345 292 2368 et
319 2341 452 2369 siccitate.
474 2341 569 2376 itaque
588 2347 687 2367 nomen
702 2339 783 2377 ignis,
801 2344 829 2367 et

53 2393 121 2421 aqua!
144 2397 197 2415 non
227 2389 336 2423 proprie
359 2387 413 2415 dici
437 2387 469 2414 de
489 2388 621 2422 utrisque,
639 2387 687 2414 sed
704 2387 828 2422 analogia

53 2434 170 2467 quadarn,
187 2438 217 2462 ut
231 2435 268 2462 sit
281 2434 380 2469 duplex
400 2433 471 2468 ignis
484 2436 511 2460 et
526 2433 624 2468 duplex
642 2440 713 2468 aqua
729 2441 829 2460 secun-

53 2478 110 2505 dum
133 2480 296 2516 analogiam,
308 2479 483 2511 elementaris
509 2479 614 2506 scilicet
640 2483 667 2506 et
699 2479 827 2507 cmlestis.

54 2522 190 2553 Multorum
207 2529 298 2553 tamen
326 2525 439 2553 Patrum
453 2524 680 2560 quemadmodum
693 2528 720 2552 et
733 2524 830 2552 Eusta-

54 2569 98 2596 thii
109 2570 156 2599 fuit
169 2572 312 2604 sententia,
328 2578 377 2598 eas
390 2577 475 2606 aquas
486 2577 548 2598 esse
561 2577 639 2598 veras
654 2577 749 2605 aquas,
759 2570 831 2606 ejus-

54 2614 161 2651 demque
186 2617 293 2653 generis
321 2621 349 2652 et
379 2616 474 2644 formae
496 2622 558 2643 cum
581 2615 625 2645 his
644 2615 828 2645 inferioribus.

56 2659 162 2697 ldwque
175 2663 224 2691 has
235 2671 320 2699 aquas
335 2671 351 2690 a
366 2662 423 2691 Deo
438 2670 522 2697 supra
537 2662 635 2690 cretum
648 2662 752 2697 positas
766 2669 831 2690 cen-

55 2714 119 2741 sent,
142 2715 171 2737 ut
200 2710 278 2738 insiti
304 2709 406 2745 algoris
420 2708 640 2744 propinquitate,
655 2707 744 2743 ignem
759 2707 832 2735 side-

56 2760 136 2787 reum,
148 2757 334 2791 fervoremque
352 2756 411 2783 axis
421 2754 533 2783 aetherei
547 2755 712 2786 minuerent,
722 2761 754 2781 ac
764 2758 832 2781 tem-

58 2806 184 2833 perarent.
203 2802 242 2829 lta
261 2802 387 2830 Clemens
402 2801 544 2830 Romanus
562 2800 610 2827 lib.
631 2807 650 2827 ll
680 2799 830 2834 Recognit.;

57 2844 173 2877 Justinus
197 2852 310 2884 martyr.
325 2851 421 2885 quaest.
438 2847 482 2881 95,
507 2845 542 2873 ad
559 2844 744 2879 Orthodoaos;
757 2845 832 2883 Basi-

835 1534 856 1562 C

519 125 552 160 lN
573 124 761 153 EUSTATHll
779 126 1017 156 HEXAEMERON
1037 127 1152 156 NOTJE.

1276 164 1289 172 θ
1594 128 1646 156 850

859 186 923 219 lius,
942 187 1016 214 hom.
1030 187 1047 214 5
1068 187 1096 214 in
1113 186 1258 218 Hexaem,‘
1275 187 1442 222 Epiphanius
1459 187 1486 214 in
1509 187 1595 222 Epist.
1612 187 1647 215 ad

857 231 986 259 Joannem
998 233 1021 259 Η
1024 233 1270 268 ierosolymitanum
1281 241 1290 266 ;
1301 233 1524 268 Chrysostomus,
1535 234 1608 261 hom.
1618 234 1647 268 4,

857 278 925 305 etin
939 277 1010 312 psal.
1022 285 1141 312 chvm;
1161 278 1281 314 Cyrillus
1299 277 1574 314 Hierosolymitanus,
1594 277 1648 308 Ca-

859 324 924 354 teclt.
941 324 976 357 9;
1002 323 1191 352 Theodoretus
1214 324 1241 351 .‘n
1266 322 1341 356 Gem,
1366 328 1462 359 quast.
1478 324 1526 359 lt;
1548 323 1649 352 Proco-

857 370 921 406 pius
936 371 964 397 in
978 369 1084 402 Genes.,
1097 377 1158 405 cap.
1176 370 1188 397 l
1202 379 1209 403 ;
1225 369 1388 405 Hippolytus
1402 373 1429 397 et
1445 369 1608 397 Severianus
1619 371 1647 397 in

859 421 966 448 catena,
993 415 1155 451 Euthymius
1177 416 1206 442 in
1223 415 1292 449 psal.
1309 422 1371 448 cm;
1396 414 1516 445 Hilarius
1541 415 1567 441 in
1577 415 1646 449 psal.

860 469 976 494 cxxxvl;
1002 462 1176 493 Ambrosius,
1189 461 1236 488 lib.
1263 468 1282 487 ιι
1301 460 1443 492 Ηεπαεηιη
1461 467 1521 495 cap.
1544 460 1560 486 5
1575 464 1602 487 et
1616 461 1648 493 At;

862 505 1043 541 Hieronymus
1059 505 1144 540 Epist.
1162 505 1196 532 ad
1214 505 1364 537 Oceanum;
1377 506 1504 540 August.,
1518 504 1563 531 lib.
1577 513 1596 531 ll
1613 505 1652 533 De

859 551 926 579 ‘Gen.
955 552 990 579 ad
1020 553 1084 584 litt.,
1107 559 1167 587 cap.
1195 552 1222 583 5,
1251 555 1278 579 et
1297 551 1345 578 lib.
1364 559 1390 578 xi
1410 550 1448 577 De
1472 550 1575 584 ciuitate
1592 549 1650 582 Dei,

862 606 923 634 cap.
937 599 1043 632 ultimo,
1060 603 1087 626 et
1102 599 1130 626 in
1140 598 1209 633 ρειαί.
1224 605 1290 631 cur;
1319 596 1482 625 Dracontius
1505 596 1652 632 Hispanus.

863 645 966 673 Marius
984 645 1079 673 Victor
1092 645 1130 673 De
1144 652 1219 680 opere
1235 652 1280 671 sex
1296 643 1415 675 dierum;
1428 642 1581 678 Drepanius
1592 642 1654 670 Flo-

865 700 927 725 rus,
952 693 980 719 in
1011 691 1121 727 Hymno
1152 690 1236 718 trium
1264 697 1430 724 puerorum;
1460 687 1654 719 Cassiodorus,

865 738 979 774 Haymo,
992 737 1096 770 Bruno,
1107 741 1134 765 et
1146 737 1190 763 alii
1206 743 1277 771 quos
1289 735 1383 762 laudat
1398 734 1532 762 Martinus
1548 734 1656 762 Delrius

865 782 891 809 in
908 788 969 816 cap.
990 788 998 807 ι
1017 779 1115 808 Cenes.
1139 779 1330 815 Ἀμαθέστατα
1349 778 1432 813 igitur
1451 777 1581 805 Calvinus
1595 777 1655 804 bla-

865 832 934 856 terat
956 828 1026 855 hanc
1049 827 1212 855 sententiam
1239 835 1311 860 esse,
1327 830 1354 854 et
1374 833 1389 853 a
1412 833 1494 853 sensu
1517 825 1655 853 communi

866 874 992 905 alienam,
1007 881 1067 900 cum
1083 880 1098 899 a
1111 877 1149 900 tot
1163 872 1302 904 Patribus,
1318 872 1407 907 iisque
1424 870 1603 904 doctissimis,
1621 870 1658 898 sit

865 929 921 948 uno
944 927 990 947 ore
1011 923 1139 954 recepta;
1155 922 1182 946 et
1196 926 1311 954 prorsus
1327 917 1527 949 incredibilem,
1538 924 1599 944 cum
1614 924 1658 943 sa-

866 973 914 996 cra
927 965 1069 1000 Scriptura
1082 965 1107 993 id
1123 964 1305 1000 apertissimis
1320 963 1457 996 verbis,et
1470 962 1534 989 alibi
1549 963 1657 993 innuat,

867 1013 942 1047 cujus
966 1012 1053 1046 major
1068 1016 1108 1038 ert
1136 1011 1295 1042 auctoritas,
1326 1018 1360 1037 ex
1390 1009 1555 1044 Augustino.
1578 1016 1658 1043 quam

867 1059 952 1086 omnis
966 1058 1062 1093 ingenii
1071 1057 1333 1091 humanicapacitas.
1342 1055 1375 1082 Et
1385 1053 1612 1091 quemadmodum
1630 1053 1659 1080 in

868 1104 911 1132 his
927 1103 1000 1131 fatue
1008 1104 1116 1135 delirat,
1128 1104 1165 1130 ita
1178 1108 1205 1130 et
1217 1103 1283 1130 fides
1294 1103 1354 1137 ejus
1366 1105 1524 1134 accusatur.
1536 1104 1563 1128 et
1575 1100 1659 1127 veluti

868 1151 1011 1186 impostor,
1047 1150 1219 1184 mendaxque
1248 1148 1395 1178 refellitur,
1423 1155 1487 1174 cum
1515 1145 1659 1173 manifeste

869 1197 1001 1225 mentitur
1024 1197 1160 1228 scribens,
1175 1195 1333 1226 Catholicos
1344 1194 1414 1222 velle
1433 1201 1483 1229 pro
1497 1193 1549 1225 ﬁde
1566 1198 1660 1220 tenen-

869 1243 945 1275 dum,
971 1243 1021 1270 has
1052 1250 1138 1277 aquas
1167 1249 1248 1278 supra
1274 1241 1360 1268 cmlos
1378 1248 1458 1267 veras
1481 1246 1566 1274 aquas
1587 1245 1660 1269 esse,

870 1295 933 1315 cum
949 1287 1028 1314 aliam
1052 1287 1216 1314 sententiam
1232 1293 1293 1321 quae
1309 1293 1371 1314 cum
1393 1285 1445 1312 ista
1463 1284 1575 1311 minime
1594 1289 1661 1309 con-

871 1335 956 1366 venit,
968 1333 1102 1361 Catholici
1123 1333 1186 1369 viri,
1200 1332 1379 1366 maximaeque
1393 1329 1555 1358 eruditionis
1567 1327 1663 1363 vulga-

872 1380 927 1406 rint
942 1379 1060 1416 publice,
1082 1382 1110 1406 et
1135 1378 1224 1414 palam
1242 1377 1321 1405 tutati
1342 1377 1406 1404 sint.
1425 1375 1619 1404 Haereticorum
1638 1373 1662 1400 is

872 1433 931 1454 mos
949 1429 1001 1458 est,
1021 1428 1048 1452 et
1064 1423 1210 1457 dementia,
1227 1426 1256 1449 ut
1281 1429 1341 1456 quas
1354 1421 1456 1448 dixeris
1478 1421 1619 1451 accusent,
1636 1420 1663 1444 et

873 1472 998 1499 refellent
1021 1470 1129 1498 etiamsi
1157 1469 1301 1497 verissima
1323 1468 1389 1498 sint,
1410 1474 1470 1502 quae
1490 1473 1544 1493 non
1560 1464 1663 1492 dixeris

873 1519 1025 1553 imponant,
1038 1521 1068 1544 ut
1083 1517 1193 1548 iterum,
1210 1519 1237 1542 et
1253 1513 1440 1542 accusationis
1464 1517 1491 1540 et
1514 1511 1664 1546 reprehen-

873 1562 960 1590 sionis
979 1569 1075 1590 ansam
1091 1560 1236 1595 arripiant.

907 1608 966 1636 Col.
990 1607 1051 1639 7l2,
1069 1600 1118 1634 lin.
1135 1606 1180 1634 M.
1193 1606 1284 1633 ’Ὠστε
1299 1604 1350 1632 καὶ
1368 1603 1468 1633 ἐπάνω
1487 1600 1572 1630 εῖναι.
1592 1601 1664 1635 Con-

873 1653 1012 1682 stantinus
1029 1651 1169 1679 Manasses
1186 1651 1212 1678 in
1227 1650 1325 1680 Annal.
1336 1656 1346 1675 .-

876 1718 944 1744 Τότε
957 1716 1006 1743 καὶ
1018 1715 1076 1749 τὴν
1089 1714 1279 1749 παντόχιττον
1295 1713 1394 1749 φύσιν.
1403 1711 1461 1744 τὴν
1474 1711 1601 1749 ﬁdae/ur

874 1753 928 1780 Καὶ
935 1752 988 1784 τὰς
996 1746 1152 1782 ἀϐύσσους
1160 1746 1276 1780 διελὼν,
1288 1748 1335 1784 καὶ
1345 1747 1458 1773 τούτων
1465 1746 1523 1784 μὲν·
1535 1746 1664 1779 ἀρίστην

875 1788 953 1822 Πρὸς
972 1781 1251 1822 ὗψοςῗάνεγίνὸητον
1265 1783 1384 1822 vectigale
1396 1781 1577 1822 μετεωρίσας

877 1816 912 1850 Τῖδ
923 1816 956 1849 δὲ
968 1816 1017 1849 ἐπὶ
1033 1816 1089 1856 γῆς
1104 1816 1260 1847 ἀπολιπὼν
1272 1818 1384 1851 ἔστησε
1397 1817 1506 1844 τούτων
1520 1816 1627 1850 μέσον.

910 1884 961 1910 Τὸν
979 1882 1093 1918 οὐρανὸν
1108 1881 1202 1916 ὥσπερ
1215 1878 1352 1916 φραγμὸν,
1365 1878 1459 1913 ὥσπερ
1482 1876 1594 1913 στερρὸν
1608 1882 1664 1902 τει-

876 1930 943 1965 χίον.
962 1930 991 1957 ln
1006 1936 1088 1956 versu
1103 1926 1224 1955 secundo
1236 1926 1283 1953 καὶ
1293 1924 1396 1951 τούτων
1410 1924 1458 1959 μὲν
1476 1923 1591 1958 ἀρίστην
1599 1922 1663 1957 quid

876 1978 913 2005 sit
936 1984 991 2004 non
1017 1975 1106 2010 capio.
1121 1974 1234 2009 Corrigo
1251 1973 1298 1999 καὶ
1319 1972 1422 1998 τούτων
1435 1971 1466 1998 τὸ
1480 1971 1529 2006 μὲν
1544 1971 1608 1997 ἄνω.
1625 1969 1664 1997 lta

876 2023 948 2051 enim
974 2027 1001 2049 et
1017 2021 1159 2053 veritatem
1184 2020 1242 2051 Dei,
1262 2024 1290 2047 et
1310 2017 1432 2046 auctoris
1449 2021 1567 2044 mentem
1587 2023 1666 2043 asse-

878 2076 1002 2104 quemur.
1023 2066 1076 2095 Sed
1098 2067 1132 2094 ad
1155 2065 1222 2101 quid
1240 2073 1318 2100 aqua:
1332 2065 1385 2092 illa;
1399 2071 1460 2100 quae
1479 2070 1561 2098 supra
1580 2063 1666 2090 caelos

878 2114 958 2142 sunt?
982 2112 1132 2147 Procopius
1160 2115 1187 2139 et
1212 2110 1411 2142 Theodoretus,
1428 2117 1462 2137 ne
1478 2109 1529 2142 sol,
1549 2109 1614 2136 luna
1638 2111 1666 2136 et

878 2164 951 2192 astra
969 2163 1062 2194 utpote
1079 2158 1174 2194 ignita,
1203 2157 1303 2185 coelum
1321 2165 1354 2184 ex
1370 2156 1449 2192 aquis
1464 2156 1542 2191 quasi
1556 2155 1667 2190 congla-

878 2207 978 2235 ciatum
995 2206 1163 2238 dissolvant;
1185 2204 1267 2237 Beda,
1277 2204 1311 2230 ad
1324 2202 1529 2238 temperandum
1547 2202 1666 2229 calorem

878 2261 911 2283 ex
926 2253 952 2280 vi
969 2255 996 2279 et
1016 2256 1092 2279 motu
1117 2251 1237 2279 siderum
1250 2254 1358 2283 ortum;
1374 2248 1511 2280 Justinus,
1525 2248 1559 2275 ad
1575 2247 1668 2282 depri-

879 2297 1006 2325 mendum
1032 2296 1243 2329 ﬁrmamentum,
1256 2302 1292 2322 ne
1312 2301 1424 2322 sursum
1434 2293 1556 2326 feratur;
1571 2292 1668 2320 Hiero—

880 2351 978 2379 nymus
1002 2342 1136 2376 oleaster,
1151 2345 1181 2374 ut
1208 2342 1236 2368 in
1262 2340 1365 2368 diluvio
1379 2339 1436 2371 Noe
1448 2347 1498 2374 per
1513 2343 1668 2366 cataractas

879 2390 986 2417 emissae
997 2393 1098 2416 terram
1109 2386 1326 2416 obruerent.Alii
1338 2390 1367 2413 ut
1378 2385 1445 2414 solis
1457 2389 1484 2413 et
1494 2385 1566 2412 lunae
1575 2384 1668 2411 radios

881 2435 1054 2464 reverberent
1078 2442 1181 2469 eosque
1205 2434 1333 2462 deorsum
1351 2432 1386 2460 ad
1401 2437 1501 2459 terram
1522 2430 1665 2465 repellant.

880 2481 932 2509 Alii
950 2481 986 2508 ad
1004 2484 1132 2508 ornatum
1149 2480 1280 2510 universi,
1295 2482 1352 2506 tum
1372 2481 1402 2505 ut
1418 2477 1517 2504 matrix
1533 2476 1591 2503 haec
1608 2482 1667 2502 coe-

881 2527 969 2555 lorum
995 2525 1144 2554 creationis
1172 2524 1255 2552 index
1277 2527 1408 2555 exstaret,
1425 2529 1507 2557 quam
1532 2528 1615 2556 supra
1637 2528 1668 2548 se

881 2571 945 2605 caeli
961 2578 1069 2605 semper
1095 2570 1276 2602 intuerentur,
1293 2571 1350 2595 tum
1366 2568 1400 2595 ad
1415 2567 1581 2602 voluptatem
1604 2573 1668 2594 san-

880 2622 998 2649 ctorum,
1022 2621 1053 2645 ut
1078 2618 1156 2652 aquis
1183 2616 1259 2644 hisce
1279 2614 1445 2651 crystallinis
1467 2614 1538 2641 oculi
1553 2619 1668 2648 pascan-

881 2668 936 2692 tur.
953 2663 1002 2692 Vel
1017 2667 1048 2691 ut
1069 2663 1141 2691 sicut
1169 2670 1239 2698 aqua
1263 2663 1320 2691 ha-c
1345 2661 1401 2688 aeri
1419 2665 1524 2692 nostro,
1540 2659 1577 2687 ita
1591 2665 1669 2694 aqua

882 2709 934 2737 illae
957 2708 1144 2736 subservirent
1154 2707 1258 2739 aetheri,
1271 2706 1318 2742 qui
1333 2709 1375 2734 est
1389 2706 1419 2733 in
1436 2705 1506 2733 caelo
1529 2711 1667 2740 empyreo.

883 2755 960 2783 Mitto
972 2762 1059 2790 nugas
1073 2754 1200 2781 aliorum.

920 2798 1001 2829 lbid.,
1021 2798 1069 2825 lin.
1087 2797 1131 2824 18.
1154 2797 1186 2824 Ὀ
1217 2796 1252 2824 δὲ
1278 2796 1366 2831 αἰθὴρ
1385 2794 1533 2829 πυρώδης.
1551 2791 1669 2821 Basilius

884 2845 958 2873 hom.
975 2844 991 2872 5
1005 2854 1011 2873 :
1029 2843 1080 2871 Τὸν
1101 2843 1129 2870 δὲ
1145 2842 1242 2880 αἰθέρα
1253 2851 1295 2874 τις
1310 2841 1474 2878 ἀμφιὸάλλει
1492 2840 1528 2876 μὴ
1543 2839 1602 2875 οὐχὶ
1621 2846 1668 2864 πυ-
