1903 3068
252 96 303 124 831

925 104 1050 133 LEONIS
1067 105 1205 135 ALLATII

1829 114 1876 142 85!

253 155 324 191 ρὼὀη
350 153 418 183 εῖναι
443 158 489 184 καὶ
511 151 622 194 διακαῆ,
642 160 672 192 ὃς
686 162 710 187 ει
733 161 771 198 μὴ
787 162 824 197 τῷ
841 163 980 198 ἀναγκαίῳ
995 173 1024 190 το

1076 187 1079 193 ι
1092 169 1146 198 tur,
1162 170 1190 193 et
1201 170 1244 193 est
1262 167 1363 202 pluvia,
1383 176 1430 196 seu
1448 170 1545 204 stillae;
1567 171 1591 198 si
1605 171 1660 198 erit
1670 172 1801 207 spissior,
1813 172 1875 201 ﬁunt

252 202 411 236 ποιήσαντος
436 204 516 230 αὑτὸν
541 205 596 240 ὅρῳ
623 208 774 243 κατείχετο,
801 209 827 235 τί
845 209 878 236 ἂν
902 209 1038 237 ἐκώλυσεν

248 247 331 274 αὐτὸν
346 248 434 276 πάντα
450 250 618 284 φλογίξοντα,
629 253 675 279 καὶ
692 255 927 291 καταπιμπρῶντα
939 257 1037 292 συνεχῆ

250 293 340 320 πᾶσαν
364 295 431 329 ὁμοῦ
452 296 502 332 τὴν
518 297 547 322 ὲν
569 299 626 330 τοῖς
652 297 727 327 οὖσιν
749 300 918 334 ἐξαναλῶσαι
934 302 1037 335 νοτίδας

249 339 298 366 Διὰ
313 339 399 367 ταῦτα
418 341 489 377 ὕδωρ
510 342 601 379 ἀέριον
615 344 720 378 γίνεται
732 347 896 381 νεφουμένου
915 347 961 374 τοῦ
981 348 1038 375 ἄνω

248 392 330 412 τοτ’-ου
346 387 379 412 ἐκ
393 387 441 421 τῆς
454 388 591 423 ἀναφορᾶς
607 390 661 419 τῶν
675 391 780 426 ἀτμῶν,
789 391 836 424 οὓς
849 393 976 429 ποταμοὶ,
990 394 1037 420 καὶ

248 431 357 467 κρῆναι,
378 433 425 459 καὶ
440 434 552 470 τενάγη,
569 435 618 462 καὶ
631 434 735 471 λίμναι,
751 438 798 464 καὶ
823 438 928 474 πελᾴγη
946 440 1036 467 πάντα

248 478 387 511 προΐενται
411 478 449 510 ὼς
469 479 502 506 ἂν
517 480 556 516 μὴ
573 481 662 510 πάντα
678 483 825 518 πνρακτῶν
843 485 858 511 ό
877 484 958 521 αἰθὴρ
973 485 1034 512 ὲπι-

247 522 334 549 λάϐοι.
349 523 446 552 ΑΞιιιει·
456 526 522 560 quid
538 527 584 559 sit,
600 535 654 554 non
667 536 720 555 una
736 532 778 556 est
791 530 912 557 omniqu
925 535 1034 559 senten-

246 568 300 602 tia;
319 570 428 603 quidam
446 571 635 601 existimarunt
657 581 718 602 esse
743 582 832 603 aerem
850 576 975 611 ignitum,
988 578 1034 605 alii

247 614 358 642 callum.
374 614 543 652 Porphyrius
558 623 585 646 et
604 624 667 648 ante
690 629 752 648 eum
778 621 902 657 Orpheus
916 628 1032 652 mentem

246 664 273 687 et
289 661 454 689 intellectum
472 662 547 692 Jovis
570 667 750 701 appellarunt,
766 668 925 697 Aristoteles
955 671 1001 698 lib.
1024 679 1032 698 1

245 704 285 733 De
298 706 372 738 caelo,
389 715 448 743 cap.
465 709 491 739 δ.
514 714 541 737 et
556 711 644 745 primo
659 712 782 746 Meteon,
807 722 914 742 necnon
930 720 958 743 et
983 717 1031 744 lib.

245 751 285 778 De
297 753 405 785 mundo,
419 754 442 781 si
460 759 549 783 tamen
574 757 734 789 Aristoteles
753 759 816 787 libri
839 760 913 788 illius
938 767 1033 790 auctor

244 801 304 829 est,
333 799 366 826 ad
396 799 592 836 Alexandrum,
620 805 720 832 athera
758 806 819 833 coeli
858 807 1032 844 siderumque

244 843 436 878 substantiam,
449 847 612 876 elementum
634 857 649 876 a
669 855 787 885 quatuor
800 852 861 880 aliis
872 853 1029 881 sublunari-
1043 844 1066 875 Β

244 889 296 916 bus
307 889 456 924 diversum,
467 893 600 926 divinum,
614 900 639 923 el
655 897 840 932 corruptionis
854 906 963 934 expers,
974 907 1030 927 non

243 943 276 963 eo
302 937 410 972 quidem
439 941 650 977 nomine;quod
675 951 737 971 cum
765 945 843 980 ignea
869 947 905 974 sit
922 946 1029 982 ﬂagret.

243 980 296 1008 Sed
311 983 382 1017 quod
393 984 438 1012 ἀεὶ
448 985 497 1013 θεῖ.
512 987 635 1022 Οὐρανοῦ
650 988 677 1015 δὲ
691 990 737 1016 καὶ
750 990 858 1027 ἄστρων
873 980 971 1019 οὐσίαν
979 993 1029 1028 μὲν

241 1028 337 1064 αἰθέρα
355 1029 499 1066 καλοῦμεν,
515 1033 563 1068 οὐχ
577 1033 614 1066 ὥς
628 1044 709 1067 τινες,
725 1035 768 1062 διὰ
778 1037 809 1063 τὸ
823 1037 933 1074 πυρώδη
946 1036 1028 1066 οὖσαν

240 1075 375 1107 αἴθεσθαι,
392 1078 614 1114 πλημμελοῦντες
639 1082 705 1117 περὶ
726 1083 775 1118 τὴν
801 1083 925 1111 πλεῖστον
944 1085 1028 1121 πυρὸς

240 1121 453 1160 ἀπηλλαγμένην
473 1125 597 1161 δύναμιν,
615 1127 682 1156 ἀλλὰ
696 1128 739 1155 διὰ
751 1129 782 1156 τὺ
796 1130 840 1156 ἀεὶ
858 1130 913 1158 θεῖν
929 1132 1027 1158 κυκλο-

241 1169 414 1204 φορουμένην
439 1173 569 1206 στοιχεῖον
587 1171 670 1200 οὖσαν
699 1174 790 1210 ἕτερον
814 1176 867 1203 τῶν
889 1177 1027 1214 τεσσάρων

241 1213 378 1250 ἀκήρατόν
394 1225 423 1243 τε
439 1218 485 1245 καὶ
502 1218 580 1246 θεῖον.
596 1219 628 1247 Et
644 1220 691 1248 lib.
713 1229 721 1247 ι
746 1222 786 1249 De
800 1223 863 1250 ario
880 1224 1026 1258 reprehen-

241 1259 281 1286 dit
305 1260 504 1296 Anaxagoram,
533 1264 604 1299 quod
634 1273 683 1300 pro
701 1266 772 1302 igne,
796 1268 923 1296 aetherem
946 1269 1024 1303 dixit,

239 1306 312 1340 quod
330 1311 357 1333 et
374 1308 444 1335 alios
465 1308 564 1338 fecisse
590 1313 658 1339 satis
673 1317 767 1340 notum
787 1319 838 1342 est.
856 1314 889 1342 Hi
908 1323 1026 1352 namque

237 1350 274 1377 ab
295 1351 372 1383 αίθω,
387 1361 441 1380 non
471 1355 505 1382 ab
526 1356 569 1382 ἀεὶ
593 1357 658 1388 θεῖν,
677 1359 804 1387 aetherem
828 1350 1024 1394 deducuntpin

235 1403 320 1430 quam
347 1401 507 1427 sententiam
525 1406 552 1429 et
570 1402 666 1431 Cicero
685 1405 731 1432 lib.
747 1413 765 1432 ιι
792 1406 832 1433 De
847 1412 942 1435 natura
963 1409 1025 1436 deo-

243 1449 302 1468 rum
320 1443 402 1472 ivisse
417 1445 542 1480 videtur;
562 1452 588 1475 et
610 1447 767 1478 Phornutus
782 1451 846 1479 item
863 1453 902 1480 De
927 1459 1024 1482 natura

1089 210 1202 243 imbres.
1220 216 1301 246 atque
1317 213 1413 241 nimbi.
1433 214 1470 241 Ex
1490 215 1590 250 quibus
1610 216 1647 243 ita
1668 217 1800 244 lacunam
1814 225 1874 253 sup-

1089 256 1132 290 ple
1150 266 1156 283 :
1173 257 1276 284 Γίνεται
1303 258 1332 284 δὲ
1354 258 1441 290 οὕτως
1464 261 1479 286 ὁ
1508 260 1592 292 ὺετὸς.
1619 261 1788 296 Συνάγονται
1816 265 1873 298 περὶ

1087 302 1126 334 τὸ,
1141 307 1192 331 etc.

1122 351 1202 385 lbid.,
1220 353 1268 381 lin.
1281 354 1325 380 27.
1347 355 1382 381 Ἠ
1391 354 1426 381 δὲ
1438 354 1510 390 κιὼν
1525 356 1560 383 ἐκ
1573 356 1632 384 τῶν
1644 357 1774 385 ὑδάτων.
1797 357 1872 386 Basi-

1086 396 1150 428 lius,
1173 397 1247 425 hom.
1274 399 1312 427 3:
1329 400 1412 426 ὐταν
1439 401 1468 427 δὲ
1496 402 1527 428 τὸ
1548 403 1628 438 ὑγρὸν
1643 402 1797 440 ὲξαφρισθῇ
1817 408 1871 438 ταῖς

1086 442 1158 477 βίαις
1171 444 1224 471 τῶν
1238 445 1346 480 ἀνέμων
1357 447 1501 480 ἀνακοπὲν,
1516 446 1574 475 εἶτα
1587 450 1628 481 είς
1641 450 1728 487 ἀκρον
1750 451 1870 487 καταψυ-

1084 491 1148 527 χθὲν
1163 492 1222 519 ὅλον
1238 492 1271 519 δι’
1293 493 1354 520 ὅλου
1369 496 1458 530 παγῇ,
1478 495 1644 532 θραυομένου
1660 497 1708 524 τοῦ
1728 497 1840 533 νέφους,
1855 501 1869 535 ἡ

1085 537 1152 572 χιὼν
1172 539 1365 574 καταφέρεται.
1385 540 1445 567 Νοη
1469 541 1613 570 dissimilia
1633 543 1716 571 habet
1738 543 1870 580 Georgius

1085 582 1191 612 Pisides
1216 584 1255 612 De
1281 587 1371 613 mundi
1396 589 1517 623 opiﬁcio;
1545 589 1651 618 Plinius
1677 591 1726 618 lib.
1744 593 1869 625 Il,c.60,

1085 629 1245 658 Grandinem
1261 633 1425 667 conglacialo
1441 634 1523 661 imbre
1537 636 1624 670 gigni,
1638 641 1663 663 et
1677 637 1765 664 niuem
1783 637 1870 664 eodem

1085 675 1318 704 humoremollius
1344 683 1444 710 coacto,
1461 680 1582 714 pruinam
1599 686 1686 707 autem
1701 689 1735 708 ea:
1754 690 1817 709 rare
1831 691 1871 718 ge-

1084 720 1150 748 lido.
1170 721 1223 750 Sed
1245 723 1320 751 brevi
1337 724 1364 751 id
1377 725 1545 759 explicemus
1572 734 1708 755 sermone.
1731 727 1762 755 Si
1788 736 1870 763 vapor

1083 767 1212 796 humidus
1231 769 1258 796 in
1276 770 1347 797 aeris
1370 770 1458 798 media
1480 772 1592 806 regione
1605 772 1755 801 subvectus
1771 774 1868 802 densa-

1082 817 1137 846 tur,
1152 822 1203 842 nec
1223 818 1281 851 tum
1303 817 1472 851 congelatur,
1484 817 1514 844 ﬁt
1527 818 1628 852 pluvia,
1643 819 1685 846 vel
1706 821 1868 856 congelatur

1080 861 1238 897 priusquam
1273 862 1301 889 in
1337 870 1435 898 aquam
1459 868 1640 899 convertatur,
1662 869 1690 893 et
1712 866 1743 892 tit
1765 867 1815 894 nix
1836 875 1865 895 ex

1079 904 1179 940 frigore
1205 909 1263 932 tum
1282 906 1388 934 fortiori
1399 915 1480 942 quam
1496 909 1599 943 pluvia,
1614 910 1657 937 vel
1674 915 1825 947 postquam
1842 913 1867 940 iu

1079 957 1177 985 aquam
1200 951 1338 980 resolutus
1368 952 1461 986 fuerit,
1477 958 1504 980 et
1519 954 1548 981 tit
1569 955 1688 989 grando;
1702 956 1724 984 si
1739 964 1827 992 vapor
1840 958 1865 986 in

1078 995 1172 1022 intima
1195 997 1307 1032 regione
1330 997 1403 1026 aeris
1426 998 1560 1032 subsidet,
1585 1001 1628 1028 vel
1654 1002 1821 1036 congelatur
1841 1006 1865 1030 et

1078 1039 1108 1067 ﬁt
1134 1041 1243 1076 pruina,
1266 1042 1309 1069 vel
1336 1050 1390 1070 non
1421 1044 1590 1079 congelatur,
1609 1050 1633 1073 et
1651 1046 1679 1074 fit
1696 1055 1754 1075 ros.
1772 1047 1862 1076 Nirern

1077 1085 1301 1114 candidissimam
1315 1087 1420 1123 nigram
1434 1089 1528 1117 invitis
1542 1091 1670 1119 sensibus
1679 1093 1791 1120 volebat
1807 1101 1864 1121 esse

1059 1133 1262 1171 .Anaxaguras,
1269 1133 1332 1167 quia
1343 1137 1416 1160 esset
1426 1141 1496 1169 aqua
1508 1140 1647 1164 concreta.
1662 1136 1764 1164 Sextus
1775 1137 1864 1173 Empi-

1077 1177 1151 1205 ricus
1175 1177 1322 1213 Pyrrhon.,
1337 1178 1470 1215 Hypotyp.
1484 1181 1532 1209 lib.
1548 1190 1568 1213 ι,
1584 1189 1645 1217 cap.
1663 1182 1707 1214 l5,
1722 1183 1863 1218 Νοούμενα

1076 1223 1104 1250 δὲ
1121 1225 1302 1260 φαινομένοις,
1326 1226 1364 1257 ὡς
1385 1227 1400 1252 ὁ
1421 1226 1603 1263 Ἀναξαγόρας
1627 1228 1658 1256 τὸ
1679 1228 1782 1264 λευκὴν
1797 1227 1862 1257 εἶναι

1075 1271 1123 1306 τὴν
1146 1272 1233 1307 χιόνα,
1257 1272 1399 1305 ἀντετίθει,
1414 1273 1454 1299 ὅτι
1473 1272 1539 1308 χιὼν
1559 1272 1631 1310 ὓδὼρ
1648 1275 1707 1301 ἐστὶ
1723 1276 1859 1310 πεπηγός·

1074 1317 1106 1343 τὸ
1118 1317 1146 1343 δὲ
1157 1317 1229 1353 ὕδωρ
1244 1318 1302 1344 ἐστὶ
1317 1319 1411 1353 μέλαν,
1425 1319 1472 1346 καὶ
1486 1320 1502 1354 ἠ
1518 1319 1583 1355 χιὼν
1596 1320 1650 1356 ἄρα
1664 1321 1780 1356 μέλαινά
1793 1322 1859 1349 ἐστι.

1075 1363 1141 1396 Quae
1171 1365 1369 1399 argumentatio
1387 1365 1431 1392 vel
1452 1373 1486 1392 ex
1507 1366 1554 1393 illo
1574 1366 1633 1393 solo
1656 1367 1745 1394 refelli
1763 1372 1858 1402 potest,

1075 1409 1147 1444 quod
1176 1410 1307 1438 terminos
1335 1410 1364 1437 in
1387 1412 1620 1446 propositionibus
1635 1417 1734 1446 mutet,
1747 1421 1817 1448 quos
1838 1414 1860 1442 si

1074 1462 1130 1482 non
1153 1458 1280 1488 mutaret,
1299 1456 1357 1491 ipsa
1371 1464 1420 1491 per
1435 1465 1465 1485 se
1477 1462 1568 1485 rueret
1579 1462 1706 1494 essetque
1717 1459 1835 1486 ridicula
1851 1470 1857 1486 :

235 1488 356 1522 deorum,
372 1498 432 1526 cap.
449 1491 486 1520 De
498 1494 568 1521 cmlo
581 1494 630 1522 εἯ
645 1496 673 1522 δὲ
696 1497 773 1523 οὐσία
796 1498 878 1525 αὑτοῦ
896 1500 1023 1536 πυρώδης

1076 1500 1133 1536 ipso
1146 1500 1186 1528 sic
1208 1488 1353 1534 formabat,
1372 1488 1423 1529 Nix
1437 1506 1479 1530 est
1495 1510 1563 1538 aqua
1577 1488 1721 1535 concreta;
1735 1513 1807 1540 aqua
1821 1509 1859 1533 est

235 1535 323 1568 ἐστιν,
341 1537 379 1569 ὼς
405 1538 482 1574 δῆλον
508 1541 540 1566 ἐκ
570 1541 616 1568 τοῦ
639 1542 714 1577 ἡλίου
740 1544 787 1571 καὶ
811 1545 844 1571 ὲκ
862 1545 916 1571 τῶν
936 1535 1023 1574 ἀλλῶν

234 1581 353 1618 ἄστρων.
371 1583 453 1611 Ὅθεν
470 1586 517 1613 καὶ
531 1587 613 1622 αἰθὴρ
629 1588 730 1624 ἐκλήθη
745 1589 776 1616 τὸ
792 1589 924 1622 ἐξώτατον
941 1592 1023 1627 μέρος

235 1628 283 1656 τοῦ
299 1630 400 1665 κόσμου
410 1631 464 1658 ἀπὸ
475 1632 522 1659 τοῦ
538 1633 672 1662 αἴθεσθαι.
686 1634 848 1664 Eustathius
864 1642 955 1665 tamen
977 1639 1022 1666 hic

236 1682 287 1710 pro
300 1676 401 1704 aethere
414 1682 541 1712 quartum
558 1680 724 1708 elementum
743 1682 879 1719 intelligit,
895 1684 1021 1715 videlicet

235 1721 337 1755 ignem,
353 1723 399 1757 qui
414 1727 498 1752 totam
513 1729 613 1753 terram
628 1735 677 1754 sua
692 1727 719 1754 vi
736 1732 763 1755 et
778 1728 906 1759 facultate
921 1738 1021 1758 consu-

236 1771 332 1801 meret,
345 1769 398 1796 nisi
413 1774 441 1798 et
460 1770 540 1806 jussu
561 1771 666 1803 divino.
682 1776 710 1800 et
727 1774 805 1809 aquis
818 1776 906 1804 aereis
915 1776 1022 1805 detine-

235 1815 320 1840 retur.

271 1859 330 1887 Col.
341 1861 402 1894 712,
415 1862 463 1890 Ιίη.
475 1862 520 1891 22.
531 1865 715 1900 Συνάγονται
727 1868 793 1902 περὶ
805 1867 838 1894 τὰ
846 1868 934 1903 ὕψος.
944 1869 1021 1898 Basi-

233 1903 288 1932 lius
312 1905 384 1933 hom.
411 1907 427 1934 5
441 1908 653 1944 εΣυναγομένων
671 1911 725 1947 γὰρ
745 1912 798 1939 τῶν
814 1913 1020 1950 ἀναθυμιάσεων

234 1951 299 1987 περὶ
310 1951 341 1979 τὸ
356 1952 433 1988 ὕψος,
446 1954 493 1981 καὶ
507 1957 694 1992 πυκνουμένω
704 1958 751 1985 τοῦ
765 1959 844 1994 ἀέρος
854 1962 914 1992 ταῖς
923 1962 954 1987 ἐκ
965 1961 1019 1988 τῶν

234 1997 397 2032 πνευμάτων
410 1999 546 2036 πιλήσεσι,
554 2002 618 2029 ὃταν
630 2003 678 2038 μὲν
690 2004 718 2030 αἱ
731 2004 800 2036 τέως
813 2005 962 2041 ἀτμοειδῶς
973 2007 1019 2033 καὶ

234 2042 340 2076 λεπτῶς
348 2044 546 2082 ὲνεσπαρμέναι
555 2048 593 2084 τῷ
603 2049 678 2084 νέφει
686 2051 786 2083 νοτίδες
797 2051 924 2088 ἀλλήλαις
935 2060 1018 2088 προσ-

234 2090 393 2125 χωρήσωσι,
413 2093 540 2127 σταγόνες
564 2095 682 2129 γίνονται
717 2097 755 2132 τῷ
773 2097 850 2133 βάρει
873 2098 928 2125 τῶν
954 2107 1019 2133 συγ-

235 2135 382 2171 κριθέντων
409 2140 556 2175 φερόμεναι
575 2142 606 2168 τὸ
620 2143 703 2169 κάτω.
721 2144 776 2171 Καὶ
793 2145 861 2181 αὕτη
876 2145 954 2172 ὑετοῦ
970 2146 1017 2180 γέ-

1073 1546 1162 1582 nigra,
1175 1553 1240 1582 ergo
1253 1546 1300 1574 nix
1315 1550 1357 1575 est
1369 1548 1446 1582 nigra
1461 1557 1467 1575 :
1484 1556 1547 1576 cum
1562 1549 1600 1576 ita
1616 1553 1690 1578 esset
1705 1549 1857 1577 formanda.

1071 1591 1122 1619 Nix
1149 1596 1190 1620 est
1212 1600 1283 1627 aqua
1312 1597 1454 1626 concreta,
1467 1601 1537 1629 aqua
1557 1599 1685 1622 concreta
1708 1600 1752 1623 est
1773 1596 1857 1631 nigra,

1072 1642 1138 1665 tunc
1163 1638 1257 1672 utique
1281 1642 1451 1674 sequeretur,
1477 1647 1542 1675 ergo
1568 1640 1616 1667 nix
1638 1645 1682 1668 est
1701 1641 1792 1676 nigra.
1811 1642 1857 1669 Sed

1071 1684 1134 1718 quis
1159 1684 1319 1712 concederet
1343 1692 1441 1720 aquam
1470 1691 1625 1713 concretam
1653 1694 1717 1714 esse
1737 1688 1859 1722 nigram?

1071 1737 1134 1757 cum
1153 1737 1251 1765 aquam
1280 1731 1362 1758 etiam
1379 1731 1466 1765 ipsam
1486 1731 1538 1759 etsi
1555 1739 1610 1759 nou
1645 1738 1805 1761 concretam
1819 1735 1857 1762 ni-

1071 1783 1146 1811 gram
1159 1783 1221 1804 esse
1231 1784 1286 1804 non
1298 1776 1455 1806 allirmarct.

1107 1821 1186 1854 lbid.,
1211 1822 1258 1849 lin.
1287 1822 1332 1850 3i.
1353 1823 1386 1849 'H
1400 1823 1434 1849 δὲ
1455 1823 1572 1857 ,βροντὴ
1586 1824 1662 1851 κατὰ
1677 1825 1790 1852 τοῦτον
1811 1826 1859 1852 τὸν

1069 1869 1172 1903 λόγον.
1203 1868 1320 1897 Basilius
1333 1888 1340 1901 ,
1370 1869 1444 1896 hom.
1464 1870 1481 1896 ὖ
1501 1879 1508 1896 :
1525 1870 1587 1905 Τὴν,
1610 1869 1666 1905 γὰρ
1692 1871 1858 1907 στερρότητι

1070 1913 1118 1939 καὶ
1156 1913 1315 1944 ἀντιτυπίαν
1347 1913 1394 1940 τοῦ
1433 1914 1586 1949 πνεύματος
1621 1914 1669 1941 τοῦ
1707 1916 1859 1951 ὲνατιολαμμ

1070 1959 1218 1995 σανομένου
1236 1961 1296 1991 ταῖς
1324 1960 1460 1996 κοιλότησι
1486 1960 1540 1987 τῶν
1560 1961 1660 1995 νεφῶν,
1688 1962 1738 1988 καὶ
1766 1962 1811 1988 διὰ
1832 1962 1859 1988 τὸ

1071 2005 1166 2040 βιαίως
1203 2005 1386 2042 ὲκρήγνυσθαι
1419 2006 1482 2037 τοὺς
1523 2006 1574 2037 τὰς
1608 2006 1723 2043 βροντὰς
1764 2007 1860 2034 ἀποτε-

1069 2051 1182 2083 λοῦντας
1209 2052 1321 2086 ψόφους,
1341 2052 1485 2088 στερέωσιν
1497 2052 1611 2087 βροντῆς
1628 2054 1644 2087 ἡ
1660 2052 1758 2089 Γραφὴ
1777 2062 1859 2089 προσ-

1068 2097 1227 2132 ηγὸρευσεν.
1254 2096 1401 2132 Gregorius
1429 2097 1618 2125 Nazianzenus
1647 2098 1687 2125 De
1701 2099 1858 2135 theologia:

1070 2144 1107 2169 Τε
1137 2145 1182 2179 μοὶ
1212 2144 1400 2179 φιλοσοφήσεις
1431 2144 1496 2180 περὶ
1525 2145 1672 2180 ἀστραπῶν
1704 2145 1755 2172 καὶ
1785 2146 1859 2182 βρονν

236 2190 316 2214 νεσις.
334 2183 467 2218 Georgius
486 2185 591 2215 Pisides
605 2188 645 2215 De
658 2190 749 2216 mundi
765 2191 884 2225 opificio,
898 2199 959 2226 pag.
973 2191 1017 2224 l9,

1076 2189 1135 2222 τῶν,
1153 2187 1176 2215 ὧ
1191 2189 1309 2225 βροντῶν
1326 2189 1379 2216 ἀπὸ
1393 2190 1444 2224 γῆς
1462 2189 1504 2221 σὺ,
1519 2190 1567 2216 καὶ
1582 2189 1642 2216 οὐδὲ
1660 2190 1774 2225 μικροῖς
1785 2199 1858 2217 σπιν-

233 2232 262 2256 et
280 2228 385 2258 Plinius
397 2231 448 2259 lib.
475 2240 508 2265 ιι,
525 2234 607 2268 capit.
622 2235 656 2262 42
669 2245 676 2262 :
695 2235 780 2263 Extra
793 2237 841 2263 has
856 2245 952 2264 causas
966 2246 1019 2265 non

231 2277 380 2310 negaverim
403 2278 529 2306 exsistere
549 2280 645 2308 imbres
659 2286 807 2317 ventosque.
822 2282 953 2315 Quoniam
967 2283 1018 2310 Itu-

233 2323 334 2351 midam
351 2333 369 2352 a
385 2330 467 2359 terra,
480 2327 549 2355 alios
563 2336 624 2355 vero
636 2334 743 2363 propter
757 2338 878 2363 vaporem
888 2331 1018 2365 {umidam

231 2371 357 2399 exhalare
381 2373 521 2409 caliginem
553 2380 652 2402 certum
684 2381 732 2403 est.
758 2376 898 2411 Nubesque
917 2377 1018 2412 liquore

231 2425 335 2452 egresso
351 2419 378 2445 in
402 2419 526 2452 sublime,
547 2425 593 2448 aut
609 2429 641 2448 ea:
655 2430 714 2449 aere
740 2427 830 2449 coacto
846 2424 873 2449 in
890 2423 1017 2458 liquorem

230 2463 312 2498 gigni.
331 2463 453 2492 Densitas
472 2473 564 2493 earum
585 2475 728 2502 corpusque
741 2467 812 2494 haud
826 2468 906 2496 dubio
929 2470 1017 2504 conje-

231 2513 320 2536 βιαίαν
346 2515 510 2545 argumento,
536 2519 596 2538 cum
619 2512 699 2539 solem
726 2513 890 2547 obumbrent,
915 2517 1017 2549 perspi-

230 2562 310 2582 cuum
328 2555 397 2583 alias
417 2557 498 2584 etiam
516 2558 684 2584 urinantibus
710 2558 737 2585 in
762 2559 878 2594 qualibet
905 2561 1017 2595 profun-

230 2600 295 2628 dam
315 2610 444 2638 aquarum
465 2603 644 2632 altitudinem.
659 2604 765 2632 Etenim
783 2613 817 2633 ex
832 2614 933 2641 vapore
948 2607 1015 2636 solis

229 2645 257 2673 vi
273 2647 378 2675 elevato
392 2648 420 2675 in
435 2648 552 2676 mediam
573 2650 709 2685 regionem
728 2651 800 2679 aeris
820 2653 951 2686 paulatim
966 2653 1016 2680 fri-

231 2697 296 2725 gora
310 2693 397 2720 nubes
407 2693 635 2730 densantur,quaa
649 2695 749 2728 calore,
764 2697 807 2724 vel
823 2697 877 2725 alio
887 2699 1014 2733 quopiam

232 2736 389 2764 stimulante
405 2738 557 2773 liquellunt,
571 2744 597 2766 et
612 2741 787 2768 resolvuntur
801 2742 828 2769 in
844 2750 952 2778 aqlmm.
965 2743 1014 2770 de-

232 2782 418 2818 scenduntque
442 2784 624 2814 diversimode
641 2795 690 2822 pro
706 2788 815 2823 vaporis
841 2789 1014 2816 dissimilitu-

231 2826 296 2854 dine
313 2836 319 2857 :
337 2828 359 2855 si
379 2830 450 2857 enim
465 2838 548 2865 vapor
566 2832 614 2859 fuit
631 2835 727 2867 rarior,
745 2835 870 2869 guttatim
884 2835 1012 2863 dilabun-

1071 2235 1152 2271 θῆρσι
1165 2236 1215 2270 τῆς
1225 2236 1352 2271 ἀληθείας
1364 2235 1533 2271 λαμπόμενε,
1545 2236 1620 2267 τίνας
1631 2236 1738 2271 ἀτμοὺς
1751 2237 1856 2271 αἰτιάσῃ

1070 2282 1167 2316 νέφους
1180 2281 1371 2317 δημιουργοὺς,
1383 2282 1398 2318 ἢ
1412 2282 1491 2317 ἀέρος
1503 2281 1641 2309 πύκνωσίν
1652 2290 1726 2315 τινα,
1740 2283 1758 2318 ἢ
1774 2283 1856 2316 νεφῶν

1071 2327 1124 2354 τῶν
1140 2328 1297 2362 μανοτάτων
1314 2327 1401 2362 θλίψιν
1415 2327 1431 2362 ἢ
1448 2327 1594 2363 σύρρηξιν;
1615 2328 1658 2353 ἴνα
1672 2329 1688 2363 ὴ
1708 2328 1760 2363 μὲν
1773 2328 1856 2362 θλίψις

1072 2375 1113 2400 σοὶ
1129 2373 1178 2408 τὴν
1194 2373 1348 2409 ἀστραπὴν,
1363 2374 1381 2408 ἡ
1401 2373 1428 2399 δὲ
1443 2372 1521 2408 ῥῆξις
1537 2372 1585 2409 τὴν
1604 2373 1720 2408 βροντὴν
1735 2375 1856 2410 ἀπεργά-

1070 2429 1162 2456 σηται.
1175 2421 1249 2446 ποῖον
1274 2419 1302 2446 δὲ
1324 2419 1434 2454 πνεῦμα
1458 2418 1718 2454 στενοχωρούμενον,
1734 2417 1798 2446 εἶτα
1810 2421 1856 2446 ob:

1068 2466 1129 2501 ἔχον
1140 2465 1263 2498 διέξοδον,
1274 2465 1318 2492 ἴνα
1331 2464 1456 2501 ἀστράψῃ
1471 2464 1638 2500 Θλιϐόμενον,
1657 2465 1706 2492 καὶ
1723 2465 1853 2501 βροντήσῃ

1068 2512 1253 2548 ῥηγνύμενον;
1267 2520 1301 2539 ex
1311 2511 1410 2546 quibus
1422 2511 1511 2538 locum
1520 2510 1654 2538 Eustathii
1670 2512 1708 2538 ita
1722 2513 1852 2540 restituo:

1073 2559 1107 2585 Ἠ
1121 2559 1149 2585 δὲ
1164 2558 1261 2594 βροντὴ
1277 2558 1347 2585 κατά
1361 2557 1455 2584 τοῦτον
1468 2557 1514 2584 τὸν
1535 2557 1613 2591 λόγον
1636 2558 1671 2592 τῇ
1696 2558 1853 2594 στερρότητι

1067 2606 1115 2633 καὶ
1130 2604 1177 2632 τοῦ
1197 2605 1352 2640 πνεύματος
1371 2604 1517 2640 ἀντιτυπία
1535 2604 1649 2638 γίνεται.
1663 2604 1790 2632 Celebris
1807 2605 1852 2631 fuit

1067 2659 1164 2680 eorum
1175 2651 1268 2686 opinio
1280 2651 1328 2686 qui
1340 2650 1544 2682 existimarunt,
1559 2650 1665 2677 tonitru
1677 2650 1738 2678 ﬁeri
1752 2651 1851 2678 exstin-

1066 2698 1157 2725 ctione
1181 2697 1253 2732 ignis
1273 2696 1393 2724 nubibus
1408 2696 1561 2731 intercepti.
1576 2695 1610 2723 Et
1623 2696 1849 2731 quemadmodum

1066 2745 1169 2772 ferrum
1192 2743 1313 2771 candens
1335 2743 1362 2770 in
1384 2750 1481 2777 aquam
1505 2743 1665 2770 immersum
1686 2743 1797 2775 stridet.
1817 2744 1848 2770 ita

1065 2791 1138 2826 ignis
1148 2791 1202 2819 ille.
1218 2790 1259 2817 vel
1275 2789 1352 2817 stella
1368 2789 1463 2824 ignita,
1475 2792 1506 2815 ut
1520 2788 1685 2823 opinabatur
1707 2788 1847 2823 Epicurus.

1067 2838 1094 2867 in
1110 2836 1208 2866 nubem
1223 2836 1332 2871 delapsa
1346 2835 1491 2863 stridorem
1504 2834 1621 2868 excitat,
1632 2836 1674 2863 sic
1689 2835 1719 2862 in
1735 2835 1846 2863 nubibus
