1903 3068
258 127 312 156 855

257 188 362 220 aspectu
383 182 554 219 percipiebam

255 232 371 258 scientire
393 235 487 262 artem,
509 231 533 257 si
547 239 591 257 ars
608 230 662 256 ha'c
679 230 794 257 vocanda
814 235 863 256 est.
886 229 989 256 Etenim
1011 233 1040 256 ut

258 275 405 303 Homericis
420 275 475 302 illis
489 275 605 303 versibus
614 275 725 302 relatam
738 280 776 302 est
787 283 795 301 :

290 342 365 370 Sicut
380 348 467 370 autem
481 343 549 370 venti
557 343 609 370 duo
621 348 729 376 pontum
738 346 897 370 commovent
907 342 1039 376 piscosum

288 377 388 413 Boreas
403 383 427 405 et
442 377 588 413 Zephyrus,
603 379 647 413 qui
661 387 674 405 ε
693 378 804 405 Thracia
822 378 925 412 spirant

289 412 401 440 Ruentes
417 412 532 448 repente,
549 414 630 440 simul
644 422 703 440 vero
718 418 743 440 et
757 413 827 439 unda
842 413 917 447 nigra

289 449 438 480 Attollitnr,
448 449 609 482 multamque
623 454 700 475 extra
714 456 786 475 mare
803 448 890 483 algam
903 447 1036 481 fundunt:

253 504 294 531 ita
318 504 382 531 mihi
398 505 454 531 heri
468 505 608 539 contigisse
626 505 727 531 videtur
741 503 953 531 :summitatibus
968 503 1039 530 enim

255 551 382 577 montium
393 551 492 578 similes
507 550 665 585 aspiciebam
681 549 776 581 undas,
790 557 849 585 qua!
861 550 884 576 si
898 549 984 576 dicere
996 549 1038 584 fas

253 601 304 628 est,
319 597 405 631 ipsum
423 598 514 624 caelum
531 598 689 632 tangebam;
708 597 776 623 unde
791 597 851 622 hinc
871 600 972 622 tantum
991 595 1038 622 hoc

254 643 448 678 exspectabam,
465 644 612 670 universam
627 644 726 670 scilicet
747 649 843 670 terram
863 643 1039 677 submergen-

253 689 317 716 dam
327 698 335 719 ;
347 695 371 716 et
382 690 445 716 nti/ti
458 690 543 716 locant
556 690 582 716 in
597 698 646 725 quo
660 698 699 716 me
711 690 774 724 fuga
787 690 936 723 reciperem,
951 690 1038 715 animo

255 735 394 770 ﬁngebam,
411 740 435 762 et
455 735 571 762 Naetica:
587 744 656 762 arcte
676 736 810 769 exemplar
827 735 1036 762 considerabam.

260 781 355 808 Verum
369 782 528 815 exspectatio
544 790 599 808 mea
616 781 747 816 frustrata
758 787 807 808 est.
824 781 910 808 Simul
924 781 992 807 enim
1007 788 1038 806 ac

254 835 327 854 mare
339 827 473 859 intumuit,
491 828 586 855 iterum
599 828 652 854 vice
666 835 740 854 versa
759 827 875 862 fractum
890 835 962 853 mare
976 827 1040 854 dis-

253 871 412 903 solvebatur,
431 872 502 898 ultra
516 873 652 907 proprium
670 874 755 899 locum
767 880 819 900 non
834 874 985 904 concedens,
999 872 1040 900 di—
1054 865 1076 894 Β

255 918 313 944 vino
335 917 460 953 quodam,
486 923 514 945 ut
537 919 689 945 summatim
705 919 803 950 dicam,
816 919 896 954 jussu
912 919 1038 954 perterri-

252 967 319 991 tum.
344 963 378 991 Et
393 964 613 999 quemadmodum
632 965 728 999 sa'pius
745 972 834 992 servus
855 965 997 1000 quispiam,
1015 964 1040 992 si

255 1011 353 1038 invitus
371 1019 386 1037 a
406 1011 513 1038 domino
526 1011 560 1038 ad
575 1019 638 1045 opus
655 1011 838 1045 compellatur,
852 1012 959 1046 itnperio
973 1011 1040 1046 qui-

252 1057 310 1084 dem
322 1058 414 1084 timore
425 1057 519 1084 ductus
538 1058 623 1091 audit,
643 1062 670 1084 at
687 1058 755 1093 quod
771 1058 852 1089 subit,
871 1066 929 1084 cum
947 1058 1038 1085 nolens

253 1107 326 1137 agat,
344 1103 433 1136 palam
448 1103 525 1137 eﬂ'ari
541 1111 592 1129 non
611 1111 692 1130 ausus
708 1102 755 1129 sub
772 1103 862 1137 lingua
876 1103 1041 1129 immurmu-

253 1152 308 1180 rat,
329 1148 468 1175 iracundia
490 1148 619 1175 exardens
631 1156 640 1174 :
663 1149 700 1175 sic
718 1137 784 1175 'mi/n
803 1147 994 1182 quodammodo
1013 1152 1038 1176 et

254 1201 326 1220 mare
341 1193 494 1225 videbatur;
511 1194 561 1221 etsi
576 1194 644 1221 enim
667 1194 709 1220 ira
729 1193 895 1228 efferbuit-rat,
913 1194 939 1220 in
958 1198 1038 1221 semet

254 1239 323 1266 iram
354 1240 504 1267 continebat
525 1239 575 1266 sibi
602 1240 690 1274 frenos
712 1240 842 1272 iniibiens,
871 1244 896 1266 et
922 1240 1038 1274 furorem

252 1292 329 1312 suum
351 1285 463 1311 Domino
488 1284 659 1319 manifestare
686 1290 786 1312 nolens.
818 1284 931 1319 Reliqua
955 1285 1038 1318 hujus

252 1331 386 1358 orationis
415 1330 509 1357 Graeca
539 1334 566 1357 et
596 1329 692 1356 Latina
723 1338 783 1357 cum
816 1334 910 1357 nostro
935 1330 1038 1358 Met/w-

254 1376 298 1402 dio
323 1376 404 1403 dabo.
432 1375 500 1403 Vide
527 1379 656 1410 praeterea
684 1375 830 1409 Georgium
856 1375 973 1404 l‘isidcm
1000 1376 1038 1403 De

254 1422 346 1448 mundi
370 1422 486 1456 opiﬁcio,
509 1425 536 1448 et
558 1421 690 1449 Joannem
712 1421 937 1457 Chrysoslomum
955 1430 1037 1458 super

253 1467 321 1494 illud
344 1466 465 1494 Hierem.
482 1473 543 1501 cap.
569 1474 596 1498 v,
612 1474 683 1493 vers.
704 1465 748 1496 22,
764 1466 815 1499 Qui
833 1466 909 1500 posui
928 1474 1036 1492 arenam

255 1512 396 1539 terminum
409 1511 487 1543 mari,
500 1511 527 1538 in
544 1511 640 1539 catena
655 1519 714 1546 qua:
727 1518 742 1538 ιι
759 1511 840 1539 nobis
851 1510 947 1538 Latina
965 1511 1035 1539 facta

250 1558 307 1593 jam
322 1563 364 1586 est
377 1559 476 1594 publici
493 1558 575 1593 juris.

287 1605 346 1632 Col.
357 1604 417 1635 7l2,
429 1605 476 1632 lin.
488 1604 532 1631 45.
549 1603 661 1630 Ἐπεὶτί
675 1603 819 1630 ἐκώλυσε.
832 1602 950 1631 Basilius
962 1603 1034 1630 hom.

252 1651 270 1678 ι
286 1651 377 1678 εῈπεὶ
394 1650 420 1676 τί
444 1649 545 1676 ἐκώλυε
566 1649 615 1685 τὴν
645 1648 777 1684 Ἐρυθρὰν
796 1649 930 1675 Θάλασσαν
946 1650 1036 1676 πᾶσαν

252 1696 302 1731 τὴν
316 1696 451 1729 Αἴγυπτον
466 1695 622 1730 κοιλοτέραν
638 1693 719 1721 οὖσαν
735 1695 833 1729 ἑαυτῆς
849 1695 980 1728 ἐπελθεῖν,
990 1695 1037 1722 καὶ

253 1741 418 1776 συναφθῆναι
427 1740 466 1776 τῷ
478 1741 672 1776 παρακειμένῳ
685 1742 718 1775 τῇ
732 1740 861 1776 Αἰγύπτῳ
876 1742 999 1775 πελάγει,
1011 1741 1036 1767 ει

253 1787 291 1824 μὴ
307 1787 554 1823 τῷπροστάγματι
575 1784 609 1821 ἦν
628 1786 802 1822 πεπεδημένη
816 1786 861 1813 τοῦ
879 1788 1034 1820 κτίσαντοςς

253 1834 286 1861 Ει
299 1842 326 1861 In
342 1834 394 1861 boc
409 1834 490 1861 etiam
508 1837 573 1860 sunt
587 1833 726 1859 variantes
741 1833 963 1868 philosophorum
977 1841 1037 1861 sen-

251 1880 353 1906 tentiae.
381 1877 497 1911 Quidam
519 1878 593 1905 enim
619 1881 719 1904 terram
745 1878 813 1904 inuri
836 1878 1035 1912 depressiorem

252 1924 396 1956 allirmant,
419 1923 584 1950 Catharinus
609 1921 643 1949 ad
670 1930 730 1957 cap.
759 1930 767 1949 ι
798 1923 908 1954 Genes.,
926 1924 1029 1956 Canus,

252 1971 410 2005 Burgensis,
427 1973 521 1996 noster
540 1969 585 1996 hic
600 1972 706 2000 auctor,
725 1969 840 1996 Basilius
854 1973 881 1996 et
891 1969 937 1996 alii
951 1979 957 1996 :
974 1976 1034 1996 eam

253 2017 463 2052 probabiliorem
481 2019 575 2042 censet
596 2013 624 2041 S.
644 2013 773 2046 Thomas,
802 2022 810 2041 ι
832 2019 916 2050 part.,
940 2023 967 2050 q.
988 2014 1032 2047 69,

253 2067 305 2087 art.
321 2060 333 2086 l
351 2070 357 2087 :
375 2060 444 2087 idem
460 2066 487 2087 et
500 2060 599 2087 Cicero
616 2060 758 2088 censuisse
771 2060 889 2092 videtur,
905 2068 913 2087 ι
930 2061 965 2087 De
979 2069 1036 2087 na-

254 2111 314 2132 tura
327 2106 434 2133 deorunt
448 2114 465 2133 Il
478 2115 484 2134 :
501 2105 586 2138 Mare,
600 2106 696 2141 inquit,
713 2115 771 2133 cum
785 2114 864 2141 supra
878 2111 974 2133 terram
989 2107 1033 2139 sit,

253 2153 367 2180 medium
393 2157 480 2179 tamen
504 2157 580 2180 teme
605 2153 690 2179 locum
718 2157 838 2187 expetens
863 2159 1034 2188 congregatur

926 126 1050 155 LEONIS
1069 126 1205 154 ALLATII
1839 123 1882 151 835

577 191 587 210 :
608 188 632 210 et
662 184 812 211 excellentis
838 191 869 210 ac
898 183 1041 218 singularis
1057 186 1078 214 Α
1093 183 1147 210 dno
1159 183 1230 218 globi
1245 181 1427 213 edicerentur,
1444 182 1490 210 sed
1502 182 1539 209 ita
1551 181 1664 209 fuerunt
1677 178 1778 208 omnia
1791 177 1880 213 dispo-

1093 230 1155 262 sita,
1172 234 1200 256 ut
1214 238 1246 256 ex
1267 229 1309 257 bis
1329 229 1436 257 duobus
1456 229 1599 264 separatis,
1618 226 1763 262 contiguis
1779 229 1880 257 tamur,

1092 284 1176 302 unum
1191 276 1342 304 etliceretur
1356 275 1515 307 rotundum,
1535 279 1562 302 et
1580 275 1677 310 globus
1699 280 1778 301 unus
1795 272 1882 308 perle-

1092 321 1243 353 ctissimus,
1261 329 1316 348 non
1334 321 1498 356 geometrica
1513 319 1692 346 rotunditate.
1708 317 1797 351 Quod
1814 318 1882 344 enim

1092 366 1119 393 in
1145 367 1223 402 aquis
1249 366 1413 396 abundabat.
1438 366 1465 392 in
1487 365 1611 392 cavernis
1630 368 1712 392 terra:
1734 363 1881 391 occlusum

1091 416 1142 443 est.
1158 416 1185 439 et
1201 413 1228 439 in
1245 412 1467 447 proiundissimis
1487 412 1604 439 vallibus
1625 414 1787 445 receptum,
1813 409 1880 444 quod

1092 457 1119 483 in
1135 457 1216 484 terris
1240 464 1323 491 super
1349 464 1433 491 aquas
1456 456 1578 488 emersit,
1604 455 1631 483 in
1658 455 1880 490 impendentium

1091 503 1225 530 montium
1249 502 1408 530 altitudines
1436 507 1590 537 porrectum
1621 500 1763 533 surrexit;
1789 503 1820 527 et
1847 499 1880 526 sic

1091 547 1231 582 aequaliter
1241 548 1360 582 undique
1369 553 1439 574 terra
1457 551 1484 574 et
1494 555 1570 583 aqua:
1581 547 1772 577 sustinentur,
1782 549 1809 571 et
1827 553 1882 572 sus—

1091 594 1189 625 tinent,
1213 601 1302 628 neque
1328 594 1497 621 exceduutur
1520 600 1608 628 neque
1629 592 1784 620 excedunt.
1813 590 1881 618 Fieri

1090 644 1182 667 tamen
1205 643 1306 674 potest,
1329 643 1358 666 ut
1383 640 1613 674 quemadmodum
1638 646 1693 666 una
1714 647 1785 674 pars
1803 642 1882 666 terra

1091 686 1144 712 aiia
1156 685 1320 713 eminentior
1335 689 1388 718 est,
1399 686 1452 712 alia
1467 685 1519 712 alia
1532 686 1699 720 depreSSior,
1715 693 1771 711 nec
1791 690 1881 711 tamen

1091 736 1190 759 terram
1202 739 1264 759 esse
1277 733 1421 759 rotundam
1434 731 1606 766 negabimus,
1622 731 1662 758 sic
1677 735 1705 758 et
1722 737 1782 757 una
1795 730 1880 764 regio.

1090 781 1117 805 et
1134 778 1209 805 locus
1229 778 1264 805 sit
1281 778 1341 813 ipso
1363 785 1438 805 mare
1463 777 1607 807 humilior,
1633 777 1671 803 ita
1692 779 1723 803 ut
1745 776 1770 802 si
1791 775 1880 801 aditus

1091 829 1195 860 pateret
1213 825 1293 860 aquis
1310 825 1542 859 submergeretur,
1559 824 1645 850 altera
1669 823 1754 850 altior
1769 826 1798 848 et
1814 822 1880 848 emi-

1090 871 1215 904 nentior;
1243 870 1471 905 quemadmodum
1499 869 1661 896 Aristoteles
1693 868 1727 896 de
1766 867 1880 902 regione

1088 917 1280 952 Egyptiorum
1307 920 1334 943 et
1346 923 1421 944 mare
1435 915 1528 943 ltu‘bro
1543 919 1674 950 tanquam
1685 914 1879 942 certissimum

1089 967 1165 990 notat
1186 964 1248 991 libr.
1264 964 1351 999 primo
1367 962 1488 995 Meteon,
1505 970 1567 998 cap.
1583 962 1696 994 ultimo;
1714 966 1742 988 el.
1765 961 1805 987 ita
1824 961 1879 987 exi-

1088 1010 1171 1036 stimo
1193 1013 1320 1036 auctores
1339 1017 1410 1044 quos
1433 1015 1516 1044 supra
1536 1007 1675 1035 nominavi
1689 1014 1754 1034 esse
1774 1006 1878 1033 intelli-

1089 1055 1202 1090 gendos,
1218 1056 1362 1089 omniaque
1378 1055 1459 1082 dubia
1474 1059 1502 1082 et
1525 1057 1696 1089 argumenta,
1722 1053 1751 1079 in
1774 1056 1878 1078 utram-

1089 1108 1142 1135 que
1160 1104 1263 1135 partem
1285 1100 1402 1128 adducta
1424 1101 1554 1127 facillimo
1574 1099 1684 1133 negotio
1700 1097 1771 1125 solvi
1789 1107 1795 1124 ;
1810 1097 1878 1124 diri-

1088 1154 1206 1182 namque
1234 1147 1397 1182 sapientiam
1419 1149 1446 1174 et
1465 1146 1614 1174 bonitatem
1629 1143 1783 1172 dilucidius
1798 1144 1879 1170 inno-

1088 1196 1203 1225 tescere,
1219 1199 1281 1228 quas
1292 1193 1383 1220 omnia
1398 1193 1435 1220 ita
1453 1193 1481 1220 in
1497 1191 1616 1227 pondere
1631 1195 1660 1218 et
1676 1197 1810 1217 mensura
1822 1189 1880 1216 dis-

1087 1237 1190 1273 posuit.

1123 1283 1202 1317 Ibid.,
1223 1284 1273 1311 lin.
1296 1284 1341 1312 ιθ.
1362 1284 1426 1310 Ὀτι
1449 1283 1483 1310 δὲ
1500 1283 1611 1317 ἀληθὲς
1634 1282 1733 1310 τοῦτο.
1759 1281 1879 1308 Basilius

1087 1330 1161 1358 bom.
1191 1330 1208 1357 4
1225 1339 1232 1357 :
1249 1331 1325 1357 Ἐπεὶ
1348 1330 1375 1356 τί
1394 1329 1495 1356 ἐκώλυε
1512 1330 1560 1365 τὴν
1579 1328 1713 1365 Ἐρυθρὰν
1738 1328 1879 1355 θάλασσαν

1088 1377 1176 1403 πᾶσαν
1193 1376 1243 1412 τὴν
1259 1376 1393 1411 Αἴγυπτον
1409 1376 1563 1410 κοιλοτέραν
1582 1374 1664 1402 οὖσαν
1680 1374 1784 1409 ἑαυτῆς
1802 1374 1879 1400 ἐπελ-

1088 1423 1153 1453 θεῖν,
1171 1423 1217 1449 καὶ
1236 1422 1401 1456 συναφθῆναι
1425 1421 1463 1456 τῷ
1481 1421 1673 1456 παρακειμένῳ
1745 1421 1879 1454 Αἰγύπτῳ

1087 1469 1209 1503 πελάγει,
1224 1469 1249 1494 εἰ
1271 1467 1307 1503 μὴ
1320 1467 1358 1502 τῷ
1374 1467 1564 1503 προστάγματι
1583 1465 1617 1502 ἦν
1633 1466 1812 1501 πεπεδημένη
1833 1465 1878 1492 τώ

1089 1515 1246 1547 κτίσαντος;
1267 1515 1327 1541 ’Ὁτι
1346 1514 1400 1549 γὰρ
1416 1514 1590 1549 ταπεινοτέρα
1611 1513 1660 1548 ἰῆς
1678 1513 1816 1548 Ἐρυθρᾶς
1834 1513 1879 1539 Θα-

1088 1561 1189 1596 λάσσης
1203 1561 1218 1595 ἡ
1235 1560 1378 1594 Αἴγυπτος,
1389 1560 1460 1596 ἔργῳ
1471 1559 1583 1586 ἔπεισαν
1593 1560 1666 1595 ἡμᾶς
1679 1560 1705 1585 οἱ
1713 1559 1878 1594 θελήσαντες

1085 1606 1208 1641 ἀλλήλοις
1219 1605 1253 1631 τὰ
1266 1605 1371 1640 πελάγη
1388 1605 1514 1639 συνάψαι,
1529 1605 1560 1631 τό
1569 1613 1598 1631 τε
1619 1605 1772 1638 Δεγύπτιον
1787 1606 1836 1632 ut
1849 1606 1877 1632 τὸ

1092 1651 1209 1683 Ἰνδικὸν,
1225 1653 1254 1677 ὲν
1274 1648 1296 1684 ᾧ
1316 1652 1332 1686 ὴ
1354 1651 1470 1687 Ἐρυθρὰ
1489 1651 1618 1678 θάλασσα.
1641 1651 1744 1686 Διόπερ
1762 1651 1876 1686 ἐπες-χον

1085 1696 1134 1731 τὴν
1150 1696 1320 1732 ἐπιχείρησιν
1334 1696 1442 1732 πρῶτος
1457 1696 1607 1732 ἀρξάμενος
1626 1697 1784 1732 Σέσωστρις
1800 1699 1816 1724 ὀ
1834 1698 1877 1724 A1-

1085 1741 1209 1776 γύπτιος,
1227 1742 1274 1768 καὶ
1292 1743 1306 1768 ὁ
1328 1741 1396 1778 μετὰ
1413 1742 1499 1769 ταῦτα
1522 1742 1663 1777 βουληθεὶς
1685 1743 1875 1778 ὲπεξεργάσα-

1086 1787 1147 1815 σθαι
1157 1789 1268 1824 Δαρεῖος
1278 1788 1292 1813 ὁ
1304 1788 1403 1823 Μῆδος.
1415 1787 1573 1816 Habuerunt
1582 1789 1616 1816 ab
1630 1789 1782 1818 Aristotele
1797 1791 1844 1818 lib.
1858 1799 1874 1817 ιι

1085 1833 1209 1866 Meteon,
1224 1841 1284 1868 cap.
1298 1834 1355 1861 ult:
1373 1834 1452 1870 Δηλοῖ
1476 1834 1504 1860 δὲ
1524 1834 1554 1860 τὸ
1570 1833 1730 1869 γινόμενον’
1747 1836 1804 1868 Οὓς
1825 1837 1876 1872 γὰρ

1085 1888 1174 1916 φαμεν
1186 1880 1380 1915 ἀρχαιοτάτους
1393 1878 1524 1906 εἶναιτῶν
1535 1880 1684 1915 ἀνθρώπων
1695 1882 1875 1915 Αἰγυπτίους,

1084 1926 1185 1952 τούτων
1211 1927 1228 1961 ἡ
1245 1925 1321 1961 χώρα
1345 1926 1418 1952 πᾶσα
1441 1929 1567 1961 γεγονυῖα
1592 1927 1716 1960 φαίνεται
1740 1929 1790 1954 καὶ
1811 1927 1875 1955 οὖσα

1084 1971 1130 1998 τοῦ
1152 1972 1273 2006 ποταμοῦ
1299 1971 1387 2007 ἔργον.
1404 1972 1458 1998 Καὶ
1472 1972 1550 1999 τοῦτο
1573 1974 1643 1999 κατὰ
1663 1981 1693 1999 τε
1706 1973 1758 2008 τὴν
1784 1974 1875 2010 χώραν

1085 2018 1169 2053 αὐτὴν
1182 2017 1279 2053 ὁρῶντι
1295 2017 1372 2053 δῆλόν
1391 2018 1459 2048 ἔστι,
1473 2018 1520 2044 καὶ
1536 2019 1570 2044 τὰ
1586 2018 1650 2054 περὶ
1668 2019 1718 2054 τὴν
1740 2019 1875 2055 Ἐρυθρὰν

1085 2062 1222 2090 Θάλασσαν
1236 2058 1383 2098 τεκμήριον
1406 2064 1506 2090 ικανόν.
1524 2063 1631 2099 Ταύτην
1650 2064 1705 2100 γὰρ
1720 2065 1778 2091 τῶν
1801 2065 1875 2100 βασι-

1084 2108 1150 2135 λέων
1166 2117 1207 2140 τις
1226 2108 1356 2144 ἐπειράθη
1379 2109 1537 2144 διορύττειν.
1555 2110 1591 2136 Οὐ
1607 2110 1661 2145 γὰρ
1682 2111 1787 2145 μικρὰς
1801 2110 1874 2146 εἶχεν

1084 2154 1117 2182 ἂν
1133 2155 1223 2186 αὐτοῖς
1236 2154 1368 2188 ὠφελείας
1383 2155 1486 2186 πλωτὸς
1499 2155 1571 2186 ἅπας
1581 2155 1596 2181 ὁ
1609 2155 1692 2186 τόπος
1701 2157 1872 2191 γιγνόμενος.

252 2199 366 2234 undique
379 2198 526 2234 tequaliter,
540 2206 619 2234 neque
635 2198 772 2230 redundat,
790 2207 869 2234 neque
879 2199 1032 2233 effunditur.

1088 2200 1199 2234 Λέγεται
1215 2199 1243 2225 δὲ
1263 2199 1374 2234 πρῶτος
1390 2200 1543 2235 Σέσωστρις
1565 2201 1738 2236 ἐπιχειρῆσαι
1753 2202 1810 2228 τῶν
1825 2211 1873 2228 πα-

253 2246 306 2273 Alii
327 2249 428 2273 terram
443 2253 504 2273 esse
520 2253 594 2273 mare
611 2245 747 2277 altiorem,
773 2249 803 2271 ut
823 2245 1036 2280 Cbrysostomus

253 2293 327 2320 hom.
338 2292 354 2319 9
366 2291 399 2318 ad
408 2299 467 2327 pop.
477 2291 612 2324 Antias/3.;
635 2293 805 2327 Augustinus
816 2292 842 2318 in
852 2291 920 2326 psal.
935 2299 1033 2324 cxuv;

253 2338 434 2373 Hieronymus
447 2338 475 2365 in
494 2337 561 2365 illud
583 2339 652 2373 psal.
663 2337 924 2373 xxxu,Congregans
932 2337 999 2364 sicut
1008 2338 1034 2364 in

251 2390 310 2411 utre
330 2393 413 2419 aqua:
430 2384 530 2416 maris;
549 2383 734 2412 Damascenus
755 2383 802 2410 lib.
820 2391 838 2410 ιι
855 2383 917 2410 Fid.
931 2383 1033 2410 orthod.

252 2436 312 2463 cap.
324 2429 340 2456 9
352 2434 379 2456 et
394 2429 444 2462 10;
459 2428 630 2457 Contarenus
643 2429 690 2455 lib.
705 2436 723 2455 ιι
736 2428 772 2455 De
784 2429 928 2460 elementis,
940 2431 967 2456 et
977 2429 1033 2456 alii.

253 2474 318 2507 Quae
337 2475 397 2502 dum
423 2474 565 2509 opiniones
592 2474 643 2502 etsi
668 2475 783 2501 multum
804 2474 875 2501 inter
891 2482 920 2501 se
933 2473 1035 2502 distare

252 2517 390 2549 videntur,
410 2524 460 2552 ego
477 2521 568 2543 tamen
585 2516 700 2544 dixerim
721 2520 845 2544 neutram
862 2515 969 2550 falsam,
987 2516 1034 2544 sed

253 2561 435 2588 certissimam
447 2564 592 2596 utramque
602 2565 630 2588 et
640 2568 743 2593 veram,
755 2561 780 2588 si
794 2568 847 2588 non
861 2560 894 2589 de
905 2561 1035 2589 universo

253 2611 332 2634 terra:
343 2607 487 2638 elemento,
502 2614 591 2642 neque
602 2614 688 2641 aqum.
704 2606 751 2634 sed
771 2610 847 2642 parte
860 2607 977 2642 quadam
991 2608 1034 2635 in-

253 2652 400 2687 telligatur.
424 2651 555 2685 Quamvis
570 2653 644 2680 enim
662 2653 733 2681 Deus
749 2660 835 2689 aquas
855 2657 955 2681 terram
975 2661 1035 2681 om-

252 2705 315 2724 nem
330 2706 380 2726 suo
398 2698 470 2726 [luxu
491 2703 656 2734 occupantes
669 2704 808 2735 separatas
830 2699 858 2727 in
876 2707 960 2727 unum
977 2699 1034 2727 vel-

255 2744 292 2769 uti
312 2744 412 2776 locum,
428 2748 455 2772 et.
483 2746 626 2773 stationem
650 2745 790 2778 detulerit,
808 2749 835 2773 et
851 2749 922 2772 terra
941 2753 988 2772 eas
1006 2745 1033 2772 in

256 2790 366 2821 proprio
378 2789 450 2820 sinu,
466 2797 582 2818 caverna
596 2791 730 2817 duntaxat
745 2791 925 2826 amplissima.
938 2795 1034 2818 mutuo

256 2833 396 2866 complexu
411 2837 555 2868 exceperit.
573 2844 627 2863 non
649 2840 740 2863 tamen
760 2835 786 2862 id
802 2836 838 2863 ita
859 2836 983 2870 contigit,
1003 2840 1032 2863 ut

1086 2246 1185 2272 λαιῶν·
1207 2244 1264 2272 ἀλλ’
1279 2241 1357 2280 εὗρεν
1380 2245 1547 2281 ὑψηλοτέραν
1569 2245 1651 2273 οὖσαν
1665 2247 1716 2282 τὴν
1738 2247 1867 2275 θάλαττα-

1085 2291 1133 2326 τῆς
1149 2291 1209 2326 γῆς.
1227 2287 1272 2316 Διὸ
1288 2290 1390 2322 ὲκεῖνὸς
1401 2299 1429 2317 τε
1451 2291 1592 2327 πρότερον,
1607 2293 1653 2318 καὶ
1666 2294 1781 2328 Δαρεῖος
1797 2294 1874 2320 ὕπε-

1086 2345 1131 2372 ρον
1141 2335 1277 2362 ἐπαύσατο
1291 2336 1446 2372 διορύττων,
1455 2337 1529 2368 ὅπως
1544 2338 1580 2372 μὴ
1591 2337 1726 2374 διαφθαρῇ
1738 2339 1772 2365 τὸ
1787 2339 1874 2373 ῥεῦμα

1084 2381 1129 2408 τοῦ
1159 2381 1282 2417 ποταμοῦ
1307 2383 1490 2418 συμμιγειο-ης
1519 2381 1567 2417 τῆς
1591 2383 1738 2419 θαλάττης.
1773 2385 1873 2412 Strabo

1086 2427 1132 2454 lib.
1146 2435 1152 2454 ι
1173 2427 1339 2459 ι’Ᾱπιθάνως
1351 2428 1380 2454 δὲ
1395 2428 1476 2462 λέγω,
1490 2429 1530 2455 ὅτι
1547 2429 1600 2464 πρὸ
1614 2429 1668 2455 τῶν
1684 2430 1820 2466 Τρωῖκῶν
1831 2431 1874 2457 οὺ-

1083 2472 1164 2509 δεμία
1183 2471 1217 2509 ἢν
1229 2473 1337 2509 διώρυξ.
1350 2474 1401 2500 Τὸν
1418 2473 1447 2500 δὲ
1468 2474 1680 2510 ἐπιχειρήσαντα
1697 2476 1812 2511 ποιῆσαι
1829 2477 1871 2502 Σέ-

1085 2526 1200 2556 σωστριν
1215 2521 1365 2556 ἀποστῆναι
1382 2529 1457 2556 φασι,
1482 2522 1683 2557 μετεωροτέραν
1701 2523 1873 2550 ὑπολαϐόντα

1083 2566 1132 2602 τὴν
1145 2566 1193 2601 τῆς
1213 2565 1346 2601 Θαλάττης
1364 2566 1533 2600 ἐπιφάνειαν.
1549 2567 1581 2594 Et
1594 2567 1641 2594 lib.
1660 2575 1717 2594 xvn
1733 2569 1872 2604 εἘτμήῡη

1083 2611 1112 2638 δὲ
1126 2611 1142 2646 ή
1156 2610 1254 2647 διώρυξ
1266 2611 1405 2647 καταρχὰς
1421 2612 1470 2648 μιν
1484 2612 1536 2639 ὑπὸ
1551 2612 1723 2648 Σεσώστριος
1745 2614 1804 2650 πρὸ
1819 2614 1871 2640 τῶν

1083 2655 1224 2690 Τρωϊκῶν,
1237 2657 1261 2682 οἱ
1274 2656 1303 2682 δὲ
1326 2656 1378 2683 ὑπὸ
1401 2656 1448 2683 τοῦ
1467 2657 1650 2692 Ψαμμητίχου
1669 2658 1768 2690 παιδὸς
1792 2658 1872 2694 ἀρξα-

1086 2701 1166 2736 μένου
1184 2702 1273 2737 μόνον,
1297 2700 1356 2729 εἶτα
1378 2703 1532 2734 ἐκλιπόντος
1552 2703 1598 2729 τὸν
1619 2702 1692 2738 βίον·
1715 2704 1832 2740 ὕστερον
1847 2704 1871 2730 ἃ

1084 2746 1136 2772 ὑπὸ
1150 2747 1261 2782 Δαρείου
1273 2747 1320 2774 τοῦ
1332 2747 1438 2783 πρώτου
1451 2748 1641 2784 διαδεξαμένου
1656 2748 1687 2776 τδ
1701 2748 1770 2784 ἑξῆς
1784 2750 1872 2785 ἔργον.

1083 2791 1135 2819 Καὶ
1156 2791 1231 2824 οὗτος
1243 2793 1281 2825 δὲ,
1295 2793 1358 2830 δόξῃ
1371 2794 1464 2828 ψευδεῖ
1483 2794 1614 2827 πεισθεὶς,
1629 2795 1723 2830 ἀφῆκε
1739 2796 1772 2822 τὸ
1796 2796 1873 2832 ἔργον

1084 2838 1148 2874 περὶ
1172 2839 1323 2866 συντέλειαν
1345 2839 1406 2876 ἠδη.
1428 2839 1554 2876 Ἐπείσθη
1580 2840 1634 2876 γὰρ
1665 2842 1871 2877 μετεωροτέραν
