1903 3068
271 109 327 138 839

903 87 905 89 ’
939 107 1067 136 u-zoms
1086 107 1225 136 ALLATII
1853 108 1893 133 sm

272 167 321 193 καὶ
343 165 512 201 θερμοτέρας
535 165 568 192 ὲκ
594 165 733 200 μετάλλων
752 165 892 200 ποιότητος
909 165 981 192 κατὰ
1009 165 1051 200 τὴι

1111 167 1226 200 corpora
1241 164 1314 192 enim
1336 164 1511 192 elementaria
1531 168 1637 191 natura
1660 163 1721 199 lege
1757 167 1844 198 atque
1859 171 1892 190 or-

272 210 386 244 διέξοδον
401 209 591 246 προσλαϐοῦσα
605 211 636 236 ὲκ
648 209 699 244 τῆς
713 210 798 245 αὐτῆς
809 210 856 236 τοῦ
868 210 1005 242 κινοῦντος
1017 212 1059 237 αἰ-

272 257 333 288 τίας
344 255 440 288 ξέουσα
450 256 553 290 γίνεται
563 256 601 287 ὡς
614 255 647 282 τὰ
659 255 756 286 πολλὰ.
768 257 816 282 καὶ
824 256 960 292 πυρώδης.
970 257 1058 293 Ὅπερ

272 301 406 337 πολλαχοῦ
418 302 468 337 μὲν
477 301 531 328 τῶν
544 303 644 337 νήσων,
661 301 794 336 πολλαχοῦ
808 302 836 328 δὲ
850 302 904 328 τῶν
919 302 1059 338 παραλίων

271 348 361 374 τόπων
375 347 478 379 ἔξεστιν
491 348 631 383 ἱστορῆσαι
641 356 648 362 ⁸
664 348 764 381 ὃπουγε
779 349 825 374 καὶ
841 348 911 374 κατὰ
932 349 981 384 τὴν
1011 357 1060 384 με-

272 393 376 427 σόγειον
393 393 470 419 τόποι
491 394 563 425 τινὲς
577 394 631 420 τῶν
648 394 786 429 ποταμίων
803 394 906 420 ὑδάτων
927 395 1056 428 γείτονες,

270 439 309 471 ὡς
325 439 410 474 μικρὰ
423 439 549 474 μεγάλοις
560 439 677 471 εἰκάσαι,
687 439 720 465 τὰ
726 438 901 474 παραπλήσια
913 439 1057 474 πάσχουσι.

271 485 344 519 Πρὸς
356 483 402 511 οὖν
414 485 440 510 τί
453 484 532 510 τοῦτο
546 484 653 520 εἴρηταί
669 493 731 520 μοις
746 485 805 511 ἵΟτι
826 485 900 510 πᾶσα
921 485 1057 520 ὑπόνομος

270 531 345 556 ἐστιν
359 532 375 565 ἡ
389 531 424 565 γῆ
433 530 477 557 διὰ
492 531 583 565 πόρων
600 530 710 564 ἀφανῶν
720 531 752 556 ὲκ
767 530 821 557 τῶν
835 530 926 565 ἀρχῶν
940 530 991 564 τῆς
1009 530 1058 556 01-

272 576 375 610 λάσσης
389 576 597 608 ὑπονοστοῦντος
620 576 668 602 τοῦ
685 576 788 607 ὕδατος.
811 575 848 603 De
870 583 1002 611 aquarum
1016 576 1058 602 vi-

271 621 360 653 ribus,
378 626 405 648 et
420 622 575 656 saporibus,
588 622 702 657 aliisque
714 622 903 657 qualitatibus,
924 622 985 649 vide
996 629 1057 656 quae

269 674 305 694 ex
319 667 466 695 Aristotele
479 668 641 702 compendio
659 668 726 695 dicit
747 667 871 695 Stobaeus
891 667 919 695 in
935 667 1056 702 Physicis

269 713 370 748 eclogis
386 733 395 746 ,
409 721 470 748 cap.
482 713 528 740 54.

306 770 365 797 Col.
380 769 443 802 715,
462 770 510 796 lin.
534 770 577 797 19.
595 769 627 797 Ἡ
639 770 694 805 γὰρ
711 769 832 804 ῥοώδης
851 767 1003 797 θάλασσα.
1019 769 1058 796 De

269 815 411 842 ﬂuminum
424 815 592 850 fontiumque
606 822 688 843 causa
699 819 727 842 et
742 815 846 850 origine
859 816 937 850 plura
948 815 1056 842 Aristo-

270 860 339 888 teles
362 860 409 887 lib.
429 868 437 887 ι
463 848 584 892 Μείεοιη
618 868 679 895 cap.
705 859 750 892 15,
774 848 801 887 et
825 848 873 887 libi.
897 868 927 891 ιι,
944 867 1004 895 cap.
1024 859 1056 892 2;
1074 848 1096 875 Β

270 903 357 936 Plato.
374 907 402 932 in
423 904 570 937 Phwdone;
585 904 720 939 Georgius
742 904 883 940 Agricola,
913 905 962 931 lib.
983 913 991 931 ι
1018 903 1057 931 De

269 955 331 977 ortu
351 955 376 977 et
400 951 487 977 causis
511 950 761 982 subterraneorttm;
777 950 905 978 Albertus
930 950 1055 985 Magnus,

270 995 318 1022 lib.
350 1002 370 1022 ιι
388 994 512 1028 Meteon,
527 1000 606 1023 tract.
637 996 679 1028 12,
695 996 777 1031 capit.
792 996 836 1029 il;
850 995 967 1022 Jacobus
988 995 1058 1022 Mili-

267 1041 357 1073 chius,
380 1041 408 1068 in
431 1042 514 1076 capit.
535 1041 586 1068 105
609 1041 656 1068 lib.
683 1049 703 1068 ιι
736 1040 835 1074 Plinii;
857 1040 982 1068 Valesius
1017 1040 1057 1068 De

267 1094 345 1113 sacra
360 1086 536 1122 philosophia,
554 1094 614 1122 cap.
623 1087 670 1119 65,
687 1091 714 1114 et
725 1087 780 1114 alii.
795 1086 858 1113 Fuit
875 1086 1056 1122 quorumdam

267 1129 361 1163 opinio
380 1130 450 1156 intra
469 1135 570 1158 terram
591 1139 652 1158 esse
674 1131 807 1166 quasdam
832 1132 1004 1158 cavitateset
1016 1131 1056 1157 al-

268 1182 345 1206 veos,
358 1175 458 1209 quibus
469 1175 569 1203 imbres
578 1176 760 1210 excipiantur,
775 1180 856 1211 atque
866 1184 900 1203 ex
915 1177 949 1203 iis
967 1176 1055 1204 iontes

265 1224 294 1247 et
304 1221 400 1247 ﬂuvios
415 1221 564 1252 dimanare,
576 1225 603 1248 et
618 1229 703 1256 aquas
715 1222 775 1249 illas
788 1229 875 1256 usque
886 1221 920 1248 ad
937 1221 1055 1249 futuram

267 1266 384 1293 hiemem
400 1266 533 1298 suﬂicere,
549 1273 600 1293 nec
613 1273 773 1294 exarescere
789 1270 936 1301 antequam
957 1273 1054 1294 rursus

267 1313 344 1349 pluat
356 1322 362 1340 :
382 1313 480 1340 siccari
493 1320 558 1340 vero
571 1320 618 1340 eos
631 1321 748 1348 quorum
763 1313 832 1341 alvei
847 1314 966 1342 minores
978 1317 1053 1346 sunt,

264 1363 294 1386 et
304 1359 339 1386 ob
354 1358 491 1386 defectum
508 1366 641 1393 aquarum
659 1367 713 1386 non
728 1359 836 1387 ﬂuitant
856 1368 943 1395 usque
955 1361 990 1388 ad
1005 1369 1055 1388 no-

265 1413 315 1432 vas
331 1405 444 1439 pluvias.
460 1405 622 1432 Aristoteles
639 1409 667 1433 et
687 1406 732 1432 alii
746 1413 858 1433 causam
878 1407 992 1441 primam
1009 1415 1055 1442 ge-

265 1451 417 1478 neratiOnis
441 1450 585 1477 ﬂuviorum
616 1454 742 1478 statuunt
769 1451 821 1478 loci
843 1456 980 1485 naturam,
1007 1452 1053 1479 ubi

265 1501 377 1532 propter
393 1497 444 1524 soli
463 1497 614 1528 raritatem,
628 1497 732 1524 multus
747 1501 775 1524 et
793 1498 922 1532 copiosus
938 1498 1051 1532 spiritus

265 1544 422 1576 generatur,
439 1541 486 1575 qui
508 1548 590 1575 quam
607 1541 732 1576 proxime
746 1542 780 1568 ad
800 1543 910 1577 vaporis
926 1546 1052 1569 naturam

265 1585 381 1614 accedit.
407 1586 510 1614 Deinde
531 1594 598 1614 vero
627 1586 728 1622 frigore
757 1587 810 1614 loci
832 1588 860 1614 in
884 1595 982 1622 aquam
1006 1595 1054 1616 co‘

265 1633 350 1666 gitur,
377 1639 439 1667 quat
462 1632 548 1667 ejecta
582 1632 643 1660 fons
671 1636 699 1660 et
724 1633 800 1668 origo
823 1633 968 1660 ﬂuviorum
1000 1638 1052 1662 est.

264 1677 321 1704 Nec
349 1678 456 1705 videtur
481 1678 630 1706 absurdum
657 1679 680 1707 si
705 1683 816 1714 propter
841 1679 962 1707 eamdem
988 1687 1054 1706 cau-

264 1730 325 1750 sam
353 1723 472 1751 interrae
499 1725 650 1752 visceribus
679 1729 825 1760 generatur
851 1732 921 1761 aqua
943 1729 1053 1761 propter

264 1776 347 1804 quam
364 1777 447 1804 supra
465 1775 566 1797 terram
593 1770 620 1797 in
639 1777 716 1803 aere;
733 1771 792 1806 pari
807 1771 879 1798 enim
898 1772 1003 1798 ratione
1024 1772 1051 1798 in

263 1819 500 1851 vapurante'aere
525 1816 611 1852 frigus
636 1821 775 1851 operatur.
808 1816 874 1849 Qua:
897 1817 1051 1844 Aristotelis

263 1862 357 1897 opinio
368 1862 392 1889 si
407 1866 480 1890 recte
493 1862 685 1890 consideretur
698 1870 776 1890 suam
791 1863 873 1890 habet
901 1864 1051 1899 probabili-

265 1911 360 1940 tatem,
378 1915 429 1935 nec
449 1908 487 1934 ita
509 1908 611 1935 absona
627 1912 670 1935 est
697 1908 724 1935 in
749 1908 921 1944 philosophia
948 1913 979 1937 ut
1002 1918 1049 1937 ex-

263 1954 328 1989 pelli
342 1954 454 1981 omnino
468 1958 615 1982 mereatur.
626 1954 783 1982 Christiano
793 1959 883 1983 tamen
896 1955 1008 1990 homini,
1017 1964 1048 1984 ea

263 2007 347 2034 super
362 2000 416 2027 hoc
433 2000 567 2027 sententia
583 2005 625 2027 est
637 2001 826 2035 amplexanda,
845 2009 904 2036 quae
921 2007 962 2029 est
984 2010 1050 2029 San-

264 2049 370 2072 ctorum
381 2045 492 2072 Patrum
503 2046 667 2077 communis.
677 2050 704 2073 et
715 2054 798 2074 sacrae
812 2046 959 2082 Scriptura:
971 2049 1048 2075 testi-

263 2091 368 2118 moniis
379 2090 566 2118 conﬁrmatur.
585 2090 723 2126 Origiuem
747 2092 860 2120 fontium
877 2101 892 2120 e
905 2095 973 2120 mari
986 2101 1048 2122 esse

263 2144 279 2164 a
298 2143 352 2171 quo
367 2135 488 2168 eﬂluunt.
514 2140 541 2164 et
569 2136 597 2164 in
623 2137 696 2172 quod
710 2137 835 2170 inﬂuunt,
862 2139 898 2165 ita
917 2138 1045 2171 Basilius,

262 2183 357 2210 homil.
367 2183 394 2215 ι,
405 2188 497 2211 noster
505 2183 664 2211 Eustathius
676 2184 702 2211 in
714 2184 766 2211 hoc
778 2185 847 2218 loco,
867 2184 1047 2221 Hieronymus
1063 2194 1084 2220 ι)

262 2228 296 2256 ad
310 2229 427 2264 primum
450 2233 532 2263 caput
553 2228 736 2260 Ecclesiastae,
753 2229 885 2264 Isidorus,
904 2231 968 2258 Lm
986 2231 1048 2258 Ori-

262 2275 361 2309 ginum,
374 2274 458 2308 c.90;
471 2275 679 2303 Damascmusu
704 2275 741 2302 De
755 2275 802 2310 ῥά.
818 2275 933 2309 art/wit,
946 2284 1004 2311 cap.
1014 2276 1045 2310 9;

263 2320 409 2356 Gregorius
424 2321 540 2356 Cyprius
557 2321 585 2347 in
601 2319 687 2347 Maris
708 2321 838 2353 encomio,
866 2326 892 2348 ct
917 2325 951 2349 ex
968 2322 1045 2354 aliis;

261 2366 339 2393 Plato
353 2366 381 2393 in
398 2366 552 2399 Phaadnne;
578 2366 683 2394 Plinius
700 2367 748 2393 lib.
768 2374 798 2397 ιι,
817 2374 878 2401 cap.
896 2367 950 2400 65;
969 2366 1046 2394 Philo

261 2411 371 2438 Iudaeus
387 2411 424 2438 De
438 2411 530 2438 mundi
544 2412 658 2446 api/icio.
676 2411 788 2438 Val-iant
808 2414 898 2438 tamen
916 2412 943 2438 in
958 2412 1045 2446 expli-

261 2457 371 2484 catione
399 2457 481 2490 illius,
503 2457 640 2492 quomodo
666 2457 794 2484 videlicet
819 2462 916 2492 suopte
937 2457 1044 2492 ingenio

261 2504 352 2536 gravis
369 2503 455 2537 possit
468 2511 484 2530 e
504 2503 572 2530 mari
595 2503 744 2530 ascendere
758 2503 787 2529 in
802 2503 952 2530 altissimos
967 2511 1045 2530 mon-

262 2553 313 2579 tes,
329 2555 344 2574 e
367 2548 467 2583 quibus
481 2548 600 2582 erumpit
618 2547 645 2574 in
673 2551 749 2574 tanta
767 2547 856 2582 copia.
883 2547 1043 2575 Eustathius

261 2602 360 2630 aquam
375 2595 458 2621 maris
473 2595 582 2629 spiritu.
596 2594 695 2620 ﬂatuve
710 2593 824 2621 interius
839 2598 966 2621 movente
982 2602 1044 2622 sur-

262 2648 321 2668 sum
336 2639 370 2666 ad
381 2641 563 2675 scaturigines
580 2639 692 2675 impelli.
704 2638 751 2667 His
769 2640 904 2667 consentit.
914 2637 1042 2673 Basilius,

261 2685 376 2717 Plinius,
405 2684 493 2712 Plato.
515 2684 544 2712 S.
558 2684 695 2717 Thomas,
719 2691 738 2711 ιι
773 2684 892 2712 Senum.
915 2686 979 2712 dist.
997 2685 1041 2716 Η,

262 2735 358 2764 quaest.
378 2731 402 2762 1,
418 2731 465 2763 ait,
495 2731 633 2757 fontanam
657 2735 684 2757 et
708 2730 865 2757 ﬂuviatilein
884 2737 982 2766 aquam
999 2734 1041 2757 at-

263 2775 333 2802 trahi
358 2783 466 2803 sursum
492 2777 518 2803 vi
545 2776 698 2803 cmlestium
725 2783 870 2811 corporum
887 2776 1041 2803 communis

263 2819 327 2847 boni
342 2821 435 2855 gratia.
447 2820 499 2848 Nec
516 2825 618 2848 motum
631 2820 703 2849 hunc
718 2828 795 2857 aquae
808 2829 867 2850 esse
878 2822 1038 2856 violentum,

1114 212 1178 239 dine
1194 211 1352 239 cmlestibus
1367 211 1510 238 obediunt.
1531 211 1660 238 Albertus
1675 211 1726 237 lib.
1745 217 1765 237 ll
1778 209 1890 241 Meteon,

1114 260 1194 283 tract.
1213 256 1241 288 2,
1257 264 1316 291 cap.
1329 256 1372 287 l2.
1389 257 1477 291 inquit
1489 263 1604 291 vapores
1616 257 1643 283 in
1657 256 1753 287 terris,
1778 256 1893 282 cavernis

1113 302 1234 330 elevatos
1250 302 1420 337 reﬂexosque
1432 302 1570 329 attrahere
1582 301 1616 328 ad
1628 309 1658 329 se
1666 309 1780 336 aquam,
1789 307 1893 335 eamque

1113 355 1224 375 sursum
1242 347 1348 379 eﬂ‘erre.
1364 352 1391 375 et
1413 348 1543 375 continua
1562 355 1611 375 sua
1637 347 1760 378 actione,
1780 350 1812 373 et
1833 347 1892 373 illisu

1113 393 1148 419 ad
1174 393 1277 421 montis
1295 393 1378 420 latera
1397 401 1479 428 poros
1500 394 1622 428 aperire,
1656 393 1761 428 quibus
1794 392 1893 419 tandem

1112 439 1241 474 erumpit.
1264 439 1315 466 Alii
1335 440 1439 471 dicunt,
1463 447 1525 466 cum
1541 444 1614 466 terra
1631 440 1725 466 multis
1744 439 1782 465 sit
1812 440 1890 472 pervia

1113 486 1261 520 specubus,
1273 493 1371 520 aquam
1385 486 1469 513 maris
1481 486 1507 512 in
1524 485 1659 520 ejusmodi
1675 492 1744 512 cava
1766 485 1829 511 loca
1844 493 1891 512 ω

1113 531 1253 563 inducere,
1282 539 1342 566 quae
1355 531 1420 566 quia
1437 535 1502 558 sunt
1525 535 1653 566 angusta,
1679 537 1772 565 neque
1797 533 1891 557 tantam

1113 577 1198 604 maris
1214 578 1312 604 molem
1328 585 1426 612 capere
1441 580 1556 611 queunt,
1579 584 1638 603 eam
1651 583 1730 610 aqua:
1745 575 1891 610 portionem

1110 629 1297 657 compressam
1310 622 1343 649 ad
1354 622 1526 649 extrinsecus
1535 622 1711 648 incumbente
1723 621 1795 647 mari
1809 628 1891 655 egres.

1110 675 1172 696 sum
1188 676 1241 703 qua
1255 669 1297 695 via
1314 669 1412 703 possit,
1425 675 1556 703 quaerere,
1579 668 1673 703 sicque
1689 667 1749 695 ﬁeri
1766 675 1890 702 aquarum

1109 715 1293 742 exsililiones.
1303 715 1426 742 Aliorum
1436 716 1505 743 alios
1518 714 1614 742 modos
1624 719 1652 742 et
1668 714 1795 742 rationes
1810 722 1891 749 quaere

1111 761 1140 788 in
1154 761 1235 789 dictis
1254 762 1422 790 auctoribus.

1146 818 1227 851 Ibid.,
1245 818 1294 846 lin.
1311 818 1356 846 et.
1386 811 1482 846 Πάλιν
1495 818 1529 845 δὲ
1544 818 1676 846 ἐπειδάν.
1703 818 1827 846 Causam
1842 826 1891 852 pro-

1110 867 1170 900 pter
1184 872 1265 899 quam
1283 872 1360 899 aqua:
1371 872 1433 891 cum
1444 873 1477 892 ex
1494 873 1549 892 uno
1563 869 1589 892 et
1601 864 1698 892 eodem
1721 863 1812 894 fonte,
1828 871 1890 890 mare

1108 909 1227 941 scilicet,
1242 909 1374 944 originem
1393 909 1513 941 trahant,
1533 917 1586 936 non
1608 909 1733 936 eamdem
1753 913 1860 936 servent
1870 913 1890 935 et

1114 955 1285 989 qualitatem,
1302 959 1330 982 et
1344 962 1480 990 saporem,
1494 955 1541 983 sed
1557 955 1710 983 secundum
1731 955 1786 982 loci
1813 954 1890 981 varie-

1105 1004 1190 1028 tatem
1207 1001 1271 1036 ipsae
1286 1001 1367 1028 etiam
1385 1002 1522 1029 varientur
1536 1006 1598 1037 pete
1618 1009 1632 1028 a
1648 1001 1835 1037 philosophis.

1146 1046 1226 1080 lbid.,
1236 1049 1283 1075 lin.
1297 1048 1343 1076 27.
1358 1048 1439 1083 Αὕτη
1450 1049 1497 1075 καὶ
1519 1048 1578 1075 τῶν
1589 1047 1698 1083 ἀερίων
1708 1048 1838 1075 ὑδάτων.
1851 1049 1889 1074 Ba-

1105 1094 1196 1126 silius,
1220 1094 1293 1121 hom.
1309 1095 1325 1121 ι
1346 1103 1353 1121 :
1369 1095 1447 1130 Καλὴ
1465 1095 1512 1121 καὶ
1526 1095 1592 1121 διότι
1608 1096 1664 1126 τοῖς
1683 1094 1792 1130 ἀερίοις
1805 1094 1887 1121 ὕδασιν

1105 1141 1177 1176 ἀρχή
1197 1140 1239 1171 τίς
1258 1142 1314 1166 ἐστι
1335 1140 1382 1167 καὶ
1400 1141 1485 1176 πηγὴ,
1505 1141 1660 1177 ϐαλπομένη
1687 1141 1738 1176 μὲν
1759 1141 1792 1176 τῇ
1810 1141 1887 1167 ἀκτῖνι

1107 1185 1156 1211 τοῦ
1171 1185 1257 1220 ἡλίου,
1272 1185 1453 1221 ἀποτιθεμένη
1466 1186 1494 1212 δὲ
1512 1186 1541 1212 τὸ
1564 1186 1661 1213 λεπτὸν
1676 1186 1724 1212 τοῦ
1741 1186 1837 1218 ὓδατος
1852 1187 1887 1212 διὰ

1105 1231 1158 1258 τῶν
1168 1231 1270 1266 ἀτμῶν,
1279 1232 1346 1268 ὅπερ
1353 1231 1480 1258 ἐλκυσθὲν
1487 1233 1526 1263 εἰς
1533 1232 1578 1258 τὸν
1586 1233 1640 1259 ἄνω
1646 1233 1740 1264 τόπον,
1751 1230 1810 1259 εἶτα
1819 1241 1888 1258 κατα·

1103 1277 1206 1312 ψυχθὲν
1220 1278 1264 1304 διὰ
1280 1278 1310 1304 τὸ
1322 1277 1486 1314 ὑψηλότερον
1500 1278 1623 1312 γενέσθαι
1638 1278 1688 1313 τῆς
1704 1277 1760 1305 ἀπὸ
1771 1279 1818 1305 τοῦ
1835 1279 1887 1304 ἐδά-

1105 1333 1171 1358 φους
1183 1324 1357 1355 ἀνακλάσεως
1373 1324 1427 1350 τῶν
1443 1324 1569 1356 ἀκτίνων,
1587 1324 1634 1350 καὶ
1655 1324 1724 1359 ὁμοῦ
1743 1325 1795 1359 τῆς
1806 1325 1837 1350 ἐκ
1847 1325 1885 1350 τι]

1104 1370 1202 1404 νέφους
1221 1371 1299 1400 σκιᾶς
1314 1371 1364 1404 τὴν
1386 1369 1465 1404 ψύξιν
1482 1370 1669 1404 ἐπιτεινούσης
1690 1369 1770 1401 ὑετὸς
1782 1370 1884 1404 γίνεται.

1104 1417 1150 1442 καὶ
1163 1416 1262 1442 πιαίνει
1277 1416 1326 1451 τὴν
1342 1416 1403 1451 γῆν.
1415 1415 1562 1451 Gregorius
1576 1415 1694 1451 Cyprius
1707 1415 1735 1442 in
1748 1415 1834 1442 Maris
1849 1425 1886 1443 en-

1103 1463 1187 1489 comio
1198 1471 1208 1489 :
1223 1463 1340 1498 ”Ομ6ροι
1356 1462 1383 1489 δὲ
1397 1461 1464 1498 πρὸς
1481 1463 1536 1494 τοῖς
1549 1462 1717 1498 εἰρημένοις,
1732 1462 1781 1489 καὶ
1794 1463 1884 1497 δρὸπι,

1104 1509 1151 1535 καὶ
1161 1509 1275 1543 νιφετοὶ,
1290 1508 1399 1543 νεφέλαι
1415 1517 1444 1535 τε
1462 1506 1495 1535 αὖ
1513 1508 1542 1535 αἱ
1556 1507 1668 1540 τούτους
1686 1509 1831 1543 γεννῶσαι,
1846 1511 1883 1535 καὶ

1105 1554 1154 1581 ὃσα
1162 1554 1268 1590 πρῶτον
1284 1555 1324 1586 εἰς
1333 1553 1378 1581 τὸν
1395 1554 1450 1581 ἄνω
1461 1554 1641 1589 συνιστάμενα
1654 1555 1749 1587 τότσον,
1767 1554 1816 1581 εἴτ’
1826 1557 1884 1581 ἐκεῖ-

1104 1599 1149 1626 θεν
1163 1601 1202 1631 εις
1214 1600 1265 1636 γῆν
1278 1600 1406 1627 κάτεισιν.
1425 1599 1567 1632 Quomodo
1585 1604 1678 1628 autem
1693 1601 1720 1627 in
1743 1609 1807 1629 aere
1818 1609 1883 1636 aqua

1104 1649 1269 1679 generentur
1279 1645 1474 1674 explicavimus
1489 1645 1625 1679 superius.

1141 1724 1220 1757 lbid.,
1232 1723 1279 1750 lin.
1297 1724 1341 1751 55.
1358 1724 1411 1750 Kal
1425 1724 1468 1750 ἔτι
1482 1723 1529 1750 καὶ
1544 1724 1611 1751 νῦν.
1622 1723 1755 1755 Basilius,
1771 1731 1842 1751 nom.
1853 1725 1879 1751 5:

1109 1769 1141 1796 Ἦ
1154 1768 1279 1804 γὰρτότε
1296 1768 1382 1803 φωνὴ,
1399 1768 1446 1794 καὶ
1459 1767 1489 1794 τὸ
1503 1767 1610 1803 πρῶτον
1623 1768 1713 1794 ἐκεῖνο
1729 1769 1881 1803 πρόσταγμα

1101 1812 1156 1842 οἷον
1170 1815 1252 1850 νόμος
1275 1823 1317 1846 τις
1335 1815 1442 1848 ἐγένετο
1466 1813 1582 1848 φύσεως,
1608 1814 1656 1840 καὶ
1671 1814 1837 1849 ὲναπέμεινε
1854 1817 1879 1849 τῇ

1101 1863 1147 1896 γῇ,
1163 1860 1211 1896 τὴν
1221 1860 1266 1887 τοῦ
1283 1861 1378 1895 γεννᾷν
1389 1860 1457 1895 αὐτῇ
1472 1860 1518 1886 καὶ
1526 1861 1711 1896 καρποφορεῖν
1723 1860 1838 1897 δύναμιν
1851 1863 1882 1893 εἰς

1099 1907 1131 1933 τὸ
1145 1906 1209 1942 ἑξῆς
1223 1908 1417 1942 παρεχόμενος.
1434 1905 1466 1932 Et
1487 1905 1620 1934 inferius:
1635 1906 1696 1933 Ἵνα
1719 1907 1830 1942 πρῶτον
1846 1909 1881 1934 ὲκ-

1100 1953 1154 1978 εἰνο
1172 1952 1336 1987 τφόσταγμα
1351 1951 1533 1978 διδασκαλεῖον
1548 1952 1580 1986 τῇ
1597 1952 1676 1985 φύσει
1694 1953 1810 1989 γένηται
1826 1954 1881 1989 τεὸς

1099 1998 1148 2033 τὴν
1164 1997 1228 2032 ἑξῆς
1244 1997 1411 2024 ἀκολουθίαν.
1428 1997 1460 2024 Et
1476 1997 1549 2024 hom.
1566 1998 1582 2025 9
1593 2008 1600 2025 :
1610 1998 1718 2033 Νόησον
1732 1999 1812 2035 ῥῆμα
1823 2000 1879 2026 Θεοῦ

1098 2044 1142 2071 διὰ
1159 2044 1209 2079 τῆς
1223 2043 1336 2075 κτίσεως
1352 2044 1456 2080 τρέχον,
1469 2045 1517 2070 καὶ
1526 2044 1586 2070 τότε
1604 2044 1772 2080 ἀρξάμενον,
1790 2047 1835 2072 καὶ
1846 2045 1881 2080 μέ-

1098 2098 1144 2125 χρι
1157 2089 1205 2116 νῦν
1221 2089 1360 2125 ἐνεργοῦν,
1373 2090 1418 2115 καὶ
1437 2090 1476 2120 εἰς
1485 2089 1560 2121 τέλος
1576 2089 1674 2122 διεξιὸν
1694 2091 1749 2123 ἓως
1770 2091 1804 2118 ἂν
1817 2093 1830 2118 ό
1846 2092 1880 2117 κό-

1099 2144 1167 2170 σμος
1181 2135 1381 2170 συμπληρωθῇ.
1395 2134 1462 2162 Vide
1480 2135 1590 2169 locum;
1607 2139 1649 2163 est
1665 2137 1740 2164 enim
1758 2139 1877 2172 optimus.

1099 2180 1229 2208 Leontius
1244 2181 1367 2208 Arabissi
1382 2181 1528 2216 episcopus
1553 2189 1678 2210 sermone
1696 2182 1731 2210 de
1749 2184 1877 2211 creatione

1098 2231 1126 2254 et
1141 2226 1245 2253 Lazaro
1258 2226 1390 2259 redivivo,
1403 2234 1458 2254 non
1475 2227 1613 2262 incompta
1630 2228 1816 2257 similitudine
1829 2238 1877 2256 rer-

1097 2272 1161 2300 bum
1180 2273 1246 2299 illud
1262 2272 1396 2304 divinum,
1407 2273 1456 2305 ait,
1472 2273 1533 2300 loco
1557 2274 1670 2301 seminis
1688 2275 1716 2301 in
1735 2276 1820 2303 rebus
1839 2284 1876 2310 ge-

1097 2319 1226 2346 nerandis
1243 2318 1338 2351 fuisse,
1352 2326 1468 2354 eamque
1480 2319 1507 2346 in
1520 2320 1602 2347 rebus
1617 2320 1672 2347 illis
1686 2320 1743 2346 vim
1760 2321 1876 2348 habuisse

1097 2371 1178 2398 quam
1193 2367 1220 2390 et
1235 2371 1349 2397 semen;
1373 2368 1400 2390 et
1427 2364 1516 2391 adhuc
1536 2363 1570 2390 ad
1593 2366 1806 2399 conceptionem
1820 2374 1876 2393 con-

1097 2416 1217 2436 currere.
1237 2408 1269 2435 Τι
1297 2408 1387 2443 λέγεις
1412 2409 1549 2444 αἰρετικὲ;
1580 2411 1696 2443 Βλέπεις
1719 2413 1783 2439 ἀντὶ
1802 2422 1875 2440 uu-

1097 2455 1176 2491 ϐολῆς
1188 2453 1343 2491 σπέρματος
1357 2454 1388 2481 τὸ
1397 2455 1443 2482 τοῦ
1458 2455 1537 2490 λόγου
1552 2457 1694 2491 γινόμενον
1711 2459 1873 2493 πρόσταγμα.

1095 2501 1150 2528 Καὶ
1163 2501 1220 2532 πῶς
1234 2500 1381 2536 ἀμφίϐολον
1391 2501 1479 2535 λέγεις
1490 2502 1540 2536 τῆς
1552 2502 1722 2539 παρθενικῆς
1733 2506 1873 2540 γεννήσεως

1094 2547 1124 2573 τὸ
1139 2547 1285 2582 μυστήριον
1297 2555 1304 2579 ;
1314 2547 1347 2572 Ἀ
1359 2547 1414 2582 γὰρ
1430 2547 1476 2574 νῦν
1493 2548 1649 2583 σπέρματος
1663 2550 1729 2576 ἄνευ
1747 2550 1779 2577 οὺ
1796 2550 1872 2576 τίκτε-

1093 2601 1147 2625 ται,
1163 2592 1266 2624 τούτοις
1285 2595 1301 2628 ὴ
1324 2593 1398 2628 φωνὴ
1415 2594 1475 2620 τότε
1495 2591 1638 2630 συνέτρεχε
1663 2595 1712 2622 τοῦ
1737 2597 1872 2626 καλοῦντος

1093 2639 1162 2673 πρὸς
1173 2638 1308 2674 γέννησιν,
1324 2639 1369 2665 καὶ
1385 2639 1540 2674 συλλήψεως
1556 2640 1666 2676 τρόπον,
1696 2642 1711 2668 ὁ
1727 2642 1779 2677 τῆς
1792 2642 1871 2669 κελεύ-

1093 2692 1161 2715 σεως
1179 2685 1304 2719 ἐμιμεῖτο
1316 2685 1407 2720 νόμος,
1424 2686 1471 2712 καὶ
1484 2685 1528 2712 διὰ
1546 2687 1609 2721 μιᾶς
1626 2688 1720 2723 φωνῆς
1735 2687 1871 2723 scapus-3:0

1091 2729 1125 2756 τὰ
1140 2730 1239 2757 πάντα.
1268 2730 1322 2757 Καὶ
1345 2731 1360 2757 ό
1383 2731 1443 2758 τότε
1468 2732 1613 2767 σαρκώσας
1635 2733 1686 2768 τὴν
1703 2734 1805 2765 κτίσιν,
1832 2732 1870 2760 καὶ

1093 2775 1191 2811 σπόρον
1207 2775 1333 2812 ἁσπόρως
1350 2777 1505 2813 χορηγήσας
1519 2779 1576 2809 τοῖς
1598 2779 1694 2810 πᾶσιν,
1724 2780 1805 2811 αὐτὸς
1827 2778 1869 2805 ἀπὸ

1091 2822 1203 2858 λογικῆς
1219 2821 1369 2857 σαρκωθεὶς
1386 2823 1437 2858 γῆς
1462 2823 1593 2859 προῖῖλθεν
1618 2825 1751 2860 ἀσπόρως
1771 2825 1817 2860 τὴν
1834 2823 1868 2850 διὰ
