1903 3068
59 111 105 136 ut
519 111 550 138 ΙΝ
571 109 755 138 EUSTATIIII
776 109 840 136 ΗΕἳέ

895 109 1013 138 MERON
1035 110 1148 138 NO'DE.

1627 112 1680 140 ξω

62 168 152 204 σαρκὸς
168 169 344 203 φυτευθεῖσαν
368 170 414 196 τοῦ
441 169 554 197 θανάτου
572 170 648 206 ῥίζαν
669 171 702 205 τῇ
717 170 836 205 δρεπανῃ
852 171 874 198 Α
889 170 920 203 τῇ
939 168 1003 204 ὁλκῇ
1021 169 1067 195 τοῦ
1085 168 1185 204 θερμοῦ
1203 169 1399 203 συνεπάγεσθαι
1416 170 1464 196 τοῦ
1484 171 1615 208 τροφίμου
1628 172 1680 206 τῆς

60 217 104 251 τῆς
114 215 278 251 παρθενικῆς
295 217 432 243 ἐκκόπτων
451 217 611 252 γεννήσεως.

98 261 152 288 Col.
163 261 225 294 715,
248 262 295 288 lin.
314 262 358 289 37.
372 263 406 289 Ἡ
413 262 468 297 γὰρ
476 263 649 296 βλάστησις
659 262 837 296 καθηγεῖται.

64 307 185 337 Basilius,
201 306 276 333 hom.
287 308 303 333 5
317 317 323 334 :
340 307 450 343 Πρῶτον
466 308 538 334 ἐστιν
555 308 584 334 ἐν
606 309 639 343 τῇ
665 307 769 342 γενέσει
785 307 839 332 τῶν

62 353 195 388 φυομένων
213 353 230 387 ἡ
252 352 407 389 βλάστησις,
433 353 537 385 ἔπειτα,
561 354 625 380 ὅταν
643 353 769 389 προκύψῃ
794 362 838 388 μι-

65 399 124 434 κρὸν
135 398 168 425 τὰ
183 398 372 434 βλαστήματα,
391 400 488 435 βοτάνη
506 401 621 434 γίνεται,
644 398 713 431 εἶτα,
729 400 839 427 ἐπειδὰν

64 443 171 478 αὐξηθῇ,
184 444 282 478 χόρτος
296 445 354 471 ἐστὶ
370 445 440 472 κατὰ
453 446 549 481 μικρὸν
558 446 775 481 διαρθρουμένων
786 446 838 473 τῶν

62 489 204 524 φυομένων,
222 492 271 517 καὶ
284 490 363 526 μέχρι
379 491 427 526 τῆς
443 492 489 518 ἐπὶ
502 493 532 519 τὸ
550 492 659 527 σπέρμα
676 491 838 524 τελειώσεως

61 536 209 572 προϊόντων.
232 536 364 569 Quamvis
387 538 458 565 enim
487 539 715 574 germinationum
739 546 838 574 genera

61 582 139 613 van'a,
156 582 228 609 sicut
245 587 273 609 et
299 583 465 618 plantarum,
491 592 540 611 nec
558 593 612 612 uno
635 588 766 620 tempore,
788 593 839 613 nec

61 629 114 656 loco
136 629 313 661 conveniant,
334 634 424 657 tamen
457 639 564 665 semper
590 631 707 666 priorem
736 639 797 660 esse
812 635 839 659 et

62 672 197 703 fructibus.
214 676 241 699 et
266 672 378 699 ﬂoribus
404 673 627 707 germinationem
648 682 760 702 necesse
785 677 837 706 est,

60 717 282 754 quemadmodum
303 723 329 745 ct
353 719 379 745 in
402 719 558 746 animalium
577 721 752 755 generatione
773 728 839 748 ροη-

61 768 169 798 ceptum.
190 762 277 794 Plin.,
295 763 392 791 Natur.
409 764 485 797 Itist.,
502 765 520 792 l.
539 773 593 798 xvt,
612 773 636 792 c.
654 766 708 793 25:
725 766 838 794 Catula-

61 812 145 837 tionem
161 810 256 836 rustici
275 815 378 840 vocant.
396 811 519 845 gestiente
536 816 633 838 natura
653 812 752 839 sentina
769 813 839 839 acci-

891 215 943 249 γῆς
957 215 1018 241 ὅσον
1034 215 1153 250 μέτριον,
1172 215 1219 241 καὶ
1230 215 1307 242 τοῦτο
1326 217 1519 252 καταμερίζειν
1540 219 1580 249 et;
1592 217 1678 244 καλά-

894 270 957 296 μην,
975 261 1023 288 καὶ
1040 261 1140 296 φλοιὸν,
1157 262 1265 295 καὶτὰς
1279 263 1363 298 θήκας
1386 263 1432 290 τοῦ
1446 264 1518 290 σίτου
1536 264 1582 290 καὶ
1597 263 1678 290 αὐτὸν

892 308 937 334 τὸν
951 309 1022 334 σῖτον
1036 309 1082 334 καὶ
1098 309 1161 340 τοὺς
1176 308 1332 345 ἀνθέρικας.
1344 309 1376 335 Et
1392 309 1451 337 ideo
1466 310 1627 338 Aristoteles
1645 310 1679 336 li-

892 354 962 381 bello
980 353 1017 380 De
1028 353 1165 387 jurentute
1181 358 1205 381 et
1225 359 1318 381 senest.
1335 355 1379 382 rit.
1400 361 1478 382 mort.
1495 360 1519 382 et
1540 355 1677 390 respirat.,

892 400 990 435 capit.,
1003 400 1029 432 I,
1048 401 1155 428 radices
1163 409 1224 429 esse
1232 401 1270 428 ait
1280 409 1310 428 os
1323 401 1492 437 plantarum;
1503 401 1679 436 quemadmo—

892 445 956 472 dum
970 445 1042 472 enim
1070 446 1198 473 animalia
1226 454 1274 482 per
1289 454 1320 474 os
1338 447 1429 474 cibum
1456 447 1606 482 excipiunt,
1624 454 1680 482 quo

891 491 987 518 vivunt
1009 495 1036 518 ct
1060 496 1270 524 conservantur,
1298 491 1391 519 eadem
1409 493 1515 520 ratione
1537 496 1564 520 et
1580 493 1680 527 planta:

893 546 941 573 per
965 537 1071 566 radices
1104 537 1245 566 humorem
1273 543 1299 566 et
1322 539 1479 566 alimentum
1516 539 1680 566 contrahunt

896 591 950 618 quo
967 587 1166 611 sustentantur.
1193 584 1283 617 Quare
1305 588 1394 612 autem
1420 584 1472 612 hoc
1494 585 1630 612 contrarie
1651 592 1680 612 se

892 629 973 656 habet
988 629 1015 656 in
1031 629 1131 665 plantis
1142 634 1169 657 et
1183 630 1347 658 animalibus
1370 630 1429 658 fuse
1442 631 1541 658 ibidem
1552 631 1679 665 explicat,

892 683 972 711 quem
997 676 1074 709 vide;
1090 680 1116 703 et
1131 675 1338 711 Theophrastus
1355 677 1394 704 De
1404 677 1467 704 hist.
1480 677 1577 712 ριαηι..
1595 677 1640 704 lit).
1660 685 1678 708 ι,

891 729 951 756 cap.
963 722 980 748 2
996 731 1002 749 :
1018 722 1095 749 Ἔστι
1112 722 1141 748 δὲ
1164 722 1226 758 ῥίζα
1243 723 1291 758 μὲν
1305 723 1338 749 δι’
1353 719 1383 750 οὗ
1395 724 1482 760 τροφὴ
1496 724 1638 757 ἐπάγεται.

930 768 1010 801 lbid.,
1026 768 1073 795 lin.
1088 768 1132 796 50.
1142 768 1177 795 Ἠ
1187 768 1222 795 δὲ
1235 769 1355 804 καλάμη
1368 769 1421 796 τοῦ
1438 770 1537 797 σίτου.
1551 770 1679 802 Basilius,

894 814 967 840 hom.
983 814 999 841 5
1015 823 1021 841 ε
1039 814 1101 846 Πῶς
1113 814 1208 848 γόνασι
1225 814 1403 846 διαζώννυται
1421 816 1437 851 ὴ
1451 816 1561 852 καλάμη
1574 816 1620 843 τοῦ
1638 817 1680 843 σί-

60 864 112 890 perc
122 864 200 891 eoque
218 857 336 883 animam
361 856 486 891 infereute
508 857 628 884 omnibus
649 858 725 884 satis.
742 857 839 885 Conci-

894 868 948 891 του,
961 860 1004 887 ἵνα
1018 860 1112 896 ὥσπερ
1128 860 1271 896 σύνθεο-μοί
1284 869 1356 893 τινες
1370 862 1469 897 ῥᾳδίως
1485 862 1515 888 τὸ
1531 861 1613 898 βάρος
1626 863 1681 889 τῶν

60 903 125 936 piunt
144 903 224 929 variis
242 903 346 933 diebus,
357 907 383 929 et
399 911 447 936 pro
467 911 516 929 sua
535 912 642 938 qumque
658 909 768 936 natura,
785 905 841 931 alia

60 950 169 984 protinus
181 953 208 975 ut
221 949 364 980 animalia,
386 949 488 976 tardius
505 950 606 984 aliqua,
623 955 647 978 et
663 951 762 978 diutius
779 960 841 986 gra-

60 995 112 1022 vida
126 1000 216 1030 partus
242 995 438 1031 gerunt:quod
464 997 620 1031 germinatio
644 998 701 1024 ideo
721 1003 839 1026 vocatur.

61 1041 163 1068 Pariunt
189 1050 248 1069 vero
264 1050 322 1068 cum
336 1042 443 1076 ﬂorent,
465 1042 564 1077 ﬂosque
579 1043 623 1069 ille
640 1044 724 1077 ruptis
737 1048 841 1070 constat

66 1089 188 1115 utriculis.
216 1088 349 1115 Educatio
370 1089 395 1114 in
410 1097 485 1123 pomo
499 1094 537 1115 est
549 1099 555 1116 :
569 1089 615 1116 hoc
629 1094 654 1116 et
670 1091 838 1124 germinatio.

63 1135 121 1162 Vide
129 1135 358 1170 Theophrastum,
371 1134 407 1162 De
418 1135 509 1162 histor.
522 1137 618 1169 plant.,
632 1136 678 1163 lib.
689 1145 728 1167 in.
743 1145 802 1172 cap.
813 1137 839 1170 6,

66 1187 94 1205 cx
117 1188 168 1214 quo
196 1187 247 1206 sua
275 1183 414 1207 mutuatus
445 1186 485 1207 est
512 1179 627 1208 Plinius.
655 1181 841 1210 Pulcherrime

61 1224 160 1252 Ocellns
171 1225 312 1258 Lucanus,
327 1226 374 1252 lib.
401 1234 449 1253 vin
470 1227 506 1254 De
519 1228 689 1261 universo,de
703 1228 840 1255 seminum

60 1275 123 1304 ortu,
143 1276 170 1299 et
184 1272 318 1299 arborum
341 1273 520 1307 productione
537 1273 670 1301 circulum
687 1275 838 1302 constituit.

61 1316 168 1345 Arbores
179 1318 256 1345 enim
267 1318 383 1345 fructum
396 1319 523 1351 terentes,
537 1324 693 1355 ceteraeque
700 1321 798 1355 plantae
808 1329 840 1348 ex

60 1363 199 1391 seminibus
220 1364 265 1391 sui
287 1369 365 1391 ortus
385 1364 492 1391 initium
515 1365 626 1398 habent,
654 1366 760 1394 fructus
774 1375 840 1394 vero

60 1408 175 1442 producti
190 1415 217 1436 et
231 1409 291 1444 jam
306 1409 419 1444 perfecti
445 1418 542 1438 rursus
559 1411 593 1439 ab
605 1412 699 1439 eodem
716 1413 743 1439 in
769 1413 839 1440 idem

60 1459 220 1481 commeanle
244 1458 344 1481 natura
361 1455 561 1484 dissolvuntur.
585 1455 661 1489 Quod
679 1461 706 1484 et
722 1457 755 1485 de
773 1465 838 1492 qua-

60 1504 115 1527 tuor
127 1501 325 1528 elementorum
340 1503 513 1537 generatione
521 1504 619 1530 asserit
633 1513 638 1530 :
654 1504 713 1539 Πῦρ
725 1504 774 1540 μὲν
786 1505 839 1541 γὰρ

59 1547 93 1578 εἰς
107 1545 134 1572 ἓν
159 1547 356 1582 συνερχόμενον
375 1548 446 1584 ἀέρα
466 1549 614 1585 ἁπογεννᾷ,
641 1550 695 1585 ἀὴρ
711 1550 739 1576 δὲ
756 1550 838 1587 ὕδωρ,

60 1590 124 1628 ὕδωρ
139 1592 167 1618 δὲ
181 1594 247 1628 γῆν,
263 1594 316 1620 ἀπὺ
329 1595 380 1629 γῆς
394 1595 421 1621 δὲ
439 1595 455 1630 ἠ
472 1596 540 1622 αὐτῇ
558 1596 681 1632 περίοδος
694 1597 743 1632 τῆς
759 1606 842 1632 μεταο

60 1636 131 1672 ϐολῆς
148 1638 228 1673 μέχρι
248 1638 344 1674 πυρὸς,
361 1639 422 1666 ὅθεν
440 1640 542 1676 ἤρξατο
564 1641 751 1676 μεταϐάλλειν.
763 1643 794 1669 Οἱ
813 1642 841 1669 δὲ

60 1684 150 1718 καρποὶ
168 1686 214 1711 καὶ
226 1684 263 1711 τὰ
279 1685 392 1712 πλεῖστα
409 1687 461 1713 τῶν
479 1687 628 1722 ῥιζοφύτων
645 1688 698 1716 ἀπὸ
716 1689 842 1725 σπερμά-

59 1737 106 1756 των
116 1730 244 1757 avom»;
257 1731 306 1767 τὴν
320 1732 406 1768 ἀρχὴν
422 1734 471 1768 τῆς
486 1735 633 1768 γενέσεως·
661 1736 842 1772 καρπωθέντα

59 1774 84 1801 δὲ
102 1776 145 1802 καὶ
172 1777 421 1813 τελεσφορήσαντα,
445 1779 527 1806 πάλιν
555 1780 602 1807 ἐπὶ
626 1781 656 1807 τὺ
671 1782 780 1818 σπέρμα
792 1783 841 1818 τὴν

60 1821 177 1848 ἀνάλυσιν
192 1824 313 1849 ποιεῖται
335 1824 388 1850 ἀπὸ
413 1824 458 1851 τοῦ
485 1825 579 1857 αὐτοῦ,
603 1827 650 1853 καὶ
666 1828 713 1854 ἐπὶ
729 1828 760 1854 τὸ
777 1828 842 1855 αὐτὸ

59 1866 98 1901 “ti-3
119 1866 234 1898 διέξώον
245 1868 456 1905 ἐπιτελουμένης
470 1871 519 1906 τῆς
535 1871 650 1904 φύσεως.

91 1912 167 1944 lbid.,
188 1914 240 1942 lin.
265 1914 309 1941 38.
332 1916 442 1942 Νοτίδα
465 1916 519 1951 γὰρ
549 1918 671 1953 θερμήν.
703 1919 841 1954 Basilius,

61 1957 127 1985 hom.
140 1959 156 1987 5
171 1970 178 1988 :
196 1960 282 1987 Ὀταν
301 1962 329 1992 ἐς
343 1962 394 1997 γῆν
409 1963 551 1999 καταπέσῃ
564 1964 595 1990 τὸ
609 1964 719 2000 σπέρμα
735 1966 841 2002 συμμέ-

61 2012 127 2039 τρως
138 2006 240 2038 νοτίδος
253 2006 299 2033 καὶ
314 2007 419 2043 Θέρμης
441 2008 564 2043 ἔχουσαν.
587 2010 684 2045 χαῦνον
699 2012 842 2047 γενόμενον

61 2050 102 2076 καὶ
119 2051 281 2088 πολύπορον,
294 2053 344 2088 τῆς
359 2055 565 2091 παρακειμένης
580 2056 633 2092 γῆς
644 2057 843 2094 περιδραξάμε-

62 2103 116 2128 νον,
133 2096 166 2122 τὰ
181 2098 271 2124 οἰκεῖα
291 2098 339 2125 καὶ
357 2100 483 2134 σύμῳυλα
500 2101 568 2136 πρὸς
584 2101 664 2129 ἑαυτὸ
680 2103 840 2130 ἐπισπᾶται.

66 2140 244 2176 Ἐμπίπτοντα
257 2143 285 2170 δὲ
292 2146 349 2176 τοῖς
361 2146 465 2181 πόροις,
474 2147 520 2172 καὶ
535 2148 784 2183 περιολισθαίνοντα
794 2150 842 2185 τῆς

61 2185 107 2220 γῆς
129 2188 162 2214 τὰ
184 2187 336 2216 λεπτότατα
350 2190 443 2226 μόρια,
460 2191 507 2217 ἐπὶ
530 2192 610 2219 πλέον
623 2193 764 2230 ἀνευρύνει
779 2194 842 2226 τοὺς
859 2199 879 2225 D

61 2230 149 2265 δγκους
163 2234 257 2266 αὑτοῦ,
277 2235 347 2262 ὥστε
360 2236 500 2271 ῥιζοῦσθαι
517 2238 566 2273 μὲν
581 2240 621 2270 εις
644 2238 674 2265 τὺ
695 2239 779 2272 κάτω,
797 2240 842 2266 ἐπὶ

61 2277 88 2303 τδ
98 2279 149 2306 ἄνω
164 2280 192 2306 δὲ
209 2281 378 2316 προκύπτειν
393 2283 544 2320 ἰσαρίθμων
554 2286 614 2316 ταῖς
625 2284 713 2320 ῥίζαις
726 2286 779 2312 τῶν
792 2295 842 2312 κα-

61 2323 146 2360 λὰμων
161 2328 398 2364 προϐαλλομένων.
410 2329 525 2358 Joannis
537 2340 585 2363 xu,
597 2331 723 2360 Christus
740 2334 842 2368 optima

62 2369 234 2399 similitudine
249 2381 282 2400 ex
296 2382 382 2408 grano
394 2374 421 2401 in
433 2380 504 2402 terra
517 2377 650 2404 moriente
664 2377 842 2411 ducta,suam

61 2416 289 2451 gloriﬁcationem,
311 2428 360 2447 nec
379 2429 432 2447 non
447 2425 474 2448 et
488 2423 604 2450 aliorum
620 2424 749 2451 ostendit.
770 2425 844 2458 Quo-

62 2462 136 2489 modo
151 2468 241 2491 antem
256 2474 290 2492 ex
303 2467 417 2498 semine,
435 2472 481 2494 aut
493 2469 595 2503 planta,
614 2474 661 2497 aut
677 2471 778 2498 animal
794 2479 842 2507 ge-

63 2513 167 2536 neretur
182 2510 268 2539 habes
282 2520 314 2539 ex
331 2513 478 2541 Aristotele
497 2522 515 2541 ιι
545 2514 584 2542 De
605 2520 721 2550 generat.
747 2517 842 2549 anim.,

62 2559 117 2587 cap.
131 2554 157 2585 1,
172 2555 218 2583 ubi
236 2556 293 2584 haec
309 2557 388 2593 longe
402 2558 497 2591 dubia,
522 2564 549 2586 et
564 2565 751 2595 controversa,
775 2563 843 2590 satis

62 2601 135 2625 acute
152 2600 223 2627 sicut
238 2606 265 2628 et
285 2606 384 2629 extera
410 2604 503 2630 omnia
519 2605 727 2639 perpenduntur
753 2610 779 2634 et
796 2614 844 2633 ex-

63 2643 202 2676 plicantur.

94 2689 169 2723 lbid.,
182 2693 230 2722 lin.
246 2694 290 2723 45.
313 2696 509 2731 Θαλπομένου
524 2697 559 2723 δὲ
572 2697 617 2724 ἀεὶ
635 2698 687 2726 τοῦ
705 2699 843 2733 βλαστή-

60 2743 155 2770 [inroga
183 2739 309 2773 Basilius,
333 2742 408 2769 hom.
426 2743 443 2770 5
469 2752 475 2770 :
502 2743 676 2779 Θαλπομένου
697 2745 724 2772 δὲ
739 2747 781 2773 ἀεὶ
795 2747 841 2773 τοῦ

63 2780 242 2820 βλαστήματος
260 2789 412 2824 συρομένην
432 2789 475 2816 διὰ
493 2790 546 2816 τῶν
568 2790 651 2826 ῥιζῶν
672 2791 721 2828 τὴν
741 2793 839 2825 νοτίδα,

99 2828 120 2844 ⁸⁸
139 2829 200 2859 Ceu.
219 2841 264 2868 lll._
276 2833 319 2862 I8.

277 2882 411 2918 ΡΑτιιοι..
432 2883 490 2914 Gn.
509 2884 624 2916 XVIII.

892 907 1034 942 ἀσταχύων
1051 907 1180 942 φέρωσιν,
1193 907 1255 934 ὅταν
1269 907 1382 943 πλήρεις
1396 908 1471 940 ὄντες
1484 909 1598 945 καρπῶν
1613 910 1681 945 πρὸς

891 954 939 988 τὴν
954 954 1004 989 γῆν
1019 954 1253 987 κατακλίνωνται;
1282 954 1330 981 Διὰ
1349 955 1428 981 τοῦτο
1441 956 1456 981 ὁ
1471 956 1519 990 μὲν
1534 955 1632 991 βρόμος
1646 956 1679 983 δι’

891 995 916 1026 ὃ)
922 1009 952 1026 ου
967 1000 1054 1033 κενὸς,
1067 1000 1114 1027 ἅτε
1127 1000 1223 1036 μηδενὶ
1237 1000 1286 1036 τὴν
1299 1000 1418 1036 κεφαλὴν
1430 1001 1622 1037 βαρυνόμενος,
1633 1002 1680 1029 τὸν

890 1045 918 1072 δὲ
937 1047 1008 1072 σῖτον
1022 1047 1077 1077 τοῖς
1094 1046 1252 1082 συνδέσμοις
1268 1047 1372 1078 τούτοις
1386 1048 1401 1083 ἡ
1420 1047 1501 1082 φύσις
1513 1049 1680 1084 κατησφαλί-

892 1100 965 1118 σατο.
985 1092 1029 1119 Ἐν
1042 1092 1113 1129 θήκῃ
1138 1093 1167 1119 δὲ
1183 1093 1229 1120 τὸν
1243 1093 1343 1121 κόκκον
1356 1094 1521 1130 ἀποθεμένη,
1534 1095 1571 1127 ὡς
1585 1096 1622 1131 μὴ
1636 1097 1680 1122 εὐ-

890 1137 1056 1173 διάρπαστον
1069 1136 1138 1164 εἶναι
1153 1140 1210 1170 τοῖς
1224 1139 1430 1175 σπερμολόγοις,
1440 1139 1479 1166 ἔτι
1495 1141 1543 1167 καὶ
1556 1142 1587 1176 τῇ
1603 1149 1680 1176 περι-

891 1184 955 1221 ϐολῇ
971 1185 1026 1211 τῶν
1048 1185 1200 1221 ἀνθερίκων
1221 1183 1277 1212 οἷον
1299 1187 1374 1213 ἀκίσι
1388 1186 1437 1218 τὰς
1452 1188 1484 1214 ὲκ
1499 1187 1552 1214 τῶν
1575 1189 1680 1224 μικρῶν

891 1230 968 1263 ζώων
991 1231 1120 1266 ἀφίστησι
1144 1231 1256 1267 βλάϐας.
1274 1232 1372 1260 Cicero
1394 1232 1428 1260 de
1455 1237 1595 1262 senectute
1622 1234 1680 1261 hau:

891 1277 982 1304 omnia
994 1277 1176 1306 disertissime
1190 1279 1365 1314 prosequitur
1378 1287 1384 1305 ι
1401 1279 1557 1316 Quanquam
1571 1289 1611 1308 me
1622 1281 1680 1316 qui-

891 1322 949 1349 dem
964 1331 1016 1350 non
1031 1323 1134 1357 fruetus
1148 1324 1236 1353 niodo.
1248 1325 1293 1351 sed
1304 1325 1383 1352 etiam
1395 1325 1476 1359 ipsius
1492 1331 1569 1353 teme
1580 1327 1626 1361 jus
1649 1335 1680 1353 at:

891 1372 990 1397 natura
1011 1369 1123 1396 delectat
1138 1378 1147 1396 :
1163 1378 1220 1405 qua
1231 1379 1289 1397 cum
1320 1372 1418 1406 gremio
1437 1372 1538 1399 mollito
1566 1381 1597 1399 ac
1615 1373 1680 1400 sub-

892 1418 949 1441 acta
960 1422 1046 1441 semen
1062 1422 1184 1449 sparsum
1195 1416 1292 1450 excipit
1308 1425 1317 1444 :
1340 1417 1455 1451 primum
1469 1417 1498 1444 id
1522 1425 1681 1446 concentum

891 1459 1014 1492 cohibet;
1039 1468 1072 1487 ex
1085 1469 1136 1496 quo
1152 1462 1265 1494 occatio,
1292 1471 1350 1497 qua:
1373 1463 1422 1490 Ιιοε
1442 1464 1528 1498 efficit,
1545 1466 1680 1492 nominata

893 1511 952 1533 est:
966 1506 1060 1534 deinde
1076 1508 1233 1543 tepefactum
1248 1516 1342 1543 vapore
1356 1515 1379 1536 et
1398 1518 1547 1544 compressu
1562 1519 1611 1538 suo
1630 1511 1682 1546 dif-

892 1553 994 1588 fundit,
1005 1559 1029 1581 et
1049 1555 1121 1582 elicit
1136 1556 1325 1583 herbescentem
1341 1565 1373 1584 ex
1385 1565 1415 1584 eo
1429 1558 1609 1591 viriditatem;
1623 1567 1681 1594 quur

897 1601 941 1627 vix
962 1610 978 1627 a
994 1601 1068 1636 ﬁbris
1091 1602 1230 1636 stirpium.
1259 1604 1356 1630 sensim
1377 1604 1514 1637 adolescit,
1545 1605 1682 1640 culmoque

898 1654 984 1674 erecta
998 1648 1157 1681 geniculato,
1173 1650 1275 1684 vaginis
1286 1649 1346 1684 jam
1353 1651 1431 1685 quasi
1443 1650 1583 1685 pubescens
1595 1652 1681 1679 inclu-

893 1692 976 1725 ditur.
993 1702 1008 1720 e
1026 1693 1119 1728 quibus
1141 1703 1200 1721 cum
1219 1697 1369 1728 emerserit,
1383 1696 1470 1730 fundit
1483 1697 1583 1732 frugem
1597 1698 1681 1733 spisso

893 1738 985 1765 ordine
1001 1745 1129 1772 sructam,
1150 1745 1174 1767 et
1190 1745 1282 1768 contra
1305 1742 1393 1769 auium
1418 1743 1549 1770 minorum
1565 1753 1681 1772 morsum

894 1785 1012 1812 munitur
1034 1785 1105 1813 vallo
1126 1787 1283 1814 aristarum.
1309 1787 1385 1815 Hanc
1414 1789 1477 1816 item
1508 1794 1611 1817 naturae
1627 1792 1680 1818 vim

893 1832 931 1858 ita
947 1831 1064 1866 explicat
1076 1831 1230 1860 Alexander
1243 1833 1431 1868 Aphrodisens
1452 1835 1479 1862 in
1496 1835 1542 1862 lib.
1565 1844 1585 1869 ι,
1610 1836 1681 1864 Pro-

894 1876 972 1904 blem.
987 1878 1014 1904 in
1027 1885 1142 1912 promm.
1155 1887 1162 1906 :
1178 1878 1305 1915 Καρποὺς
1320 1880 1349 1906 δὲ
1360 1881 1464 1913 πάντας
1478 1883 1525 1908 καὶ
1536 1883 1681 1918 σπέρματα

894 1923 962 1958 πρὸς
974 1923 1081 1958 γένεσιν
1097 1925 1145 1952 καὶ
1161 1925 1285 1962 διαδοχὴν
1301 1926 1348 1953 τοῦ
1358 1927 1453 1961 γένους
1464 1929 1649 1966 τεκτηναμένη
1662 1931 1679 1965 ὴ

894 1970 983 2004 φύσις,
993 1970 1108 2002 λεπίσιν,
1123 1972 1139 2007 ἢ
1156 1971 1261 2007 σώμασί
1275 1981 1346 1999 τισιν
1357 1974 1475 2010 ὑγροίςῆ
1494 1975 1646 2008 ξυλώδεσιν,
1663 1977 1679 2013 ἢ

893 2017 1034 2053 δέρμασιν,
1055 2018 1155 2053 ὁμοίως
1183 2019 1351 2054 ἠσφαλίσατο
1364 2027 1372 2034 ⁵
1383 2020 1507 2057 καθάπερ
1530 2022 1559 2048 ὲν
1574 2022 1682 2058 κιῖωτῷ

893 2064 1003 2096 τούτους
1022 2065 1205 2101 ἀποκρύψασα
1222 2067 1291 2102 πρὸς
1306 2067 1450 2104 ἀποφυγὴν
1472 2069 1571 2104 κρύους
1586 2070 1603 2106 ἢ
1620 2070 1682 2097 θα),-

894 2110 997 2146 πους,ῆ
1013 2110 1091 2143 ζώων
1104 2111 1184 2138 τινῶν
1193 2112 1367 2140 ἀδικούντων.
1376 2114 1431 2140 Καὶ
1447 2114 1511 2141 αὐτὸ
1520 2115 1548 2142 δὲ
1560 2116 1591 2143 τὸ
1605 2117 1682 2152 περί-

895 2155 987 2191 σλημα
1007 2157 1148 2189 παντελῶς
1169 2159 1279 2194 ἀχρεῖον
1293 2160 1323 2186 οὐ
1339 2159 1506 2195 κατέλειψεν,
1524 2161 1590 2188 ἀλλὰ
1615 2163 1684 2199 πρὸς

894 2201 996 2237 τροφὴν
1009 2203 1225 2238 παρεσκεύασεν.

930 2246 1010 2280 lbid.,
1036 2247 1084 2275 lin.
1104 2248 1149 2276 57.
1166 2248 1222 2276 Καὶ
1238 2250 1265 2276 εἰ
1280 2250 1513 2285 συνεϐλάστησε
1538 2252 1600 2285 τοῖς
1622 2261 1685 2286 τρε-

893 2291 1002 2326 φίμοις.
1037 2292 1166 2327 Basilius,
1183 2294 1258 2321 hom.
1276 2295 1294 2323 5
1309 2305 1316 2322 :
1333 2295 1388 2322 Καὶ
1409 2296 1510 2328 εὐθέως
1527 2297 1683 2333 συνεξεδόοη

893 2338 950 2369 τοῖς
966 2339 1109 2374 τροφίμοις
1122 2339 1156 2366 τὰ
1173 2339 1334 2377 δηλητήρια,
1352 2342 1420 2376 μετὰ
1431 2342 1477 2369 τοῦ
1495 2343 1568 2369 σίτου
1583 2343 1614 2370 τὺ
1630 2347 1684 2370 κώ-

895 2392 975 2416 νειον,
1002 2377 1072 2420 μετὰ
1099 2385 1152 2412 τῶν
1169 2385 1269 2413 λοιπῶν
1292 2388 1443 2422 τροφίμων,
1469 2389 1608 2425 ἐλλέὸορος
1637 2391 1684 2417 καὶ

895 2429 1027 2461 ἀκόνιτον,
1048 2431 1094 2457 καὶ
1108 2431 1298 2467 μανδραγόρας
1313 2432 1359 2459 καὶ
1373 2433 1387 2459 ὀ
1399 2434 1449 2468 τῆς
1466 2435 1590 2469 μήκωνος
1606 2435 1682 2467 ὀπός.

895 2474 987 2503 Multis
1005 2476 1075 2503 hanc
1093 2478 1272 2512 quaestionem
1290 2479 1428 2514 proponit,
1443 2484 1470 2506 et
1484 2480 1610 2508 dissolvit
1630 2481 1684 2508 Lu-

895 2520 1008 2548 dovicus
1024 2520 1135 2554 Fidelis,
1149 2522 1185 2550 De
1200 2523 1292 2550 mundi
1305 2529 1451 2556 structura,
1461 2526 1509 2552 lib.
1527 2534 1563 2559 Iv,
1581 2533 1642 2561 cap.
1655 2526 1682 2558 6,

894 2572 921 2596 et
940 2569 1088 2603 respondet
1107 2577 1203 2597 eorum
1231 2571 1366 2605 opinioni,
1392 2572 1439 2607 qui
1467 2572 1566 2601 herbas
1587 2574 1683 2602 noxias

895 2618 973 2641 sexto
985 2614 1029 2642 die
1039 2620 1100 2650 post
1115 2616 1196 2650 primi
1214 2617 1336 2651 parentis
1348 2619 1594 2653 transgressionem
1615 2627 1683 2647 con-

894 2660 966 2687 ditas
985 2660 1152 2693 sentiebant,
1170 2661 1216 2688 illa
1238 2663 1367 2690 suasione
1382 2664 1508 2697 permoti,
1523 2665 1596 2699 quod
1612 2665 1683 2693 Deus

895 2703 1033 2732 hominem
1046 2705 1244 2740 condemnans,
1260 2706 1382 2735 futurum
1399 2708 1550 2744 respiciens
1561 2710 1660 2738 dixerit
1674 2721 1682 2739 :

895 2748 1058 2777 Cerminabit
1075 2751 1123 2777 tibi
1140 2756 1209 2778 terra
1229 2753 1340 2780 tribulos
1361 2759 1386 2781 et
1406 2755 1495 2790 spinas
1507 2755 1539 2789 “,
1567 2757 1685 2792 ideoque

893 2801 989 2824 rentur
1005 2797 1032 2826 in
1058 2797 1249 2833 hujuscemodi
1274 2802 1506 2836 transgressionis
1523 2810 1633 2838 poenam
1651 2810 1684 2831 ac

1488 2893 1526 2923 ΩΤ
