1903 3068
202 104 253 133 845

870 98 993 126 LEONIS
1012 98 1151 126 ALLATII

1776 95 1833 123 8ου

201 164 348 193 vindictam
361 162 459 190 herbas
471 162 567 189 noxias
579 165 639 197 post
651 161 715 189 Adae
727 161 981 196 praevaricationem

1040 159 1144 196 ιέϐορον
1156 161 1210 191 τοῖς
1224 159 1376 195 ἀνθρώποις
1386 157 1545 194 δηλητήριον
1558 157 1632 188 ὅντα,
1647 156 1741 192 ψᾶρες
1754 156 1786 183 δὲ
1802 156 1833 183 τὸ

201 210 289 238 solum
307 207 392 234 fuisse
413 205 568 238 productas.
587 205 657 232 Vera
675 209 765 232 tamen
781 207 823 232 est
850 203 985 231 sententia

203 254 336 283 Eustatltii
350 257 376 280 et
391 253 506 279 aliorum
516 251 564 286 qui
579 251 677 279 herbas
688 251 738 279 bas
753 251 847 278 noxias
859 257 912 276 una
923 256 985 276 cum

204 301 263 328 aliis
281 299 373 327 herbis
385 302 527 333 generatas
542 297 689 325 existimat.
710 296 795 324 Noxia
813 295 886 323 enim
899 299 926 322 et
941 302 980 322 ve-

206 353 306 374 nenosa
324 345 405 372 rebus
421 344 481 370 aliis
496 343 637 370 commista
651 342 770 370 humano
779 342 870 377 generi
885 342 912 367 in
923 348 986 367 cor-

206 392 280 428 poris
295 389 502 425 aagritudinibus
528 388 658 416 sanandis
682 387 745 414 usui
760 392 833 414 sunt.
854 385 909 413 Nec
931 393 986 412 non

205 437 368 464 animalibus
383 435 557 470 quibusdam.
584 441 679 461 eorum
703 433 828 468 corporis
853 432 986 459 constitu-

206 484 279 511 tione
300 483 338 509 ita
362 485 502 516 poscente,
528 487 578 516 pro
604 481 733 507 alimento
763 478 937 512 deserviunt,
958 482 986 505 ut

205 529 336 564 exemplis
353 527 467 554 inferius
482 525 594 561 patebit.
609 525 762 556 Lucretius.
781 525 829 551 lib.
844 532 859 550 v
876 533 884 551 :

258 617 389 644 Prtererea
406 615 480 642 nobis
494 620 625 642 veratrum
638 619 676 641 est
692 622 751 640 acre
769 621 903 644 reneuum,

259 653 293 688 4t
307 651 523 688 rcaprisadipes,
546 655 573 688 et
589 649 768 676 coturnicibus
788 653 877 688 auget.

260 687 360 720 Quippe
373 686 458 712 videre
475 686 533 711 licet
548 686 713 719 pinguescere
731 691 798 717 sa'pe
809 686 896 710 cicuta

256 722 414 757 Barbigeras
423 720 543 756 pecudes,
559 720 657 746 homini
668 725 769 754 quwest
783 727 843 745 acre
853 726 985 745 venenum.

208 811 278 838 idem
302 811 421 838 sentiunt
447 810 633 837 Theodorelus
654 813 681 837 et
697 809 875 843 Ambrosius;
890 813 917 837 ot
934 809 987 836 Au—

208 858 302 884 sonius
317 857 354 883 ait
369 866 376 884 2

244 947 342 975 Toxica
355 946 472 981 zelotypo
483 945 554 972 dedit
570 954 638 972 uxor
649 945 748 972 mtec/ta
759 954 863 976 veneno.

279 982 333 1009 Nec
347 983 411 1009 satis
429 981 462 1007 ad
477 986 583 1007 mortem
605 981 714 1007 credidit
727 989 783 1008 esse
791 981 894 1007 datum.

244 1018 352 1045 Miscuit
364 1017 465 1051 argenti
476 1016 584 1042 lethalia
595 1016 711 1049 pondera
726 1016 786 1048 vivi,

276 1052 385 1087 Cogeret
394 1057 422 1078 ut
433 1052 540 1078 celerem
549 1051 586 1087 eis
595 1051 727 1085 geminata
743 1059 839 1078 necem.

243 1086 349 1114 Dtvitlat
363 1088 417 1114 hwc
429 1087 526 1121 siquis,
541 1086 766 1120 faciuntdiscreta
782 1094 915 1118 vertenum,

279 1122 431 1149 Antidotum
443 1126 543 1148 sument
560 1129 617 1155 qute
632 1121 732 1148 sociata
744 1121 823 1149 bibet.

209 1200 254 1227 Sic
268 1203 294 1227 et
308 1198 486 1226 animantium
502 1206 600 1234 genera
613 1198 725 1233 pulchra
736 1202 811 1231 sunt,
825 1202 853 1225 et
868 1198 987 1225 homini-

208 1247 260 1274 bus
274 1255 328 1274 non
346 1246 436 1273 minus
459 1246 534 1272 utilia
554 1253 636 1280 quam
656 1245 810 1272 necessaria
831 1253 836 1270 :
856 1245 987 1271 nonnulla

207 1296 297 1320 tamen
313 1292 465 1327 perniciosa
477 1295 543 1318 sunt
557 1295 584 1318 et
602 1291 710 1318 nociva.
724 1289 828 1318 Plinius
844 1290 987 1318 Naturalis

205 1337 282 1365 llist.
304 1338 350 1365 lib.
366 1346 397 1369 ιι,
415 1345 474 1371 cap.
492 1337 536 1368 65,
555 1337 635 1363 aliam
654 1336 735 1370 hujus
755 1336 794 1363 rei
813 1344 924 1364 causam
943 1344 988 1364 as-

208 1382 318 1417 signat:
336 1382 405 1415 Quin
430 1385 455 1408 et
478 1389 575 1408 venena
590 1385 687 1407 terram
701 1381 785 1407 nostri
802 1382 936 1408 misertam
947 1382 988 1408 in—

208 1428 325 1455 stituisse
342 1427 412 1453 credi
433 1431 531 1459 potest,
556 1434 587 1453 ne
608 1426 635 1453 in
658 1425 737 1452 twdio
750 1426 816 1452 (lira,
827 1426 888 1453 :t'tte
908 1426 987 1460 famis

209 1482 290 1506 mors,
305 1478 382 1500 terra:
395 1473 494 1500 meritis
507 1473 680 1504 alienissima,
697 1472 767 1499 lenta
782 1480 829 1499 nos
851 1480 988 1499 consume-

207 1524 246 1547 ret
260 1519 329 1551 tabe,
346 1527 377 1545 ne
393 1519 507 1545 lacerum
520 1525 614 1552 corpus
626 1517 739 1552 abrupta
755 1517 942 1552 disperget-ent,
957 1525 988 1544 ne

208 1565 295 1601 laquei
322 1569 450 1600 torqueret
475 1572 551 1599 plena
574 1569 745 1598 pra'postera,
772 1564 874 1590 incluso
895 1563 989 1597 spiritu

207 1613 251 1640 cui
260 1617 420 1647 quereretur
430 1612 516 1639 exitus
530 1620 538 1638 :
550 1619 582 1638 ne
601 1611 628 1638 in
636 1610 766 1645 profundo
776 1611 887 1645 qucesita
896 1616 989 1644 morte,

207 1659 344 1693 sepultura
357 1657 453 1692 pabulo
468 1657 552 1692 ﬁeret,
575 1665 606 1684 ne
629 1657 694 1691 ferri
712 1658 846 1683 cruciatus
861 1655 990 1683 scinderet

207 1713 314 1739 corpus.
333 1703 377 1731 Ita
391 1709 429 1731 est
451 1704 571 1735 miserta,
602 1704 690 1738 genuit
709 1703 736 1729 id
753 1703 828 1736 cuius
856 1703 988 1737 facillimo

208 1751 314 1783 haustu,
330 1750 432 1776 illibata
450 1757 567 1784 corpore,
580 1754 604 1776 et
618 1757 676 1775 cum
695 1753 748 1775 toto
764 1749 890 1783 sanguine
903 1749 990 1775 extin-

207 1803 354 1832 guerentur,
368 1795 441 1822 nullo
459 1795 558 1827 labore,
572 1794 721 1821 sitientibus
737 1794 835 1821 similes
852 1802 861 1821 :
876 1795 990 1829 qualiter

207 1841 343 1875 defunctos
358 1849 410 1868 non
420 1840 545 1872 volucris,
559 1847 609 1866 non
621 1839 679 1873 fera
699 1839 848 1874 attingeret,
864 1843 989 1874 terrwqua

207 1891 362 1918 seruaretur,
369 1886 414 1921 qui
421 1885 470 1912 sibi
480 1886 529 1920 ipsi
536 1885 669 1920 periisset;
678 1890 712 1918 et,
720 1890 747 1911 ut
754 1893 839 1912 verum
847 1886 988 1920 fateantur,

208 1938 278 1960 terra
304 1934 378 1960 nobis
405 1934 536 1960 malorum
565 1932 707 1959 remedium
730 1937 829 1967 genuit,
852 1941 898 1959 nos
921 1932 988 1958 illud

207 1979 266 2006 vita:
295 1979 407 2013 facimus
435 1986 570 2006 venenum.
595 1977 649 2006 Sed
674 1978 740 2013 quid
772 1978 875 2006 diceret
906 1978 989 2005 homo

206 2024 344 2055 ethnicus,
363 2025 435 2051 omni
457 2024 550 2051 divino
573 2023 675 2050 lumine
695 2024 852 2056 destitutus,
880 2031 988 2059 prteque

208 2069 301 2096 mundi
332 2069 413 2104 hujus
446 2070 557 2097 caducis
585 2069 734 2102 blanditiis,
762 2070 829 2097 nihil
847 2071 988 2098 aestimans

206 2119 347 2148 internum,
359 2115 460 2141 nullam
473 2120 634 2150 exspectans
651 2115 807 2144 felicitatem
819 2116 830 2142 ?

240 2172 299 2200 Col.
318 2172 380 2204 7l6,
398 2172 446 2199 lin.
471 2173 497 2199 4.
519 2172 554 2199 Τὸ
572 2172 630 2207 μὲν
649 2174 703 2208 γὰρ
715 2172 848 2200 κώνειον.
869 2173 986 2201 Basilius
1003 2189 1025 2216 η

206 2219 279 2246 hom.
297 2218 330 2245 5:
343 2218 380 2244 Τὸ
395 2218 443 2253 μὲν
459 2218 512 2253 γὰρ
528 2217 638 2245 κώνειον
648 2219 673 2245 οἱ
687 2219 773 2255 ψᾶρες
786 2219 928 2254 βόσκονται
943 2220 986 2246 διὰ

205 2265 253 2300 τὴν
264 2264 434 2300 κατασκευὴν
457 2265 502 2291 τοῦ
512 2264 636 2299 σώματος
649 2265 697 2301 τὴν
713 2267 745 2292 ἐκ
755 2265 803 2292 τοῦ
821 2266 984 2302 δηλητηρίου

206 2308 308 2344 βλάδην
330 2308 579 2344 ἀποδιδράσκοντες.
595 2310 718 2341 Aen-tab;
728 2310 781 2346 γὰρ
800 2310 907 2346 ἔχοντες
923 2311 986 2342 τοὺς

204 2353 258 2380 ἀπὸ
271 2355 320 2390 τῆς
334 2353 445 2389 καρδίας
458 2354 568 2389 πόρους,
587 2354 732 2389 φθάνουσιν
750 2356 868 2390 ἐκπέψαι
882 2357 912 2383 τὸ
935 2365 986 2382 κα-

203 2399 331 2432 ταποθὲν,
348 2401 410 2437 πρὶν
426 2401 474 2436 τὴν
489 2401 535 2427 ἀπ’
546 2401 628 2428 αὑτοῦ
645 2401 724 2436 ψῦξιν
735 2401 788 2428 τῶν
805 2402 919 2437 καιρίων
936 2411 986 2428 κα-

203 2444 349 2479 θάψασθαι.
367 2446 522 2473 Alexander
543 2447 729 2481 Aphrodiseus
747 2447 794 2475 lib.
811 2455 830 2480 ι,
850 2445 986 2474 Problem.

203 2492 231 2519 in
246 2491 414 2527 praefatione.
430 2492 521 2525 Quare
538 2499 647 2520 veratro
668 2493 833 2525 coturnices,
853 2498 880 2520 et
898 2493 986 2520 sturni

202 2537 292 2565 cicuta
309 2542 464 2571 vescantur,
479 2539 550 2565 inter
575 2539 741 2573 quaestiones
768 2539 985 2574 inexplicabiles,

203 2582 312 2618 Deoque
326 2584 377 2611 soli
396 2583 528 2611 duntaxat
549 2588 678 2620 tanquam
697 2592 793 2612 eorum
819 2585 919 2613 artitici
943 2593 987 2614 so—

203 2627 349 2655 lertissimo
360 2630 482 2663 cognitas
498 2630 596 2664 rejicit.

237 2672 318 2705 lbid.,
332 2674 380 2701 lin.
395 2675 422 2702 8.
442 2675 498 2701 Τὸν
513 2676 546 2702 δὲ
565 2676 725 2711 ἐλλέϐορον
737 2677 885 2704 ἐσθίουσι.
908 2677 986 2705 Basi-

204 2717 257 2744 lius
267 2718 339 2746 hom.
353 2719 386 2746 5:
406 2721 562 2757 Ἐλλέῦορος
573 2722 601 2749 δὲ
610 2723 732 2757 ὀρτύγων
741 2723 799 2750 ἐστὶ
812 2723 909 2759 τροφὴ,
924 2724 987 2750 tacd—

203 2770 265 2798 τητι
279 2763 402 2798 κράσεως
413 2765 462 2800 τὴν
481 2766 585 2802 βλάΰην
598 2768 817 2802 ἀποφευγόντων.
835 2769 988 2797 Alexander

203 2807 352 2842 Aphrodis.
370 2809 430 2836 loco
441 2811 530 2844 citat.,
547 2813 680 2847 Ὀρτυγές
691 2823 718 2840 τε
735 2813 869 2841 σιτοῦνται
883 2815 928 2842 τὸν
944 2817 987 2843 ἑλ-

1037 205 1158 233 κώνειον.
1172 206 1334 233 Cotumices
1352 205 1416 231 item
1436 204 1549 231 venenis
1565 203 1754 238 pinguescere
1773 207 1832 228 tra-

1037 251 1078 278 dit
1089 250 1193 277 Plinius
1207 250 1256 277 lib.
1272 258 1300 281 x,
1323 257 1384 284 cap.
1404 248 1451 281 23,
1467 248 1654 276 Cotunticibus
1678 248 1775 274 veneni
1787 256 1832 274 se-

1037 307 1095 326 men
1106 299 1274 334 gratissimus
1285 298 1376 325 cibus:
1389 306 1466 332 quam
1480 297 1510 324 ob
1524 305 1634 324 causam
1650 305 1696 323 eas
1707 295 1831 323 damna-

1037 354 1093 372 vere
1117 353 1223 376 meum,
1242 345 1368 378 simulque
1388 344 1546 370 comitialem
1571 348 1679 379 propter
1698 343 1827 370 morbum

1037 392 1128 425 despui
1144 397 1257 422 suetum,
1274 399 1349 425 quem
1365 390 1428 417 sola:
1439 389 1596 416 animalium
1611 389 1829 429 sentiunt.prte_-

1036 443 1076 465 ter
1087 438 1228 464 hominem.
1253 436 1281 463 lu
1296 437 1339 464 his
1349 436 1435 463 Plinii
1446 436 1538 463 verbis
1554 435 1643 462 obiter
1657 433 1685 461 id
1697 434 1828 460 animad-

1036 482 1194 509 vertendum
1217 481 1250 508 de
1274 481 1405 508 comitiali
1430 481 1512 507 verbo
1538 487 1593 506 non
1607 479 1740 506 omnibus
1763 486 1828 505 esse

1037 535 1118 554 unam
1138 526 1315 554 sententiam.
1331 526 1491 553 aristoteles
1512 526 1538 552 in
1561 524 1694 551 Problem.
1710 524 1761 555 ait,
1773 523 1828 550 M6-

1037 578 1097 601 νους
1124 567 1282 604 ἀνθρώπους
1302 569 1331 595 ἐν
1347 569 1385 604 τῷ
1395 568 1448 594 τῶν
1468 567 1547 600 ζώων
1558 567 1631 601 γένει
1651 566 1827 601 ἐπιλήπτους

1037 614 1352 650 γ.ίνεσοαι.Ῥίυί;ιι·ο1ιιιει
1365 613 1440 641 addit
1463 612 1724 647 capramzlacobus
1746 611 1827 638 Dele-

1037 662 1172 696 campius,
1202 665 1229 688 et
1258 668 1351 693 canes,
1377 664 1404 687 et
1424 659 1490 686 feles
1507 664 1533 686 et
1551 659 1652 685 arietes
1674 665 1707 685 eo
1724 657 1826 684 morbo

1037 708 1151 743 periisse
1160 715 1189 734 se
1203 706 1304 733 vidisse
1319 709 1455 738 testatur;
1471 712 1570 739 capras
1585 709 1611 731 et
1626 711 1692 731 ores
1705 711 1740 731 eo
1750 711 1826 730 mor-

1038 754 1072 781 bo
1089 753 1181 780 vexari
1197 753 1279 779 tradit
1302 751 1481 786 Hippocrates
1508 750 1556 777 lib.
1579 750 1650 783 Περὶ
1663 749 1720 783 τῆς
1739 749 1825 783 ἱερῆς

1037 800 1143 826 νόσου·
1157 805 1242 833 equos
1251 797 1395 832 Apsyrtus;
1406 795 1559 830 accipitres,
1572 799 1599 822 et
1613 796 1743 830 graculos
1758 794 1825 821 Bro-

1003 839 1024 866 Β
1039 845 1113 872 daaus
1127 845 1174 871 lib.
1188 852 1228 876 ιιι,
1245 851 1296 878 cap
1307 842 1358 875 25;
1379 842 1477 869 Sextus
1493 849 1558 870 vero
1573 841 1733 876 Empiricus
1752 840 1824 876 Pyr-

1037 890 1215 925 rhonﬂypot.
1232 889 1278 916 lib.
1294 897 1313 919 I,
1327 895 1382 915 non
1395 888 1572 920 helleborum,
1582 887 1629 915 sed
1639 888 1760 915 cicutam
1774 895 1823 914 co-

1037 936 1158 963 turnices
1167 933 1366 969 pinguetacere,
1374 933 1454 961 sicuti
1464 933 1646 969 hyoscyamus
1653 940 1717 960 sues
1726 932 1821 960 refert;

1037 982 1074 1008 Τὸ
1086 980 1150 1015 γοῦν
1162 979 1272 1006 κώνειον
1289 979 1388 1006 πιαίνει
1403 978 1465 1010 τοὺς
1473 978 1599 1012 ὄρτυγας,
1612 979 1660 1005 καὶ
1675 980 1688 1005 ὁ
1702 978 1823 1004 bos-udae

1039 1036 1088 1063 μος
1099 1027 1147 1058 τὰς
1154 1024 1196 1060 ὗς,
1205 1026 1232 1053 αἳ
1240 1026 1272 1061 δὴ
1280 1025 1403 1061 χαίρουσι
1415 1027 1460 1052 καὶ
1472 1025 1661 1061 σαλαμάνδρας
1670 1024 1822 1051 ἐσθίουσα-ι.

1074 1072 1153 1104 lbid.,
1169 1072 1217 1099 lin.
1232 1071 1258 1099 9.
1277 1072 1326 1098 Διὰ
1345 1071 1378 1097 δὲ
1393 1071 1445 1098 τοῦ
1457 1071 1674 1106 μανδραγόρου.
1690 1069 1820 1101 Basilius,

1038 1118 1111 1146 hom.
1128 1119 1162 1146 5:
1177 1118 1236 1144 Ἔτι
1251 1118 1278 1144 δὲ
1295 1118 1342 1144 καὶ
1355 1118 1422 1144 αὐτὰ
1438 1118 1523 1144 ταῦτα
1540 1118 1568 1143 ὲν
1588 1116 1677 1152 καιρῷ
1691 1125 1758 1143 ποτε
1775 1117 1821 1142 καὶ

1039 1165 1104 1199 ἡμῖν
1124 1164 1256 1199 χρήσιμαι
1271 1163 1320 1189 Διὰ
1339 1163 1388 1198 μὲν
1402 1163 1456 1198 γὰρ
1472 1162 1518 1189 τοῦ
1533 1162 1721 1198 μανδραγόρου
1738 1161 1821 1187 ὕπνον

1039 1210 1126 1245 tat-pol
1153 1209 1351 1243 κατεπάγουαιν
1372 1217 1378 1223 ·
1399 1208 1468 1242 ὀπίῳ
1483 1208 1510 1234 δὲ
1523 1208 1572 1240 τὰς
1594 1208 1714 1243 σφοδρὰς
1727 1207 1820 1238 ὀδύνας

1037 1255 1091 1281 τῶν
1104 1255 1236 1289 σωμάτων
1250 1254 1488 1290 κατακοιμίζουσιν
1501 1262 1507 1268 ·
1521 1253 1570 1289 ἤδη
1590 1253 1618 1280 δέ
1630 1262 1703 1285 τινες
1713 1253 1754 1288 τῷ
1771 1261 1822 1279 κω-

1038 1301 1101 1336 νείῳ
1115 1302 1161 1328 καὶ
1182 1301 1212 1327 τὸ
1235 1300 1369 1332 λυσσῶδες
1396 1300 1449 1326 τῶν
1470 1300 1586 1335 ὀρέξεων
1616 1299 1821 1335 κατεμάραναν,

1039 1347 1085 1373 καὶ
1104 1346 1142 1382 τῷ
1169 1347 1300 1382 ἑλλεῦὁρῳ
1315 1346 1400 1372 πολλὰ
1415 1345 1469 1372 τῶν
1483 1345 1597 1381 χρονίων
1617 1345 1713 1372 παθῶν
1729 1344 1821 1380 ἐξεμό-

1039 1393 1164 1429 χ),ευσαν.
1180 1393 1289 1420 Plenam
1308 1392 1495 1427 mandragorae
1512 1392 1602 1419 herbae
1620 1391 1820 1419 consideratio-

1039 1447 1100 1467 nem
1114 1439 1197 1466 liabes
1214 1439 1283 1474 apud
1302 1438 1419 1465 Plinium
1435 1438 1482 1465 lib.
1499 1446 1561 1470 xxv,
1579 1445 1640 1472 cap.
1655 1437 1699 1470 15,
1716 1437 1744 1464 in
1758 1444 1820 1471 quo.

1040 1490 1066 1512 et
1082 1485 1141 1519 ejus
1156 1485 1183 1512 in
1199 1485 1344 1511 medicinis
1357 1491 1423 1511 usus
1439 1483 1600 1518 explicatur,
1613 1482 1677 1517 ejus
1691 1482 1757 1509 item
1768 1482 1819 1508 vim

1041 1530 1209 1558 somniﬁcam
1225 1532 1262 1557 ita
1273 1530 1390 1565 explicat
1402 1538 1409 1556 :
1424 1521 1502 1555 Folia
1516 1533 1706 1555 conservantur
1720 1527 1748 1554 in
1765 1535 1820 1554 mu-

1042 1577 1082 1602 ris
1097 1575 1236 1610 efﬁcacius,
1255 1575 1323 1601 alias
1340 1575 1482 1602 recentium
1499 1582 1592 1600 succus
1611 1573 1693 1607 pestis
1704 1578 1744 1600 est
1762 1581 1772 1599 :
1785 1574 1820 1599 sic

1040 1630 1140 1657 quoque
1154 1622 1240 1648 ncxiw
1252 1622 1328 1648 uires.
1348 1620 1519 1648 Gravedinem
1534 1621 1614 1647 etiam
1627 1620 1744 1654 a/ferunt
1754 1620 1821 1654 olla-

1041 1674 1083 1695 ctu
1099 1676 1108 1695 :
1120 1676 1270 1703 quanquam
1283 1668 1354 1694 mala
1364 1668 1391 1694 in
1404 1667 1534 1703 aliquibus
1555 1668 1631 1694 terris
1648 1667 1818 1696 manduntur.

1041 1714 1121 1742 nimio
1141 1718 1226 1740 tamen
1235 1713 1313 1740 odore
1328 1714 1507 1740 obmutescunt
1519 1713 1614 1747 ignari.
1634 1712 1706 1740 Potu
1720 1713 1821 1747 quidem

1040 1759 1155 1795 largiore
1173 1760 1253 1786 etiam
1267 1759 1424 1786 moriuntur.
1450 1758 1492 1785 Vis
1508 1758 1645 1792 somni/ica
1658 1766 1707 1792 pro
1726 1758 1820 1785 viribus

1041 1806 1192 1833 bibentium.
1212 1804 1299 1832 Media
1314 1805 1385 1839 potio
1398 1805 1486 1840 cyathi
1500 1807 1587 1831 unius.
1603 1804 1745 1831 Bibituret
1762 1812 1821 1831 εοιια

1041 1856 1082 1877 ινα
1098 1856 1237 1886 serpentes,
1253 1855 1277 1877 et
1293 1855 1352 1877 ante
1366 1851 1492 1877 sectiones
1513 1850 1712 1885 punitioncsque
1723 1858 1754 1876 ne
1765 1858 1820 1876 seu-

1041 1897 1151 1923 tiantur.
1169 1896 1207 1923 0b
1230 1896 1284 1922 [nec
1301 1897 1367 1922 satis
1388 1900 1425 1922 est
1448 1895 1578 1929 aliquibus
1598 1903 1721 1922 somnum
1745 1895 1821 1922 odoro

1039 1943 1174 1977 quasisse.
1194 1941 1300 1968 Bibitur
1321 1945 1345 1967 et
1366 1949 1413 1975 pro
1435 1941 1564 1967 hellebore
1579 1940 1680 1967 duabus
1699 1941 1782 1967 obolis
1796 1942 1820 1968 iu

1040 1988 1135 2016 mulso.
1155 1988 1186 2014 Et
1197 1987 1376 2023 Thcophrast.
1395 1987 1467 2014 Hist.
1482 1988 1568 2021 plant.
1587 1989 1634 2014 lib.
1651 1996 1688 2021 ix,
1704 1996 1765 2022 cap.
1779 1989 1818 2019 i0,

1040 2035 1173 2070 Καθάπερ
1191 2035 1238 2062 καὶ
1251 2035 1297 2062 τοῦ
1310 2034 1497 2070 μανδραγόρου
1512 2034 1542 2060 τὸ
1555 2035 1602 2062 μὲν
1616 2034 1716 2068 φύλλον
1730 2036 1820 2071 χρήσι-

1041 2090 1090 2117 μον
1113 2079 1181 2108 εἷναί
1204 2089 1268 2115 φασι
1290 2081 1357 2116 πρὸς
1381 2081 1415 2107 τὰ
1433 2080 1498 2116 ἕλκη
1517 2081 1575 2116 μετ’
1596 2081 1720 2115 ἀλφίτου,
1735 2081 1783 2116 τὴν
1796 2081 1820 2107 δι

1040 2128 1118 2164 ῥίζαν
1132 2127 1199 2163 πρὸς
1216 2127 1378 2164 ἐρυσίπελας
1395 2127 1535 2160 ξανθεῖσὰν
1555 2136 1584 2154 τε
1598 2128 1643 2161 καὶ
1658 2127 1714 2159 ὕξει
1725 2128 1819 2155 δευθεῖ-

1041 2182 1100 2205 σαν,
1114 2174 1160 2200 καὶ
1177 2174 1245 2209 πρὸς
1258 2173 1291 2200 τὰ
1308 2173 1472 2210 ποδαγρικὰ,
1482 2174 1529 2200 καὶ
1540 2174 1608 2209 πρὸς
1619 2173 1703 2200 ὕπνον
1714 2175 1762 2200 καὶ
1772 2175 1820 2209 φίλ-

1039 2229 1100 2256 τρα.
1119 2220 1225 2246 Διδόασι
1240 2220 1267 2246 δὲ
1288 2221 1315 2247 ὲν
1329 2221 1421 2256 οίνῳῆ
1437 2222 1465 2247 ἐν
1483 2221 1548 2252 ligat.
1566 2220 1701 2255 Τὲμνουσι
1717 2221 1748 2248 δὲ
1764 2230 1820 2257 τρο-

1039 2267 1150 2302 χίσκους
1176 2266 1268 2303 ὥςπερ
1292 2267 1609 2303 ραφανίδος,ὲνείραντες
1623 2267 1652 2293 δὲ
1671 2268 1700 2293 ἐν
1718 2267 1820 2301 γλεύκει

1040 2313 1194 2349 ἐκρέμασαν
1204 2313 1272 2348 ὑπὲρ
1282 2313 1395 2340 καπνοῦ.
1410 2313 1442 2340 Ει
1457 2312 1608 2347 Xenophon
1620 2313 1647 2339 in
1659 2312 1798 2348 Symposio
1811 2323 1817 2340 :

1040 2358 1084 2394 Τῷ
1100 2358 1154 2394 γὰρ
1168 2359 1224 2385 ὗντι
1235 2357 1306 2390 οἶνος
1319 2360 1407 2394 ἄρδων
1420 2359 1469 2390 τὰς
1482 2359 1572 2393 ψυχας
1600 2358 1649 2391 τὰς
1673 2359 1725 2394 μὲν
1739 2359 1819 2390 λύπας

1037 2405 1131 2441 ὥσπερ
1146 2406 1160 2431 ὸ
1176 2405 1365 2442 μανδραγόρας
1379 2405 1442 2437 τοὺς
1458 2404 1618 2440 ἀνθρώπους
1632 2405 1764 2440 κοιμίζει,
1778 2406 1818 2436 τὰς

1037 2451 1064 2477 δὲ
1081 2451 1287 2487 φιλοφροσύνας,
1299 2451 1393 2486 ὥσπερ
1407 2451 1495 2477 ἔλαιον
1509 2451 1594 2485 φλόγα
1603 2451 1718 2486 ἐγείρει.
1732 2451 1759 2478 In
1773 2460 1819 2486 quo

1039 2497 1229 2532 Xenophontis
1247 2498 1306 2524 loco
1321 2497 1495 2532 interpretem
1512 2498 1704 2528 allucinatum.
1723 2502 1750 2524 et
1766 2497 1818 2524 Pie-

1040 2544 1110 2570 rium
1133 2543 1304 2575 Valerianus,
1321 2544 1367 2570 lib.
1396 2551 1471 2576 Lvtn,
1487 2551 1510 2570 c.
1521 2543 1555 2570 de
1572 2543 1752 2577 Mmdragura
1767 2551 1818 2570 ver-

1040 2591 1116 2616 sione
1136 2590 1218 2624 hujus
1233 2589 1388 2624 deceptum,
1405 2590 1506 2624 optime
1529 2589 1672 2615 annotavit
1684 2590 1730 2616 vir
1745 2589 1770 2615 in
1782 2596 1818 2615 sa-

1040 2635 1095 2662 cris
1106 2635 1276 2669 explicandis
1291 2635 1441 2669 Scripturis
1451 2634 1553 2662 nemini
1563 2635 1703 2661 secundus
1714 2634 1816 2661 Michael

1040 2680 1183 2712 Gislerius,
1193 2688 1272 2715 quem
1286 2689 1393 2716 semper
1403 2681 1518 2707 maxime
1525 2680 1675 2707 admiratus
1685 2688 1746 2707 sum
1754 2682 1816 2715 ejus-

1040 2733 1092 2760 que
1115 2728 1197 2753 verba
1219 2727 1336 2753 maximo
1352 2734 1412 2753 meo
1435 2734 1486 2753 usu
1499 2730 1526 2752 et
1548 2727 1691 2753 commodo
1720 2734 1815 2761 semper

1041 2773 1147 2807 excepi,
1158 2773 1221 2799 etin
1241 2773 1310 2798 hanc
1323 2772 1394 2798 diem
1404 2772 1522 2806 excipio,
1537 2779 1618 2806 quem
1632 2771 1729 2799 multis
1748 2773 1814 2799 annis

1040 2816 1169 2846 Ecclesia:
1183 2818 1324 2846 catholica:
1338 2818 1448 2844 utilitati
1460 2818 1593 2845 bonorum
1611 2818 1736 2845 omnium
1756 2819 1814 2846 votis
