1903 3068
48 152 94 180 $45

518 153 551 179 ΙΝ
569 150 755 180 EUSTATHll
776 149 1013 177 HEXA‘EMERON
1029 148 1143 177 ΝΟΤᾹΣ.

1608 140 1662 176 sui

52 212 114 238 Deus
128 211 302 245 superstitem
317 215 344 238 et
359 211 522 239 incolumem
541 217 696 243 conservet,
718 213 744 238 in
759 219 824 238 crn-
839 215 859 241 Α
875 211 1002 245 superius
1026 210 1133 236 dixerat
1158 216 1239 235 anum
1260 208 1404 242 quamdam
1427 208 1544 234 Atticam
1567 208 1663 235 cicuta

53 256 192 288 ditissimis,
208 257 352 291 solidaque
362 257 497 289 doctrina,
516 258 616 292 pit-tate
630 266 662 285 ac
677 265 740 285 vera
759 258 822 285 reli-

52 304 120 337 gione
135 302 244 330 refertis
263 302 467 330 Commentariis
484 304 511 330 in
536 305 614 331 Cant.
640 305 752 334 cantio,
778 311 822 330 ca-

52 346 92 380 pit.
106 353 151 375 vu,
164 353 237 372 vers.
258 345 300 377 15,
313 345 483 380 expositione
501 347 598 380 prima.
615 345 652 374 De
663 346 713 374 hac
728 347 824 374 eadem

51 401 75 420 re
89 392 178 419 eadem
198 391 382 423 Diosoorides.
401 392 518 427 indeque
532 393 634 420 factum
650 393 824 428 proverbium

51 439 159 466 Luciano
172 439 198 464 in
217 438 335 471 Timone,
348 439 415 465 ὅπου
425 447 457 472 γε
474 439 600 476 καθάπερ
609 440 662 466 ὑπὸ
675 441 826 476 μανδραγό-

51 493 91 520 ρον
103 483 251 515 καθεύδεις,
264 489 290 510 et
303 483 476 511 Demostheni
485 484 512 511 in
524 492 550 511 tv
566 484 722 519 Philippica,
740 484 825 510 Ἀλλ’-

53 531 101 556 οὒδ⁸
124 529 305 564 ἀνεγερθῆναι
339 529 477 565 δυνάμεθα
491 550 498 562 ,
533 530 601 557 ἀλλὰ
637 530 825 567 μανδραγόραν

51 575 188 607 namnam,
211 575 239 601 εἴ
253 584 280 601 τι
301 576 446 610 φάρμακον
460 576 524 602 ἄλλο
548 576 678 608 τοιοῦτον,
699 576 826 612 ἐοίκαμεν

51 621 200 657 ἀνθρώποις.
231 621 299 648 Vide
315 621 484 657 Rodigiuum,
503 623 565 649 libr.
586 631 652 655 xvn,
674 623 758 658 capit.
778 623 823 650 2L

51 666 191 694 Notandum
203 667 277 701 quod
295 666 501 702 Theophrastus
512 668 550 695 ait
563 669 772 704 mandragoram
792 669 825 696 ad

52 719 156 743 amores,
172 717 199 740 et
215 713 316 747 philtra
332 713 496 746 conducere,
513 719 540 741 et
554 719 653 749 praeter
667 714 826 750 Theophra-

52 762 113 785 stum
124 758 193 785 idetn
209 763 326 786 testatur
342 758 524 793 Dioscorides,
536 760 702 795 Epiphanius
716 761 742 787 in
753 760 827 796 Phy-

52 803 150 838 siolago,
159 807 185 830 et
194 803 239 830 alii
251 812 258 834 ;
269 804 311 830 sic
320 803 393 831 enim
409 804 498 831 locum
509 805 583 831 illum
597 803 736 832 Geneseos
749 805 827 831 intel-

54 848 119 882 liges,
137 849 182 875 sed
191 848 226 876 de
243 849 296 876 hoc
312 849 340 875 in
356 850 459 877 nostris
476 850 719 878 exercitationibus
735 851 823 886 plura.

875 257 984 292 triginta
999 255 1092 282 holeas
1105 255 1165 282 sine
1181 254 1280 281 damno
1295 254 1444 282 sorbuisse.
1460 252 1514 280 Ἦν
1527 253 1567 285 δὲ,
1585 253 1660 288 φασὶ,

874 302 961 338 γραῦς
981 301 1089 336 Ἀττικὴ
1113 301 1257 336 τριάκοντα
1287 300 1367 331 ὁλκὰς
1384 299 1495 327 κωνείου
1514 299 1663 331 ἀκινδύνως

875 347 1091 384 προσφερομένη.
1110 346 1164 373 Res
1187 347 1267 374 etiam
1295 350 1388 372 notatn
1404 346 1485 381 digna
1498 350 1549 373 est.
1570 345 1664 374 Refert

875 394 1080 429 Theophrastus
1113 393 1149 420 De
1164 392 1258 419 histor.
1278 392 1374 426 plant.,
1400 392 1446 418 lib.
1474 399 1512 423 ix,
1536 399 1597 426 cap.
1617 391 1662 422 18.

875 440 1024 467 Eudemum
1047 439 1146 466 Chium
1167 438 1262 473 viginti
1283 438 1351 465 duas
1373 437 1520 472 aliquando
1537 438 1663 472 potiones

877 485 1008 512 hellebori
1025 493 1080 511 uno
1097 485 1141 511 die
1155 484 1387 519 sumpsisse,eum
1404 483 1455 510 fori
1474 484 1544 518 apud
1560 491 1664 511 merces

875 530 992 561 sederet,
1010 538 1059 558 nec
1080 530 1233 557 surrexisse
1253 530 1412 564 priusquam
1430 533 1503 556 esset
1523 529 1663 558 meridies.

876 582 940 603 tunc
962 583 1029 603 vero
1050 576 1132 603 domo
1152 575 1237 610 petita
1253 575 1365 602 balneas
1388 575 1552 610 ingressum,
1570 581 1664 601 cuma-

876 628 989 657 tumque
1013 629 1089 650 more
1107 623 1198 653 solito,
1223 629 1272 649 nec
1289 621 1438 656 quidquam
1453 620 1618 648 evomuisse.
1636 620 1665 647 ld

876 673 966 695 tamen
983 668 1085 695 auxilio
1098 667 1215 703 quodam
1233 671 1385 703 praeparato
1397 667 1554 703 perfecisse,
1570 674 1667 702 quam-

876 714 918 741 vis
943 719 1053 749 propter
1078 714 1196 742 hominis
1225 714 1452 742 consuetudinem
1478 715 1607 749 pleraque
1633 721 1667 741 ex

877 761 1085 788 medicamentis
1099 762 1152 788 vim
1168 769 1245 788 suam
1261 761 1386 789 amittere
1405 769 1456 788 nec
1475 761 1592 796 amplitts
1609 769 1667 788 mc-

877 804 1030 831 dicamenta
1054 813 1115 833 esse
1137 812 1217 840 posse
1242 806 1397 840 negandum
1419 814 1473 833 non
1490 807 1544 840 sit;
1560 806 1668 841 hocque

877 850 960 877 refert
974 859 1008 878 ex
1024 850 1213 886 Theophrasto
1231 851 1391 886 Apollonius
1413 853 1439 879 in
1468 853 1563 880 histor.
1581 852 1668 880 Miru-

52 893 112 930 Quid
127 895 245 922 herbarii
263 896 425 931 prrccipiant
439 896 465 924 in
478 897 606 930 secanda,
618 898 825 934 colligendaque
841 896 862 923 B
876 896 984 927 bilibus,
1009 897 1060 924 etsi
1081 901 1185 924 mutato
1207 898 1316 925 nomine
1338 903 1365 924 et
1387 905 1436 933 pro
1457 897 1594 930 Eudemo,
1612 898 1667 926 Eu—

54 941 223 975 Iuandragora
251 942 368 969 habetur
392 942 462 977 apud
481 943 697 977 Theophrastum
718 943 821 971 Hister.

51 986 123 1017 plant.
135 986 227 1018 lib.|x,
241 994 265 1014 c.
285 987 313 1019 9,
328 992 353 1014 et
365 987 606 1021 Pliniumlib.xxv,
619 997 678 1024 cap.
691 990 733 1017 l3.
743 989 824 1017 Plura

53 1032 81 1058 de
95 1031 140 1058 hac
151 1032 233 1060 herba
247 1037 274 1060 et
288 1034 348 1068 ejus
362 1035 512 1062 virtutibus
527 1034 646 1062 Levinus
657 1035 824 1064 Lcmniasin

53 1075 225 1110 Explicutione
237 1079 343 1108 herbar.
359 1079 460 1112 bibfic.,
474 1088 533 1115 cap.
546 1081 574 1108 Ξ.
781 1086 784 1089 ’

83 1122 133 1150 Col.
145 1124 206 1157 716,
220 1125 268 1151 lin.
283 1124 323 1152 f0.
339 1126 394 1152 Καὶ
406 1125 445 1159 τῷ
465 1127 539 1160 όπίῳ
558 1127 611 1160 τὰς
628 1127 770 1162 σφοδράς.
789 1127 825 1156 De

53 1169 98 1202 opii
114 1172 308 1204 praeparatione
321 1175 348 1198 et
361 1179 411 1198 usu
426 1173 452 1199 in
473 1173 616 1201 medicinis
628 1172 733 1201 Plinius
751 1173 823 1203 Hist.

55 1219 130 1241 natur.
146 1215 190 1243 lib.
209 1224 257 1249 xx,
275 1223 335 1251 cap.
351 1216 403 1250 18;
423 1218 486 1246 huic
502 1218 555 1245 vim
569 1226 622 1245 non
647 1219 825 1254 soporiferam

55 1261 132 1291 modo,
157 1268 250 1288 verum
281 1262 304 1289 si
327 1263 465 1298 copiosior
491 1263 633 1291 hauriatur
656 1265 825 1293 mortiferam

56 1307 148 1336 tribuit.
167 1313 193 1334 et
207 1308 328 1336 Galenus
345 1310 469 1345 pluribus
485 1311 511 1338 in
528 1311 605 1339 locis.

84 1352 142 1380 Ibid.
159 1350 199 1386 Τῷ
212 1354 246 1380 δὲ
267 1356 378 1389 κωνείῳ
398 1357 451 1389 τὰς
470 1357 648 1391 λυσσώὸεις.
678 1359 715 1387 De
736 1360 826 1387 cicuta

55 1402 77 1424 et
89 1399 143 1433 ejus
156 1401 282 1429 remediis
298 1401 402 1430 Plinius
420 1403 466 1429 lib.
488 1411 548 1435 xxv,
565 1412 624 1439 cap.
646 1406 762 1438 ultimo;
781 1414 827 1434 va-

56 1443 112 1470 riam
129 1452 215 1473 autem
235 1448 332 1475 cicuta:
355 1449 580 1483 praeparationem
603 1451 637 1477 ad
661 1452 765 1479 obitum
782 1453 826 1480 in-

56 1488 181 1518 ferendum
209 1493 316 1520 facilem
341 1497 368 1520 et
395 1494 498 1528 absque
535 1495 590 1521 ullo
619 1495 712 1524 dolore
746 1497 827 1525 refert

56 1533 218 1571 Tltcophrast.
234 1539 307 1567 Hist.
333 1540 418 1574 plant.
441 1541 457 1568 l.
483 1549 520 1573 ix,
541 1550 602 1577 cap.
620 1543 662 1574 f7,
681 1548 827 1580 narratque

55 1580 124 1608 etiam
143 1583 270 1612 Chiorum
296 1585 369 1612 circa
392 1586 442 1613 hoc
470 1587 589 1615 studium
608 1593 634 1616 et
651 1590 824 1622 industriam,

56 1627 94 1659 qui
111 1627 178 1655 illam
195 1638 251 1658 non
271 1631 403 1664 terebant,
422 1634 467 1660 sed
487 1634 609 1662 detracto
624 1636 741 1670 tegmine
754 1636 828 1671 quod

56 1671 224 1702 difﬁcultatem
249 1681 350 1707 movet.
377 1679 506 1713 quoniam
530 1681 663 1716 concoqui
685 1689 755 1716 aegre
779 1690 827 1717 ρος

57 1722 109 1749 test,
132 1720 226 1754 pistam
252 1723 280 1748 in
305 1725 436 1751 mortario
466 1725 625 1758 tundebant,
648 1731 675 1754 et
697 1729 828 1762 praetenui

56 1764 135 1791 cribro
148 1769 336 1796 transmissum
349 1789 356 1801 ,
375 1777 445 1804 aqua
464 1771 615 1805 inspersam
631 1772 769 1804 bibebant,
785 1778 825 1800 at-

57 1815 101 1842 que
120 1810 153 1837 ita
175 1813 266 1841 obitus
290 1815 363 1841 celer
387 1815 528 1850 facilisque
554 1817 706 1844 eveniebat.
723 1818 783 1845 Ὅτι
799 1818 828 1844 δὲ

55 1853 161 1891 διαφέρει
179 1859 209 1884 τὸ
228 1859 347 1895 χρῆσθαι
371 1870 429 1894 πως
450 1861 556 1897 ἑκάστῳ
571 1863 687 1898 φανερὸν
707 1863 739 1890 ὲκ
764 1864 829 1890 πολ-

57 1899 109 1928 λῶν.
130 1903 201 1931 Ἐπεὶ
217 1906 264 1932 καὶ
279 1906 360 1938 Χίους
376 1908 442 1942 φασὶ
458 1908 496 1944 τῷ
519 1909 622 1944 κωνείῳ
636 1910 766 1946 πρότερον
781 1911 829 1946 οὐχ

56 1946 125 1979 οὕτω,
144 1950 207 1978 ἀλλὰ
220 1953 372 1988 τρίϐοντας,
396 1954 522 1990 καθάπερ
546 1957 570 1982 oi
591 1956 676 1988 ἄλλοι,
699 1956 827 1992 χρῆσθαι.

58 1992 104 2020 Νῦν
125 1995 151 2022 δὲ
174 1998 232 2025 οὐδὲ
259 1999 303 2025 ἂν·
319 1994 359 2031 εἷς
377 2000 507 2035 τρίψειεν,
528 2001 595 2028 ἀλλὰ
621 2003 829 2038 περιπτίσαντες

57 2038 96 2064 καὶ
109 2039 244 2075 ἀφελόντες
261 2043 291 2070 τὸ
309 2043 422 2078 κέλυφος
449 2044 538 2080 (τοῦτο
553 2046 607 2082 γὰρ
621 2046 651 2072 τὺ
666 2047 715 2082 τὴν
735 2047 830 2082 δυσχέ-

59 2090 120 2116 patrm
136 2088 248 2124 παρέχον
268 2089 500 2126 δυςκατέργαστον
510 2091 569 2126 ὃν),
591 2092 659 2126 μετά
683 2092 768 2119 ταῦτα
785 2093 830 2119 κό-

58 2135 152 2158 πτουσιν
173 2134 201 2160 ὲν
221 2135 261 2170 τῷ
280 2135 364 2171 ὅλμῳ,
381 2137 428 2163 καὶ
440 2137 629 2168 διαπτίσαντες
645 2137 747 2167 λεπτὰ,
769 2139 829 2165 ἐπι-

59 2175 188 2211 πάττοντες
203 2181 246 2215 ὲφ“
260 2181 331 2217 ὕδωρ
348 2182 481 2214 πίνουσινξ
501 2181 571 2210 ὥστε
585 2185 695 2218 ταχεῖαν
710 2184 756 2210 καὶ
769 2183 831 2210 ἐλα-

876 950 986 970 nomum
1003 944 1118 976 scribat,
1132 948 1159 971 et
1173 944 1323 972 Eudemum
1339 945 1588 982 Pharmacopofam.
1605 955 1668 974 cum

876 988 996 1017 Eudemo
1019 990 1087 1017 Chio
1113 991 1273 1024 confundat,
1290 993 1338 1020 sed
1362 993 1396 1020 de
1418 993 1460 1020 his
1481 993 1558 1029 plura
1576 994 1603 1021 in
1619 1002 1669 1022 no-

876 1035 942 1062 stris
956 1043 1124 1072 synonymis.

912 1080 991 1113 lbid.,
1008 1082 1056 1108 lin.
1072 1083 1113 1109 15.
1128 1083 1181 1110 Kal
1199 1083 1297 1110 πάντα
1311 1084 1409 1119 ἐνμιᾷ
1423 1085 1537 1119 καιροῦ.
1551 1084 1669 1112 Basilius

875 1126 950 1153 hom.
967 1134 993 1153 tv
1007 1136 1013 1154 ς
1029 1128 1119 1154 Ιίἀντα
1137 1128 1165 1154 ὲν
1183 1130 1231 1164 μιᾷ
1247 1129 1343 1164 καιροῦ
1360 1130 1440 1165 ῥοπῇ,
1457 1129 1506 1155 οὐκ
1522 1129 1586 1156 ὄντα
1604 1129 1669 1164 πρό-

876 1179 962 1207 τερον,
980 1172 1050 1207 ὑπὲρ
1065 1173 1113 1208 τῆς
1127 1174 1178 1208 γῆς
1190 1175 1229 1205 εἰς
1243 1174 1272 1200 τὸ
1288 1172 1358 1200 εἷναι
1380 1174 1513 1210 παρῆλθε,
1536 1174 1604 1209 μετὰ
1618 1174 1668 1209 τῆς

876 1217 978 1248 οἰκείας
989 1217 1103 1244 ἕκαστον
1114 1217 1243 1253 ἰδιότητος
1255 1219 1464 1255 ὲναργεστάταις
1475 1219 1669 1254 μὲνδιαιξοραῖς

876 1263 930 1289 ἀπὸ
946 1262 998 1289 τῶν
1018 1263 1182 1298 ἑτερογενῶν
1201 1264 1382 1300 χωριζόμενα,
1397 1265 1489 1301 οίκείῳ
1504 1264 1532 1291 δὲ
1554 1265 1669 1292 ’ἑκαστον

877 1308 1076 1343 γνωριζόμενον
1090 1310 1254 1346 χαρακτῆρι.

911 1354 991 1387 lbid.,
1006 1355 1054 1382 lin.
1078 1355 1121 1382 17.
1135 1356 1191 1382 Καὶ
1222 1357 1334 1383 τούτων
1354 1357 1390 1384 τὰ
1406 1358 1465 1392 μέν
1482 1358 1559 1384 ἐστι.
1580 1358 1608 1384 in
1625 1365 1670 1384 ar-

877 1399 989 1428 boribus
1004 1401 1076 1428 sicut
1087 1405 1113 1428 et
1129 1401 1156 1428 in
1171 1402 1334 1430 animalibus
1353 1411 1414 1430 esse
1438 1404 1555 1438 speciem
1574 1411 1671 1438 quam-

877 1445 951 1477 dam,
966 1450 993 1472 et
1012 1446 1140 1482 figuram,
1157 1455 1238 1482 quam
1261 1453 1357 1475 auctor
1371 1452 1465 1476 noster
1480 1449 1669 1477 characterem

878 1491 1007 1525 appellat,
1023 1499 1076 1526 qua
1097 1497 1124 1520 et
1151 1493 1186 1520 ab
1205 1492 1267 1520 aliis
1290 1493 1383 1521 divisze
1406 1498 1623 1529 cognoscuntur,
1645 1499 1672 1523 et

853 1567 863 1578 ἱ
880 1544 936 1563 suae
957 1542 1063 1564 natura;
1088 1545 1158 1573 opus
1181 1546 1310 1567 exercere
1331 1540 1450 1571 valeant,
1469 1540 1535 1567 nulli
1557 1540 1671 1568 dubium

880 1590 998 1618 unquam
1013 1583 1065 1610 fuit
1080 1591 1131 1611 nec
1147 1585 1210 1611 erit.
1227 1584 1293 1618 Quae
1308 1585 1394 1612 forma
1414 1594 1446 1613 ex
1463 1586 1591 1614 outnibus
1607 1594 1670 1621 par-

879 1629 953 1656 tibus
977 1630 1049 1657 sumi
1075 1635 1176 1664 potest,
1197 1631 1224 1658 in
1241 1639 1293 1658 una
1309 1632 1381 1658 enim
1403 1632 1467 1659 dum
1485 1633 1602 1665 variant,
1618 1632 1671 1660 etsi

878 1675 907 1702 in
929 1676 990 1703 aliis
1013 1678 1188 1708 conveniunt,
1214 1678 1330 1706 diversae
1353 1682 1445 1707 tamen
1471 1687 1522 1707 nec
1547 1678 1670 1715 ejusdem

879 1723 979 1756 speciei
1002 1723 1211 1758 judicabuntur.
1238 1725 1306 1752 Hinc
1332 1726 1457 1760 quaedam
1487 1727 1550 1754 latis
1576 1727 1669 1762 foliis,

880 1767 939 1795 alia:
953 1769 1068 1802 strictis,
1093 1771 1205 1797 serratis
1226 1771 1296 1804 alite,
1318 1771 1378 1798 aliae
1402 1772 1430 1798 in
1452 1772 1536 1799 alium
1559 1773 1671 1800 modum

879 1815 1018 1849 expansis.
1039 1815 1085 1843 Sic
1109 1816 1142 1844 de
1163 1817 1276 1849 cortice,
1293 1819 1388 1849 ramis,
1405 1818 1555 1852 radicibus,
1571 1818 1670 1846 fructi-

880 1860 941 1891 bus.
955 1865 981 1887 et
995 1861 1067 1889 aliis.
1082 1862 1195 1889 Summa
1210 1867 1302 1891 tamen
1314 1872 1409 1892 eorum
1423 1872 1522 1900 genera
1537 1865 1671 1894 habemus

879 1913 911 1932 ex
931 1905 1120 1940 Theophrasto
1145 1907 1193 1934 lib.
1213 1916 1221 1935 t
1239 1907 1276 1935 De
1292 1908 1385 1936 histor.
1409 1909 1505 1943 plant.,
1524 1917 1584 1944 cap.
1601 1909 1627 1940 6,
1643 1914 1672 1937 et

881 1951 946 1978 alibi
963 1961 971 1978 ι
987 1952 1111 1986 quaedam
1126 1953 1198 1980 enim
1219 1961 1314 1981 earum
1330 1958 1394 1982 sunt
1409 1955 1529 1989 urbanae,
1545 1955 1670 1990 quadam

881 1998 1037 2030 silvestres,
1060 1999 1183 2033 quzcdam
1209 1998 1373 2032 fructiferte,
1399 2000 1522 2035 quaedam
1550 2001 1669 2031 steriles,

881 2043 1003 2077 quxedam
1019 2043 1155 2075 floriferte,
1168 2044 1227 2071 alite
1244 2043 1310 2072 flore
1323 2049 1460 2078 carentes,
1473 2046 1595 2081 quaedam
1609 2054 1671 2081 per-

881 2092 963 2122 petuo
980 2088 1108 2120 virentes,
1123 2089 1246 2123 quedam
1269 2090 1415 2125 perdentcs
1438 2091 1511 2121 folia.
1530 2089 1585 2118 οἷον
1602 2093 1670 2128 ἠμέ-

882 2142 955 2169 ρων,
977 2134 1090 2168 ἀγρίων,
1117 2135 1297 2170 καρποφόρων
1310 2155 1317 2167 ,
1338 2137 1484 2172 ἀκάρπων,
1505 2137 1670 2174 ἀνθοφόρων,

881 2179 1012 2211 ἁνανθῶν,
1030 2180 1191 2215 ἀείφυλλων,
1209 2181 1387 2215 φυλλοϐὁλων.
1405 2182 1509 2209 Plinius
1524 2183 1605 2209 etiam
1622 2183 1669 2209 lib.

59 2221 117 2255 φρᾶν
129 2225 244 2257 γίνεσθαι
267 2228 316 2263 τὴν
341 2228 509 2264 ἀπαλλαγήν.
526 2228 642 2264 Ideoque
657 2228 825 2256 Dioscorides

883 2234 937 2255 xvt,
954 2234 1014 2260 cap.
1037 2226 1080 2257 f8,
1099 2227 1227 2253 arborum
1247 2227 1414 2254 differentias
1440 2227 1624 2262 prosequitur,
1644 2231 1671 2254 et

59 2265 98 2292 lib.
119 2277 151 2301 iv,
165 2279 221 2307 cap.
240 2273 284 2305 79,
302 2273 517 2302 efficacissimam
541 2276 594 2302 vim
610 2275 705 2302 tribuit
720 2276 826 2307 cicutae,

58 2318 109 2345 Quae
121 2314 145 2342 in
160 2317 247 2346 insula
262 2319 330 2346 Chio
346 2322 480 2349 nascitur.

87 2358 138 2388 Col.
149 2362 207 2396 7l6,
221 2366 268 2393 lin.
287 2367 329 2393 11.
339 2368 393 2394 Καὶ
410 2367 449 2400 τῷ
464 2368 611 2402 ἐλλεϐόρῳ
622 2367 657 2394 τὰ
668 2369 780 2402 χρόνια,
791 2367 827 2394 De

59 2402 173 2437 hellebori
188 2414 340 2447 speciebus,
357 2414 461 2448 figuris,
472 2415 509 2446 vi,
519 2415 647 2442 facultate
661 2418 688 2441 et
703 2422 754 2442 usu
771 2414 828 2448 lege

60 2447 118 2478 Plin.
132 2455 148 2482 l.
165 2464 226 2490 xxv,
241 2466 265 2485 c.
280 2459 317 2492 5;
335 2447 520 2487 Dioscoridem
534 2460 553 2488 l.
570 2468 606 2492 Iv,
621 2467 646 2487 c.
662 2459 713 2487 150
723 2463 749 2486 et
766 2459 826 2486 151.

60 2496 167 2528 Advertit
183 2502 280 2532 Sextus
297 2505 451 2540 Empiricus
472 2506 602 2541 Pyrrhon.
627 2505 725 2540 Hypot.
743 2506 790 2532 lib.
807 2513 826 2536 ι,

61 2548 111 2587 91)-
127 2547 165 2578 NI.
182 2549 362 2584 belleborum,
379 2552 401 2578 si
419 2556 498 2579 tenue
509 2556 536 2578 et
560 2552 750 2587 la-nuginosum
766 2551 828 2586 quis

61 2585 137 2620 ἱρευω
150 2594 220 2628 edat,
237 2602 352 2624 mortem
366 2597 473 2629 afferre,
486 2598 528 2625 sin
541 2605 666 2625 crassum
682 2605 735 2624 non
752 2597 827 2624 item.

61 2632 130 2662 καὶὸ
143 2639 274 2678 ἐλλὲἣορος
290 2643 385 2675 λεπτὸς
403 2643 450 2678 μὲν
471 2643 518 2668 καὶ
539 2642 657 2678 χνοώδης
679 2641 830 2677 προσφερό-

62 2686 129 2724 μενον
143 2688 251 2722 πνιγμδν
265 2689 401 2724 ἐπιφέρει,
414 2688 569 2724 κριμνώδης
585 2688 612 2714 δὲ
636 2688 673 2714 ὢν
686 2688 788 2719 οὐκέτι,
803 2690 830 2713 et

63 2722 172 2757 linlinunt
190 2722 332 2768 quemdam
350 2722 422 2770 apud
434 2722 596 2762 Chalcidem
613 2735 671 2761 sine
686 2734 741 2760 ulla
759 2740 828 2760 noxa

63 2770 141 2803 bibere
161 2781 266 2808 solitum
289 2782 383 2809 fuisse.
402 2783 456 2809 Καὶ
476 2783 613 2816 Ῥουςιίνος
634 2782 662 2808 δὲ
683 2783 697 2808 ὁ
713 2783 742 2808 ἐν
758 2781 829 2808 Χαλ-

116 2822 190 2850 πινων
204 2827 340 2864 ἑλλέϐορον
351 2828 411 2855 οὔτε
424 2829 498 2864 ἦμες,
511 2827 571 2854 οὒτε
581 2828 648 2859 ὅλως
660 2816 828 2863 έκαθαίρετο,

64 2861 111 2890 ἀλλ’
123 2866 156 2901 ὥς
167 2879 190 2898 τι
203 2874 256 2900 τῶν
271 2874 390 2910 συνήθων
404 2874 588 2912 προσεφέρετο
612 2874 658 2902 καὶ
680 2873 788 2905 ἔπεσσε,
803 2877 830 2900 et

878 2280 938 2307 cap.
955 2273 986 2298 19
999 2282 1007 2299 -.
1021 2271 1150 2299 Prmterea
1165 2272 1288 2300 arborum
1301 2274 1361 2300 aliis
1375 2273 1497 2300 decidunt
1512 2273 1594 2307 folia;
1610 2273 1671 2300 alim

878 2318 1036 2352 sempiterna
1053 2326 1128 2345 coma
1144 2319 1236 2350 virent,
1248 2327 1325 2354 quam
1342 2318 1518 2353 iii/Terentiam
1534 2321 1670 2346 antecedat

879 2373 979 2391 necesse
994 2369 1032 2391 est
1055 2365 1137 2398 prior.
1155 2364 1222 2391 Sunt
1238 2365 1307 2392 enim
1332 2364 1456 2391 arborum
1476 2365 1596 2400 quietiam
1613 2373 1670 2391 om—

879 2410 940 2436 nino
954 2409 1096 2442 silvestres,
1113 2409 1233 2444 qumdam
1256 2410 1410 2437 urbaniores
1423 2419 1432 2437 :
1446 2419 1512 2445 qua:
1529 2411 1570 2437 hic
1584 2410 1670 2445 placet

879 2455 1025 2482 nominibus
1046 2456 1215 2490 distinguere.
1233 2455 1302 2491 Ergo
1325 2457 1411 2488 mites,
1431 2465 1489 2492 qua'
1506 2456 1604 2491 fructu,
1623 2461 1670 2483 aut

879 2502 969 2536 aliqua
990 2501 1066 2534 dote,
1084 2502 1295 2533 umbrominece,
1317 2501 1549 2537 officio/tumcuius
1562 2501 1668 2536 juvant,

880 2557 932 2575 non
946 2549 1062 2582 improbe
1075 2548 1199 2574 dicuntur
1213 2547 1333 2574 urbanae.

915 2594 994 2626 lbid.,
1014 2595 1061 2620 lin.
1080 2594 1126 2621 ΞΟ.
1144 2594 1302 2628 Ἀείςευλλα
1316 2593 1350 2620 δέ
1363 2594 1447 2621 ἐστιν
1465 2594 1561 2622 ἐλαία.
1580 2593 1670 2620 Theo-

879 2640 1009 2675 phrastus
1020 2640 1046 2671 l.
1061 2639 1097 2666 De
1105 2639 1166 2666 hist.
1176 2639 1273 2673 plant.,
1285 2647 1345 2675 cap.
1356 2639 1389 2666 15
1406 2649 1412 2666 :
1428 2639 1488 2666 Τῶν
1503 2639 1669 2675 μὲνὴμέρων

879 2687 1010 2722 ἀείφυλλα
1029 2686 1114 2717 ἐλαία,
1134 2686 1230 2721 φοίνιξ,
1246 2687 1344 2722 δάφνη,
1361 2686 1501 2723 μύῤῥινος,
1517 2687 1622 2721 πεύκης
1643 2694 1672 2713 τι

880 2734 966 2768 γένος,
981 2733 1155 2768 κυπάριττος·
1180 2733 1234 2758 τῶν
1259 2732 1288 2759 δὲ
1311 2732 1430 2768 ἀγρίων,
1451 2731 1545 2768 ἐλάτη,
1569 2731 1669 2767 πεύκη.

880 2779 1022 2815 ἄρκευθος,
1045 2778 1153 2813 σμῆαε,
1175 2777 1254 2810 Θυῖα,
1279 2778 1325 2804 καὶ
1349 2777 1382 2814 ἢν
1406 2778 1535 2814 Ἀρκάδες
1559 2778 1672 2806 καλοῦσι

881 2826 1034 2863 φελλόδρυν,
1050 2824 1160 2861 φιλύρα,
1184 2825 1288 2862 κέδρος,
1307 2825 1397 2857 πίτυς,
1420 2825 1551 2861 μυρῥίκη,
1575 2823 1669 2857 πύξος,

881 2873 986 2909 πρῖνος,
1007 2871 1099 2909 ἀγρία,
1124 2870 1285 2905 κήλαστρον,
1308 2869 1417 2906 φιλύκη,
1443 2870 1562 2906 ἁφάρκη,
1580 2868 1670 2896 Ταῦτα
