1903 3068
234 103 284 130 88⁸1

901 111 1024 139 LEONlS
1038 112 1172 139 ALLATll

1801 116 1848 145 828

235 171 294 199 ραν.
321 161 454 199 Georgius
483 163 645 200 Syncellns:
670 166 725 201 Τὴν
745 167 856 202 πρώτην
883 169 988 204 ἡμέραν

1078 171 1132 195 Ὃν
1142 169 1204 203 τοῖς
1217 170 1252 197 ἐν
1272 170 1311 205 γῇ
1325 172 1513 207 παντοστετῆ
1533 172 1758 207 δημιουργήσας
1784 175 1847 201 στέ-

241 209 401 244 Ἀιρρικανὺς
411 210 508 246 νοητὴν
520 211 603 245 λέγει,
619 211 661 238 διὰ
676 213 705 238 τὺ
720 213 825 248 πρῶτον
839 213 1021 250 διοργανισθῆ-

233 263 276 282 ναι
290 255 358 287 τέως
371 256 402 282 τὸ
420 256 619 291 πρωτόκτιστον
636 258 693 292 φῶς
712 259 759 285 καὶ
772 260 930 295 κεχυμένον.

267 300 349 333 lbid.,
370 301 418 329 lin.
438 301 482 329 54.
507 303 591 330 Ὅθεν
618 304 667 331 καὶ
690 305 725 331 ἐν
746 305 783 339 τῇ
806 306 1018 340 συμμετρήσει.

231 346 350 375 Basilius
364 347 438 375 hom.
456 348 484 381 2,
504 349 602 376 Οὐκέτι
626 351 846 386 προσηγόρευσεν
862 352 952 387 ἡμέρα
974 353 1019 379 καὶ

232 393 289 427 νὺξ,
311 393 381 421 ἀλλὰ
404 393 443 429 τῷ
459 395 649 430 ἐπικρατοῦντι
664 396 712 432 τὴν
729 399 818 424 πᾶσαν
833 399 1019 434 προσηγορίαν

230 439 373 476 ἀπένειμε.
404 441 512 477 Ταύτην
529 442 562 468 ἂν
580 443 627 469 καὶ
644 444 673 469 ὲν
689 443 762 479 πάσῃ
778 444 872 480 Γραφῇ
891 444 940 480 τὴν
956 453 1018 471 συν-

231 486 324 522 ήθειαν
335 487 425 522 εὕροις
439 488 469 515 ὲν
482 488 569 524 τῇτοῦ
581 489 675 524 χρόνου
687 491 927 526 μετρήπιὴμέρας
942 491 1018 527 ἀριθ-

231 532 377 566 μουμένας,
403 533 463 568 οὐχὶ
487 533 515 560 δὲ
540 535 586 561 καὶ
603 534 711 567 ηνύχτας
728 536 796 571 μετὰ
818 536 872 563 τῶν
895 537 1015 573 ἡμερῶν.

230 577 314 613 idque
332 579 415 607 variis
430 580 528 607 divina
539 580 688 616 Scriptura:
703 583 868 611 testimoniis
885 585 1016 612 ostendit.

228 622 364 652 Nomades
386 625 468 652 etiam
484 626 535 661 ipsi
554 626 684 662 Libycum
711 636 797 662 genus
814 629 841 656 in
864 633 1016 664 temporum

228 668 450 699 dinumeratione
463 679 518 699 non
533 672 640 706 diebus,
657 678 685 700 ut
702 673 852 711 Scriptura,
868 676 914 702 sed
930 677 1018 703 nocti-

228 712 279 741 bus
295 718 419 743 utuntur.
435 715 562 744 Nicolaus
580 717 765 746 Damascenus
776 720 846 754 apud
860 720 994 748 Stoba'um
1005 729 1014 747 :

228 757 260 784 Ol.
273 759 387 794 νομάδες
402 759 455 786 τῶν
474 761 579 787 Λιϐύων
594 763 624 788 οὺ
642 765 701 795 ταῖς
725 764 851 800 ἡμέραις,
875 765 943 792 ἀλλὰ
955 768 1015 798 ταῖς

227 803 302 835 νυξὶν
317 805 397 831 αὑτὸν
413 806 559 842 ἀριθμοῦσι
586 808 631 834 τὸν
651 809 756 844 χρόνον.
780 810 808 836 Id
828 811 898 838 idem
918 812 1013 839 obser-

1760 217 1816 238 Ἢν,

1079 241 1222 275 Ὼνόμασε
1237 242 1387 277 στερέωμα
1400 243 1472 275 Θεὸς
1485 245 1500 270 ὁ
1517 242 1718 277 καλλιτέχνης
1736 210 1759 244 l7
1770 218 1787 243 η

1070 277 1152 310 Παρὰ
1161 277 1217 311 τὴν
1230 277 1349 312 πρώτην
1357 278 1507 312 ἂναστρον
1518 278 1621 313 ἑτέραν
1629 279 1701 307 ὄντα
1708 279 1848 313 σφαῖραν.

1106 343 1183 376 lbid.,
1201 345 1250 373 Iin.
1264 346 1291 373 8.
1301 345 1355 372 Καὶ
1369 346 1453 380 χρεία
1467 345 1627 376 ἰδιάζουσαι.
1646 346 1684 375 De
1695 356 1746 375 usu
1762 348 1849 375 ﬁrma-

1069 390 1152 416 menti
1164 390 1241 424 plura
1256 391 1282 417 in
1298 391 1507 425 astrologorum,
1519 392 1802 429 philosophorumque
1818 395 1847 421 ll-

1068 435 1135 463 bris.
1152 437 1305 465 Ludovicus
1314 436 1424 469 Fidelis.
1436 439 1487 464 tlih.
1504 446 1546 470 tu,
1564 447 1624 474 cap.
1636 439 1665 470 ‘3.
1681 440 1730 471 ait,
1755 444 1783 467 ut
1802 441 1847 468 ho-

1068 479 1134 506 mini
1149 479 1222 508 Deus
1238 481 1370 515 plantavit
1395 483 1550 517 paradisum
1566 488 1733 516 terrestrem,
1754 486 1781 512 in
1797 494 1848 520 quo

1069 524 1185 553 feliciter
1198 531 1258 554 erat
1272 535 1333 554 cum
1348 532 1404 554 tota
1422 529 1583 563 posteritate
1594 530 1718 559 victurus
1738 531 1823 558 Adam
1841 541 1847 558 ε

1069 571 1108 598 sic
1122 572 1226 607 angelis
1239 572 1319 600 hodie
1332 573 1422 600 locum
1436 582 1492 601 suae
1509 574 1630 602 felicitati
1640 577 1848 604 convenientem

1068 617 1132 644 fecit
1146 617 1217 646 Dens
1233 619 1432 653 ﬁrmamentum
1445 630 1450 647 :
1462 621 1513 648 hoc
1525 621 1585 656 ipso
1595 619 1695 656 agendi
1703 622 1786 650 modo
1798 623 1850 650 loci

1067 663 1213 699 designans
1237 666 1446 699 excellentiam;
1465 674 1519 697 non
1539 668 1611 694 enim
1633 672 1745 703 propter
1758 669 1848 701 bruta,

1067 710 1108 735 vel
1128 710 1278 738 animantia
1293 713 1396 746 qurevis
1414 713 1503 739 locum
1521 714 1674 748 quempiam
1695 714 1796 742 fecisse
1811 715 1848 742 le-

1066 754 1147 790 gitur.
1163 755 1210 782 sed
1230 757 1297 786 solis
1315 758 1470 785 hominibus
1486 763 1514 786 et
1537 760 1656 794 angelis;
1684 764 1712 786 et
1735 760 1849 795 perinde

1066 805 1148 835 atque
1162 801 1243 830 homo
1256 803 1290 830 ob
1303 808 1444 839 peccatum
1455 809 1587 840 perpetuo
1601 807 1679 833 exsul
1692 806 1784 835 factus
1799 811 1847 835 est.

227 857 306 878 vasse
322 850 479 885 Britannos,
497 857 524 880 et
537 853 639 885 Gallos,
659 855 787 891 illiusque
805 865 916 884 causam
934 857 1007 885 refert

1066 849 1093 873 et
1108 855 1122 874 a
1134 848 1260 882 paradiso
1280 850 1426 884 voluptatis
1439 851 1578 883 exclusus,
1600 851 1673 879 haud
1697 860 1781 880 secus
1803 860 1849 880 an-

226 895 378 925 Gnlielmus
396 898 551 927 Camdenus
572 901 598 929 in
616 901 768 929 Britannia.

259 941 318 969 Col.
330 942 390 974 712,
413 943 460 970 Ιίιι.
476 945 501 971 1.
519 945 545 971 '0
561 946 632 979 Θεὸς
646 947 679 973 τὸ
693 948 854 982 στερέωμα.
870 948 1015 977 Zoroaster

226 991 252 1015 et
258 987 416 1016 Damascius
424 990 562 1022 variorum
570 992 801 1021 ﬁrmamentorum
811 995 890 1023 orbes
900 1000 1012 1030 ponunt,

225 1039 252 1063 et
266 1042 361 1063 eorum
377 1038 496 1072 primum
514 1047 684 1074 empyreum,
701 1044 757 1069 tres
773 1047 919 1077 sequentes
930 1043 1010 1070 atthe-

225 1089 298 1114 reos,
317 1085 345 1109 et
360 1086 417 1110 tres
438 1083 549 1112 ultimos
566 1086 721 1114 materiales
737 1093 907 1123 nuncupant.
920 1088 1012 1117 Ludo-

224 1128 300 1156 vicus
323 1128 423 1160 Fidelis
438 1129 477 1157 De
492 1131 584 1157 mundi
608 1137 753 1166 structura,
769 1135 818 1162 lib.
835 1143 876 1166 ιιι,
896 1144 920 1163 c.
942 1137 967 1170 1,
984 1137 1012 1165 in

223 1175 404 1209 explicatione
428 1176 525 1204 horum
548 1179 691 1206 verborum
708 1181 807 1216 duplex
830 1190 891 1210 esse
911 1182 948 1210 ait
963 1183 1012 1210 ﬁr-

223 1226 408 1258 mamentum,
437 1231 520 1250 unum
544 1226 617 1260 quod
642 1227 758 1262 primum
778 1229 878 1257 mobile
902 1235 1010 1264 vocant,

223 1267 295 1302 quod
321 1275 372 1295 suo
397 1273 473 1297 motu
496 1271 638 1300 universos
662 1280 815 1301 commovet
837 1275 928 1308 orbes,
954 1281 981 1304 et
996 1283 1011 1304 a

223 1313 298 1341 nullo
319 1320 454 1349 movetur,
475 1317 599 1344 omnium
620 1319 728 1346 orbium
747 1321 898 1348 caelestium
916 1330 1011 1358 supre-

222 1368 308 1395 mum,
325 1362 398 1396 quod
415 1371 465 1392 suo
487 1365 590 1393 ambitu
605 1367 727 1402 reliquos
742 1369 793 1396 sub
807 1377 837 1398 se
852 1371 1011 1406 complecti-

222 1411 268 1434 tur
286 1408 377 1443 orbes,
402 1412 475 1446 quod
496 1420 654 1449 empyreum
675 1417 822 1450 appellant,
843 1425 890 1445 seu
914 1419 1009 1446 beato-

222 1461 283 1481 rum
307 1455 399 1483 sedem
416 1467 422 1484 :
439 1459 567 1492 quoniam
592 1461 638 1496 qui
660 1461 687 1489 in
713 1470 746 1490 eo
770 1465 890 1492 resident
909 1466 1009 1494 divinis

222 1499 354 1528 continuo
369 1508 522 1531 exuruntur
548 1506 693 1536 ardoribus
707 1517 714 1540 ;
729 1513 757 1536 et
777 1509 804 1537 id
828 1511 937 1545 quidem
962 1521 1010 1548 per
1023 1526 1044 1555 ο

222 1547 441 1575 antonomasiam
465 1554 592 1578 vocatum
619 1551 718 1580 coelum
738 1555 811 1586 coeli,
835 1564 883 1583 seu
909 1547 1009 1585 coelum

221 1591 366 1625 calorum,
379 1593 437 1621 sive
450 1596 511 1622 cwli
529 1597 672 1633 malorum,
694 1599 794 1626 coelum
807 1608 926 1636 namque
937 1604 1009 1638 apud

221 1633 350 1664 Hebrmos
375 1645 491 1666 numero
515 1644 590 1668 caret
612 1641 754 1678 singulari,
774 1645 847 1673 unde
868 1633 938 1682 apud
956 1633 1008 1676 eos

220 1681 283 1708 εαξιὶ
308 1689 502 1718 nonnunquam
521 1693 569 1720 pro
582 1687 661 1721 caelo,
679 1689 842 1725 quandoque
863 1699 913 1726 pro
931 1694 1008 1721 cmlis

221 1731 378 1755 sumuntur.
400 1729 506 1757 Dicitur
518 1737 607 1760 autem
620 1734 820 1763 ﬁrmamentum
836 1737 872 1764 ob
887 1738 1008 1774 singula-

219 1780 278 1801 rem
301 1775 343 1802 sui
368 1775 454 1811 ipsius
470 1776 636 1811 ﬁrmitatem,
655 1781 727 1815 quod
752 1790 801 1809 sua
823 1787 922 1811 natura
946 1793 1009 1813 ron-

220 1823 298 1849 stans
321 1821 368 1855 sit,
392 1826 475 1858 atque
495 1831 603 1859 semper
621 1825 740 1861 ﬁrmum,
766 1828 799 1856 de
813 1837 867 1864 quo
882 1839 954 1859 nunc
978 1833 1007 1861 ﬁt

219 1867 332 1894 mentio.
358 1868 482 1895 Alterum
497 1874 539 1896 est
554 1869 754 1899 ﬁrmamentum
772 1875 845 1909 quod
866 1881 956 1904 movet
969 1879 1007 1905 si-

219 1911 276 1938 mul
291 1915 319 1940 et
341 1918 477 1946 movetur,
504 1914 531 1941 in
555 1923 609 1950 quo
634 1916 779 1946 luminaria
799 1925 898 1955 quarto
921 1922 965 1949 die
991 1930 1006 1958 ξι

218 1957 313 1993 Moyse
322 1958 479 1987 referuntur
494 1961 635 1995 producta.
651 1962 703 1990 Sed
719 1964 774 1992 haec
783 1967 875 2000 opinio
890 1967 924 1995 de
936 1977 1006 1996 verse

218 2003 398 2040 philosophia
421 2007 566 2042 principiis
584 2008 737 2038 abhorrens
767 2013 805 2039 uti
825 2012 893 2042 falsa
915 2015 1006 2050 rejici—

217 2053 274 2082 tur,
292 2050 340 2078 sed
354 2052 550 2086 experimentis
566 2053 634 2088 ipsis
647 2057 785 2084 contraria
797 2062 849 2086 est.

251 2094 331 2130 lbid.,
341 2096 390 2124 lin.
413 2098 439 2125 3.
455 2097 510 2125 Καὶ
523 2099 635 2133 εἴρηται
650 2101 723 2134 τοῖς.
748 2102 863 2131 Basilius
877 2105 951 2133 hom.
969 2106 1003 2135 ὅτ

216 2142 332 2178 Εἴρηται
350 2143 400 2179 μὲν
415 2142 461 2171 οὖν
477 2153 533 2172 τισι
549 2146 604 2173 τῶν
613 2147 665 2182 πρὸ
681 2149 696 2183 ἡ
702 2148 760 2183 μῶν
772 2150 808 2186 μὴ
823 2150 948 2188 δευτέρου
960 2154 1004 2180 οὑ-

217 2188 298 2224 ρανοῦ
314 2190 420 2224 γένεσιν
432 2189 501 2218 εἶναι
511 2192 623 2229 ταύτην,
635 2194 692 2221 ἀλλ’
702 2196 865 2233 ἑπεξήγησιν
880 2199 925 2226 τοῦ
939 2209 1002 2236 προ·
1017 2205 1040 2234 Ῑ)

214 2234 306 2271 τέρου,
316 2237 360 2264 διὰ
372 2238 402 2264 τὸ
415 2239 473 2264 ἐκεῖ
486 2239 535 2274 μὲν
547 2241 576 2266 ὲν
595 2241 734 2278 κεφαλαίῳ
749 2245 947 2279 παραδεδόσθαι
956 2234 1002 2275 οὐτ-

217 2282 298 2317 ρανοῦ
314 2284 361 2310 καὶ
377 2285 428 2320 γῆς
444 2285 563 2321 ποίησιν,
580 2287 696 2314 ἐνταῦθα
713 2289 742 2316 δὲ
764 2291 1000 2326 ὲπεξεργαστικώ-

213 2335 293 2363 τερον
321 2329 367 2356 τὸν
384 2330 495 2365 τρόπον,
512 2331 607 2359 καθ’ὃν
621 2333 734 2360 ἕκαστον
749 2336 853 2370 γέγονε,
868 2337 917 2373 τὴν
931 2339 1001 2374 Γρα-

214 2373 267 2409 φὴν
282 2375 348 2410 ἡμῖν
364 2376 556 2411 παραδιδόναι;
584 2386 616 2407 ex
638 2380 740 2408 quibus
761 2383 859 2416 poterit
887 2373 1001 2414 mutilus

213 2419 258 2447 hic
271 2420 348 2449 locus
360 2423 470 2458 corrigi.

248 2464 329 2499 lbid.,
344 2467 393 2495 lin.
412 2468 437 2494 7.
459 2469 558 2503 Ἡμεῖς
568 2469 602 2497 δέ
615 2479 722 2505 φαμεν.
744 2473 860 2501 Basilius
872 2474 945 2502 hom.
961 2476 997 2504 ὅτ

218 2512 313 2548 Ἦμεῐς
330 2514 359 2540 δέ
385 2523 474 2550 φαμεν
500 2517 551 2548 ὅτι,
583 2518 677 2553 ἐπειδὴ
702 2519 787 2554 ὄνομα
813 2520 916 2556 ἕτερον,
942 2523 988 2550 καὶ

212 2557 290 2593 χρεία
306 2558 444 2592 ἱδιάζουσα
456 2561 503 2587 τοῦ
521 2562 649 2598 δευτέρου
669 2563 784 2600 οὐρανοῦ
807 2567 996 2603 παραδέδοται,

211 2604 304 2640 ἕτερός
318 2605 377 2632 ἐστι
392 2606 469 2642 παρὰ
485 2607 532 2635 τὸν
549 2609 578 2635 ἐν
596 2609 668 2646 ἀρχῇ
700 2613 883 2648 πεποιημένον
909 2612 995 2647 οὗτος,

212 2650 396 2687 στερεωτέρας
407 2652 524 2688 φύσεως,
540 2655 586 2681 καὶ
602 2655 696 2691 χρείαν
713 2657 849 2693 ἐξαίρετον
862 2659 900 2695 τῷ
917 2662 997 2688 παντὶ

213 2696 408 2732 παρεχόμενος.
433 2697 506 2726 idem
531 2700 615 2727 sentit
637 2701 837 2732 Constantinus
858 2705 996 2734 Manasses

212 2740 240 2767 in
256 2741 404 2770 Annalibus
418 2751 429 2771 :

280 2797 315 2841 δέ
320 2798 472 2842 βλεφάρῳ)
483 2802 658 2842 ,ἲέὶμψαντος
668 2805 779 2840 ἡμέρας
791 2807 844 2841 τῆς
855 2807 994 2842 δειπντέρτις

215 2831 270 2859 Τὸν
284 2831 480 2867 οἱφανὸνὶὸν
494 2831 634 2872 δὲὐὲεροινί
646 2831 992 2878 ἓᾶῥὰῗρώσεὲἶιινσόέωςζ

1067 893 1119 928 geli
1136 895 1199 921 mali
1215 901 1230 921 a
1247 896 1418 923 ﬁrmamento
1447 897 1563 932 sejuncti
1588 902 1663 926 sunt.
1682 898 1753 926 illuc
1779 906 1847 926 nun-

1065 945 1146 973 quam
1166 940 1314 967 reversuri.

1098 984 1176 1016 lbid.,
1188 986 1236 1012 lin.
1247 987 1290 1013 10.
1300 987 1499 1021 Στερεωτέριις
1510 989 1661 1023 ὑπάρχων.
1672 988 1848 1017 Firmamenti

1064 1038 1164 1066 corpus
1190 1032 1318 1064 solidum,
1334 1039 1360 1061 et
1375 1033 1482 1061 ﬁrmum
1501 1035 1585 1063 fuisse
1603 1041 1726 1062 creatum
1754 1043 1847 1062 omnes

1063 1077 1236 1111 existimant;
1265 1078 1353 1113 placet
1376 1080 1539 1115 Augustino,
1562 1082 1608 1108 lib.
1629 1089 1659 1114 ιι,
1679 1082 1717 1108 De
1734 1081 1799 1109 Gen.
1816 1087 1847 1108 ne

1064 1121 1190 1156 litteram,
1207 1132 1232 1151 c.
1247 1123 1291 1156 10,
1308 1125 1345 1152 ita
1366 1126 1457 1153 vocari
1473 1131 1585 1162 propter
1606 1128 1778 1160 ﬁrmitatem,
1803 1134 1847 1155 aut

1062 1172 1174 1203 propter
1188 1169 1466 1206 intransgressibilem
1505 1173 1651 1200 terminum
1673 1174 1847 1208 superiorum

1062 1218 1089 1242 et
1105 1215 1264 1242 inferiorum
1277 1224 1422 1252 aquarum.
1442 1217 1518 1245 Philo
1542 1218 1581 1245 De
1607 1219 1699 1245 ntundi
1727 1219 1845 1253 api/icio,

1062 1259 1098 1286 ita
1115 1261 1152 1287 ait
1173 1262 1337 1296 appellatum
1355 1267 1384 1290 ut
1400 1271 1458 1291 rem
1473 1271 1643 1299 corpoream,
1662 1272 1726 1291 cum
1743 1272 1845 1299 corpus

1061 1308 1223 1335 naturaliter
1233 1309 1340 1336 ﬁrmum
1355 1310 1528 1345 solidumque
1539 1311 1574 1339 sit
1589 1311 1678 1339 trinas
1693 1311 1846 1339 dimensio-

1061 1360 1110 1380 nes
1127 1354 1240 1382 habens.
1269 1355 1370 1382 Ἐποίει
1384 1356 1429 1382 τὸν
1444 1356 1558 1392 οὐρανὸν
1582 1358 1596 1384 ὁ
1612 1357 1798 1393 Δημιουργὺς,
1820 1355 1847 1384 ὃν

1060 1399 1168 1435 ἐτύμως
1192 1401 1335 1438 στερέωμα
1359 1403 1590 1439 προσηγόρευκεν,
1616 1403 1663 1429 ᾶτε
1691 1403 1847 1438 σωματικὸν

1060 1445 1136 1472 ὄντα.
1156 1447 1192 1473 Τὸ
1207 1447 1260 1483 γὰρ
1273 1447 1353 1483 σῶμα
1368 1449 1447 1483 φύσει
1463 1449 1582 1484 στερεὸν,
1597 1449 1693 1484 ὅτιπερ
1704 1450 1752 1476 καὶ
1767 1450 1846 1485 τριχῆ

1060 1491 1201 1519 διαστατόν
1216 1502 1222 1508 ·
1242 1495 1352 1530 στερεοῦ
1365 1495 1392 1521 δὲ
1406 1495 1452 1521 καὶ
1470 1495 1593 1530 σώματος
1607 1495 1697 1522 ἑννοιά
1707 1504 1750 1526 τις
1766 1497 1846 1531 ἑτέρα

1061 1538 1130 1575 πλὴν
1143 1539 1174 1565 τὺ
1190 1541 1276 1576 πάντη
1292 1541 1442 1576 διεστηκός.
1456 1541 1577 1569 Joannes
1606 1541 1730 1570 Zonares
1755 1543 1847 1569 Anna-

1061 1585 1125 1612 lium
1141 1589 1206 1613 tom.
1224 1587 1232 1613 Ι
1246 1596 1251 1613 :
1266 1587 1412 1623 Στερέωμα
1435 1587 1463 1613 δὲ
1488 1587 1600 1623 ἐκλήθη,
1614 1588 1654 1614 ὅτι
1673 1588 1804 1621 στεγανὸν
1819 1588 1848 1614 τὸ

1060 1630 1140 1666 σῶμα
1149 1631 1253 1664 τούτου,
1265 1633 1311 1659 καὶ
1334 1634 1363 1659 οὐ
1378 1633 1479 1669 λεπτὴν
1503 1634 1562 1660 οὐδὲ
1584 1634 1684 1669 ἀραιὰν
1700 1634 1750 1669 τὴν
1766 1634 1846 1668 φύσιν

1027 1690 1031 1694 -
1059 1677 1125 1712 ἔχει,
1143 1678 1213 1705 κατὰ
1224 1678 1257 1705 τὰ
1273 1678 1367 1710 ὕδατα,
1381 1679 1411 1711 ἐξ
1425 1675 1462 1706 ὧν
1480 1679 1528 1714 τὴν
1541 1680 1672 1706 σύστασιν
1686 1680 1817 1716 ἔσχηκεν,
1833 1680 1847 1706 ὃ

1059 1725 1227 1760 καὶούρανὸς
1251 1725 1408 1761 ὠνομάσθη.
1433 1725 1599 1754 Ambrosius
1625 1726 1799 1754 Catharinus
1820 1727 1845 1752 in

1060 1769 1179 1799 Genesim
1196 1775 1274 1804 putat
1290 1780 1352 1800 esse
1366 1777 1491 1799 octavam
1514 1773 1660 1807 sphaeram,
1673 1773 1748 1808 quod
1773 1773 1801 1800 in
1815 1779 1845 1800 ea

1058 1817 1143 1844 stellae
1165 1824 1260 1845 omnes
1277 1818 1431 1845 inerrantes
1459 1819 1519 1845 ﬁxa:
1539 1818 1678 1853 ﬁrmaeque
1699 1819 1768 1851 sint,
1796 1826 1844 1845 nec

1057 1862 1143 1890 variis
1166 1863 1285 1891 motibus
1301 1864 1479 1900 divagentur;
1499 1867 1579 1894 aliam
1603 1865 1686 1899 hujus
1701 1865 1781 1892 vocis
1796 1872 1842 1891 ex-

1058 1909 1220 1944 positionem
1237 1910 1318 1938 habet
1331 1913 1401 1947 apud
1411 1913 1587 1941 Benedictum
1599 1913 1755 1944 Pererium,
1764 1910 1844 1939 Com-

1057 1959 1169 1982 mentar.
1186 1957 1213 1982 in
1237 1955 1328 1984 Cenes.
1357 1958 1405 1985 lib.
1422 1966 1441 1985 ι.
1467 1958 1497 1986 In
1516 1959 1590 1986 illius
1611 1963 1702 1985 tamen
1729 1958 1845 1985 materia

1056 2001 1215 2036 exponenda
1233 2002 1347 2031 minime
1361 2005 1538 2032 conveniunt.
1556 2004 1747 2032 Theodoretus
1771 2012 1840 2040 quat-

1056 2048 1139 2076 stion.
1158 2048 1230 2075 “in
1247 2048 1519 2085 Genes.'Propterea,
1548 2050 1647 2086 inquit,
1674 2051 1843 2086 appellatum

1056 2093 1266 2128 ﬁrmamentum,
1279 2095 1351 2129 quod
1367 2102 1400 2123 ex
1420 2103 1501 2131 aqua,
1525 2104 1586 2131 quae
1602 2097 1679 2131 prius
1688 2099 1748 2123 erat
1759 2095 1842 2127 ﬂuxa,

1054 2142 1080 2165 et
1098 2138 1247 2173 liquabilis.
1263 2141 1504 2169 vehementissime
1527 2142 1653 2176 spissata,
1677 2141 1843 2169 fortissime-

1055 2191 1107 2219 que
1116 2184 1242 2212 indurata
1250 2190 1408 2213 concretum
1419 2187 1508 2215 fuerit.
1518 2187 1590 2215 idem
1609 2187 1692 2214 tradit
1704 2187 1843 2222 Iosephus

1054 2230 1102 2258 lib.
1118 2231 1269 2267 IAntiquit.
1284 2232 1405 2265 Judaic.,
1429 2242 1490 2268 cap.
1509 2235 1521 2261 1
1536 2243 1543 2267 ;
1568 2233 1742 2266 Gennadius,
1758 2234 1842 2262 Seve-

1053 2278 1148 2306 rianus
1158 2283 1255 2306 catena
1268 2280 1294 2307 in
1303 2280 1376 2308 hunc
1386 2281 1487 2313 locum,
1498 2281 1597 2316 quibus
1609 2282 1749 2309 consentit
1758 2281 1840 2313 Beda;

1052 2327 1079 2350 et
1090 2325 1234 2352 conﬁrmat
1249 2327 1338 2354 verbis
1350 2327 1423 2355 Petri
1436 2329 1656 2356 commemoratis
1672 2336 1686 2355 a
1699 2328 1843 2356 Clemente

1052 2369 1099 2397 lib.
1111 2379 1129 2397 ιι
1143 2371 1277 2407 Recognit.
1296 2372 1373 2408 Hugo
1394 2373 1492 2402 Adnot.
1508 2375 1535 2401 in
1553 2374 1658 2407 Cenes"
1673 2375 1760 2410 capit.
1779 2375 1841 2407 6,et

1051 2417 1227 2446 alii.Basilius
1236 2420 1305 2446 hanc
1314 2421 1475 2448 sententiam
1483 2421 1627 2452 deridet,et
1634 2422 1739 2456 puerile
1748 2427 1838 2453 vocat,

1050 2465 1149 2496 emtum
1165 2465 1292 2493 arbitrari
1309 2466 1394 2495 fuisse
1408 2475 1442 2494 ex
1457 2474 1526 2502 aqua
1543 2472 1691 2502 concreta;
1705 2472 1733 2496 et
1746 2474 1841 2497 ceusrt

1051 2512 1250 2538 ﬁrmamentum
1268 2519 1302 2539 ex
1320 2515 1395 2540 tenui
1409 2513 1527 2548 quatiant
1548 2514 1662 2542 materia
1682 2515 1778 2550 qualis
1799 2519 1841 2542 est

1049 2563 1140 2590 aerea,
1158 2557 1334 2585 vehementer
1354 2563 1445 2586 tamen
1476 2559 1590 2586 densata
1618 2564 1645 2587 et
1669 2560 1838 2595 constipata,

1049 2601 1135 2629 fuisse
1145 2603 1303 2638 conflatum,
1319 2613 1400 2640 quem
1415 2606 1540 2641 sequitur
1553 2605 1730 2634 Ambrosius.

1082 2660 1163 2693 lbid.,
1182 2661 1230 2688 lin.
1253 2662 1297 2690 11.
1312 2663 1366 2690 Καὶ
1384 2663 1567 2698 διεχώρησεν
1577 2665 1594 2691 ὀ
1604 2664 1688 2697 Θεός.
1703 2663 1836 2697 Quaenam

1049 2705 1103 2734 sint
1119 2706 1160 2733 ha:
1174 2714 1250 2742 aquae
1263 2715 1324 2742 qua:
1341 2713 1405 2735 sunt
1417 2716 1500 2743 supra
1511 2709 1713 2736 ﬁrmamentum
1731 2709 1780 2736 diu
1795 2712 1836 2735 est

1046 2754 1190 2787 quaesitum
1213 2758 1240 2781 et
1263 2754 1443 2790 disputatum.
1460 2755 1589 2783 Alliertus
1608 2755 1724 2790 Magnus
1739 2755 1768 2788 2,
1793 2755 1836 2782 di-

1047 2799 1140 2827 stinct.
1153 2800 1196 2833 Η,
1209 2800 1318 2828 articul.
1335 2801 1367 2835 ις
1384 2801 1511 2836 [Egidius
1521 2802 1547 2829 in
1564 2801 1692 2830 Hexaem.
1710 2810 1773 2837 cap.
1788 2800 1834 2832 Ης

1046 2846 1212 2875 Catharinus
1228 2851 1254 2878 et
1276 2847 1321 2875 alii
1337 2847 1508 2887 Scripturam
1525 2848 1561 2877 ita
1576 2849 1726 2884 explicant,
1743 2852 1772 2875 ut
1789 2855 1836 2875 no-
