1903 3068
42 107 94 136 829

541 107 575 143 iN
596 107 784 136 EUSTATHll
802 109 1040 139 HEXAEMERON
1059 111 1175 140 NOTAE.

1617 112 1669 140 8'50

43 167 116 193 mine
134 165 300 192 firmamenti
319 165 487 201 intelligatur
507 166 607 194 caelum
621 167 758 196 stellatum
781 175 829 196 su-
845 171 868 198 Δ
882 169 946 202 lius,
965 170 1038 197 hom.
1053 170 1070 198 3
1091 171 1119 197 in
1136 170 1281 202 Hexaem;
1298 147 1465 206 Epiphanius
1482 171 1509 198 in
1532 171 1617 205 Epist.
1634 170 1670 198 ad

42 219 93 247 pra
106 210 181 246 quod
192 210 372 246 perhibentur
381 219 444 243 esse
455 219 542 247 aquae,
554 212 581 239 id
592 217 635 240 est
646 220 735 241 nouus
749 219 776 241 et
784 214 830 241 de-

43 258 133 285 cimus
154 257 232 285 orbis
252 265 331 293 aqua:
357 257 565 286 similitudinem
592 258 754 293 referentes,
784 260 831 295 qui

44 303 169 339 undique
183 303 346 331 translucidi
363 308 438 342 sunt,
457 312 508 332 nec
526 304 610 336 ullam
628 305 656 332 in
676 313 706 333 se
725 306 831 334 stellam

43 349 161 383 habent;
183 350 228 379 vel
254 351 293 378 ita
323 354 352 378 ut
378 358 427 386 per
451 350 654 381 ﬁrmamentum
672 352 832 388 designetur

44 402 104 428 aer,
122 402 209 431 aquas
221 403 287 423 vero
301 403 349 423 eas
367 395 470 428 vocari,
488 404 549 431 quae
565 396 683 432 pluendo
702 397 832 425 decidunt

45 440 74 468 in
84 445 200 474 terram,
219 441 336 477 illasque
350 442 447 474 abhis,
464 450 525 478 qua:
540 451 624 478 supra
642 447 742 471 terram
756 448 831 476 sunt,

45 486 171 521 separari
183 487 265 518 coelo,
285 487 335 514 hoc
362 491 405 514 est
420 494 493 514 acre.
510 487 543 514 Et
562 488 614 516 hoc
633 488 760 516 videntur
775 496 834 516 am-

46 533 130 567 plecti
146 532 320 568 Augustinus
337 533 384 560 lib.
401 541 420 560 II
438 532 474 560 De
489 533 582 561 Genesi
598 534 632 560 ad
646 535 712 568 lim,
725 543 785 570 cap.
799 535 832 568 4;

47 577 232 614 Hieronymus
246 578 323 613 epist.
333 579 377 610 83,
390 578 424 613 ad
437 578 581 611 Oceanum,
596 579 731 608 refellitur
743 585 834 609 tamen

46 631 62 650 a
78 623 231 653 Francisco
248 624 356 652 Valesio
369 625 408 652 De
422 634 501 653 sacra
517 626 693 661 philosophia.
706 627 788 662 capit.
807 628 834 655 i.

46 669 192 705 Origenes,
211 673 240 699 ut
261 670 344 698 refert
361 670 531 707 Epiphanius
543 672 630 706 Epist.
647 673 682 699 ad
704 673 835 704 Joannem

47 715 334 752 Hierosolymitanum,
348 721 374 744 et
385 717 567 754 Hieronymus
578 719 654 752 epist.
665 719 699 746 ad
712 718 836 746 Pamma-

45 761 146 795 chium,
173 762 241 789 dixit
254 769 350 798 aquas,
361 770 422 798 qua:
443 771 525 799 super
544 763 740 792 firmamentum
759 769 834 802 sunt,

46 815 103 834 non
133 815 195 836 esse
221 815 317 843 aquas,
334 809 382 837 sed
396 817 458 842 esse
480 810 592 845 angelos
606 816 734 843 sanctos;
750 819 836 846 aquas

46 862 113 882 vero
129 862 190 890 quae
202 855 254 883 sub
269 855 439 890 firmamento
451 860 516 884 sunt
530 864 592 890 csse
602 856 738 890 daemones
751 844 838 885 malos
855 844 875 871 Β

46 908 62 933 e
78 900 151 928 ccelo
177 900 279 936 lapsos.
306 902 337 928 in
356 901 427 929 hanc
441 902 606 931 sententiam
624 910 706 938 quam
720 903 837 939 Epipha-

47 946 111 974 nius
123 950 151 974 et
164 945 346 983 Hieronymus
375 948 550 980 damnarunt,
569 948 687 979 Basilius
715 949 789 977 hom.
809 950 837 981 ὅ.

48 992 74 1018 in
98 991 240 1025 ﬂexum,
262 1000 410 1028 suppresso
425 993 550 1029 Origenis
566 994 686 1026 nomine,
701 993 758 1021 haec
775 1002 840 1029 pro-

48 1037 88 1064 dit
99 1046 106 1064 :
120 1037 202 1073 Ἡμῖν
215 1038 244 1065 δὲ
260 1039 307 1072 καὶ
320 1039 386 1074 πρὸς
397 1040 460 1071 τοὺς
478 1040 532 1066 ἀπὸ
545 1040 595 1074 τῆς
602 1040 766 1075 Ἐκκλησίας
783 1040 838 1067 ἐστι

48 1090 90 1114 τις
115 1082 195 1116 λόγος
220 1084 285 1119 περὶ
309 1083 363 1110 τῶν
383 1084 574 1120 διακριθέντων
595 1085 707 1116 ὑδάτων,
729 1086 754 1112 οἳ
775 1094 841 1122 προ-

49 1129 130 1164 φάσει
147 1129 293 1165 ἀναγωγῆς
307 1131 354 1157 καὶ
367 1131 508 1166 νοημάτων
522 1131 695 1167 ὑψηλοτέρων
709 1132 748 1163 εἰς
760 1132 853 1168 ἀλλη-,

49 1174 145 1209 γορίας
163 1175 326 1210 κατέφυγον,
352 1175 479 1212 δυνάμεις
502 1176 628 1211 λέγοντες
653 1177 841 1213 πνευματικὰς

50 1221 96 1247 καὶ
116 1221 281 1256 ἀσωμάτους
299 1222 436 1258 τροπικῶς
461 1224 494 1250 ὲκ
517 1222 571 1250 τῶν
586 1223 690 1250 ὑδάτων
713 1224 842 1260 σημαίνε-

51 1266 129 1293 σθαιο
148 1267 195 1293 καὶ
212 1267 268 1294 ἄνω
286 1267 335 1303 μὲν
348 1268 394 1294 ὲπὶ
403 1268 449 1294 τοῦ
461 1268 649 1304 στερεώματος
661 1269 842 1305 μεμενηκέναι

51 1311 100 1343 τὰς
119 1312 289 1347 κρείττονας,
303 1313 378 1340 κάτω
399 1313 427 1340 δὲ
441 1315 497 1346 τοῖς
515 1314 662 1350 περιγείοις
678 1315 725 1341 καὶ
742 1315 842 1347 ὑλικοῖς

49 1357 144 1389 τύποις
156 1360 374 1394 προσαπομεῖναι
385 1358 434 1391 τὰς
442 1359 573 1394 πονηράς.
584 1359 634 1386 Διὰ
644 1360 723 1386 τοῦτο
735 1360 764 1386 δέ
778 1369 843 1395 φασι

50 1403 100 1429 καὶ
122 1402 160 1429 τὰ
183 1403 276 1430 ὲπάνω
292 1403 345 1430 τῶν
359 1403 481 1440 οὐρανῶν
502 1403 586 1431 ὕδατα
609 1405 693 1431 αἰνεῖν
707 1405 752 1432 τὸν
766 1405 842 1438 Θεὸν,

49 1449 177 1475 τουτέστι
194 1448 244 1479 τὰς
261 1449 366 1483 ἀγαθὰς
380 1449 508 1484 δυνάμεις
519 1449 597 1482 ἀξίας
610 1449 692 1481 οὔσας
701 1449 745 1477 διὰ
759 1449 843 1476 καθα-

51 1495 156 1530 ρότητα
177 1494 225 1521 τοῦ
249 1495 413 1530 ἡγεμονικοῦ
427 1495 472 1521 τὸν
486 1495 628 1530 πρέποντα
647 1495 732 1531 ὕμνον
748 1496 843 1522 ἀποδι-

50 1542 126 1569 δόναι
142 1542 183 1577 τῷ
199 1542 322 1569 κτίσαντι
331 1550 338 1558 ’
355 1542 389 1569 τὰ
401 1542 429 1569 δὲ
440 1543 568 1569 ὑποκάτω
578 1542 633 1569 τῶν
645 1543 767 1578 οὐρανῶν
781 1543 844 1570 ὕδα-

50 1596 87 1616 τα
101 1587 277 1623 πνευματικὰ
287 1585 356 1614 εἶναι
368 1589 418 1622 τῆς
432 1587 563 1623 πονηρίας
579 1588 633 1615 ἀπὸ
649 1588 695 1615 τοῦ
711 1588 781 1616 κατὰ
795 1588 844 1623 φύ-

51 1644 95 1662 σιν
108 1634 194 1670 ὕψους
205 1635 244 1666 είς
255 1634 285 1661 τὸ
299 1634 348 1670 τῆς
361 1634 459 1666 κακίας
473 1634 553 1669 βάθος
566 1635 765 1667 καταπεσόντα,
773 1635 844 1670 ἆπερ

51 1680 91 1713 ὡς
106 1680 255 1717 ταραχώδη
270 1680 346 1713 ὄντα,
356 1680 403 1707 καὶ
428 1680 617 1714 στασιαστικὰ,
629 1681 676 1707 καὶ
693 1681 749 1712 τοῖς
764 1680 845 1716 θορύ-

51 1728 112 1760 6οις
127 1727 183 1754 τῶν
199 1726 293 1754 παθῶν
315 1725 512 1761 κυμαινόμενα,
525 1725 661 1752 θάλασσαν
677 1725 845 1760 ὠνομάσθαι,

51 1773 99 1800 διὰ
114 1772 146 1799 τὸ
167 1771 319 1807 μετάϐητον
338 1771 384 1797 καὶ
396 1770 512 1798 ἄστατον
529 1770 583 1797 τῶν
599 1770 669 1798 κατὰ
685 1772 844 1808 προαίρεσιν

52 1819 225 1854 κινημάτων.
242 1817 311 1848 Τοὺς
332 1817 364 1852 δὴ
385 1816 521 1848 τοιούτους
535 1817 632 1850 λόγους
645 1817 683 1848 ὡς
700 1817 845 1852 ὀνειράτων

53 1864 229 1900 συγκρίσεις,
244 1863 291 1890 καὶ
303 1862 434 1898 γραώδεις
453 1862 553 1899 μύθους
567 1862 805 1898 ἁποπεμψάμενοι,
816 1863 846 1889 τὸ

54 1910 129 1946 ὕδωρ
143 1909 215 1945 ὕδωρ
228 1909 380 1945 νοήσωμεν,
394 1909 441 1935 καὶ
457 1908 506 1944 τὴν
517 1908 653 1944 διάκρισιν
670 1908 718 1944 τὴν
734 1908 786 1935 ὑπὸ
798 1907 845 1935 τοῦ

55 1955 248 1991 στερεώματος
263 1954 412 1990 γενομένην
427 1954 499 1981 κατὰ
509 1953 558 1989 τὴν
573 1953 748 1981 ἀποδοθεῖσαν
757 1953 847 1980 αἰτίαν

54 2001 207 2037 δεξώμεθα.
222 1999 350 2030 Valesius
364 2001 424 2028 loco
436 2000 493 2035 jam
506 2000 582 2028 dicto
594 2001 641 2034 ait,
655 2000 754 2027 cwlum
770 1999 846 2032 illud,

55 2048 131 2082 quod
166 2047 275 2082 plurimi
300 2046 371 2074 hanc
402 2046 437 2073 ob
462 2053 573 2079 causam
598 2050 697 2073 vocant
714 2046 848 2081 crystalli-

58 2101 139 2126 num,
151 2101 269 2128 aqueum
284 2100 344 2120 esse
361 2100 431 2128 aqua
444 2093 561 2128 quadam
575 2092 679 2120 cmlesti
699 2099 759 2126 qua:
773 2091 848 2126 puri-

59 2144 116 2169 tate
131 2147 231 2174 aquam
244 2139 355 2172 referat,
367 2147 422 2167 non
438 2143 529 2167 tamen
543 2138 652 2174 frigore,
663 2142 710 2165 aut
723 2138 846 2169 humore,

857 1517 878 1546 C

880 215 1009 243 Joannem
1021 216 1044 242 Η
1048 216 1293 251 ierosolymitanum
1304 225 1313 249 ;
1323 216 1548 252 Chrysostomus,
1558 218 1631 244 hom.
1641 217 1670 251 4,

880 264 907 288 ει
920 261 948 287 in
962 261 1033 295 paul.
1045 268 1164 295 chVIII;
1184 261 1304 297 Cyrillus
1322 260 1597 297 Hierosolymitanus,
1617 261 1671 292 Ca-

882 307 947 334 teclt.
964 307 999 340 9;
1025 306 1213 335 Theodoretus
1237 307 1264 334 in
1288 306 1364 339 Gem,
1389 311 1484 342 quaest.
1501 307 1549 343 it;
1570 307 1671 335 Proco-

881 353 944 389 pius
959 354 987 380 in
1001 352 1107 386 Genes.,
1120 361 1181 389 cap.
1199 354 1211 380 Ι
1225 362 1231 386 ;
1248 352 1410 389 Hippolytus
1425 357 1451 380 et
1467 353 1631 381 Severianus
1641 354 1669 380 in

881 403 989 431 catena,
1016 399 1177 434 Euthymius
1200 399 1228 425 in
1246 399 1315 433 psal.
1331 406 1393 431 CIII;
1419 397 1538 429 Hilarius
1564 398 1668 433 inpsal.

883 451 999 477 cxxxvt;
1024 445 1198 476 Ambrosius,
1212 444 1259 471 lib.
1286 452 1305 471 II
1324 443 1465 476 Hexaem.,
1483 451 1543 479 cap.
1566 443 1583 470 5
1597 447 1624 471 et
1638 444 1671 477 L;

885 488 1066 524 Hieronymus
1081 488 1166 524 Epist.
1185 489 1219 516 ad
1237 488 1387 520 Oceanum;
1400 489 1527 523 August..
1540 488 1586 515 lib.
1600 497 1618 515 II
1635 488 1674 517 De

885 534 949 563 Gen.
978 535 1012 562 ad
1043 536 1107 567 Iitt.,
1130 543 1190 570 cap.
1217 535 1244 566 5,
1273 538 1301 563 et
1320 535 1367 562 lib.
1386 543 1412 562 xI
1432 533 1471 561 De
1494 534 1597 567 civitate
1614 533 1673 566 Dei,

885 589 946 617 cap.
959 582 1065 615 ultimo,
1083 587 1109 610 et
1124 582 1152 608 in
1162 581 1231 616 ρεαί.
1246 589 1312 614 cur;
1341 580 1505 608 Dracontius
1527 580 1674 616 Hispanus,

885 628 988 656 Marius
1006 628 1101 656 Victor
1114 629 1152 656 De
1166 636 1241 663 opere
1257 635 1302 654 se:
1318 627 1437 658 dierum,-
1450 626 1603 662 Drcpanius
1614 625 1676 654 Flo-

887 683 949 707 rus,
975 676 1002 702 in
1033 674 1144 710 liymno
1174 673 1258 701 trium
1286 680 1452 708 puerorum;
1483 671 1676 703 Cassiodorus.

887 721 1001 756 Haymo,
1015 720 1118 753 Bruno,
1129 724 1157 748 et
1168 720 1212 747 alii
1229 727 1299 754 quos
1311 719 1405 746 laudat
1420 718 1553 745 Martinus
1570 718 1678 745 Delrius

887 765 913 791 in
930 771 991 799 cap.
1012 771 1020 790 I
1039 762 1138 791 Genes.
1161 762 1352 798 ’Δμαθέστατα
1371 761 1453 797 igitur
1473 761 1602 788 Calvinus
1617 760 1677 788 bla-

887 815 956 839 terat
978 811 1048 838 hanc
1071 811 1234 838 sententiam
1261 818 1333 843 esse,
1349 813 1376 837 et
1396 817 1412 836 a
1434 817 1516 836 sensu
1539 809 1677 836 communi

888 857 1014 888 alienam,
1029 864 1090 883 cum
1105 863 1120 882 a
1133 860 1171 883 tot
1185 855 1324 887 Patribus,
1340 855 1429 890 iisque
1446 854 1625 888 doctissimis,
1643 854 1680 882 sit

887 911 944 931 uno
965 910 1012 930 ure
1034 906 1161 937 recepta;
1177 905 1204 929 et
1219 909 1333 937 prorsus
1349 901 1549 932 incredibilem,
1560 908 1621 927 cum
1635 908 1680 927 sa-

889 957 936 979 cra
949 948 1091 983 Scriptura
1103 949 1129 976 id
1146 948 1327 983 apertissimis
1342 947 1479 979 verbis,et
1491 946 1556 973 alibi
1571 946 1679 977 innuat,

889 996 964 1030 cujus
989 995 1075 1029 major
1091 999 1129 1022 est
1158 994 1317 1025 auctoritas,
1348 1001 1381 1021 ex
1412 992 1576 1028 Augustino,
1600 1000 1680 1026 quam

889 1042 974 1069 omnis
988 1041 1084 1076 ingenii
1093 1041 1355 1074 humanicapacitas.
1364 1039 1397 1066 Et
1407 1037 1634 1074 quemadmodum
1652 1037 1681 1064 in

890 1087 933 1114 his
948 1087 1022 1114 fatue
1030 1087 1138 1118 delirat,
1150 1087 1187 1114 ita
1200 1091 1227 1114 et
1239 1086 1305 1114 fides
1316 1086 1376 1121 ejus
1388 1089 1546 1118 accusatur,
1558 1088 1585 1111 et
1596 1084 1680 1111 veluti

889 1134 1033 1169 impostor,
1069 1134 1240 1168 mendaxque
1270 1131 1417 1163 refellitur,
1445 1138 1508 1158 cum
1537 1129 1681 1157 manifeste

891 1181 1023 1208 mentitur
1046 1180 1182 1211 scribens,
1197 1179 1355 1207 Catholicos
1367 1178 1435 1206 velle
1455 1185 1505 1213 pro
1519 1176 1571 1209 fide
1588 1181 1682 1204 tenen-

891 1226 968 1258 dum,
993 1226 1042 1253 has
1074 1233 1160 1260 aquas
1188 1232 1270 1261 supra
1295 1225 1381 1252 cmlos
1400 1231 1479 1251 veras
1503 1230 1588 1258 aquas
1609 1229 1681 1253 esse,

892 1278 954 1298 cum
970 1271 1049 1297 aliam
1074 1270 1238 1298 sententiam
1254 1277 1315 1305 qua:
1331 1276 1393 1297 cum
1414 1268 1467 1295 ista
1485 1267 1596 1294 minime
1615 1273 1683 1294 con-

893 1317 977 1348 venit,
990 1316 1123 1344 Catholici
1144 1316 1207 1352 viri,
1222 1316 1400 1350 maximaeque
1414 1313 1576 1341 eruditionis
1589 1312 1684 1347 vulgat.-

893 1363 948 1390 rint
964 1362 1082 1398 publice,
1104 1366 1131 1389 et
1157 1362 1246 1397 palam
1263 1361 1342 1388 tutati
1363 1361 1427 1387 sint.
1446 1359 1640 1388 Haereticorum
1659 1357 1684 1384 is

893 1416 953 1437 mos
971 1412 1023 1441 est,
1042 1411 1069 1435 et
1085 1407 1232 1440 dementia,
1249 1410 1278 1432 ut
1302 1413 1363 1440 qua:
1375 1404 1478 1431 dixeris
1499 1405 1640 1434 accusent,
1657 1404 1685 1428 et

894 1454 1020 1482 refellent
1042 1453 1150 1481 etiamsi
1179 1452 1322 1481 verissima
1345 1452 1410 1481 sint,
1431 1458 1491 1485 quis
1511 1457 1565 1477 non
1582 1447 1684 1476 dixeris

895 1502 1046 1536 imponant,
1059 1503 1089 1527 ut
1104 1499 1215 1532 iterum,
1231 1502 1258 1526 et
1274 1497 1461 1526 accusationis
1485 1500 1513 1524 et
1535 1495 1685 1530 reprehen-

895 1545 981 1573 sionis
1001 1552 1096 1573 ansam
1112 1544 1257 1578 arripiant.

928 1590 987 1619 Col.
1011 1590 1072 1622 712,
1090 1584 1139 1617 lin.
1156 1589 1201 1617 14.
1214 1589 1305 1616 Ὥστε
1321 1587 1371 1615 καὶ
1390 1587 1490 1617 ἐπάνω
1507 1584 1593 1613 εἶναι.
1613 1585 1686 1615 Con-

895 1637 1033 1664 stantinus
1051 1634 1190 1663 Manasses
1207 1634 1232 1661 in
1247 1633 1346 1664 Annal.
1357 1639 1368 1659 :

898 1700 966 1727 Τότε
979 1699 1028 1726 καὶ
1040 1698 1097 1732 τὴν
1111 1698 1300 1731 παντόχῑντον
1316 1696 1415 1732 φύσινΔ
1425 1695 1482 1728 τὴν
1496 1695 1622 1732 ὑδαζίαν

895 1736 950 1762 Kal
957 1734 1010 1767 τὰς
1017 1730 1174 1766 ἀϐύσσους
1181 1730 1297 1763 διελὼν,
1309 1732 1356 1758 καὶ
1366 1730 1479 1757 τούτων
1486 1730 1544 1767 μὲν
1556 1730 1686 1763 ἀρίστην

896 1770 975 1805 Πρὸς
994 1765 1273 1805 ὖψοςᾼάνεγγόητςν
1286 1766 1406 1805 κούφως
1417 1765 1598 1805 μεζεωρίσᾳς

899 1800 933 1832 Ti)
945 1800 978 1831 δὲ
990 1800 1039 1832 erit
1054 1800 1111 1839 hic;
1126 1801 1282 1830 ἀπολιπὼν
1294 1801 1406 1834 ἔστησε
1420 1801 1527 1827 τούτων
1541 1800 1648 1834 μέσον.

931 1867 983 1893 Τὸν
1001 1865 1115 1902 οὐρανὸν
1129 1864 1224 1899 ὥσπερ
1237 1861 1373 1900 φραγμὸν,
1387 1861 1481 1896 ὥσπερ
1504 1859 1616 1896 στερρὸν
1629 1866 1686 1886 cet-

897 1912 964 1948 χιον.
983 1913 1012 1940 1η
1027 1918 1109 1939 versu
1124 1909 1246 1938 secundo
1257 1908 1418 1936 καὶτούτων
1432 1907 1479 1943 μὲν
1498 1907 1612 1942 ἀρίστην
1620 1906 1684 1941 quid

898 1961 934 1988 sit
958 1967 1012 1986 non
1038 1959 1127 1993 capio.
1142 1957 1256 1992 Corrigo
1272 1956 1319 1982 καὶ
1340 1955 1444 1982 τούτων
1457 1955 1488 1981 τὸ
1502 1954 1551 1990 μὲν
1565 1955 1630 1981 ἄνω.
1647 1953 1686 1980 Ita

897 2006 970 2034 enim
996 2010 1023 2032 et
1038 2005 1180 2036 veritatem
1205 2003 1264 2035 Dei,
1284 2007 1311 2031 ct
1331 2001 1453 2029 auctoris
1470 2004 1589 2028 mentem
1608 2007 1687 2027 asse-

899 2059 1023 2087 quemur.
1044 2050 1097 2078 Sed
1119 2050 1153 2077 ad
1177 2049 1243 2085 quid
1262 2056 1339 2084 aquae
1353 2048 1407 2076 illa:
1420 2054 1481 2083 qua:
1500 2054 1583 2082 supra
1602 2046 1687 2074 cmlos

899 2097 979 2126 sunt?
1003 2096 1153 2130 Procopius
1180 2098 1208 2122 et
1233 2093 1432 2125 Theodoretus,
1449 2100 1483 2120 ne
1499 2092 1551 2125 sol,
1571 2092 1636 2119 luna
1659 2095 1688 2119 et

899 2147 973 2175 astra
990 2146 1083 2177 utpote
1100 2142 1195 2177 ignita,
1223 2141 1324 2168 caelum
1342 2148 1375 2168 ex
1391 2140 1470 2175 aquis
1485 2139 1563 2174 quasi
1576 2138 1688 2174 congla-

56 2185 291 2221 quemadmOdum
318 2185 429 2217 θωίυῐηι
454 2189 482 2219 ει
507 2189 582 2212 ³⁵ι¹⁸³
607 2185 686 2220 ignea
707 2191 769 2216 esse
786 2184 847 2219 iline
863 2187 884 2214 ι)
899 2191 999 2218 ciatum
1016 2189 1184 2221 dissoluant;
1204 2187 1288 2220 Beda,
1298 2187 1332 2214 ad
1345 2185 1550 2222 temperandum
1569 2185 1687 2212 calorem

57 2232 178 2268 quodam
193 2231 310 2266 caelesti,
321 2232 367 2266 qui
383 2231 590 2267 praestantioris,
606 2238 686 2266 quam
700 2231 848 2258 elementa-

57 2279 100 2306 ris
125 2282 168 2306 est
190 2283 306 2309 naturae.
324 2277 428 2313 fulgore
453 2277 541 2305 solum
558 2277 679 2304 referens
693 2277 780 2308 illum,
793 2283 849 2310 non

58 2325 143 2352 etiam
169 2324 262 2351 calore
285 2327 314 2351 et
340 2324 473 2352 siccitate.
496 2323 590 2358 itaque
609 2330 708 2350 nomen
723 2323 804 2359 ignis,
823 2327 850 2350 et

59 2377 138 2407 aqua
163 2379 218 2398 non
248 2372 357 2405 proprie
380 2370 434 2398 dici
458 2370 491 2397 de
510 2370 642 2405 utrisque,
660 2370 708 2397 sed
726 2370 849 2405 analogia

58 2419 191 2453 quadam,
207 2420 238 2445 ut
252 2417 289 2444 sit
302 2417 401 2451 duplex
421 2416 492 2451 ignis
505 2419 532 2443 et
547 2416 645 2450 duplex
663 2423 733 2450 aqua
750 2423 850 2443 secun-

59 2464 124 2491 dum
150 2462 318 2498 analogiam,
330 2462 505 2493 elementaris
530 2461 635 2489 scilicet
660 2466 688 2489 et
720 2461 848 2489 caelestis.

60 2509 211 2538 Multorum
228 2512 320 2536 tamen
347 2508 460 2536 Patrum
475 2507 701 2542 quemadmodum
713 2511 741 2535 et
754 2507 851 2535 Eusta-

60 2555 110 2582 thii
122 2554 175 2582 fuit
188 2554 334 2586 sententia,
350 2561 398 2581 eas
411 2561 496 2588 aquas
507 2560 570 2580 esse
582 2560 660 2581 veras
674 2560 770 2588 aquas,
780 2553 852 2588 ejus-

60 2601 180 2636 demque
205 2600 314 2636 generis
342 2603 370 2630 οι
399 2599 495 2627 format
517 2605 579 2625 cum
602 2598 646 2627 his
665 2597 849 2628 inferioribus.

62 2646 180 2682 Ideoque
194 2647 244 2674 has
256 2654 341 2682 aquas
357 2653 373 2673 a
387 2645 444 2673 Deo
460 2652 543 2680 supra
557 2645 656 2672 ctutum
668 2644 773 2679 positas
786 2652 852 2673 cen-

61 2699 131 2726 sent,
159 2699 189 2721 ut
219 2693 299 2721 insiti
325 2692 427 2728 algoris
441 2691 644 2727 propinquitate
654 2710 661 2723 ,
676 2690 765 2726 ignem
780 2689 852 2718 side-

62 2748 151 2772 reum,
165 2741 355 2774 fervoremque
373 2738 432 2766 axis
442 2736 554 2765 aetherei
567 2737 733 2769 minuerent,
742 2743 774 2764 ac
784 2741 853 2763 tem-

65 2790 201 2821 Ierarent.
222 2785 262 2812 ita
281 2784 408 2812 Clemens
423 2784 564 2812 Romanus
582 2782 631 2810 lib.
652 2789 671 2810 II
701 2781 851 2817 Recognit.;

63 2831 190 2861 Justinus
215 2834 331 2867 martyr,
346 2833 442 2867 quaest.
459 2829 503 2863 95,
527 2827 562 2856 ad
580 2827 764 2862 Orthodozros;
779 2827 853 2857 Basi-

900 2244 932 2266 ex
947 2236 973 2263 vi
990 2239 1016 2263 et
1036 2239 1113 2262 motu
1138 2234 1258 2262 sidcrum
1271 2237 1379 2266 ortum;
1395 2232 1532 2263 Justinus,
1546 2231 1580 2258 ad
1596 2230 1688 2265 depri-

899 2280 1026 2308 mendum
1053 2279 1264 2312 firmamentum,
1277 2285 1312 2306 ne
1333 2285 1445 2305 sursum
1455 2276 1576 2309 feratur;
1592 2275 1689 2302 Hiero-

900 2334 1000 2362 nymus
1023 2325 1156 2358 oleaster,
1171 2328 1202 2357 ut
1228 2324 1257 2351 in
1282 2323 1385 2351 diluvio
1400 2322 1456 2351 Noe
1469 2331 1518 2358 per
1533 2325 1689 2350 cataractas

901 2373 1007 2400 emissa:
1018 2375 1118 2399 terram
1130 2371 1287 2398 obruerent.
1295 2369 1346 2397 Alii
1358 2373 1388 2396 ut
1398 2369 1466 2397 solis
1477 2373 1505 2396 et
1515 2369 1586 2396 lunae
1596 2367 1688 2395 radios

902 2419 1075 2448 reverberent
1099 2425 1201 2452 eosque
1225 2417 1354 2444 deorsum
1372 2415 1406 2444 ad
1421 2420 1521 2443 terram
1543 2413 1686 2449 repellant.

901 2465 953 2492 Alii
971 2464 1006 2491 ad
1026 2467 1153 2491 ornatum
1169 2463 1300 2494 universi,
1315 2466 1372 2488 tum
1392 2464 1423 2489 ut
1438 2460 1537 2488 matrix
1553 2460 1612 2487 haec
1629 2465 1687 2486 caa-

902 2510 990 2539 lorum
1016 2509 1164 2537 creationis
1193 2508 1275 2535 index
1298 2510 1429 2538 exstaret,
1445 2513 1527 2541 quam
1552 2512 1636 2539 supra
1658 2512 1688 2532 se

902 2554 966 2587 θεοιί
982 2561 1091 2588 semper
1116 2554 1297 2586 intuerentur,
1314 2555 1371 2579 tum
1387 2551 1420 2579 ad
1435 2551 1602 2586 voluptatem
1624 2557 1688 2578 san-

901 2604 1019 2632 ctorum,
1042 2605 1074 2628 ut
1099 2602 1177 2636 aquis
1204 2600 1280 2628 hisce
1300 2598 1465 2635 crystallinis
1488 2597 1559 2625 oculi
1573 2603 1689 2632 pascan-

902 2651 957 2675 tur.
973 2646 1023 2675 Vel
1038 2650 1069 2674 ut
1090 2647 1162 2674 sicut
1190 2654 1260 2682 aqua
1284 2647 1341 2675 lIa‘c
1366 2645 1422 2673 aeri
1440 2648 1545 2677 nostro,
1561 2643 1598 2671 ita
1611 2648 1690 2677 aqua:

903 2692 955 2719 illae
977 2691 1165 2719 subservirent
1175 2691 1280 2723 aetheri,
1291 2691 1339 2726 qui
1353 2694 1396 2718 est
1410 2690 1440 2718 in
1457 2689 1528 2717 caelo
1549 2695 1687 2724 empyreo.

904 2738 980 2766 Mitto
993 2745 1080 2773 nugas
1094 2736 1220 2764 aliorum.

940 2780 1022 2812 lbid..
1042 2780 1089 2807 lin.
1108 2779 1152 2807 i8.
1175 2779 1207 2806 '0
1238 2779 1272 2806 δὲ
1299 2779 1387 2813 αιθῖιρ
1406 2778 1554 2813 πυρώδης.
1572 2775 1690 2805 Basilius

905 2828 979 2856 hom.
995 2827 1032 2855 5:
1050 2826 1101 2854 Τὸν
1122 2825 1149 2852 δὲ
1166 2825 1262 2862 αἰθέρα
1273 2833 1315 2856 τις
1330 2825 1494 2860 ἀμφιϐάλλει
1512 2824 1549 2860 μὴ
1563 2823 1624 2859 οὐχὶ
1642 2830 1689 2848 πυ-
