1903 3068
249 102 299 130 831

922 109 1046 138 LEOle
1064 110 1202 140 ALLATII

1823 118 1870 146 838

249 162 320 197 ρὼὀη
346 159 415 189 εἶναι
439 164 486 190 καὶ
508 157 619 200 διακαῆ,
639 166 668 198 ὃς
683 167 707 193 εί
730 167 767 203 μὴ
783 167 821 203 τῷ
838 168 977 204 ἀναγκαίῳ
992 178 1021 196 το

1089 174 1143 203 tur,
1159 175 1186 198 et
1199 175 1241 198 est
1259 171 1360 207 pluvia,
1379 181 1427 200 seu
1445 174 1543 208 stillae;
1565 175 1588 202 si
1603 175 1655 203 erit
1666 176 1794 212 spissior,
1806 177 1870 205 ﬁunt

248 209 408 243 ποιήσαντος
433 210 512 237 αῡτδν
538 211 593 247 ὅρῳ
619 213 771 248 κατείχετο,
797 214 824 240 τί
842 214 874 242 ἂν
899 215 1034 242 ἐκώλυσεν

245 253 328 281 αὐτὸν
343 255 430 282 πάντα
447 257 615 291 φλογίζοντα,
625 259 672 286 καὶ
689 261 923 297 καταπιμπρῶντα
936 262 1033 297 συνεχῆ

246 299 337 326 πᾶσαν
362 302 428 336 ὁμοῦ
448 302 498 338 τὴν
515 304 544 329 ὲν
566 305 623 336 τοῖς
649 303 724 335 οὖσιν
746 305 914 339 ἐξαναλῶσαι
931 307 1034 340 νοτίδας

247 346 296 372 Διά
310 346 396 374 ταῦτα
415 348 486 384 ὕδωρ
507 349 599 385 ἀέριον
613 350 717 384 γίνεται
729 352 893 387 νεφουμένου
912 352 958 380 τοῦ
978 353 1034 380 ἄνω

245 399 328 418 τοπου
343 393 375 419 ὲκ
389 394 438 428 τῆς
451 394 589 430 ἀναφορᾶς
604 396 659 425 τῶν
673 396 832 431 ἀτμῶν,οὒς
846 399 972 434 ποταμοὶ,
986 399 1034 426 καὶ

245 438 354 473 κρῆναι,
376 439 422 466 καὶ
437 440 550 476 τενάγη,
566 441 615 468 καὶ
629 441 733 477 λίμναι,
748 443 796 470 καὶ
820 444 925 480 πελᾴγη
943 445 1033 472 πάντα

245 484 384 518 προΐενται
409 485 446 517 ὡς
467 485 500 512 ἂν
515 487 553 522 μὴ
571 487 659 516 πάντα
676 488 822 524 πυρακτῶν
841 490 855 516 ὁ
874 489 955 526 αίθὴρ
970 491 1031 518 ἐπι-

245 528 331 556 λάϐοι.
347 529 443 558 ᾹΞιιιει·
454 532 519 566 quid
535 533 581 565 sit,
598 541 651 560 non
664 542 717 560 una
733 538 775 562 est
788 535 909 563 omnium
922 541 1032 564 senten-

244 574 298 608 tia;
316 575 425 610 quidam
443 578 633 607 existimarunt
654 587 715 607 esse
741 587 829 609 aerem
847 581 973 617 ignitum,
985 583 1032 610 alii

244 621 356 648 caelum.
372 621 540 658 Porphyrius
555 629 582 652 et
601 630 664 654 ante
687 634 750 654 eum
775 627 899 663 Orpheus
913 633 1029 658 mentem

244 671 271 693 ct
287 667 452 696 intellectum
469 669 544 698 Jovis
567 673 748 706 appellarunt,
763 674 922 702 Aristoteles
952 676 998 703 lib.
1022 684 1029 703 l

242 711 282 739 De
295 713 369 745 caelo,
387 721 446 749 cap.
463 715 489 745 3.
512 720 539 744 et
554 718 641 751 primo
657 718 779 752 Meteon,
804 728 912 748 necnon
928 726 955 749 et
980 721 1028 750 lib.

242 758 282 784 De
295 759 402 791 mundo,
417 761 439 787 si
457 765 547 789 tamen
571 763 732 795 Aristoteles
751 765 813 792 libri
836 765 910 794 illius
935 772 1030 795 auctor

242 807 301 836 est.
330 805 364 832 ad
394 805 589 841 Alexandrum,
617 810 718 838 aethera
756 811 817 839 coeli
856 812 1029 848 siderumque

242 849 433 883 substantiam,
447 853 609 881 elementum
632 863 647 882 a
667 861 784 891 quatuor
797 857 858 885 aliis
869 858 1027 886 sublunari-
1040 849 1064 879 Β

242 895 294 923 bus
305 896 454 930 diversum,
465 899 598 932 divinum,
612 906 637 929 et
653 903 838 938 corruptionis
852 911 960 939 expers,
972 912 1027 933 non

240 949 274 969 eo
299 944 408 978 quidem
436 947 649 983 nomine;quod
673 957 735 976 cum
762 950 840 986 ignea
867 952 903 979 sit
920 952 1026 988 ﬂagret.

241 986 294 1014 Sed
309 989 381 1023 quod
391 991 435 1017 ἀεὶ
445 991 495 1019 θεῖ.
510 993 632 1028 Οὐρανοῦ
648 994 675 1024 δὲ
689 995 735 1022 καὶ
747 995 856 1032 ἄστρων
870 986 967 1024 οὐσίαν
978 998 1027 1034 μὲν

239 1034 335 1070 αἰθέρα
353 1035 497 1072 καλοῦμεν,
513 1039 562 1074 οὐχ
575 1039 612 1071 ὥς
626 1049 707 1073 τινες,
723 1041 766 1068 διά
776 1042 806 1068 τὸ
821 1042 930 1079 πυρώδη
944 1041 1026 1071 οὖσαν

238 1081 373 1114 αἴθεσθαι,
390 1083 612 1119 πλημμελοῦντες
637 1088 703 1122 περὶ
724 1089 773 1124 τὴν
799 1089 922 1117 πλεῖστον
942 1090 1026 1126 πυρὸς

239 1126 451 1166 ἀπηλλαγμένην
471 1131 595 1167 δύναμιν,
613 1133 680 1161 ἀλλὰ
693 1134 737 1160 διὰ
749 1135 779 1161 τὸ
794 1136 838 1162 ἀεὶ
855 1136 911 1163 θεῖν
928 1137 1025 1164 κυκλο-

239 1175 412 1211 φορουμένην
437 1179 567 1212 στοιχεῖον
586 1177 667 1206 οὖσαν
697 1180 788 1216 ἕτερον
811 1181 865 1208 τῶν
887 1183 1025 1219 τεσσάρων

239 1220 377 1256 ἀκήρατόν
392 1231 422 1248 τε
437 1224 483 1251 καὶ
500 1224 578 1251 θεῖον.
595 1225 626 1253 Et
642 1226 688 1254 lib.
711 1235 720 1254 ι
745 1227 784 1255 De
798 1229 861 1256 ca‘lo
878 1229 1025 1263 reprehen-

239 1265 279 1293 dit
303 1266 502 1303 Anaxagoram,
531 1270 603 1305 quod
632 1279 681 1306 pro
699 1272 769 1308 igne,
794 1274 921 1302 aetherem
945 1275 1022 1308 dixit,

237 1312 310 1346 quod
328 1317 355 1339 et
372 1314 443 1341 alios
464 1315 562 1343 fecisse
588 1318 656 1345 satis
671 1323 765 1346 notum
785 1325 837 1348 est.
854 1320 887 1348 Hi
907 1329 1024 1357 namque

236 1356 272 1383 ab
294 1357 371 1390 αῐθω,
385 1367 440 1386 non
469 1361 504 1388 ab
525 1362 567 1388 ἀεὶ
591 1362 657 1393 θεῖν.
675 1365 803 1393 aetherem
826 1356 1023 1399 deducunt,rin

234 1410 318 1437 quam
346 1407 506 1434 sententiam
524 1412 551 1435 et
569 1408 664 1437 Cicero
683 1411 730 1437 lib.
745 1419 763 1437 ll
791 1411 830 1439 De
845 1417 940 1440 natura
962 1414 1024 1441 dea-

241 1456 300 1474 rum
319 1449 401 1478 ivisse
416 1451 540 1486 videtur;
560 1458 587 1481 et
609 1453 766 1483 Phornutus
781 1456 845 1484 item
862 1458 900 1485 De
926 1464 1022 1487 natura

1086 215 1199 248 imbres,
1217 222 1298 251 atque
1314 218 1410 245 nimbi.
1429 219 1467 246 Ex
1487 219 1587 254 quibus
1607 220 1643 248 ita
1664 221 1793 248 lacunam
1807 229 1869 257 sup-

1085 261 1128 295 ple
1147 271 1152 288 :
1169 261 1273 289 Γίνεται
1300 263 1329 289 δὲ
1351 263 1438 295 οὕτως
1461 265 1477 291 ό
1505 265 1590 296 ὺετός.
1616 265 1781 301 Συνάγονται
1808 269 1868 302 capt

1084 307 1124 339 τὸ,
1137 312 1188 336 etc.
1545 348 1548 350 η

1119 356 1198 390 lbid.,
1217 358 1265 386 lin.
1278 359 1322 386 27.
1344 359 1423 386 Ἡδὲ
1435 359 1508 395 χιὼν
1523 360 1557 388 ἐκ
1570 360 1630 388 τῶν
1641 361 1769 389 ὑδάτων.
1790 361 1866 390 Basi-

1082 401 1146 433 lius,
1170 403 1244 430 hom.
1271 404 1308 432 3:
1326 405 1409 431 ὐταν
1436 405 1465 432 δὲ
1494 406 1525 432 τὺ
1545 407 1626 442 ὑγρὸν
1640 406 1790 444 ὲξαφρισθῇ
1810 412 1866 442 ταῖς

1083 447 1154 482 βίαις
1168 449 1221 476 τῶν
1235 450 1343 485 ἀνέμων
1354 451 1499 484 ἀνακοπὲν,
1513 451 1572 479 εἶτα
1585 454 1626 485 είς
1639 454 1724 491 ἀκρον
1745 455 1866 492 καταψυα

1082 496 1145 532 χθὲν
1160 497 1220 524 ὅλον
1235 497 1268 524 δι’
1290 498 1351 525 ὅλου
1366 500 1456 534 παγῇ,
1476 499 1642 536 θραυομένου
1657 501 1705 528 τοῦ
1724 501 1834 538 νέφους,
1848 505 1864 539 ἡ

1082 542 1149 577 χιὼν
1169 544 1363 579 καταφέρεται.
1382 544 1443 572 Non
1467 545 1611 574 dissimilia
1631 548 1713 576 habet
1733 547 1865 584 Georgius

1081 587 1188 617 Pisides
1213 589 1252 617 De
1279 591 1368 618 mundi
1393 593 1515 627 api/icio;
1543 593 1649 622 Plinius
1676 595 1864 629 lib.it,c.60,

1082 634 1242 662 Grandinem
1258 637 1422 672 conglaciato
1439 638 1521 666 imbre
1535 640 1622 675 gigni,
1637 645 1661 667 et
1675 641 1761 668 nivem
1778 642 1865 669 eodem

1082 679 1315 709 humoremollius
1342 688 1442 715 coacto,
1458 684 1580 718 pruinam
1597 691 1684 712 autem
1699 693 1732 713 ex
1750 694 1812 714 rore
1825 695 1866 722 ge-

1081 725 1146 753 lido.
1168 726 1221 755 Sed
1243 728 1318 755 brevi
1335 729 1362 756 id
1375 730 1542 764 explicemus
1569 738 1706 760 sermone.
1728 731 1758 759 Si
1784 741 1866 768 vapor

1081 772 1210 800 humidus
1228 774 1256 801 in
1273 775 1345 802 aeris
1368 775 1456 803 media
1478 776 1589 811 regione
1603 777 1752 805 subvectus
1767 778 1864 806 densa-

1079 823 1135 851 tur,
1150 827 1200 847 nec
1221 823 1278 856 tum
1302 821 1470 856 congelatur,
1483 821 1512 848 lit
1525 823 1627 857 pluvia,
1641 823 1683 850 vel
1705 825 1864 859 congelatur

1077 866 1235 902 priusquam
1271 867 1299 894 in
1335 875 1432 902 aquam
1456 873 1639 903 convertatur,
1661 873 1688 897 et
1710 870 1740 897 lit
1761 871 1810 898 nix
1832 879 1862 900 ex

1077 909 1177 945 frigore
1203 914 1260 938 tum
1280 911 1386 939 fortiori
1398 920 1478 947 quam
1494 913 1597 948 pluvia,
1612 914 1655 941 vel
1673 919 1820 951 postquam
1836 917 1863 944 in

1077 962 1175 990 aquam
1198 955 1336 984 resolutus
1366 957 1459 991 fuerit,
1475 962 1502 985 et
1517 958 1546 985 ﬁt
1566 959 1686 994 grando;
1700 960 1723 988 si
1735 969 1822 996 vapor
1836 962 1862 990 in

1076 999 1169 1027 inlima
1193 1001 1305 1037 regione
1328 1002 1401 1030 aeris
1424 1003 1558 1036 subsidet,
1583 1005 1626 1033 vel
1653 1005 1817 1041 congelatur
1837 1011 1862 1035 et

1075 1045 1106 1072 llt
1131 1046 1240 1081 pruina,
1264 1047 1307 1074 vel
1334 1055 1388 1075 non
1419 1049 1588 1083 congelatur,
1607 1054 1632 1078 et
1650 1050 1678 1078 fit
1694 1059 1751 1079 ros.
1769 1051 1860 1080 Nivem

1075 1091 1299 1119 candidissimam
1313 1092 1418 1128 nigram
1432 1093 1526 1121 invitis
1540 1095 1668 1124 sensibus
1678 1097 1788 1124 volebat
1803 1105 1862 1125 esss

1057 1138 1330 1177 .Anaxagoras,quia
1341 1141 1414 1165 esset
1424 1146 1494 1173 aqua
1506 1145 1645 1169 concreta.
1661 1141 1762 1169 Sextus
1772 1141 1861 1177 Empi-

1075 1182 1149 1210 ricus
1173 1181 1320 1218 Pyrrlion.,
1335 1183 1468 1220 Hypotyp.
1482 1186 1530 1213 lib.
1547 1194 1566 1218 ι,
1583 1193 1643 1221 cap.
1661 1186 1705 1219 l5,
1720 1187 1860 1223 Νοούμενα

1073 1229 1102 1255 δὲ
1119 1230 1300 1265 φαινομένοις,
1325 1230 1362 1262 ὡς
1384 1231 1398 1257 ὁ
1419 1230 1602 1267 Ἀναξαγόρας
1626 1233 1656 1260 τὸ
1678 1233 1780 1269 λευκὴν
1794 1231 1860 1261 εἶναι

1073 1276 1121 1311 τὴν
1144 1276 1231 1312 χιόνα,
1255 1277 1398 1310 ἀντετεθει,
1412 1278 1453 1304 ὅτι
1471 1277 1537 1312 χιὼν
1558 1277 1630 1314 ὖδὶυρ
1647 1279 1705 1305 ἐστὶ
1722 1280 1858 1314 πεπηγός

1073 1322 1104 1348 τὺ
1116 1322 1143 1348 δὲ
1155 1322 1227 1358 ὕδωρ
1242 1323 1300 1349 ἐστὶ
1316 1323 1410 1358 μέλαν,
1424 1324 1471 1350 καὶ
1484 1325 1500 1359 ἡ
1517 1323 1582 1359 χιὼν
1595 1325 1648 1360 ἀρα
1663 1325 1779 1360 μέλαινά
1791 1326 1857 1353 ἐστι.

1073 1368 1139 1402 Quae
1169 1368 1368 1404 argumentatio
1386 1370 1429 1397 vel
1450 1378 1485 1397 ex
1506 1371 1553 1397 illo
1573 1371 1631 1398 solo
1654 1371 1742 1399 refelli
1761 1376 1857 1407 potest,

1073 1415 1145 1449 quod
1174 1415 1306 1442 terminos
1334 1415 1362 1442 in
1386 1417 1618 1451 propositionibus
1634 1421 1732 1449 mutet,
1745 1425 1815 1452 quos
1836 1418 1858 1446 si

1072 1467 1128 1487 non
1151 1464 1278 1492 mutaret,
1298 1461 1356 1496 ipsa
1370 1468 1418 1496 per
1434 1469 1463 1489 se
1476 1467 1567 1490 rueret
1578 1467 1705 1498 essetque
1716 1463 1833 1491 ridicula
1849 1474 1855 1491 :

234 1495 356 1528 deorum,
371 1504 431 1532 cap.
448 1497 484 1526 De
497 1500 566 1527 caelo
581 1500 628 1527 ;Ἦ
644 1501 671 1528 δὲ
694 1503 771 1529 οὐσία
795 1503 876 1531 αὐτοῦ
894 1505 1021 1542 πυρώδης

1075 1505 1132 1541 ipse
1145 1505 1185 1533 sic
1206 1495 1352 1539 formabat,
1370 1495 1422 1534 Nix
1436 1511 1478 1535 est
1493 1516 1562 1543 aqua
1576 1495 1720 1540 concreta;
1734 1517 1805 1544 aqua
1819 1513 1858 1537 est

234 1541 322 1575 ἐστιν,
339 1543 378 1575 ὡς
404 1544 482 1580 δῆλον
506 1546 539 1572 ὲκ
569 1547 615 1574 τοῦ
638 1548 713 1583 ἡλίου
739 1549 785 1576 καὶ
810 1550 842 1576 ὲκ
861 1551 915 1577 τῶν
935 1541 1021 1579 sum

232 1588 351 1625 ἄστρων.
370 1589 452 1617 Ὅθεν
469 1592 515 1619 καὶ
531 1592 613 1628 αἰθὴρ
628 1593 729 1630 ἐκλήθη
744 1595 775 1621 τὸ
791 1595 923 1627 ἐξώτατον
940 1597 1021 1633 μέρος

234 1635 282 1662 τοῦ
298 1636 399 1672 κόσμου
409 1637 464 1664 ἀπὺ
474 1638 521 1665 τοῦ
537 1639 671 1667 αἴθεσθαι.
685 1639 847 1670 Eustathius
863 1647 954 1670 tamen
976 1644 1020 1671 hic

235 1689 286 1716 pro
299 1682 399 1711 aethere
413 1688 540 1718 quartum
557 1686 722 1714 elementum
741 1687 878 1724 intelligit,
894 1689 1020 1720 videlicet

234 1727 336 1761 ignem,
352 1729 398 1764 qui
413 1733 497 1758 totam
512 1735 612 1759 terram
627 1740 676 1760 sua
691 1733 718 1760 vi
735 1737 762 1760 et
777 1733 905 1764 facultate
920 1743 1020 1763 consu-

235 1777 331 1807 meret,
344 1775 397 1802 nisi
412 1780 440 1804 et
459 1776 539 1812 jussu
561 1777 665 1809 divino.
682 1782 709 1806 ct
726 1779 804 1815 aquis
817 1781 905 1809 aereis
915 1781 1021 1809 detine—

234 1822 320 1846 retur.

270 1865 329 1893 Col.
341 1867 400 1901 712,
414 1867 462 1896 lin.
474 1868 519 1897 22.
531 1870 714 1906 Συνάγονται
727 1873 793 1907 περὶ
804 1873 837 1900 τὸ
846 1873 933 1908 ὕψος.
943 1873 1020 1902 Basi-

232 1909 288 1938 lius
311 1912 384 1939 hom.
410 1913 652 1950 ὅτΣυναγομένων
671 1917 725 1953 γὰρ
744 1918 798 1944 τῶν
814 1919 1019 1955 ἀναθυμιάσεων

233 1957 298 1993 περὶ
310 1958 340 1985 τὸ
355 1958 432 1994 ὕψος,
445 1960 492 1987 καὶ
506 1963 693 1998 πυκνουμένου
704 1963 750 1990 τοῦ
764 1964 844 2000 ἀέρος
854 1967 914 1997 ταῖς
923 1967 954 1992 ὲκ
965 1966 1019 1994 τῶν

233 2003 396 2038 πνευμάτων
409 2005 545 2042 πιλήσεσι,
554 2007 618 2034 ὅταν
629 2009 678 2044 μὲν
690 2009 717 2036 αἱ
731 2010 799 2042 τέως
813 2011 961 2046 ἀτμοειδῶς
972 2012 1019 2038 καὶ

233 2049 339 2082 λεπτῶς
347 2051 546 2089 ὲνεσπαρμέναι
554 2054 593 2089 τῷ
603 2054 677 2090 νέφει
685 2056 785 2088 νοτίδες
796 2056 924 2092 ἀλλήλαις
934 2066 1017 2094 προσ-

233 2097 393 2132 χωρήσωσι,
412 2099 540 2134 σταγόνες
564 2101 682 2135 γίνονται
717 2102 754 2138 τῷ
773 2103 850 2138 βάρει
872 2103 928 2130 τῶν
954 2112 1018 2139 συγ-

234 2141 381 2178 κριθέντων
408 2145 556 2181 φερόμεναι
575 2147 606 2174 τὸ
620 2148 704 2175 κάτω.
721 2150 776 2176 Καὶ
792 2150 861 2186 αὕτη
876 2150 954 2177 ὑετοῦ
970 2151 1017 2185 γέ-

1072 1551 1161 1587 nigra,
1174 1558 1238 1586 ergo
1253 1551 1299 1578 nix
1313 1555 1355 1580 est
1368 1552 1445 1587 nigra
1460 1562 1466 1580 :
1483 1561 1546 1580 cum
1561 1553 1598 1581 ita
1614 1557 1688 1582 esset
1704 1554 1855 1582 formanda.

1070 1596 1121 1624 Nix
1148 1601 1189 1625 est
1210 1605 1281 1632 aqua
1311 1602 1452 1631 concreta,
1466 1606 1537 1634 aqua
1556 1603 1684 1627 concreta
1706 1604 1750 1627 est
1771 1601 1855 1635 nigra,

1071 1647 1137 1670 tunc
1162 1643 1256 1678 utique
1280 1647 1449 1679 sequeretur,
1475 1652 1541 1680 ergo
1567 1645 1615 1672 nix
1637 1649 1680 1672 est
1700 1645 1790 1680 nigra.
1808 1646 1856 1674 Sed

1070 1689 1132 1723 quis
1157 1689 1318 1716 concederet
1342 1697 1440 1724 aquam
1469 1695 1624 1718 concretam
1652 1699 1716 1719 esse
1736 1692 1857 1727 nigram?

1070 1742 1133 1761 cum
1152 1743 1250 1770 aquam
1279 1735 1361 1763 etiam
1378 1736 1465 1770 ipsam
1485 1736 1536 1764 etsi
1555 1744 1610 1764 non
1643 1742 1803 1765 concretam
1816 1739 1855 1765 ni-

1070 1789 1146 1816 gram
1158 1789 1220 1809 esse
1230 1789 1285 1809 non
1297 1781 1454 1810 allirmaret.

1106 1826 1185 1859 lbid.,
1209 1827 1258 1854 lin.
1286 1827 1330 1854 3i.
1352 1827 1385 1854 Ἢ
1399 1827 1433 1854 δὲ
1454 1828 1571 1861 ,βροντὴ
1585 1828 1661 1855 κατὰ
1676 1829 1788 1857 τοῦτον
1808 1830 1856 1856 τὸν

1068 1874 1171 1908 λόγον.
1202 1873 1339 1906 Basilius,
1369 1874 1443 1900 hom.
1464 1874 1480 1901 5
1501 1884 1507 1901 :
1525 1875 1586 1910 Τὴν,
1609 1874 1665 1910 γὰρ
1690 1875 1856 1911 neptibus:

1070 1917 1117 1944 καὶ
1155 1918 1314 1948 ἀντιτυπίαν
1347 1918 1394 1945 τοῦ
1432 1919 1585 1954 πνεύματος
1620 1918 1669 1945 τοῦ
1706 1920 1856 1955 ἐναπολαμ-

1069 1964 1217 2000 ϐανομένου
1235 1966 1295 1996 ταῖς
1323 1964 1459 2000 κοιλότησι
1485 1965 1538 1991 τῶν
1559 1965 1659 2000 νεφῶν,
1687 1966 1736 1992 καὶ
1765 1966 1808 1993 διὰ
1829 1966 1856 1992 τὸ

1070 2009 1166 2045 βιαίως
1202 2010 1385 2046 ὲκρήγνυσθαι
1418 2011 1481 2042 τοὺς
1523 2011 1574 2042 τὰς
1607 2010 1723 2047 βροντὰς
1761 2012 1857 2038 ἀποτε-

1068 2056 1182 2088 λοῦντας
1208 2057 1320 2091 ψόφους,
1341 2057 1484 2092 στερέωσιν
1496 2056 1611 2093 βροντῆς
1628 2059 1644 2092 ὴ
1658 2057 1757 2093 Γραφὴ
1775 2066 1855 2093 προσ-

1068 2102 1226 2138 ηγόρευσεν.
1254 2101 1401 2137 Gregorius
1429 2102 1617 2130 Nazianzenus
1647 2102 1686 2130 De
1700 2104 1854 2139 theologia:

1069 2148 1106 2174 Tt
1137 2150 1181 2184 μοὶ
1211 2149 1400 2184 φιλοσοφήσεις
1431 2149 1496 2184 περὶ
1525 2149 1671 2184 ἀστραπῶν
1703 2149 1753 2176 καὶ
1783 2150 1855 2185 βρον-

235 2196 316 2220 νεσις.
334 2189 466 2225 Georgius
486 2191 590 2221 Pisides
605 2193 644 2221 De
658 2195 749 2222 mundi
765 2196 884 2231 api/icio,
898 2204 958 2231 pag.
973 2196 1016 2229 l9,

1075 2194 1134 2227 τῶν,
1153 2191 1175 2221 ὦ
1191 2194 1308 2230 βροντῶν
1325 2194 1379 2222 ἀπὸ
1393 2194 1443 2229 γῆς
1461 2194 1504 2225 σὺ,
1519 2194 1566 2220 καὶ
1581 2194 1642 2220 οὐδὲ
1660 2195 1772 2229 μικροῖς
1783 2202 1855 2221 σπιν-

233 2238 262 2263 et
280 2235 385 2264 Plinius
397 2238 447 2265 lib.
475 2246 507 2271 11,
524 2240 607 2274 capit.
622 2240 656 2267 42
669 2250 676 2268 :
695 2240 780 2268 Extra
793 2242 841 2269 has
856 2250 951 2269 causa:
966 2251 1018 2270 non

231 2283 380 2316 negaverim
403 2284 529 2312 exsistere
549 2286 645 2313 imbres
659 2292 807 2322 uentosque.
822 2288 953 2321 Quoniam
967 2288 1018 2315 liu-

233 2330 334 2358 midam
351 2340 368 2358 α
385 2336 467 2365 terra,
479 2333 549 2361 alias
563 2342 623 2361 uero
636 2340 742 2369 propter
757 2343 877 2369 uaporem
888 2335 1018 2370 {umidam

230 2378 357 2406 exhalare
382 2379 521 2415 caliginem
553 2386 653 2408 certum
684 2386 732 2409 est.
759 2381 898 2417 Nubesque
917 2382 1018 2418 liquore

230 2432 334 2459 egresso
350 2425 378 2452 in
402 2426 526 2459 sublime,
547 2431 594 2454 aut
609 2435 641 2454 ea:
655 2436 714 2454 aere
740 2433 830 2455 coacto
846 2430 873 2454 in
890 2428 1016 2463 liquorem

229 2470 311 2505 gigni.
330 2470 453 2498 Densitas
472 2480 564 2499 earum
585 2480 728 2508 corpusque
741 2473 812 2500 haud
827 2473 905 2502 dubio
929 2475 1017 2510 conje-

231 2520 320 2543 ctatur
346 2522 510 2552 argumento,
536 2526 596 2545 cum
619 2518 699 2545 solem
726 2519 890 2553 obumbrent,
915 2522 1017 2554 perspi-

230 2569 310 2588 cuum
328 2562 397 2590 alias
417 2564 497 2590 etiam
516 2564 684 2590 minantibus
710 2565 737 2591 in
762 2565 878 2600 qualibet
905 2566 1017 2601 profun-

230 2607 294 2635 dam
314 2617 444 2644 aquarum
465 2609 644 2639 altitudinem.
660 2610 766 2638 Etenim
783 2619 817 2639 ex
833 2619 933 2647 vapore
948 2613 1015 2642 solis

229 2653 256 2680 vi
272 2654 378 2682 elevato
393 2654 420 2681 in
436 2655 552 2682 mediam
573 2656 710 2691 regionem
729 2657 800 2685 aeris
820 2658 951 2692 paulatim
966 2659 1015 2686 l‘ri-

231 2705 296 2733 gore
310 2700 397 2727 nubes
407 2700 635 2736 densantur,qute
649 2702 750 2734 calore,
765 2703 807 2730 vel
824 2703 877 2731 alio
887 2705 1014 2739 quopiam

232 2743 389 2771 stimulante
406 2745 557 2780 liquefiunt,
571 2750 597 2773 et
613 2747 787 2774 resolvuntur
801 2748 828 2775 in
844 2756 953 2783 aquam,
965 2749 1014 2776 de-

231 2790 418 2825 scenduntque
443 2791 624 2821 diversilnode
641 2802 690 2829 pro
706 2795 816 2830 vaporis
842 2795 1014 2822 dissimilitu-

231 2834 296 2862 dine
313 2844 319 2864 :
337 2836 360 2862 si
380 2838 450 2865 enim
466 2846 548 2872 vapor
566 2839 614 2866 fuit
631 2841 728 2874 rarior,
745 2841 870 2876 guttatim
885 2841 1012 2869 dilabun-

1070 2241 1152 2276 θῆρσι
1164 2241 1214 2276 τῆς
1225 2241 1352 2277 ἀληθείας
1364 2240 1533 2276 λαμπόμενε,
1544 2241 1620 2272 τινας
1631 2241 1737 2276 ἀτμοὺς
1748 2241 1854 2275 αἰτιάσῃ

1070 2287 1167 2321 νέφους
1180 2287 1371 2322 δημιουργοὺς,
1382 2287 1398 2322 ῆ
1411 2287 1491 2322 ἀέρος
1503 2285 1640 2314 πύκνωσίν
1652 2295 1724 2319 τινα,
1738 2287 1755 2322 ἢ
1771 2286 1854 2321 νεφῶν

1070 2332 1124 2359 τῶν
1140 2333 1297 2366 μανοτάτων
1314 2332 1401 2367 θλίψιν
1414 2332 1431 2367 ἣ
1448 2331 1594 2368 σύρρηξιν;
1615 2332 1658 2358 ἵνα
1671 2334 1687 2367 ή
1707 2333 1757 2367 μὲν
1770 2332 1854 2366 θλίψις

1072 2380 1113 2405 σοὶ
1129 2379 1178 2414 τὴν
1193 2378 1348 2414 ἀστραπὴν,
1363 2379 1380 2413 ἡ
1400 2378 1428 2404 δὲ
1443 2377 1520 2413 ῥῆξις
1536 2377 1585 2413 τὴν
1604 2377 1719 2413 βροντὴν
1734 2379 1854 2413 ἀπεργασ

1070 2434 1161 2461 σηται,
1175 2426 1249 2451 ποῖον
1274 2425 1302 2451 δὲ
1325 2423 1433 2459 πνεῦμα
1458 2423 1717 2458 στενοχωρούμενον,
1732 2421 1796 2450 εἶτα
1808 2424 1854 2450 ob:

1068 2471 1128 2506 ἔχον
1139 2470 1263 2503 διέξοδον,
1274 2471 1318 2497 ἴνα
1331 2469 1456 2506 ἀστράψῃ
1471 2469 1638 2504 θλιὸόμενον,
1656 2469 1704 2496 καὶ
1721 2469 1852 2505 βροντήσῃ

1068 2517 1236 2554 ῥηγνύμενον
1247 2526 1253 2549 ;
1267 2525 1301 2545 ex
1312 2516 1410 2551 quibus
1422 2516 1511 2543 locum
1520 2515 1654 2543 Eustalhii
1669 2516 1706 2542 ita
1719 2517 1851 2544 restituo:

1074 2565 1107 2590 Ἥ
1121 2564 1149 2590 δὲ
1164 2563 1261 2599 βροντὴ
1277 2564 1347 2590 κατὰ
1361 2562 1455 2588 τοῦτον
1468 2562 1514 2588 τὸν
1535 2561 1614 2595 λόγον
1637 2563 1670 2596 τῇ
1694 2562 1852 2598 στεῤῥότητι

1068 2611 1116 2638 καὶ
1131 2610 1178 2637 τοῦ
1198 2609 1352 2644 πνεύματος
1371 2609 1517 2644 ἀντιτυπία
1535 2609 1648 2643 γίνεται.
1663 2608 1789 2636 Celebris
1805 2609 1852 2635 fuit

1068 2664 1164 2684 eorum
1175 2655 1268 2691 opinio
1281 2656 1328 2691 qui
1340 2655 1544 2687 existimarunt,
1559 2655 1664 2682 tonitru
1676 2654 1736 2682 fieri
1750 2655 1851 2683 exstin-

1066 2703 1158 2730 ctione
1182 2701 1254 2737 ignis
1274 2701 1394 2729 nubibus
1409 2701 1561 2735 intercepti.
1577 2700 1610 2727 Et
1623 2700 1850 2736 quemadmodum

1066 2749 1169 2777 ferrum
1192 2749 1313 2776 candens
1335 2748 1363 2775 in
1384 2755 1482 2782 aquam
1506 2748 1664 2774 immersum
1685 2747 1796 2779 stridet,
1817 2748 1849 2773 ita

1065 2796 1138 2832 ignis
1148 2795 1203 2824 ille.
1219 2795 1260 2822 vel
1275 2795 1352 2821 stella
1368 2794 1463 2829 ignita,
1476 2797 1506 2820 ut
1520 2793 1684 2828 opinabatur
1705 2792 1848 2827 Epicurus.

1067 2843 1094 2872 in
1110 2841 1208 2871 nubem
1223 2841 1332 2876 delapsa
1347 2839 1491 2868 stridorem
1504 2839 1621 2872 excitat,
1632 2840 1673 2867 sic
1688 2839 1717 2866 in
1733 2838 1847 2867 nubibus
