1903 3068
44 95 96 123 833

567 95 600 123 IN
620 95 807 124 EUSTATHII
826 96 1070 126 HEXAEMERON
1089 97 1205 127 Νοτῶ.

1628 103 1681 131 834

45 151 208 184 contingere
228 151 401 180 fatebantur.
416 151 494 180 Hunc
512 152 659 180 stridorem
681 153 719 180 ita
737 152 825 181 deseri

894 153 992 188 ἅμμον
1001 154 1084 188 ὄριον
1096 154 1133 189 τῇ
1146 153 1304 190 θαλάσσῃ
1317 156 1362 192 Τῷ
1374 157 1559 194 ἀσθενεστάτῳ
1572 159 1680 186 πάντων

44 198 96 233 psit
109 196 244 225 Ovidius.

77 253 240 290 Terribilem
257 253 375 280 stridore
388 262 481 281 sonum
492 254 574 286 dedit,
590 259 618 290 ut
630 255 695 282 dare
708 255 808 290 ferrum

77 287 140 325 [σοι
159 288 263 325 rubens
276 290 428 324 plerumque
440 290 515 320 solet,
532 289 601 325 quod
615 287 714 324 forcipe
727 299 807 318 curua

99 331 143 350 um
161 323 243 356 faber
255 325 351 350 eduxit
366 324 473 351 lacubus
488 323 620 355 dentittit,
630 330 657 352 at
671 323 738 352 illud

77 357 191 388 Stridet,
210 363 238 385 et
257 359 290 385 in
308 359 395 392 tepida
409 360 573 386 submersum
591 360 680 387 sibilat
693 360 773 388 unda.

45 412 152 441 Necnon
169 419 198 440 et
213 412 378 446 Lucretius,

78 468 122 504 Fit
137 477 245 504 quoque
261 469 310 496 ubi
327 479 341 497 ε
354 470 420 498 nube
432 471 460 497 in
477 470 570 498 nubem
583 473 620 499 vis
637 472 731 499 incidit
746 472 841 500 ardens

77 503 227 542 fulminis,
241 505 303 542 Ιιαιε
317 506 399 532 multo
413 507 436 532 εὶ
452 506 519 539 forte
534 507 640 534 humore
653 508 748 542 recepit

78 538 318 576 igneinrcontinuo
330 549 423 576 magno
437 538 552 568 clamare
567 542 678 569 trucidet
692 551 702 569 :

102 579 111 599 ι
126 575 228 610 calidis
245 577 363 602 candens
381 576 479 610 ferrum
494 585 507 602 ε
524 577 675 609 fornacibus
688 578 754 605 olim

77 609 178 636 Stridet
190 610 239 636 ubi
253 611 282 636 in
293 609 407 645 gelidum
418 619 527 645 propere
536 611 709 639 demersimus
721 613 838 640 imbrem.

45 655 199 682 Aristotelis
213 659 243 683 et
265 656 384 683 aliorum
403 665 524 684 veterum
539 658 766 693 philosophorum
782 660 841 694 pla-

47 701 97 728 cita
111 701 144 728 de
159 702 349 736 generatione
365 703 477 730 tonitrui
494 703 552 738 lege
566 705 636 739 apud
652 705 838 737 Aristotelem,

46 747 89 774 lib.
105 755 125 774 ιι
143 746 280 780 Meteon,
303 756 364 784 cap.
379 749 446 783 ult.;
471 749 602 777 Senecam
618 751 665 778 lib.
681 759 698 778 ιι
710 750 838 778 Natural.

47 798 146 828 quast.,
166 801 234 830 cap.
260 795 314 829 i7;
334 795 512 823 Plutarchum
537 797 585 824 lib.
610 804 640 824 ιιι
660 796 700 824 De
721 797 837 831 placitis,

47 846 102 874 cap.
123 839 159 872 5;
186 839 314 867 Plinium
345 841 393 869 lib.
412 850 442 874 ιι,
457 849 518 877 cap.
534 843 584 874 43,
611 847 638 870 et
660 844 687 870 in
712 844 838 872 eumdem

47 889 188 913 comment.
213 885 315 914 Jacobi
343 887 478 921 Milichii;
495 888 650 916 Lucretium
669 890 716 917 lib.
734 898 775 922 v1;
792 891 839 916 Al-

47 931 149 970 bertum
175 932 312 968 Magnum
337 937 448 962 tractat.
461 935 488 968 5,
508 935 555 962 lib.
574 943 616 968 ιιι,
631 943 691 970 cap.
707 935 739 968 2;
754 935 839 963 Joan-

47 966 105 1006 neni
122 966 283 1011 Stobaaum,
304 979 331 1006 in
349 978 455 1015 Eclogis
472 966 683 1016 physiciapcap.
708 966 757 1014 l5;
777 981 837 1008 Ori-

48 1030 138 1058 genem
151 1024 199 1051 lib.
217 1031 225 1050 ι
239 1023 353 1051 ΕιειιεΙιέ
368 1025 458 1052 lueret.
472 1030 500 1053 et
517 1026 595 1053 alios.

79 1068 136 1095 Col.
151 1069 214 1102 7l2,
235 1070 288 1097 lin.
309 1070 353 1098 55.
369 1071 510 1105 Συνήχθη
525 1071 557 1098 τὸ
571 1071 658 1105 ὕδωρ.
681 1071 719 1099 De
732 1071 837 1107 origine

49 1115 127 1142 maris
143 1123 199 1142 non
213 1119 328 1144 constat
343 1116 414 1144 inter
431 1117 618 1152 philosophos.
632 1118 836 1146 Anaximander
849 1145 856 1154 ,

49 1163 73 1186 et
80 1160 213 1196 Diogenes
227 1170 342 1190 omnem
359 1163 460 1196 locum,
471 1164 516 1199 qui
530 1167 631 1191 terram
643 1164 738 1196 ambit,
752 1164 837 1192 fuisse

50 1206 197 1241 humidum,
214 1213 244 1236 et
263 1216 335 1244 aqua
350 1209 484 1244 repletum
500 1209 703 1242 existimarunt,
716 1214 772 1237 tum
788 1218 836 1238 so-

49 1251 79 1279 lis
100 1253 198 1281 ardore
221 1254 396 1282 exsiccatum
423 1255 567 1290 plurimam
595 1255 655 1290 ejus
682 1260 786 1290 partem
807 1256 834 1283 in

50 1305 170 1334 vaporem
195 1300 314 1332 abiisse,
337 1309 397 1328 eam
422 1309 487 1328 vero
508 1309 567 1336 qua:
590 1302 732 1334 remansit,
760 1309 836 1329 mare

50 1345 224 1374 constituere.
252 1347 430 1382 Anaxagoras
454 1350 481 1374 et
507 1346 678 1375 Metrodorus
702 1351 835 1383 putarunt

51 1398 120 1419 mare
133 1400 197 1420 esse
213 1396 298 1420 terra!
315 1394 442 1421 sudorem
459 1393 525 1421 solis
540 1394 741 1426 incalescentis,
760 1394 835 1422 ideo-

49 1443 98 1470 que
110 1437 224 1469 salsum,
244 1438 311 1473 quia
333 1438 416 1466 sudor
432 1439 522 1466 salsus
539 1443 590 1466 est.
607 1438 644 1466 De
660 1439 703 1467 his
718 1440 831 1467 Aristot.

52 1481 95 1510 lib.
107 1489 125 1509 ιι
140 1482 270 1514 Meteon.
287 1490 348 1518 cap.
365 1484 375 1510 l
389 1492 397 1516 ;
412 1489 438 1511 et
453 1482 627 1515 Plutarchus,
641 1484 687 1511 lib.
703 1484 739 1511 De
747 1485 833 1519 placi-

52 1528 81 1554 ti:
93 1528 254 1564 philowph.,
274 1537 336 1564 cap.
357 1529 399 1561 16,
417 1534 445 1557 et
464 1530 508 1556 alii
525 1530 552 1556 in
567 1531 627 1565 ipso
641 1531 735 1558 mundi
752 1538 832 1558 εισι-ο

52 1573 101 1605 dio,
115 1581 176 1601 cum
200 1574 275 1603 Deus
296 1583 381 1610 aquas
397 1583 480 1603 unum
501 1576 530 1602 in
551 1576 640 1603 locum
658 1578 830 1610 secrevisset,

51 1617 114 1646 duos
129 1620 237 1654 globos,
259 1628 342 1647 unum
355 1628 442 1655 aquae,
458 1621 573 1648 alterum
586 1625 676 1654 terrae,
693 1622 744 1649 etsi
760 1623 831 1650 inter

52 1671 78 1691 se
89 1665 220 1699 diversos,
233 1666 384 1694 continuos
397 1671 489 1694 tamen
506 1667 651 1695 mansisse.

82 1709 156 1743 lbid.,
171 1712 220 1740 lin.
239 1712 286 1740 58.
309 1712 370 1739 ἰνα
385 1712 428 1747 μὴ
448 1713 482 1739 ἐκ
497 1711 558 1739 τῶν
572 1713 695 1747 χωρίων.
711 1713 829 1743 Basilius

52 1754 118 1785 hom.
133 1756 169 1784 ιε
187 1759 251 1785 Ἵνα.
266 1758 302 1794 μὴ
325 1758 355 1784 τὸ
374 1758 501 1794 ἐπιρρέον
520 1758 591 1794 ὕδωρ
608 1759 663 1786 τῶν
677 1759 828 1795 δεχομένων

52 1801 110 1828 αὐτὸ
131 1804 236 1839 χωρίων
265 1804 474 1840 ὑπερχεόμενον,
503 1805 680 1840 μετεκῆαἰνον
704 1805 759 1838 ἀεὶ,
780 1807 828 1833 καὶ

52 1846 111 1874 ἀλλα
125 1849 153 1882 ἐξ
166 1850 254 1877 ἄλλων
269 1850 399 1886 πληροῦν,
415 1852 504 1877 πᾶσαν
519 1851 589 1878 κατὰ
601 1851 631 1878 τὸ
645 1853 754 1888 συνεχὲς
768 1854 828 1879 ἑπι-

53 1892 128 1929 κλύσῃ
143 1895 191 1930 τὴν
211 1897 337 1932 ἧπειρον,
355 1896 501 1932 ἐκελεύσθη
524 1897 686 1934 συναχθῆναι
704 1900 743 1930 εἰς
764 1907 827 1926 συν-

53 1941 152 1977 αγωγὴν
167 1942 241 1977 μίαν.
256 1943 293 1970 Ex
304 1943 402 1978 quibus
417 1943 453 1970 ita
469 1943 557 1970 locum
573 1943 704 1971 Eustathii
720 1945 824 1980 supple,

54 1983 91 2010 ἵνα
104 1985 138 2022 μὴ
152 1987 182 2013 ὲκ
195 1987 252 2014 τῶν
268 1988 385 2024 χωρίων,
400 1987 463 2014 ἔνθα
480 1988 549 2019 ἐστὶ,
564 1988 763 2025 ὑπερχεόμενον
779 1991 826 2017 καὶ

53 2029 201 2060 ὒπεκὸαῖνον
216 2034 293 2060 ὲπικ.
306 2034 354 2069 τὴν
366 2033 393 2069 ἦ.
406 2033 493 2068 Hujus
510 2037 600 2061 autem
615 2035 748 2062 rationem
763 2037 825 2071 qui-

54 2075 106 2103 dam
119 2085 176 2105 esse
186 2079 282 2106 volunt
293 2080 504 2114 propensionem
517 2079 633 2112 scilicet,
646 2087 727 2115 quam
743 2081 824 2108 habet

55 2126 114 2155 aqua
126 2126 155 2150 ut
169 2130 228 2151 sese
245 2123 275 2150 in
290 2122 435 2150 rotundam
458 2123 572 2158 ﬁguram
590 2124 746 2159 conglobet,
763 2133 823 2160 quae

856 826 876 853 Β

893 200 926 234 τῇ
942 199 1048 235 ψάμμῳ
1063 200 1080 235 ἡ
1093 199 1241 235 ταῖςκβίαις
1255 201 1390 237 ἀφόρητος
1405 203 1569 238 χαλινοῦται.
1585 205 1680 233 Admi-

894 245 1008 271 randam
1028 245 1076 272 Dei
1092 246 1253 281 potentiam,
1272 251 1300 274 et
1318 247 1345 274 in
1357 255 1442 283 genus
1456 249 1606 278 humanum
1625 251 1680 279 cle-

893 290 1034 321 mentiam,
1046 290 1111 317 dum
1122 290 1278 318 furentibus
1290 291 1371 319 undis
1380 293 1512 321 terminos
1523 295 1678 328 constituit,

894 334 1066 370 impetusque
1080 335 1212 363 ﬂuctuum
1225 336 1346 368 cohibet,
1359 340 1386 364 et
1398 344 1481 365 arena
1498 340 1577 374 quasi
1592 341 1679 368 inter-

893 381 969 408 stitio
983 382 1101 416 quodam
1117 389 1192 410 mare
1206 382 1381 410 diseriminat
1394 391 1409 410 a
1422 385 1584 417 continenti.
1598 390 1625 413 ct
1636 395 1680 422 pe-

892 427 1010 454 riculum
1025 432 1112 461 arcet,
1129 428 1230 456 summi
1248 429 1301 456 viri
1315 437 1422 457 summa
1438 431 1592 466 eloquentia
1610 440 1680 467 pra-

892 473 984 501 dicare
999 475 1090 501 conati
1106 479 1188 509 sunt;
1207 482 1300 507 unam,
1318 475 1361 503 vel
1376 476 1488 504 alteram
1505 485 1599 505 eorum
1617 486 1681 506 seno

892 519 1016 553 tentiam,
1033 520 1098 555 quia
1113 521 1317 556 elegantissima
1337 527 1389 556 est,
1412 530 1467 550 non
1481 525 1616 558 gravabor
1629 526 1679 553 de-

891 565 1022 592 scribere.
1035 565 1256 602 Theophylactus
1268 567 1434 601 Simoeatus,
1444 569 1524 603 epist.
1536 569 1569 597 3:
1581 570 1681 606 Ὄρους

890 611 904 636 ό
922 610 1086 646 δημιουργὸς
1110 613 1156 639 καὶ
1175 613 1213 648 τῷ
1236 608 1372 650 Θαλαττίῳ
1395 614 1536 648 διετάξατο
1552 615 1678 649 κλύδωνι,
1698 613 1703 623 ⁸

890 655 937 682 καὶ
950 658 1006 688 τοῖς
1019 656 1152 691 αἰγιαλοῖς
1166 658 1196 685 τὸ
1212 658 1340 692 πελάγιον
1364 659 1541 695 κεχαλίνωται
1560 661 1678 697 ῥεῖθρον.

890 701 945 727 Καὶ
959 701 1070 736 ψάμμος
1089 711 1131 734 τις
1150 702 1196 729 ἐπὶ
1218 704 1305 739 μικρᾷ
1324 704 1429 740 ἠπείρῳ
1450 705 1568 742 θαλάττῃ
1587 706 1680 741 μεταί-

890 755 983 782 χμιον.
1007 748 1043 774 Οὐ
1066 748 1118 784 γὰρ
1140 749 1244 776 ἀδικεῖν
1261 751 1277 785 ἡ
1296 749 1415 776 θάλαττα
1434 750 1485 786 τὴν
1504 751 1611 785 γείτονα
1627 753 1679 788 γῆν

891 792 1107 828 συγκεχώρηται’
1125 794 1301 830 παλινδρομεῖ
1313 795 1341 821 δὲ
1353 795 1422 830 πρὸς
1434 795 1512 822 ἑαυτὸ
1527 796 1557 823 τδ
1573 797 1678 833 ῥεῖθρον

891 837 1053 873 μαινόμενον
1066 838 1186 874 μεγάλην
1197 835 1345 875 ὰπειλῆσαν
1358 842 1391 876 τῇ
1404 840 1494 877 χέρσῳ
1504 842 1553 878 τὴν
1568 843 1676 877 ἑφοδονς

888 883 1011 910 Andreas
1022 884 1161 913 Cretensis
1172 886 1296 913 oratione
1309 895 1315 912 :
1327 886 1374 918 Εἰς
1385 887 1431 914 τὸν
1443 888 1612 924 ἀνθρώπινον
1619 889 1677 924 βίον

888 929 935 956 καὶ
947 930 985 961 εἰς
998 931 1061 962 τοὺς
1075 931 1265 966 κοιμηθέντας.
1281 932 1327 964 Τίς
1340 933 1354 959 ό
1365 933 1450 964 τιθεὶς
1465 933 1587 970 θαλάσσῃ
1602 935 1676 970 ψάμ-

889 984 939 1010 μον
955 976 1043 1011 ὃριον;
1061 972 1137 1012 Φόϐῳ
1157 977 1184 1004 δὲ
1205 977 1276 1010 τίνος
1294 978 1471 1015 χαλινουμένη
1491 980 1674 1014 συστέλλεται,

887 1022 935 1048 καὶ
953 1022 1113 1058 ἡμεροῦται,
1130 1024 1177 1050 καὶ
1199 1024 1252 1051 τῶν
1275 1024 1348 1051 ἰδίων
1372 1025 1442 1060 ὅρων
1456 1025 1530 1058 ἐντὸς
1547 1026 1675 1053 καθελκυ-

888 1067 955 1103 μένη
979 1063 1129 1103 συνέχεται,
1148 1069 1195 1095 καὶ
1218 1068 1303 1105 ὑγρὰς
1328 1069 1358 1096 οὑ
1385 1070 1551 1106 παρατρέχει
1578 1070 1673 1107 θύρας,

887 1112 945 1139 ἀλλ’
956 1113 993 1146 ὡς
1009 1113 1142 1149 φορὸαιὰν
1155 1114 1226 1141 κατὰ
1239 1115 1323 1150 στόμα
1334 1116 1364 1142 τὸ
1376 1115 1539 1152 πρόσταγμα
1552 1117 1674 1152 φέρουσα

886 1158 936 1194 τῆς
950 1159 999 1194 μὲν
1014 1160 1133 1194 γείτονος
1148 1160 1372 1193 κατεξανίσταται
1388 1162 1448 1196 γῆς,
1469 1163 1509 1194 εἰς
1530 1163 1628 1198 ἑαυτὴν
1643 1163 1673 1190 δὶ

886 1202 1083 1236 ἀναποδίζουσα
1097 1205 1199 1237 ὑπτίως
1212 1206 1258 1232 τὸν
1274 1206 1323 1241 μὲν
1339 1207 1423 1242 ἀτμὸν
1439 1207 1587 1243 ὲξαφρίξει,
1604 1209 1673 1244 πρὸς

885 1249 913 1276 δὲ
925 1250 960 1277 τὰ
975 1246 1050 1287 χείλη
1065 1251 1104 1287 τῷ
1122 1250 1195 1287 σάλῳ
1209 1252 1392 1287 συμφύρεται,
1408 1254 1455 1280 καὶ
1469 1253 1537 1290 πρὸς
1551 1255 1672 1281 τούπίσω

885 1298 968 1333 χωρεί
995 1296 1026 1323 τὸ
1052 1297 1172 1324 δουλικὸν
1202 1298 1395 1334 ὑπογράφουσα
1420 1301 1521 1336 σχῆμα.
1544 1301 1670 1329 Omnium

884 1342 1086 1377 elegantissime
1104 1342 1257 1371 Metliodius
1276 1344 1433 1372 Patarensis
1447 1346 1604 1381 episcopus,
1620 1347 1669 1374 lib.

884 1386 923 1413 De
935 1386 1016 1413 libero
1031 1386 1155 1419 arbitrio,
1171 1388 1216 1415 ubi
1229 1387 1403 1416 Valentinum
1422 1390 1458 1416 ita
1475 1391 1539 1418 facit
1557 1391 1671 1427 loquen-

883 1436 955 1460 tem:
972 1432 1043 1464 Χοὲς
1057 1433 1087 1459 τὸ
1100 1433 1212 1460 δειλινὸν
1227 1435 1395 1470 περιπατῶν,
1411 1432 1433 1462 ὦ
1450 1436 1519 1470 φίλε,
1537 1437 1610 1473 παρὰ
1624 1437 1670 1465 τὸν

882 1478 932 1514 τῆς
949 1479 1086 1515 θαλάσσης
1099 1479 1230 1513 αἰγιαλὸν,
1245 1481 1291 1507 καὶ
1307 1479 1390 1513 ὀξέως
1409 1481 1467 1513 πῶς
1486 1482 1615 1515 ἀτενίζων
1629 1484 1670 1515 είς

882 1525 978 1560 αὐτὴν,
998 1525 1090 1560 ἑώρων
1106 1525 1258 1562 ὑπερϐολήν
1278 1535 1338 1553 τινα
1361 1527 1437 1560 θείας
1456 1525 1605 1564 δυνάμεως,
1621 1531 1669 1558 καὶ

882 1571 967 1606 σοφῆς
981 1572 1136 1607 ἐπιστήμης
1148 1572 1258 1608 τέχνην,
1275 1574 1302 1600 εἰ
1311 1581 1342 1607 γε
1357 1574 1402 1600 καὶ
1415 1574 1512 1610 τέχνην
1524 1575 1554 1601 τὺ
1563 1576 1668 1602 τοιοῦτο

880 1616 972 1643 καλεῖν
984 1617 1048 1652 χρή.
1064 1617 1148 1643 ’Ὡσπε
1153 1625 1168 1652 ρ
1183 1617 1237 1653 γὰρ
1251 1618 1265 1644 ὁ
1286 1616 1432 1654 Ὁμηρικὸς
1446 1619 1537 1654 στίχος
1551 1620 1668 1656 φθέγγε-

879 1671 924 1689 ται
940 1664 1049 1695 ἐκεῖνος·

902 1732 949 1766 Ὠς
964 1732 989 1758 δ’
1003 1732 1104 1767 ἄνεμοι
1115 1733 1168 1760 δύο
1180 1734 1291 1760 πόντον
1306 1733 1440 1766 ὀρίνετον
1455 1734 1613 1768 ἰχθυόεντα

896 1768 1017 1801 Βορέης,
1034 1769 1083 1794 καὶ
1098 1768 1239 1802 Ζέφυρος,
1251 1768 1322 1794 τώτε
1337 1769 1490 1803 Θρῄκηθεν
1501 1769 1595 1803 ἄητον

902 1803 1030 1830 Ἑλθόντ*
1042 1804 1196 1836 ἐξαπίνης,
1212 1803 1318 1839 ἄμυδις
1330 1803 1364 1829 δέ
1379 1812 1411 1830 τε
1422 1804 1502 1839 κῦμα
1514 1806 1655 1833 κελαινὸν

894 1839 1064 1871 Κορθύεται,
1081 1839 1198 1865 πολλὸν
1213 1838 1246 1864 δὲ
1256 1838 1351 1872 παρὲξ
1363 1839 1423 1866 ἅλα
1435 1838 1531 1873 φῦκος
1541 1840 1660 1874 ἔχευαν·

876 1896 947 1923 οὕτω
964 1905 1009 1931 μοι
1031 1896 1078 1923 καὶ
1100 1897 1163 1932 χθὲς
1179 1897 1318 1931 γεγονέναι
1343 1897 1426 1924 δοκεῖ.
1440 1898 1580 1933 Κορυφαίς
1607 1899 1662 1935 γὰρ

876 1941 960 1976 ὀρέων
976 1942 1167 1977 παραπλήσιον
1188 1941 1281 1977 ἑώρων
1305 1941 1424 1977 κύματα,
1451 1942 1508 1974 καὶ,
1531 1942 1568 1975 ὡς
1583 1942 1662 1977 λόγον

875 1987 972 2018 εἰπεῖν,
988 1986 1069 2013 αὑτοῦ
1088 1987 1270 2022 ἐφικνούμενα
1281 1987 1327 2014 τοῦ
1342 1987 1465 2023 οὐρανοῦ.
1485 1988 1521 2014 Τδ
1533 1988 1555 2015 δ’
1571 1989 1662 2016 ὲντεῦ-

875 2032 921 2059 θεν
941 2032 1017 2059 οὐδὲν
1039 2032 1131 2067 ἕτερον
1149 2032 1351 2068 προσεδόκωνῆ
1370 2033 1478 2060 ἃπασαν
1494 2034 1660 2071 ὲπικλυσϐή-

875 2078 968 2105 σεσθαι
982 2079 1031 2113 τὴν
1045 2078 1106 2113 γῆν·
1122 2078 1168 2104 καί
1187 2087 1231 2113 μοι
1253 2079 1342 2114 φυγῆς
1361 2080 1390 2105 ὲν
1403 2079 1442 2114 τῷ
1455 2078 1496 2106 vo?
1509 2079 1600 2113 τόπον,
1614 2081 1660 2108 καὶ

872 2122 921 2158 τὴν
942 2122 989 2149 τοῦ
1015 2122 1076 2149 Νῶε
1099 2123 1264 2149 ἀνέπλαττον
1286 2124 1410 2151 κιϐωτόν.
1437 2124 1474 2151 Τὸ
1496 2124 1518 2151 δ’
1535 2126 1584 2151 οὑκ
1599 2123 1660 2161 ἦνό

55 2165 82 2192 ad
95 2167 149 2200 ejus
162 2169 290 2204 impetum
312 2169 494 2196 cohibendum
512 2169 581 2198 satis
594 2178 654 2197 esse
670 2170 722 2198 sibi
739 2177 821 2198 autu-

881 2167 1007 2203 ινόμιζον,
1021 2167 1088 2195 ἀλλά
1102 2168 1156 2204 γὰρ
1177 2168 1234 2204 ἅμα
1255 2170 1425 2205 κυρτωθῆναι
1440 2169 1488 2206 τὴν
1509 2170 1655 2204 θάλασσαν,

54 2217 119 2239 mam
130 2216 248 2250 exemplo
261 2219 397 2250 guttarum
412 2223 472 2250 quae
486 2223 501 2242 e
512 2216 610 2250 tegulis
623 2217 750 2252 pendent,
769 2225 820 2245 nec

54 2255 138 2286 ﬂuunt.
149 2260 200 2289 Alii
213 2261 312 2289 divinae
323 2261 450 2296 potentiae
466 2265 493 2288 et
506 2262 620 2289 bonitati
636 2262 664 2289 id
675 2267 818 2298 acceptum

51 2302 240 2342 reierunt,qum
261 2307 386 2335 humana).
397 2307 494 2334 salutis
505 2311 532 2335 et
546 2308 607 2335 vitae
622 2309 710 2343 gratia
724 2309 819 2338 furens

55 2354 81 2375 ac
94 2349 229 2381 imminens
240 2360 325 2386 mare,
336 2353 419 2380 veluti
431 2353 550 2388 quodam
562 2353 640 2382 freno
653 2356 817 2390 compescit,

53 2399 76 2420 ει
88 2395 135 2428 iam
147 2399 264 2432 proclive
277 2399 431 2432 contundit,
450 2399 532 2435 idque
544 2400 645 2428 habent
658 2405 685 2428 et
701 2409 732 2429 ex
751 2402 817 2430 locis

56 2437 159 2476 Patrum,
179 2453 246 2480 quos
269 2445 340 2472 inira
362 2445 539 2479 adducemus,
560 2450 587 2473 et
608 2454 641 2474 ex
656 2447 717 2474 aliis
732 2455 818 2475 sacra:

55 2483 185 2522 Scriptum
198 2491 370 2523 testimoniis,
386 2498 447 2526 quae
465 2491 567 2526 passim
582 2492 693 2520 cuilibet
715 2501 815 2521 occur-

55 2537 118 2561 runt.

83 2577 152 2612 lbid.,
170 2582 217 2610 lin.
239 2583 284 2610 40.
305 2582 357 2610 Διὰ
371 2582 458 2610 τοῦτο
473 2582 638 2617 μαινομένη
655 2584 814 2618 πολλάκις.

56 2620 154 2654 Basilius
171 2628 241 2656 hom.
261 2629 278 2655 4
291 2629 357 2656 εΔιά
375 2627 455 2655 τοῦτο
476 2629 622 2665 μαινομένη
639 2630 769 2662 πολλάκις
784 2631 814 2664 ἐξ

54 2667 145 2704 ἀνέμων
162 2674 177 2709 ἡ
195 2675 315 2702 θάλασσα
331 2675 379 2702 καὶ
393 2676 433 2706 είς
453 2674 518 2709 ὕψος
535 2675 661 2710 μέγιστον
677 2676 813 2704 διανιστα-

56 2714 112 2751 μένη
120 2720 169 2751 τοῖς
181 2721 308 2756 κύμασιν,
323 2721 431 2747 ἐπειδὰν
448 2721 527 2755 μόνον
538 2720 591 2748 τῶν
602 2721 732 2755 αἰγιαλῶν
744 2722 814 2758 ἅψη-

54 2766 100 2791 ται,
112 2763 148 2795 εἰς
159 2766 240 2801 ἀφρὸν
255 2766 404 2793 διαλύσασα
419 2766 468 2798 τὴν
481 2766 580 2801 ὁρμὴν,
600 2766 761 2802 ἐπανῆλθεν.
780 2769 814 2796 Ἠ

874 2213 955 2240 πάλιν
970 2214 1094 2240 ἀνελύετο
1107 2215 1146 2245 είς
1158 2215 1267 2250 ἑαυτὴν,
1282 2215 1331 2250 οὐχ
1346 2215 1545 2251 ὑπερϐαίνουσα
1557 2216 1602 2243 τὸν
1616 2217 1656 2243 οἰ-

873 2261 943 2286 κεῖον
959 2259 1050 2291 τόπον,
1067 2260 1104 2290 ὼς
1120 2259 1183 2291 ἔπος
1197 2261 1293 2292 εἰπεῖν,
1311 2260 1380 2287 Θεῖόν
1393 2270 1419 2287 τι
1431 2262 1594 2298 πρόσταγμα
1607 2272 1656 2289 πε-

871 2305 1022 2342 φοϐημένη.
1046 2306 1100 2332 Καὶ
1120 2305 1244 2342 καθάπερ
1263 2305 1391 2338 πολλάκις
1406 2307 1460 2333 τῶν
1473 2308 1585 2335 οἰκετῶν
1600 2317 1653 2341 τις,

870 2351 943 2378 ἄκων
954 2360 980 2378 τι
996 2351 1065 2388 πρὸς
1078 2351 1124 2378 τοῦ
1138 2351 1266 2378 δεσπότου
1284 2353 1411 2388 πράττειν
1422 2353 1652 2389 ἀναγκαζόμενος,

868 2398 907 2434 τῷ
923 2399 972 2434 μὲν
987 2399 1176 2435 προστάγματι
1186 2399 1229 2425 διὰ
1240 2398 1285 2426 τὸν
1297 2399 1377 2434 φόῆον
1392 2399 1522 2434 πείθεται,
1538 2401 1552 2427 ὃ
1563 2401 1590 2427 δὲ
1602 2401 1654 2428 πάι-

869 2453 927 2480 σχει
942 2446 1071 2482 πράττειν
1085 2446 1121 2482 μὴ
1135 2446 1217 2472 θέλων
1232 2445 1320 2480 λέγειν
1336 2454 1361 2472 τι
1375 2446 1406 2472 οὐ
1417 2446 1513 2482 τολμᾷ,
1526 2447 1653 2484 τονθορύ-

868 2490 908 2523 Cet
924 2491 952 2518 δὲ
966 2492 995 2517 ὲν
1011 2491 1100 2527 ἐαυτῷ
1114 2492 1200 2527 θυμοῦ
1216 2501 1288 2524 τινος
1304 2491 1499 2527 πληρούμενος·
1518 2494 1587 2520 οὕτω
1605 2494 1651 2530 μοί

866 2545 925 2568 πως
934 2537 1068 2571 ἐφαίνετο,
1079 2530 1125 2564 καὶ
1134 2537 1181 2574 τὴν
1190 2537 1326 2564 θάλασσαν
1336 2538 1455 2573 ὡσπερεὶ
1466 2538 1497 2565 ου
1501 2548 1552 2574 μου
1556 2540 1649 2575 μένην.

866 2583 914 2609 καὶ
936 2583 965 2609 ὲν
987 2583 1068 2618 ἑαυτῇ
1087 2584 1255 2618 φράττουσαν
1272 2584 1321 2618 τὴν
1342 2582 1425 2619 ὀργὴν
1448 2584 1600 2618 κρατοῦσάν
1620 2593 1649 2612 τε

865 2628 973 2662 ἑαυτῆς,
994 2627 1026 2654 οὐ
1043 2627 1191 2662 βουλομένη
1213 2628 1251 2663 τῷ
1272 2628 1387 2663 δεσπότῃ
1405 2628 1517 2663 φανερὸν
1539 2629 1648 2664 ποιῆσαι

864 2674 910 2700 τὸν
930 2674 1023 2709 θυμόν.
1039 2674 1105 2707 Quae
1116 2682 1167 2709 ego
1180 2674 1221 2701 sic
1236 2674 1389 2701 vertebam'
1406 2673 1470 2702 Heri
1484 2674 1546 2701 dum
1561 2676 1601 2702 sol
1612 2676 1646 2702 ad

864 2728 987 2746 occasum
1000 2724 1123 2755 vergeret,
1139 2728 1198 2747 cum
1213 2719 1420 2751 deambularem,
1436 2729 1450 2747 ο
1462 2720 1554 2753 amice,
1568 2729 1646 2756 prope

863 2766 945 2792 maris
961 2766 1046 2799 littus,
1061 2771 1086 2793 et
1101 2766 1235 2794 oculorum
1253 2767 1336 2793 aciem
1351 2767 1375 2792 in
1392 2766 1458 2793 illud
1474 2772 1570 2794 allenle
1586 2776 1646 2794 ron-

56 2802 98 2838 ἐμὲ
109 2810 139 2835 οὺ
156 2811 365 2845 φοϐηθήσεηθε,
385 2810 457 2846 λέγει
478 2811 591 2843 Κύριος,
617 2811 670 2839 τὸν
694 2813 810 2843 τιθέκτπ

881 2812 977 2839 ’rlrem.
1000 2811 1094 2841 diuina!
1129 2812 1232 2839 virlulis
1259 2810 1401 2845 quamdam
1431 2814 1644 2847 exsuperantiam
