1903 3068
253 100 306 129 855

920 99 1044 128 LEONIS
1063 99 1199 127 ALLATII

1827 98 1874 126 830

251 161 357 192 aspectu
377 156 549 192 percipiebam
572 164 581 183 :
602 161 627 184 et
656 157 806 184 excellentis
832 164 864 182 ac
892 156 1035 191 singularis
1051 159 1072 187 Α
1087 157 1141 184 dno
1153 156 1224 191 globi
1239 155 1421 187 edicerentur,
1438 155 1484 183 sed
1495 156 1533 183 ita
1545 155 1657 183 fuerunt
1670 153 1768 182 omnia
1780 152 1873 188 dispo-

249 205 366 230 scientite
388 208 482 235 artem,
505 205 528 230 si
542 212 586 230 ars
603 204 656 230 lucc
673 203 789 230 vocanda
808 208 857 230 est.
881 202 983 229 Etenim
1004 207 1034 229 ut

252 248 400 276 Homericis
415 249 470 276 illis
483 249 599 276 versibus
609 249 720 276 relatum
733 253 770 275 est
781 256 789 274 :

285 315 360 343 Sicut
374 321 461 343 autem
475 317 603 343 ventiduo
615 321 723 349 pontum
732 319 891 344 commovent
901 315 1032 349 piscosum

283 351 383 386 Boreas
398 356 422 379 et
437 350 582 386 Zephyrus,
597 353 641 386 qui
655 360 669 378 e
687 351 798 378 Thracia
815 352 918 385 spirant

284 385 396 412 Ruentes
412 385 526 420 repente,
543 385 624 413 simul
638 395 697 413 vero
712 391 736 413 et
751 386 821 412 unda
836 387 911 420 nigra

284 422 432 453 Attallitnr,
443 422 603 455 multamque
618 427 694 448 extra
708 429 780 448 mare
796 421 883 456 algam
896 420 1030 454 fundunt:

247 477 288 503 ita
313 477 376 504 mihi
392 477 448 505 heri
463 478 602 512 contigisse
619 478 721 504 videtur
735 477 947 504 :summitatibus
961 476 1032 503 enim

249 524 376 550 montium
387 523 486 550 similes
501 523 658 558 aspiciebam
675 522 770 554 undas,
784 530 843 558 qua:
854 523 877 549 si
891 522 977 549 dicere
990 522 1032 557 fas

247 573 298 600 est,
314 570 399 604 ipsum
417 570 508 597 caelum
525 572 682 605 tangebant;
702 570 770 596 unde
784 570 844 596 hinc
864 574 965 595 tantum
984 569 1032 596 hoc

247 616 442 650 exspectabam,
458 617 606 643 universam
620 617 719 643 scilicet
741 622 837 643 terram
856 616 1033 650 submergen—

247 661 310 688 dam
320 671 329 692 ;
341 668 365 688 et
376 663 439 689 milii
452 663 536 688 locum
549 663 575 689 in
590 671 639 697 quo
653 671 692 689 me
704 663 767 698 fuga
780 663 929 696 reciperem,
944 663 1031 688 animo

248 708 388 743 ﬁngebam,
404 713 428 735 et
447 708 565 735 Nostine
580 717 650 735 arca:
669 709 803 742 exemplar
821 708 1030 736 considerabam.

253 753 348 781 Verum
362 755 521 788 exspectatio
537 763 593 780 mea
609 754 740 788 frustrata
751 760 801 781 est.
817 754 904 781 Simul
917 754 985 780 enim
1001 761 1032 780 ac

248 808 320 826 mare
333 800 467 832 intumuit,
484 801 579 828 iterum
592 800 645 827 uice
659 808 733 827 versa
753 801 868 835 fractum
883 808 955 826 mare
969 800 1032 827 dis—

247 844 406 876 soluebatur,
424 845 495 871 ultra
510 845 645 879 proprium
663 847 747 872 locum
761 853 812 873 non
827 847 978 877 concedens,
992 845 1034 873 di-
1047 838 1069 868 Β

248 891 306 917 vino
329 890 453 926 quodam,
479 895 508 918 ut
530 892 683 918 summatim
697 891 795 923 dicam,
810 892 889 927 jussu
905 892 1032 927 perterri-

245 939 312 963 tum.
338 935 372 963 Et
386 937 606 972 quemadmodum
625 938 721 972 sa'piue
739 944 827 965 servus
848 938 990 973 quispiam,
1008 937 1033 965 si

249 983 346 1010 invitus
364 991 380 1009 a
399 983 506 1010 domino
519 983 553 1010 ad
568 992 632 1018 opus
648 984 831 1018 compellatur,
844 985 952 1018 imperio
966 985 1033 1019 qui-

246 1029 304 1056 dem
315 1029 408 1056 timore
418 1029 512 1056 ductus
531 1030 616 1063 audit,
636 1035 663 1057 at
679 1031 748 1066 quod
764 1031 844 1062 subit,
863 1039 922 1058 cum
940 1031 1031 1058 nolent

246 1079 319 1110 agat,
337 1075 427 1109 palam
441 1075 519 1110 effari
534 1083 586 1102 non
604 1083 685 1102 ausus
701 1075 748 1115 sub
765 1076 855 1111 lingua
870 1076 1033 1102 immurmu-

246 1124 300 1152 rat,
322 1121 461 1147 iracundia
482 1120 633 1148 exardens:
656 1122 693 1148 sic
714 1121 777 1148 milii
796 1121 988 1155 quodammodo
1005 1125 1032 1149 et

247 1174 319 1192 mare
334 1165 487 1197 videbatur;
504 1167 554 1193 etsi
568 1167 637 1193 enim
660 1166 702 1193 ira
721 1166 888 1201 e/ferbucrat,
906 1168 932 1193 in
951 1171 1031 1194 semet

246 1212 315 1239 iram
347 1213 497 1239 continebat
518 1212 568 1239 sibi
595 1212 682 1247 frenos
704 1213 835 1245 iniibiens,
864 1217 889 1239 et
915 1212 1030 1247 furorem

245 1265 322 1285 suum
343 1257 456 1284 Domino
481 1257 652 1292 manifestare
679 1263 779 1285 nolens.
811 1257 924 1292 Reliqua
948 1258 1030 1292 hujus

245 1303 378 1330 orationis
408 1302 501 1330 Graeca
531 1307 558 1330 et
589 1302 685 1329 Latina
715 1311 776 1330 cum
809 1308 903 1330 nostro
927 1303 1030 1330 Met/to-

247 1349 291 1375 dio
315 1349 396 1376 dabo.
425 1348 492 1376 Vide
520 1352 648 1383 prieterea
677 1349 822 1382 Georgium
849 1348 965 1377 l‘isidem
993 1349 1030 1376 De

247 1394 339 1420 mundi
362 1395 478 1429 api/icio,
502 1399 528 1421 et
551 1394 682 1422 Joannem
704 1394 929 1430 Chrysostomum
947 1403 1030 1431 super

245 1439 313 1466 illud
337 1438 457 1466 Hierem.
474 1446 535 1474 cap.
561 1447 588 1471 v,
605 1447 675 1466 vers.
696 1438 741 1470 22,
756 1439 808 1472 Qui
825 1439 901 1473 posui
921 1447 1029 1466 arenam

247 1485 388 1512 terminum
402 1485 479 1516 mari,
492 1485 520 1511 in
536 1484 632 1512 catena
647 1492 706 1520 qua:
720 1492 735 1511 ιι
752 1484 832 1512 nobis
843 1483 939 1511 Latina
957 1484 1028 1512 facta

243 1531 299 1566 jam
315 1535 356 1559 est
369 1531 468 1566 publici
486 1531 567 1566 juris.

279 1577 338 1604 Col.
349 1576 410 1607 712,
421 1577 468 1604 lin.
480 1577 524 1604 45.
541 1576 616 1603 Ἐπεὶ
625 1577 653 1602 τί
667 1576 811 1603 ἐκώλυσε.
825 1575 942 1603 Basilius
955 1576 1026 1603 hom.

245 1624 262 1650 6
279 1623 370 1650 εἙπεὶ
386 1623 412 1649 τί
436 1622 538 1649 ἐκώλυε
558 1623 607 1658 τὴν
637 1621 770 1657 Ἐρυθρὰν
788 1622 923 1648 θάλασσαν
939 1623 1028 1649 πᾶσαν

245 1669 294 1704 τὴν
308 1668 444 1702 Αἴγυπτον
459 1668 615 1703 κοιλοτέραν
630 1666 711 1694 οὖσαν
727 1668 825 1703 ἑαυτῆς
841 1667 973 1700 ἐπελθεῖν,
983 1669 1029 1695 καὶ

245 1713 411 1749 συναφθῆναι
420 1713 458 1748 τῷ
470 1713 664 1749 παρακειμένῳ
678 1715 710 1748 τῇ
724 1713 854 1748 Αἰγύπτῳ
868 1714 992 1749 πελάγει,
1003 1714 1028 1740 εί

245 1760 283 1796 μὴ
299 1759 338 1795 τῷ
357 1760 546 1795 προστάγματι
567 1757 600 1794 ἦν
620 1759 794 1794 πεπεδημένη
808 1759 854 1786 τοῦ
871 1761 1027 1793 κτίσαντος

244 1807 278 1834 Ει
291 1815 318 1834 In
334 1807 386 1833 boc
401 1806 482 1834 etiam
500 1810 565 1833 sunt
580 1806 717 1832 variantes
732 1805 955 1841 philosophorum
969 1814 1029 1834 sen-

244 1852 345 1879 tentias.
374 1850 489 1884 Quidam
511 1850 585 1878 enim
610 1854 712 1877 terram
737 1851 805 1877 nun'i
829 1851 1027 1886 depressiorem

244 1897 388 1929 alllrmant,
411 1896 577 1923 Catharinus
601 1894 635 1921 ad
662 1903 722 1930 cap.
751 1903 759 1922 ι
790 1895 900 1927 Genes.,
918 1897 1021 1929 Canus,

243 1943 402 1978 Bnrgensis,
418 1946 513 1968 noster
533 1942 577 1969 hic
592 1945 698 1973 auctor,
717 1941 833 1969 Basilius
846 1946 873 1969 et
883 1943 929 1969 alii
944 1952 949 1969 :
967 1950 1026 1969 eam

245 1989 455 2024 probabiliorem
473 1992 567 2015 censet
588 1986 616 2014 S.
635 1986 765 2019 Thomas,
794 1995 802 2014 ι
824 1992 909 2023 part.,
932 1996 959 2023 ιι.
980 1987 1024 2020 69,

245 2040 296 2060 art.
312 2033 324 2059 1
343 2043 349 2060 :
367 2033 436 2060 idem
452 2039 479 2060 et
493 2033 591 2060 Cicero
608 2033 750 2061 censuisse
763 2033 881 2065 videtur,
897 2041 905 2060 ι
922 2033 957 2060 De
971 2042 1028 2060 na-

245 2084 306 2105 tura
319 2079 426 2106 deorum
440 2087 456 2106 ιι
469 2088 476 2106 :
493 2078 578 2112 Mare,
591 2080 688 2114 inquit,
704 2088 763 2106 cum
777 2087 856 2114 supra
870 2085 967 2106 terram
980 2080 1024 2113 sit,

244 2126 359 2153 medium
385 2130 471 2152 tamen
496 2130 571 2152 teme
597 2126 682 2152 locum
710 2130 830 2160 expetens
855 2132 1027 2161 congregatur

1087 203 1149 235 sita,
1166 208 1194 230 ut
1208 211 1240 230 ex
1260 203 1304 230 his
1323 203 1430 230 duobus
1450 203 1592 238 separatis.
1611 200 1754 236 contiguis
1768 204 1873 231 tamen,

1086 257 1170 276 unum
1184 249 1336 277 elliceretnr
1350 250 1508 281 rotundum,
1528 253 1556 276 et
1574 249 1670 284 globus
1691 254 1767 275 unus
1783 247 1874 283 perie-

1085 295 1236 327 ctissimus,
1255 302 1310 322 non
1327 294 1491 330 geometrica
1507 293 1684 321 rotunditate.
1702 292 1784 325 Quod
1800 293 1873 319 enim

1085 339 1112 366 in
1138 340 1217 375 aquis
1242 340 1407 370 abundabat,
1432 340 1459 366 in
1481 339 1604 366 cavernis
1624 342 1704 366 terra
1727 338 1872 366 occlusum

1085 389 1136 416 est,
1152 389 1179 413 et
1194 386 1222 413 in
1238 386 1461 420 profundissimis
1481 386 1597 412 vallibus
1618 388 1775 420 receptum,
1799 384 1871 419 quod

1085 429 1113 456 in
1129 431 1210 458 terris
1233 437 1316 465 super
1342 437 1427 465 aquas
1449 430 1572 462 emersit,
1597 429 1624 457 in
1651 429 1871 464 impendentium

1084 476 1218 503 montium
1243 475 1402 503 altitudines
1429 481 1584 511 porrectum
1614 475 1752 508 surrexit;
1776 478 1806 502 et
1833 474 1870 501 sic

1084 521 1224 556 aequaliter
1234 521 1353 556 undique
1362 527 1432 548 terra
1450 525 1477 548 et
1487 529 1564 556 aqua:
1575 521 1760 551 sustinentur,
1770 524 1796 546 et
1812 527 1871 547 sus-

1084 567 1183 599 tinent.
1207 575 1296 602 neque
1321 568 1490 594 exceduntur
1512 574 1602 602 neque
1622 566 1772 594 excedunt.
1799 565 1870 593 Fieri

1084 617 1175 640 tamen
1199 617 1299 648 potest,
1322 617 1352 640 ut
1377 614 1606 648 quemadmodum
1631 620 1686 640 una
1707 621 1773 648 pars
1791 617 1871 640 terra

1084 659 1137 685 alia
1149 659 1313 686 eminentior
1328 663 1382 691 est,
1393 660 1445 686 alia
1461 659 1513 686 alia
1525 659 1692 694 depressior,
1708 667 1761 686 nec
1779 664 1870 686 tamen

1085 709 1183 732 terram
1195 712 1257 732 esse
1270 706 1415 733 rotundam
1427 705 1598 740 negabimus,
1615 705 1655 732 sic
1670 709 1697 732 et
1715 711 1771 731 una
1782 704 1868 738 regio.

1083 755 1110 778 et
1127 751 1202 779 locus
1222 752 1258 779 sit
1274 752 1334 787 ipso
1357 759 1432 778 mare
1456 751 1600 782 humilior,
1626 751 1663 777 ita
1685 753 1715 777 ut
1736 750 1760 777 si
1779 750 1869 776 aditus

1084 802 1188 833 pateret
1207 798 1286 834 aquis
1303 798 1535 833 submergeretur,
1551 798 1638 824 altera
1661 797 1745 824 altior
1759 800 1787 823 et
1802 797 1868 823 emi<

1083 844 1208 877 acutior;
1235 843 1464 879 quemadmodum
1493 843 1654 870 Aristoteles
1685 842 1720 870 de
1756 841 1868 877 regione

1081 889 1273 925 [Egyptiorum
1300 893 1327 917 et
1339 897 1414 917 mare
1428 889 1521 917 liu‘bt‘o
1536 893 1666 924 tanquam
1677 888 1867 916 certissimum

1082 941 1158 964 notat
1178 937 1241 964 libr.
1257 937 1345 972 primo
1360 936 1482 969 Heteor.,
1499 944 1560 971 cap.
1576 936 1688 968 ultimo;
1706 939 1734 962 et
1755 935 1794 962 ita
1812 935 1867 962 exi-

1081 983 1164 1009 stimo
1186 987 1313 1010 auctores
1332 990 1403 1018 quos
1426 989 1509 1018 supra
1529 981 1667 1009 nominavi
1681 988 1745 1008 esse
1765 980 1865 1007 intelli-

1082 1028 1194 1063 gendos,
1211 1030 1355 1062 omniaque
1371 1029 1452 1056 dubia
1468 1033 1495 1056 et
1518 1031 1688 1063 argumenta,
1714 1027 1742 1053 in
1764 1030 1866 1052 utram-

1081 1081 1134 1108 que
1152 1077 1256 1109 partem
1277 1074 1395 1101 adducta
1417 1074 1547 1101 facillimo
1566 1073 1675 1107 negotio
1692 1071 1763 1099 solvi
1780 1071 1865 1098 :divi-

1081 1127 1199 1155 namque
1227 1120 1390 1156 sapientiam
1412 1122 1438 1147 et
1458 1120 1606 1147 bonitatem
1621 1117 1774 1146 dilucidius
1789 1118 1866 1144 inno-

1081 1169 1196 1199 tescere,
1212 1173 1273 1202 quae
1285 1166 1377 1193 omnia
1391 1166 1428 1193 ita
1446 1166 1474 1193 in
1490 1165 1609 1201 pondere
1623 1168 1651 1192 et
1667 1171 1801 1192 mensura
1813 1163 1866 1190 dis-

1080 1211 1183 1246 posuit.

1115 1257 1195 1290 lbid.,
1216 1257 1266 1285 lin.
1289 1257 1334 1286 49;
1355 1258 1419 1284 Ὅτι
1442 1257 1475 1284 δὲ
1493 1257 1603 1291 ἀληθὲς
1626 1256 1726 1284 τοῦτο.
1750 1255 1864 1283 Basilius

1080 1303 1154 1331 hom.
1183 1303 1201 1330 4
1218 1313 1224 1331 :
1242 1305 1318 1330 Ἐπεὶ
1341 1304 1367 1330 τί
1387 1303 1487 1330 ἐκώλυε
1504 1303 1552 1339 τὴν
1571 1302 1705 1339 Ἐρυθρὰν
1730 1302 1864 1329 θάλασσαν

1080 1350 1169 1376 πᾶσαν
1186 1349 1236 1385 τὴν
1252 1350 1386 1384 Αἴγυπτον
1401 1350 1556 1384 κοιλοτέραν
1574 1347 1656 1376 οὖσαν
1672 1348 1775 1383 ἑαυτῆς
1794 1348 1863 1374 tal-

1080 1395 1146 1426 θεῖν,
1164 1396 1210 1422 καὶ
1228 1395 1394 1430 συναφθῆναι
1418 1395 1456 1430 τῷ
1473 1395 1665 1430 παρακειμένῳ
1687 1395 1722 1429 τῇ
1737 1395 1863 1428 Αἰγύπτῳ

1080 1442 1202 1476 πελάγει,
1217 1442 1242 1468 εί
1263 1441 1300 1477 μὴ
1312 1441 1350 1476 τῷ
1367 1441 1556 1477 προστάγματι
1575 1439 1610 1476 ἧν
1625 1440 1803 1474 πεπεδημένη
1821 1439 1862 1466 τοῦ

1081 1489 1238 1521 κτίσαντοςς
1260 1489 1320 1514 ’Ότι
1338 1487 1393 1523 γὰρ
1408 1488 1583 1523 ταπεινοτέρα
1603 1487 1652 1522 τῆς
1670 1487 1806 1523 Ἐρυθρᾶς
1822 1487 1863 1513 θαι

1081 1534 1182 1569 λάσσης
1195 1534 1211 1569 ἡ
1228 1533 1371 1568 Αἴγυπτος,
1382 1534 1452 1569 ἔργῳ
1463 1533 1575 1560 ἔπεισαν
1585 1534 1658 1569 ἡμᾶς
1672 1534 1697 1559 οἱ
1705 1533 1863 1568 θελήσαντες

1078 1579 1200 1614 ἀλλήλοις
1211 1579 1245 1605 τὰ
1259 1579 1363 1614 πελάγη
1381 1579 1506 1613 συνάψαι,
1522 1579 1552 1605 τό
1561 1587 1590 1605 τε
1611 1579 1764 1612 Αίγύπτιον
1779 1581 1824 1606 καὶ
1836 1580 1861 1605 τὸ

1085 1624 1202 1656 Ἰνδικὸν,
1217 1626 1246 1651 ὲν
1267 1621 1289 1658 ᾦ
1309 1626 1325 1660 ἡ
1347 1625 1463 1660 Ἐρυθρὰ
1481 1624 1610 1652 Θάλασσα.
1633 1625 1737 1660 Διόπερ
1755 1626 1860 1660 ἐπέσχον

1077 1669 1126 1705 τὴν
1143 1669 1312 1705 ἐπιχείρησιν
1326 1670 1434 1706 πρῶτος
1449 1670 1599 1706 ἀρξάμενος
1618 1671 1776 1706 Σέσωστρις
1792 1673 1806 1698 ὁ
1822 1672 1861 1698 Al-

1077 1714 1201 1749 γύπτιος,
1219 1716 1267 1741 καὶ
1284 1716 1298 1742 ὁ
1320 1715 1389 1751 μετὰ
1405 1716 1490 1742 ταῦτα
1514 1716 1655 1751 βουληθεὶς
1677 1717 1859 1753 ὲπεξεργάτει-

1078 1761 1139 1788 σθαι
1149 1762 1260 1797 Δαρεῖος
1271 1762 1284 1787 ὁ
1297 1762 1396 1796 Μῆδος.
1406 1761 1565 1789 Habuerunt
1574 1763 1607 1790 ab
1622 1763 1774 1792 Aristotele
1788 1765 1832 1792 lib.
1844 1773 1859 1791 ιι

1078 1806 1201 1840 Meteon,
1216 1815 1277 1842 cap.
1290 1808 1347 1834 ult:
1365 1808 1444 1843 Δηλοῖ
1468 1808 1496 1834 δὲ
1516 1808 1547 1834 τὸ
1562 1808 1722 1844 γινόμενον·
1740 1810 1796 1842 Οὓς
1814 1811 1860 1846 γάρ

1077 1861 1166 1889 φαμεν
1179 1853 1373 1888 ἀρχαιοτάτους
1386 1851 1517 1880 εἶναιτῶν
1528 1854 1676 1889 ἀνθρώπων
1687 1856 1859 1890 Δίγυπτίους,

1076 1899 1178 1926 τούτων
1204 1899 1313 1935 ἠχώρα
1337 1900 1411 1926 πᾶσα
1433 1902 1559 1934 γεγονυῖα
1585 1901 1709 1934 φαίνεται
1733 1903 1782 1928 καὶ
1801 1901 1859 1928 οὖσι

1076 1945 1122 1972 τοῦ
1144 1945 1266 1980 ποταμοῦ
1291 1945 1379 1981 ἔργον.
1396 1946 1450 1971 Καὶ
1464 1946 1542 1972 τοῦτο
1565 1948 1635 1973 κατὰ
1655 1955 1685 1973 τε
1698 1947 1750 1982 τὴν
1776 1949 1859 1984 χώραν

1077 1991 1161 2027 αὐτὴν
1174 1991 1271 2027 ὁρῶντι
1287 1991 1364 2026 δῆλον
1383 1991 1451 2022 ἐστι,
1465 1993 1512 2018 καὶ
1528 1992 1562 2018 τὰ
1578 1992 1642 2028 περὶ¹
1660 1993 1710 2028 τὴν
1733 1993 1858 2028 Ἐρυθρὰν

1077 2036 1214 2063 θάλασσαν
1228 2032 1375 2072 τεκμήριον
1398 2037 1498 2064 ίκανόν.
1516 2037 1622 2072 Ταύτην
1642 2039 1697 2073 γὰρ
1713 2039 1770 2066 τῶν
1791 2039 1858 2074 βασι-

1076 2081 1142 2108 λέων
1158 2090 1199 2113 τις
1218 2082 1347 2118 ἐπειράθη
1372 2082 1529 2118 διορύττειν.
1547 2084 1583 2110 Οὐ
1598 2083 1653 2119 γὰρ
1674 2085 1779 2120 μικρὰς
1791 2084 1857 2120 εἶχεν

1076 2127 1108 2154 ἂν
1125 2128 1215 2160 αὐτοῖς
1229 2127 1360 2162 ὠφελείας
1375 2129 1478 2160 πλωτὸς
1491 2128 1564 2160 ἅπας
1573 2129 1587 2154 6
1601 2129 1683 2160 τύπος
1693 2131 1855 2165 γιγνόμενος.

244 2172 358 2207 undique
371 2171 518 2207 tequaliter,
531 2178 611 2207 neque
626 2171 764 2203 redundat,
782 2179 861 2206 neque
871 2171 1024 2206 effunditur.

1080 2173 1191 2207 Λέγεται
1207 2173 1235 2199 δὲ
1255 2173 1366 2208 πρῶτος
1382 2174 1534 2210 Σέσωστρις
1557 2175 1730 2210 ἐπιχειρῆσαι
1746 2176 1800 2202 τῶν
1813 2185 1855 2202 ται-

245 2218 298 2245 Alii
319 2222 420 2245 terram
434 2226 496 2246 esse
512 2226 586 2246 mare
603 2218 739 2249 altiorem,
766 2221 795 2244 ut
816 2218 1027 2253 Chrysostomus

244 2265 318 2292 hom.
329 2265 346 2292 9
357 2263 392 2291 ad
399 2272 459 2300 pop.
468 2265 604 2297 Antioclt.;
627 2265 796 2301 Augustinus
808 2265 834 2291 in
844 2264 912 2298 psal.
927 2273 1025 2297 exnv;

244 2311 426 2346 Hieronymus
439 2311 466 2338 in
486 2311 553 2338 illud
575 2311 644 2346 psal.
655 2319 740 2343 xun,
751 2310 916 2345 Congregans
924 2311 990 2337 sicut
1000 2311 1026 2337 in

243 2363 301 2384 utre
321 2366 404 2392 aquae
421 2357 522 2389 maris;
541 2357 726 2384 Damasccnus
746 2356 794 2384 lib.
811 2363 829 2382 ιι
847 2355 908 2383 Fid.
923 2356 1024 2383 orthod.

244 2409 303 2436 cap.
315 2402 332 2429 9
344 2407 370 2429 et
384 2402 435 2435 1ος
451 2401 622 2430 Contarenus
635 2401 682 2428 lib.
697 2409 714 2428 ιι
727 2401 764 2427 De
776 2401 920 2434 elementis,
932 2404 958 2428 et
969 2402 1025 2428 alii.

244 2447 309 2480 Quae
328 2447 389 2474 dua:
415 2447 557 2482 opiniones
584 2447 635 2474 etsi
660 2447 775 2473 multum
796 2447 866 2474 inter
882 2454 911 2474 se
925 2446 1027 2475 distare

244 2490 381 2522 videntur,
402 2497 452 2524 ego
469 2493 560 2516 tamen
577 2489 691 2516 dixerim
713 2493 836 2516 neutram
854 2488 960 2522 falsam,
978 2489 1026 2517 sed

244 2534 427 2561 certissimam
438 2537 583 2568 utramque
593 2537 621 2560 et
632 2541 734 2566 veram,
747 2533 771 2561 si
785 2541 839 2561 non
852 2533 886 2562 de
897 2534 1026 2562 universo

245 2584 323 2606 terrae
334 2580 479 2611 elemento,
494 2587 582 2614 neque
593 2587 680 2614 aquae,
696 2579 742 2606 sed
762 2583 839 2614 parte
852 2580 969 2615 quadam
982 2581 1026 2608 in-

244 2625 391 2660 telligatur.
415 2624 546 2658 Quamvis
562 2625 635 2652 enim
654 2625 725 2653 Deus
740 2633 826 2662 aquas
846 2630 947 2654 terram
967 2634 1026 2654 om-

244 2678 306 2697 nem
322 2679 371 2698 suo
389 2671 462 2698 lluxu
483 2675 648 2707 occupantes
660 2677 799 2707 separatas
821 2672 849 2700 in
868 2680 952 2700 unum
968 2672 1026 2700 vel-

247 2716 284 2742 uti
303 2717 403 2749 locum,
419 2721 446 2744 et
474 2719 617 2746 stationem
641 2718 782 2751 detulerit,
799 2722 827 2745 et
842 2721 913 2745 terra
933 2725 979 2746 eas
997 2718 1024 2745 in

247 2762 357 2794 proprio
369 2762 441 2793 sinu,
457 2770 573 2790 caverna
587 2763 721 2790 duntaxat
737 2764 916 2798 amplissima.
930 2768 1024 2790 mutuo

247 2806 387 2839 complexu
401 2809 547 2841 exceperit.
564 2816 618 2836 non
641 2813 732 2835 tamen
751 2808 778 2835 id
794 2809 829 2835 ita
850 2809 973 2843 contigit,
994 2813 1023 2836 ut

1077 2219 1176 2246 λαιῶν·
1199 2218 1256 2245 ἀλλ’
1270 2215 1349 2254 εὗρεν
1372 2219 1539 2256 ὑψηλοτέραν
1561 2218 1642 2247 οὖσαν
1656 2221 1707 2256 τὴν
1731 2222 1850 2249 θάλαττα

1076 2265 1125 2300 τῆς
1141 2264 1201 2299 γῆς.
1219 2261 1264 2290 Διὸ
1280 2264 1382 2296 ἐκεῖνος
1392 2273 1421 2290 τε
1443 2265 1584 2301 πρότερον,
1599 2267 1644 2292 καὶ
1657 2268 1772 2302 Δαρεῖος
1787 2267 1857 2294 ὕπε-

1077 2318 1122 2346 ρον
1133 2309 1269 2336 ἑπαύσατο
1283 2310 1437 2345 διορύττων,
1447 2311 1521 2342 ὅπως
1535 2312 1571 2346 μὴ
1583 2311 1718 2348 διαφθαρῇ
1730 2313 1763 2339 τὺ
1778 2313 1856 2348 ῥεῦμα

1076 2355 1121 2381 τοῦ
1150 2355 1273 2390 ποταμοῦ
1299 2356 1482 2391 συμμιγείσης
1511 2353 1559 2391 τῆς
1583 2357 1729 2393 θαλάττης.
1764 2359 1855 2386 Strabo

1077 2401 1124 2428 lib.
1138 2409 1144 2428 ι
1164 2401 1330 2432 εἈπιθάνως
1343 2401 1371 2428 δὲ
1386 2402 1467 2436 λέγω,
1482 2403 1522 2429 ὅτι
1538 2403 1591 2439 πρὸ
1605 2403 1660 2429 τῶν
1675 2404 1807 2439 Τρωῖκῶν
1817 2404 1855 2430 οὺ-

1075 2446 1155 2482 δεμία
1175 2444 1208 2483 ἧν
1221 2446 1329 2483 διώρυξ.
1341 2448 1393 2474 Τὸν
1409 2446 1438 2474 δὲ
1460 2448 1670 2484 ἐπιχειρήσαντα
1688 2450 1801 2485 ποιῆσαι
1815 2450 1852 2476 Σέ-

1077 2499 1191 2529 σωστριν
1207 2495 1356 2529 ἀποστῆναί
1373 2503 1449 2529 φασι,
1474 2496 1675 2531 μετεωροτέραν
1693 2497 1853 2524 ὑπολαϐόντα

1075 2539 1124 2574 τὴν
1136 2539 1185 2574 τῆς
1204 2539 1337 2574 θαλάττης
1355 2540 1524 2574 ἐπιφάνειαν.
1541 2541 1573 2568 Et
1585 2541 1633 2568 lib.
1651 2549 1707 2568 xvn
1725 2542 1850 2578 εῈτμήθη

1075 2584 1103 2610 δὲ
1117 2584 1133 2618 ή
1147 2583 1246 2619 διιῖιρυξ
1257 2585 1396 2620 καταρχὰς
1413 2585 1461 2621 μὲν
1475 2586 1528 2613 ὑπὺ
1543 2585 1714 2622 Σεσώστριος
1736 2588 1791 2623 πρὸ
1804 2588 1849 2613 τῶν

1075 2628 1215 2663 Τρωῖκῶν,
1228 2630 1252 2655 οἱ
1266 2629 1294 2656 δὲ
1317 2629 1370 2656 ὑπὸ
1393 2630 1440 2656 τοῦ
1458 2631 1642 2666 Ψαμμητίχου
1660 2632 1756 2664 παιδὸς
1779 2632 1848 2668 ἀρξα-

1077 2673 1157 2709 μένου
1176 2674 1264 2710 μόνον,
1288 2673 1347 2703 εἷτα
1369 2675 1523 2708 ἐκλιπόντος
1543 2676 1589 2703 τὸν
1611 2676 1682 2712 βίον·
1705 2677 1847 2714 ὕστερονδὲ

1075 2719 1127 2746 ὑπὸ
1141 2720 1252 2755 Δαρείου
1265 2720 1311 2747 τοῦ
1323 2721 1429 2756 πρώτου
1442 2721 1632 2757 διαδεξαμένου
1647 2722 1678 2749 τὸ
1691 2721 1756 2757 ἑξῆς
1770 2723 1846 2758 ἔργον.

1075 2764 1126 2791 Καὶ
1148 2764 1223 2798 οὗτος
1234 2766 1272 2798 δὲ,
1286 2767 1349 2804 δόξῃ
1362 2767 1454 2802 ψευδεῖ
1474 2768 1605 2800 πεισθεὶς,
1621 2769 1711 2803 ἀφῆκε
1727 2769 1758 2795 τὸ
1779 2769 1846 2804 ἔργον

1076 2811 1138 2847 περὶ
1163 2812 1314 2840 συντέλειαν
1336 2812 1396 2850 ἤδη.
1418 2813 1545 2850 Ἐπείσθη
1572 2814 1626 2850 γὰρ
1655 2815 1844 2850 μετεωροτέραν
