1903 3068
269 125 324 154 859

937 123 1064 151 LEONIS
1083 122 1222 152 ALLATII
1848 122 1890 148 Slo

270 183 318 209 καὶ
340 182 510 218 θερμοτέρας
533 182 566 208 ὲκ
591 181 730 216 μετάλλων
749 180 889 216 ποιότητος
906 181 978 208 κατὰ
1005 180 1048 216 τὴι

1107 182 1223 216 corpora
1238 179 1311 208 enim
1333 179 1508 208 elementaria
1529 183 1634 207 natura:
1657 179 1718 214 lege
1754 182 1839 213 atque
1853 187 1888 205 or-

269 227 384 260 διέξοδον
399 226 588 262 προσλαϐοῦσα
603 227 634 252 ὲκ
646 226 696 260 τῆς
711 226 794 262 αὐτῆς
806 225 853 252 τοῦ
866 226 1002 258 κινοῦντος
1014 228 1056 253 αἰ-

269 273 330 304 τίας
342 272 438 305 ζέουσα
448 273 550 307 γίνεται
561 272 599 304 ὡς
611 272 645 298 τὰ
657 272 752 302 πολλὰ.
766 273 813 298 καὶ
822 272 957 309 πυρώδης.
967 273 1055 309 Ὅπερ

270 318 404 353 πολλαχοῦ
416 319 465 353 μὲν
475 317 529 344 τῶν
542 319 641 354 νήσων,
659 317 791 353 πολλαχοῦ
805 318 833 344 δὲ
847 318 900 344 τῶν
916 318 1056 353 παραλίων

269 364 358 391 τόπων
372 364 475 396 ἔξεστιν
488 364 628 400 ἱστορῆσαι
639 372 646 379 ’
662 364 760 397 ὄπουγε
776 365 822 390 καὶ
838 364 908 390 κατὰ
929 365 978 399 τὴν
1007 373 1056 400 με-

270 410 373 444 σόγειον
391 410 467 436 τόποι
489 410 560 441 τινὲς
574 410 628 436 τῶν
645 410 783 445 ποταμίων
800 410 902 436 ὑδάτων
924 411 1053 444 γείτονες,

268 455 307 487 ὡς
323 455 407 490 μικρὰ
421 455 547 490 μεγάλοις
558 455 674 487 εἰκάσαι,
684 455 717 481 τὰ
724 455 898 490 παραπλήσια
910 455 1054 489 πάσχουσι.

268 501 342 536 Πρὸς
354 499 400 527 οὖν
411 501 437 527 τί
451 501 529 527 τοῦτο
543 501 650 536 εἴρηταί
667 509 728 536 μοι;
743 501 801 526 ῗΟτι
823 501 896 526 πᾶσα
917 501 1054 536 ὑπόνομος

268 547 343 573 ἐστιν
356 548 372 582 ἡ
386 547 422 582 γῆ
431 546 475 573 διὰ
490 547 580 582 πόρων
598 546 707 581 ἀφανῶν
717 548 749 572 ὲκ
764 546 817 572 τῶν
831 546 922 581 ἀρχῶν
937 545 987 580 τῆς
1006 545 1055 572 θα-

269 592 372 626 λάσσης
386 592 594 624 ὑπονοποῦντος
617 592 664 619 τοῦ
681 592 785 623 ὕδατος.
807 591 845 619 De
867 599 999 626 aquarum
1013 592 1054 618 vi-

269 638 357 669 ribus,
376 642 402 665 et
417 638 572 672 saporibus,
585 638 699 673 aliisque
711 638 900 673 qualitatibus,
920 637 982 664 vide
993 645 1054 672 quae

267 691 302 710 ex
317 683 463 711 Aristotele
477 683 638 718 compendio
656 684 723 710 dicit
743 683 867 711 Stobaeus
888 683 916 710 in
932 683 1053 718 Physicis

267 729 366 764 eclogis
383 750 392 763 ,
406 737 467 764 cap.
479 729 524 756 54.

303 786 362 813 Col.
377 785 440 818 715.
459 786 508 813 lin.
530 786 574 813 19.
593 786 624 813 Ἠ
636 786 690 820 γὰρ
708 784 829 820 ῥοώδης
848 782 1000 813 ditatum.
1015 785 1054 812 De

267 831 408 859 ﬂuminum
420 831 589 866 fontiumque
603 839 685 859 eausa
696 835 724 858 et
739 832 843 866 origine
856 831 934 866 plura
945 831 1053 857 Aristo-

267 877 336 904 teles
358 876 405 903 lib.
426 884 434 903 ι
460 875 581 908 Me:eor.,
615 884 676 911 cap.
702 875 747 908 l5,
770 880 798 903 et
821 876 870 904 lib.
894 884 924 907 ιι,
940 883 1001 911 cap.
1021 874 1053 908 2;

267 920 354 952 Plato.
371 923 398 948 in
420 920 566 953 Plut-done;
583 920 717 955 Georgius
739 920 879 955 Agricola,
910 920 959 947 lib.
980 928 988 947 ι
1015 919 1054 946 0e

266 972 327 993 ortu
348 971 372 993 et
397 967 484 993 causis
509 967 758 999 subrerraneorum;
774 966 902 993 Albertus
926 966 1052 1001 Magnus,

266 1011 315 1038 lib.
347 1018 368 1038 ιι
386 1010 509 1044 Meteon,
524 1016 603 1039 tract.
635 1011 676 1044 l2,
692 1012 773 1047 capit.
789 1011 833 1044 ll;
846 1011 964 1038 .lacobus
985 1011 1055 1038 Mili-

264 1056 355 1089 chius,
377 1057 405 1084 in
428 1058 511 1092 capit.
532 1057 584 1084 103
606 1057 652 1084 lib.
680 1065 700 1084 ιι
733 1056 832 1090 Plinii;
854 1056 979 1084 Valesius
1014 1056 1054 1084 De

265 1110 342 1129 sacra
357 1102 534 1138 philosophia,
550 1110 611 1138 cap.
621 1103 667 1135 63,
684 1106 711 1130 et
722 1103 778 1130 alii.
792 1102 855 1129 Fuit
871 1102 1053 1137 quorumdam

265 1146 358 1180 opinio
377 1146 448 1173 intra
467 1150 567 1173 terram
588 1154 649 1174 esse
670 1147 804 1181 quasdam
829 1147 1001 1174 cavitatesct
1013 1147 1053 1173 al-

265 1198 342 1222 veos,
355 1191 455 1225 quibus
466 1191 566 1219 imbres
575 1191 758 1226 excipiantur,
772 1196 853 1226 atque
863 1200 898 1219 ex
913 1192 946 1219 iis
964 1191 1052 1219 fontes

262 1240 291 1263 et
301 1237 398 1263 ﬂuvios
412 1237 562 1268 dimanare,
573 1241 600 1264 et
616 1245 700 1272 aquas
712 1237 772 1264 illas
786 1245 872 1272 usque
883 1237 916 1264 ad
933 1237 1051 1265 futuram

264 1282 382 1309 hiemem
397 1281 530 1313 sufﬁcere,
546 1289 597 1308 nec
610 1289 770 1309 exarescere
786 1285 933 1316 antequam
953 1289 1051 1310 rursus

265 1329 341 1364 pluat
354 1338 360 1355 :
379 1328 478 1356 siccari
491 1335 556 1356 vero
569 1335 616 1356 eos
629 1336 746 1363 quorum
761 1329 830 1357 alvei
844 1330 963 1357 minores
976 1333 1050 1362 sunt,

261 1378 291 1401 et
301 1374 337 1401 ob
352 1373 489 1401 defectum
506 1381 638 1409 aquarum
656 1382 710 1402 non
725 1374 833 1402 ﬂuitant
853 1384 940 1411 usque
953 1377 986 1404 ad
1002 1385 1052 1404 no-

263 1428 313 1448 vas
328 1420 441 1454 pluvias.
458 1420 619 1448 Aristoteles
637 1424 665 1448 et
684 1421 729 1448 alii
743 1429 854 1449 causam
875 1423 989 1456 primam
1006 1431 1052 1458 ge-

262 1466 415 1493 nerationis
438 1465 582 1492 ﬂuviorum
613 1470 739 1494 statuunt
766 1467 818 1494 loci
841 1472 977 1501 naturam,
1004 1468 1050 1495 ubi

262 1515 375 1546 propter
391 1513 442 1539 soli
461 1513 611 1543 raritatem,
626 1513 729 1540 multus
744 1516 772 1540 et
790 1514 919 1548 copiosus
935 1513 1048 1548 spiritus

262 1560 419 1591 generatur,
437 1557 484 1592 qui
505 1564 587 1592 quam
605 1557 730 1592 proxime
743 1557 778 1584 ad
798 1558 908 1592 vaporis
922 1561 1049 1585 naturam

262 1601 378 1629 accedit.
404 1601 506 1630 Deinde
529 1609 595 1630 vero
624 1601 725 1638 frigore
754 1602 807 1630 loci
830 1604 858 1629 in
881 1611 980 1638 aquam
1003 1611 1051 1631 co-

262 1648 347 1682 gitur,
375 1656 435 1683 quas
459 1649 546 1683 ejecta
579 1648 641 1676 l'ons
668 1652 696 1676 et
721 1649 797 1684 origo
821 1648 966 1676 ﬂuviorum
998 1653 1049 1677 est.

261 1692 318 1720 Nec
345 1694 452 1721 videtur
478 1694 627 1722 absurdum
654 1694 678 1722 si
703 1699 813 1730 propter
838 1695 959 1722 eamdem
985 1702 1051 1722 cau-

262 1747 321 1766 sam
350 1739 378 1766 in
390 1744 469 1768 terras
496 1741 648 1768 visceribus
677 1744 822 1775 generatur
848 1747 918 1776 aqua
941 1744 1050 1776 propter

261 1792 344 1820 quam
362 1793 444 1820 supra
463 1791 563 1812 terram
590 1785 617 1813 in
636 1793 713 1819 aere;
730 1786 789 1821 pari
804 1786 877 1813 enim
895 1787 1001 1814 ratione
1021 1787 1049 1813 in

261 1835 497 1867 vapurante'aere
523 1832 609 1867 frigus
633 1837 772 1866 operatur.
805 1831 870 1864 Quae
895 1832 1048 1860 Aristotelis

260 1878 354 1913 opinio
366 1877 388 1905 si
404 1882 478 1905 recte
491 1878 683 1905 consideretur
695 1885 774 1906 suam
788 1878 871 1906 habet
898 1879 1047 1914 probabili-

261 1927 358 1955 tatem,
375 1930 426 1950 nec
447 1923 485 1949 ita
506 1923 608 1950 absona
624 1927 668 1950 est
695 1923 722 1950 in
747 1923 919 1959 philosophia
946 1928 976 1952 ut
999 1933 1047 1953 ex-

261 1969 325 2005 pelli
339 1969 451 1997 omnino
466 1973 612 1997 mereatur.
623 1969 780 1998 Christiano
791 1975 881 1998 tamen
893 1971 1006 2005 homini,
1015 1979 1046 2000 ea

261 2023 344 2050 super
360 2015 414 2042 hoc
430 2016 565 2043 sententia
580 2020 622 2043 est
635 2016 824 2051 amplexanda,
842 2024 902 2052 quae
919 2022 960 2044 est
982 2026 1047 2045 san—

260 2065 368 2088 ctorum
378 2060 490 2088 Patrum
501 2061 664 2093 communis,
674 2065 701 2089 et
712 2070 796 2090 sacrae
809 2062 957 2097 Scriptura
968 2064 1045 2091 testi-

260 2107 365 2134 moniis
377 2106 563 2134 conﬁrmatur.
582 2106 720 2142 Originem
744 2107 857 2135 fontium
875 2116 890 2136 e
903 2110 971 2136 mari
984 2117 1045 2137 esse

261 2160 276 2180 a
295 2159 349 2188 quo
364 2151 486 2184 eﬂluunt,
511 2156 538 2180 et
566 2152 594 2180 in
620 2152 693 2188 quod
708 2153 833 2186 inﬂuunt,
859 2154 896 2180 ita
914 2154 1042 2187 Basilius,

259 2199 354 2226 homil.
364 2199 391 2230 ι.
401 2205 494 2227 noster
502 2199 661 2227 Eustathius
673 2200 700 2226 in
712 2199 763 2226 hoc
775 2201 845 2233 loco,
864 2200 1044 2236 Hieronymus
1061 2210 1082 2236 ι)

259 2244 294 2272 ad
307 2245 425 2280 primum
446 2249 529 2279 caput
550 2244 733 2276 Ecclesiastaa,
750 2245 882 2279 lsidorus,
901 2246 920 2272 l.
934 2254 965 2274 ιιι
983 2246 1045 2274 Ori-

259 2292 358 2326 ginum,
371 2291 455 2324 c.90;
468 2291 677 2318 Damascmusu
701 2291 738 2318 De
752 2291 799 2326 ﬁd.
815 2291 930 2325 orlhod.,
943 2292 1042 2327 cap.9;

259 2336 406 2372 Gregorius
421 2337 538 2372 Cyprius
555 2337 582 2363 in
598 2335 684 2363 Maris
706 2337 834 2368 encomio,
863 2342 890 2364 et
914 2341 948 2364 ‘ex
965 2337 1042 2370 aliis;

259 2382 336 2410 Plato
350 2383 377 2409 in
395 2382 549 2414 Plawdnne;
575 2382 680 2409 Plinius
697 2382 745 2409 lib.
765 2390 796 2413 ιι.
815 2390 875 2417 cap.
893 2383 947 2416 65;
965 2383 1043 2410 Philo

258 2427 368 2454 Iudaeus
383 2427 421 2454 De
436 2427 527 2454 mundi
541 2428 655 2462 api/icio.
673 2427 786 2454 Variant
805 2430 896 2454 tamen
913 2428 940 2454 in
955 2428 1042 2462 expli-

258 2473 368 2500 catione
396 2473 478 2506 illius,
500 2473 637 2508 quomodo
664 2473 791 2500 videlicet
816 2478 913 2508 suopte
934 2473 1042 2509 ingenio

258 2520 349 2553 gravis
366 2519 451 2554 possit
465 2527 481 2546 e
501 2519 570 2546 mari
592 2519 742 2545 ascendere
756 2519 784 2545 in
799 2519 949 2546 altissimos
964 2527 1042 2546 mon-

259 2569 310 2595 tes,
326 2571 342 2591 θ
364 2564 464 2599 quibus
478 2564 597 2598 erumpit
615 2563 643 2590 in
670 2567 746 2590 tanta
764 2563 853 2598 copia.
881 2563 1040 2591 Eustathius

258 2618 358 2647 aquam
372 2611 455 2638 maris
470 2611 578 2645 spiritu.
593 2610 691 2637 ﬂatuve
708 2609 821 2637 interius
836 2614 963 2637 movente
979 2618 1041 2637 sur<

258 2665 318 2684 sum
332 2656 367 2683 ad
378 2657 560 2692 scaturigines
577 2655 689 2691 impelli.
702 2654 748 2683 His
766 2656 901 2683 consentit
911 2653 1039 2689 Basilius,

258 2701 373 2734 Plinius,
402 2701 490 2729 Plato.
512 2700 541 2728 S.
554 2701 692 2734 Thomas,
716 2707 735 2727 ιι
770 2699 889 2728 Sentent.
912 2702 976 2728 dist.
994 2701 1038 2732 M,

258 2752 354 2781 quaest.
374 2747 399 2779 l,
415 2748 462 2780 ait,
491 2748 630 2774 fontanam
654 2751 681 2774 et
705 2746 862 2774 ﬂuviatilem
881 2754 979 2781 aquam
996 2750 1038 2773 st-

259 2793 329 2819 trahi
354 2800 463 2820 sursum
489 2794 515 2820 vi
541 2793 694 2820 celestium
722 2799 867 2827 corporum
884 2792 1038 2819 communis

258 2837 322 2866 boni
337 2838 432 2873 gratia.
443 2837 496 2866 Nec
512 2841 614 2865 motum
627 2837 700 2866 hunc
715 2845 791 2873 aquae
805 2845 864 2866 esse
875 2837 1035 2872 violentum,

1111 227 1174 254 dine
1191 227 1349 254 caelestibus
1364 227 1507 254 obediunt.
1529 226 1656 254 Albertus
1672 226 1723 253 lib.
1741 232 1762 252 ιι
1776 225 1887 257 Meteon,

1111 276 1190 299 tract.
1209 272 1237 304 2,
1254 279 1312 307 cap.
1326 272 1369 303 12,
1386 272 1474 306 inquit
1486 279 1602 306 vapores
1614 272 1640 298 in
1654 271 1749 303 terris,
1775 271 1889 298 cavernis

1109 318 1230 345 elevatos
1247 317 1418 352 reﬂexosque
1430 318 1568 345 attrahere
1580 317 1614 344 ad
1626 325 1655 344 se
1663 324 1777 351 aquam,
1786 323 1890 350 eamque

1110 371 1221 391 sursum
1238 363 1345 395 eiTerre,
1361 367 1388 390 et
1410 363 1540 390 continua
1560 370 1609 390 sua
1634 363 1756 394 actione,
1777 366 1806 389 et
1827 362 1888 389 illisu

1110 409 1145 435 ad
1170 409 1273 436 montis
1291 409 1375 436 latera
1394 416 1476 444 poros
1498 409 1620 444 aperire,
1653 408 1757 443 quibus
1789 408 1890 435 tandem

1109 455 1238 490 erumpit.
1261 454 1312 482 Alii
1332 455 1437 486 dicunt,
1461 462 1522 482 cum
1539 459 1611 482 terra
1628 455 1721 482 multis
1740 455 1777 480 sit
1806 455 1887 488 pervia

1109 502 1258 536 specubus,
1270 509 1368 536 aquam
1383 502 1466 528 maris
1478 502 1505 528 in
1521 501 1656 535 ejusmodi
1672 507 1740 528 cava
1761 500 1822 527 loca
1838 508 1888 528 sese

1110 547 1250 579 inducere,
1279 555 1339 581 qua:
1352 547 1417 582 quia
1434 550 1499 574 sunt
1523 550 1650 581 angusta,
1676 553 1768 580 neque
1791 549 1887 572 tantam

1109 593 1194 620 maris
1211 593 1308 620 molem
1325 600 1423 628 capere
1439 596 1554 627 queunt,
1577 599 1635 619 eam
1648 598 1727 626 aqua;
1741 591 1888 626 portionem

1107 645 1295 672 compressam
1307 638 1340 665 ad
1351 638 1524 664 extrinsecus
1533 637 1708 664 incumbente
1721 637 1789 663 mari
1803 644 1887 670 egres-

1107 691 1169 711 sum
1185 692 1238 718 qua
1252 684 1294 711 via
1311 684 1408 718 possit,
1422 691 1553 719 quarere,
1576 684 1671 719 sicque
1685 683 1746 711 ﬁeri
1762 691 1887 718 aquarum

1106 731 1289 758 exsililiones.
1300 731 1423 758 Aliorum
1433 731 1503 758 alios
1515 730 1611 758 modos
1621 734 1649 758 et
1665 730 1789 758 rationes
1804 737 1887 764 quam

1108 777 1137 803 in
1151 777 1231 804 dictis
1251 778 1420 806 auctoribus.

1143 834 1224 866 Ibid.,
1242 834 1291 862 lin.
1307 834 1353 861 ει.
1383 827 1480 862 Πάλιν
1493 834 1527 861 δὲ
1542 833 1673 862 ἐπειδάν.
1700 833 1821 861 Causam
1837 841 1888 868 pro-

1107 883 1167 915 pter
1181 888 1262 915 quam
1280 887 1356 915 aqua:
1368 888 1430 907 cum
1442 889 1474 908 ex
1492 889 1547 907 uno
1560 885 1587 908 et
1599 880 1696 908 eodem
1720 879 1807 910 fonte,
1822 887 1888 906 mare

1104 925 1223 956 scilicet,
1239 925 1371 960 originem
1390 925 1511 957 trahant,
1530 933 1584 952 non
1606 925 1731 952 eamdem
1750 928 1856 952 servent
1866 928 1887 951 et

1111 970 1282 1005 qualitatem,
1300 975 1327 998 et
1341 978 1477 1006 saporem,
1491 971 1538 998 sed
1554 971 1708 998 secundum
1728 970 1783 998 loci
1807 970 1887 996 varie-

1102 1020 1186 1044 tatem
1204 1017 1268 1052 ipsae
1283 1017 1364 1044 etiam
1382 1018 1520 1045 varientur
1534 1022 1595 1053 pete
1616 1025 1630 1044 a
1645 1017 1831 1052 philosophis.

1143 1062 1222 1096 lbid.,
1232 1065 1280 1091 lin.
1295 1064 1340 1092 27.
1355 1064 1436 1099 Αὕτη
1448 1065 1495 1091 καὶ
1517 1064 1576 1091 τῶν
1587 1062 1695 1099 ἀερίων
1705 1064 1833 1091 ὑδάτων.
1848 1063 1886 1090 Ba-

1102 1109 1193 1142 silius,
1217 1109 1290 1137 hom.
1305 1110 1322 1137 4
1344 1119 1350 1137 :
1367 1111 1444 1146 Καλὴ
1462 1110 1509 1137 καὶ
1523 1111 1589 1137 διότι
1605 1111 1661 1142 τοῖς
1679 1110 1787 1146 ἀερίοις
1800 1109 1884 1136 ὕδατι-ί

1102 1156 1174 1192 ἀρχή
1194 1156 1236 1187 τίς
1255 1158 1312 1182 ἐστι
1332 1156 1379 1183 καὶ
1397 1157 1483 1192 πηγὴ,
1503 1156 1657 1192 θαλπομένη
1683 1157 1735 1192 μὲν
1755 1156 1789 1192 τῇ
1806 1157 1885 1182 ἀκτῖνι

1104 1201 1152 1227 τοῦ
1168 1201 1255 1235 ἡλίου,
1269 1201 1451 1237 ἀποτιθεμένη
1464 1201 1491 1228 δὲ
1509 1202 1538 1228 τὸ
1562 1201 1658 1228 λεπτὸν
1673 1202 1722 1228 τοῦ
1738 1202 1833 1234 ὕδατος
1849 1202 1885 1228 διὰ

1102 1247 1155 1273 τῶν
1164 1247 1268 1282 ἀτμῶν,
1277 1248 1344 1284 ὅπερ
1351 1244 1478 1274 ἐλκυσθὲν
1485 1249 1524 1279 εἰς
1530 1247 1575 1274 τὸν
1583 1249 1638 1275 ἄνω
1643 1248 1736 1279 τόπον,
1747 1246 1807 1274 εἶτα
1815 1257 1886 1274 κατα-

1100 1292 1204 1328 ψυχθὲν
1218 1293 1261 1320 διὰ
1277 1294 1307 1320 τὺ
1319 1293 1483 1330 ὑψηλότερον
1497 1294 1621 1327 γενέσθαι
1635 1294 1684 1329 τῆς
1701 1293 1756 1320 ἀπὸ
1767 1294 1815 1321 τοῦ
1831 1294 1884 1320 ἐδά-

1102 1348 1168 1374 φους
1181 1340 1354 1372 ἀνακλάσεως
1370 1340 1424 1366 τῶν
1440 1340 1567 1371 ἀκτίνων,
1585 1340 1631 1366 καὶ
1651 1340 1721 1375 ὁμοῦ
1739 1341 1790 1375 τῆς
1802 1341 1834 1366 ἐκ
1844 1340 1883 1366 τοῦ

1101 1386 1199 1420 νέφους
1218 1386 1296 1416 σκιᾶς
1312 1386 1361 1420 τὴν
1384 1385 1462 1420 ψύξιν
1479 1385 1666 1419 ἐπιτεινούσης
1686 1385 1766 1416 ὑετὸς
1778 1385 1882 1419 γίνεται,

1101 1433 1147 1458 καὶ
1160 1432 1259 1458 πιαίνει
1275 1432 1323 1468 τὴν
1340 1432 1400 1467 γῆν.
1413 1431 1559 1466 Gregorius
1573 1431 1690 1466 Cyprius
1704 1431 1730 1458 in
1744 1431 1831 1458 Maris
1846 1440 1884 1458 en-

1100 1479 1184 1505 comio
1195 1487 1205 1505 .'
1220 1479 1337 1514 Ὀμὸροι
1353 1478 1380 1504 δὲ
1394 1476 1461 1514 πρὸς
1478 1480 1533 1510 τοῖς
1547 1478 1713 1514 εἰρημένοις,
1727 1478 1777 1504 καὶ
1789 1478 1881 1514 δρόσοι,

1101 1525 1148 1551 καὶ
1158 1525 1272 1559 νιφετοὶ,
1288 1524 1396 1559 νεφέλαι
1413 1533 1441 1551 τε
1460 1522 1492 1550 αὖ
1511 1523 1538 1550 αἱ
1553 1523 1665 1556 τούτους
1682 1524 1827 1558 γεννῶσαι,
1843 1526 1881 1551 καὶ

1102 1570 1151 1597 ὅσα
1159 1570 1265 1606 πρῶτον
1282 1571 1321 1602 εἰς
1331 1569 1376 1597 τὸν
1393 1570 1447 1597 ἄνω
1458 1571 1638 1605 συνιστάμενα
1651 1571 1744 1603 τόττον,
1762 1569 1811 1597 εἴτ’
1821 1572 1882 1597 ἐκεῖ·

1101 1615 1146 1641 Θεν
1160 1617 1199 1647 εις
1211 1616 1262 1652 γῆν
1275 1616 1404 1643 κάτεισιν.
1422 1615 1564 1648 Quomodo
1582 1620 1675 1643 autem
1688 1616 1716 1643 in
1738 1624 1803 1644 aere
1814 1625 1881 1652 aqua

1101 1665 1266 1695 generentur
1276 1661 1471 1689 exnlicavimus
1486 1661 1622 1695 superius.

1139 1739 1216 1773 lbid.,
1230 1739 1276 1766 lin.
1294 1740 1338 1767 55.
1355 1740 1408 1766 Kal
1422 1739 1465 1766 ἔτι
1479 1739 1527 1766 καὶ
1541 1740 1608 1767 νῦν.
1619 1739 1750 1770 Basilius,
1767 1746 1838 1767 nom.
1851 1740 1877 1767 5:

1106 1785 1138 1812 Ἦ
1151 1784 1277 1820 γὰρντότε
1293 1784 1379 1819 φωνὴ,
1396 1784 1444 1810 καὶ
1456 1783 1486 1810 τὸ
1500 1783 1607 1819 πρῶτον
1620 1784 1709 1810 ἐκεῖνο
1726 1784 1878 1819 πρόσταγμα

1098 1828 1153 1858 οἷον
1167 1831 1248 1866 νόμος
1272 1839 1314 1862 τις
1332 1831 1439 1864 ἐγένετο
1463 1829 1579 1864 φύσεως,
1605 1830 1652 1856 καὶ
1668 1829 1832 1865 ὲναπέμεινε
1851 1832 1877 1865 τῇ

1098 1878 1144 1912 γῇ,
1160 1876 1208 1912 τὴν
1218 1876 1264 1902 τοῦ
1280 1877 1375 1911 γεννᾷν
1386 1876 1454 1911 αὐτῇ
1469 1873 1515 1902 καὶ⁵
1523 1877 1708 1912 καρποφορεῖν
1719 1876 1834 1912 δύναμιν
1847 1879 1879 1909 εἰς

1097 1923 1128 1949 τὸ
1143 1922 1206 1957 ἑξῆς
1220 1924 1414 1958 παρεχόμενος.
1431 1921 1463 1948 Et
1484 1921 1617 1950 inferius:
1632 1922 1692 1948 Ἵνα
1716 1922 1825 1958 πρῶτον
1842 1925 1879 1950 ἑκ-

1097 1969 1152 1994 ετνο
1169 1967 1332 2002 πρόσταγμα
1348 1967 1530 1993 διδασκαλεῖον
1545 1968 1577 2002 τῇ
1594 1968 1673 2002 φύσει
1690 1969 1805 2004 γένηται
1822 1970 1880 2005 πρὸς

1096 2014 1145 2049 τὴν
1162 2013 1225 2047 ἑξῆς
1241 2013 1409 2040 ἀκολουθίαν.
1425 2013 1458 2040 Et
1473 2013 1547 2040 hom.
1563 2014 1579 2041 9
1591 2023 1597 2040 :
1607 2014 1714 2049 Νόησον
1729 2015 1807 2050 ῥῆμα
1819 2015 1876 2042 Θεοῦ

1095 2060 1139 2087 διὰ
1156 2060 1207 2094 τῆς
1220 2059 1333 2091 κτίσεως
1349 2060 1453 2095 τρέχον,
1466 2060 1514 2086 καὶ
1523 2059 1583 2086 τότε
1601 2060 1768 2096 ἀρξάμενον,
1786 2062 1832 2087 καὶ
1843 2061 1879 2096 μέ-

1095 2114 1141 2141 χρι
1154 2104 1202 2132 νῦν
1218 2105 1356 2141 ἐνεργοῦν,
1369 2106 1416 2131 καὶ
1433 2106 1473 2136 εἰς
1483 2105 1557 2137 τέλος
1573 2105 1671 2138 διεξιὸν
1689 2107 1745 2138 ἕως
1766 2107 1799 2133 ἂν
1813 2109 1827 2133 ὁ
1843 2107 1878 2133 κό-

1096 2159 1164 2186 σμος
1178 2151 1378 2186 συμπληρωθῇ.
1392 2150 1459 2178 Vide
1477 2151 1587 2185 locum;
1603 2155 1645 2178 est
1661 2153 1736 2180 enim
1755 2155 1876 2188 optimus.

1097 2196 1226 2224 Leontius
1241 2197 1365 2224 Arahissi
1380 2197 1525 2232 episcopus
1550 2205 1675 2225 sermone
1692 2198 1728 2226 de
1746 2199 1876 2226 creatione

1096 2247 1123 2270 et
1138 2242 1242 2269 Lazaro
1255 2242 1387 2274 redivivo,
1401 2250 1455 2270 non
1472 2243 1610 2278 incompta
1627 2244 1812 2272 siinilituline
1825 2253 1875 2272 ver-

1095 2288 1158 2316 bum
1177 2289 1243 2315 illud
1259 2288 1393 2320 divinum,
1404 2289 1453 2320 ait,
1470 2289 1530 2316 loco
1554 2290 1667 2317 seminis
1684 2290 1713 2317 in
1731 2291 1816 2318 rebus
1836 2299 1874 2326 ge-

1094 2334 1223 2362 nerandis
1240 2334 1335 2366 fuisse,
1349 2342 1465 2370 eamque
1476 2335 1504 2361 in
1517 2336 1600 2363 rebus
1614 2335 1669 2363 illis
1683 2336 1739 2362 vim
1756 2337 1875 2364 habuisse

1094 2387 1175 2414 quam
1190 2384 1217 2406 et
1232 2387 1323 2407 semen
1337 2387 1346 2413 ;
1370 2384 1397 2406 et
1425 2380 1514 2407 adhuc
1533 2379 1567 2406 ad
1591 2382 1803 2415 conceptionem
1817 2390 1874 2409 con-

1094 2432 1214 2452 currere.
1234 2424 1266 2451 Τι
1294 2425 1384 2459 λέγεις
1409 2425 1546 2460 αἱρετικέ;
1577 2427 1692 2459 Βλέπεις
1715 2428 1779 2455 ἀντὶ
1798 2437 1874 2455 κατο-

1093 2471 1173 2506 δολῆς
1185 2470 1340 2507 σπέρματος
1354 2469 1385 2497 τὸ
1394 2471 1440 2498 τοῦ
1455 2471 1534 2506 λόγου
1550 2473 1689 2507 γινόμενον
1707 2474 1872 2509 πρόσταγμα.

1092 2518 1147 2544 Καὶ
1160 2517 1217 2548 πῶς
1232 2516 1378 2552 ἀμφίϐολον
1388 2517 1477 2551 λέγεις
1487 2518 1537 2552 τῆς
1550 2518 1719 2555 παρθενικῆς
1729 2522 1872 2556 γεννήσεως

1091 2563 1121 2589 τὸ
1136 2563 1282 2598 μυστήριον
1294 2571 1301 2594 ;
1311 2562 1344 2588 "A
1356 2563 1411 2599 γὰρ
1426 2563 1474 2590 νῦν
1491 2564 1645 2599 σπέρματος
1659 2565 1726 2592 ἄνευ
1743 2566 1775 2592 οὐ
1791 2565 1871 2592 τίκτε-

1090 2617 1144 2640 ται,
1159 2608 1263 2640 τούτοις
1282 2610 1298 2644 ή
1320 2609 1395 2644 φωνὴ
1412 2609 1472 2636 τότε
1492 2607 1634 2645 συνέτρεχε
1660 2610 1708 2637 τοῦ
1734 2611 1870 2641 καλοῦντος

1090 2654 1159 2688 πρὸς
1170 2654 1305 2689 γέννησιν,
1320 2656 1367 2681 καὶ
1382 2655 1538 2690 συλλήψεως
1553 2655 1663 2691 τρόπον,
1691 2657 1707 2683 ὁ
1724 2657 1774 2692 τῆς
1789 2656 1869 2684 κελεύ-

1091 2707 1158 2730 σεως
1176 2700 1301 2735 ἐμιμεῖτο
1313 2702 1404 2736 νόμος,
1421 2701 1468 2727 καὶ
1481 2701 1525 2727 διὰ
1543 2703 1606 2737 μιᾶς
1623 2703 1716 2738 φωνῆς
1731 2702 1868 2738 ὲσαρκοῦτο

1088 2745 1122 2771 τὰ
1137 2745 1236 2772 πάντα.
1265 2747 1319 2772 Καὶ
1343 2748 1356 2773 ὁ
1379 2747 1440 2773 τότε
1465 2748 1610 2783 σαρκώσας
1632 2748 1682 2783 τὴν
1699 2749 1800 2779 κτίσιν,
1829 2747 1867 2774 καὶ

1090 2790 1188 2827 σπόρον
1204 2791 1330 2828 ἀσπόρως
1346 2793 1503 2829 χορηγήσας
1517 2795 1573 2825 τοῖς
1595 2794 1689 2826 πᾶσιν,
1719 2795 1800 2826 αὐτὸς
1823 2792 1866 2819 ἀπὸ

1088 2837 1200 2873 λογικῆς
1216 2837 1366 2874 σαρκωθεὶς
1383 2839 1434 2874 γῆς
1459 2839 1591 2874 προὶλοεν
1615 2840 1746 2875 ἀπόρως
1765 2840 1812 2875 τὴν
1830 2838 1865 2864 διὰ
