1903 3068
74 115 117 141 Ml

520 109 551 137 ΙΝ
572 108 756 137 EUSTATIIII
777 106 1013 134 HEXAEMERON
1036 106 1150 134 NOTAE.

1627 104 1680 133 ΞΩ

76 171 161 208 σαρκὸς
176 170 345 205 φυτευθεῖσαν
370 170 416 196 τοῦ
442 169 555 196 θανάτου
574 169 649 204 ῥίζαν
670 169 703 203 τῇ
718 167 837 203 δρεπάνῃ
854 168 875 196 Α
890 167 922 200 τῇ
940 165 1004 200 ὁλκῇ
1022 164 1068 191 τοῦ
1085 163 1186 199 θερμοῦ
1205 163 1401 197 συνεπάγεσθαι
1418 163 1464 190 τοῦ
1485 164 1616 200 τροφίμου
1629 164 1680 199 τῆς

75 221 116 255 τῆς
126 217 278 254 παρθενικῆς
296 217 434 243 ἐκκόπτων
453 216 613 251 γεννήσεως.

111 264 161 291 (.‘ol.
171 263 229 296 713,
251 263 297 290 lin.
316 262 359 289 57.
374 263 409 289 'H
415 262 470 296 γὰρ
479 262 651 295 ,βλάστησις
661 259 838 294 καθηγεῖται.

79 310 193 340 Basilius,
207 308 277 334 hom.
289 308 305 334 5
319 317 326 335 :
342 307 453 343 Πρῶτόν
468 308 540 333 ἐστιν
558 308 587 332 ὲν
608 308 641 341 τῇ
667 306 771 340 γενέσει
787 304 841 330 τῶν

77 356 202 392 φυομένων
219 354 235 389 ἡ
255 353 409 389 βλάστησις,
436 353 540 385 ἔπειτα,
564 353 628 379 ὅταν
646 352 771 388 προκύψῃ
796 359 840 386 μι-

80 402 136 438 κρὸν
146 401 177 427 τὰ
191 401 375 435 βλαστήματα,
395 400 491 435 βοτάνη
510 400 624 433 γίνεται,
647 397 716 429 εἶτα,
732 397 841 424 ἐπειδὰν

79 446 180 481 αὐξηθῇ,
192 445 285 480 χόρτος
299 446 357 472 ἐστὶ
373 445 444 472 κατά
457 445 552 480 μικρὸν
562 445 778 480 διαρθρουμένων
788 443 841 470 τῶν

77 492 210 528 ῳυομένων,
228 492 273 518 καὶ
288 491 367 527 μέχρι
382 492 431 526 τῆς
447 492 492 518 ἐπὶ
506 491 536 518 τὸ
554 491 662 526 σπέρμα
679 489 842 521 τελειώσεως

77 539 216 575 προϊόντων.
237 538 368 571 Quamvis
390 539 462 566 enim
491 538 718 573 germinationum
743 544 842 572 genera

76 585 150 616 ratio,
166 584 234 611 sicut
250 588 277 611 et
303 584 469 618 plantarum,
495 591 545 611 nec
563 591 616 611 uno
639 587 769 618 tempore,
792 590 843 610 nec

77 632 126 658 loco
148 630 318 662 conveniant,
339 635 428 657 tamen
461 638 568 665 semper
595 630 711 665 priorem
740 637 801 657 esse
816 632 843 657 et

77 674 206 705 fructibus,
221 677 247 700 et
270 673 382 700 ﬂoribus
409 673 632 707 germinationem
652 679 764 700 necesse
789 675 842 704 est,

75 719 287 757 quemadmodum
307 723 334 746 et
358 719 384 745 in
407 719 563 746 animalium
582 719 757 753 generatione
777 726 844 745 con-

76 770 179 800 ceptum.
199 764 283 796 Plin.,
301 763 398 791 Natur.
415 764 490 797 Itist.,
507 765 525 791 l.
544 773 598 796 xw,
617 772 641 791 c.
659 764 713 791 25:
730 764 843 792 Catula-

76 814 156 839 tionem
172 811 262 838 rustici
281 815 384 840 vocant.
402 811 525 845 gestiente
543 815 638 837 natura
658 810 757 836 semina
774 810 844 836 acci-

75 867 124 893 pere
135 866 208 893 eaque
225 858 343 884 animum
367 856 492 891 inferente
513 856 633 883 omnibus
655 856 730 882 satis.
748 855 844 883 Conci-
861 853 881 880 B

75 905 137 938 piunt
155 904 231 931 variis
249 903 352 934 diebus,
363 907 389 930 et
405 911 453 936 pro
474 911 522 929 sua
541 910 648 937 qumque
664 907 774 934 natura,
791 902 846 929 alia

75 952 179 986 protinus
191 955 217 977 ut
229 949 371 980 animalia,
393 949 495 975 tardius
512 949 612 983 aliqua,
629 954 654 976 et
669 948 768 976 diutius
785 958 848 984 gra-

74 998 125 1024 uida
138 1002 224 1032 partus
250 1001 342 1032 gerunt
355 995 445 1031 :quod
471 996 626 1030 germinatio
650 996 707 1023 ideo
727 1000 846 1023 vocatur.

75 1043 174 1071 Pariunt
198 1051 257 1070 vero
272 1051 329 1069 cum
343 1042 450 1076 ﬂorent,
472 1042 571 1076 ﬂosque
586 1041 630 1068 ille
647 1042 731 1076 ruptis
743 1045 848 1068 constat

81 1090 198 1117 utriculis.
225 1089 356 1116 Educatio
377 1089 402 1114 in
418 1096 493 1123 pomo
507 1093 562 1115 est:
576 1088 623 1114 Itoc
637 1092 661 1115 et
677 1088 845 1123 germinatio.

77 1136 133 1164 Vide
142 1136 366 1171 Theophrastum,
379 1135 415 1161 De
426 1135 517 1161 histor.
530 1136 625 1168 plant.,
640 1135 685 1161 lib.
696 1143 736 1165 ιιι,
750 1143 809 1170 cap.
820 1134 846 1168 6,

81 1189 108 1208 ex
130 1190 179 1215 quo
207 1189 257 1208 sua
283 1184 423 1207 mutuatus
453 1185 494 1207 est
520 1179 635 1207 Plinius.
663 1179 848 1207 Pulcherrima

75 1226 172 1254 Ocellus
182 1226 321 1258 Lucanus,
335 1226 382 1253 lib.
409 1234 458 1253 \‘lll
479 1226 514 1253 De
526 1226 697 1259 universo,de
712 1226 848 1253 seminum

74 1277 136 1306 ortu,
156 1278 182 1301 et
195 1273 326 1300 arborum
350 1273 528 1308 productione
545 1273 679 1299 circulum
696 1273 846 1300 constituit.

74 1318 180 1347 Arbores
190 1319 264 1346 enim
276 1319 392 1346 fructum
405 1319 533 1351 ferentes,
545 1323 702 1353 ceteraeque
709 1319 807 1353 planta:
816 1327 849 1346 ex

74 1365 210 1392 seminibus
231 1365 275 1392 sui
296 1369 374 1392 ortus
394 1364 501 1391 initium
524 1364 635 1396 habent,
664 1365 769 1392 fructus
784 1372 849 1392 vero

74 1410 187 1445 producti
201 1416 228 1438 et
243 1411 300 1445 jam
316 1409 429 1445 perfecti
455 1418 552 1438 rursus
568 1410 602 1438 ab
615 1410 709 1437 eodem
726 1410 752 1437 in
778 1410 848 1437 idem

74 1461 232 1483 commeanle
255 1459 354 1482 natura
371 1455 571 1482 dissolvuntur.
594 1454 671 1488 Quod
689 1459 715 1483 et
732 1455 764 1482 de
783 1463 849 1490 qua-

73 1506 128 1529 tuor
141 1502 335 1529 elementorum
350 1503 523 1537 generatione
531 1503 629 1529 asserit
643 1512 648 1529 :
664 1503 722 1538 Πῦρ
735 1502 784 1537 μὲν
795 1501 849 1538 γὰρ
863 1525 884 1553 c

73 1549 107 1580 εἰς
120 1547 147 1574 ἓν
172 1548 366 1583 συνερχόμενον
386 1548 456 1584 ἀέρα
477 1549 625 1584 ἁπογεννᾷ,
652 1548 705 1584 ἀὴρ
721 1548 749 1575 δὲ
766 1547 848 1584 ὕδωρ,

73 1593 137 1630 ὕδωρ
153 1594 179 1620 δὲ
193 1595 257 1630 γῆν,
273 1595 326 1621 ἀπὸ
340 1595 391 1630 γῆς
405 1595 432 1621 δὲ
450 1595 466 1630 ἡ
483 1595 552 1621 αὐτῇ
569 1594 691 1630 περίοδος
705 1595 753 1630 τῆς
769 1603 852 1630 μετα-

73 1638 144 1674 ὃολῆς
161 1640 242 1675 μέχρι
259 1639 355 1675 πυρὸς,
372 1639 433 1666 ὅθεν
451 1639 553 1676 ἤρξατο
576 1639 762 1675 μεταϐάλλειν.
774 1641 805 1667 Οἱ
824 1639 852 1666 δὲ

73 1686 163 1721 καρποὶ
181 1687 228 1712 καὶ
239 1685 274 1712 τά
291 1685 403 1712 πλεῖστα
420 1687 473 1712 τῶν
490 1686 639 1722 ῥιζοφύτων
657 1687 710 1714 ἀπὸ
727 1687 853 1723 σπερμά.-

72 1739 119 1758 των
129 1732 256 1759 ἀνέλαϐον
269 1732 318 1768 τὴν
331 1733 417 1769 ἀρχὴν
434 1734 483 1768 τῆς
498 1734 644 1768 γενέσεως·
673 1734 853 1770 καρπωθέντα

72 1776 98 1803 δὲ
115 1778 158 1804 καὶ
186 1778 433 1813 τελεσφορήσαντα,
457 1779 539 1806 πάλιν
567 1779 614 1806 ἐπὶ
638 1779 668 1805 τὸ
683 1779 792 1815 σπέρμα
803 1780 854 1816 τὴν

73 1823 190 1850 ἀνάλυσιν
206 1825 325 1850 ποιεῖται
347 1825 400 1851 ἀπὸ
425 1824 471 1851 τοῦ
497 1825 591 1857 αὐτοῦ,
616 1825 663 1852 καὶ
679 1826 725 1852 ἐπὶ
741 1826 772 1852 τὸ
789 1826 854 1852 αὐτὸ

72 1869 112 1903 rip
132 1868 247 1900 διέξοδον
258 1869 469 1905 ἐπιτελουμένης
483 1870 531 1905 τῆς
548 1870 663 1902 φύσεως.

104 1914 180 1946 lbid.,
202 1916 252 1943 lin.
279 1915 322 1942 58.
345 1916 455 1942 Νοτίδιι
477 1915 532 1951 γὰρ
562 1917 684 1951 θερμήν.
716 1917 854 1951 Basilius,

74 1960 140 1987 hom.
153 1961 169 1988 5
185 1971 192 1989 :
209 1962 296 1988 Ὅταν
315 1962 343 1993 ἐς
356 1962 407 1997 γῆν
422 1962 564 1998 καταπέσῃ
577 1963 607 1989 τὸ
623 1963 732 1998 σπέρμα
748 1963 855 1998 συμμέ-

74 2014 140 2042 τρως
151 2008 254 2039 νοτίδος
267 2008 313 2033 καὶ
328 2007 432 2043 θέρμης
454 2008 577 2042 ἔχουσαν.
600 2009 697 2043 χαῦνον
713 2009 856 2044 γενόμενον

74 2053 115 2078 καὶ
132 2053 295 2089 πολύπορον,
308 2054 358 2088 τῆς
373 2055 578 2090 παρακειμένης
593 2055 646 2090 γῆς
658 2055 856 2091 περιδραξάμε-

75 2105 128 2130 νον,
146 2098 179 2124 τὰ
195 2099 285 2125 οἰκεῖα
305 2099 353 2125 καὶ
371 2099 497 2134 σύμφυλα
514 2100 582 2135 πρὸς
598 2100 678 2127 ἑαυτὸ
694 2101 854 2127 ἐπισπᾶται.

79 2143 258 2178 Ἐμπίπτοντα
271 2145 299 2171 δὲ
307 2146 363 2177 τοῖς
375 2145 479 2181 πόροις,
488 2146 534 2172 καὶ
549 2146 798 2182 περιολισθαίνοντα
808 2147 856 2182 τῆς

892 211 944 246 γῆς
958 211 1019 237 ὅσον
1036 211 1155 246 μέτριον,
1173 209 1309 236 καὶτοῦτο
1327 210 1521 246 καταμερίζειν
1542 211 1581 241 είς
1594 206 1678 237 καλά-

896 267 959 293 μην,
977 258 1024 284 καὶ
1042 257 1142 292 φλοιὸν,
1159 257 1205 284 καὶ
1213 258 1266 289 ’τὰς
1280 257 1365 293 θήκας
1388 257 1433 284 τοῦ
1448 257 1520 284 σίτου
1538 257 1584 284 καὶ
1599 255 1680 282 αὑτὸν

893 305 939 332 τὸν
953 306 1024 330 σῖτον
1037 304 1084 330 καὶ
1100 305 1162 336 τοὺς
1178 303 1334 340 ἀνθέρικας.
1346 303 1379 329 Et
1394 303 1454 331 ideo
1468 303 1630 330 Aristoteles
1647 302 1681 329 li-

894 350 965 377 bello
982 349 1019 376 De
1031 349 1167 383 jurentule
1183 353 1207 376 et
1227 354 1320 376 senect.
1337 349 1382 376 cit.
1402 354 1481 376 mort.
1498 353 1522 376 et
1542 348 1679 382 respirat.,

895 397 993 432 capit.,
1006 397 1032 428 1,
1050 396 1157 423 radices
1166 403 1227 423 esse
1235 396 1272 422 ait
1283 403 1314 423 os
1326 396 1494 431 plantarum;
1506 393 1682 430 quemadmo-

894 442 958 468 dum
973 441 1045 469 enim
1073 442 1201 468 animalia
1229 449 1277 476 per
1292 449 1323 468 os
1341 441 1431 469 cibum
1459 441 1609 475 excipiunt,
1627 446 1682 474 quo

894 488 990 515 vivunt
1012 491 1039 514 ct
1063 491 1273 519 conservantur,
1301 486 1394 514 eadem
1412 486 1518 514 ratione
1541 489 1567 513 et
1583 486 1684 520 plantae

896 543 944 570 per
968 534 1075 562 radices
1108 533 1248 561 humorem
1276 538 1303 561 et
1325 533 1483 560 alimentum
1519 532 1683 559 contrahunt

899 588 954 615 quo
971 583 1169 607 sustentantur.
1197 579 1287 612 Quare
1309 583 1398 606 autem
1424 578 1476 605 hoc
1498 578 1634 605 contrarie
1655 584 1684 604 se

897 626 977 653 habet
993 626 1019 653 in
1035 626 1135 661 plantis
1146 630 1173 652 et
1188 625 1351 653 animalibus
1374 624 1433 652 fuse
1446 624 1545 651 ibidem
1556 624 1683 658 explicat,

897 680 976 707 quem
1002 672 1079 705 vide;
1094 675 1121 699 et
1136 671 1342 706 Theophrastus
1360 670 1398 698 De
1408 671 1471 698 hist.
1484 671 1582 705 plant.,
1599 670 1644 696 lib.
1664 677 1683 700 I,

895 726 956 753 cap.
968 718 985 745 2
1001 727 1007 745 :
1022 718 1099 744 Ἔστι
1117 718 1146 744 δὲ
1169 717 1231 753 ῥίζα
1248 718 1296 753 μὲν
1310 717 1342 744 δι’
1357 714 1388 744 οὗ
1400 717 1487 753 τροφὴ
1501 717 1642 751 ἐπάγεται.

934 764 1016 797 Ibid.,
1031 765 1079 791 lin.
1093 763 1137 792 50.
1147 763 1182 790 Ἡ
1192 763 1226 790 δὲ
1240 763 1360 798 καλάμη
1373 763 1426 790 τοῦ
1443 763 1542 791 σίτου,
1556 763 1684 794 Basilius,

899 811 972 837 hom.
988 810 1004 837 5
1020 819 1026 836 ε
1044 810 1106 841 Πῶς
1119 810 1213 843 γόνασι
1230 808 1408 841 διαζώννυται
1427 809 1442 844 ἡ
1456 809 1566 845 καλάμη
1579 809 1625 836 τοῦ
1643 809 1686 835 σί-

895 865 953 888 του,
967 857 1010 883 ῖνα
1024 856 1118 892 ὥσπερ
1134 855 1277 891 σύνδεσμοι
1290 863 1361 887 τινες
1376 855 1475 891 ῥαδίως
1491 855 1521 881 τὸ
1537 855 1618 890 βάρος
1631 855 1686 882 τῶν

898 903 1040 938 ἀσταχύων
1057 903 1185 938 φέρωσιν,
1199 903 1261 929 ὅταν
1274 902 1388 937 πλήρεις
1402 901 1477 934 ὄντες
1491 902 1604 938 καρπῶν
1619 902 1687 937 πρὸς

897 951 946 986 τὴν
960 951 1010 985 γῆν
1026 949 1259 982 κατακλίνωνται;
1288 948 1336 975 Διά
1356 948 1434 975 τοῦτο
1447 949 1462 975 ὁ
1477 948 1525 984 μὲν
1540 948 1639 984 βρόμος
1652 948 1685 975 δι’

897 997 958 1023 ὅλου
974 996 1060 1029 κενὸς,
1074 996 1120 1023 iit:
1134 995 1229 1031 μηδενὶ
1243 995 1292 1031 τὴν
1306 994 1425 1030 κεφαλὴν
1437 994 1629 1030 βαρυνόμενος,
1640 994 1687 1021 τὸν

897 1041 925 1068 δὲ
944 1043 1015 1068 σῖτον
1028 1043 1084 1073 τοῖς
1101 1041 1258 1076 συνδέσμοις
1275 1041 1408 1076 τούτοιςή
1427 1041 1507 1076 φύσις
1520 1041 1687 1077 κατησφαλί-

900 1097 973 1115 σατο.
993 1089 1036 1115 Ἐν
1050 1088 1120 1124 θήκῃ
1145 1088 1174 1114 δὲ
1190 1088 1236 1115 τὸν
1251 1088 1350 1115 κόκκον
1364 1088 1529 1124 ἀποθεμένη,
1541 1088 1578 1120 ὡς
1592 1089 1629 1123 μὴ
1643 1089 1687 1114 εύ-

897 1134 1063 1169 διάρπαστον
1077 1131 1145 1160 εἶναι
1161 1134 1218 1165 τοῖς
1232 1133 1437 1170 σπερμολόγοις,
1448 1133 1487 1159 ἔτι
1503 1133 1550 1160 καὶ
1563 1134 1594 1169 τῇ
1610 1142 1688 1168 περι-

899 1181 963 1217 δολῇ
979 1181 1034 1208 τῶν
1057 1180 1208 1217 ἀνθερίκων
1229 1178 1285 1207 οἷον
1307 1181 1382 1207 ἀκίσι
1396 1180 1444 1213 τάς
1460 1182 1491 1207 ὲκ
1507 1180 1560 1207 τῶν
1583 1181 1688 1217 μικρῶν

899 1227 975 1259 ζώων
999 1227 1128 1262 ἀφίστησι
1153 1227 1264 1262 βλάϐας.
1282 1226 1380 1254 Cicero
1402 1227 1436 1254 de
1463 1231 1603 1254 senectute
1630 1226 1688 1254 haec

899 1274 990 1301 omnia
1002 1273 1185 1302 disertissime
1199 1274 1373 1309 prosequitur
1386 1281 1392 1299 :
1409 1273 1566 1309 Quanquam
1579 1281 1619 1300 me
1630 1274 1688 1308 qui-

899 1319 958 1346 dem
973 1327 1024 1346 non
1040 1319 1143 1353 fructus
1157 1320 1244 1348 modo.
1257 1319 1302 1346 sed
1312 1320 1392 1346 etiam
1403 1319 1484 1353 ipsius
1500 1324 1578 1346 terra:
1589 1319 1635 1354 jus
1657 1327 1689 1345 ac

900 1369 998 1393 natura
1020 1365 1132 1392 delectat
1147 1373 1156 1392 :
1171 1374 1229 1400 qua:
1240 1374 1298 1392 cum
1329 1365 1427 1400 gremio
1445 1366 1547 1392 mollita
1575 1374 1605 1392 ac
1624 1365 1688 1392 sub-

901 1415 959 1438 acto
969 1418 1055 1438 semen
1072 1418 1193 1445 sparsum
1205 1411 1300 1446 eacipit
1317 1419 1326 1438 :
1349 1411 1465 1446 primum
1479 1411 1506 1438 id
1530 1417 1690 1438 acca'eatum

901 1455 1023 1488 cohibet;
1049 1464 1081 1483 ex
1095 1465 1145 1492 quo
1162 1457 1274 1489 occatio,
1301 1465 1359 1492 qua:
1383 1457 1431 1484 Itoc
1451 1458 1537 1492 efﬁcit,
1554 1458 1690 1484 nominata

903 1507 941 1530 est
954 1511 962 1529 :
976 1503 1070 1530 deinde
1086 1503 1242 1538 tepefactum
1258 1511 1352 1537 vapore
1366 1509 1389 1531 et
1407 1511 1557 1538 compressu
1571 1512 1620 1530 suo
1640 1503 1692 1538 dif-

902 1550 1004 1585 fundit,
1015 1555 1039 1577 et
1059 1551 1131 1578 elicit
1146 1551 1335 1578 herbescentem
1351 1559 1383 1578 ex
1395 1559 1424 1578 ea
1439 1551 1597 1578 viriditate»:
1609 1559 1619 1583 ;
1633 1559 1691 1587 qua:

907 1597 951 1624 uia:
972 1606 988 1623 a
1005 1597 1078 1632 ﬁbris
1101 1598 1240 1632 stirpium,
1269 1598 1366 1625 sensim
1388 1597 1524 1630 adolescit,
1556 1597 1692 1632 culmoque

909 1651 995 1670 erecta
1008 1643 1167 1677 geniculato,
1184 1644 1285 1679 vaginis
1297 1644 1356 1679 jam
1364 1644 1442 1679 quasi
1454 1644 1593 1679 pubescens
1605 1644 1692 1671 inclu—

904 1689 987 1721 ditur,
1005 1698 1019 1716 e
1037 1689 1130 1724 quibus
1152 1698 1211 1716 cum
1230 1691 1380 1722 emerserit,
1394 1690 1482 1725 fundit
1494 1691 1594 1725 frugem
1608 1691 1692 1726 spisso

905 1734 997 1761 ordine
1013 1740 1141 1767 sructam,
1162 1740 1186 1762 et
1201 1740 1293 1763 contra
1317 1737 1405 1763 avium
1429 1737 1560 1764 minorum
1576 1745 1692 1764 morsum

906 1781 1024 1808 munitur
1047 1781 1117 1808 vallo
1138 1782 1295 1809 aristarum.
1321 1781 1397 1809 Hanc
1425 1783 1489 1810 item
1519 1787 1622 1810 natura:
1638 1784 1691 1810 vim

905 1829 943 1855 ita
959 1827 1076 1862 explicat
1088 1827 1242 1855 Alexander
1255 1827 1444 1863 Aphrodiseus
1463 1829 1491 1855 in
1508 1829 1554 1855 lib.
1577 1837 1597 1861 ι,
1622 1829 1692 1856 Pro—

907 1873 984 1900 blem.
1000 1874 1026 1900 in
1039 1881 1155 1908 prauam.
1168 1883 1174 1901 :
1190 1873 1318 1910 Καρποῦς
1333 1874 1361 1901 δὲ
1373 1875 1477 1906 πάντας
1490 1876 1537 1901 καὶ
1548 1876 1694 1911 σπέρματα

907 1920 975 1955 πρὸς
987 1919 1094 1954 γένεσιν
1111 1920 1158 1947 καὶ
1174 1920 1298 1957 διαδοχὴν
1313 1920 1360 1947 τοῦ
1371 1921 1465 1955 γένους
1476 1922 1661 1958 τεκτηναμένη
1675 1923 1691 1957 ὴ

907 1966 1122 2001 φύσις,λεπίσιν,
1136 1967 1153 2002 ἢ
1169 1966 1275 2001 σώμασί
1289 1975 1359 1994 τισιν
1370 1967 1488 2003 ὑγροῖςῆ
1506 1968 1659 2001 ξυλώδεσιν,
1675 1969 1692 2005 ἢ

907 2013 1049 2049 δέρμασιν,
1068 2013 1168 2048 ὁμοίως
1196 2013 1365 2049 ἠσφαλίσατο
1378 2022 1385 2028 ”
1396 2014 1520 2050 καθάπερ
1544 2015 1572 2041 ἐν
1587 2015 1695 2050 κιεωτῷ

908 2060 1017 2092 τούτους
1036 2060 1219 2096 ἀποκρύψασα
1236 2062 1305 2097 πρὸς
1320 2061 1463 2097 ἀποφυγὴν
1485 2062 1584 2097 κρύους
1599 2063 1616 2098 ἢ
1633 2062 1696 2090 θάλ-

909 2106 1011 2142 πους,ῆ
1027 2106 1106 2138 ζώων
1119 2106 1198 2133 τινῶν
1208 2107 1381 2134 ἀδικούντων.
1389 2107 1445 2134 Καὶ
1461 2107 1561 2135 αὑτὸδὲ
1574 2109 1605 2135 τὸ
1619 2109 1696 2145 περί-

909 2151 1002 2188 ϐλημα
1022 2152 1163 2184 παντελῶς
1184 2153 1293 2188 ἀχρεῖον
1307 2154 1338 2180 οὐ
1354 2153 1520 2189 κατέλειψεν,
1538 2154 1604 2181 ἀλλὰ
1629 2155 1697 2191 πρὸς

74 2188 121 2234 γῆς
142 2189 176 2216 τὰ
198 2189 350 2216 λεπτότατα
365 2190 458 2226 μόρια,
476 2191 521 2217 ἐπὶ
544 2191 624 2218 πλέον
638 2191 779 2228 ἀνευρύνίι
793 2191 857 2223 τοὺς
874 2195 894 2221 ι)
909 2197 1011 2233 τροφὴν
1024 2198 1241 2234 παρεσκεύασεν,

73 2233 163 2268 ὃγκους
177 2235 272 2267 αὑτοῦ,
293 2235 362 2262 ὣστε
375 2236 515 2272 ῥιζοῦσθαι
532 2237 580 2272 μὲν
596 2238 636 2269 είς
659 2237 689 2263 τὸ
709 2238 794 2269 κάτω,
812 2237 857 2264 ἐπὶ

73 2280 101 2306 τὸ
110 2281 163 2308 ἄνω
178 2282 207 2308 δὲ
225 2282 393 2318 προκύπτειν
409 2283 559 2319 ἰσαρίθμων
569 2285 629 2315 ταῖς
640 2282 728 2319 ῥίζαις
741 2283 795 2310 τῶν
807 2292 858 2310 κα-

73 2325 161 2363 λάμων
175 2329 413 2365 προὸαλλομένων.
426 2329 541 2358 Joannis
552 2339 600 2362 xu,
613 2330 738 2358 Christus
755 2332 858 2366 optima

74 2372 250 2401 Silllilillldiﬂe
265 2382 297 2401 ex
312 2382 397 2409 grano
410 2374 437 2401 in
449 2380 520 2402 terra
533 2376 665 2403 moriente
680 2375 858 2409 ducta,suam

73 2419 305 2452 gloriﬁcationem,
327 2429 376 2448 nec
395 2429 448 2448 non
463 2425 490 2448 et
504 2422 620 2449 aliorum
637 2423 765 2450 ostendit.
786 2422 860 2456 Quo-

74 2465 150 2492 modo
166 2470 258 2493 autem
273 2475 306 2494 ex
319 2467 433 2499 semine,
451 2472 498 2494 aut
509 2468 612 2503 planta.
630 2473 677 2495 aut
693 2469 794 2496 animal
811 2477 859 2504 ge-

75 2515 182 2538 neretur
199 2512 284 2540 habes
299 2521 331 2540 ex
348 2513 494 2540 Aristotele
513 2521 532 2541 ιι
562 2514 601 2541 De
622 2519 737 2548 generat.
764 2515 859 2546 anim.,

74 2563 130 2590 cap.
145 2555 172 2588 1,
187 2557 236 2584 ubi
253 2557 311 2584 haec
326 2558 405 2593 longe
419 2558 514 2590 dubia,
539 2563 566 2586 et
581 2564 768 2593 c0utroversa,
791 2560 860 2587 satis

74 2604 149 2628 acute
168 2602 241 2629 sicut
256 2607 282 2629 et
303 2606 401 2630 czetera
428 2604 520 2630 omnia
537 2604 744 2638 perpenduntur
770 2607 796 2631 et
813 2612 861 2631 ex-

74 2647 219 2680 plzcantur.

108 2693 185 2725 Ibid.I
198 2695 248 2723 lin.
264 2695 309 2724 45,
331 2696 527 2731 Θαλπομὲνου
542 2696 577 2723 δὲ
590 2697 636 2724 ἀεὶ
653 2697 705 2724 τοῦ
723 2696 861 2731 ,ϐλαστή-

71 2747 171 2773 ματος.
200 2740 328 2774 Basilius,
353 2743 426 2769 hom.
445 2743 461 2770 5
487 2752 493 2770 :
520 2743 694 2778 Θαλπομένου
715 2744 742 2771 δὲ
757 2745 799 2771 ἀεὶ
813 2745 860 2771 τοῦ

75 2785 261 2822 βλαστήματος
279 2789 430 2825 συρομένην
451 2789 494 2816 διὰ
511 2789 565 2816 τῶν
587 2789 669 2825 ῥιζῶν
691 2791 740 2826 τὴν
759 2791 858 2823 νοτίδα,

112 2831 134 2848 ⁸⁸
153 2831 219 2860 Cen.
238 2842 282 2870 In.
295 2834 338 2862 18.

297 2883 430 2919 PA'rnoL.
451 2883 510 2914 Gn.
528 2883 643 2915 XVIII.

945 2242 1026 2276 lbid.,
1051 2243 1099 2274 lin.
1119 2243 1164 2271 57.
1181 2243 1238 2270 Καὶ
1254 2244 1280 2270 εὶ
1296 2244 1528 2278 συνεῦλὰστησε
1552 2244 1614 2278 τοῖς
1636 2254 1700 2278 τρο-

909 2288 1018 2323 φίμοις.
1053 2288 1182 2321 Basilius,
1199 2288 1274 2315 hom.
1292 2288 1310 2316 5
1325 2298 1332 2316 :
1349 2289 1403 2315 Καὶ
1425 2290 1525 2322 εὐθέως
1542 2290 1698 2325 συνεξεῑόθη

909 2335 965 2365 τοῖς
982 2334 1125 2369 τροφίμοις
1138 2334 1172 2360 τὰ
1189 2334 1350 2370 δηλητήρια,
1368 2335 1436 2369 μετὰ
1447 2335 1494 2362 τοῦ
1511 2336 1584 2363 σίτου
1599 2336 1630 2362 τὸ
1645 2339 1700 2362 κὼ-

911 2388 991 2412 νειον,
1018 2372 1088 2416 μετά
1115 2380 1168 2407 τῶν
1185 2380 1286 2407 λοιπῶν
1308 2381 1459 2416 τροφίμων,
1485 2382 1625 2418 ἐλλέϐορος
1653 2383 1699 2409 καὶ

911 2425 1044 2457 ἀκόνιτον,
1065 2426 1110 2453 καὶ
1125 2426 1315 2462 μανδραγόρας
1330 2426 1376 2452 καὶ
1389 2426 1403 2451 ὀ
1415 2426 1466 2461 τῆς
1483 2427 1607 2462 μήκωνος
1623 2427 1698 2459 ὀπός.

911 2471 1004 2499 Multis
1022 2472 1092 2499 hanc
1110 2472 1289 2506 qumstionem
1307 2472 1445 2506 proponit,
1460 2477 1487 2499 et
1501 2473 1627 2501 dissolvit
1647 2473 1701 2501 Lu-

911 2517 1025 2545 dovicus
1040 2516 1152 2549 Fidelis,
1166 2517 1202 2544 De
1217 2517 1309 2544 mundi
1322 2522 1468 2548 structura,
1478 2518 1526 2544 lib.
1545 2526 1580 2551 tv,
1599 2526 1659 2553 cap.
1672 2518 1700 2551 6,

912 2569 938 2592 et
957 2565 1105 2600 respondet
1124 2572 1220 2596 eorum
1248 2565 1384 2599 opinioni,
1409 2565 1456 2599 qui
1484 2564 1583 2593 herbas
1605 2566 1702 2594 noxias

913 2614 990 2638 sexto
1002 2611 1046 2638 die
1057 2615 1118 2646 post
1133 2610 1214 2645 primi
1232 2611 1354 2645 parentis
1366 2610 1612 2645 transgressionem
1633 2619 1701 2638 con-

912 2657 984 2684 ditas
1002 2656 1170 2688 sentiebant,
1188 2656 1234 2682 illa
1256 2656 1385 2684 suasione
1400 2655 1526 2690 permoti,
1541 2656 1614 2691 quod
1630 2656 1702 2685 Deus

913 2700 1051 2728 hominem
1064 2700 1263 2734 condemnans,
1278 2700 1400 2728 futurum
1417 2701 1568 2736 respiciens
1579 2702 1679 2729 dixerit
1693 2713 1700 2730 :

913 2745 1076 2773 Cerminabit
1094 2746 1141 2773 tibi
1158 2751 1227 2773 terra
1247 2747 1359 2774 tribulos
1380 2752 1405 2774 et
1425 2748 1558 2782 spinas",
1587 2748 1705 2784 ideoque

912 2798 1007 2821 rentur
1024 2794 1050 2822 in
1077 2793 1268 2829 hujuscemodi
1293 2794 1524 2830 transgressionis
1542 2802 1653 2830 pinnam
1670 2802 1703 2822 ac

1507 2886 1545 2915 Τί
