1903 3068
201 112 253 141 διδ

869 106 992 134 LEONIS
1011 106 1150 134 ALLATll

1767 103 1825 131 8M

201 173 347 201 vindictam
361 171 459 198 herbas
471 170 566 197 noxias
578 173 639 205 post
651 169 715 197 Adae
726 168 980 204 praevaricationem

1038 168 1143 204 λέϐορον
1155 169 1209 199 τοῖς
1223 167 1375 203 ἀνθρώποις
1385 165 1544 202 δηλητήριον
1557 165 1631 195 ὄντα,
1646 163 1736 200 ψᾶρες
1748 164 1778 191 δὲ
1793 164 1825 191 τὸ

200 218 288 247 solum
307 215 391 242 fuisse
413 213 568 246 productas.
586 213 657 241 Vera
674 217 765 240 tamen
781 215 822 240 est
849 211 984 239 sententia

202 262 336 291 Eustatliii
349 265 376 288 et
391 261 506 288 aliorum
516 260 564 295 qui
579 260 677 287 herbas
688 259 737 287 has
753 259 846 286 noxias
859 265 911 284 una
922 264 984 284 cum

204 309 263 337 aliis
280 307 372 335 herbis
385 311 526 342 generatas
542 305 689 333 existimat.
709 304 794 332 Noxia
813 303 886 331 enim
898 307 925 331 et
940 310 979 330 re-

206 361 306 382 nenosa
324 354 405 381 rebus
421 352 481 379 aliis
495 352 637 378 commista
651 351 770 378 humano
778 350 869 385 generi
884 349 911 375 in
922 356 985 375 cor-

206 401 279 436 poris
295 397 502 434 :egritudinibus
528 397 657 424 sanandis
682 395 744 423 usui
760 400 833 422 sunt.
853 394 908 422 Nec
931 402 986 420 non

205 445 368 472 animalibus
383 443 557 479 quibusdam,
584 450 678 469 eorum
703 441 827 476 corporis
852 440 986 467 constitu-

206 492 278 519 tione
300 491 337 517 ita
361 494 501 525 poscente,
528 496 577 524 pro
604 489 733 515 alimento
762 486 936 520 deserviunt,
957 490 986 512 ut

205 537 335 572 exemplis
352 535 466 562 inferius
482 534 594 570 patebit.
609 533 762 564 Lucretius.
780 532 828 559 lib.
843 540 858 558 ν
875 541 883 559 :

258 625 389 652 Praeterea
406 623 480 650 nobis
494 628 624 650 veratrum
638 627 675 649 est
692 630 750 648 acre
768 629 902 652 venenum,

259 661 292 686 Λι
317 659 402 693 capris
422 659 523 693 adipes,
546 663 571 685 et
589 657 768 684 coturnicibus
788 661 876 691 auget.

259 692 360 729 Quippe
372 694 457 720 videre
469 692 532 720 licet
547 694 712 729 pinguescere
730 699 797 725 sa’pe
808 692 895 718 cicuta

255 730 414 765 Barbigeras
422 728 542 763 pecudes,
558 728 656 754 homini
667 735 724 762 qua:
730 732 769 754 est
782 735 843 753 acre
851 734 984 753 venenum.

207 819 278 847 idem
302 819 420 847 sentiunt
446 818 633 845 Theodorelus
653 821 680 845 et
695 817 874 850 Ambrosius;
890 821 916 845 ot
934 817 986 843 Au-

208 866 302 893 sonius
317 865 354 891 ait
368 874 376 892 :

243 955 341 983 Toxica
354 955 471 989 zelotypo
483 953 554 980 dedit
570 961 637 980 uxor
649 953 747 989 moecha
758 962 863 984 veneno,

279 990 333 1017 Nec
347 991 411 1017 satis
425 988 462 1015 ad
476 994 583 1015 mortem
604 988 713 1015 credidit
726 997 782 1015 esse
790 989 893 1015 datum.

244 1025 351 1053 Miscuit
363 1025 465 1059 argenti
475 1024 584 1050 let/talia
594 1024 711 1057 pondera
725 1024 786 1056 uiui,

276 1060 384 1095 Cogeret
394 1064 421 1085 ut
433 1060 539 1085 celerem
548 1059 586 1095 bis
595 1059 727 1095 geminata
742 1067 838 1085 necem.

243 1093 349 1122 Dlvidut
362 1096 416 1121 liwc
428 1095 525 1128 siquis,
541 1093 642 1128 faciunt
650 1093 765 1120 discreta
782 1102 915 1126 uenenum,

278 1130 431 1157 Antidotum
443 1134 542 1156 sument
559 1137 616 1162 quia
631 1129 731 1155 sociata
743 1129 822 1157 bibet.

208 1208 253 1236 Sic
267 1211 293 1235 et
308 1206 485 1234 animantium
502 1214 600 1242 genera
612 1206 725 1241 pulchra
735 1210 810 1239 sunt,
825 1210 853 1233 et
867 1205 986 1233 homini-

208 1255 258 1282 bus
274 1263 327 1282 non
345 1254 435 1281 minus
458 1254 534 1280 utilia
553 1260 635 1288 quam
655 1253 810 1280 necessaria
830 1261 836 1279 :
855 1253 986 1279 nonnulla

206 1304 297 1328 tamen
313 1300 464 1335 perniciosa
476 1303 542 1326 sunt
556 1304 583 1326 et
601 1299 710 1326 nociva.
723 1297 828 1326 Plinius
844 1298 987 1325 Naturalis

204 1345 282 1373 -l'list.
303 1346 350 1372 lib.
366 1353 396 1377 ll,
415 1353 473 1380 cap.
491 1345 536 1376 65,
554 1345 634 1371 aliam
653 1345 734 1378 hujus
754 1344 793 1371 rei
812 1352 923 1372 causam
942 1351 988 1371 as-

207 1390 318 1425 signat:
335 1390 404 1423 Qnin
429 1393 454 1416 et
477 1397 574 1416 venena
590 1393 687 1416 terram
701 1389 784 1416 nostri
802 1390 935 1416 misertam
947 1389 988 1416 in-

207 1437 324 1464 stituisse
341 1435 412 1462 credi
432 1439 531 1468 potest,
555 1442 586 1460 ne
608 1435 635 1461 in
658 1433 736 1460 tudio
749 1434 815 1461 dira'
827 1434 888 1461 rita:
907 1433 987 1468 fatuis

208 1490 289 1514 mors,
305 1486 381 1508 terra?
395 1481 494 1508 meritis
507 1481 680 1512 alienissima,
696 1481 766 1507 lenta
781 1488 828 1507 nos
850 1488 988 1507 consume-

207 1531 246 1555 ret
260 1527 329 1559 tabe,
345 1535 376 1553 ne
393 1527 506 1553 lacerum
520 1533 613 1560 corpus
625 1526 738 1560 abrupta
754 1525 942 1560 dispergerent,
957 1533 988 1552 ne
1001 1516 1023 1543 (ἶ

208 1574 294 1609 laquei
321 1577 449 1608 torqueret
474 1580 550 1607 plena
573 1577 745 1607 pra-postera,
771 1572 874 1598 incluso
894 1571 989 1605 spiritu

207 1621 250 1648 cui
259 1625 420 1655 qumeretur
430 1620 516 1647 exitus
529 1627 538 1646 :
550 1627 581 1646 ne
601 1619 627 1645 in
636 1618 766 1654 profundo
775 1619 886 1653 quwsita
896 1623 989 1651 morte,

207 1666 343 1701 sepultura
356 1665 452 1700 pabulo
467 1665 552 1700 ﬁeret,
574 1673 606 1692 ne
628 1665 693 1699 ferri
712 1666 846 1691 cruciatus
861 1663 990 1691 scinderet

207 1721 314 1748 corpus.
333 1711 377 1739 Ita
391 1717 429 1739 est
451 1712 570 1743 miserta,
601 1712 689 1746 genuit
709 1711 735 1737 id
753 1711 828 1744 cuius
855 1711 988 1745 facillimo

207 1759 314 1791 haustu,
330 1758 432 1784 illibato
450 1765 567 1791 corpore,
579 1762 604 1784 et
618 1765 676 1783 cum
694 1761 748 1784 toto
763 1758 890 1792 sanguine
903 1757 990 1783 extin-

207 1812 354 1840 gueremur,
368 1803 441 1830 nullo
459 1803 558 1835 labore,
571 1802 721 1829 sitientibus
737 1802 835 1830 similes
852 1810 861 1829 :
876 1803 990 1837 qualiter

207 1849 343 1884 defunctos
358 1857 409 1876 non
420 1848 544 1880 uolucris,
558 1855 609 1874 non
621 1847 678 1881 fera
698 1848 848 1882 attingeret,
863 1852 989 1882 ternaque

206 1899 362 1926 seruaretur,
369 1895 413 1929 qui
421 1893 470 1921 sibi
480 1894 528 1928 ipsi
536 1893 669 1928 periisset;
678 1898 712 1926 et,
719 1898 746 1919 ut
754 1901 839 1920 verum
847 1894 988 1928 fateamur,

207 1947 278 1969 terra
304 1942 378 1968 nobis
405 1941 536 1968 malorum
564 1940 706 1967 remedium
730 1945 829 1975 genuit,
851 1949 898 1967 nos
921 1939 988 1966 illud

207 1988 266 2015 vita:
295 1988 407 2022 facimus
435 1995 570 2014 venenum.
595 1986 648 2014 Sed
674 1986 740 2021 quid
771 1986 875 2013 diceret
906 1986 989 2013 homo

206 2033 344 2063 ethnicus,
362 2033 435 2059 omni
457 2032 550 2059 divino
572 2032 674 2059 lumine
695 2032 852 2064 destitutus,
879 2039 988 2067 praeque

208 2078 301 2104 mundi
332 2077 413 2112 hujus
446 2078 557 2105 caducis
584 2078 734 2111 blanditiis,
761 2078 829 2105 nihil
847 2079 988 2106 aestimans

206 2127 346 2156 internum,
359 2123 459 2150 nullam
472 2129 633 2158 exspectans
650 2124 806 2152 felicitatem
819 2124 830 2150 ?

1036 213 1157 241 κώνειον.
1171 213 1333 241 Coturnices
1351 213 1415 239 item
1435 211 1548 239 venenis
1565 211 1749 246 pinguescere
1765 215 1825 236 tra-

1036 259 1077 286 dit
1088 258 1193 286 Plinius
1206 258 1255 285 lib.
1272 266 1300 289 x,
1322 265 1383 292 cap.
1403 256 1450 289 23,
1466 256 1653 284 Coturnicibus
1676 256 1768 282 veneni
1780 264 1824 282 se—

1036 315 1094 333 men
1105 307 1273 342 gratissimus
1284 306 1375 332 cibus:
1388 314 1465 340 quam
1479 305 1510 332 ob
1524 313 1633 332 causam
1649 313 1695 331 eas
1705 304 1823 331 damna-

1036 362 1092 380 vere
1116 361 1222 384 meum,
1241 353 1368 386 simulque
1387 352 1546 379 comitialem
1571 356 1677 386 propter
1696 351 1820 378 morbum

1036 400 1128 434 despui
1144 404 1256 431 suetant,
1273 407 1348 433 quem
1364 398 1427 425 sola:
1439 397 1596 424 animalium
1611 397 1823 437 sentiunt,prie_-

1035 451 1075 472 ter
1086 445 1226 472 hominem.
1252 444 1281 471 ln
1296 444 1435 472 hiS'Plinii
1446 444 1538 471 verbis
1553 443 1642 470 obiter
1656 442 1684 469 id
1695 442 1823 468 animad-

1036 490 1193 517 vertendum
1216 489 1250 516 de
1274 489 1405 516 comitiali
1430 488 1512 515 verbo
1537 495 1591 514 non
1606 486 1737 513 omnibus
1759 494 1823 513 esse

1036 543 1118 563 unam
1137 534 1314 562 sententiam.
1331 533 1490 561 A-ristoteles
1511 533 1538 559 in
1561 531 1692 559 Problem.
1708 532 1757 563 ait,
1769 531 1823 558 Μό-

1036 586 1097 609 νους
1123 576 1282 612 ἀνθρώπους
1301 577 1330 602 ἐν
1346 576 1384 612 τῷ
1394 576 1447 602 τῶν
1468 575 1546 608 ζώων
1558 575 1630 609 γένει
1650 574 1821 609 ἐπιλήπτους

1036 622 1351 657 γίνεσθαιίΡίιιιοι-είιυε
1365 621 1439 648 addit
1462 619 1721 655 capram;Jacobus
1743 619 1822 646 Dele-

1037 670 1171 704 campius,
1201 672 1229 696 et
1257 676 1350 700 canes,
1377 671 1403 694 et
1424 667 1489 694 feles
1506 672 1533 694 et
1551 667 1651 693 arietes
1673 674 1706 693 eo
1721 665 1821 692 morbo

1036 716 1151 751 periisse
1159 722 1188 742 se
1202 714 1303 741 vidisse
1319 717 1454 745 testatur;
1471 719 1569 747 capras
1584 716 1610 739 et
1625 719 1690 739 oves
1704 719 1737 738 eo
1747 719 1823 738 mor-

1037 762 1072 789 bo
1089 761 1181 788 vesari
1196 761 1278 787 tradit
1302 759 1481 794 Hippocrates
1507 758 1556 785 lib.
1579 758 1650 791 Περὶ
1661 757 1718 791 τῆς
1737 757 1822 791 ιερῆς

1036 808 1142 834 νόσου¹
1156 813 1241 841 equos
1251 805 1394 840 Apsyrtus;
1405 804 1559 838 accipitres,
1572 807 1599 830 et
1612 804 1741 838 graculos
1755 802 1822 829 Bro-

1002 847 1023 874 Β
1038 853 1113 880 dans
1126 852 1174 879 lib.
1187 859 1228 884 lli,
1245 859 1295 886 cap
1306 850 1358 883 23;
1378 850 1477 877 Sextus
1493 857 1557 877 vero
1573 849 1731 885 Empiricus
1751 848 1822 884 Pyr-

1037 897 1215 933 r/ion.Hypot.
1231 897 1278 924 lib.
1293 905 1313 927 1,
1327 904 1381 923 non
1394 895 1572 928 lielleborum,
1582 895 1627 923 sed
1637 896 1758 923 cicutam
1772 903 1820 922 co-

1036 944 1158 970 turnices
1166 941 1366 977 pingueiacere,
1374 941 1453 969 sieuti
1463 941 1645 977 hyoscyamus
1652 948 1716 968 sues
1724 940 1819 968 refert:

1036 990 1074 1016 Τὸ
1085 988 1149 1023 γοῦν
1162 987 1271 1014 κώνειον
1288 987 1388 1014 πιαίνει
1402 987 1464 1018 τοὺς
1472 987 1598 1020 ὄρτυγας,
1612 986 1658 1013 καὶ
1673 988 1688 1013 ὁ
1701 986 1822 1013 ὑοσκὺαρ

1038 1044 1088 1071 μος
1099 1035 1147 1065 τὰς
1153 1031 1195 1067 ὗς,
1204 1034 1232 1060 αἳ
1240 1034 1272 1069 δὴ
1280 1033 1403 1068 χαίρουσι
1414 1034 1460 1060 καὶ
1471 1033 1660 1069 σαλαμάνδρας
1669 1032 1761 1059 ἐσθίου
1766 1041 1821 1059 σαι.

1073 1079 1152 1112 lbid.,
1168 1081 1216 1107 lin.
1232 1080 1257 1107 9.
1277 1080 1326 1106 Διὰ
1344 1079 1377 1105 δὲ
1393 1079 1445 1106 τοῦ
1456 1079 1672 1114 μανδραγόρου.
1688 1077 1820 1108 Basilius,

1038 1127 1110 1154 hom.
1128 1127 1162 1154 5:
1176 1127 1236 1152 Ἔτι
1251 1126 1278 1152 δὲ
1295 1126 1342 1152 καὶ
1354 1125 1422 1152 αὐτὰ
1438 1125 1522 1152 ταῦτα
1540 1126 1567 1151 ἐν
1587 1124 1675 1160 καιρῷ
1690 1132 1756 1151 ποτε
1773 1125 1820 1150 καὶ

1038 1172 1104 1207 ἡμῖν
1124 1172 1256 1207 χρήσιμα.
1271 1171 1319 1197 Διὰ
1339 1171 1388 1206 μὲν
1402 1171 1456 1206 γὰρ
1472 1170 1518 1197 τοῦ
1533 1170 1720 1206 μανδραγόρου
1737 1169 1821 1195 ὕπνον

1039 1218 1125 1253 ίατροὶ
1153 1217 1351 1250 κατεπάγουσιν
1371 1225 1378 1231 ·
1398 1216 1468 1250 ὁπίῳ
1482 1216 1510 1242 δὲ
1523 1216 1572 1248 τὰς
1594 1216 1713 1251 σφοδρὰς
1725 1215 1820 1246 ὀδύνας

1037 1263 1091 1289 τῶν
1104 1263 1236 1298 σωμάτων
1249 1262 1488 1298 κατακοιμίζουσιν
1500 1270 1507 1277 ·
1520 1262 1570 1297 ἤδη
1590 1261 1618 1287 δέ
1629 1270 1702 1293 τινες
1712 1261 1752 1296 τῷ
1769 1269 1822 1287 κω-

1038 1309 1100 1344 νείῳ
1115 1309 1160 1335 καὶ
1181 1309 1211 1335 τὸ
1234 1308 1368 1340 λυσσῶδες
1396 1308 1448 1334 τῶν
1471 1308 1585 1343 ὀρέξεων
1616 1307 1821 1342 κατεμάραναν,

1038 1355 1085 1381 καὶ
1103 1354 1142 1390 τῷ
1168 1354 1300 1390 ἐλλεϐόρῳ
1315 1353 1399 1380 πολλὰ
1415 1353 1469 1380 τῶν
1482 1354 1597 1389 χρονίων
1617 1353 1712 1380 παθῶν
1727 1352 1822 1388 ἐξεμό-

1038 1401 1163 1436 χλευσαν.
1180 1400 1289 1427 Plenam
1308 1400 1495 1435 mandragorae
1511 1399 1602 1427 herbae
1620 1399 1821 1427 consideratio-

1039 1455 1100 1474 nem
1114 1447 1197 1474 lmbes
1213 1447 1283 1482 apud
1302 1446 1418 1473 Plinium
1435 1446 1482 1473 lib.
1499 1454 1560 1478 xxv,
1579 1453 1638 1480 cap.
1654 1445 1698 1477 15,
1715 1445 1742 1471 in
1757 1452 1821 1479 quo,

1039 1498 1066 1520 et
1082 1492 1141 1527 ejus
1156 1493 1182 1519 in
1199 1493 1344 1519 medicinis
1356 1499 1423 1519 usus
1438 1491 1600 1526 explicatur,
1613 1490 1676 1525 ejus
1690 1491 1756 1517 item
1768 1490 1820 1516 vim

1041 1538 1209 1566 somnilieam
1225 1539 1261 1564 ita
1271 1538 1389 1572 explicat
1402 1546 1408 1564 :
1424 1529 1501 1563 Folia
1517 1540 1705 1563 conservantur
1719 1535 1747 1562 in
1765 1543 1822 1562 mu-

1041 1585 1082 1610 ris
1097 1583 1236 1618 efﬁcacius,
1255 1583 1323 1609 alias
1340 1583 1482 1609 recentium
1499 1590 1591 1609 succus
1610 1581 1692 1615 pestis
1703 1586 1743 1607 est
1762 1589 1772 1607 :
1786 1582 1822 1607 sic

1040 1638 1140 1665 quoque
1154 1631 1240 1656 noxia:
1252 1630 1328 1656 vires.
1348 1628 1518 1656 Gravedinem
1534 1629 1615 1655 etiam
1626 1629 1744 1662 afferunt
1754 1628 1821 1662 ol/a-

1040 1682 1083 1703 ctu
1099 1685 1107 1703 :
1120 1684 1269 1711 quanquam
1283 1676 1353 1702 mala
1364 1676 1391 1702 in
1404 1675 1534 1711 aliquibus
1555 1676 1631 1702 terris
1648 1675 1820 1704 mandantur,

1041 1723 1121 1749 nimio
1140 1727 1226 1748 tamen
1234 1721 1313 1748 odore
1328 1721 1507 1748 obmutescunt
1519 1721 1614 1755 ignari.
1634 1720 1705 1748 Potu
1720 1721 1822 1755 quidem

1040 1767 1154 1803 largiore
1173 1768 1252 1794 etiam
1267 1767 1425 1794 moriuntur.
1450 1766 1492 1793 Vis
1508 1766 1644 1801 somniﬁca
1658 1774 1706 1800 pro
1725 1766 1822 1793 viribus

1041 1814 1192 1841 bibentium.
1211 1813 1299 1840 Media
1314 1813 1385 1847 potio
1397 1812 1486 1848 cyathi
1500 1815 1587 1839 unius.
1602 1812 1745 1839 Bibituret
1762 1821 1822 1839 con-

1040 1864 1081 1885 tra
1097 1864 1237 1894 serpentes,
1253 1863 1277 1885 et
1293 1864 1352 1885 ante
1367 1859 1492 1885 sectiones
1513 1859 1712 1893 punitionesque
1722 1866 1754 1884 ne
1765 1866 1821 1884 ses-

1041 1905 1151 1931 tiantur.
1168 1903 1207 1931 0b
1230 1904 1284 1930 lia’c
1302 1905 1367 1930 satis
1388 1908 1426 1930 est
1448 1903 1578 1937 aliquibus
1598 1911 1720 1930 somnum
1745 1903 1822 1930 odore

1039 1951 1173 1985 qutesisse.
1194 1950 1300 1976 Bibitur
1321 1954 1345 1976 et
1366 1957 1412 1983 pro
1434 1949 1564 1976 Iielleboro
1579 1948 1679 1975 duobus
1698 1949 1782 1975 obolis
1797 1950 1822 1975 in

1040 1996 1135 2024 mulso.
1155 1996 1185 2023 Et
1197 1995 1376 2030 Tlieophrast.
1395 1995 1466 2022 Hist.
1482 1996 1568 2030 plant.
1587 1997 1633 2022 lib.
1651 2004 1687 2028 is,
1703 1997 1820 2030 cap.10,

1040 2043 1172 2078 Καθάπερ
1190 2043 1237 2070 καὶ
1251 2043 1297 2069 τοῦ
1310 2042 1497 2079 μανδραγόρου
1512 2042 1542 2068 τὸ
1555 2043 1602 2070 μέν
1615 2042 1716 2076 φύλλον
1730 2044 1822 2079 χρήσι-

1041 2098 1090 2125 μον
1113 2088 1181 2116 εἷναί
1204 2097 1268 2124 φασι
1290 2089 1357 2124 πρὸς
1382 2089 1415 2115 τὰ
1432 2088 1497 2124 ’ἐλκη
1517 2089 1575 2124 μετ’
1595 2089 1719 2123 ἀλφίτου,
1735 2089 1784 2124 τὴν
1797 2088 1822 2114 δι

1039 2136 1118 2172 ῥίζαν
1132 2136 1199 2171 πρὸς
1215 2136 1378 2172 ἐρυσίπελας
1395 2135 1535 2168 ξανθεϊσάν
1555 2144 1584 2162 τε
1597 2136 1643 2169 καὶ
1658 2136 1714 2167 ὄξει
1725 2135 1822 2163 δευθεί-

240 2181 299 2209 Col.
318 2181 380 2212 'll6,
397 2181 445 2208 lin.
471 2181 496 2208 4.
519 2181 554 2207 Τὸ
571 2181 630 2216 μὲν
649 2183 702 2216 γὰρ
714 2181 848 2208 κώνειον.
869 2181 986 2209 Basilius

1040 2190 1099 2214 σαν,
1113 2182 1160 2208 καὶ
1177 2182 1245 2217 πρὸς
1257 2181 1291 2208 τὰ
1307 2182 1472 2218 ποδαγρικὰ,
1482 2182 1528 2208 καὶ
1540 2182 1607 2217 πρὸς
1619 2181 1703 2208 ὕπνον
1714 2183 1762 2208 καὶ
1772 2182 1823 2216 φίλ-

206 2227 279 2254 bom.
297 2227 329 2253 5:
343 2226 380 2252 Τὸ
395 2226 442 2262 μὲν
458 2226 511 2262 γὰρ
527 2226 637 2253 κώνειον
647 2228 672 2253 οἱ
687 2227 773 2263 ψᾶρες
786 2227 928 2262 βόσκονται
943 2228 986 2254 διὰ

205 2273 253 2309 τὴν
263 2273 434 2309 κατασκευὴν
456 2273 501 2300 τοῦ
511 2272 636 2308 σώματος
649 2274 697 2309 τὴν
713 2275 745 2300 ὲκ
755 2274 803 2300 τοῦ
821 2273 983 2310 δηλητηρίου

206 2316 307 2352 suam;
330 2317 579 2352 ἀποδιδράσκοντες.
595 2318 718 2350 Aen-soil;
727 2318 781 2354 γὰρ
800 2318 907 2354 ἔχοντες
922 2319 986 2350 τοὺς

204 2362 258 2388 ἀπὸ
271 2363 320 2398 τῆς
334 2362 445 2397 καρδίας
458 2363 567 2398 πόρους,
587 2362 732 2397 φθάνουσιν
750 2364 867 2398 ἐκπέψαι
882 2365 912 2390 τὸ
935 2373 986 2391 κα-

203 2407 331 2440 ταποθὲν,
347 2409 410 2445 πρὶν
425 2409 474 2444 τὴν
488 2410 535 2435 ἀπ’
546 2409 628 2436 αὑτοῦ
644 2409 724 2444 ψῦξιν
734 2410 788 2436 τῶν
805 2410 919 2445 καιρίων
936 2419 985 2436 κα-

203 2453 349 2488 θάψασθαι.
367 2454 522 2482 Alexander
543 2455 729 2489 Aphrodiseus
747 2455 794 2483 lib.
811 2463 829 2489 ι,
850 2454 985 2482 Problem.

203 2501 231 2528 in
246 2500 414 2535 praefatione.
429 2500 521 2533 Quare
538 2507 646 2528 veratro
668 2501 832 2533 coturnices,
852 2506 879 2528 et
897 2502 986 2528 sturni

202 2546 292 2574 cicuta
309 2550 464 2579 vescantur,
479 2547 550 2573 inter
575 2547 741 2581 quaestiones
768 2547 984 2582 inexplicabiles,

203 2591 311 2626 Deoque
325 2592 377 2620 soli
395 2592 528 2620 duntaxat
548 2596 677 2628 tanquam
697 2600 792 2620 eorum
819 2593 918 2621 artifici
943 2602 987 2622 so-

203 2636 348 2664 lertissimo
359 2638 482 2672 cognitas
498 2638 596 2672 rejicit.

237 2681 317 2714 lbid.,
331 2683 379 2710 lin.
394 2683 422 2711 8.
442 2684 497 2710 Τὸν
512 2683 546 2710 δὲ
564 2685 725 2719 ἑλλέϐορον
737 2685 884 2712 ἐσθίουσι.
907 2686 986 2713 Basi-

203 2727 256 2754 lius
266 2727 338 2755 hom.
352 2728 369 2755 5
379 2731 387 2755 :'
405 2729 561 2765 Ἑλλέϐορος
573 2730 601 2757 δὲ
609 2731 731 2765 ὀρτύγων
741 2732 798 2758 ὲστὶ
811 2732 908 2767 τροφὴ,
923 2732 986 2758 ἰδιό-

201 2780 264 2807 τητι
277 2773 402 2808 κράσεως
413 2773 461 2809 τὴν
481 2774 584 2811 βλάϐην
597 2777 816 2811 ἀποφευγόντων.
835 2778 988 2805 Alexander

202 2817 350 2851 Aphrodis.
369 2819 429 2845 loco
441 2820 529 2853 citat.,
547 2821 679 2856 Ὀρτυγές
690 2831 718 2849 τε
734 2822 868 2849 σιτοῦνται
883 2824 928 2851 τὸν
943 2825 986 2851 ἐλ-

1038 2237 1100 2265 τρα.
1119 2228 1225 2255 Διδόασι
1239 2228 1267 2254 δὲ
1287 2229 1315 2255 ἐν
1330 2229 1421 2264 οἴνῳῆ
1437 2230 1465 2255 ὲν
1482 2229 1548 2261 ὄξει.
1566 2228 1701 2263 Τέμνουσι
1717 2229 1747 2256 δὲ
1764 2237 1824 2265 τρο-

1039 2276 1150 2311 χίσκους
1175 2275 1267 2311 ὥςπερ
1291 2275 1609 2311 ραφανίδος,ἐνείραντες
1623 2274 1652 2301 δὲ
1670 2275 1700 2301 ἐν
1718 2275 1823 2309 γλεύκει

1040 2321 1193 2356 ἐκρέμασαν
1203 2321 1272 2356 ὑπὲρ
1282 2321 1395 2348 καπνοῦ.
1410 2321 1442 2348 Ει
1457 2321 1607 2356 Xenophon
1620 2321 1647 2347 in
1659 2320 1800 2355 Symposio
1815 2331 1820 2348 2

1040 2366 1084 2402 Τῷ
1100 2366 1154 2402 γὰρ
1167 2367 1223 2394 ῦντι
1235 2365 1306 2398 οἶνος
1320 2368 1407 2403 ἄρδων
1420 2367 1468 2398 τὰς
1482 2366 1571 2402 ψυχὰς
1600 2366 1649 2399 τὰς
1673 2367 1724 2402 μὲν
1738 2367 1823 2398 λύπας

1036 2413 1131 2449 ὥσπερ
1145 2414 1159 2439 ὁ
1175 2413 1365 2450 μανδραγόρας
1379 2413 1442 2445 τοὺς
1458 2412 1618 2448 ἀνθρώπους
1632 2413 1763 2448 κοιμίζει,
1777 2414 1822 2444 τὰς

1036 2459 1063 2486 δὲ
1081 2459 1287 2495 φιλοφροσύνας,
1299 2459 1393 2494 ὥσπερ
1407 2459 1494 2486 ἔλαιον
1509 2459 1594 2493 φλόγα
1602 2459 1716 2495 ἐγείρει.
1731 2459 1758 2486 In
1773 2468 1823 2494 quo

1039 2505 1228 2540 Xenophontis
1247 2506 1306 2532 loco
1321 2506 1494 2540 interpretem
1512 2506 1703 2536 allucinatum,
1722 2510 1749 2533 et
1766 2505 1823 2532 Pie-

1040 2553 1110 2578 rium
1133 2551 1304 2583 Valerianus,
1321 2551 1380 2578 lib.‘
1396 2559 1471 2584 Lvm,
1487 2559 1510 2579 c.
1521 2551 1554 2578 de
1572 2551 1751 2585 Mallilrngorn
1767 2559 1823 2578 ver-

1040 2599 1115 2624 sione
1135 2597 1217 2631 hujus
1232 2597 1388 2632 deceptnni,
1405 2598 1506 2632 optime
1529 2597 1671 2624 annotavit
1685 2597 1729 2623 vir
1743 2598 1770 2623 in
1782 2605 1822 2623 sa-

1039 2643 1095 2670 cris
1106 2643 1275 2677 explicandis
1290 2643 1441 2678 Scripturis
1451 2643 1553 2670 nemini
1564 2643 1702 2670 secundus
1712 2642 1821 2669 Michael

1040 2688 1183 2719 Gislerins,
1193 2696 1272 2722 quem
1285 2697 1392 2724 semper
1403 2689 1518 2715 maxime
1525 2689 1674 2715 admiratus
1684 2696 1745 2716 sum
1753 2689 1821 2723 ejus-

1039 2741 1092 2768 que
1115 2735 1196 2761 verba
1218 2735 1336 2761 maximo
1351 2742 1411 2761 meo
1435 2742 1486 2761 usu
1499 2738 1526 2761 et
1548 2735 1691 2762 commodo
1719 2743 1820 2769 semper

1040 2781 1146 2815 excepi,
1157 2781 1221 2807 etin
1241 2780 1310 2806 hanc
1323 2780 1393 2807 diem
1404 2780 1522 2815 excipio,
1537 2787 1618 2814 quem
1632 2780 1728 2807 multis
1747 2782 1818 2807 annis

1040 2824 1168 2854 Ecclesiae
1183 2826 1324 2854 catholicae
1338 2826 1448 2852 utilitati
1460 2827 1593 2853 bonorum
1611 2826 1734 2853 omnium
1756 2827 1820 2854 votis
