1903 3068
59 142 113 170 845

544 145 576 171 ΙΝ
595 143 780 171 EUSTATIIII
801 141 1038 170 HEXA‘EMERON
1055 141 1168 169 ΝΟΤᾹ-Σ.

1633 133 1686 168 διό

65 201 136 228 Deus
152 202 328 236 superstitem
343 207 369 230 ct
385 203 548 232 incolumem
567 209 722 235 conservet,
743 204 770 230 in
784 211 849 230 eru-
864 207 884 233 Α
900 203 1027 238 superius
1051 202 1158 229 dixerat
1184 208 1265 227 anum
1285 201 1430 235 quamdam
1451 200 1569 227 Atticam
1591 200 1688 228 cicuta

65 247 218 280 ditissimis,
234 248 377 283 solidaque
388 249 523 281 doctrina,
542 251 641 284 pietate
656 258 687 277 ac
702 257 766 277 vera
784 250 848 277 reli-

64 294 143 327 gione
160 293 270 321 refertis
287 293 492 322 Commentariis
510 296 537 322 in
561 297 640 323 Cant.
666 297 777 326 cantic.,
803 303 847 322 ρει-

64 336 112 370 pit.
128 344 177 366 vn,
191 344 262 363 vers.
283 337 326 369 I3,
339 337 509 371 expositione
526 338 624 373 prima.
640 338 677 365 De
688 339 738 366 hac
753 339 849 366 eadem

63 391 93 410 re
109 383 205 410 cadent
225 382 408 414 Diosnorides,
427 384 543 419 indeque
557 385 659 412 factum
675 386 849 420 proverbium

63 429 186 457 Luciano
200 430 226 456 in
244 429 361 462 Timone,
374 430 440 456 ὅπου
451 439 482 464 γε
499 431 625 468 καθάπερ
635 432 688 458 ὑπὸ
700 433 851 468 μανδραγό-

62 483 111 510 ρου
125 475 277 507 καθεύδεις,
289 481 316 502 et
329 474 501 502 Demostheni
511 476 538 502 iu
549 484 575 503 tv
591 475 748 510 Philippica,
765 476 850 502 Ἀλλ’-

65 522 122 547 οΰὸ³
149 521 330 556 ἀνεγερθῆναι
365 521 523 556 δυνάμεθα,
558 522 626 548 ἀλλὰ
663 523 850 559 μανδραγόραν

61 567 216 599 πεπτωκόσι,
239 567 305 593 εἴτι
327 567 471 602 φάρμακον
486 567 550 594 ἄλλο
574 568 704 599 τοιοῦτον,
724 569 850 604 ἐοίκαμεν

61 612 228 648 ἀνθρώποις.
258 613 324 640 Vide
340 613 510 648 Rodiginum,
529 614 590 641 libr.
611 623 678 646 xvn,
699 615 783 650 capit.
804 615 849 642 2t.

61 657 219 685 Notandum
231 659 303 693 quod
320 658 527 694 Theophrastus
538 660 575 686 ait
589 661 798 695 mandragoram
817 661 850 688 ad

62 711 183 735 amores,
200 709 227 731 et
242 704 341 739 philtra
357 705 521 738 conducere,
538 711 565 733 et
580 711 678 740 praeter
692 706 852 742 Theophra-

61 754 137 776 stum
149 749 220 777 idem
236 754 352 778 testatur
367 750 550 784 Dioscorides,
562 752 728 787 Epiphanius
742 752 768 779 in
778 752 852 788 Phy-

61 795 177 830 siologa,
187 798 213 822 et
221 795 266 822 alii
277 804 284 826 ;
295 796 336 822 sic
345 795 418 822 enim
434 796 523 823 locum
534 796 608 822 illum
623 795 761 824 Geneseos
774 796 852 823 intel-

62 839 144 874 liges,
163 840 209 867 sed
219 841 253 867 de
269 841 321 868 hoc
337 841 364 867 in
381 841 485 869 nostris
501 842 744 870 exercitationibus
760 843 848 877 plura.

900 249 1009 283 triginta
1024 248 1118 275 holcas
1130 247 1190 274 sine
1206 247 1305 273 damno
1320 247 1469 274 sorbuisse.
1486 244 1539 273 Ἦν
1552 246 1592 278 δὲ,
1610 246 1686 280 φασὶ,

899 294 986 330 γραῦς
1006 294 1115 328 Ἀττικὴ
1138 293 1282 329 τριάκοντα
1312 292 1392 324 ὁλκὰς
1409 291 1520 319 κωνείου
1539 292 1688 324 ἀκινδύνως

900 340 1116 376 προσφερομένη.
1135 339 1189 366 Res
1212 339 1292 366 etiam
1320 343 1414 365 notatu
1429 338 1510 374 digna
1523 343 1574 365 est.
1595 337 1688 366 Refert

900 387 1106 421 Theophrastus
1137 385 1174 412 De
1189 385 1283 412 histor.
1303 384 1398 419 plant.,
1424 385 1471 410 lib.
1499 392 1537 415 Ix,
1561 392 1622 419 cap.
1642 384 1687 414 I8,

900 433 1049 459 Eudemum
1072 431 1171 458 Chium
1192 431 1287 466 viginti
1307 430 1376 457 duas
1398 430 1545 464 aliquando
1562 430 1688 465 potiones

902 477 1033 504 bellebori
1050 485 1105 504 uno
1121 477 1166 504 die
1180 477 1341 511 sumpsisse,
1350 484 1412 503 cum
1428 475 1480 502 fori
1499 476 1569 510 apud
1585 483 1689 503 merces

901 523 1017 554 sederet,
1035 531 1083 550 nec
1104 522 1258 550 surrexisse
1277 522 1436 556 priusquam
1455 526 1527 548 esset
1547 521 1688 551 meridies.

901 574 966 595 tunc
987 575 1054 595 vero
1075 568 1156 595 domo
1177 568 1261 602 petita
1278 567 1389 594 balneas
1413 567 1577 602 ingressum,
1595 574 1689 594 caena-

901 620 1014 649 tumque
1039 622 1114 642 more
1131 615 1223 646 solito,
1248 621 1297 641 nec
1314 613 1463 648 quidquam
1478 613 1643 641 evomuisse.
1660 613 1690 640 Id

901 665 991 687 tamen
1009 660 1110 687 auxilio
1123 659 1240 695 quodam
1257 664 1409 695 praeparato
1422 660 1579 695 perfecisse,
1595 667 1692 695 quam-

901 707 943 733 vis
967 711 1078 742 propter
1103 706 1221 734 hominis
1250 706 1476 734 consuetudinem
1502 707 1632 741 pleraque
1658 714 1692 734 ex

901 753 1110 780 medicamentis
1124 754 1177 780 vim
1193 761 1270 780 suam
1286 753 1410 781 amittere
1430 761 1480 780 nec
1500 753 1617 788 amplius
1634 761 1692 780 mc-

902 796 1055 823 tlicamenta
1079 805 1139 824 esse
1163 805 1242 832 posse
1266 798 1421 832 negandum
1444 806 1498 825 non
1514 799 1568 832 sit,
1585 799 1692 833 hocque

902 842 985 869 refert
999 851 1033 870 ex
1049 843 1237 878 Theophrasto
1255 843 1416 879 Apollonius
1438 845 1464 872 in
1493 845 1588 872 histor.
1607 845 1692 872 Mira—

61 884 136 922 Quid
152 886 271 914 herbarii
289 888 450 923 prreripiaut
464 888 490 916 in
503 889 631 922 secanda,
643 890 850 925 colligendaque
866 888 887 915 Β
901 887 1009 919 bilibus,
1035 889 1085 915 etsi
1105 893 1210 916 mutato
1232 889 1340 917 nomine
1362 895 1389 917 et
1411 898 1461 925 pro
1482 889 1619 922 Eudemo,
1637 891 1692 918 Eu-

63 933 251 967 mandragora
278 933 393 961 habetur
417 934 487 969 apud
506 935 722 969 Theophrastum
743 935 847 963 Hister.

60 978 148 1010 plant.
161 978 208 1005 lib.
219 986 254 1010 ix,
268 986 291 1006 c.
311 979 338 1011 9,
353 983 378 1006 et
389 979 631 1013 Pliniumlib.xxv,
644 989 703 1016 cap.
716 982 758 1009 I3.
769 981 849 1010 Plura

61 1024 98 1050 de
115 1024 165 1050 hac
178 1024 260 1051 herba
274 1029 299 1052 et
313 1026 373 1060 ejus
387 1026 537 1054 virtutibus
552 1026 671 1055 Levinus
683 1027 849 1056 Lemniasin

61 1067 252 1102 Explicatione
264 1070 368 1099 herbar.
384 1071 486 1104 Μίνωι,
499 1080 558 1106 cap.
571 1073 598 1100 2.
806 1078 809 1081 ’

100 1114 158 1142 Col.
171 1115 233 1148 7l6,
248 1116 294 1143 lin.
308 1116 348 1144 l0.
363 1117 419 1144 Kal
431 1117 470 1151 τῷ
490 1119 564 1152 ὀπίῳ
583 1119 636 1152 τὰς
653 1119 796 1153 σφοδράς.
813 1119 850 1148 De

60 1161 119 1195 epii
137 1163 332 1196 prteparatione
346 1167 372 1190 et
385 1171 436 1190 usu
451 1165 478 1191 in
498 1165 641 1192 medicinis
654 1165 757 1193 Plinius
776 1165 849 1194 Hist.

62 1212 154 1234 natur.
171 1207 217 1234 lib.
237 1215 283 1240 xx,
300 1215 360 1243 cap.
376 1208 427 1242 I8;
448 1209 510 1237 huic
527 1210 580 1237 vim
595 1218 647 1237 non
672 1211 850 1245 soporiferam

62 1253 156 1283 modo,
183 1260 277 1280 verum
306 1254 329 1280 si
352 1254 490 1289 copiosior
516 1255 658 1283 hauriatur
682 1257 850 1285 mortiferam

64 1299 173 1328 tribuit.
193 1304 220 1326 et
234 1299 354 1328 Galenus
370 1301 494 1336 pluribus
510 1302 536 1329 in
553 1303 630 1330 locis.

99 1345 166 1372 Ibid.
184 1342 226 1378 Τῷ
239 1345 272 1372 δὲ
293 1347 403 1380 κωνείῳ
423 1348 476 1380 τὰς
495 1349 674 1383 λυσσώδεις.
703 1350 740 1378 De
762 1352 851 1379 cicuta

62 1396 90 1418 et
106 1392 167 1426 ejus
181 1392 307 1420 remediis
323 1393 427 1422 Plinius
444 1395 491 1421 lib.
513 1403 573 1427 λεν,
589 1403 649 1431 cap.
671 1398 787 1430 ultimo;
806 1406 852 1425 va-

64 1437 132 1463 riam
152 1443 242 1465 autem
262 1439 358 1466 cicutae
381 1441 605 1474 praeparationem
628 1442 662 1470 ad
686 1444 790 1470 obitum
807 1445 850 1471 iu-

65 1482 207 1510 fercndnm
235 1484 341 1512 lacileai
367 1489 393 1512 et
421 1486 523 1520 absque
560 1487 615 1513 ullo
644 1487 737 1515 dolore
770 1489 852 1517 refert

65 1527 244 1564 Theophrast.
262 1530 332 1558 Ilist.
358 1532 443 1566 plant.
466 1533 482 1559 l.
508 1540 545 1565 ιχ,
566 1541 627 1569 cap.
644 1535 687 1566 I7,
705 1539 852 1572 narratque

64 1575 144 1601 etiam
167 1575 295 1603 Chiorum
321 1577 394 1604 circa
417 1577 467 1604 hoc
495 1579 614 1606 studium
633 1585 659 1608 et
676 1581 850 1614 industriam,

63 1620 108 1654 qui
128 1621 204 1648 illam
222 1630 276 1649 non
295 1623 428 1655 terebant,
447 1625 492 1651 sed
512 1625 634 1653 detracto
649 1627 766 1662 tegmine
779 1627 853 1662 quod

60 1665 251 1694 ditlicultatem
275 1672 375 1699 movet,
402 1670 531 1704 quoniam
555 1673 688 1707 concoqui
709 1681 780 1708 aegre
803 1682 852 1709 po-

60 1717 126 1744 test,
152 1713 253 1748 pistam
278 1714 305 1740 in
329 1716 461 1742 mortario
491 1717 650 1749 tundebaut,
673 1723 700 1746 et
722 1721 853 1754 pmtenui

60 1759 156 1786 cribro
171 1760 360 1788 transmissam
374 1781 381 1792 ,
400 1768 471 1796 aqua
489 1762 640 1797 inspersam
656 1764 794 1796 bibebant,
810 1770 849 1792 at-

60 1812 115 1838 que
138 1805 176 1830 ita
200 1805 291 1832 obitus
314 1806 388 1833 celer
412 1807 553 1842 facilisque
579 1809 731 1836 eveniebat.
747 1810 808 1836 ’Ὀτι
824 1810 853 1836 δὲ

58 1851 185 1885 διαφέρει
204 1851 235 1876 τὸ
254 1852 372 1887 χρῆσθαι
396 1862 454 1886 πως
475 1853 581 1889 ἑκάστῳ
596 1855 712 1890 φανερὸν
733 1855 764 1882 ἐκ
789 1856 854 1882 πολ-

59 1896 125 1923 λῶν.
150 1897 227 1924 Ἐπεὶ
243 1899 289 1924 καὶ
303 1899 385 1930 Χίους
401 1900 467 1934 φασὶ
483 1899 521 1936 τῷ
544 1901 647 1936 κωνείῳ
661 1902 791 1938 πρότερον
805 1903 854 1938 οὐχ

59 1942 144 1974 οὕτω,
166 1943 233 1970 ἀλλὰ
246 1944 397 1980 τρίϐοντας,
421 1946 547 1982 καθάπερ
571 1949 595 1974 οἰ
617 1948 701 1981 ἄλλοι,
724 1948 852 1984 χρῆσθαι.

60 1989 119 2016 Νῦν
144 1989 173 2016 δὲ
198 1990 258 2017 οὐδὲ
285 1990 328 2017 ἂν.
344 1985 384 2023 εἷς
402 1992 532 2027 τρίψειεν,
553 1993 619 2020 ἀλλὰ
646 1995 854 2030 περιπτίσαντες

59 2034 110 2060 καὶ
125 2033 270 2068 ἀφελόντες
286 2035 316 2062 τδ
334 2035 447 2071 κέλυφος
474 2036 562 2072 (τοῦτο
578 2037 632 2074 γὰρ
646 2038 676 2064 τὸ
691 2039 739 2074 τὴν
760 2039 854 2074 δυσχέ-

61 2088 138 2115 ρειαν
156 2080 274 2116 παρέχον
293 2081 524 2118 δυσκατέργαστον
535 2083 593 2118 ὃν),
616 2084 684 2118 μετὰ
708 2083 793 2111 ταῦτα
810 2084 855 2111 κό-

60 2134 175 2152 πτουσιν
198 2127 227 2153 ἐν
247 2127 286 2162 τῷ
304 2128 389 2163 ὅλμῳ,
406 2130 452 2156 καὶ
465 2129 653 2161 διαπτίσαντες
670 2129 771 2159 λεπτὰ,
794 2131 854 2157 ἐπι-

61 2172 213 2203 πάττοντες
228 2173 271 2206 ἐφ’
285 2172 356 2209 ὕδωρ
373 2166 506 2206 πίνουσινξ
526 2173 596 2202 ὥστε
610 2176 720 2210 ταχεῖαν
735 2175 781 2201 καὶ
794 2175 856 2201 ἐλα-

901 941 1012 962 nomum
1029 936 1142 968 scribat,
1157 940 1183 964 et
1198 936 1348 964 Eudemum
1363 938 1612 974 Pharmacopolam,
1629 947 1693 966 cum

901 979 1022 1008 Eudemo
1044 982 1111 1009 Chio
1137 983 1298 1017 confundat,
1315 984 1363 1012 sed
1387 985 1421 1013 de
1442 985 1485 1012 his
1505 986 1583 1021 plura
1600 986 1628 1013 in
1644 995 1694 1014 no-

901 1027 967 1053 stris
981 1035 1149 1063 synonymis.

937 1072 1016 1105 Ibid.,
1034 1074 1082 1101 lin.
1096 1074 1138 1101 I3.
1152 1075 1206 1102 Kal
1224 1075 1321 1103 πάντα
1336 1077 1434 1111 ἐνμιᾷ
1448 1077 1562 1111 καιροῦ.
1576 1077 1693 1105 Basilius

900 1118 975 1145 hom.
993 1126 1018 1145 tv
1032 1128 1038 1145 τ
1055 1119 1145 1146 Πάντα
1161 1121 1190 1146 ὲν
1208 1122 1256 1156 μιᾷ
1272 1120 1367 1156 καιροῦ
1385 1122 1465 1157 ῥοπῇ,
1482 1122 1531 1148 οὐκ
1546 1121 1610 1148 ὄντα
1628 1122 1694 1156 πρό-

901 1172 987 1200 τερον,
1005 1164 1075 1199 ὑπὲρ
1090 1165 1138 1199 τῆς
1152 1166 1203 1200 γῆς
1214 1167 1254 1197 εἰς
1268 1166 1297 1193 τὸ
1313 1164 1383 1192 εἶναι
1405 1166 1537 1202 παρῆλθε,
1561 1166 1628 1201 μετὰ
1643 1167 1693 1202 τῆς

901 1210 1004 1240 οἰκείας
1014 1209 1128 1236 ἕκαστον
1139 1209 1268 1246 ἰδιότητος
1279 1212 1489 1247 ὲναργεστάταις
1500 1212 1547 1247 μὲν
1554 1212 1694 1247 διαφοραῖς

901 1255 955 1281 ἀπὺ
971 1255 1024 1281 τῶν
1043 1256 1207 1291 ἑτερογενῶν
1226 1256 1406 1293 χωριζόμενα,
1422 1257 1514 1293 οἰκείῳ
1529 1257 1556 1284 δὲ
1579 1257 1694 1284 ἕκαστον

902 1299 1100 1336 γνωριζόμενον
1115 1302 1278 1338 χαρακτῆρι.

937 1346 1016 1379 Ibid.,
1031 1347 1079 1374 lin.
1102 1348 1145 1374 I7.
1160 1349 1215 1375 Kal
1246 1349 1359 1376 τούτων
1379 1349 1415 1376 τὰ
1431 1350 1490 1384 μέν
1507 1350 1583 1377 ἐστι.
1604 1351 1633 1377 lu
1649 1358 1695 1377 ar-

902 1391 1014 1420 boribus
1029 1393 1100 1420 sicut
1112 1397 1138 1420 et
1154 1393 1180 1420 in
1195 1394 1359 1422 animalibus
1378 1403 1439 1423 esse
1463 1396 1580 1430 speciem
1598 1403 1695 1430 quarm

902 1437 976 1469 dam,
991 1442 1018 1464 et
1036 1438 1164 1473 figuram.
1181 1447 1262 1474 quam
1285 1445 1382 1468 auctor
1395 1445 1490 1468 noster
1505 1442 1694 1469 characterem

903 1483 1031 1517 appellat,
1047 1491 1100 1518 qua
1122 1489 1148 1511 et
1175 1485 1210 1512 ab
1230 1485 1291 1512 aliis
1314 1485 1408 1513 divisa;
1431 1491 1647 1522 cognoscuntur.
1669 1491 1696 1516 ct

904 1535 961 1555 sua:
982 1534 1087 1556 naturae
1112 1537 1181 1565 opus
1206 1538 1334 1559 exercere
1355 1532 1474 1563 valeant,
1493 1533 1560 1559 nulli
1581 1532 1696 1560 dubiutn

905 1582 1023 1610 unquam
1038 1575 1090 1602 fuit
1105 1583 1154 1602 nec
1171 1577 1234 1603 erit.
1252 1576 1318 1610 Qua:
1333 1577 1419 1604 forma
1439 1587 1471 1605 ex
1488 1578 1615 1606 omnibus
1631 1586 1695 1613 par-

904 1621 978 1648 tibus
1002 1622 1074 1648 sumi
1100 1626 1200 1656 potest,
1222 1623 1248 1650 in
1265 1631 1318 1650 uua
1334 1624 1405 1651 enim
1427 1624 1492 1652 dmn
1510 1625 1627 1658 variant,
1643 1625 1695 1652 etsi

903 1667 931 1693 in
954 1667 1015 1695 aliis
1037 1669 1213 1700 conveniunt,
1239 1670 1354 1699 diversae
1377 1675 1470 1699 tamen
1496 1680 1547 1699 nec
1572 1671 1695 1708 ejusdem

905 1715 1004 1748 speciei
1027 1714 1235 1750 judicabuutur.
1262 1717 1330 1745 Ilinc
1356 1719 1481 1753 quaedam
1511 1719 1574 1746 latis
1601 1719 1693 1754 foliis,

905 1759 964 1787 aliae
978 1760 1093 1794 strictis,
1117 1763 1230 1790 serratis
1250 1763 1320 1796 alite,
1343 1763 1403 1791 aliae
1427 1764 1455 1791 in
1477 1765 1561 1792 alium
1583 1765 1695 1793 modum

904 1807 1043 1841 expansis.
1064 1807 1110 1834 Sic
1133 1808 1167 1835 de
1188 1809 1300 1841 cortice,
1318 1811 1414 1842 ramis,
1430 1811 1579 1844 radicibus,
1595 1811 1695 1839 fructi-

905 1852 966 1883 bus.
979 1857 1005 1879 et
1020 1853 1092 1880 aliis.
1108 1853 1220 1881 Summa
1235 1859 1326 1883 tamen
1339 1863 1434 1883 eorum
1448 1864 1547 1891 genera
1561 1857 1695 1885 habemus

905 1905 936 1924 ex
956 1897 1145 1932 Theophrasto
1169 1899 1218 1926 lib.
1238 1908 1246 1926 ι
1264 1899 1302 1926 De
1316 1900 1410 1928 histor.
1433 1901 1530 1935 plant,
1548 1909 1609 1936 cap.
1625 1902 1652 1933 6.
1667 1906 1696 1930 et:

906 1943 970 1970 alibi
987 1953 995 1970 ι
1011 1944 1135 1978 quazdam
1151 1945 1223 1972 enitn
1245 1953 1339 1973 earum
1354 1950 1419 1974 sunt
1434 1947 1554 1981 urbanae,
1570 1947 1694 1982 quaedam

906 1989 1062 2021 silvestres,
1084 1990 1209 2025 quaztlam
1234 1990 1398 2023 fructiferze,
1423 1992 1547 2027 quaedam
1574 1993 1694 2023 steriles.

905 2035 1028 2069 quzedam
1043 2034 1180 2067 floriferte,
1193 2035 1253 2063 aliae
1269 2035 1335 2064 ﬂore
1348 2041 1484 2069 carentes,
1497 2037 1620 2073 quaedam
1633 2046 1695 2073 per-

906 2084 987 2114 petuo
1005 2079 1133 2112 virentes,
1148 2081 1271 2115 quaedam
1294 2082 1439 2117 perdentes
1462 2082 1536 2112 folia.
1555 2080 1610 2110 οἷον
1627 2085 1695 2120 ἡμέ-

907 2134 980 2161 ρων,
1001 2126 1114 2160 ἀγρίων,
1141 2127 1342 2162 καρποφόρων,
1363 2129 1509 2163 ἀκάρπων,
1529 2129 1694 2165 ἀνθοφὸρων,

905 2171 1036 2203 ἀνανθῶν,
1055 2172 1216 2207 ἀειφὺλὶων,
1234 2173 1411 2207 φυλλοϐολων.
1430 2174 1534 2201 Plinius
1549 2175 1630 2201 etiam
1647 2175 1693 2201 lib.

61 2217 134 2253 φρὰν
148 2218 269 2251 γίνεσθαι
292 2219 341 2254 τὴν
366 2220 533 2256 ἀπαλλαγήν.
551 2220 667 2255 Ideoque
682 2220 848 2248 Dioscorides

907 2226 961 2247 xvt.
978 2226 1038 2253 cap.
1061 2218 1105 2250 18,
1124 2218 1251 2245 arborum
1272 2218 1439 2246 differentias
1465 2219 1648 2254 prosequitur,
1668 2223 1695 2246 rt

61 2264 110 2290 lib.
135 2272 173 2295 tv,
188 2271 247 2299 cap.
266 2265 309 2297 79,
327 2265 541 2294 ellicacissirnam
565 2268 618 2294 vim
634 2267 730 2294 tribuit
745 2268 851 2298 cicutzr,

58 2317 123 2344 qua!
139 2310 166 2336 in
183 2311 272 2338 insula
287 2311 355 2338 Chio
371 2313 504 2341 nascitur.

97 2355 157 2383 Col.
170 2356 232 2388 716,
246 2358 294 2384 lin.
312 2358 354 2385 II.
365 2359 419 2385 Καὶ
435 2359 474 2392 τῷ
490 2360 635 2394 ἐλλεϐόρῳ
646 2360 682 2386 τὰ
692 2361 805 2394 χρόνια.
816 2359 853 2386 De

60 2403 196 2431 hellebori
212 2405 365 2439 speciebus,
383 2406 487 2440 ﬁguris,
497 2407 533 2438 vi,
544 2407 671 2434 facultate
686 2410 713 2433 et
727 2414 778 2434 usu
796 2407 852 2440 lege

60 2446 133 2476 Plin.
151 2449 168 2476 l.
187 2458 251 2482 xxv,
265 2458 289 2477 c.
305 2451 341 2483 5;
360 2451 545 2479 Dioscoridem
559 2453 577 2480 l.
595 2461 630 2484 tv,
646 2460 670 2479 c.
687 2452 738 2479 I50
747 2455 774 2478 et
791 2451 850 2478 I5I.

60 2495 189 2522 Advertit
206 2495 305 2524 Sextus
322 2497 476 2532 Empiricus
497 2497 626 2533 Pyrrhon.
651 2497 750 2532 llypot.
768 2498 814 2524 lib.
832 2505 851 2529 I,

60 2548 124 2576 cap.
143 2541 186 2572 I4,
205 2542 388 2575 hellebnrutn,
405 2544 426 2570 si
444 2548 523 2570 tenue
534 2547 561 2570 et
585 2543 775 2579 lanuginosum
791 2543 853 2578 quis

61 2587 154 2620 ipsum
169 2588 245 2620 edat,
261 2594 377 2616 mortem
391 2589 499 2620 afferre,
511 2589 552 2616 sin
566 2597 690 2616 crassum
707 2597 760 2616 non
777 2589 852 2616 item.

61 2633 117 2659 Καὶ
131 2634 146 2659 ό
160 2633 299 2670 ἐλλέϐορος
315 2635 410 2666 λεπτὸς
427 2635 476 2670 μὲν
497 2635 543 2660 καὶ
564 2634 681 2669 χνοὼδης
703 2633 854 2668 προσφερό-

61 2687 145 2714 μενον
159 2680 275 2715 πνιγμδν
290 2681 426 2717 ἐπιφέρει,
439 2680 594 2716 κριμνώδης
609 2679 637 2706 δὲ
661 2679 698 2706 ὢν
711 2679 812 2710 οὐκέτι,
828 2682 855 2705 et

62 2725 192 2752 Ruﬁnum
212 2727 357 2761 quemdam
377 2727 447 2761 apud
464 2726 621 2754 Chalcidem
637 2726 696 2752 sine
711 2725 766 2752 ulla
784 2732 854 2752 noxa

62 2774 157 2800 bibere
179 2774 290 2801 solitum
314 2774 408 2801 fuisse.
427 2775 481 2801 Καὶ
501 2775 638 2807 Ῥουςῖνος
658 2774 721 2817 δὲβ
738 2774 767 2800 ἐν
783 2773 854 2799 Χαλ-

63 2819 116 2844 κίδι
127 2819 212 2846 πίνων
227 2820 364 2856 ἑλλέϐορον
375 2820 435 2846 οὗτε
448 2821 522 2855 ἤμει,
536 2819 596 2846 οὔτε
606 2820 673 2850 ὅλως
684 2818 853 2854 ὲκαθαίρετο,

62 2864 120 2892 ἀλλ’
134 2864 173 2898 ὡς
185 2874 211 2892 τι
226 2865 280 2892 τῶν
296 2866 414 2902 συνήθων
428 2866 612 2903 προςεφέρετο
636 2866 683 2893 καὶ
704 2865 813 2896 ἔπεσσε,
829 2868 855 2891 et

903 2272 963 2299 cap.
980 2265 1009 2290 I9
1024 2274 1031 2291 :
1045 2263 1175 2291 Ρηειει-εα
1190 2265 1312 2292 arborum
1325 2265 1386 2292 aliis
1400 2265 1522 2292 decidunl
1537 2266 1618 2300 folia;
1634 2265 1695 2292 alim

903 2311 1060 2344 sempiterna
1077 2319 1152 2336 coma
1169 2311 1260 2341 virent,
1272 2319 1350 2346 quam
1367 2310 1543 2346 differentiam
1559 2313 1694 2338 antecedat

904 2365 1004 2383 necesse
1019 2361 1056 2382 est
1080 2357 1162 2390 prior.
1179 2356 1247 2383 Sunt
1262 2357 1331 2384 enim
1356 2357 1481 2384 arborum
1501 2358 1621 2393 quoniam
1638 2367 1695 2384 om-

904 2403 964 2428 nino
979 2401 1120 2434 silvestres,
1137 2401 1258 2437 quttdam
1281 2402 1435 2429 urbaniores
1447 2411 1456 2429 :
1471 2411 1537 2438 quas
1553 2404 1596 2430 hic
1609 2403 1694 2439 placet

904 2447 1049 2474 nominibus
1070 2448 1240 2482 distinguere.
1257 2447 1326 2484 Ergo
1350 2449 1436 2480 mites,
1455 2457 1514 2484 qum
1531 2449 1629 2484 fructu,
1649 2454 1695 2476 aut

904 2493 994 2528 aliqua
1014 2493 1090 2526 dote,
1109 2495 1320 2525 umbraminera,
1342 2494 1423 2529 ofﬁcio
1433 2494 1574 2521 humanius
1587 2495 1693 2529 juvant,

905 2549 956 2566 non
970 2541 1086 2574 improbe
1100 2540 1224 2566 dicantur
1237 2539 1357 2567 urbana’.

940 2586 1018 2618 Ibid.,
1038 2587 1085 2613 lin.
1105 2586 1151 2613 20.
1169 2587 1326 2620 Ὰείφυνιλα
1341 2586 1374 2613 δέ
1387 2587 1472 2614 ἐστιν
1489 2587 1585 2614 ἐλαία.
1605 2586 1695 2613 Theo-

904 2632 1033 2667 phrastus
1045 2633 1070 2663 I,
1085 2631 1122 2658 De
1130 2631 1298 2666 hist.plant.,
1309 2640 1370 2668 cap.
1381 2632 1414 2659 I5
1430 2642 1436 2659 :
1452 2632 1512 2658 Τῶν
1528 2632 1575 2668 μὲν
1585 2632 1694 2667 ἡμέρων

904 2679 1034 2714 ἀείφυλλα
1053 2679 1139 2710 ὲλαία,
1158 2678 1255 2714 φοίνιξ,
1271 2679 1368 2715 δάφνη,
1386 2679 1525 2716 μύρρινος,
1541 2680 1646 2713 πεύκης
1667 2686 1697 2706 τι

905 2726 991 2760 γένος,
1006 2725 1180 2761 κυπάριττος·
1205 2725 1258 2751 τῶν
1284 2725 1312 2751 δὲ
1335 2725 1454 2760 ἀγρίων,
1476 2724 1570 2760 ἐλάτη,
1593 2724 1694 2760 πεύκη,

906 2770 1047 2807 ἄρκευθος,
1070 2770 1178 2806 σμῐλαξ,
1200 2770 1278 2802 Θυία,
1303 2771 1350 2797 καὶ
1374 2770 1406 2806 ῆν
1431 2771 1559 2806 Ἀρκάδες
1583 2770 1697 2798 καλοῦσι

906 2818 1059 2855 φελλόδρυν,
1075 2816 1184 2853 φιλύρα,
1208 2816 1313 2853 κέδρος,
1332 2817 1422 2849 πίτυς,
1444 2817 1576 2853 μυρρίκη,
1599 2816 1694 2850 πύξος,

906 2865 1010 2900 πρῖνος,
1032 2863 1123 2901 ἀγρία,
1149 2862 1310 2898 κήλαστρον,
1333 2862 1442 2899 eam},
1467 2862 1587 2899 ἁφάρκη.
1605 2861 1695 2889 Ταῦτα
