1903 3068
208 127 259 155 847

873 127 998 155 LEONIS
1017 126 1154 154 ALLATII

1783 126 1835 153 818

207 188 236 215 δδ
256 186 351 222 φύεται
376 187 439 223 περὶ
457 187 502 213 τὸν
519 187 659 222 Ὄλυμπον
673 208 679 219 ,
700 187 844 223 sapam.
865 187 994 223 κόμαρος,
1011 189 1032 216 Α
1046 187 1076 212 τὸ
1099 186 1207 222 χρῶμα,
1235 186 1404 221 φλοῖσθέντος
1427 185 1475 212 τοῦ
1501 185 1587 218 ξύλου,
1603 185 1765 220 λευκότερον
1790 185 1837 219 μὲν

207 231 361 268 τέρμινθος,
384 232 478 268 ἀγρία,
502 232 600 267 δάφνη.
618 234 696 259 Δοκεῖ
720 233 747 259 δὲ
765 233 781 268 ἡ
798 232 932 268 ἀνδράχνῃ
951 232 998 258 καὶ

207 279 220 304 ό
235 278 343 313 οἵναρος
366 277 400 303 13:
423 277 471 312 μὲν
493 277 567 303 κάτω
592 277 772 312 φυλλοϐολὲῐν,
794 278 828 304 τὰ
848 277 876 304 δὲ
897 277 998 312 ἔσχατα

206 323 259 349 τῶν
274 323 432 358 ἀκρεμόνων
448 322 490 348 ἀεί
499 322 577 355 ξυλλα
598 323 684 357 ἔχειν·
701 323 824 358 ἐπιφύειν
836 323 864 349 δὲ
880 323 921 349 ἀεὶ
935 323 997 354 τοὺς

207 367 370 402 ἀκρέμονας.
392 367 423 394 Et
445 367 551 395 Plinius
566 377 599 395 cx
616 368 804 403 Theophrasto
821 369 893 396 (list.
916 374 972 396 nat.
987 389 994 401 ,

207 413 254 438 lib.
269 421 325 443 xw,
341 420 402 447 cap.
417 413 452 439 20
469 422 474 439 :
494 412 660 439 L’t'banarum
677 414 764 448 generi
785 422 834 440 non
856 413 995 445 decidunt,

207 458 278 488 alere.
296 458 382 490 lauro,
398 460 503 492 pulma’,
523 464 616 494 myrto,
633 467 763 493 cupresso.
786 460 864 493 pinis.
883 459 995 491 lit-dono.

207 503 406 534 rltododendro;
424 510 450 531 et
474 513 534 539 cap.
556 505 587 531 2i
615 514 621 531 :
644 504 808 532 Sili-estrium
827 506 913 540 generi
930 506 996 540 [alia

207 558 258 576 non
272 550 406 581 decidunt,
419 550 507 580 abieti,
523 551 610 582 larici,
622 551 892 586 pinaslro,junipero,
907 551 996 583 cedro,

209 596 380 628 "terebintho,
397 596 476 629 buxo,
501 597 555 622 ilict“
568 617 575 628 ,
591 597 734 631 a'quifolio,
751 597 848 628 suberi.
866 603 938 629 taxo,
955 603 997 624 ta-

208 641 316 672 marici;
332 642 399 668 inter
413 646 523 676 utraque
545 650 639 677 genera
660 648 720 669 sunt
736 643 866 669 adrachue
882 643 908 669 in
923 642 997 670 Gnt-

207 686 260 717 cia,
278 691 302 713 et
329 687 422 721 ubique
448 687 540 714 unedo.
566 687 675 723 Reliqua
693 689 762 715 enim
785 689 851 722 [alia
874 689 996 716 decidunt

210 731 258 762 lus,
283 738 458 767 prmierquam
482 733 508 760 in
525 734 714 761 cacuminibus.
732 734 764 760 Et
778 740 874 762 auctor
891 734 996 770 Geopo—

210 778 261 804 niv.
276 786 282 803 2
298 778 395 813 Δένδρα
419 778 529 813 ἀειθαλῆ
544 780 611 809 ἐστι,
628 779 694 814 μ-,δὲ
704 787 767 805 ποτε
782 779 996 815 φυλλορῤοοῦντα

210 825 235 850 ιν
248 823 287 858 τῷ
304 823 426 859 χειμῶνι,
445 823 478 851 ίδ.
497 823 593 858 φοίνιξ,
609 825 711 860 κίτρον,
731 825 877 860 στρόϐιλος,
897 825 994 860 δάφνη,

1047 230 1093 257 τοῦ
1108 231 1214 266 πρίνου,
1229 231 1406 266 οἱνωπότερον
1425 231 1453 257 δὲ
1467 231 1516 266 τῆς
1530 231 1622 266 δρυός·
1642 230 1675 256 τὰ
1700 230 1729 256 δὲ
1753 229 1837 264 φύλλα

1048 276 1191 311 προσέοικε
1223 276 1271 311 μὲν
1291 277 1402 311 ἀμφοῖν,
1426 275 1481 310 ἔχει
1497 275 1525 302 δὲ
1545 275 1629 310 μείζω
1645 276 1661 310 ἦ
1679 275 1718 306 ὡς
1733 277 1836 310 πρῖνος,

1048 322 1150 348 ἐλάττω
1163 323 1191 349 δὲ
1206 323 1222 358 ἢ
1237 323 1274 354 ὡς
1293 322 1368 357 δρῦς.
1387 322 1442 348 Καὶ
1456 322 1501 348 τὸν
1520 321 1624 357 καρπὸν
1642 322 1692 356 μὲν
1706 322 1753 347 τοῦ
1774 322 1837 356 πρί-

1047 376 1093 394 νου
1108 368 1177 394 κατὰ
1191 368 1221 394 τὸ
1239 367 1351 403 μέγεθος
1371 367 1483 399 ἐλάττω,
1499 369 1558 398 ταῖς
1580 366 1736 402 ἐλαχίσταις
1748 366 1777 393 δὲ
1791 367 1838 401 βα-

1047 413 1135 445 λάνοις
1152 414 1221 440 ἴσονο
1239 414 1286 440 καὶ
1300 413 1462 448 γλυκύτερον
1478 413 1526 448 μὲν
1544 412 1590 439 τοῦ
1611 412 1720 448 πρίνου,
1737 413 1838 448 πικῴο

1046 467 1123 494 τερον
1143 460 1170 486 δὲ
1193 460 1240 495 τῆς
1259 460 1348 495 δρυός.
1368 459 1487 486 Καλοῦςι
1509 459 1537 485 δέ
1560 467 1629 490 τινες
1650 459 1696 485 τὸν
1720 459 1769 493 μὲν
1790 458 1835 485 τοῦ

1047 506 1152 540 πρίνου,
1169 505 1214 532 καὶ
1230 506 1276 532 τὸν
1296 505 1396 540 ταύτης
1417 505 1520 540 καρπὸν
1539 505 1647 535 ἄκυλον.
1666 504 1714 531 τὸν
1739 504 1767 531 δὲ
1788 505 1836 539 τῆς

1042 551 1125 586 ’δρυὸς
1148 551 1270 586 βάλανον.
1296 552 1410 586 Μήτραν
1435 551 1462 577 δὲ
1487 550 1542 586 ἔχει
1568 551 1766 586 φανερώτερον,
1786 551 1803 586 ἦ
1822 553 1836 577 6

1047 597 1140 632 πρῖνος
1170 597 1225 622 Καὶ
1247 597 1264 631 ἡ
1288 596 1336 631 μὲν
1364 595 1508 631 φελλόδρνς
1538 597 1664 630 τοιαᾶτην
1695 596 1755 622 τινὰ
1781 595 1836 629 ἔχει

1047 641 1137 676 φύσιν.
1155 641 1236 668 Plura
1255 649 1362 676 possem
1377 649 1525 676 congerere
1544 642 1578 668 ab
1597 642 1658 668 aliis
1679 641 1714 668 de
1731 641 1835 667 arbori-

1046 686 1108 718 bus,
1125 694 1242 721 quorum
1261 687 1304 714 hic
1321 686 1350 713 lit
1373 686 1484 718 mentio,
1500 686 1572 713 dicta
1588 690 1615 713 et
1630 685 1767 718 dubitata,
1789 686 1835 712 sed

1047 736 1127 759 notas
1152 733 1180 759 in
1208 732 1398 764 Eustathium,
1430 740 1484 759 non
1516 726 1662 759 herbarum
1692 731 1835 758 historiam

1043 778 1203 806 scribimus.
1227 777 1330 805 Subicit
1353 778 1414 812 ejus
1439 777 1512 804 dicta
1537 777 1618 805 dictis
1634 777 1752 803 aliorum
1773 785 1837 804 con-

1048 823 1169 850 ﬁrmasse
1186 823 1226 849 vel
1242 823 1407 850 declarasse.

210 870 293 901 ὶλαία,
319 870 494 905 κυπάρισσος,
521 871 644 906 κερατία,
668 871 757 903 πίτυς,
780 873 883 907 πρῖνος,
902 872 994 905 πύξος,

1083 869 1148 896 lbid.
1161 870 1209 896 lin.
1222 869 1266 896 25.
1282 867 1316 895 Τὸ
1328 868 1422 902 ῥόδον
1435 867 1507 895 ἄνευ
1530 867 1585 902 τῆς
1601 868 1745 900 ἀκάνθης.
1761 867 1836 894 Basi-

210 915 336 950 μυρςίνη,
361 916 464 950 κέδρος,
489 916 556 947 ἰτέα,
580 916 626 942 καὶ
643 916 784 952 ἄρκευθος.
809 917 996 946 Artemidorus

209 959 345 988 Ouu‘rocr.
379 961 425 987 lib.
450 969 469 991 ι.
493 968 552 996 cap.
576 961 610 987 79
633 970 639 988 :
659 961 779 993 Φοίνικος
795 962 823 988 δὲ
845 963 890 989 καὶ
905 963 996 995 ἐλαίας

209 1006 333 1040 στέφανοι
363 1006 467 1041 γάμους
496 1007 646 1042 ἐλευθέρων
670 1008 839 1043 περιποιοῦσι
860 1010 996 1044 γυναικῶν

208 1050 249 1076 διὰ
271 1051 319 1086 τὴν
339 1051 450 1086 πλοκήν.
479 1052 534 1078 Καὶ
553 1052 636 1078 τέκνα
660 1055 891 1090 προσαγορεύουσι
917 1056 997 1082 πολυ-

208 1096 300 1132 χρόνια
317 1096 359 1123 διὰ
375 1096 405 1123 τὸ
420 1096 552 1129 ἀειθαλὲς,
569 1097 626 1124 υἱὸν
647 1099 696 1133 μὲν
710 1100 723 1125 ὁ
746 1100 843 1133 φοίνιξ,
863 1100 997 1137 θυγατέρα

208 1141 234 1167 δὲ
250 1142 265 1176 ἡ
279 1141 366 1168 ἐλαία.
383 1141 545 1170 Plutarchus
559 1143 584 1169 iu
599 1141 719 1178 Sympos.
739 1144 766 1175 8,
784 1146 915 1179 quaest.9,
933 1147 999 1181 pal—

210 1194 280 1214 mam
305 1194 366 1214 esse
394 1188 432 1214 ait
463 1189 625 1224 μακρόόιον,
649 1189 863 1224 ἐμπεδόφυλλον,
885 1192 998 1227 βεϐαίως

209 1233 360 1267 ἀείφυλλον,
378 1233 494 1269 ideoque
509 1242 571 1262 esse
586 1235 699 1263 victoris
714 1239 866 1270 praemium,
885 1238 945 1265 Ὅτι
959 1239 999 1266 δεῖ

209 1276 257 1312 τὴν
276 1277 330 1304 τῶν
353 1279 506 1314 νικηφόρων
526 1279 603 1311 δόξαν
630 1279 741 1314 ἄφθιτον
762 1282 808 1308 καὶ
832 1282 925 1318 ἀγήρω
942 1283 998 1310 δια-

210 1323 309 1358 μένειν.
326 1323 493 1356 Phornutus,
508 1326 590 1359 capit.
613 1325 648 1353 de
674 1325 767 1359 Musis,
790 1328 815 1354 in
829 1335 860 1354 ea
876 1330 999 1363 agnoscit

210 1368 239 1394 τὸ
253 1369 373 1401 ἀείζωον.
396 1369 424 1395 In
451 1369 518 1406 Tylo
538 1370 637 1403 insula,
665 1371 771 1399 Plinius
797 1373 844 1400 lib.
869 1382 918 1406 xu,
936 1383 996 1410 cap.

212 1413 255 1444 Η,
270 1413 335 1440 nulli
352 1414 480 1441 arborum
498 1414 560 1441 folia
577 1415 703 1443 decidere
721 1417 820 1449 tradit;
834 1421 860 1443 et
877 1417 923 1445 lib.
941 1426 997 1449 xvi,

212 1465 272 1493 cap.
290 1458 321 1485 21
340 1468 347 1485 :
365 1458 396 1486 In
418 1459 533 1486 Thurino
549 1469 623 1494 agro,
643 1461 688 1487 ubi
701 1461 811 1497 Sybaris
819 1463 883 1497 fuit,
896 1471 928 1490 ea:
942 1464 999 1499 ipsa

212 1503 274 1530 urbe
289 1505 497 1538 prospiciebalur
510 1514 620 1540 quercus
643 1515 705 1539 una,
730 1516 864 1543 nunquam
879 1509 944 1544 folia
958 1510 999 1537 di-

211 1550 327 1580 mittens,
344 1559 388 1577 nec
405 1556 466 1578 ante
483 1552 594 1578 mediam
610 1557 728 1580 a’statem
742 1555 902 1589 germinans.
917 1555 999 1591 quue

211 1596 307 1623 mirum
331 1601 379 1629 est,
397 1596 496 1625 θνατὰ
521 1599 674 1627 attctoribus
698 1600 841 1634 proditum,
863 1602 932 1635 apud
951 1611 998 1630 nos

210 1647 299 1675 postea
322 1643 407 1671 sileri.
426 1643 497 1670 Nam
519 1645 637 1672 locorum
660 1651 735 1672 tanta
755 1647 792 1674 vis
813 1653 862 1677 est,
884 1653 912 1674 ut
929 1650 999 1675 circa

212 1687 353 1722 Memphim
369 1688 490 1724 .Egypli,
506 1695 530 1716 el
546 1691 573 1717 in
589 1690 762 1725 Elephanliue
779 1692 918 1720 Thebaidis
933 1694 1000 1721 nulli

212 1733 300 1759 arbori
314 1733 445 1767 decidant,
464 1743 495 1762 ne
518 1736 612 1763 vitibus
629 1737 742 1772 quidem.
761 1737 827 1765 Vide
848 1738 997 1767 Varronem

212 1779 259 1805 liti).
282 1787 300 1811 I,
320 1787 378 1815 cap.
398 1780 423 1812 7,
442 1780 479 1807 De
497 1789 523 1808 re
539 1783 654 1814 rustica;
677 1787 704 1809 et
722 1782 940 1818 Theophrastum
963 1785 1001 1812 De

213 1825 306 1853 histor.
331 1826 415 1860 plant.
435 1827 480 1854 lib.
500 1835 519 1860 ι,
541 1829 625 1863 capit.
642 1828 685 1860 l5,
714 1829 759 1856 ubi
782 1834 808 1857 et
832 1831 865 1858 de
892 1831 1000 1866 platano

212 1870 368 1900 Gortinensi
382 1876 408 1899 et
424 1873 457 1900 de
476 1872 656 1908 Elephantino
674 1882 748 1908 agro.
770 1876 838 1912 Περὶ
855 1877 909 1912 γὰρ
930 1878 1000 1904 Ἐλε-

214 1918 342 1952 φαντίνην
364 1918 422 1945 οὐδὲ
439 1918 487 1950 τὰς
511 1919 658 1954 ἀμπέλους,
677 1920 736 1947 οὐδὲ
760 1922 809 1953 τὰς
834 1924 918 1954 συκᾶς
937 1931 1001 1958 φασι

213 1963 394 1997 φυλλοϐολεῖν.
413 1963 442 1991 ln
461 1965 560 2000 quibus
577 1965 648 1992 sicut
669 1970 696 1993 et
717 1966 744 1993 in
767 1967 826 1995 aliis
844 1976 877 1995 an
896 1968 1001 1997 Plinius

214 2008 300 2036 ﬁdelis
320 2010 478 2045 interpretis
493 2019 605 2039 munere
620 2012 729 2040 functus
751 2014 787 2040 sit
804 2014 1000 2049 aliisjudican-

213 2054 277 2081 dum
295 2055 418 2090 relinquo
432 2066 438 2083 :
457 2056 507 2084 hoc
522 2065 614 2085 verum
631 2062 685 2092 est,
697 2059 820 2093 quaedam
840 2060 873 2088 de
889 2068 939 2088 suo
953 2061 1002 2088 ad-

212 2100 337 2132 didisse,
366 2102 418 2128 alia
443 2102 577 2130 omisisse.
607 2104 642 2130 At
670 2113 724 2132 non
750 2113 782 2133 ex
815 2105 1002 2142 Theophrasto

214 2147 363 2179 transtulit,
377 2147 423 2175 sed
442 2156 474 2176 ex
491 2149 562 2182 aliis,
580 2150 728 2187 Graecaque
746 2155 776 2178 ut
797 2156 875 2179 erant
900 2153 928 2180 in
948 2153 1001 2181 illis

1047 914 1110 945 lius,
1128 914 1200 942 hom.
1213 915 1230 942 5
1246 923 1252 941 :
1270 914 1343 949 Πλὴν
1357 922 1389 948 γε
1403 914 1442 940 ὃτι
1459 914 1488 940 τὸ
1505 914 1578 949 ῥόδον
1589 914 1650 940 τότε
1664 914 1730 940 ἄνευ
1753 913 1835 940 ἀκάν-

1046 960 1095 996 οης
1112 959 1156 996 ἦν.
1172 960 1304 996 ’Ὕστερον
1317 960 1345 986 δὲ
1360 960 1396 995 τῷ
1413 960 1506 986 κάλλει
1520 960 1566 986 τοῦ
1584 960 1682 992 ἄνθους
1699 961 1715 994 ἠ
1732 959 1838 986 ἄκανθα

1047 1007 1228 1042 παρεζεύχθη,
1243 1008 1287 1034 ἵνα
1297 1007 1326 1033 τὸ
1339 1007 1454 1042 τερπνὸν
1471 1007 1520 1042 τῆς
1533 1006 1708 1038 ἀπολαύσεως
1723 1006 1834 1041 ἐγγύθεν

1047 1053 1152 1088 ἔχωμεν
1172 1053 1375 1089 παρακειμένην
1399 1053 1447 1088 τὴν
1469 1053 1568 1088 λύπην,
1595 1053 1766 1088 μεμνημένοι
1788 1054 1835 1088 τῆς

1047 1099 1192 1134 ἁμαρτίας,
1207 1098 1239 1124 δι’
1255 1099 1288 1133 ἧν
1307 1099 1424 1131 ἀκάνθας
1451 1100 1497 1126 καὶ
1521 1099 1661 1135 τριϐόλους
1683 1100 1752 1134 ἡμῖν
1771 1099 1835 1126 ἁνα-

1047 1144 1148 1170 τέλλειν
1169 1145 1349 1180 κατεδικάσθη
1367 1147 1383 1180 ἡ
1402 1146 1449 1180 γῆ.
1469 1145 1516 1172 Pia
1533 1149 1560 1173 et
1577 1146 1701 1180 prudens
1714 1153 1835 1172 commo-

1048 1190 1177 1222 nefactio,
1195 1195 1225 1217 ut
1239 1191 1366 1218 videlicet
1383 1191 1463 1219 homo
1490 1192 1517 1219 in
1542 1199 1631 1218 rosam
1659 1195 1772 1225 aspectu
1794 1191 1833 1218 in—

1045 1234 1129 1269 jecto,
1153 1235 1243 1262 statim
1270 1236 1378 1270 pristini
1392 1241 1418 1264 et
1437 1236 1541 1271 antiqui
1562 1236 1642 1271 primi
1660 1237 1795 1271 parentis,
1809 1240 1834 1262 et

1049 1281 1090 1308 sui
1112 1281 1204 1316 lapsus
1227 1283 1385 1310 memoriam
1413 1286 1538 1317 repetat;
1566 1288 1592 1310 et
1615 1282 1774 1310 calamitate
1789 1283 1835 1309 in—

1049 1332 1153 1363 specta,
1172 1329 1200 1355 in
1219 1337 1299 1364 quam
1315 1333 1426 1364 propter
1448 1333 1588 1364 peccatum
1618 1330 1735 1361 incidit,
1756 1330 1835 1357 corde

1049 1373 1146 1402 fremat
1158 1379 1185 1402 et
1202 1375 1297 1402 intime
1312 1376 1411 1406 doleat,
1428 1377 1524 1410 suique
1541 1377 1673 1404 creatoris
1689 1384 1769 1411 opem
1788 1384 1835 1404 ex-

1048 1426 1154 1456 poscat,
1167 1427 1194 1448 et
1210 1422 1261 1449 sibi
1276 1427 1379 1448 caveat.
1396 1421 1559 1448 Continuata
1575 1423 1647 1449 enim
1661 1426 1834 1457 peccatorum

1050 1467 1180 1494 memoria
1193 1468 1296 1494 nullum
1314 1468 1463 1494 remedium
1480 1468 1570 1503 aptius
1587 1468 1620 1495 ad
1633 1468 1743 1494 veniam
1759 1468 1837 1502 impc-

1051 1513 1186 1544 trandam,
1203 1521 1253 1540 nec
1270 1513 1353 1540 ullum
1374 1513 1446 1540 aliud
1464 1513 1500 1540 ita
1516 1521 1624 1549 segnem
1645 1514 1737 1540 reddit
1752 1513 1835 1540 homi-

1051 1566 1112 1585 nem
1135 1559 1169 1586 ad
1193 1559 1341 1593 nequitiam
1358 1560 1577 1594 perpetrandam,
1594 1563 1623 1586 ut
1639 1560 1739 1587 scribit
1753 1559 1837 1594 Chry-

1049 1608 1186 1630 sostomus
1202 1605 1229 1630 in
1245 1605 1329 1638 Iz‘pist.
1346 1605 1380 1630 ad
1399 1604 1538 1636 Ilebra’os,
1555 1613 1615 1640 cap.
1635 1614 1685 1636 xu.
1703 1606 1779 1633 hom.
1794 1606 1834 1637 3i.

1049 1653 1076 1676 et
1089 1649 1115 1676 in
1131 1653 1225 1676 catena
1235 1650 1261 1676 in
1277 1658 1334 1684 cap.
1349 1658 1392 1677 xuv
1411 1650 1552 1678 Hieremiae
1567 1659 1575 1677 :
1592 1651 1654 1677 Ἐπὶ
1665 1651 1696 1677 τὸ
1709 1651 1836 1686 λειπόμε-

1049 1704 1094 1722 νον
1105 1695 1247 1731 φάρμακον
1258 1695 1423 1730 καταφεύγει
1433 1697 1485 1722 τῶν
1497 1697 1703 1732 ἁμαρτημάτων
1712 1697 1764 1732 τὴν
1774 1696 1838 1730 γνῶ-

1052 1749 1101 1767 σιν.
1115 1740 1169 1768 Nec
1183 1741 1307 1768 dissentit
1317 1741 1430 1777 August.
1441 1743 1488 1769 lib.
1499 1751 1518 1775 ι,
1530 1742 1564 1769 De
1575 1742 1639 1769 Gen.
1648 1748 1743 1768 contra
1757 1741 1836 1768 Mani-

1051 1788 1145 1819 chmns,
1159 1795 1184 1814 c.
1199 1788 1232 1814 15
1243 1796 1252 1814 ;
1265 1787 1316 1814 Per
1332 1793 1465 1821 peccatum
1484 1788 1595 1815 hominis
1611 1793 1682 1815 terra
1698 1789 1836 1815 maledicta

1050 1837 1100 1863 est.
1117 1837 1144 1859 ut
1168 1833 1256 1867 spinas
1271 1838 1383 1868 pareret,
1407 1842 1458 1860 non
1479 1839 1506 1860 ut
1529 1835 1584 1868 ipsa
1606 1842 1697 1868 paruas
1717 1835 1835 1866 sentiret.

1051 1887 1109 1913 qua:
1128 1879 1183 1906 sine
1202 1887 1279 1907 sensu
1299 1884 1355 1911 est,
1379 1879 1424 1906 sed
1445 1885 1474 1906 ut
1494 1881 1593 1914 peccati
1613 1880 1725 1906 humani
1742 1882 1836 1907 crimen

1052 1932 1151 1958 semper
1165 1925 1312 1951 horninibus
1327 1931 1386 1952 ante
1405 1925 1493 1952 oculos
1512 1930 1625 1959 poneret,
1642 1933 1694 1960 quo
1713 1926 1836 1952 admone-

1052 1976 1141 1998 rentur
1161 1971 1305 2006 aliquando
1320 1973 1405 2007 αι·εηὶ
1426 1981 1442 1998 a
1465 1973 1587 2007 peccatis,
1603 1977 1627 1998 et
1651 1972 1687 1999 ad
1704 1973 1754 1999 Dei
1772 1981 1836 2007 pra-

1052 2023 1127 2052 cepta
1142 2019 1265 2045 converti.
1286 2017 1380 2045 Herba:
1396 2023 1495 2049 autem.
1510 2024 1563 2045 etc.
1591 2017 1653 2046 Haec
1669 2023 1764 2046 tamen
1777 2027 1836 2046 sen-

1052 2063 1137 2090 tentia
1153 2062 1263 2090 Pererio
1277 2062 1296 2090 l.
1311 2070 1329 2096 I,
1344 2063 1370 2089 in
1395 2062 1458 2089 Gen.
1477 2071 1531 2090 non
1552 2063 1665 2090 arridet.
1689 2062 1746 2091 Nec
1767 2064 1835 2090 enim

1053 2112 1142 2143 potest
1160 2108 1257 2134 adduci
1283 2111 1311 2134 ut
1326 2107 1420 2134 credat
1442 2115 1532 2135 rosam
1555 2112 1617 2134 ante
1633 2112 1780 2142 peccatum
1800 2108 1837 2134 fa-

1052 2159 1122 2180 ctam
1137 2153 1221 2181 fuisse
1238 2154 1341 2188 absque
1358 2153 1455 2188 spinis.
1475 2153 1546 2180 Deus
1560 2154 1632 2180 enim
1648 2154 1719 2180 tales
1741 2153 1836 2180 condi-

213 2193 370 2221 auctoribus
392 2193 488 2221 Latina
501 2194 572 2223 fecit.
587 2196 671 2224 Esto:
690 2201 780 2225 tamen
797 2203 940 2232 suspectus
953 2199 999 2226 ad-
1015 2201 1037 2228 D
1051 2199 1091 2227 dit
1113 2207 1157 2227 res
1173 2199 1268 2234 quales
1288 2203 1353 2226 sunt
1369 2199 1519 2226 secundum
1534 2204 1660 2226 naturam
1679 2207 1771 2232 suam,
1789 2206 1837 2226 nec

213 2238 266 2266 huc
282 2242 324 2266 est
342 2247 404 2266 cum
418 2244 445 2267 et
463 2242 490 2268 in
509 2242 569 2270 aliis
586 2243 680 2271 eodem
694 2243 776 2271 modo
793 2251 823 2271 se
836 2248 931 2279 gerat;
954 2244 1000 2272 sed

212 2291 267 2311 non
280 2288 322 2312 est
339 2286 481 2319 praesentis
494 2288 606 2322 negotii.

248 2330 307 2358 Col.
322 2331 384 2364 716,
395 2332 494 2360 No.22.
502 2334 556 2361 Kal
569 2333 608 2367 ἣν
616 2333 755 2368 Ἀρκάδες
766 2334 921 2369 φίλοδρυν.
936 2335 1001 2362 Cor-

212 2378 269 2412 rige
284 2385 317 2404 ex
333 2377 532 2413 Theophrasto,
547 2379 700 2414 ῳελλόδρυν.
725 2379 812 2414 Hujus
834 2385 960 2407 naturam
974 2385 1001 2408 et

212 2427 369 2450 accuratam
388 2424 599 2460 descriptionem
615 2425 697 2454 habet
713 2426 781 2454 idem
795 2426 1000 2461 Theophrastus

212 2469 250 2496 De
265 2470 348 2496 histor
373 2470 456 2505 plant.
471 2471 518 2498 lib.
542 2479 582 2503 tu,
602 2472 686 2507 capit.
706 2473 739 2499 16
755 2481 761 2499 :
781 2473 813 2499 '0
828 2472 855 2499 δὲ
874 2472 1000 2499 καλοῦσιν

218 2515 346 2550 Ἀρκάδες
360 2515 504 2552 φελλόδρυν
524 2517 627 2544 τοιάνδε
651 2517 706 2552 ἔχει
729 2517 778 2551 τὴν
794 2518 883 2552 φύσιν.
899 2517 935 2550 ὡς
952 2518 1001 2553 μὲν

210 2559 303 2592 ἁπλῶς
319 2562 415 2593 εἰπεῖν,
431 2561 483 2588 ἀνὰ
499 2561 580 2597 μέσον
596 2562 690 2597 πρίνου
706 2562 752 2589 καὶ
765 2563 845 2599 δρυός
859 2564 926 2589 ἐστι.
946 2563 1001 2589 Καὶ

210 2605 274 2632 ἔνιοι
302 2607 538 2642 ὑπολαμϐάνουσιν
567 2606 634 2634 εῖναι
658 2608 740 2644 θῆλυν
762 2610 866 2644 πρῖνον.
891 2609 931 2636 διο
954 2609 1001 2636 καὶ

210 2649 276 2675 ὅπου
298 2650 335 2686 μὴ
358 2651 453 2685 φύεται
480 2653 582 2686 πρῖνος,
608 2652 694 2687 τούτῳ
717 2653 834 2688 χρῶνται
862 2653 929 2688 πρὸς
952 2653 1001 2684 τὰς

211 2695 329 2728 ἁμάξας,
349 2697 397 2723 καὶ
418 2697 452 2723 τὰ
470 2697 591 2729 τοιαῦτα,
607 2699 733 2734 καθάπερ
748 2700 764 2734 ή
791 2699 855 2734 περὶ
871 2699 1001 2725 Λακεδαί-

211 2748 281 2774 μονα
306 2741 352 2766 καὶ
371 2741 487 2768 Ἠλείαν.
514 2742 633 2769 Καλοῦσι
658 2743 686 2769 δὲ
714 2744 740 2770 οῖ
764 2751 795 2777 γε
820 2745 931 2778 Δωριεῖς
955 2744 1001 2770 καὶ

211 2785 309 2819 ἀγρίαν
324 2785 355 2812 τὸ
374 2786 489 2820 δένδρον.
506 2787 583 2814 ’Ἐστι
607 2787 635 2814 δὲ
659 2788 851 2824 μαλακώτερον
876 2789 922 2816 τοῦ
940 2790 1001 2825 πρί-

210 2837 266 2860 νου,
284 2829 462 2866 σκληρότερον
481 2831 508 2858 δὲ
529 2833 575 2859 καὶ
597 2835 760 2861 πυκνότερον
774 2835 823 2870 τῆς
840 2835 928 2870 δρυός.
946 2836 1000 2862 Καὶ

1052 2249 1193 2280 peccatum
1208 2244 1272 2272 Ada:
1297 2245 1413 2271 mutavit
1427 2253 1522 2272 earum
1549 2245 1733 2280 proprietates
1759 2249 1837 2279 atque

1052 2290 1234 2322 conditiones,
1259 2297 1321 2316 cum
1345 2297 1394 2316 nec
1415 2297 1447 2317 ea
1471 2289 1592 2325 quidem.
1610 2297 1671 2324 quae
1695 2297 1761 2317 vera
1776 2293 1838 2317 sunt

1052 2335 1202 2364 secundum
1229 2339 1357 2362 naturam
1381 2336 1501 2362 hominis
1524 2340 1666 2371 peccatum
1688 2335 1750 2369 ejus
1763 2335 1838 2370 quid-

1052 2388 1132 2416 quam
1157 2381 1313 2407 variaverit.
1339 2380 1440 2407 Rosam
1459 2389 1523 2408 vero
1545 2381 1621 2408 nasci
1645 2381 1718 2407 inter
1747 2381 1838 2414 spinas

1052 2426 1205 2453 naturalem
1234 2433 1304 2452 rosa:
1328 2426 1553 2453 constitutionem
1577 2430 1659 2460 atque
1685 2427 1838 2460 generatio-

1052 2478 1113 2498 nem
1132 2471 1320 2505 consequitur.
1343 2470 1432 2504 Quare
1450 2471 1502 2498 etsi
1527 2475 1592 2498 ante
1613 2476 1759 2505 peccatum
1776 2471 1839 2497 Adae

1052 2520 1130 2542 erant
1148 2516 1205 2542 haec
1225 2516 1351 2542 humanm
1366 2521 1471 2543 naturre
1491 2516 1584 2547 noxia,
1607 2523 1662 2543 non
1681 2515 1801 2544 fuissent
1815 2514 1837 2541 ei

1052 2562 1079 2588 in
1095 2568 1214 2596 pmnam,
1235 2562 1258 2588 si
1282 2569 1335 2588 non
1356 2566 1507 2596 peccasset,
1525 2560 1573 2588 sed
1597 2561 1634 2587 ita
1649 2565 1725 2588 esset
1749 2561 1838 2587 animo

1052 2615 1222 2643 eorporeque
1238 2608 1362 2640 eﬂ‘ectus,
1384 2612 1413 2634 ut
1435 2607 1563 2634 facillime
1583 2607 1640 2634 hmo
1662 2607 1782 2634 exitiosa
1800 2607 1838 2632 in-

1052 2659 1207 2681 ternoscere
1223 2658 1248 2680 et
1263 2653 1348 2680 vitare
1362 2657 1465 2688 posset.
1482 2652 1580 2680 Verum
1600 2657 1653 2683 est.
1672 2651 1757 2679 Deum
1773 2651 1838 2678 tales

1052 2709 1096 2728 res
1121 2700 1278 2728 condidisse
1305 2701 1400 2735 quales
1429 2705 1493 2728 sunt
1521 2699 1672 2727 secundum
1702 2704 1836 2726 naturam.

1053 2746 1132 2774 Sanm
1147 2747 1248 2774 mcnlis
1264 2751 1306 2774 est
1327 2746 1408 2774 fateri
1432 2754 1522 2774 rerum
1545 2745 1731 2781 proprietates
1751 2749 1777 2772 et
1792 2751 1838 2771 na-

1052 2796 1129 2820 turas
1139 2796 1252 2827 peccato
1265 2793 1415 2828 primorum
1425 2797 1568 2827 parentum
1578 2800 1632 2818 non
1641 2791 1728 2819 fuisse
1744 2792 1837 2818 inimu-

1053 2841 1134 2866 latas.
1158 2838 1334 2873 Exploratum
1351 2843 1404 2871 est,
1425 2843 1487 2865 ante
1511 2842 1653 2872 peccatum
1682 2845 1745 2864 cum
1767 2835 1838 2863 nulla
