  <div class='ocr_page' id='page_1' title='image "/cluster/home/n/w/nwhite01/storage/ocr_20150623/18/njp.32101077772455/676.png"; bbox 0 0 1903 3068; ppageno 0'>
   <div class='ocr_carea' id='block_1_1' title="bbox 62 113 116 142">
    <p class='ocr_par' dir='ltr' id='par_1_1' title="bbox 62 113 116 142">
     <span class='ocr_line' id='line_1_1' title="bbox 62 113 116 142; baseline 0 0"><span class='ocrx_word' id='word_1_1' title='bbox 62 113 116 142; x_wconf 61' lang='lat'><strong>849</strong></span> 
     </span>
    </p>
   </div>
   <div class='ocr_carea' id='block_1_2' title="bbox 581 116 1208 149">
    <p class='ocr_par' dir='ltr' id='par_1_2' title="bbox 581 116 1208 149">
     <span class='ocr_line' id='line_1_2' title="bbox 581 116 1208 149; baseline 0.01 -6"><span class='ocrx_word' id='word_1_2' title='bbox 581 116 614 143; x_wconf 83' lang='lat' dir='ltr'><strong>IN</strong></span> <span class='ocrx_word' id='word_1_3' title='bbox 634 116 820 144; x_wconf 77' lang='lat' dir='ltr'><strong>EUSTATllll</strong></span> <span class='ocrx_word' id='word_1_4' title='bbox 840 116 1077 147; x_wconf 77' lang='lat' dir='ltr'><strong>llEXAEMERON</strong></span> <span class='ocrx_word' id='word_1_5' title='bbox 1096 120 1208 149; x_wconf 70' lang='lat' dir='ltr'><strong>NOTAE.</strong></span> 
     </span>
    </p>
   </div>
   <div class='ocr_carea' id='block_1_3' title="bbox 1643 127 1695 154">
    <p class='ocr_par' dir='ltr' id='par_1_3' title="bbox 1643 127 1695 154">
     <span class='ocr_line' id='line_1_3' title="bbox 1643 127 1695 154; baseline 0 0"><span class='ocrx_word' id='word_1_6' title='bbox 1643 127 1695 154; x_wconf 75' lang='lat'><strong>850</strong></span> 
     </span>
    </p>
   </div>
   <div class='ocr_carea' id='block_1_4' title="bbox 62 172 1696 216">
    <p class='ocr_par' dir='ltr' id='par_1_4' title="bbox 62 172 1696 216">
     <span class='ocr_line' id='line_1_4' title="bbox 62 172 1696 216; baseline 0.008 -20"><span class='ocrx_word' id='word_1_7' title='bbox 62 172 143 206; x_wconf 87' lang='lat' dir='ltr'><strong>culpa</strong></span> <span class='ocrx_word' id='word_1_8' title='bbox 159 178 248 206; x_wconf 85' lang='lat' dir='ltr'><strong>neque</strong></span> <span class='ocrx_word' id='word_1_9' title='bbox 263 179 362 206; x_wconf 90' lang='lat' dir='ltr'><strong>corpus</strong></span> <span class='ocrx_word' id='word_1_10' title='bbox 374 180 462 207; x_wconf 75' lang='lat' dir='ltr'><strong>neque</strong></span> <span class='ocrx_word' id='word_1_11' title='bbox 476 173 597 200; x_wconf 86' lang='lat' dir='ltr'><strong>animum</strong></span> <span class='ocrx_word' id='word_1_12' title='bbox 620 173 749 205; x_wconf 82' lang='lat' dir='ltr'><strong>alliceret,</strong></span> <span class='ocrx_word' id='word_1_13' title='bbox 767 182 856 208; x_wconf 88' lang='lat' dir='ltr'><strong>neque</strong></span> <span class='ocrx_word' id='word_1_14' title='bbox 871 179 892 204; x_wconf 82' lang='grc' dir='ltr'><strong>Λ</strong></span> <span class='ocrx_word' id='word_1_15' title='bbox 909 183 979 201; x_wconf 84' lang='lat' dir='ltr'><strong>mum</strong></span> <span class='ocrx_word' id='word_1_16' title='bbox 997 182 1132 207; x_wconf 74' lang='lat' dir='ltr'><strong>maturat;</strong></span> <span class='ocrx_word' id='word_1_17' title='bbox 1154 181 1180 204; x_wconf 93' lang='lat' dir='ltr'><strong>et</strong></span> <span class='ocrx_word' id='word_1_18' title='bbox 1197 185 1257 213; x_wconf 86' lang='lat' dir='ltr'><strong>cap.</strong></span> <span class='ocrx_word' id='word_1_19' title='bbox 1275 179 1320 213; x_wconf 77' lang='lat'><strong>26,</strong></span> <span class='ocrx_word' id='word_1_20' title='bbox 1342 179 1459 207; x_wconf 85' lang='lat' dir='ltr'><strong>Perdunt</strong></span> <span class='ocrx_word' id='word_1_21' title='bbox 1481 181 1610 216; x_wconf 67' lang='lat' dir='ltr'><strong>facillime</strong></span> <span class='ocrx_word' id='word_1_22' title='bbox 1636 187 1696 210; x_wconf 83' lang='lat' dir='ltr'><strong>ante</strong></span> 
     </span>
    </p>
   </div>
   <div class='ocr_carea' id='block_1_5' title="bbox 63 217 852 252">
    <p class='ocr_par' dir='ltr' id='par_1_5' title="bbox 63 217 852 252">
     <span class='ocr_line' id='line_1_5' title="bbox 63 217 852 252; baseline 0.005 -9"><span class='ocrx_word' id='word_1_23' title='bbox 63 225 171 252; x_wconf 66' lang='lat' dir='ltr'><strong>pinnam</strong></span> <span class='ocrx_word' id='word_1_24' title='bbox 190 217 272 244; x_wconf 89' lang='lat' dir='ltr'><strong>ullam</strong></span> <span class='ocrx_word' id='word_1_25' title='bbox 291 217 373 245; x_wconf 85' lang='lat' dir='ltr'><strong>fuisse</strong></span> <span class='ocrx_word' id='word_1_26' title='bbox 391 218 514 246; x_wconf 81' lang='lat' dir='ltr'><strong>inditam.</strong></span> <span class='ocrx_word' id='word_1_27' title='bbox 528 219 598 247; x_wconf 83' lang='lat' dir='ltr'><strong>Vero</strong></span> <span class='ocrx_word' id='word_1_28' title='bbox 613 221 704 247; x_wconf 81' lang='lat' dir='ltr'><strong>verius</strong></span> <span class='ocrx_word' id='word_1_29' title='bbox 724 225 765 248; x_wconf 84' lang='lat' dir='ltr'><strong>est</strong></span> <span class='ocrx_word' id='word_1_30' title='bbox 779 220 852 247; x_wconf 81' lang='lat' dir='ltr'><strong>Ada-</strong></span> 
     </span>
    </p>
   </div>
   <div class='ocr_carea' id='block_1_6' title="bbox 65 263 852 299">
    <p class='ocr_par' dir='ltr' id='par_1_6' title="bbox 65 263 852 299">
     <span class='ocr_line' id='line_1_6' title="bbox 65 263 852 299; baseline 0.004 -10"><span class='ocrx_word' id='word_1_31' title='bbox 65 271 137 290; x_wconf 89' lang='lat' dir='ltr'><strong>mum</strong></span> <span class='ocrx_word' id='word_1_32' title='bbox 154 267 220 290; x_wconf 86' lang='lat' dir='ltr'><strong>tunc</strong></span> <span class='ocrx_word' id='word_1_33' title='bbox 234 263 271 290; x_wconf 88' lang='lat' dir='ltr'><strong>ita</strong></span> <span class='ocrx_word' id='word_1_34' title='bbox 283 263 374 290; x_wconf 87' lang='lat' dir='ltr'><strong>animo</strong></span> <span class='ocrx_word' id='word_1_35' title='bbox 388 268 414 291; x_wconf 87' lang='lat' dir='ltr'><strong>et</strong></span> <span class='ocrx_word' id='word_1_36' title='bbox 430 272 544 299; x_wconf 88' lang='lat' dir='ltr'><strong>corpore</strong></span> <span class='ocrx_word' id='word_1_37' title='bbox 565 264 649 292; x_wconf 86' lang='lat' dir='ltr'><strong>fuisse</strong></span> <span class='ocrx_word' id='word_1_38' title='bbox 665 265 802 296; x_wconf 85' lang='lat' dir='ltr'><strong>cll‘ectnm.</strong></span> <span class='ocrx_word' id='word_1_39' title='bbox 823 269 852 292; x_wconf 92' lang='lat' dir='ltr'><strong>ut</strong></span> 
     </span>
    </p>
   </div>
   <div class='ocr_carea' id='block_1_7' title="bbox 62 309 857 345">
    <p class='ocr_par' dir='ltr' id='par_1_7' title="bbox 62 309 857 345">
     <span class='ocr_line' id='line_1_7' title="bbox 62 309 857 345; baseline 0.003 -9"><span class='ocrx_word' id='word_1_40' title='bbox 62 314 90 336; x_wconf 83' lang='lat' dir='ltr'><strong>et</strong></span> <span class='ocrx_word' id='word_1_41' title='bbox 102 309 220 336; x_wconf 77' lang='lat' dir='ltr'><strong>exitiosa</strong></span> <span class='ocrx_word' id='word_1_42' title='bbox 233 316 422 345; x_wconf 81' lang='lat' dir='ltr'><strong>cognosceret,</strong></span> <span class='ocrx_word' id='word_1_43' title='bbox 436 315 463 337; x_wconf 89' lang='lat' dir='ltr'><strong>et</strong></span> <span class='ocrx_word' id='word_1_44' title='bbox 478 315 568 345; x_wconf 68' lang='lat' dir='ltr'><strong>po~set</strong></span> <span class='ocrx_word' id='word_1_45' title='bbox 582 312 678 338; x_wconf 79' lang='lat' dir='ltr'><strong>vitare.</strong></span> <span class='ocrx_word' id='word_1_46' title='bbox 696 310 757 339; x_wconf 87' lang='lat' dir='ltr'><strong>Ideo</strong></span> <span class='ocrx_word' id='word_1_47' title='bbox 771 315 797 339; x_wconf 89' lang='lat' dir='ltr'><strong>et</strong></span> <span class='ocrx_word' id='word_1_48' title='bbox 812 319 857 338; x_wconf 44' lang='lat' dir='ltr'><strong>ro-</strong></span> 
     </span>
    </p>
   </div>
   <div class='ocr_carea' id='block_1_8' title="bbox 63 356 858 393">
    <p class='ocr_par' dir='ltr' id='par_1_8' title="bbox 63 356 858 393">
     <span class='ocr_line' id='line_1_8' title="bbox 63 356 858 393; baseline 0.003 -10"><span class='ocrx_word' id='word_1_49' title='bbox 63 363 123 383; x_wconf 86' lang='lat' dir='ltr'><strong>sam</strong></span> <span class='ocrx_word' id='word_1_50' title='bbox 143 363 204 382; x_wconf 90' lang='lat' dir='ltr'><strong>cum</strong></span> <span class='ocrx_word' id='word_1_51' title='bbox 227 356 314 391; x_wconf 79' lang='lat' dir='ltr'><strong>spinis</strong></span> <span class='ocrx_word' id='word_1_52' title='bbox 338 361 428 384; x_wconf 85' lang='lat' dir='ltr'><strong>natam</strong></span> <span class='ocrx_word' id='word_1_53' title='bbox 450 357 656 389; x_wconf 84' lang='lat' dir='ltr'><strong>allirmabimus,</strong></span> <span class='ocrx_word' id='word_1_54' title='bbox 675 362 702 385; x_wconf 89' lang='lat' dir='ltr'><strong>et</strong></span> <span class='ocrx_word' id='word_1_55' title='bbox 722 359 749 384; x_wconf 94' lang='lat' dir='ltr'><strong>in</strong></span> <span class='ocrx_word' id='word_1_56' title='bbox 772 359 858 393; x_wconf 82' lang='lat' dir='ltr'><strong>spinis</strong></span> 
     </span>
    </p>
   </div>
   <div class='ocr_carea' id='block_1_9' title="bbox 64 402 859 440">
    <p class='ocr_par' dir='ltr' id='par_1_9' title="bbox 64 402 859 440">
     <span class='ocr_line' id='line_1_9' title="bbox 64 402 859 440; baseline 0.003 -11"><span class='ocrx_word' id='word_1_57' title='bbox 64 402 152 435; x_wconf 85' lang='lat' dir='ltr'><strong>nasci,</strong></span> <span class='ocrx_word' id='word_1_58' title='bbox 167 403 318 430; x_wconf 85' lang='lat' dir='ltr'><strong>naturalem</strong></span> <span class='ocrx_word' id='word_1_59' title='bbox 334 411 403 430; x_wconf 71' lang='lat' dir='ltr'><strong>rosae</strong></span> <span class='ocrx_word' id='word_1_60' title='bbox 417 404 638 432; x_wconf 89' lang='lat' dir='ltr'><strong>constitutionem</strong></span> <span class='ocrx_word' id='word_1_61' title='bbox 653 408 680 431; x_wconf 89' lang='lat' dir='ltr'><strong>et</strong></span> <span class='ocrx_word' id='word_1_62' title='bbox 706 404 859 440; x_wconf 82' lang='lat' dir='ltr'><strong>generatio-</strong></span> 
     </span>
    </p>
   </div>
   <div class='ocr_carea' id='block_1_10' title="bbox 65 449 859 483">
    <p class='ocr_par' dir='ltr' id='par_1_10' title="bbox 65 449 859 483">
     <span class='ocr_line' id='line_1_10' title="bbox 65 449 859 483; baseline 0.005 -9"><span class='ocrx_word' id='word_1_63' title='bbox 65 456 129 475; x_wconf 86' lang='lat' dir='ltr'><strong>nem</strong></span> <span class='ocrx_word' id='word_1_64' title='bbox 150 449 302 483; x_wconf 84' lang='lat' dir='ltr'><strong>consequi?</strong></span> <span class='ocrx_word' id='word_1_65' title='bbox 320 449 378 475; x_wconf 88' lang='lat' dir='ltr'><strong>Alia</strong></span> <span class='ocrx_word' id='word_1_66' title='bbox 396 449 476 476; x_wconf 86' lang='lat' dir='ltr'><strong>nobis</strong></span> <span class='ocrx_word' id='word_1_67' title='bbox 492 449 603 477; x_wconf 83' lang='lat' dir='ltr'><strong>aliunde</strong></span> <span class='ocrx_word' id='word_1_68' title='bbox 622 454 649 477; x_wconf 83' lang='lat' dir='ltr'><strong>et</strong></span> <span class='ocrx_word' id='word_1_69' title='bbox 672 458 741 477; x_wconf 60' lang='lat' dir='ltr'><strong>rosae</strong></span> <span class='ocrx_word' id='word_1_70' title='bbox 762 455 859 478; x_wconf 84' lang='lat' dir='ltr'><strong>natura</strong></span> 
     </span>
    </p>
   </div>
   <div class='ocr_carea' id='block_1_11' title="bbox 64 495 860 530">
    <p class='ocr_par' dir='ltr' id='par_1_11' title="bbox 64 495 860 530">
     <span class='ocr_line' id='line_1_11' title="bbox 64 495 860 530; baseline 0.004 -10"><span class='ocrx_word' id='word_1_71' title='bbox 64 498 90 521; x_wconf 87' lang='lat' dir='ltr'><strong>et</strong></span> <span class='ocrx_word' id='word_1_72' title='bbox 108 495 244 521; x_wconf 84' lang='lat' dir='ltr'><strong>naturalis</strong></span> <span class='ocrx_word' id='word_1_73' title='bbox 256 495 418 522; x_wconf 82' lang='lat' dir='ltr'><strong>constitutio</strong></span> <span class='ocrx_word' id='word_1_74' title='bbox 432 496 590 530; x_wconf 64' lang='lat' dir='ltr'><strong>quaerenda.</strong></span> <span class='ocrx_word' id='word_1_75' title='bbox 611 495 689 529; x_wconf 84' lang='lat' dir='ltr'><strong>Quod</strong></span> <span class='ocrx_word' id='word_1_76' title='bbox 707 501 803 523; x_wconf 85' lang='lat' dir='ltr'><strong>natura</strong></span> <span class='ocrx_word' id='word_1_77' title='bbox 818 497 860 523; x_wconf 88' lang='lat' dir='ltr'><strong>in-</strong></span> 
     </span>
    </p>
   </div>
   <div class='ocr_carea' id='block_1_12' title="bbox 65 541 860 576">
    <p class='ocr_par' dir='ltr' id='par_1_12' title="bbox 65 541 860 576">
     <span class='ocr_line' id='line_1_12' title="bbox 65 541 860 576; baseline 0.003 -8"><span class='ocrx_word' id='word_1_78' title='bbox 65 541 153 568; x_wconf 85' lang='lat' dir='ltr'><strong>situm</strong></span> <span class='ocrx_word' id='word_1_79' title='bbox 179 544 222 568; x_wconf 86' lang='lat' dir='ltr'><strong>est</strong></span> <span class='ocrx_word' id='word_1_80' title='bbox 241 546 322 576; x_wconf 83' lang='lat' dir='ltr'><strong>atque</strong></span> <span class='ocrx_word' id='word_1_81' title='bbox 338 541 443 574; x_wconf 87' lang='lat' dir='ltr'><strong>datum,</strong></span> <span class='ocrx_word' id='word_1_82' title='bbox 458 546 485 569; x_wconf 90' lang='lat' dir='ltr'><strong>et</strong></span> <span class='ocrx_word' id='word_1_83' title='bbox 507 543 659 570; x_wconf 86' lang='lat' dir='ltr'><strong>naturalem</strong></span> <span class='ocrx_word' id='word_1_84' title='bbox 685 543 860 570; x_wconf 83' lang='lat' dir='ltr'><strong>constitutio-</strong></span> 
     </span>
    </p>
   </div>
   <div class='ocr_carea' id='block_1_13' title="bbox 64 587 859 623">
    <p class='ocr_par' dir='ltr' id='par_1_13' title="bbox 64 587 859 623">
     <span class='ocr_line' id='line_1_13' title="bbox 64 587 859 623; baseline 0.003 -9"><span class='ocrx_word' id='word_1_85' title='bbox 64 594 130 614; x_wconf 80' lang='lat' dir='ltr'><strong>nem</strong></span> <span class='ocrx_word' id='word_1_86' title='bbox 145 588 332 622; x_wconf 88' lang='lat' dir='ltr'><strong>consequitur,</strong></span> <span class='ocrx_word' id='word_1_87' title='bbox 349 587 390 614; x_wconf 84' lang='lat' dir='ltr'><strong>lex</strong></span> <span class='ocrx_word' id='word_1_88' title='bbox 405 592 454 619; x_wconf 80' lang='lat' dir='ltr'><strong>est,</strong></span> <span class='ocrx_word' id='word_1_89' title='bbox 470 596 530 622; x_wconf 70' lang='lat' dir='ltr'><strong>quae</strong></span> <span class='ocrx_word' id='word_1_90' title='bbox 543 588 616 615; x_wconf 90' lang='lat' dir='ltr'><strong>nullo</strong></span> <span class='ocrx_word' id='word_1_91' title='bbox 627 589 767 616; x_wconf 87' lang='lat' dir='ltr'><strong>hominum</strong></span> <span class='ocrx_word' id='word_1_92' title='bbox 784 588 859 623; x_wconf 76' lang='lat' dir='ltr'><strong>inge-</strong></span> 
     </span>
    </p>
   </div>
   <div class='ocr_carea' id='block_1_14' title="bbox 66 632 859 667">
    <p class='ocr_par' dir='ltr' id='par_1_14' title="bbox 66 632 859 667">
     <span class='ocr_line' id='line_1_14' title="bbox 66 632 859 667; baseline 0.004 -9"><span class='ocrx_word' id='word_1_93' title='bbox 66 633 126 660; x_wconf 90' lang='lat' dir='ltr'><strong>nio.</strong></span> <span class='ocrx_word' id='word_1_94' title='bbox 151 632 226 659; x_wconf 73' lang='lat' dir='ltr'><strong>nulla</strong></span> <span class='ocrx_word' id='word_1_95' title='bbox 255 637 407 667; x_wconf 79' lang='lat' dir='ltr'><strong>temporum</strong></span> <span class='ocrx_word' id='word_1_96' title='bbox 433 633 640 666; x_wconf 67' lang='lat' dir='ltr'><strong>vicissitudine,</strong></span> <span class='ocrx_word' id='word_1_97' title='bbox 667 635 742 661; x_wconf 87' lang='lat' dir='ltr'><strong>nulla</strong></span> <span class='ocrx_word' id='word_1_98' title='bbox 767 642 859 662; x_wconf 88' lang='lat' dir='ltr'><strong>rerum</strong></span> 
     </span>
    </p>
   </div>
   <div class='ocr_carea' id='block_1_15' title="bbox 65 681 859 718">
    <p class='ocr_par' dir='ltr' id='par_1_15' title="bbox 65 681 859 718">
     <span class='ocr_line' id='line_1_15' title="bbox 65 681 859 718; baseline 0 -10"><span class='ocrx_word' id='word_1_99' title='bbox 65 682 212 713; x_wconf 73' lang='lat' dir='ltr'><strong>varietate,</strong></span> <span class='ocrx_word' id='word_1_100' title='bbox 231 681 305 708; x_wconf 87' lang='lat' dir='ltr'><strong>nullo</strong></span> <span class='ocrx_word' id='word_1_101' title='bbox 316 682 397 708; x_wconf 85' lang='lat' dir='ltr'><strong>etiam</strong></span> <span class='ocrx_word' id='word_1_102' title='bbox 415 682 501 716; x_wconf 85' lang='lat' dir='ltr'><strong>ipsius</strong></span> <span class='ocrx_word' id='word_1_103' title='bbox 515 687 628 715; x_wconf 61' lang='lat' dir='ltr'><strong>naturai,</strong></span> <span class='ocrx_word' id='word_1_104' title='bbox 645 683 667 710; x_wconf 91' lang='lat' dir='ltr'><strong>si</strong></span> <span class='ocrx_word' id='word_1_105' title='bbox 685 683 740 710; x_wconf 83' lang='lat' dir='ltr'><strong>ﬁeri</strong></span> <span class='ocrx_word' id='word_1_106' title='bbox 758 686 859 718; x_wconf 82' lang='lat' dir='ltr'><strong>posset,</strong></span> 
     </span>
    </p>
   </div>
   <div class='ocr_carea' id='block_1_16' title="bbox 65 727 859 763">
    <p class='ocr_par' dir='ltr' id='par_1_16' title="bbox 65 727 859 763">
     <span class='ocr_line' id='line_1_16' title="bbox 65 727 859 763; baseline -0.001 -8"><span class='ocrx_word' id='word_1_107' title='bbox 65 728 185 762; x_wconf 80' lang='lat' dir='ltr'><strong>impetu,</strong></span> <span class='ocrx_word' id='word_1_108' title='bbox 201 728 334 760; x_wconf 74' lang='lat' dir='ltr'><strong>\‘iolatur;</strong></span> <span class='ocrx_word' id='word_1_109' title='bbox 354 727 401 755; x_wconf 84' lang='lat' dir='ltr'><strong>sed</strong></span> <span class='ocrx_word' id='word_1_110' title='bbox 413 736 519 763; x_wconf 81' lang='lat' dir='ltr'><strong>semper</strong></span> <span class='ocrx_word' id='word_1_111' title='bbox 532 729 656 755; x_wconf 78' lang='lat' dir='ltr'><strong>eamdem</strong></span> <span class='ocrx_word' id='word_1_112' title='bbox 677 737 733 755; x_wconf 89' lang='lat' dir='ltr'><strong>rem</strong></span> <span class='ocrx_word' id='word_1_113' title='bbox 752 729 784 755; x_wconf 88' lang='lat' dir='ltr'><strong>ad</strong></span> <span class='ocrx_word' id='word_1_114' title='bbox 800 729 859 756; x_wconf 77' lang='lat' dir='ltr'><strong>cxi-</strong></span> 
     </span>
    </p>
   </div>
   <div class='ocr_carea' id='block_1_17' title="bbox 67 773 859 808">
    <p class='ocr_par' dir='ltr' id='par_1_17' title="bbox 67 773 859 808">
     <span class='ocr_line' id='line_1_17' title="bbox 67 773 859 808; baseline 0.001 -8"><span class='ocrx_word' id='word_1_115' title='bbox 67 777 128 800; x_wconf 84' lang='lat' dir='ltr'><strong>tum</strong></span> <span class='ocrx_word' id='word_1_116' title='bbox 144 781 230 808; x_wconf 88' lang='lat' dir='ltr'><strong>usque</strong></span> <span class='ocrx_word' id='word_1_117' title='bbox 245 774 432 808; x_wconf 86' lang='lat' dir='ltr'><strong>consequitur.</strong></span> <span class='ocrx_word' id='word_1_118' title='bbox 449 773 525 806; x_wconf 78' lang='lat' dir='ltr'><strong>Quod</strong></span> <span class='ocrx_word' id='word_1_119' title='bbox 540 774 561 801; x_wconf 87' lang='lat' dir='ltr'><strong>si</strong></span> <span class='ocrx_word' id='word_1_120' title='bbox 575 775 665 806; x_wconf 85' lang='lat' dir='ltr'><strong>tollas,</strong></span> <span class='ocrx_word' id='word_1_121' title='bbox 684 775 723 801; x_wconf 84' lang='lat' dir='ltr'><strong>vel</strong></span> <span class='ocrx_word' id='word_1_122' title='bbox 742 775 767 802; x_wconf 91' lang='lat' dir='ltr'><strong>in</strong></span> <span class='ocrx_word' id='word_1_123' title='bbox 787 775 859 801; x_wconf 86' lang='lat' dir='ltr'><strong>aliud</strong></span> 
     </span>
    </p>
   </div>
   <div class='ocr_carea' id='block_1_18' title="bbox 67 820 859 855">
    <p class='ocr_par' dir='ltr' id='par_1_18' title="bbox 67 820 859 855">
     <span class='ocr_line' id='line_1_18' title="bbox 67 820 859 855; baseline 0.003 -9"><span class='ocrx_word' id='word_1_124' title='bbox 67 823 258 846; x_wconf 75' lang='lat' dir='ltr'><strong>transmittare</strong></span> <span class='ocrx_word' id='word_1_125' title='bbox 271 820 430 847; x_wconf 77' lang='lat' dir='ltr'><strong>tentaveris.</strong></span> <span class='ocrx_word' id='word_1_126' title='bbox 446 827 503 846; x_wconf 87' lang='lat' dir='ltr'><strong>rem</strong></span> <span class='ocrx_word' id='word_1_127' title='bbox 521 824 547 847; x_wconf 89' lang='lat' dir='ltr'><strong>et</strong></span> <span class='ocrx_word' id='word_1_128' title='bbox 570 821 655 855; x_wconf 89' lang='lat' dir='ltr'><strong>ipsam</strong></span> <span class='ocrx_word' id='word_1_129' title='bbox 672 821 779 855; x_wconf 82' lang='lat' dir='ltr'><strong>perdes,</strong></span> <span class='ocrx_word' id='word_1_130' title='bbox 797 821 859 848; x_wconf 86' lang='lat' dir='ltr'><strong>etin</strong></span> 
     </span>
    </p>
   </div>
   <div class='ocr_carea' id='block_1_19' title="bbox 67 865 858 894">
    <p class='ocr_par' dir='ltr' id='par_1_19' title="bbox 67 865 858 894">
     <span class='ocr_line' id='line_1_19' title="bbox 67 865 858 894; baseline 0.004 -3"><span class='ocrx_word' id='word_1_131' title='bbox 67 866 151 892; x_wconf 85' lang='lat' dir='ltr'><strong>aliam</strong></span> <span class='ocrx_word' id='word_1_132' title='bbox 177 866 344 894; x_wconf 89' lang='lat' dir='ltr'><strong>inuuutabis.</strong></span> <span class='ocrx_word' id='word_1_133' title='bbox 362 865 394 892; x_wconf 84' lang='lat' dir='ltr'><strong>Et</strong></span> <span class='ocrx_word' id='word_1_134' title='bbox 412 867 515 894; x_wconf 86' lang='lat' dir='ltr'><strong>scimus</strong></span> <span class='ocrx_word' id='word_1_135' title='bbox 535 867 615 893; x_wconf 87' lang='lat' dir='ltr'><strong>etiam</strong></span> <span class='ocrx_word' id='word_1_136' title='bbox 637 867 754 894; x_wconf 85' lang='lat' dir='ltr'><strong>dubitari</strong></span> <span class='ocrx_word' id='word_1_137' title='bbox 781 876 815 894; x_wconf 89' lang='lat' dir='ltr'><strong>an</strong></span> <span class='ocrx_word' id='word_1_138' title='bbox 833 868 858 894; x_wconf 93' lang='lat' dir='ltr'><strong>id</strong></span> 
     </span>
    </p>
   </div>
   <div class='ocr_carea' id='block_1_20' title="bbox 68 911 859 947">
    <p class='ocr_par' dir='ltr' id='par_1_20' title="bbox 68 911 859 947">
     <span class='ocr_line' id='line_1_20' title="bbox 68 911 859 947; baseline 0.003 -10"><span class='ocrx_word' id='word_1_139' title='bbox 68 911 172 938; x_wconf 84' lang='lat' dir='ltr'><strong>virtute</strong></span> <span class='ocrx_word' id='word_1_140' title='bbox 188 915 215 938; x_wconf 74' lang='lat' dir='ltr'><strong>et</strong></span> <span class='ocrx_word' id='word_1_141' title='bbox 233 911 361 939; x_wconf 74' lang='lat' dir='ltr'><strong>facultate</strong></span> <span class='ocrx_word' id='word_1_142' title='bbox 385 912 476 939; x_wconf 87' lang='lat' dir='ltr'><strong>divina</strong></span> <span class='ocrx_word' id='word_1_143' title='bbox 505 912 562 939; x_wconf 82' lang='lat' dir='ltr'><strong>ﬁeri</strong></span> <span class='ocrx_word' id='word_1_144' title='bbox 586 917 688 947; x_wconf 81' lang='lat' dir='ltr'><strong>posset,</strong></span> <span class='ocrx_word' id='word_1_145' title='bbox 704 918 729 940; x_wconf 89' lang='lat' dir='ltr'><strong>et</strong></span> <span class='ocrx_word' id='word_1_146' title='bbox 748 914 859 940; x_wconf 89' lang='lat' dir='ltr'><strong>conclu-</strong></span> 
     </span>
    </p>
   </div>
   <div class='ocr_carea' id='block_1_21' title="bbox 67 957 859 992">
    <p class='ocr_par' dir='ltr' id='par_1_21' title="bbox 67 957 859 992">
     <span class='ocr_line' id='line_1_21' title="bbox 67 957 859 992; baseline 0.003 -8"><span class='ocrx_word' id='word_1_147' title='bbox 67 958 138 984; x_wconf 89' lang='lat' dir='ltr'><strong>dunt</strong></span> <span class='ocrx_word' id='word_1_148' title='bbox 164 965 198 985; x_wconf 71' lang='lat' dir='ltr'><strong>ex</strong></span> <span class='ocrx_word' id='word_1_149' title='bbox 222 961 318 984; x_wconf 85' lang='lat' dir='ltr'><strong>natura</strong></span> <span class='ocrx_word' id='word_1_150' title='bbox 344 958 382 984; x_wconf 87' lang='lat' dir='ltr'><strong>rei</strong></span> <span class='ocrx_word' id='word_1_151' title='bbox 407 957 434 984; x_wconf 89' lang='lat' dir='ltr'><strong>id</strong></span> <span class='ocrx_word' id='word_1_152' title='bbox 454 958 603 992; x_wconf 81' lang='lat' dir='ltr'><strong>implicare.</strong></span> <span class='ocrx_word' id='word_1_153' title='bbox 631 958 664 984; x_wconf 79' lang='lat' dir='ltr'><strong>At</strong></span> <span class='ocrx_word' id='word_1_154' title='bbox 686 966 736 985; x_wconf 86' lang='lat' dir='ltr'><strong>nos</strong></span> <span class='ocrx_word' id='word_1_155' title='bbox 758 959 859 986; x_wconf 85' lang='lat' dir='ltr'><strong>nostris</strong></span> 
     </span>
    </p>
   </div>
   <div class='ocr_carea' id='block_1_22' title="bbox 68 1003 860 1038">
    <p class='ocr_par' dir='ltr' id='par_1_22' title="bbox 68 1003 860 1038">
     <span class='ocr_line' id='line_1_22' title="bbox 68 1003 860 1038; baseline 0.001 -8"><span class='ocrx_word' id='word_1_156' title='bbox 68 1004 146 1030; x_wconf 85' lang='lat' dir='ltr'><strong>hisce</strong></span> <span class='ocrx_word' id='word_1_157' title='bbox 172 1004 344 1038; x_wconf 82' lang='lat' dir='ltr'><strong>temporibus</strong></span> <span class='ocrx_word' id='word_1_158' title='bbox 358 1003 538 1038; x_wconf 75' lang='lat' dir='ltr'><strong>agricolarum</strong></span> <span class='ocrx_word' id='word_1_159' title='bbox 565 1004 698 1031; x_wconf 88' lang='lat' dir='ltr'><strong>industria</strong></span> <span class='ocrx_word' id='word_1_160' title='bbox 722 1005 757 1031; x_wconf 88' lang='lat' dir='ltr'><strong>ita</strong></span> <span class='ocrx_word' id='word_1_161' title='bbox 783 1013 860 1032; x_wconf 86' lang='lat' dir='ltr'><strong>rosas</strong></span> 
     </span>
    </p>
   </div>
   <div class='ocr_carea' id='block_1_23' title="bbox 67 1049 859 1085">
    <p class='ocr_par' dir='ltr' id='par_1_23' title="bbox 67 1049 859 1085">
     <span class='ocr_line' id='line_1_23' title="bbox 67 1049 859 1085; baseline 0 -9"><span class='ocrx_word' id='word_1_162' title='bbox 67 1050 176 1076; x_wconf 72' lang='lat' dir='ltr'><strong>institui</strong></span> <span class='ocrx_word' id='word_1_163' title='bbox 191 1049 339 1081; x_wconf 89' lang='lat' dir='ltr'><strong>cernimus,</strong></span> <span class='ocrx_word' id='word_1_164' title='bbox 353 1054 382 1076; x_wconf 94' lang='lat' dir='ltr'><strong>ut</strong></span> <span class='ocrx_word' id='word_1_165' title='bbox 393 1050 495 1084; x_wconf 75' lang='lat' dir='ltr'><strong>absque</strong></span> <span class='ocrx_word' id='word_1_166' title='bbox 509 1050 597 1084; x_wconf 84' lang='lat' dir='ltr'><strong>spinis</strong></span> <span class='ocrx_word' id='word_1_167' title='bbox 606 1054 759 1084; x_wconf 82' lang='lat' dir='ltr'><strong>erumpant,</strong></span> <span class='ocrx_word' id='word_1_168' title='bbox 772 1058 859 1085; x_wconf 87' lang='lat' dir='ltr'><strong>neque</strong></span> 
     </span>
    </p>
   </div>
   <div class='ocr_carea' id='block_1_24' title="bbox 68 1093 859 1129">
    <p class='ocr_par' dir='ltr' id='par_1_24' title="bbox 68 1093 859 1129">
     <span class='ocr_line' id='line_1_24' title="bbox 68 1093 859 1129; baseline 0 -8"><span class='ocrx_word' id='word_1_169' title='bbox 68 1095 164 1122; x_wconf 85' lang='lat' dir='ltr'><strong>minus</strong></span> <span class='ocrx_word' id='word_1_170' title='bbox 180 1095 361 1126; x_wconf 65' lang='lat' dir='ltr'><strong>venustiores,</strong></span> <span class='ocrx_word' id='word_1_171' title='bbox 378 1102 465 1129; x_wconf 83' lang='lat' dir='ltr'><strong>neque</strong></span> <span class='ocrx_word' id='word_1_172' title='bbox 484 1095 574 1121; x_wconf 88' lang='lat' dir='ltr'><strong>minus</strong></span> <span class='ocrx_word' id='word_1_173' title='bbox 590 1095 766 1121; x_wconf 68' lang='lat' dir='ltr'><strong>oloratiores.</strong></span> <span class='ocrx_word' id='word_1_174' title='bbox 786 1093 859 1126; x_wconf 77' lang='lat' dir='ltr'><strong>Quo-</strong></span> 
     </span>
    </p>
   </div>
   <div class='ocr_carea' id='block_1_25' title="bbox 69 1139 857 1175">
    <p class='ocr_par' dir='ltr' id='par_1_25' title="bbox 69 1139 857 1175">
     <span class='ocr_line' id='line_1_25' title="bbox 69 1139 857 1175; baseline 0 -9"><span class='ocrx_word' id='word_1_175' title='bbox 69 1141 152 1167; x_wconf 81' lang='lat' dir='ltr'><strong>modo</strong></span> <span class='ocrx_word' id='word_1_176' title='bbox 169 1147 235 1175; x_wconf 78' lang='lat' dir='ltr'><strong>ergo</strong></span> <span class='ocrx_word' id='word_1_177' title='bbox 252 1148 266 1166; x_wconf 90' lang='lat' dir='ltr'><strong>a</strong></span> <span class='ocrx_word' id='word_1_178' title='bbox 286 1145 383 1166; x_wconf 86' lang='lat' dir='ltr'><strong>natura</strong></span> <span class='ocrx_word' id='word_1_179' title='bbox 403 1141 439 1166; x_wconf 89' lang='lat' dir='ltr'><strong>ita</strong></span> <span class='ocrx_word' id='word_1_180' title='bbox 456 1145 640 1175; x_wconf 82' lang='lat' dir='ltr'><strong>comparatum</strong></span> <span class='ocrx_word' id='word_1_181' title='bbox 663 1147 723 1167; x_wconf 88' lang='lat' dir='ltr'><strong>esse</strong></span> <span class='ocrx_word' id='word_1_182' title='bbox 738 1139 857 1166; x_wconf 88' lang='lat' dir='ltr'><strong>aftirma-</strong></span> 
     </span>
    </p>
   </div>
   <div class='ocr_carea' id='block_1_26' title="bbox 69 1186 859 1220">
    <p class='ocr_par' dir='ltr' id='par_1_26' title="bbox 69 1186 859 1220">
     <span class='ocr_line' id='line_1_26' title="bbox 69 1186 859 1220; baseline -0.001 -6"><span class='ocrx_word' id='word_1_183' title='bbox 69 1186 180 1214; x_wconf 82' lang='lat' dir='ltr'><strong>bimus?</strong></span> <span class='ocrx_word' id='word_1_184' title='bbox 196 1186 268 1213; x_wconf 77' lang='lat' dir='ltr'><strong>Idem</strong></span> <span class='ocrx_word' id='word_1_185' title='bbox 284 1190 325 1213; x_wconf 86' lang='lat' dir='ltr'><strong>est</strong></span> <span class='ocrx_word' id='word_1_186' title='bbox 342 1186 411 1213; x_wconf 81' lang='lat' dir='ltr'><strong>inter</strong></span> <span class='ocrx_word' id='word_1_187' title='bbox 425 1187 517 1220; x_wconf 84' lang='lat' dir='ltr'><strong>spinas</strong></span> <span class='ocrx_word' id='word_1_188' title='bbox 532 1186 608 1213; x_wconf 79' lang='lat' dir='ltr'><strong>nasci</strong></span> <span class='ocrx_word' id='word_1_189' title='bbox 626 1187 775 1213; x_wconf 80' lang='lat' dir='ltr'><strong>naturalem</strong></span> <span class='ocrx_word' id='word_1_190' title='bbox 792 1193 859 1213; x_wconf 80' lang='lat' dir='ltr'><strong>rosa:</strong></span> 
     </span>
    </p>
   </div>
   <div class='ocr_carea' id='block_1_27' title="bbox 69 1231 861 1267">
    <p class='ocr_par' dir='ltr' id='par_1_27' title="bbox 69 1231 861 1267">
     <span class='ocr_line' id='line_1_27' title="bbox 69 1231 861 1267; baseline -0.003 -8"><span class='ocrx_word' id='word_1_191' title='bbox 69 1232 298 1259; x_wconf 86' lang='lat' dir='ltr'><strong>constitutionem</strong></span> <span class='ocrx_word' id='word_1_192' title='bbox 309 1233 438 1267; x_wconf 83' lang='lat' dir='ltr'><strong>consequi</strong></span> <span class='ocrx_word' id='word_1_193' title='bbox 451 1232 594 1263; x_wconf 77' lang='lat' dir='ltr'><strong>afﬁrmare,</strong></span> <span class='ocrx_word' id='word_1_194' title='bbox 610 1239 641 1258; x_wconf 85' lang='lat' dir='ltr'><strong>ac</strong></span> <span class='ocrx_word' id='word_1_195' title='bbox 650 1231 720 1258; x_wconf 86' lang='lat' dir='ltr'><strong>inter</strong></span> <span class='ocrx_word' id='word_1_196' title='bbox 730 1232 861 1259; x_wconf 80' lang='lat' dir='ltr'><strong>domesti-</strong></span> 
     </span>
    </p>
   </div>
   <div class='ocr_carea' id='block_1_28' title="bbox 70 1276 860 1312">
    <p class='ocr_par' dir='ltr' id='par_1_28' title="bbox 70 1276 860 1312">
     <span class='ocr_line' id='line_1_28' title="bbox 70 1276 860 1312; baseline 0 -8"><span class='ocrx_word' id='word_1_197' title='bbox 70 1285 119 1304; x_wconf 84' lang='lat' dir='ltr'><strong>cos</strong></span> <span class='ocrx_word' id='word_1_198' title='bbox 139 1277 258 1312; x_wconf 80' lang='lat' dir='ltr'><strong>parietes</strong></span> <span class='ocrx_word' id='word_1_199' title='bbox 282 1277 419 1304; x_wconf 86' lang='lat' dir='ltr'><strong>hominem</strong></span> <span class='ocrx_word' id='word_1_200' title='bbox 450 1277 538 1308; x_wconf 88' lang='lat' dir='ltr'><strong>nasci,</strong></span> <span class='ocrx_word' id='word_1_201' title='bbox 566 1276 716 1303; x_wconf 79' lang='lat' dir='ltr'><strong>naturalem</strong></span> <span class='ocrx_word' id='word_1_202' title='bbox 741 1277 860 1304; x_wconf 83' lang='lat' dir='ltr'><strong>hominis</strong></span> 
     </span>
    </p>
   </div>
   <div class='ocr_carea' id='block_1_29' title="bbox 70 1324 860 1359">
    <p class='ocr_par' dir='ltr' id='par_1_29' title="bbox 70 1324 860 1359">
     <span class='ocr_line' id='line_1_29' title="bbox 70 1324 860 1359; baseline 0 -9"><span class='ocrx_word' id='word_1_203' title='bbox 70 1325 310 1352; x_wconf 87' lang='lat' dir='ltr'><strong>constitutionem.</strong></span> <span class='ocrx_word' id='word_1_204' title='bbox 336 1324 367 1350; x_wconf 86' lang='lat' dir='ltr'><strong>Et</strong></span> <span class='ocrx_word' id='word_1_205' title='bbox 390 1325 489 1351; x_wconf 88' lang='lat' dir='ltr'><strong>mirum</strong></span> <span class='ocrx_word' id='word_1_206' title='bbox 515 1328 569 1354; x_wconf 84' lang='lat' dir='ltr'><strong>est,</strong></span> <span class='ocrx_word' id='word_1_207' title='bbox 589 1324 662 1359; x_wconf 90' lang='lat' dir='ltr'><strong>quod</strong></span> <span class='ocrx_word' id='word_1_208' title='bbox 678 1331 739 1351; x_wconf 88' lang='lat' dir='ltr'><strong>cum</strong></span> <span class='ocrx_word' id='word_1_209' title='bbox 758 1324 784 1350; x_wconf 93' lang='lat' dir='ltr'><strong>in</strong></span> <span class='ocrx_word' id='word_1_210' title='bbox 809 1324 860 1351; x_wconf 93' lang='lat' dir='ltr'><strong>hoc</strong></span> 
     </span>
    </p>
   </div>
   <div class='ocr_carea' id='block_1_30' title="bbox 70 1369 860 1405">
    <p class='ocr_par' dir='ltr' id='par_1_30' title="bbox 70 1369 860 1405">
     <span class='ocr_line' id='line_1_30' title="bbox 70 1369 860 1405; baseline 0 -8"><span class='ocrx_word' id='word_1_211' title='bbox 70 1369 139 1397; x_wconf 76' lang='lat' dir='ltr'><strong>flore</strong></span> <span class='ocrx_word' id='word_1_212' title='bbox 150 1370 275 1396; x_wconf 90' lang='lat' dir='ltr'><strong>omnium</strong></span> <span class='ocrx_word' id='word_1_213' title='bbox 293 1369 477 1404; x_wconf 87' lang='lat' dir='ltr'><strong>pulcherrimo</strong></span> <span class='ocrx_word' id='word_1_214' title='bbox 501 1370 577 1405; x_wconf 84' lang='lat' dir='ltr'><strong>plura</strong></span> <span class='ocrx_word' id='word_1_215' title='bbox 599 1374 713 1404; x_wconf 83' lang='lat' dir='ltr'><strong>possunt</strong></span> <span class='ocrx_word' id='word_1_216' title='bbox 735 1370 860 1397; x_wconf 87' lang='lat' dir='ltr'><strong>conside-</strong></span> 
     </span>
    </p>
   </div>
   <div class='ocr_carea' id='block_1_31' title="bbox 69 1415 861 1450">
    <p class='ocr_par' dir='ltr' id='par_1_31' title="bbox 69 1415 861 1450">
     <span class='ocr_line' id='line_1_31' title="bbox 69 1415 861 1450; baseline 0.001 -8"><span class='ocrx_word' id='word_1_217' title='bbox 69 1416 127 1443; x_wconf 85' lang='lat' dir='ltr'><strong>rari</strong></span> <span class='ocrx_word' id='word_1_218' title='bbox 146 1423 208 1450; x_wconf 83' lang='lat' dir='ltr'><strong>qua:</strong></span> <span class='ocrx_word' id='word_1_219' title='bbox 225 1416 284 1450; x_wconf 85' lang='lat' dir='ltr'><strong>ejus</strong></span> <span class='ocrx_word' id='word_1_220' title='bbox 299 1420 423 1442; x_wconf 86' lang='lat' dir='ltr'><strong>naturam</strong></span> <span class='ocrx_word' id='word_1_221' title='bbox 440 1416 570 1450; x_wconf 84' lang='lat' dir='ltr'><strong>consequi</strong></span> <span class='ocrx_word' id='word_1_222' title='bbox 589 1424 642 1443; x_wconf 89' lang='lat' dir='ltr'><strong>non</strong></span> <span class='ocrx_word' id='word_1_223' title='bbox 659 1417 777 1443; x_wconf 89' lang='lat' dir='ltr'><strong>absurde</strong></span> <span class='ocrx_word' id='word_1_224' title='bbox 789 1415 861 1443; x_wconf 81' lang='lat' dir='ltr'><strong>dice-</strong></span> 
     </span>
    </p>
   </div>
   <div class='ocr_carea' id='block_1_32' title="bbox 72 1461 860 1497">
    <p class='ocr_par' dir='ltr' id='par_1_32' title="bbox 72 1461 860 1497">
     <span class='ocr_line' id='line_1_32' title="bbox 72 1461 860 1497; baseline -0.001 -9"><span class='ocrx_word' id='word_1_225' title='bbox 72 1469 179 1492; x_wconf 82' lang='lat' dir='ltr'><strong>remus.</strong></span> <span class='ocrx_word' id='word_1_226' title='bbox 196 1461 329 1497; x_wconf 76' lang='lat' dir='ltr'><strong>neglectis</strong></span> <span class='ocrx_word' id='word_1_227' title='bbox 342 1461 406 1493; x_wconf 89' lang='lat' dir='ltr'><strong>illis,</strong></span> <span class='ocrx_word' id='word_1_228' title='bbox 418 1461 450 1488; x_wconf 85' lang='lat' dir='ltr'><strong>ad</strong></span> <span class='ocrx_word' id='word_1_229' title='bbox 466 1462 570 1496; x_wconf 90' lang='lat' dir='ltr'><strong>spinas,</strong></span> <span class='ocrx_word' id='word_1_230' title='bbox 580 1469 640 1497; x_wconf 69' lang='lat' dir='ltr'><strong>qua:</strong></span> <span class='ocrx_word' id='word_1_231' title='bbox 655 1462 771 1496; x_wconf 82' lang='lat' dir='ltr'><strong>pessima</strong></span> <span class='ocrx_word' id='word_1_232' title='bbox 786 1465 860 1495; x_wconf 86' lang='lat' dir='ltr'><strong>sunt,</strong></span> 
     </span>
    </p>
   </div>
   <div class='ocr_carea' id='block_1_33' title="bbox 71 1506 862 1543">
    <p class='ocr_par' dir='ltr' id='par_1_33' title="bbox 71 1506 862 1543">
     <span class='ocr_line' id='line_1_33' title="bbox 71 1506 862 1543; baseline 0 -9"><span class='ocrx_word' id='word_1_233' title='bbox 71 1508 196 1534; x_wconf 88' lang='lat' dir='ltr'><strong>animum</strong></span> <span class='ocrx_word' id='word_1_234' title='bbox 217 1508 404 1534; x_wconf 86' lang='lat' dir='ltr'><strong>attendamus.</strong></span> <span class='ocrx_word' id='word_1_235' title='bbox 420 1506 459 1535; x_wconf 77' lang='lat' dir='ltr'><strong>Ex</strong></span> <span class='ocrx_word' id='word_1_236' title='bbox 478 1508 718 1542; x_wconf 80' lang='lat' dir='ltr'><strong>Peripateticorum</strong></span> <span class='ocrx_word' id='word_1_237' title='bbox 743 1512 768 1535; x_wconf 89' lang='lat' dir='ltr'><strong>ct</strong></span> <span class='ocrx_word' id='word_1_238' title='bbox 789 1508 862 1543; x_wconf 78' lang='lat' dir='ltr'><strong>inge-</strong></span> 
     </span>
    </p>
   </div>
   <div class='ocr_carea' id='block_1_34' title="bbox 71 1554 862 1589">
    <p class='ocr_par' dir='ltr' id='par_1_34' title="bbox 71 1554 862 1589">
     <span class='ocr_line' id='line_1_34' title="bbox 71 1554 862 1589; baseline -0.001 -8"><span class='ocrx_word' id='word_1_239' title='bbox 71 1561 194 1581; x_wconf 82' lang='lat' dir='ltr'><strong>nuorum</strong></span> <span class='ocrx_word' id='word_1_240' title='bbox 217 1554 442 1589; x_wconf 87' lang='lat' dir='ltr'><strong>philosophorum</strong></span> <span class='ocrx_word' id='word_1_241' title='bbox 464 1554 557 1581; x_wconf 81' lang='lat' dir='ltr'><strong>schola</strong></span> <span class='ocrx_word' id='word_1_242' title='bbox 578 1558 671 1580; x_wconf 90' lang='lat' dir='ltr'><strong>notum</strong></span> <span class='ocrx_word' id='word_1_243' title='bbox 695 1554 732 1585; x_wconf 86' lang='lat' dir='ltr'><strong>id,</strong></span> <span class='ocrx_word' id='word_1_244' title='bbox 750 1561 781 1580; x_wconf 87' lang='lat' dir='ltr'><strong>ac</strong></span> <span class='ocrx_word' id='word_1_245' title='bbox 795 1554 862 1581; x_wconf 86' lang='lat' dir='ltr'><strong>satis</strong></span> 
     </span>
    </p>
   </div>
   <div class='ocr_carea' id='block_1_35' title="bbox 71 1600 863 1635">
    <p class='ocr_par' dir='ltr' id='par_1_35' title="bbox 71 1600 863 1635">
     <span class='ocr_line' id='line_1_35' title="bbox 71 1600 863 1635; baseline -0.001 -7"><span class='ocrx_word' id='word_1_246' title='bbox 71 1605 182 1628; x_wconf 89' lang='lat' dir='ltr'><strong>certum</strong></span> <span class='ocrx_word' id='word_1_247' title='bbox 203 1600 347 1632; x_wconf 80' lang='lat' dir='ltr'><strong>habemus,</strong></span> <span class='ocrx_word' id='word_1_248' title='bbox 369 1600 405 1627; x_wconf 89' lang='lat' dir='ltr'><strong>ita</strong></span> <span class='ocrx_word' id='word_1_249' title='bbox 421 1601 531 1635; x_wconf 88' lang='lat' dir='ltr'><strong>propria</strong></span> <span class='ocrx_word' id='word_1_250' title='bbox 545 1608 606 1628; x_wconf 90' lang='lat' dir='ltr'><strong>esse</strong></span> <span class='ocrx_word' id='word_1_251' title='bbox 626 1600 664 1627; x_wconf 88' lang='lat' dir='ltr'><strong>rei</strong></span> <span class='ocrx_word' id='word_1_252' title='bbox 681 1601 738 1632; x_wconf 86' lang='lat' dir='ltr'><strong>illa,</strong></span> <span class='ocrx_word' id='word_1_253' title='bbox 753 1607 812 1635; x_wconf 61' lang='lat' dir='ltr'><strong>qua</strong></span> <span class='ocrx_word' id='word_1_254' title='bbox 829 1600 863 1627; x_wconf 89' lang='lat' dir='ltr'><strong>ad</strong></span> 
     </span>
    </p>
   </div>
   <div class='ocr_carea' id='block_1_36' title="bbox 71 1647 863 1681">
    <p class='ocr_par' dir='ltr' id='par_1_36' title="bbox 71 1647 863 1681">
     <span class='ocr_line' id='line_1_36' title="bbox 71 1647 863 1681; baseline -0.001 -6"><span class='ocrx_word' id='word_1_255' title='bbox 71 1648 228 1676; x_wconf 84' lang='lat' dir='ltr'><strong>naturalem</strong></span> <span class='ocrx_word' id='word_1_256' title='bbox 242 1647 463 1674; x_wconf 84' lang='lat' dir='ltr'><strong>constitutionem</strong></span> <span class='ocrx_word' id='word_1_257' title='bbox 474 1651 687 1681; x_wconf 88' lang='lat' dir='ltr'><strong>consequuntur,</strong></span> <span class='ocrx_word' id='word_1_258' title='bbox 709 1651 738 1673; x_wconf 75' lang='lat' dir='ltr'><strong>ut</strong></span> <span class='ocrx_word' id='word_1_259' title='bbox 752 1647 786 1674; x_wconf 92' lang='lat' dir='ltr'><strong>de</strong></span> <span class='ocrx_word' id='word_1_260' title='bbox 803 1647 863 1674; x_wconf 86' lang='lat' dir='ltr'><strong>aliis</strong></span> 
     </span>
    </p>
   </div>
   <div class='ocr_carea' id='block_1_37' title="bbox 71 1693 863 1728">
    <p class='ocr_par' dir='ltr' id='par_1_37' title="bbox 71 1693 863 1728">
     <span class='ocr_line' id='line_1_37' title="bbox 71 1693 863 1728; baseline 0 -8"><span class='ocrx_word' id='word_1_261' title='bbox 71 1694 143 1725; x_wconf 83' lang='lat' dir='ltr'><strong>dici,</strong></span> <span class='ocrx_word' id='word_1_262' title='bbox 164 1697 192 1721; x_wconf 90' lang='lat' dir='ltr'><strong>et</strong></span> <span class='ocrx_word' id='word_1_263' title='bbox 214 1694 273 1720; x_wconf 87' lang='lat' dir='ltr'><strong>aliis</strong></span> <span class='ocrx_word' id='word_1_264' title='bbox 299 1693 494 1720; x_wconf 87' lang='lat' dir='ltr'><strong>communicari</strong></span> <span class='ocrx_word' id='word_1_265' title='bbox 519 1693 630 1720; x_wconf 88' lang='lat' dir='ltr'><strong>minime</strong></span> <span class='ocrx_word' id='word_1_266' title='bbox 659 1693 765 1728; x_wconf 87' lang='lat' dir='ltr'><strong>possint</strong></span> <span class='ocrx_word' id='word_1_267' title='bbox 790 1693 863 1720; x_wconf 85' lang='lat' dir='ltr'><strong>salva</strong></span> 
     </span>
    </p>
   </div>
   <div class='ocr_carea' id='block_1_38' title="bbox 73 1740 864 1774">
    <p class='ocr_par' dir='ltr' id='par_1_38' title="bbox 73 1740 864 1774">
     <span class='ocr_line' id='line_1_38' title="bbox 73 1740 864 1774; baseline -0.001 -7"><span class='ocrx_word' id='word_1_268' title='bbox 73 1745 258 1774; x_wconf 83' lang='lat' dir='ltr'><strong>utrorumque</strong></span> <span class='ocrx_word' id='word_1_269' title='bbox 283 1744 392 1767; x_wconf 90' lang='lat' dir='ltr'><strong>natura.</strong></span> <span class='ocrx_word' id='word_1_270' title='bbox 415 1741 449 1766; x_wconf 86' lang='lat' dir='ltr'><strong>At</strong></span> <span class='ocrx_word' id='word_1_271' title='bbox 472 1741 542 1767; x_wconf 89' lang='lat' dir='ltr'><strong>inter</strong></span> <span class='ocrx_word' id='word_1_272' title='bbox 559 1740 652 1774; x_wconf 86' lang='lat' dir='ltr'><strong>spinas</strong></span> <span class='ocrx_word' id='word_1_273' title='bbox 678 1740 753 1766; x_wconf 89' lang='lat' dir='ltr'><strong>nasci</strong></span> <span class='ocrx_word' id='word_1_274' title='bbox 777 1740 864 1767; x_wconf 86' lang='lat' dir='ltr'><strong>soline</strong></span> 
     </span>
    </p>
   </div>
   <div class='ocr_carea' id='block_1_39' title="bbox 73 1786 865 1821">
    <p class='ocr_par' dir='ltr' id='par_1_39' title="bbox 73 1786 865 1821">
     <span class='ocr_line' id='line_1_39' title="bbox 73 1786 865 1821; baseline -0.001 -7"><span class='ocrx_word' id='word_1_275' title='bbox 73 1794 147 1814; x_wconf 73' lang='lat' dir='ltr'><strong>TOStE</strong></span> <span class='ocrx_word' id='word_1_276' title='bbox 160 1786 304 1813; x_wconf 81' lang='lat' dir='ltr'><strong>convenit?</strong></span> <span class='ocrx_word' id='word_1_277' title='bbox 326 1786 396 1821; x_wconf 84' lang='lat' dir='ltr'><strong>Ergo</strong></span> <span class='ocrx_word' id='word_1_278' title='bbox 411 1786 483 1812; x_wconf 83' lang='lat' dir='ltr'><strong>inter</strong></span> <span class='ocrx_word' id='word_1_279' title='bbox 495 1786 588 1820; x_wconf 90' lang='lat' dir='ltr'><strong>spinas</strong></span> <span class='ocrx_word' id='word_1_280' title='bbox 600 1786 675 1812; x_wconf 87' lang='lat' dir='ltr'><strong>nasci</strong></span> <span class='ocrx_word' id='word_1_281' title='bbox 692 1793 747 1813; x_wconf 89' lang='lat' dir='ltr'><strong>non</strong></span> <span class='ocrx_word' id='word_1_282' title='bbox 767 1793 865 1813; x_wconf 90' lang='lat' dir='ltr'><strong>conse-</strong></span> 
     </span>
    </p>
   </div>
   <div class='ocr_carea' id='block_1_40' title="bbox 74 1831 865 1868">
    <p class='ocr_par' dir='ltr' id='par_1_40' title="bbox 74 1831 865 1868">
     <span class='ocr_line' id='line_1_40' title="bbox 74 1831 865 1868; baseline 0 -10"><span class='ocrx_word' id='word_1_283' title='bbox 74 1833 174 1868; x_wconf 75' lang='lat' dir='ltr'><strong>quitur</strong></span> <span class='ocrx_word' id='word_1_284' title='bbox 196 1833 348 1859; x_wconf 81' lang='lat' dir='ltr'><strong>naturalem</strong></span> <span class='ocrx_word' id='word_1_285' title='bbox 373 1839 442 1859; x_wconf 67' lang='lat' dir='ltr'><strong>rosa:</strong></span> <span class='ocrx_word' id='word_1_286' title='bbox 454 1831 689 1859; x_wconf 81' lang='lat' dir='ltr'><strong>constitutionem.</strong></span> <span class='ocrx_word' id='word_1_287' title='bbox 705 1831 740 1858; x_wconf 80' lang='lat' dir='ltr'><strong>At</strong></span> <span class='ocrx_word' id='word_1_288' title='bbox 758 1839 812 1858; x_wconf 89' lang='lat' dir='ltr'><strong>non</strong></span> <span class='ocrx_word' id='word_1_289' title='bbox 828 1832 865 1859; x_wconf 92' lang='lat' dir='ltr'><strong>ita</strong></span> 
     </span>
    </p>
   </div>
   <div class='ocr_carea' id='block_1_41' title="bbox 74 1877 866 1913">
    <p class='ocr_par' dir='ltr' id='par_1_41' title="bbox 74 1877 866 1913">
     <span class='ocr_line' id='line_1_41' title="bbox 74 1877 866 1913; baseline 0 -9"><span class='ocrx_word' id='word_1_290' title='bbox 74 1879 189 1913; x_wconf 80' lang='lat' dir='ltr'><strong>propria</strong></span> <span class='ocrx_word' id='word_1_291' title='bbox 211 1882 240 1904; x_wconf 90' lang='lat' dir='ltr'><strong>ut</strong></span> <span class='ocrx_word' id='word_1_292' title='bbox 256 1878 290 1905; x_wconf 86' lang='lat' dir='ltr'><strong>sit</strong></span> <span class='ocrx_word' id='word_1_293' title='bbox 307 1877 368 1905; x_wconf 89' lang='lat' dir='ltr'><strong>aliis</strong></span> <span class='ocrx_word' id='word_1_294' title='bbox 391 1878 578 1912; x_wconf 85' lang='lat' dir='ltr'><strong>inconjuncta,</strong></span> <span class='ocrx_word' id='word_1_295' title='bbox 602 1885 666 1913; x_wconf 81' lang='lat' dir='ltr'><strong>ergo</strong></span> <span class='ocrx_word' id='word_1_296' title='bbox 689 1886 744 1904; x_wconf 91' lang='lat' dir='ltr'><strong>non</strong></span> <span class='ocrx_word' id='word_1_297' title='bbox 769 1881 866 1904; x_wconf 86' lang='lat' dir='ltr'><strong>natura</strong></span> 
     </span>
    </p>
   </div>
   <div class='ocr_carea' id='block_1_42' title="bbox 74 1923 866 1959">
    <p class='ocr_par' dir='ltr' id='par_1_42' title="bbox 74 1923 866 1959">
     <span class='ocr_line' id='line_1_42' title="bbox 74 1923 866 1959; baseline 0.001 -10"><span class='ocrx_word' id='word_1_298' title='bbox 74 1925 153 1956; x_wconf 80' lang='lat' dir='ltr'><strong>data,</strong></span> <span class='ocrx_word' id='word_1_299' title='bbox 167 1931 232 1958; x_wconf 80' lang='lat' dir='ltr'><strong>ergo</strong></span> <span class='ocrx_word' id='word_1_300' title='bbox 248 1928 336 1959; x_wconf 78' lang='lat' dir='ltr'><strong>potest</strong></span> <span class='ocrx_word' id='word_1_301' title='bbox 353 1924 476 1958; x_wconf 73' lang='lat' dir='ltr'><strong>generari</strong></span> <span class='ocrx_word' id='word_1_302' title='bbox 494 1931 567 1955; x_wconf 88' lang='lat' dir='ltr'><strong>rosa,</strong></span> <span class='ocrx_word' id='word_1_303' title='bbox 583 1928 610 1950; x_wconf 93' lang='lat' dir='ltr'><strong>et</strong></span> <span class='ocrx_word' id='word_1_304' title='bbox 637 1924 696 1950; x_wconf 84' lang='lat' dir='ltr'><strong>sine</strong></span> <span class='ocrx_word' id='word_1_305' title='bbox 717 1923 803 1958; x_wconf 85' lang='lat' dir='ltr'><strong>spinis</strong></span> <span class='ocrx_word' id='word_1_306' title='bbox 818 1930 866 1957; x_wconf 79' lang='lat' dir='ltr'><strong>ge-</strong></span> 
     </span>
    </p>
   </div>
   <div class='ocr_carea' id='block_1_43' title="bbox 75 1969 867 2002">
    <p class='ocr_par' dir='ltr' id='par_1_43' title="bbox 75 1969 867 2002">
     <span class='ocr_line' id='line_1_43' title="bbox 75 1969 867 2002; baseline -0.003 -5"><span class='ocrx_word' id='word_1_307' title='bbox 75 1971 181 1997; x_wconf 85' lang='lat' dir='ltr'><strong>nerari.</strong></span> <span class='ocrx_word' id='word_1_308' title='bbox 207 1969 259 1996; x_wconf 83' lang='lat' dir='ltr'><strong>Sed</strong></span> <span class='ocrx_word' id='word_1_309' title='bbox 282 1970 378 1996; x_wconf 75' lang='lat' dir='ltr'><strong>(icilius</strong></span> <span class='ocrx_word' id='word_1_310' title='bbox 401 1970 482 1996; x_wconf 88' lang='lat' dir='ltr'><strong>etiam</strong></span> <span class='ocrx_word' id='word_1_311' title='bbox 505 1978 561 1998; x_wconf 88' lang='lat' dir='ltr'><strong>rem</strong></span> <span class='ocrx_word' id='word_1_312' title='bbox 587 1970 623 1996; x_wconf 85' lang='lat' dir='ltr'><strong>ita</strong></span> <span class='ocrx_word' id='word_1_313' title='bbox 654 1977 683 1997; x_wconf 91' lang='lat' dir='ltr'><strong>se</strong></span> <span class='ocrx_word' id='word_1_314' title='bbox 703 1969 821 2002; x_wconf 86' lang='lat' dir='ltr'><strong>habere,</strong></span> <span class='ocrx_word' id='word_1_315' title='bbox 840 1973 867 1996; x_wconf 89' lang='lat' dir='ltr'><strong>et</strong></span> 
     </span>
    </p>
   </div>
   <div class='ocr_carea' id='block_1_44' title="bbox 77 2015 867 2050">
    <p class='ocr_par' dir='ltr' id='par_1_44' title="bbox 77 2015 867 2050">
     <span class='ocr_line' id='line_1_44' title="bbox 77 2015 867 2050; baseline -0.003 -7"><span class='ocrx_word' id='word_1_316' title='bbox 77 2017 153 2043; x_wconf 83' lang='lat' dir='ltr'><strong>inter</strong></span> <span class='ocrx_word' id='word_1_317' title='bbox 165 2016 257 2050; x_wconf 88' lang='lat' dir='ltr'><strong>spinas</strong></span> <span class='ocrx_word' id='word_1_318' title='bbox 268 2016 355 2047; x_wconf 76' lang='lat' dir='ltr'><strong>nasci.</strong></span> <span class='ocrx_word' id='word_1_319' title='bbox 371 2016 500 2050; x_wconf 83' lang='lat' dir='ltr'><strong>consequi</strong></span> <span class='ocrx_word' id='word_1_320' title='bbox 514 2023 583 2043; x_wconf 67' lang='lat' dir='ltr'><strong>rosm</strong></span> <span class='ocrx_word' id='word_1_321' title='bbox 599 2016 750 2042; x_wconf 84' lang='lat' dir='ltr'><strong>naturalem</strong></span> <span class='ocrx_word' id='word_1_322' title='bbox 766 2015 867 2042; x_wconf 89' lang='lat' dir='ltr'><strong>consti-</strong></span> 
     </span>
    </p>
   </div>
   <div class='ocr_carea' id='block_1_45' title="bbox 76 2060 865 2096">
    <p class='ocr_par' dir='ltr' id='par_1_45' title="bbox 76 2060 865 2096">
     <span class='ocr_line' id='line_1_45' title="bbox 76 2060 865 2096; baseline -0.001 -8"><span class='ocrx_word' id='word_1_323' title='bbox 76 2062 224 2088; x_wconf 86' lang='lat' dir='ltr'><strong>tutionem.</strong></span> <span class='ocrx_word' id='word_1_324' title='bbox 249 2061 318 2093; x_wconf 83' lang='lat' dir='ltr'><strong>Quid</strong></span> <span class='ocrx_word' id='word_1_325' title='bbox 340 2061 420 2088; x_wconf 87' lang='lat' dir='ltr'><strong>inde?</strong></span> <span class='ocrx_word' id='word_1_326' title='bbox 442 2060 576 2092; x_wconf 67' lang='lat' dir='ltr'><strong>Culturaz,</strong></span> <span class='ocrx_word' id='word_1_327' title='bbox 605 2061 672 2093; x_wconf 88' lang='lat' dir='ltr'><strong>soli,</strong></span> <span class='ocrx_word' id='word_1_328' title='bbox 695 2068 782 2096; x_wconf 69' lang='lat' dir='ltr'><strong>aquae,</strong></span> <span class='ocrx_word' id='word_1_329' title='bbox 804 2061 865 2088; x_wconf 73' lang='grc' dir='ltr'><strong>οωιί</strong></span> 
     </span>
    </p>
   </div>
   <div class='ocr_carea' id='block_1_46' title="bbox 74 2106 868 2141">
    <p class='ocr_par' dir='ltr' id='par_1_46' title="bbox 74 2106 868 2141">
     <span class='ocr_line' id='line_1_46' title="bbox 74 2106 868 2141; baseline 0 -8"><span class='ocrx_word' id='word_1_330' title='bbox 74 2112 182 2134; x_wconf 84' lang='lat' dir='ltr'><strong>tantam</strong></span> <span class='ocrx_word' id='word_1_331' title='bbox 196 2115 257 2134; x_wconf 79' lang='lat' dir='ltr'><strong>esse</strong></span> <span class='ocrx_word' id='word_1_332' title='bbox 276 2107 331 2140; x_wconf 89' lang='lat' dir='ltr'><strong>jam</strong></span> <span class='ocrx_word' id='word_1_333' title='bbox 346 2111 373 2134; x_wconf 88' lang='lat' dir='ltr'><strong>et</strong></span> <span class='ocrx_word' id='word_1_334' title='bbox 390 2106 545 2134; x_wconf 78' lang='lat' dir='ltr'><strong>facultatem</strong></span> <span class='ocrx_word' id='word_1_335' title='bbox 562 2107 588 2133; x_wconf 90' lang='lat' dir='ltr'><strong>in</strong></span> <span class='ocrx_word' id='word_1_336' title='bbox 605 2107 716 2141; x_wconf 78' lang='lat' dir='ltr'><strong>plantis,</strong></span> <span class='ocrx_word' id='word_1_337' title='bbox 730 2107 753 2134; x_wconf 89' lang='lat' dir='ltr'><strong>si</strong></span> <span class='ocrx_word' id='word_1_338' title='bbox 777 2106 868 2133; x_wconf 83' lang='lat' dir='ltr'><strong>Theo-</strong></span> 
     </span>
    </p>
   </div>
   <div class='ocr_carea' id='block_1_47' title="bbox 75 2153 867 2189">
    <p class='ocr_par' dir='ltr' id='par_1_47' title="bbox 75 2153 867 2189">
     <span class='ocr_line' id='line_1_47' title="bbox 75 2153 867 2189; baseline 0 -9"><span class='ocrx_word' id='word_1_339' title='bbox 75 2156 193 2189; x_wconf 82' lang='lat' dir='ltr'><strong>phrasto</strong></span> <span class='ocrx_word' id='word_1_340' title='bbox 221 2153 337 2188; x_wconf 83' lang='lat' dir='ltr'><strong>aliisque</strong></span> <span class='ocrx_word' id='word_1_341' title='bbox 357 2153 513 2183; x_wconf 84' lang='lat' dir='ltr'><strong>credimus.</strong></span> <span class='ocrx_word' id='word_1_342' title='bbox 532 2157 562 2179; x_wconf 92' lang='lat' dir='ltr'><strong>ut</strong></span> <span class='ocrx_word' id='word_1_343' title='bbox 580 2153 665 2180; x_wconf 91' lang='lat' dir='ltr'><strong>miras</strong></span> <span class='ocrx_word' id='word_1_344' title='bbox 693 2153 867 2180; x_wconf 83' lang='lat' dir='ltr'><strong>alterationes</strong></span> 
     </span>
    </p>
   </div>
   <div class='ocr_carea' id='block_1_48' title="bbox 877 855 896 881">
    <p class='ocr_par' dir='ltr' id='par_1_48' title="bbox 877 855 896 881">
     <span class='ocr_line' id='line_1_48' title="bbox 877 855 896 881; baseline 0 0"><span class='ocrx_word' id='word_1_345' title='bbox 877 855 896 881; x_wconf 75' lang='grc' dir='ltr'><strong>Β</strong></span> 
     </span>
    </p>
   </div>
   <div class='ocr_carea' id='block_1_49' title="bbox 910 222 1697 263">
    <p class='ocr_par' dir='ltr' id='par_1_49' title="bbox 910 222 1697 263">
     <span class='ocr_line' id='line_1_49' title="bbox 910 222 1697 263; baseline 0.013 -17"><span class='ocrx_word' id='word_1_346' title='bbox 910 222 1101 254; x_wconf 78' lang='lat' dir='ltr'><strong>maturitatem,</strong></span> <span class='ocrx_word' id='word_1_347' title='bbox 1128 223 1229 256; x_wconf 84' lang='lat' dir='ltr'><strong>palma,</strong></span> <span class='ocrx_word' id='word_1_348' title='bbox 1248 224 1325 258; x_wconf 68' lang='lat' dir='ltr'><strong>ﬁcus,</strong></span> <span class='ocrx_word' id='word_1_349' title='bbox 1350 226 1502 261; x_wconf 75' lang='lat' dir='ltr'><strong>amygdala,</strong></span> <span class='ocrx_word' id='word_1_350' title='bbox 1521 229 1617 260; x_wconf 77' lang='lat' dir='ltr'><strong>malus,</strong></span> <span class='ocrx_word' id='word_1_351' title='bbox 1649 236 1697 263; x_wconf 81' lang='lat' dir='ltr'><strong>py-</strong></span> 
     </span>
    </p>
   </div>
   <div class='ocr_carea' id='block_1_50' title="bbox 909 268 1696 307">
    <p class='ocr_par' dir='ltr' id='par_1_50' title="bbox 909 268 1696 307">
     <span class='ocr_line' id='line_1_50' title="bbox 909 268 1696 307; baseline 0.009 -14"><span class='ocrx_word' id='word_1_352' title='bbox 909 275 965 299; x_wconf 81' lang='lat' dir='ltr'><strong>rns,</strong></span> <span class='ocrx_word' id='word_1_353' title='bbox 982 268 1042 294; x_wconf 85' lang='lat' dir='ltr'><strong>item</strong></span> <span class='ocrx_word' id='word_1_354' title='bbox 1056 269 1162 302; x_wconf 80' lang='lat' dir='ltr'><strong>punica,</strong></span> <span class='ocrx_word' id='word_1_355' title='bbox 1176 277 1234 303; x_wconf 66' lang='lat' dir='ltr'><strong>quia</strong></span> <span class='ocrx_word' id='word_1_356' title='bbox 1254 270 1334 296; x_wconf 85' lang='lat' dir='ltr'><strong>etiam</strong></span> <span class='ocrx_word' id='word_1_357' title='bbox 1349 272 1451 299; x_wconf 84' lang='lat' dir='ltr'><strong>roribus</strong></span> <span class='ocrx_word' id='word_1_358' title='bbox 1468 272 1567 305; x_wconf 72' lang='lat' dir='ltr'><strong>nimi-it,</strong></span> <span class='ocrx_word' id='word_1_359' title='bbox 1582 279 1607 300; x_wconf 81' lang='lat' dir='ltr'><strong>et</strong></span> <span class='ocrx_word' id='word_1_360' title='bbox 1621 274 1696 307; x_wconf 79' lang='lat' dir='ltr'><strong>prui-</strong></span> 
     </span>
    </p>
   </div>
   <div class='ocr_carea' id='block_1_51' title="bbox 909 314 1696 353">
    <p class='ocr_par' dir='ltr' id='par_1_51' title="bbox 909 314 1696 353">
     <span class='ocr_line' id='line_1_51' title="bbox 909 314 1696 353; baseline 0.008 -13"><span class='ocrx_word' id='word_1_361' title='bbox 909 314 950 341; x_wconf 74' lang='lat' dir='ltr'><strong>nis</strong></span> <span class='ocrx_word' id='word_1_362' title='bbox 975 314 1068 348; x_wconf 79' lang='lat' dir='ltr'><strong>ﬂorent</strong></span> <span class='ocrx_word' id='word_1_363' title='bbox 1094 316 1201 342; x_wconf 82' lang='lat' dir='ltr'><strong>amittit.</strong></span> <span class='ocrx_word' id='word_1_364' title='bbox 1219 315 1279 348; x_wconf 81' lang='lat' dir='ltr'><strong>Qua</strong></span> <span class='ocrx_word' id='word_1_365' title='bbox 1296 316 1328 343; x_wconf 84' lang='lat' dir='ltr'><strong>de</strong></span> <span class='ocrx_word' id='word_1_366' title='bbox 1351 325 1431 344; x_wconf 84' lang='lat' dir='ltr'><strong>causa</strong></span> <span class='ocrx_word' id='word_1_367' title='bbox 1452 318 1588 353; x_wconf 86' lang='lat' dir='ltr'><strong>inﬂectunt</strong></span> <span class='ocrx_word' id='word_1_368' title='bbox 1608 327 1696 346; x_wconf 81' lang='lat' dir='ltr'><strong>ramos</strong></span> 
     </span>
    </p>
   </div>
   <div class='ocr_carea' id='block_1_52' title="bbox 909 361 1696 400">
    <p class='ocr_par' dir='ltr' id='par_1_52' title="bbox 909 361 1696 400">
     <span class='ocr_line' id='line_1_52' title="bbox 909 361 1696 400; baseline 0.008 -14"><span class='ocrx_word' id='word_1_369' title='bbox 909 361 966 395; x_wconf 75' lang='lat' dir='ltr'><strong>ejus</strong></span> <span class='ocrx_word' id='word_1_370' title='bbox 984 369 1015 388; x_wconf 87' lang='lat' dir='ltr'><strong>ne</strong></span> <span class='ocrx_word' id='word_1_371' title='bbox 1030 361 1140 395; x_wconf 76' lang='lat' dir='ltr'><strong>subjecti</strong></span> <span class='ocrx_word' id='word_1_372' title='bbox 1157 362 1292 390; x_wconf 73' lang='lat' dir='ltr'><strong>humorem</strong></span> <span class='ocrx_word' id='word_1_373' title='bbox 1307 363 1431 397; x_wconf 69' lang='lat' dir='ltr'><strong>infestum</strong></span> <span class='ocrx_word' id='word_1_374' title='bbox 1455 365 1598 400; x_wconf 67' lang='lat' dir='ltr'><strong>excipiant,</strong></span> <span class='ocrx_word' id='word_1_375' title='bbox 1620 370 1696 399; x_wconf 75' lang='lat' dir='ltr'><strong>atque</strong></span> 
     </span>
    </p>
   </div>
   <div class='ocr_carea' id='block_1_53' title="bbox 910 407 1695 446">
    <p class='ocr_par' dir='ltr' id='par_1_53' title="bbox 910 407 1695 446">
     <span class='ocr_line' id='line_1_53' title="bbox 910 407 1695 446; baseline 0.006 -13"><span class='ocrx_word' id='word_1_376' title='bbox 910 409 1070 435; x_wconf 82' lang='lat' dir='ltr'><strong>contineant.</strong></span> <span class='ocrx_word' id='word_1_377' title='bbox 1088 407 1174 444; x_wconf 72' lang='lat' dir='ltr'><strong>Pyrus</strong></span> <span class='ocrx_word' id='word_1_378' title='bbox 1195 414 1218 436; x_wconf 86' lang='lat' dir='ltr'><strong>ct</strong></span> <span class='ocrx_word' id='word_1_379' title='bbox 1242 410 1394 444; x_wconf 72' lang='lat' dir='ltr'><strong>amygdala.</strong></span> <span class='ocrx_word' id='word_1_380' title='bbox 1407 411 1486 437; x_wconf 85' lang='lat' dir='ltr'><strong>etiam</strong></span> <span class='ocrx_word' id='word_1_381' title='bbox 1502 412 1524 437; x_wconf 78' lang='lat' dir='ltr'><strong>si</strong></span> <span class='ocrx_word' id='word_1_382' title='bbox 1546 419 1596 438; x_wconf 86' lang='lat' dir='ltr'><strong>non</strong></span> <span class='ocrx_word' id='word_1_383' title='bbox 1610 411 1695 446; x_wconf 71' lang='lat' dir='ltr'><strong>pluat,</strong></span> 
     </span>
    </p>
   </div>
   <div class='ocr_carea' id='block_1_54' title="bbox 910 454 1697 490">
    <p class='ocr_par' dir='ltr' id='par_1_54' title="bbox 910 454 1697 490">
     <span class='ocr_line' id='line_1_54' title="bbox 910 454 1697 490; baseline 0.005 -10"><span class='ocrx_word' id='word_1_384' title='bbox 910 454 955 480; x_wconf 82' lang='lat' dir='ltr'><strong>sed</strong></span> <span class='ocrx_word' id='word_1_385' title='bbox 973 455 1020 488; x_wconf 79' lang='lat' dir='ltr'><strong>fiat</strong></span> <span class='ocrx_word' id='word_1_386' title='bbox 1046 456 1194 482; x_wconf 75' lang='lat' dir='ltr'><strong>austrinum</strong></span> <span class='ocrx_word' id='word_1_387' title='bbox 1219 456 1321 488; x_wconf 75' lang='lat' dir='ltr'><strong>cwlum,</strong></span> <span class='ocrx_word' id='word_1_388' title='bbox 1349 461 1394 482; x_wconf 88' lang='lat' dir='ltr'><strong>aut</strong></span> <span class='ocrx_word' id='word_1_389' title='bbox 1416 456 1545 490; x_wconf 80' lang='lat' dir='ltr'><strong>nubilum,</strong></span> <span class='ocrx_word' id='word_1_390' title='bbox 1571 459 1697 484; x_wconf 76' lang='lat' dir='ltr'><strong>amittunt</strong></span> 
     </span>
    </p>
   </div>
   <div class='ocr_carea' id='block_1_55' title="bbox 910 501 1696 538">
    <p class='ocr_par' dir='ltr' id='par_1_55' title="bbox 910 501 1696 538">
     <span class='ocr_line' id='line_1_55' title="bbox 910 501 1696 538; baseline 0.005 -11"><span class='ocrx_word' id='word_1_391' title='bbox 910 501 1013 534; x_wconf 81' lang='lat' dir='ltr'><strong>ﬂorent,</strong></span> <span class='ocrx_word' id='word_1_392' title='bbox 1037 506 1060 528; x_wconf 80' lang='lat' dir='ltr'><strong>et</strong></span> <span class='ocrx_word' id='word_1_393' title='bbox 1076 502 1174 536; x_wconf 81' lang='lat' dir='ltr'><strong>primos</strong></span> <span class='ocrx_word' id='word_1_394' title='bbox 1197 502 1316 536; x_wconf 78' lang='lat' dir='ltr'><strong>fructus,</strong></span> <span class='ocrx_word' id='word_1_395' title='bbox 1336 503 1358 529; x_wconf 75' lang='lat' dir='ltr'><strong>si</strong></span> <span class='ocrx_word' id='word_1_396' title='bbox 1383 511 1441 529; x_wconf 77' lang='lat' dir='ltr'><strong>tum</strong></span> <span class='ocrx_word' id='word_1_397' title='bbox 1463 503 1606 538; x_wconf 78' lang='lat' dir='ltr'><strong>deﬂoruere</strong></span> <span class='ocrx_word' id='word_1_398' title='bbox 1631 505 1696 531; x_wconf 76' lang='lat' dir='ltr'><strong>tales</strong></span> 
     </span>
    </p>
   </div>
   <div class='ocr_carea' id='block_1_56' title="bbox 910 546 1695 585">
    <p class='ocr_par' dir='ltr' id='par_1_56' title="bbox 910 546 1695 585">
     <span class='ocr_line' id='line_1_56' title="bbox 910 546 1695 585; baseline 0.005 -12"><span class='ocrx_word' id='word_1_399' title='bbox 910 546 965 574; x_wconf 79' lang='lat' dir='ltr'><strong>dies</strong></span> <span class='ocrx_word' id='word_1_400' title='bbox 981 546 1088 581; x_wconf 77' lang='lat' dir='ltr'><strong>fuerint.</strong></span> <span class='ocrx_word' id='word_1_401' title='bbox 1112 548 1183 574; x_wconf 86' lang='lat' dir='ltr'><strong>Idem</strong></span> <span class='ocrx_word' id='word_1_402' title='bbox 1200 547 1280 575; x_wconf 86' lang='lat' dir='ltr'><strong>refert</strong></span> <span class='ocrx_word' id='word_1_403' title='bbox 1298 549 1344 576; x_wconf 88' lang='lat' dir='ltr'><strong>lib.</strong></span> <span class='ocrx_word' id='word_1_404' title='bbox 1364 557 1430 581; x_wconf 78' lang='lat' dir='ltr'><strong>xvu,</strong></span> <span class='ocrx_word' id='word_1_405' title='bbox 1448 557 1508 584; x_wconf 89' lang='lat' dir='ltr'><strong>cap.</strong></span> <span class='ocrx_word' id='word_1_406' title='bbox 1523 550 1550 582; x_wconf 67' lang='grc' dir='ltr'><strong>Ξ,</strong></span> <span class='ocrx_word' id='word_1_407' title='bbox 1571 558 1631 585; x_wconf 76' lang='lat' dir='ltr'><strong>qua:</strong></span> <span class='ocrx_word' id='word_1_408' title='bbox 1645 550 1695 577; x_wconf 90' lang='lat' dir='ltr'><strong>ha-</strong></span> 
     </span>
    </p>
   </div>
   <div class='ocr_carea' id='block_1_57' title="bbox 910 593 1696 632">
    <p class='ocr_par' dir='ltr' id='par_1_57' title="bbox 910 593 1696 632">
     <span class='ocr_line' id='line_1_57' title="bbox 910 593 1696 632; baseline 0.006 -13"><span class='ocrx_word' id='word_1_409' title='bbox 910 593 970 619; x_wconf 86' lang='lat' dir='ltr'><strong>buit</strong></span> <span class='ocrx_word' id='word_1_410' title='bbox 990 601 1022 620; x_wconf 83' lang='lat' dir='ltr'><strong>ex</strong></span> <span class='ocrx_word' id='word_1_411' title='bbox 1047 593 1245 629; x_wconf 85' lang='lat' dir='ltr'><strong>Theophrasto,</strong></span> <span class='ocrx_word' id='word_1_412' title='bbox 1263 595 1300 622; x_wconf 87' lang='lat' dir='ltr'><strong>De</strong></span> <span class='ocrx_word' id='word_1_413' title='bbox 1321 596 1408 622; x_wconf 80' lang='lat' dir='ltr'><strong>causis</strong></span> <span class='ocrx_word' id='word_1_414' title='bbox 1423 596 1506 627; x_wconf 84' lang='lat' dir='ltr'><strong>plant.</strong></span> <span class='ocrx_word' id='word_1_415' title='bbox 1524 597 1572 624; x_wconf 91' lang='lat' dir='ltr'><strong>lib.</strong></span> <span class='ocrx_word' id='word_1_416' title='bbox 1591 605 1618 629; x_wconf 85' lang='lat' dir='ltr'><strong>II,</strong></span> <span class='ocrx_word' id='word_1_417' title='bbox 1636 605 1696 632; x_wconf 83' lang='lat' dir='ltr'><strong>cap.</strong></span> 
     </span>
    </p>
   </div>
   <div class='ocr_carea' id='block_1_58' title="bbox 911 638 1698 677">
    <p class='ocr_par' dir='ltr' id='par_1_58' title="bbox 911 638 1698 677">
     <span class='ocr_line' id='line_1_58' title="bbox 911 638 1698 677; baseline 0.005 -13"><span class='ocrx_word' id='word_1_418' title='bbox 911 638 960 665; x_wconf 80' lang='lat' dir='ltr'><strong>H:</strong></span> <span class='ocrx_word' id='word_1_419' title='bbox 977 639 1158 674; x_wconf 75' lang='grc' dir='ltr'>Ἀποϐλητικὰ</span> <span class='ocrx_word' id='word_1_420' title='bbox 1179 640 1206 665; x_wconf 74' lang='grc' dir='ltr'><strong>δὲ</strong></span> <span class='ocrx_word' id='word_1_421' title='bbox 1230 639 1345 674; x_wconf 81' lang='grc' dir='ltr'>μάλιστα</span> <span class='ocrx_word' id='word_1_422' title='bbox 1361 640 1414 667; x_wconf 83' lang='grc' dir='ltr'><strong>τῶν</strong></span> <span class='ocrx_word' id='word_1_423' title='bbox 1431 641 1545 676; x_wconf 80' lang='grc' dir='ltr'>καρπῶν</span> <span class='ocrx_word' id='word_1_424' title='bbox 1567 642 1629 677; x_wconf 76' lang='grc' dir='ltr'>πρὶν</span> <span class='ocrx_word' id='word_1_425' title='bbox 1651 651 1698 669; x_wconf 83' lang='grc' dir='ltr'><strong>πε-</strong></span> 
     </span>
    </p>
   </div>
   <div class='ocr_carea' id='block_1_59' title="bbox 911 684 1696 722">
    <p class='ocr_par' dir='ltr' id='par_1_59' title="bbox 911 684 1696 722">
     <span class='ocr_line' id='line_1_59' title="bbox 911 684 1696 722; baseline 0.005 -13"><span class='ocrx_word' id='word_1_426' title='bbox 911 685 993 710; x_wconf 81' lang='grc' dir='ltr'>πᾶναι</span> <span class='ocrx_word' id='word_1_427' title='bbox 1013 684 1090 718; x_wconf 80' lang='grc' dir='ltr'>συκῆ,</span> <span class='ocrx_word' id='word_1_428' title='bbox 1113 684 1159 710; x_wconf 82' lang='grc' dir='ltr'><strong>καὶ</strong></span> <span class='ocrx_word' id='word_1_429' title='bbox 1176 684 1272 717; x_wconf 79' lang='grc' dir='ltr'>φοίνιξ,</span> <span class='ocrx_word' id='word_1_430' title='bbox 1297 684 1343 711; x_wconf 66' lang='grc' dir='ltr'>καὶ</span> <span class='ocrx_word' id='word_1_431' title='bbox 1359 685 1512 720; x_wconf 74' lang='grc' dir='ltr'><strong>ἀμυγδαλῆ,</strong></span> <span class='ocrx_word' id='word_1_432' title='bbox 1529 687 1575 712; x_wconf 73' lang='grc' dir='ltr'>χαὶ</span> <span class='ocrx_word' id='word_1_433' title='bbox 1600 686 1696 722; x_wconf 78' lang='grc' dir='ltr'><strong>μηλέα,</strong></span> 
     </span>
    </p>
   </div>
   <div class='ocr_carea' id='block_1_60' title="bbox 911 730 1699 768">
    <p class='ocr_par' dir='ltr' id='par_1_60' title="bbox 911 730 1699 768">
     <span class='ocr_line' id='line_1_60' title="bbox 911 730 1699 768; baseline 0.005 -12"><span class='ocrx_word' id='word_1_434' title='bbox 911 730 958 756; x_wconf 69' lang='grc' dir='ltr'>καὶ</span> <span class='ocrx_word' id='word_1_435' title='bbox 981 730 1068 761; x_wconf 83' lang='grc' dir='ltr'>ἄπιος,</span> <span class='ocrx_word' id='word_1_436' title='bbox 1092 730 1193 756; x_wconf 71' lang='grc' dir='ltr'>Ἱκανὸν</span> <span class='ocrx_word' id='word_1_437' title='bbox 1217 730 1272 766; x_wconf 69' lang='grc' dir='ltr'><strong>γὰρ</strong></span> <span class='ocrx_word' id='word_1_438' title='bbox 1289 732 1335 759; x_wconf 70' lang='grc' dir='ltr'><strong>καὶ</strong></span> <span class='ocrx_word' id='word_1_439' title='bbox 1360 731 1447 758; x_wconf 79' lang='grc' dir='ltr'><strong>ὁτιοῦν</strong></span> <span class='ocrx_word' id='word_1_440' title='bbox 1471 732 1629 768; x_wconf 82' lang='grc' dir='ltr'>διυγρᾶναι,</span> <span class='ocrx_word' id='word_1_441' title='bbox 1652 735 1699 760; x_wconf 76' lang='grc' dir='ltr'><strong>καὶ</strong></span> 
     </span>
    </p>
   </div>
   <div class='ocr_carea' id='block_1_61' title="bbox 911 776 1699 815">
    <p class='ocr_par' dir='ltr' id='par_1_61' title="bbox 911 776 1699 815">
     <span class='ocr_line' id='line_1_61' title="bbox 911 776 1699 815; baseline 0.005 -12"><span class='ocrx_word' id='word_1_442' title='bbox 911 776 1022 808; x_wconf 77' lang='grc' dir='ltr'>ἀσθενὲς</span> <span class='ocrx_word' id='word_1_443' title='bbox 1039 776 1160 811; x_wconf 77' lang='grc' dir='ltr'>ποιῆσαι,</span> <span class='ocrx_word' id='word_1_444' title='bbox 1174 776 1220 803; x_wconf 71' lang='grc' dir='ltr'>καὶ</span> <span class='ocrx_word' id='word_1_445' title='bbox 1235 777 1292 811; x_wconf 72' lang='grc' dir='ltr'><strong>ἅμα</strong></span> <span class='ocrx_word' id='word_1_446' title='bbox 1309 777 1413 810; x_wconf 76' lang='grc' dir='ltr'><strong>τούτοις</strong></span> <span class='ocrx_word' id='word_1_447' title='bbox 1429 787 1460 812; x_wconf 85' lang='grc' dir='ltr'>γε</span> <span class='ocrx_word' id='word_1_448' title='bbox 1476 779 1523 805; x_wconf 78' lang='grc' dir='ltr'>καὶ</span> <span class='ocrx_word' id='word_1_449' title='bbox 1537 779 1699 815; x_wconf 81' lang='grc' dir='ltr'><strong>πνευμάτων</strong></span> 
     </span>
    </p>
   </div>
   <div class='ocr_carea' id='block_1_62' title="bbox 912 822 1699 859">
    <p class='ocr_par' dir='ltr' id='par_1_62' title="bbox 912 822 1699 859">
     <span class='ocr_line' id='line_1_62' title="bbox 912 822 1699 859; baseline 0.006 -12"><span class='ocrx_word' id='word_1_450' title='bbox 912 822 1058 856; x_wconf 72' lang='grc' dir='ltr'>ἐπιγίνεται</span> <span class='ocrx_word' id='word_1_451' title='bbox 1075 822 1196 856; x_wconf 77' lang='grc' dir='ltr'>μέγεθος.</span> <span class='ocrx_word' id='word_1_452' title='bbox 1223 823 1255 848; x_wconf 81' lang='grc' dir='ltr'>Ἡ</span> <span class='ocrx_word' id='word_1_453' title='bbox 1268 823 1296 849; x_wconf 80' lang='grc' dir='ltr'><strong>δὲ</strong></span> <span class='ocrx_word' id='word_1_454' title='bbox 1316 823 1365 857; x_wconf 76' lang='grc' dir='ltr'>ῥόα</span> <span class='ocrx_word' id='word_1_455' title='bbox 1386 825 1442 855; x_wconf 79' lang='grc' dir='ltr'>τοῖς</span> <span class='ocrx_word' id='word_1_456' title='bbox 1460 825 1508 859; x_wconf 77' lang='grc' dir='ltr'><strong>μὲν</strong></span> <span class='ocrx_word' id='word_1_457' title='bbox 1531 825 1638 852; x_wconf 76' lang='grc' dir='ltr'><strong>ἄνθεσιν</strong></span> <span class='ocrx_word' id='word_1_458' title='bbox 1653 826 1699 852; x_wconf 59' lang='grc' dir='ltr'><strong>εὺα</strong></span> 
     </span>
    </p>
   </div>
   <div class='ocr_carea' id='block_1_63' title="bbox 913 866 1700 904">
    <p class='ocr_par' dir='ltr' id='par_1_63' title="bbox 913 866 1700 904">
     <span class='ocr_line' id='line_1_63' title="bbox 913 866 1700 904; baseline 0.004 -11"><span class='ocrx_word' id='word_1_459' title='bbox 913 867 1098 898; x_wconf 79' lang='grc' dir='ltr'>κατάπτωτσς.</span> <span class='ocrx_word' id='word_1_460' title='bbox 1124 866 1250 901; x_wconf 75' lang='grc' dir='ltr'>Ἀσθενὴς</span> <span class='ocrx_word' id='word_1_461' title='bbox 1265 867 1318 902; x_wconf 87' lang='grc' dir='ltr'><strong>γὰρ</strong></span> <span class='ocrx_word' id='word_1_462' title='bbox 1336 867 1424 894; x_wconf 82' lang='grc' dir='ltr'>αὐτῶν</span> <span class='ocrx_word' id='word_1_463' title='bbox 1443 869 1459 903; x_wconf 82' lang='grc' dir='ltr'>ἡ</span> <span class='ocrx_word' id='word_1_464' title='bbox 1475 869 1626 904; x_wconf 76' lang='grc' dir='ltr'>πρόσφυσις</span> <span class='ocrx_word' id='word_1_465' title='bbox 1637 879 1643 884; x_wconf 93' lang='grc'><strong>·</strong></span> <span class='ocrx_word' id='word_1_466' title='bbox 1662 869 1700 901; x_wconf 83' lang='grc' dir='ltr'>ὡς</span> 
     </span>
    </p>
   </div>
   <div class='ocr_carea' id='block_1_64' title="bbox 912 912 1699 951">
    <p class='ocr_par' dir='ltr' id='par_1_64' title="bbox 912 912 1699 951">
     <span class='ocr_line' id='line_1_64' title="bbox 912 912 1699 951; baseline 0.006 -13"><span class='ocrx_word' id='word_1_467' title='bbox 912 913 934 939; x_wconf 79' lang='grc' dir='ltr'>δ’</span> <span class='ocrx_word' id='word_1_468' title='bbox 958 913 1021 939; x_wconf 77' lang='grc' dir='ltr'>ὅταν</span> <span class='ocrx_word' id='word_1_469' title='bbox 1044 912 1176 947; x_wconf 74' lang='grc' dir='ltr'>ψεκάδια,</span> <span class='ocrx_word' id='word_1_470' title='bbox 1204 913 1250 939; x_wconf 80' lang='grc' dir='ltr'>καὶ</span> <span class='ocrx_word' id='word_1_471' title='bbox 1268 913 1356 948; x_wconf 81' lang='grc' dir='ltr'>δρόσοι</span> <span class='ocrx_word' id='word_1_472' title='bbox 1380 913 1508 946; x_wconf 78' lang='grc' dir='ltr'><strong>πέσωσιν,</strong></span> <span class='ocrx_word' id='word_1_473' title='bbox 1540 915 1699 951; x_wconf 78' lang='grc' dir='ltr'><strong>εἰσδυόμενα</strong></span> 
     </span>
    </p>
   </div>
   <div class='ocr_carea' id='block_1_65' title="bbox 913 957 1700 996">
    <p class='ocr_par' dir='ltr' id='par_1_65' title="bbox 913 957 1700 996">
     <span class='ocr_line' id='line_1_65' title="bbox 913 957 1700 996; baseline 0.003 -12"><span class='ocrx_word' id='word_1_474' title='bbox 913 958 982 985; x_wconf 70' lang='grc' dir='ltr'>κατὰ</span> <span class='ocrx_word' id='word_1_475' title='bbox 998 958 1028 984; x_wconf 75' lang='grc' dir='ltr'>τὸ</span> <span class='ocrx_word' id='word_1_476' title='bbox 1047 957 1126 988; x_wconf 79' lang='grc' dir='ltr'>ἄνθος</span> <span class='ocrx_word' id='word_1_477' title='bbox 1142 957 1296 993; x_wconf 80' lang='grc' dir='ltr'>ἁνυγραίνει</span> <span class='ocrx_word' id='word_1_478' title='bbox 1319 959 1365 984; x_wconf 76' lang='grc' dir='ltr'>καὶ</span> <span class='ocrx_word' id='word_1_479' title='bbox 1388 958 1523 994; x_wconf 78' lang='grc' dir='ltr'>ποιεῖτὴν</span> <span class='ocrx_word' id='word_1_480' title='bbox 1543 959 1631 996; x_wconf 86' lang='grc' dir='ltr'>βολήν.</span> <span class='ocrx_word' id='word_1_481' title='bbox 1655 961 1700 987; x_wconf 56' lang='lat' dir='ltr'><strong>At?)</strong></span> 
     </span>
    </p>
   </div>
   <div class='ocr_carea' id='block_1_66' title="bbox 913 1004 1698 1041">
    <p class='ocr_par' dir='ltr' id='par_1_66' title="bbox 913 1004 1698 1041">
     <span class='ocr_line' id='line_1_66' title="bbox 913 1004 1698 1041; baseline 0.003 -11"><span class='ocrx_word' id='word_1_482' title='bbox 913 1005 959 1030; x_wconf 67' lang='grc' dir='ltr'>καὶ</span> <span class='ocrx_word' id='word_1_483' title='bbox 975 1004 1122 1038; x_wconf 71' lang='grc' dir='ltr'>κατάγουσι</span> <span class='ocrx_word' id='word_1_484' title='bbox 1137 1004 1171 1030; x_wconf 73' lang='grc' dir='ltr'>τὰ</span> <span class='ocrx_word' id='word_1_485' title='bbox 1184 1004 1289 1039; x_wconf 78' lang='grc' dir='ltr'><strong>δένδρα,</strong></span> <span class='ocrx_word' id='word_1_486' title='bbox 1306 1005 1353 1031; x_wconf 75' lang='grc' dir='ltr'>καὶ</span> <span class='ocrx_word' id='word_1_487' title='bbox 1373 1005 1422 1031; x_wconf 79' lang='grc' dir='ltr'><strong>οὐκ</strong></span> <span class='ocrx_word' id='word_1_488' title='bbox 1437 1005 1547 1039; x_wconf 80' lang='grc' dir='ltr'>ἀφιᾶσιν</span> <span class='ocrx_word' id='word_1_489' title='bbox 1569 1006 1609 1038; x_wconf 80' lang='grc' dir='ltr'>εἰς</span> <span class='ocrx_word' id='word_1_490' title='bbox 1622 1005 1698 1041; x_wconf 74' lang='grc' dir='ltr'>ὕψος,</span> 
     </span>
    </p>
   </div>
   <div class='ocr_carea' id='block_1_67' title="bbox 912 1049 1700 1087">
    <p class='ocr_par' dir='ltr' id='par_1_67' title="bbox 912 1049 1700 1087">
     <span class='ocr_line' id='line_1_67' title="bbox 912 1049 1700 1087; baseline 0.004 -11"><span class='ocrx_word' id='word_1_491' title='bbox 912 1051 985 1082; x_wconf 74' lang='grc' dir='ltr'>ὅπως</span> <span class='ocrx_word' id='word_1_492' title='bbox 1013 1051 1037 1077; x_wconf 75' lang='grc' dir='ltr'>οἱ</span> <span class='ocrx_word' id='word_1_493' title='bbox 1064 1050 1166 1076; x_wconf 81' lang='grc' dir='ltr'>κὺτινοι</span> <span class='ocrx_word' id='word_1_494' title='bbox 1195 1050 1231 1086; x_wconf 84' lang='grc' dir='ltr'><strong>μὴ</strong></span> <span class='ocrx_word' id='word_1_495' title='bbox 1257 1049 1331 1086; x_wconf 68' lang='grc' dir='ltr'>ὀρθοὶ</span> <span class='ocrx_word' id='word_1_496' title='bbox 1356 1051 1496 1086; x_wconf 82' lang='grc' dir='ltr'>γενόμενοι</span> <span class='ocrx_word' id='word_1_497' title='bbox 1521 1051 1650 1087; x_wconf 76' lang='grc' dir='ltr'>δέχωνται</span> <span class='ocrx_word' id='word_1_498' title='bbox 1669 1052 1700 1079; x_wconf 68' lang='grc' dir='ltr'><strong>τὸ</strong></span> 
     </span>
    </p>
   </div>
   <div class='ocr_carea' id='block_1_68' title="bbox 913 1096 1700 1132">
    <p class='ocr_par' dir='ltr' id='par_1_68' title="bbox 913 1096 1700 1132">
     <span class='ocr_line' id='line_1_68' title="bbox 913 1096 1700 1132; baseline 0.004 -10"><span class='ocrx_word' id='word_1_499' title='bbox 913 1097 1004 1132; x_wconf 68' lang='grc' dir='ltr'>ὑγρόν.</span> <span class='ocrx_word' id='word_1_500' title='bbox 1021 1097 1052 1122; x_wconf 87' lang='lat' dir='ltr'><strong>Ol.</strong></span> <span class='ocrx_word' id='word_1_501' title='bbox 1068 1096 1096 1122; x_wconf 82' lang='grc' dir='ltr'><strong>δὲ</strong></span> <span class='ocrx_word' id='word_1_502' title='bbox 1119 1097 1164 1123; x_wconf 79' lang='grc' dir='ltr'>καὶ</span> <span class='ocrx_word' id='word_1_503' title='bbox 1183 1096 1316 1123; x_wconf 81' lang='grc' dir='ltr'>ἀνάπαλιν</span> <span class='ocrx_word' id='word_1_504' title='bbox 1339 1097 1477 1123; x_wconf 81' lang='grc' dir='ltr'>κελεύουσι</span> <span class='ocrx_word' id='word_1_505' title='bbox 1500 1098 1624 1132; x_wconf 84' lang='grc' dir='ltr'><strong>φυτεύειν</strong></span> <span class='ocrx_word' id='word_1_506' title='bbox 1650 1098 1700 1130; x_wconf 79' lang='grc' dir='ltr'>τὰς</span> 
     </span>
    </p>
   </div>
   <div class='ocr_carea' id='block_1_69' title="bbox 914 1142 1699 1178">
    <p class='ocr_par' dir='ltr' id='par_1_69' title="bbox 914 1142 1699 1178">
     <span class='ocr_line' id='line_1_69' title="bbox 914 1142 1699 1178; baseline 0.004 -10"><span class='ocrx_word' id='word_1_507' title='bbox 914 1142 1028 1177; x_wconf 79' lang='grc' dir='ltr'>ράὕδους</span> <span class='ocrx_word' id='word_1_508' title='bbox 1047 1142 1141 1168; x_wconf 77' lang='grc' dir='ltr'>τούτου</span> <span class='ocrx_word' id='word_1_509' title='bbox 1172 1143 1262 1178; x_wconf 83' lang='grc' dir='ltr'>χάριν,</span> <span class='ocrx_word' id='word_1_510' title='bbox 1290 1143 1364 1175; x_wconf 83' lang='grc' dir='ltr'>ὅπως</span> <span class='ocrx_word' id='word_1_511' title='bbox 1383 1144 1463 1175; x_wconf 77' lang='grc' dir='ltr'>εὐθὺς</span> <span class='ocrx_word' id='word_1_512' title='bbox 1485 1143 1699 1172; x_wconf 78' lang='grc' dir='ltr'>κατανεύσωσιν.</span> 
     </span>
    </p>
   </div>
   <div class='ocr_carea' id='block_1_70' title="bbox 914 1187 1698 1223">
    <p class='ocr_par' dir='ltr' id='par_1_70' title="bbox 914 1187 1698 1223">
     <span class='ocr_line' id='line_1_70' title="bbox 914 1187 1698 1223; baseline 0.001 -9"><span class='ocrx_word' id='word_1_513' title='bbox 914 1189 973 1214; x_wconf 85' lang='grc' dir='ltr'><strong>’Ότι</strong></span> <span class='ocrx_word' id='word_1_514' title='bbox 989 1188 1010 1214; x_wconf 75' lang='grc' dir='ltr'><strong>δ’</strong></span> <span class='ocrx_word' id='word_1_515' title='bbox 1026 1188 1142 1223; x_wconf 83' lang='grc' dir='ltr'>ὑγρότης</span> <span class='ocrx_word' id='word_1_516' title='bbox 1157 1188 1230 1214; x_wconf 72' lang='grc' dir='ltr'>αἰτία</span> <span class='ocrx_word' id='word_1_517' title='bbox 1245 1188 1294 1223; x_wconf 84' lang='grc' dir='ltr'>τῆς</span> <span class='ocrx_word' id='word_1_518' title='bbox 1314 1188 1458 1223; x_wconf 76' lang='grc' dir='ltr'>ἀποϐολῆς,</span> <span class='ocrx_word' id='word_1_519' title='bbox 1471 1189 1596 1215; x_wconf 80' lang='grc' dir='ltr'>κάκεῖθεν</span> <span class='ocrx_word' id='word_1_520' title='bbox 1610 1187 1698 1223; x_wconf 76' lang='grc' dir='ltr'>δῆλον.</span> 
     </span>
    </p>
   </div>
   <div class='ocr_carea' id='block_1_71' title="bbox 913 1233 1699 1270">
    <p class='ocr_par' dir='ltr' id='par_1_71' title="bbox 913 1233 1699 1270">
     <span class='ocr_line' id='line_1_71' title="bbox 913 1233 1699 1270; baseline 0 -10"><span class='ocrx_word' id='word_1_521' title='bbox 913 1236 945 1260; x_wconf 76' lang='lat' dir='ltr'><strong>At</strong></span> <span class='ocrx_word' id='word_1_522' title='bbox 960 1234 1014 1269; x_wconf 80' lang='grc' dir='ltr'>γὰρ</span> <span class='ocrx_word' id='word_1_523' title='bbox 1036 1235 1110 1261; x_wconf 83' lang='grc' dir='ltr'>ἄπιοι</span> <span class='ocrx_word' id='word_1_524' title='bbox 1124 1234 1171 1261; x_wconf 66' lang='grc' dir='ltr'>καὶ</span> <span class='ocrx_word' id='word_1_525' title='bbox 1187 1233 1352 1269; x_wconf 80' lang='grc' dir='ltr'>ἀμυγδαλαῖ,</span> <span class='ocrx_word' id='word_1_526' title='bbox 1368 1234 1421 1260; x_wconf 81' lang='grc' dir='ltr'>κᾶν</span> <span class='ocrx_word' id='word_1_527' title='bbox 1443 1234 1480 1270; x_wconf 82' lang='grc' dir='ltr'><strong>μὴ</strong></span> <span class='ocrx_word' id='word_1_528' title='bbox 1503 1234 1597 1270; x_wconf 81' lang='grc' dir='ltr'><strong>βρέχῃ,</strong></span> <span class='ocrx_word' id='word_1_529' title='bbox 1615 1234 1699 1266; x_wconf 83' lang='grc' dir='ltr'>νότιος</span> 
     </span>
    </p>
   </div>
   <div class='ocr_carea' id='block_1_72' title="bbox 913 1279 1700 1317">
    <p class='ocr_par' dir='ltr' id='par_1_72' title="bbox 913 1279 1700 1317">
     <span class='ocr_line' id='line_1_72' title="bbox 913 1279 1700 1317; baseline 0 -11"><span class='ocrx_word' id='word_1_530' title='bbox 913 1281 939 1306; x_wconf 79' lang='grc' dir='ltr'><strong>δὲ</strong></span> <span class='ocrx_word' id='word_1_531' title='bbox 991 1282 1005 1307; x_wconf 85' lang='grc' dir='ltr'><strong>ό</strong></span> <span class='ocrx_word' id='word_1_532' title='bbox 1023 1280 1076 1315; x_wconf 81' lang='grc' dir='ltr'><strong>ἀὴρ</strong></span> <span class='ocrx_word' id='word_1_533' title='bbox 1092 1281 1139 1307; x_wconf 79' lang='grc' dir='ltr'><strong>καὶ</strong></span> <span class='ocrx_word' id='word_1_534' title='bbox 1155 1280 1296 1315; x_wconf 72' lang='grc' dir='ltr'>ὲπινεφὴς,</span> <span class='ocrx_word' id='word_1_535' title='bbox 1314 1279 1494 1307; x_wconf 79' lang='grc' dir='ltr'>ἀποϐάλλουσι</span> <span class='ocrx_word' id='word_1_536' title='bbox 1515 1281 1562 1306; x_wconf 69' lang='grc' dir='ltr'><strong>καὶ</strong></span> <span class='ocrx_word' id='word_1_537' title='bbox 1583 1280 1616 1306; x_wconf 79' lang='grc' dir='ltr'>τὰ</span> <span class='ocrx_word' id='word_1_538' title='bbox 1632 1279 1700 1315; x_wconf 73' lang='grc' dir='ltr'><strong>ἄνθη</strong></span> 
     </span>
    </p>
   </div>
   <div class='ocr_carea' id='block_1_73' title="bbox 914 1325 1701 1361">
    <p class='ocr_par' dir='ltr' id='par_1_73' title="bbox 914 1325 1701 1361">
     <span class='ocr_line' id='line_1_73' title="bbox 914 1325 1701 1361; baseline 0 -9"><span class='ocrx_word' id='word_1_539' title='bbox 914 1333 960 1353; x_wconf 72' lang='grc' dir='ltr'><strong>και</strong></span> <span class='ocrx_word' id='word_1_540' title='bbox 984 1327 1047 1358; x_wconf 68' lang='grc' dir='ltr'>τοὺς</span> <span class='ocrx_word' id='word_1_541' title='bbox 1072 1325 1197 1361; x_wconf 68' lang='grc' dir='ltr'>πρώτους</span> <span class='ocrx_word' id='word_1_542' title='bbox 1223 1326 1359 1360; x_wconf 81' lang='grc' dir='ltr'>καρποὺς,</span> <span class='ocrx_word' id='word_1_543' title='bbox 1387 1325 1434 1352; x_wconf 79' lang='grc' dir='ltr'><strong>ἐὰν</strong></span> <span class='ocrx_word' id='word_1_544' title='bbox 1458 1325 1537 1357; x_wconf 76' lang='grc' dir='ltr'>εὐθὺς</span> <span class='ocrx_word' id='word_1_545' title='bbox 1561 1325 1630 1361; x_wconf 81' lang='grc' dir='ltr'>μετὰ</span> <span class='ocrx_word' id='word_1_546' title='bbox 1652 1325 1701 1361; x_wconf 79' lang='grc' dir='ltr'><strong>τὴν</strong></span> 
     </span>
    </p>
   </div>
   <div class='ocr_carea' id='block_1_74' title="bbox 913 1369 1701 1407">
    <p class='ocr_par' dir='ltr' id='par_1_74' title="bbox 913 1369 1701 1407">
     <span class='ocr_line' id='line_1_74' title="bbox 913 1369 1701 1407; baseline 0.001 -10"><span class='ocrx_word' id='word_1_547' title='bbox 913 1371 1064 1406; x_wconf 74' lang='grc' dir='ltr'>ἀπάνθησιν</span> <span class='ocrx_word' id='word_1_548' title='bbox 1096 1369 1124 1407; x_wconf 85' lang='grc' dir='ltr'>ᾖ.</span> <span class='ocrx_word' id='word_1_549' title='bbox 1154 1370 1341 1398; x_wconf 83' lang='lat' dir='ltr'><strong>Theodoretus</strong></span> <span class='ocrx_word' id='word_1_550' title='bbox 1367 1371 1396 1398; x_wconf 89' lang='lat' dir='ltr'><strong>in</strong></span> <span class='ocrx_word' id='word_1_551' title='bbox 1421 1371 1526 1406; x_wconf 54' lang='lat' dir='ltr'><strong>capital</strong></span> <span class='ocrx_word' id='word_1_552' title='bbox 1551 1370 1701 1403; x_wconf 64' lang='lat' dir='ltr'><strong>Hieromus,</strong></span> 
     </span>
    </p>
   </div>
   <div class='ocr_carea' id='block_1_75' title="bbox 919 1416 1702 1453">
    <p class='ocr_par' dir='ltr' id='par_1_75' title="bbox 919 1416 1702 1453">
     <span class='ocr_line' id='line_1_75' title="bbox 919 1416 1702 1453; baseline -0.001 -10"><span class='ocrx_word' id='word_1_553' title='bbox 919 1417 1024 1448; x_wconf 76' lang='grc' dir='ltr'>Ἰστέον,</span> <span class='ocrx_word' id='word_1_554' title='bbox 1041 1418 1081 1444; x_wconf 80' lang='grc' dir='ltr'>ὅτι</span> <span class='ocrx_word' id='word_1_555' title='bbox 1105 1418 1119 1443; x_wconf 78' lang='grc'>6</span> <span class='ocrx_word' id='word_1_556' title='bbox 1138 1417 1262 1453; x_wconf 80' lang='grc' dir='ltr'>Ἐϐραῖος</span> <span class='ocrx_word' id='word_1_557' title='bbox 1279 1417 1339 1443; x_wconf 50' lang='grc' dir='ltr'><strong>ἀντὶ⁹</strong></span> <span class='ocrx_word' id='word_1_558' title='bbox 1362 1418 1495 1452; x_wconf 79' lang='grc' dir='ltr'>καρυῒνης</span> <span class='ocrx_word' id='word_1_559' title='bbox 1518 1416 1702 1452; x_wconf 77' lang='grc' dir='ltr'><strong>ἁμυγδαλίνην</strong></span> 
     </span>
    </p>
   </div>
   <div class='ocr_carea' id='block_1_76' title="bbox 914 1462 1704 1498">
    <p class='ocr_par' dir='ltr' id='par_1_76' title="bbox 914 1462 1704 1498">
     <span class='ocr_line' id='line_1_76' title="bbox 914 1462 1704 1498; baseline 0 -9"><span class='ocrx_word' id='word_1_560' title='bbox 914 1463 1004 1498; x_wconf 79' lang='grc' dir='ltr'><strong>φησίν.</strong></span> <span class='ocrx_word' id='word_1_561' title='bbox 1029 1463 1059 1488; x_wconf 86' lang='lat' dir='ltr'><strong>&#39;H</strong></span> <span class='ocrx_word' id='word_1_562' title='bbox 1079 1462 1107 1489; x_wconf 76' lang='grc' dir='ltr'><strong>δὲ</strong></span> <span class='ocrx_word' id='word_1_563' title='bbox 1124 1462 1294 1498; x_wconf 84' lang='grc' dir='ltr'><strong>ἀμυγδαλῑνη</strong></span> <span class='ocrx_word' id='word_1_564' title='bbox 1311 1463 1342 1489; x_wconf 83' lang='grc' dir='ltr'>τὸ</span> <span class='ocrx_word' id='word_1_565' title='bbox 1362 1463 1430 1498; x_wconf 77' lang='grc' dir='ltr'>ταχὺ</span> <span class='ocrx_word' id='word_1_566' title='bbox 1446 1463 1495 1498; x_wconf 81' lang='grc' dir='ltr'><strong>τῆς</strong></span> <span class='ocrx_word' id='word_1_567' title='bbox 1514 1463 1649 1498; x_wconf 79' lang='grc' dir='ltr'><strong>τιμωρίας</strong></span> <span class='ocrx_word' id='word_1_568' title='bbox 1663 1463 1704 1489; x_wconf 81' lang='grc' dir='ltr'>αι-</span> 
     </span>
    </p>
   </div>
   <div class='ocr_carea' id='block_1_77' title="bbox 913 1508 1582 1544">
    <p class='ocr_par' dir='ltr' id='par_1_77' title="bbox 913 1508 1582 1544">
     <span class='ocr_line' id='line_1_77' title="bbox 913 1508 1582 1544; baseline 0.001 -10"><span class='ocrx_word' id='word_1_569' title='bbox 913 1508 1029 1535; x_wconf 77' lang='grc' dir='ltr'>νίττεται</span> <span class='ocrx_word' id='word_1_570' title='bbox 1039 1517 1046 1523; x_wconf 93' lang='grc'><strong>·</strong></span> <span class='ocrx_word' id='word_1_571' title='bbox 1062 1508 1115 1543; x_wconf 78' lang='grc' dir='ltr'>πρὸ</span> <span class='ocrx_word' id='word_1_572' title='bbox 1130 1509 1182 1544; x_wconf 81' lang='grc' dir='ltr'><strong>γὰρ</strong></span> <span class='ocrx_word' id='word_1_573' title='bbox 1195 1509 1248 1534; x_wconf 85' lang='grc' dir='ltr'>τῶν</span> <span class='ocrx_word' id='word_1_574' title='bbox 1268 1508 1355 1535; x_wconf 78' lang='grc' dir='ltr'>ἄλλων</span> <span class='ocrx_word' id='word_1_575' title='bbox 1368 1508 1483 1544; x_wconf 81' lang='grc' dir='ltr'>δένδρων</span> <span class='ocrx_word' id='word_1_576' title='bbox 1497 1508 1582 1535; x_wconf 81' lang='grc' dir='ltr'>ἀνθεῖ.</span> 
     </span>
    </p>
   </div>
   <div class='ocr_carea' id='block_1_78' title="bbox 949 1553 1702 1589">
    <p class='ocr_par' dir='ltr' id='par_1_78' title="bbox 949 1553 1702 1589">
     <span class='ocr_line' id='line_1_78' title="bbox 949 1553 1702 1589; baseline 0.001 -9"><span class='ocrx_word' id='word_1_577' title='bbox 949 1554 1029 1585; x_wconf 88' lang='lat' dir='ltr'><strong>lhid.,</strong></span> <span class='ocrx_word' id='word_1_578' title='bbox 1046 1555 1095 1581; x_wconf 90' lang='lat' dir='ltr'><strong>lin.</strong></span> <span class='ocrx_word' id='word_1_579' title='bbox 1111 1555 1155 1582; x_wconf 78' lang='grc'><strong>30.</strong></span> <span class='ocrx_word' id='word_1_580' title='bbox 1175 1556 1206 1582; x_wconf 87' lang='grc' dir='ltr'><strong>Ἠ</strong></span> <span class='ocrx_word' id='word_1_581' title='bbox 1218 1554 1252 1581; x_wconf 78' lang='grc' dir='ltr'><strong>δὲ</strong></span> <span class='ocrx_word' id='word_1_582' title='bbox 1271 1555 1362 1589; x_wconf 77' lang='grc' dir='ltr'><strong>πικρὰ</strong></span> <span class='ocrx_word' id='word_1_583' title='bbox 1377 1554 1545 1589; x_wconf 77' lang='grc' dir='ltr'><strong>ἀμυγδαλῆ.</strong></span> <span class='ocrx_word' id='word_1_584' title='bbox 1573 1553 1702 1585; x_wconf 86' lang='lat' dir='ltr'><strong>Basilius,</strong></span> 
     </span>
    </p>
   </div>
   <div class='ocr_carea' id='block_1_79' title="bbox 914 1600 1704 1636">
    <p class='ocr_par' dir='ltr' id='par_1_79' title="bbox 914 1600 1704 1636">
     <span class='ocr_line' id='line_1_79' title="bbox 914 1600 1704 1636; baseline 0 -10"><span class='ocrx_word' id='word_1_585' title='bbox 914 1601 992 1627; x_wconf 82' lang='lat' dir='ltr'><strong>Hom.</strong></span> <span class='ocrx_word' id='word_1_586' title='bbox 1002 1600 1019 1627; x_wconf 80' lang='grc'><strong>5</strong></span> <span class='ocrx_word' id='word_1_587' title='bbox 1035 1610 1041 1627; x_wconf 85' lang='lat'><strong>:</strong></span> <span class='ocrx_word' id='word_1_588' title='bbox 1059 1601 1126 1627; x_wconf 78' lang='grc' dir='ltr'><strong>Τινὰ</strong></span> <span class='ocrx_word' id='word_1_589' title='bbox 1139 1600 1167 1627; x_wconf 79' lang='grc' dir='ltr'><strong>δὲ</strong></span> <span class='ocrx_word' id='word_1_590' title='bbox 1187 1601 1234 1626; x_wconf 72' lang='grc' dir='ltr'>καὶ</span> <span class='ocrx_word' id='word_1_591' title='bbox 1250 1600 1298 1636; x_wconf 83' lang='grc' dir='ltr'>τὴν</span> <span class='ocrx_word' id='word_1_592' title='bbox 1313 1602 1344 1626; x_wconf 76' lang='grc' dir='ltr'><strong>ἐκ</strong></span> <span class='ocrx_word' id='word_1_593' title='bbox 1366 1600 1473 1634; x_wconf 78' lang='grc' dir='ltr'>φύσεως</span> <span class='ocrx_word' id='word_1_594' title='bbox 1488 1600 1587 1627; x_wconf 75' lang='grc' dir='ltr'>κακίαν</span> <span class='ocrx_word' id='word_1_595' title='bbox 1609 1601 1704 1635; x_wconf 77' lang='grc' dir='ltr'>ἐπιμε-</span> 
     </span>
    </p>
   </div>
   <div class='ocr_carea' id='block_1_80' title="bbox 914 1643 1704 1682">
    <p class='ocr_par' dir='ltr' id='par_1_80' title="bbox 914 1643 1704 1682">
     <span class='ocr_line' id='line_1_80' title="bbox 914 1643 1704 1682; baseline 0 -10"><span class='ocrx_word' id='word_1_596' title='bbox 914 1646 999 1678; x_wconf 79' lang='grc' dir='ltr'><strong>λείαις</strong></span> <span class='ocrx_word' id='word_1_597' title='bbox 1022 1646 1152 1682; x_wconf 78' lang='grc' dir='ltr'>γεωργῶν</span> <span class='ocrx_word' id='word_1_598' title='bbox 1177 1646 1383 1682; x_wconf 74' lang='grc' dir='ltr'>θεραπευόμενα</span> <span class='ocrx_word' id='word_1_599' title='bbox 1407 1646 1544 1681; x_wconf 74' lang='grc' dir='ltr'><strong>ἔγνωμεν·</strong></span> <span class='ocrx_word' id='word_1_600' title='bbox 1573 1643 1628 1673; x_wconf 77' lang='grc' dir='ltr'>οἷον</span> <span class='ocrx_word' id='word_1_601' title='bbox 1654 1646 1704 1678; x_wconf 75' lang='grc' dir='ltr'>τὰς</span> 
     </span>
    </p>
   </div>
   <div class='ocr_carea' id='block_1_81' title="bbox 915 1691 1701 1727">
    <p class='ocr_par' dir='ltr' id='par_1_81' title="bbox 915 1691 1701 1727">
     <span class='ocr_line' id='line_1_81' title="bbox 915 1691 1701 1727; baseline 0 -9"><span class='ocrx_word' id='word_1_602' title='bbox 915 1691 1003 1724; x_wconf 77' lang='grc' dir='ltr'>ὀξείας</span> <span class='ocrx_word' id='word_1_603' title='bbox 1026 1691 1110 1727; x_wconf 77' lang='grc' dir='ltr'>ῥοιὰς,</span> <span class='ocrx_word' id='word_1_604' title='bbox 1133 1691 1179 1718; x_wconf 77' lang='grc' dir='ltr'>καὶ</span> <span class='ocrx_word' id='word_1_605' title='bbox 1201 1692 1254 1718; x_wconf 80' lang='grc' dir='ltr'><strong>τῶν</strong></span> <span class='ocrx_word' id='word_1_606' title='bbox 1279 1691 1440 1727; x_wconf 78' lang='grc' dir='ltr'>ἀμυγδαλῶν</span> <span class='ocrx_word' id='word_1_607' title='bbox 1461 1691 1510 1724; x_wconf 75' lang='grc' dir='ltr'>τὰς</span> <span class='ocrx_word' id='word_1_608' title='bbox 1527 1692 1701 1727; x_wconf 79' lang='grc' dir='ltr'>πικροτέρας,</span> 
     </span>
    </p>
   </div>
   <div class='ocr_carea' id='block_1_82' title="bbox 916 1737 1704 1774">
    <p class='ocr_par' dir='ltr' id='par_1_82' title="bbox 916 1737 1704 1774">
     <span class='ocr_line' id='line_1_82' title="bbox 916 1737 1704 1774; baseline 0 -9"><span class='ocrx_word' id='word_1_609' title='bbox 916 1739 979 1765; x_wconf 84' lang='grc' dir='ltr'>ὃταν</span> <span class='ocrx_word' id='word_1_610' title='bbox 994 1738 1179 1774; x_wconf 80' lang='grc' dir='ltr'>διατρηθεῖσαι</span> <span class='ocrx_word' id='word_1_611' title='bbox 1195 1738 1226 1765; x_wconf 80' lang='grc' dir='ltr'>τὸ</span> <span class='ocrx_word' id='word_1_612' title='bbox 1246 1738 1314 1773; x_wconf 74' lang='grc' dir='ltr'>πρὸς</span> <span class='ocrx_word' id='word_1_613' title='bbox 1331 1739 1369 1774; x_wconf 81' lang='grc' dir='ltr'><strong>τῇ·</strong></span> <span class='ocrx_word' id='word_1_614' title='bbox 1389 1737 1450 1774; x_wconf 72' lang='grc' dir='ltr'><strong>ῥίζῃ</strong></span> <span class='ocrx_word' id='word_1_615' title='bbox 1475 1738 1600 1773; x_wconf 81' lang='grc' dir='ltr'>στέλεχος</span> <span class='ocrx_word' id='word_1_616' title='bbox 1616 1738 1704 1773; x_wconf 76' lang='grc' dir='ltr'>σφῆνα</span> 
     </span>
    </p>
   </div>
   <div class='ocr_carea' id='block_1_83' title="bbox 916 1784 1704 1821">
    <p class='ocr_par' dir='ltr' id='par_1_83' title="bbox 916 1784 1704 1821">
     <span class='ocr_line' id='line_1_83' title="bbox 916 1784 1704 1821; baseline 0.001 -10"><span class='ocrx_word' id='word_1_617' title='bbox 916 1786 1020 1821; x_wconf 77' lang='grc' dir='ltr'>πεύκης</span> <span class='ocrx_word' id='word_1_618' title='bbox 1046 1785 1160 1820; x_wconf 81' lang='grc' dir='ltr'>λιπαρὸν</span> <span class='ocrx_word' id='word_1_619' title='bbox 1177 1784 1226 1820; x_wconf 83' lang='grc' dir='ltr'><strong>τῆς</strong></span> <span class='ocrx_word' id='word_1_620' title='bbox 1249 1784 1410 1820; x_wconf 82' lang='grc' dir='ltr'>ὲντεριὼνης</span> <span class='ocrx_word' id='word_1_621' title='bbox 1437 1785 1522 1819; x_wconf 80' lang='grc' dir='ltr'><strong>μέσης</strong></span> <span class='ocrx_word' id='word_1_622' title='bbox 1547 1784 1704 1812; x_wconf 80' lang='grc' dir='ltr'>διελαθέντα</span> 
     </span>
    </p>
   </div>
   <div class='ocr_carea' id='block_1_84' title="bbox 915 1830 1703 1867">
    <p class='ocr_par' dir='ltr' id='par_1_84' title="bbox 915 1830 1703 1867">
     <span class='ocr_line' id='line_1_84' title="bbox 915 1830 1703 1867; baseline -0.001 -9"><span class='ocrx_word' id='word_1_623' title='bbox 915 1832 1053 1865; x_wconf 78' lang='grc' dir='ltr'>δέξωνται,</span> <span class='ocrx_word' id='word_1_624' title='bbox 1072 1832 1111 1863; x_wconf 77' lang='grc' dir='ltr'>εἰς</span> <span class='ocrx_word' id='word_1_625' title='bbox 1123 1831 1286 1867; x_wconf 81' lang='grc' dir='ltr'>εὐχρηστίαν</span> <span class='ocrx_word' id='word_1_626' title='bbox 1303 1830 1499 1865; x_wconf 77' lang='grc' dir='ltr'>μεταϐάλλουσι</span> <span class='ocrx_word' id='word_1_627' title='bbox 1510 1830 1572 1857; x_wconf 86' lang='grc' dir='ltr'>τότε</span> <span class='ocrx_word' id='word_1_628' title='bbox 1591 1830 1638 1857; x_wconf 85' lang='grc' dir='ltr'>τοῦ</span> <span class='ocrx_word' id='word_1_629' title='bbox 1655 1839 1703 1866; x_wconf 89' lang='grc' dir='ltr'>χυ-</span> 
     </span>
    </p>
   </div>
   <div class='ocr_carea' id='block_1_85' title="bbox 919 1874 1703 1913">
    <p class='ocr_par' dir='ltr' id='par_1_85' title="bbox 919 1874 1703 1913">
     <span class='ocr_line' id='line_1_85' title="bbox 919 1874 1703 1913; baseline 0 -10"><span class='ocrx_word' id='word_1_630' title='bbox 919 1877 969 1913; x_wconf 79' lang='grc' dir='ltr'><strong>μοῦ</strong></span> <span class='ocrx_word' id='word_1_631' title='bbox 993 1877 1045 1911; x_wconf 81' lang='grc' dir='ltr'>τὴν</span> <span class='ocrx_word' id='word_1_632' title='bbox 1069 1875 1464 1912; x_wconf 72' lang='grc' dir='ltr'>δυσχέρειαν.Τιιοοριιιιιειιιε,</span> <span class='ocrx_word' id='word_1_633' title='bbox 1484 1874 1586 1902; x_wconf 82' lang='lat' dir='ltr'><strong>Histor.</strong></span> <span class='ocrx_word' id='word_1_634' title='bbox 1615 1875 1703 1910; x_wconf 78' lang='lat' dir='ltr'><strong>plant.</strong></span> 
     </span>
    </p>
   </div>
   <div class='ocr_carea' id='block_1_86' title="bbox 917 1922 1702 1957">
    <p class='ocr_par' dir='ltr' id='par_1_86' title="bbox 917 1922 1702 1957">
     <span class='ocr_line' id='line_1_86' title="bbox 917 1922 1702 1957; baseline -0.001 -7"><span class='ocrx_word' id='word_1_635' title='bbox 917 1925 964 1951; x_wconf 88' lang='lat' dir='ltr'><strong>lib.</strong></span> <span class='ocrx_word' id='word_1_636' title='bbox 979 1931 1009 1954; x_wconf 86' lang='grc' dir='ltr'><strong>ιι,</strong></span> <span class='ocrx_word' id='word_1_637' title='bbox 1031 1931 1091 1957; x_wconf 81' lang='lat' dir='ltr'><strong>cap.</strong></span> <span class='ocrx_word' id='word_1_638' title='bbox 1108 1923 1134 1954; x_wconf 86' lang='lat'><strong>8.</strong></span> <span class='ocrx_word' id='word_1_639' title='bbox 1157 1922 1325 1957; x_wconf 79' lang='lat' dir='ltr'><strong>amygdalam</strong></span> <span class='ocrx_word' id='word_1_640' title='bbox 1347 1930 1379 1950; x_wconf 82' lang='lat' dir='ltr'><strong>ex</strong></span> <span class='ocrx_word' id='word_1_641' title='bbox 1401 1929 1492 1948; x_wconf 87' lang='lat' dir='ltr'><strong>amara</strong></span> <span class='ocrx_word' id='word_1_642' title='bbox 1515 1922 1619 1950; x_wconf 87' lang='lat' dir='ltr'><strong>dulcem</strong></span> <span class='ocrx_word' id='word_1_643' title='bbox 1632 1922 1702 1949; x_wconf 80' lang='lat' dir='ltr'><strong>ellici</strong></span> 
     </span>
    </p>
   </div>
   <div class='ocr_carea' id='block_1_87' title="bbox 917 1968 1705 2004">
    <p class='ocr_par' dir='ltr' id='par_1_87' title="bbox 917 1968 1705 2004">
     <span class='ocr_line' id='line_1_87' title="bbox 917 1968 1705 2004; baseline -0.003 -8"><span class='ocrx_word' id='word_1_644' title='bbox 917 1970 985 2000; x_wconf 79' lang='lat' dir='ltr'><strong>vult.</strong></span> <span class='ocrx_word' id='word_1_645' title='bbox 1001 1969 1024 1996; x_wconf 91' lang='lat' dir='ltr'><strong>si</strong></span> <span class='ocrx_word' id='word_1_646' title='bbox 1048 1971 1109 2004; x_wconf 89' lang='lat' dir='ltr'><strong>quis</strong></span> <span class='ocrx_word' id='word_1_647' title='bbox 1131 1969 1246 1996; x_wconf 83' lang='lat' dir='ltr'><strong>caudice</strong></span> <span class='ocrx_word' id='word_1_648' title='bbox 1264 1968 1446 1996; x_wconf 84' lang='lat' dir='ltr'><strong>circumfosso</strong></span> <span class='ocrx_word' id='word_1_649' title='bbox 1464 1969 1705 2003; x_wconf 77' lang='lat' dir='ltr'><strong>praeterforatoque</strong></span> 
     </span>
    </p>
   </div>
   <div class='ocr_carea' id='block_1_88' title="bbox 919 2013 1704 2050">
    <p class='ocr_par' dir='ltr' id='par_1_88' title="bbox 919 2013 1704 2050">
     <span class='ocr_line' id='line_1_88' title="bbox 919 2013 1704 2050; baseline -0.003 -8"><span class='ocrx_word' id='word_1_650' title='bbox 919 2024 1046 2044; x_wconf 84' lang='lat' dir='ltr'><strong>mensura</strong></span> <span class='ocrx_word' id='word_1_651' title='bbox 1068 2015 1222 2042; x_wconf 87' lang='lat' dir='ltr'><strong>dodrantali</strong></span> <span class='ocrx_word' id='word_1_652' title='bbox 1241 2015 1362 2049; x_wconf 89' lang='lat' dir='ltr'><strong>undique</strong></span> <span class='ocrx_word' id='word_1_653' title='bbox 1383 2015 1528 2050; x_wconf 84' lang='lat' dir='ltr'><strong>lacrymam</strong></span> <span class='ocrx_word' id='word_1_654' title='bbox 1552 2013 1704 2041; x_wconf 77' lang='lat' dir='ltr'><strong>emuentem</strong></span> 
     </span>
    </p>
   </div>
   <div class='ocr_carea' id='block_1_89' title="bbox 919 2060 1706 2096">
    <p class='ocr_par' dir='ltr' id='par_1_89' title="bbox 919 2060 1706 2096">
     <span class='ocr_line' id='line_1_89' title="bbox 919 2060 1706 2096; baseline -0.005 -6"><span class='ocrx_word' id='word_1_655' title='bbox 919 2064 946 2090; x_wconf 88' lang='lat' dir='ltr'><strong>in</strong></span> <span class='ocrx_word' id='word_1_656' title='bbox 973 2063 1043 2090; x_wconf 89' lang='lat' dir='ltr'><strong>idem</strong></span> <span class='ocrx_word' id='word_1_657' title='bbox 1073 2062 1193 2089; x_wconf 85' lang='lat' dir='ltr'><strong>deﬂuere</strong></span> <span class='ocrx_word' id='word_1_658' title='bbox 1217 2061 1299 2089; x_wconf 87' lang='lat' dir='ltr'><strong>sinat.</strong></span> <span class='ocrx_word' id='word_1_659' title='bbox 1319 2061 1387 2088; x_wconf 82' lang='lat' dir='ltr'><strong>Vide</strong></span> <span class='ocrx_word' id='word_1_660' title='bbox 1408 2061 1545 2096; x_wconf 88' lang='lat' dir='ltr'><strong>ejusdem,</strong></span> <span class='ocrx_word' id='word_1_661' title='bbox 1566 2060 1606 2087; x_wconf 86' lang='lat' dir='ltr'><strong>De</strong></span> <span class='ocrx_word' id='word_1_662' title='bbox 1619 2060 1706 2087; x_wconf 70' lang='lat' dir='ltr'><strong>cautis</strong></span> 
     </span>
    </p>
   </div>
   <div class='ocr_carea' id='block_1_90' title="bbox 918 2105 1707 2142">
    <p class='ocr_par' dir='ltr' id='par_1_90' title="bbox 918 2105 1707 2142">
     <span class='ocr_line' id='line_1_90' title="bbox 918 2105 1707 2142; baseline -0.001 -9"><span class='ocrx_word' id='word_1_663' title='bbox 918 2107 1001 2141; x_wconf 79' lang='lat' dir='ltr'><strong>plant.</strong></span> <span class='ocrx_word' id='word_1_664' title='bbox 1021 2107 1067 2134; x_wconf 86' lang='lat' dir='ltr'><strong>lib.</strong></span> <span class='ocrx_word' id='word_1_665' title='bbox 1085 2115 1104 2139; x_wconf 86' lang='grc' dir='ltr'><strong>ι,</strong></span> <span class='ocrx_word' id='word_1_666' title='bbox 1120 2107 1202 2142; x_wconf 87' lang='lat' dir='ltr'><strong>capit.</strong></span> <span class='ocrx_word' id='word_1_667' title='bbox 1218 2106 1264 2137; x_wconf 69' lang='lat'><strong>21.</strong></span> <span class='ocrx_word' id='word_1_668' title='bbox 1279 2114 1334 2141; x_wconf 92' lang='lat' dir='ltr'><strong>quo</strong></span> <span class='ocrx_word' id='word_1_669' title='bbox 1348 2106 1409 2133; x_wconf 89' lang='lat' dir='ltr'><strong>loco</strong></span> <span class='ocrx_word' id='word_1_670' title='bbox 1430 2105 1598 2141; x_wconf 79' lang='lat' dir='ltr'><strong>amygdalam</strong></span> <span class='ocrx_word' id='word_1_671' title='bbox 1611 2105 1707 2132; x_wconf 88' lang='lat' dir='ltr'><strong>humo-</strong></span> 
     </span>
    </p>
   </div>
   <div class='ocr_carea' id='block_1_91' title="bbox 920 2150 1705 2187">
    <p class='ocr_par' dir='ltr' id='par_1_91' title="bbox 920 2150 1705 2187">
     <span class='ocr_line' id='line_1_91' title="bbox 920 2150 1705 2187; baseline -0.004 -7"><span class='ocrx_word' id='word_1_672' title='bbox 920 2153 958 2180; x_wconf 87' lang='lat' dir='ltr'><strong>ris</strong></span> <span class='ocrx_word' id='word_1_673' title='bbox 978 2153 1143 2180; x_wconf 89' lang='lat' dir='ltr'><strong>ahundantia</strong></span> <span class='ocrx_word' id='word_1_674' title='bbox 1168 2152 1287 2180; x_wconf 88' lang='lat' dir='ltr'><strong>sterilem</strong></span> <span class='ocrx_word' id='word_1_675' title='bbox 1316 2152 1357 2179; x_wconf 87' lang='lat' dir='ltr'><strong>sic</strong></span> <span class='ocrx_word' id='word_1_676' title='bbox 1375 2152 1501 2187; x_wconf 81' lang='lat' dir='ltr'><strong>castigari</strong></span> <span class='ocrx_word' id='word_1_677' title='bbox 1527 2151 1611 2178; x_wconf 85' lang='lat' dir='ltr'><strong>tradit</strong></span> <span class='ocrx_word' id='word_1_678' title='bbox 1634 2150 1705 2177; x_wconf 87' lang='lat' dir='ltr'><strong>Plin.</strong></span> 
     </span>
    </p>
   </div>
   <div class='ocr_carea' id='block_1_92' title="bbox 76 2197 1706 2235">
    <p class='ocr_par' dir='ltr' id='par_1_92' title="bbox 76 2197 1706 2235">
     <span class='ocr_line' id='line_1_92' title="bbox 76 2197 1706 2235; baseline -0.002 -9"><span class='ocrx_word' id='word_1_679' title='bbox 76 2199 301 2233; x_wconf 81' lang='lat' dir='ltr'><strong>mutationesque</strong></span> <span class='ocrx_word' id='word_1_680' title='bbox 311 2199 346 2231; x_wconf 81' lang='lat' dir='ltr'><strong>_iu</strong></span> <span class='ocrx_word' id='word_1_681' title='bbox 367 2199 400 2225; x_wconf 91' lang='lat' dir='ltr'><strong>iis</strong></span> <span class='ocrx_word' id='word_1_682' title='bbox 414 2198 536 2232; x_wconf 80' lang='lat' dir='ltr'><strong>quotidie</strong></span> <span class='ocrx_word' id='word_1_683' title='bbox 547 2202 703 2229; x_wconf 70' lang='lat' dir='ltr'><strong>seruantur,</strong></span> <span class='ocrx_word' id='word_1_684' title='bbox 719 2202 747 2224; x_wconf 85' lang='lat' dir='ltr'><strong>et</strong></span> <span class='ocrx_word' id='word_1_685' title='bbox 759 2197 864 2233; x_wconf 88' lang='lat' dir='ltr'><strong>Hippon</strong></span> <span class='ocrx_word' id='word_1_686' title='bbox 883 2207 905 2235; x_wconf 77' lang='grc' dir='ltr'>υ</span> <span class='ocrx_word' id='word_1_687' title='bbox 920 2199 966 2226; x_wconf 88' lang='lat' dir='ltr'><strong>lib.</strong></span> <span class='ocrx_word' id='word_1_688' title='bbox 986 2207 1051 2229; x_wconf 84' lang='lat' dir='ltr'><strong>xvu,</strong></span> <span class='ocrx_word' id='word_1_689' title='bbox 1066 2206 1126 2234; x_wconf 91' lang='lat' dir='ltr'><strong>cap.</strong></span> <span class='ocrx_word' id='word_1_690' title='bbox 1141 2199 1189 2226; x_wconf 72' lang='lat'><strong>&#39;27:</strong></span> <span class='ocrx_word' id='word_1_691' title='bbox 1202 2198 1357 2234; x_wconf 64' lang='lat' dir='ltr'><strong>Amygdala</strong></span> <span class='ocrx_word' id='word_1_692' title='bbox 1369 2206 1402 2226; x_wconf 75' lang='lat' dir='ltr'><strong>ea:</strong></span> <span class='ocrx_word' id='word_1_693' title='bbox 1415 2198 1514 2225; x_wconf 71' lang='lat' dir='ltr'><strong>amari:</strong></span> <span class='ocrx_word' id='word_1_694' title='bbox 1531 2197 1619 2224; x_wconf 72' lang='lat' dir='ltr'><strong>dulces</strong></span> <span class='ocrx_word' id='word_1_695' title='bbox 1640 2198 1706 2231; x_wconf 81' lang='lat' dir='ltr'><strong>ﬁunt</strong></span> 
     </span>
    </p>
   </div>
   <div class='ocr_carea' id='block_1_93' title="bbox 30 2244 866 2279">
    <p class='ocr_par' dir='ltr' id='par_1_93' title="bbox 30 2244 866 2279">
     <span class='ocr_line' id='line_1_93' title="bbox 30 2244 866 2279; baseline -0.002 -7"><span class='ocrx_word' id='word_1_696' title='bbox 30 2259 33 2262; x_wconf 98' lang='lat'><strong><em>-</em></strong></span> <span class='ocrx_word' id='word_1_697' title='bbox 75 2250 176 2272; x_wconf 81' lang='lat' dir='ltr'><strong>auctor</strong></span> <span class='ocrx_word' id='word_1_698' title='bbox 186 2249 239 2275; x_wconf 89' lang='lat' dir='ltr'><strong>est,</strong></span> <span class='ocrx_word' id='word_1_699' title='bbox 251 2252 359 2271; x_wconf 82' lang='lat' dir='ltr'><strong>onmem</strong></span> <span class='ocrx_word' id='word_1_700' title='bbox 376 2245 508 2279; x_wconf 86' lang='lat' dir='ltr'><strong>plantam,</strong></span> <span class='ocrx_word' id='word_1_701' title='bbox 524 2249 550 2271; x_wconf 89' lang='lat' dir='ltr'><strong>et</strong></span> <span class='ocrx_word' id='word_1_702' title='bbox 564 2244 727 2276; x_wconf 76' lang='lat' dir='ltr'><strong>silvestrem,</strong></span> <span class='ocrx_word' id='word_1_703' title='bbox 742 2250 768 2271; x_wconf 92' lang='lat' dir='ltr'><strong>et</strong></span> <span class='ocrx_word' id='word_1_704' title='bbox 784 2244 866 2271; x_wconf 87' lang='lat' dir='ltr'><strong>urba-</strong></span> 
     </span>
    </p>
   </div>
   <div class='ocr_carea' id='block_1_94' title="bbox 76 2291 865 2326">
    <p class='ocr_par' dir='ltr' id='par_1_94' title="bbox 76 2291 865 2326">
     <span class='ocr_line' id='line_1_94' title="bbox 76 2291 865 2326; baseline 0 -8"><span class='ocrx_word' id='word_1_705' title='bbox 76 2300 143 2319; x_wconf 88' lang='lat' dir='ltr'><strong>nam</strong></span> <span class='ocrx_word' id='word_1_706' title='bbox 161 2291 263 2318; x_wconf 84' lang='lat' dir='ltr'><strong>rultum</strong></span> <span class='ocrx_word' id='word_1_707' title='bbox 281 2291 416 2326; x_wconf 83' lang='lat' dir='ltr'><strong>adeptam,</strong></span> <span class='ocrx_word' id='word_1_708' title='bbox 433 2295 479 2318; x_wconf 86' lang='lat' dir='ltr'><strong>aut</strong></span> <span class='ocrx_word' id='word_1_709' title='bbox 491 2299 545 2318; x_wconf 85' lang='lat' dir='ltr'><strong>non</strong></span> <span class='ocrx_word' id='word_1_710' title='bbox 561 2292 686 2326; x_wconf 77' lang='lat' dir='ltr'><strong>adeptam</strong></span> <span class='ocrx_word' id='word_1_711' title='bbox 698 2291 865 2325; x_wconf 82' lang='lat' dir='ltr'><strong>ellieiposse.</strong></span> 
     </span>
    </p>
   </div>
   <div class='ocr_carea' id='block_1_95' title="bbox 75 2335 878 2373">
    <p class='ocr_par' dir='ltr' id='par_1_95' title="bbox 75 2335 878 2373">
     <span class='ocr_line' id='line_1_95' title="bbox 75 2335 878 2373; baseline -0.005 -7"><span class='ocrx_word' id='word_1_712' title='bbox 75 2345 105 2366; x_wconf 85' lang='lat' dir='ltr'><strong>et</strong></span> <span class='ocrx_word' id='word_1_713' title='bbox 133 2341 276 2373; x_wconf 86' lang='lat' dir='ltr'><strong>peccatum</strong></span> <span class='ocrx_word' id='word_1_714' title='bbox 302 2337 328 2364; x_wconf 90' lang='lat' dir='ltr'><strong>id</strong></span> <span class='ocrx_word' id='word_1_715' title='bbox 354 2345 406 2364; x_wconf 90' lang='lat' dir='ltr'><strong>non</strong></span> <span class='ocrx_word' id='word_1_716' title='bbox 426 2337 524 2364; x_wconf 82' lang='lat' dir='ltr'><strong>faciet?</strong></span> <span class='ocrx_word' id='word_1_717' title='bbox 546 2344 624 2371; x_wconf 63' lang='lat' dir='ltr'><strong>plena</strong></span> <span class='ocrx_word' id='word_1_718' title='bbox 652 2336 773 2371; x_wconf 86' lang='lat' dir='ltr'><strong>peccati?</strong></span> <span class='ocrx_word' id='word_1_719' title='bbox 797 2335 878 2364; x_wconf 85' lang='lat' dir='ltr'><strong>Deus.</strong></span> 
     </span>
    </p>
   </div>
   <div class='ocr_carea' id='block_1_96' title="bbox 76 2381 867 2420">
    <p class='ocr_par' dir='ltr' id='par_1_96' title="bbox 76 2381 867 2420">
     <span class='ocr_line' id='line_1_96' title="bbox 76 2381 867 2420; baseline -0.006 -7"><span class='ocrx_word' id='word_1_720' title='bbox 76 2386 159 2420; x_wconf 77' lang='lat' dir='ltr'><strong>ipse?</strong></span> <span class='ocrx_word' id='word_1_721' title='bbox 188 2385 276 2416; x_wconf 81' lang='lat' dir='ltr'><strong>Adde,</strong></span> <span class='ocrx_word' id='word_1_722' title='bbox 293 2386 387 2419; x_wconf 88' lang='lat' dir='ltr'><strong>spinas</strong></span> <span class='ocrx_word' id='word_1_723' title='bbox 403 2387 428 2410; x_wconf 88' lang='lat' dir='ltr'><strong>et</strong></span> <span class='ocrx_word' id='word_1_724' title='bbox 447 2383 563 2410; x_wconf 88' lang='lat' dir='ltr'><strong>tribulos</strong></span> <span class='ocrx_word' id='word_1_725' title='bbox 580 2382 740 2417; x_wconf 82' lang='lat' dir='ltr'><strong>germinabit</strong></span> <span class='ocrx_word' id='word_1_726' title='bbox 766 2382 823 2409; x_wconf 89' lang='lat' dir='ltr'><strong>tibi.</strong></span> <span class='ocrx_word' id='word_1_727' title='bbox 839 2381 867 2409; x_wconf 89' lang='lat' dir='ltr'><strong>Si</strong></span> 
     </span>
    </p>
   </div>
   <div class='ocr_carea' id='block_1_97' title="bbox 74 2431 869 2469">
    <p class='ocr_par' dir='ltr' id='par_1_97' title="bbox 74 2431 869 2469">
     <span class='ocr_line' id='line_1_97' title="bbox 74 2431 869 2469; baseline -0.005 -8"><span class='ocrx_word' id='word_1_728' title='bbox 74 2436 133 2469; x_wconf 87' lang='lat' dir='ltr'><strong>jam</strong></span> <span class='ocrx_word' id='word_1_729' title='bbox 151 2438 227 2462; x_wconf 91' lang='lat' dir='ltr'><strong>erant</strong></span> <span class='ocrx_word' id='word_1_730' title='bbox 244 2434 338 2468; x_wconf 60' lang='lat' dir='ltr'><strong>spinae,</strong></span> <span class='ocrx_word' id='word_1_731' title='bbox 357 2434 379 2460; x_wconf 90' lang='lat' dir='ltr'><strong>si</strong></span> <span class='ocrx_word' id='word_1_732' title='bbox 399 2433 455 2467; x_wconf 85' lang='lat' dir='ltr'><strong>jam</strong></span> <span class='ocrx_word' id='word_1_733' title='bbox 473 2431 576 2463; x_wconf 88' lang='lat' dir='ltr'><strong>tribuli,</strong></span> <span class='ocrx_word' id='word_1_734' title='bbox 594 2432 685 2458; x_wconf 89' lang='lat' dir='ltr'><strong>inania</strong></span> <span class='ocrx_word' id='word_1_735' title='bbox 700 2431 789 2457; x_wconf 76' lang='lat' dir='ltr'><strong>divina</strong></span> <span class='ocrx_word' id='word_1_736' title='bbox 807 2438 869 2458; x_wconf 90' lang='lat' dir='ltr'><strong>ver-</strong></span> 
     </span>
    </p>
   </div>
   <div class='ocr_carea' id='block_1_98' title="bbox 74 2476 867 2513">
    <p class='ocr_par' dir='ltr' id='par_1_98' title="bbox 74 2476 867 2513">
     <span class='ocr_line' id='line_1_98' title="bbox 74 2476 867 2513; baseline -0.004 -7"><span class='ocrx_word' id='word_1_737' title='bbox 74 2481 123 2511; x_wconf 81' lang='lat' dir='ltr'><strong>ba.</strong></span> <span class='ocrx_word' id='word_1_738' title='bbox 137 2479 229 2506; x_wconf 90' lang='lat' dir='ltr'><strong>inanis</strong></span> <span class='ocrx_word' id='word_1_739' title='bbox 241 2486 319 2513; x_wconf 86' lang='lat' dir='ltr'><strong>poena</strong></span> <span class='ocrx_word' id='word_1_740' title='bbox 332 2482 358 2505; x_wconf 87' lang='lat' dir='ltr'><strong>et</strong></span> <span class='ocrx_word' id='word_1_741' title='bbox 372 2477 672 2511; x_wconf 84' lang='lat' dir='ltr'><strong>maledictio,qu:nnvis</strong></span> <span class='ocrx_word' id='word_1_742' title='bbox 683 2476 758 2503; x_wconf 84' lang='lat' dir='ltr'><strong>dicas</strong></span> <span class='ocrx_word' id='word_1_743' title='bbox 773 2476 867 2507; x_wconf 83' lang='lat' dir='ltr'><strong>fuisse,</strong></span> 
     </span>
    </p>
   </div>
   <div class='ocr_carea' id='block_1_99' title="bbox 77 2522 869 2559">
    <p class='ocr_par' dir='ltr' id='par_1_99' title="bbox 77 2522 869 2559">
     <span class='ocr_line' id='line_1_99' title="bbox 77 2522 869 2559; baseline -0.008 -5"><span class='ocrx_word' id='word_1_744' title='bbox 77 2526 126 2554; x_wconf 79' lang='lat' dir='ltr'><strong>sed</strong></span> <span class='ocrx_word' id='word_1_745' title='bbox 151 2534 206 2552; x_wconf 88' lang='lat' dir='ltr'><strong>non</strong></span> <span class='ocrx_word' id='word_1_746' title='bbox 230 2526 258 2552; x_wconf 87' lang='lat' dir='ltr'><strong>in</strong></span> <span class='ocrx_word' id='word_1_747' title='bbox 276 2532 396 2559; x_wconf 67' lang='lat' dir='ltr'><strong>poenam.</strong></span> <span class='ocrx_word' id='word_1_748' title='bbox 415 2523 478 2550; x_wconf 62' lang='lat' dir='ltr'><strong>Haec</strong></span> <span class='ocrx_word' id='word_1_749' title='bbox 497 2527 571 2553; x_wconf 83' lang='lat' dir='ltr'><strong>sunt,</strong></span> <span class='ocrx_word' id='word_1_750' title='bbox 594 2522 695 2553; x_wconf 84' lang='lat' dir='ltr'><strong>Pereri,</strong></span> <span class='ocrx_word' id='word_1_751' title='bbox 711 2530 782 2557; x_wconf 64' lang='lat' dir='ltr'><strong>quae,</strong></span> <span class='ocrx_word' id='word_1_752' title='bbox 799 2526 826 2549; x_wconf 88' lang='lat' dir='ltr'><strong>et</strong></span> <span class='ocrx_word' id='word_1_753' title='bbox 846 2522 869 2549; x_wconf 88' lang='lat' dir='ltr'><strong>si</strong></span> 
     </span>
    </p>
   </div>
   <div class='ocr_carea' id='block_1_100' title="bbox 76 2567 870 2602">
    <p class='ocr_par' dir='ltr' id='par_1_100' title="bbox 76 2567 870 2602">
     <span class='ocr_line' id='line_1_100' title="bbox 76 2567 870 2602; baseline -0.008 -4"><span class='ocrx_word' id='word_1_754' title='bbox 76 2579 133 2598; x_wconf 89' lang='lat' dir='ltr'><strong>non</strong></span> <span class='ocrx_word' id='word_1_755' title='bbox 147 2574 221 2598; x_wconf 85' lang='lat' dir='ltr'><strong>esset</strong></span> <span class='ocrx_word' id='word_1_756' title='bbox 236 2569 386 2598; x_wconf 85' lang='lat' dir='ltr'><strong>Eustathii.</strong></span> <span class='ocrx_word' id='word_1_757' title='bbox 404 2569 508 2599; x_wconf 77' lang='lat' dir='ltr'><strong>Basilii,</strong></span> <span class='ocrx_word' id='word_1_758' title='bbox 525 2567 680 2602; x_wconf 80' lang='lat' dir='ltr'><strong>Augustini,</strong></span> <span class='ocrx_word' id='word_1_759' title='bbox 694 2575 809 2602; x_wconf 79' lang='lat' dir='ltr'><strong>quorum</strong></span> <span class='ocrx_word' id='word_1_760' title='bbox 823 2574 870 2601; x_wconf 84' lang='lat' dir='ltr'><strong>pa-</strong></span> 
     </span>
    </p>
   </div>
   <div class='ocr_carea' id='block_1_101' title="bbox 78 2614 869 2648">
    <p class='ocr_par' dir='ltr' id='par_1_101' title="bbox 78 2614 869 2648">
     <span class='ocr_line' id='line_1_101' title="bbox 78 2614 869 2648; baseline -0.005 -4"><span class='ocrx_word' id='word_1_761' title='bbox 78 2623 153 2644; x_wconf 89' lang='lat' dir='ltr'><strong>trum</strong></span> <span class='ocrx_word' id='word_1_762' title='bbox 167 2618 174 2644; x_wconf 76' lang='grc' dir='ltr'>ε</span> <span class='ocrx_word' id='word_1_763' title='bbox 191 2617 352 2648; x_wconf 83' lang='lat' dir='ltr'><strong>auctmitas,</strong></span> <span class='ocrx_word' id='word_1_764' title='bbox 378 2615 511 2642; x_wconf 89' lang='lat' dir='ltr'><strong>inducunt</strong></span> <span class='ocrx_word' id='word_1_765' title='bbox 529 2620 558 2641; x_wconf 93' lang='lat' dir='ltr'><strong>ut</strong></span> <span class='ocrx_word' id='word_1_766' title='bbox 573 2614 681 2641; x_wconf 76' lang='lat' dir='ltr'><strong>credant</strong></span> <span class='ocrx_word' id='word_1_767' title='bbox 705 2622 794 2641; x_wconf 86' lang='lat' dir='ltr'><strong>rosam</strong></span> <span class='ocrx_word' id='word_1_768' title='bbox 808 2617 869 2640; x_wconf 86' lang='lat' dir='ltr'><strong>ante</strong></span> 
     </span>
    </p>
   </div>
   <div class='ocr_carea' id='block_1_102' title="bbox 77 2661 645 2698">
    <p class='ocr_par' dir='ltr' id='par_1_102' title="bbox 77 2661 645 2698">
     <span class='ocr_line' id='line_1_102' title="bbox 77 2661 645 2698; baseline -0.005 -9"><span class='ocrx_word' id='word_1_769' title='bbox 77 2669 223 2698; x_wconf 79' lang='lat' dir='ltr'><strong>peccatum</strong></span> <span class='ocrx_word' id='word_1_770' title='bbox 238 2662 336 2689; x_wconf 84' lang='lat' dir='ltr'><strong>factam</strong></span> <span class='ocrx_word' id='word_1_771' title='bbox 353 2670 415 2689; x_wconf 85' lang='lat' dir='ltr'><strong>esse</strong></span> <span class='ocrx_word' id='word_1_772' title='bbox 430 2661 533 2695; x_wconf 88' lang='lat' dir='ltr'><strong>absque</strong></span> <span class='ocrx_word' id='word_1_773' title='bbox 549 2661 645 2695; x_wconf 89' lang='lat' dir='ltr'><strong>spinis.</strong></span> 
     </span>
    </p>
   </div>
   <div class='ocr_carea' id='block_1_103' title="bbox 114 2706 870 2742">
    <p class='ocr_par' dir='ltr' id='par_1_103' title="bbox 114 2706 870 2742">
     <span class='ocr_line' id='line_1_103' title="bbox 114 2706 870 2742; baseline -0.004 -5"><span class='ocrx_word' id='word_1_774' title='bbox 114 2711 174 2738; x_wconf 75' lang='lat' dir='ltr'><strong>Col.</strong></span> <span class='ocrx_word' id='word_1_775' title='bbox 191 2709 312 2736; x_wconf 80' lang='lat' dir='ltr'><strong>716.1iu.</strong></span> <span class='ocrx_word' id='word_1_776' title='bbox 324 2709 368 2735; x_wconf 68' lang='lat'><strong>9.8.</strong></span> <span class='ocrx_word' id='word_1_777' title='bbox 385 2709 414 2735; x_wconf 84' lang='grc' dir='ltr'><em>Ἡ</em></span> <span class='ocrx_word' id='word_1_778' title='bbox 435 2707 468 2734; x_wconf 78' lang='grc' dir='ltr'><em>δὲ</em></span> <span class='ocrx_word' id='word_1_779' title='bbox 479 2707 637 2742; x_wconf 76' lang='grc' dir='ltr'><strong>ἀμυγδαλῆ</strong></span> <span class='ocrx_word' id='word_1_780' title='bbox 649 2706 870 2741; x_wconf 73' lang='grc' dir='ltr'><strong>πρώτη.ΡὶῙηίιιε</strong></span> 
     </span>
    </p>
   </div>
   <div class='ocr_carea' id='block_1_104' title="bbox 77 2752 871 2788">
    <p class='ocr_par' dir='ltr' id='par_1_104' title="bbox 77 2752 871 2788">
     <span class='ocr_line' id='line_1_104' title="bbox 77 2752 871 2788; baseline -0.004 -4"><span class='ocrx_word' id='word_1_781' title='bbox 77 2757 142 2784; x_wconf 75' lang='grc' dir='ltr'><strong>ιίιτ.</strong></span> <span class='ocrx_word' id='word_1_782' title='bbox 162 2764 220 2787; x_wconf 73' lang='lat' dir='ltr'><strong>xw,</strong></span> <span class='ocrx_word' id='word_1_783' title='bbox 239 2753 340 2781; x_wconf 86' lang='lat' dir='ltr'><strong>Nalnr.</strong></span> <span class='ocrx_word' id='word_1_784' title='bbox 360 2753 444 2784; x_wconf 80' lang='lat' dir='ltr'><strong>Ilist..</strong></span> <span class='ocrx_word' id='word_1_785' title='bbox 461 2761 521 2788; x_wconf 81' lang='lat' dir='ltr'><strong>cap.</strong></span> <span class='ocrx_word' id='word_1_786' title='bbox 536 2752 582 2784; x_wconf 72' lang='grc'><strong>25,</strong></span> <span class='ocrx_word' id='word_1_787' title='bbox 599 2752 641 2779; x_wconf 72' lang='lat' dir='ltr'><strong>Ea:</strong></span> <span class='ocrx_word' id='word_1_788' title='bbox 663 2753 703 2779; x_wconf 77' lang='lat' dir='ltr'><strong>his</strong></span> <span class='ocrx_word' id='word_1_789' title='bbox 717 2761 774 2788; x_wconf 76' lang='lat' dir='ltr'><strong>qua:</strong></span> <span class='ocrx_word' id='word_1_790' title='bbox 788 2753 871 2781; x_wconf 75' lang='lat' dir='ltr'><strong>hieme</strong></span> 
     </span>
    </p>
   </div>
   <div class='ocr_carea' id='block_1_105' title="bbox 79 2800 870 2837">
    <p class='ocr_par' dir='ltr' id='par_1_105' title="bbox 79 2800 870 2837">
     <span class='ocr_line' id='line_1_105' title="bbox 79 2800 870 2837; baseline -0.005 -7"><span class='ocrx_word' id='word_1_791' title='bbox 79 2803 172 2837; x_wconf 68' lang='lat' dir='ltr'><strong>aquila</strong></span> <span class='ocrx_word' id='word_1_792' title='bbox 189 2802 333 2831; x_wconf 72' lang='lat' dir='ltr'><strong>exoriente.</strong></span> <span class='ocrx_word' id='word_1_793' title='bbox 344 2805 371 2827; x_wconf 88' lang='lat' dir='ltr'><strong>ut</strong></span> <span class='ocrx_word' id='word_1_794' title='bbox 386 2800 513 2833; x_wconf 68' lang='lat' dir='ltr'><strong>diximus,</strong></span> <span class='ocrx_word' id='word_1_795' title='bbox 527 2800 686 2833; x_wconf 80' lang='lat' dir='ltr'><strong>concipiunt,</strong></span> <span class='ocrx_word' id='word_1_796' title='bbox 698 2800 773 2833; x_wconf 79' lang='lat' dir='ltr'><strong>ﬂoret</strong></span> <span class='ocrx_word' id='word_1_797' title='bbox 785 2801 870 2834; x_wconf 83' lang='lat' dir='ltr'><strong>prima</strong></span> 
     </span>
    </p>
   </div>
   <div class='ocr_carea' id='block_1_106' title="bbox 80 2844 871 2882">
    <p class='ocr_par' dir='ltr' id='par_1_106' title="bbox 80 2844 871 2882">
     <span class='ocr_line' id='line_1_106' title="bbox 80 2844 871 2882; baseline -0.004 -6"><span class='ocrx_word' id='word_1_798' title='bbox 80 2851 199 2877; x_wconf 79' lang='lat' dir='ltr'><strong>omnium</strong></span> <span class='ocrx_word' id='word_1_799' title='bbox 217 2847 360 2882; x_wconf 74' lang='lat' dir='ltr'><strong>amygdala</strong></span> <span class='ocrx_word' id='word_1_800' title='bbox 382 2855 467 2874; x_wconf 80' lang='lat' dir='ltr'><strong>mense</strong></span> <span class='ocrx_word' id='word_1_801' title='bbox 481 2846 623 2879; x_wconf 83' lang='lat' dir='ltr'><strong>Januario,</strong></span> <span class='ocrx_word' id='word_1_802' title='bbox 643 2844 742 2872; x_wconf 81' lang='lat' dir='ltr'><strong>Martio</strong></span> <span class='ocrx_word' id='word_1_803' title='bbox 756 2854 871 2880; x_wconf 64' lang='lat' dir='ltr'><strong>rer-opo-</strong></span> 
     </span>
    </p>
   </div>
   <div class='ocr_carea' id='block_1_107' title="bbox 919 2244 1707 2279">
    <p class='ocr_par' dir='ltr' id='par_1_107' title="bbox 919 2244 1707 2279">
     <span class='ocr_line' id='line_1_107' title="bbox 919 2244 1707 2279; baseline -0.003 -7"><span class='ocrx_word' id='word_1_804' title='bbox 919 2246 942 2272; x_wconf 79' lang='grc' dir='ltr'><strong><em>δὶ</em></strong></span> <span class='ocrx_word' id='word_1_805' title='bbox 956 2245 1130 2279; x_wconf 75' lang='lat' dir='ltr'><strong>circumfosso</strong></span> <span class='ocrx_word' id='word_1_806' title='bbox 1154 2246 1251 2278; x_wconf 76' lang='lat' dir='ltr'><strong>stipite,</strong></span> <span class='ocrx_word' id='word_1_807' title='bbox 1266 2249 1290 2272; x_wconf 88' lang='lat' dir='ltr'><strong>et</strong></span> <span class='ocrx_word' id='word_1_808' title='bbox 1305 2244 1336 2272; x_wconf 85' lang='lat' dir='ltr'><strong>ab</strong></span> <span class='ocrx_word' id='word_1_809' title='bbox 1357 2246 1413 2271; x_wconf 82' lang='lat' dir='ltr'><strong>ima</strong></span> <span class='ocrx_word' id='word_1_810' title='bbox 1430 2250 1504 2278; x_wconf 80' lang='lat' dir='ltr'><strong>parte</strong></span> <span class='ocrx_word' id='word_1_811' title='bbox 1519 2244 1707 2278; x_wconf 78' lang='lat' dir='ltr'><strong>circumforato</strong></span> 
     </span>
    </p>
   </div>
   <div class='ocr_carea' id='block_1_108' title="bbox 918 2289 1706 2326">
    <p class='ocr_par' dir='ltr' id='par_1_108' title="bbox 918 2289 1706 2326">
     <span class='ocr_line' id='line_1_108' title="bbox 918 2289 1706 2326; baseline -0.001 -8"><span class='ocrx_word' id='word_1_812' title='bbox 918 2292 1034 2325; x_wconf 76' lang='lat' dir='ltr'><strong>deﬂuens</strong></span> <span class='ocrx_word' id='word_1_813' title='bbox 1049 2292 1144 2326; x_wconf 78' lang='lat' dir='ltr'><strong>pituita</strong></span> <span class='ocrx_word' id='word_1_814' title='bbox 1168 2291 1344 2326; x_wconf 79' lang='lat' dir='ltr'><strong>abstergatur.</strong></span> <span class='ocrx_word' id='word_1_815' title='bbox 1367 2290 1514 2318; x_wconf 81' lang='lat' dir='ltr'><strong>Africanus</strong></span> <span class='ocrx_word' id='word_1_816' title='bbox 1532 2290 1603 2325; x_wconf 82' lang='lat' dir='ltr'><strong>apud</strong></span> <span class='ocrx_word' id='word_1_817' title='bbox 1623 2289 1706 2317; x_wconf 80' lang='lat' dir='ltr'><strong>Geor-</strong></span> 
     </span>
    </p>
   </div>
   <div class='ocr_carea' id='block_1_109' title="bbox 918 2336 1708 2372">
    <p class='ocr_par' dir='ltr' id='par_1_109' title="bbox 918 2336 1708 2372">
     <span class='ocr_line' id='line_1_109' title="bbox 918 2336 1708 2372; baseline -0.001 -8"><span class='ocrx_word' id='word_1_818' title='bbox 918 2339 1034 2372; x_wconf 77' lang='lat' dir='ltr'><strong>9icorum</strong></span> <span class='ocrx_word' id='word_1_819' title='bbox 1053 2338 1225 2365; x_wconf 82' lang='lat' dir='ltr'><strong>collectorem</strong></span> <span class='ocrx_word' id='word_1_820' title='bbox 1240 2337 1287 2364; x_wconf 88' lang='lat' dir='ltr'><strong>lib.</strong></span> <span class='ocrx_word' id='word_1_821' title='bbox 1311 2345 1338 2366; x_wconf 67' lang='grc' dir='ltr'><strong>κ.</strong></span> <span class='ocrx_word' id='word_1_822' title='bbox 1360 2337 1502 2364; x_wconf 66' lang='lat' dir='ltr'><strong>medicina:</strong></span> <span class='ocrx_word' id='word_1_823' title='bbox 1515 2336 1598 2371; x_wconf 86' lang='lat' dir='ltr'><strong>hujus</strong></span> <span class='ocrx_word' id='word_1_824' title='bbox 1612 2336 1708 2364; x_wconf 87' lang='lat' dir='ltr'><strong>memi-</strong></span> 
     </span>
    </p>
   </div>
   <div class='ocr_carea' id='block_1_110' title="bbox 919 2382 1708 2418">
    <p class='ocr_par' dir='ltr' id='par_1_110' title="bbox 919 2382 1708 2418">
     <span class='ocr_line' id='line_1_110' title="bbox 919 2382 1708 2418; baseline -0.004 -8"><span class='ocrx_word' id='word_1_825' title='bbox 919 2383 959 2410; x_wconf 92' lang='lat' dir='ltr'><strong>nit</strong></span> <span class='ocrx_word' id='word_1_826' title='bbox 976 2387 1002 2410; x_wconf 86' lang='lat' dir='ltr'><strong>et</strong></span> <span class='ocrx_word' id='word_1_827' title='bbox 1016 2383 1084 2410; x_wconf 85' lang='lat' dir='ltr'><strong>alias</strong></span> <span class='ocrx_word' id='word_1_828' title='bbox 1103 2383 1194 2409; x_wconf 83' lang='lat' dir='ltr'><strong>subdit</strong></span> <span class='ocrx_word' id='word_1_829' title='bbox 1211 2383 1357 2409; x_wconf 78' lang='grc' dir='ltr'>εΓλυκείαν</span> <span class='ocrx_word' id='word_1_830' title='bbox 1372 2382 1400 2408; x_wconf 75' lang='grc' dir='ltr'><strong>δὲ</strong></span> <span class='ocrx_word' id='word_1_831' title='bbox 1418 2383 1449 2408; x_wconf 82' lang='grc' dir='ltr'><strong>ἐκ</strong></span> <span class='ocrx_word' id='word_1_832' title='bbox 1466 2383 1567 2418; x_wconf 79' lang='grc' dir='ltr'>πικρᾶς</span> <span class='ocrx_word' id='word_1_833' title='bbox 1586 2382 1708 2418; x_wconf 81' lang='grc' dir='ltr'><strong>ποιήσεις</strong></span> 
     </span>
    </p>
   </div>
   <div class='ocr_carea' id='block_1_111' title="bbox 919 2429 1715 2466">
    <p class='ocr_par' dir='ltr' id='par_1_111' title="bbox 919 2429 1715 2466">
     <span class='ocr_line' id='line_1_111' title="bbox 919 2429 1715 2466; baseline -0.004 -8"><span class='ocrx_word' id='word_1_834' title='bbox 919 2432 953 2462; x_wconf 78' lang='grc' dir='ltr'>ει,</span> <span class='ocrx_word' id='word_1_835' title='bbox 974 2431 1147 2466; x_wconf 77' lang='grc' dir='ltr'>ἐκτρυπήσας</span> <span class='ocrx_word' id='word_1_836' title='bbox 1161 2431 1191 2456; x_wconf 84' lang='grc' dir='ltr'>τὸ</span> <span class='ocrx_word' id='word_1_837' title='bbox 1207 2431 1326 2466; x_wconf 73' lang='grc' dir='ltr'><strong>πρέμνον</strong></span> <span class='ocrx_word' id='word_1_838' title='bbox 1339 2430 1385 2456; x_wconf 75' lang='grc' dir='ltr'><strong>ἐπὶ</strong></span> <span class='ocrx_word' id='word_1_839' title='bbox 1398 2429 1550 2465; x_wconf 81' lang='grc' dir='ltr'>παλαιστὴν</span> <span class='ocrx_word' id='word_1_840' title='bbox 1563 2431 1591 2456; x_wconf 75' lang='grc' dir='ltr'>ὲν</span> <span class='ocrx_word' id='word_1_841' title='bbox 1607 2437 1715 2464; x_wconf 52' lang='lat' dir='ltr'><strong>utpar</strong></span> 
     </span>
    </p>
   </div>
   <div class='ocr_carea' id='block_1_112' title="bbox 920 2475 1708 2513">
    <p class='ocr_par' dir='ltr' id='par_1_112' title="bbox 920 2475 1708 2513">
     <span class='ocr_line' id='line_1_112' title="bbox 920 2475 1708 2513; baseline -0.003 -9"><span class='ocrx_word' id='word_1_842' title='bbox 920 2478 1009 2513; x_wconf 83' lang='grc' dir='ltr'><strong>γὼνῳ,</strong></span> <span class='ocrx_word' id='word_1_843' title='bbox 1031 2478 1061 2504; x_wconf 86' lang='grc' dir='ltr'>τὺ</span> <span class='ocrx_word' id='word_1_844' title='bbox 1081 2478 1198 2509; x_wconf 79' lang='grc' dir='ltr'>δάκρυον</span> <span class='ocrx_word' id='word_1_845' title='bbox 1215 2477 1309 2513; x_wconf 79' lang='grc' dir='ltr'><strong>ἐκδέξῃ</strong></span> <span class='ocrx_word' id='word_1_846' title='bbox 1332 2477 1362 2503; x_wconf 75' lang='grc' dir='ltr'><strong>τὸ</strong></span> <span class='ocrx_word' id='word_1_847' title='bbox 1379 2477 1438 2503; x_wconf 73' lang='grc' dir='ltr'>κατ’</span> <span class='ocrx_word' id='word_1_848' title='bbox 1460 2476 1592 2508; x_wconf 75' lang='grc' dir='ltr'><strong>ἐνιαυτὸν,</strong></span> <span class='ocrx_word' id='word_1_849' title='bbox 1608 2476 1659 2507; x_wconf 75' lang='grc' dir='ltr'><strong>ἓως</strong></span> <span class='ocrx_word' id='word_1_850' title='bbox 1675 2475 1708 2502; x_wconf 80' lang='grc' dir='ltr'>ἆν</span> 
     </span>
    </p>
   </div>
   <div class='ocr_carea' id='block_1_113' title="bbox 920 2521 1707 2559">
    <p class='ocr_par' dir='ltr' id='par_1_113' title="bbox 920 2521 1707 2559">
     <span class='ocr_line' id='line_1_113' title="bbox 920 2521 1707 2559; baseline -0.004 -9"><span class='ocrx_word' id='word_1_851' title='bbox 920 2524 1067 2559; x_wconf 81' lang='grc' dir='ltr'>γλυκανθῇ.</span> <span class='ocrx_word' id='word_1_852' title='bbox 1082 2523 1197 2550; x_wconf 79' lang='grc' dir='ltr'>Κάλλιον</span> <span class='ocrx_word' id='word_1_853' title='bbox 1212 2523 1240 2549; x_wconf 81' lang='grc' dir='ltr'>δέ</span> <span class='ocrx_word' id='word_1_854' title='bbox 1254 2531 1325 2554; x_wconf 83' lang='grc' dir='ltr'>τινες</span> <span class='ocrx_word' id='word_1_855' title='bbox 1337 2522 1475 2554; x_wconf 80' lang='grc' dir='ltr'>ποιοῦντες</span> <span class='ocrx_word' id='word_1_856' title='bbox 1489 2521 1707 2557; x_wconf 81' lang='grc' dir='ltr'>περιορύττουσι.</span> 
     </span>
    </p>
   </div>
   <div class='ocr_carea' id='block_1_114' title="bbox 921 2565 1710 2604">
    <p class='ocr_par' dir='ltr' id='par_1_114' title="bbox 921 2565 1710 2604">
     <span class='ocr_line' id='line_1_114' title="bbox 921 2565 1710 2604; baseline -0.004 -8"><span class='ocrx_word' id='word_1_857' title='bbox 921 2570 967 2596; x_wconf 77' lang='grc' dir='ltr'>καὶ</span> <span class='ocrx_word' id='word_1_858' title='bbox 989 2569 1180 2604; x_wconf 76' lang='grc' dir='ltr'>περιϐάλλουσι</span> <span class='ocrx_word' id='word_1_859' title='bbox 1195 2569 1294 2604; x_wconf 80' lang='grc' dir='ltr'>κόπρον</span> <span class='ocrx_word' id='word_1_860' title='bbox 1316 2569 1392 2595; x_wconf 80' lang='grc' dir='ltr'>ὑείαν</span> <span class='ocrx_word' id='word_1_861' title='bbox 1416 2568 1575 2603; x_wconf 83' lang='grc' dir='ltr'>ὲπιχέαντες</span> <span class='ocrx_word' id='word_1_862' title='bbox 1600 2567 1647 2594; x_wconf 77' lang='grc' dir='ltr'><strong>καὶ</strong></span> <span class='ocrx_word' id='word_1_863' title='bbox 1664 2565 1710 2593; x_wconf 77' lang='grc' dir='ltr'><strong>οὗ·</strong></span> 
     </span>
    </p>
   </div>
   <div class='ocr_carea' id='block_1_115' title="bbox 921 2612 1708 2651">
    <p class='ocr_par' dir='ltr' id='par_1_115' title="bbox 921 2612 1708 2651">
     <span class='ocr_line' id='line_1_115' title="bbox 921 2612 1708 2651; baseline -0.004 -9"><span class='ocrx_word' id='word_1_864' title='bbox 921 2624 978 2651; x_wconf 83' lang='grc' dir='ltr'>ρον,</span> <span class='ocrx_word' id='word_1_865' title='bbox 1002 2613 1063 2642; x_wconf 73' lang='grc' dir='ltr'>εἶτα</span> <span class='ocrx_word' id='word_1_866' title='bbox 1089 2615 1297 2651; x_wconf 79' lang='grc' dir='ltr'>προσχώσαντες</span> <span class='ocrx_word' id='word_1_867' title='bbox 1324 2614 1466 2650; x_wconf 84' lang='grc' dir='ltr'>ἀρδεύουσι</span> <span class='ocrx_word' id='word_1_868' title='bbox 1495 2614 1554 2640; x_wconf 79' lang='grc' dir='ltr'>κατ’</span> <span class='ocrx_word' id='word_1_869' title='bbox 1575 2612 1708 2644; x_wconf 54' lang='grc' dir='ltr'>ὲνιαυτδν.</span> 
     </span>
    </p>
   </div>
   <div class='ocr_carea' id='block_1_116' title="bbox 920 2658 1709 2695">
    <p class='ocr_par' dir='ltr' id='par_1_116' title="bbox 920 2658 1709 2695">
     <span class='ocr_line' id='line_1_116' title="bbox 920 2658 1709 2695; baseline -0.005 -7"><span class='ocrx_word' id='word_1_870' title='bbox 920 2662 972 2693; x_wconf 72' lang='grc' dir='ltr'><strong>ἕως</strong></span> <span class='ocrx_word' id='word_1_871' title='bbox 984 2658 1014 2687; x_wconf 78' lang='grc' dir='ltr'>οὗ</span> <span class='ocrx_word' id='word_1_872' title='bbox 1033 2661 1215 2695; x_wconf 78' lang='grc' dir='ltr'>γλυκανθῶσι.</span> <span class='ocrx_word' id='word_1_873' title='bbox 1235 2661 1292 2686; x_wconf 77' lang='grc' dir='ltr'><strong>Πᾶν</strong></span> <span class='ocrx_word' id='word_1_874' title='bbox 1306 2660 1333 2686; x_wconf 81' lang='grc' dir='ltr'>δὲ</span> <span class='ocrx_word' id='word_1_875' title='bbox 1354 2660 1478 2694; x_wconf 75' lang='grc' dir='ltr'>στέλεχος</span> <span class='ocrx_word' id='word_1_876' title='bbox 1493 2658 1650 2693; x_wconf 83' lang='grc' dir='ltr'><strong>ἀμυγδαλῆς</strong></span> <span class='ocrx_word' id='word_1_877' title='bbox 1664 2658 1709 2684; x_wconf 73' lang='grc' dir='ltr'><strong>ἐκ·</strong></span> 
     </span>
    </p>
   </div>
   <div class='ocr_carea' id='block_1_117' title="bbox 921 2704 1708 2741">
    <p class='ocr_par' dir='ltr' id='par_1_117' title="bbox 921 2704 1708 2741">
     <span class='ocr_line' id='line_1_117' title="bbox 921 2704 1708 2741; baseline -0.006 -6"><span class='ocrx_word' id='word_1_878' title='bbox 921 2708 1004 2735; x_wconf 82' lang='grc' dir='ltr'>κοπὲν</span> <span class='ocrx_word' id='word_1_879' title='bbox 1023 2707 1168 2734; x_wconf 83' lang='grc' dir='ltr'>ἀποϐάλλει</span> <span class='ocrx_word' id='word_1_880' title='bbox 1187 2707 1231 2733; x_wconf 79' lang='grc' dir='ltr'>τὸν</span> <span class='ocrx_word' id='word_1_881' title='bbox 1254 2706 1368 2741; x_wconf 81' lang='grc' dir='ltr'>καρπόν.</span> <span class='ocrx_word' id='word_1_882' title='bbox 1391 2706 1508 2741; x_wconf 82' lang='grc' dir='ltr'>Ἀπαλὴν</span> <span class='ocrx_word' id='word_1_883' title='bbox 1531 2705 1559 2731; x_wconf 77' lang='grc' dir='ltr'><strong>δὲ</strong></span> <span class='ocrx_word' id='word_1_884' title='bbox 1581 2705 1628 2731; x_wconf 73' lang='grc' dir='ltr'>καὶ</span> <span class='ocrx_word' id='word_1_885' title='bbox 1642 2704 1708 2738; x_wconf 82' lang='grc' dir='ltr'>γλυ-</span> 
     </span>
    </p>
   </div>
   <div class='ocr_carea' id='block_1_118' title="bbox 921 2750 1720 2788">
    <p class='ocr_par' dir='ltr' id='par_1_118' title="bbox 921 2750 1720 2788">
     <span class='ocr_line' id='line_1_118' title="bbox 921 2750 1720 2788; baseline -0.006 -7"><span class='ocrx_word' id='word_1_886' title='bbox 921 2756 1004 2781; x_wconf 75' lang='grc' dir='ltr'>κεῖαν</span> <span class='ocrx_word' id='word_1_887' title='bbox 1019 2755 1050 2780; x_wconf 79' lang='grc' dir='ltr'><strong>ὲκ</strong></span> <span class='ocrx_word' id='word_1_888' title='bbox 1066 2753 1185 2788; x_wconf 78' lang='grc' dir='ltr'>σκληρᾶς</span> <span class='ocrx_word' id='word_1_889' title='bbox 1206 2753 1252 2779; x_wconf 75' lang='grc' dir='ltr'>καὶ</span> <span class='ocrx_word' id='word_1_890' title='bbox 1278 2753 1378 2788; x_wconf 83' lang='grc' dir='ltr'>πικρᾶς</span> <span class='ocrx_word' id='word_1_891' title='bbox 1394 2752 1525 2787; x_wconf 82' lang='grc' dir='ltr'>ποιήσεις,</span> <span class='ocrx_word' id='word_1_892' title='bbox 1546 2751 1571 2777; x_wconf 78' lang='grc' dir='ltr'>ει</span> <span class='ocrx_word' id='word_1_893' title='bbox 1587 2750 1622 2776; x_wconf 75' lang='grc' dir='ltr'>τὰ</span> <span class='ocrx_word' id='word_1_894' title='bbox 1644 2759 1671 2776; x_wconf 61' lang='grc' dir='ltr'>ιιι</span> <span class='ocrx_word' id='word_1_895' title='bbox 1682 2751 1720 2786; x_wconf 58' lang='lat' dir='ltr'><strong>pi:</strong></span> 
     </span>
    </p>
   </div>
   <div class='ocr_carea' id='block_1_119' title="bbox 921 2795 1708 2835">
    <p class='ocr_par' dir='ltr' id='par_1_119' title="bbox 921 2795 1708 2835">
     <span class='ocr_line' id='line_1_119' title="bbox 921 2795 1708 2835; baseline -0.005 -9"><span class='ocrx_word' id='word_1_896' title='bbox 921 2801 950 2826; x_wconf 73' lang='grc' dir='ltr'>τὸ</span> <span class='ocrx_word' id='word_1_897' title='bbox 968 2800 1092 2835; x_wconf 79' lang='grc' dir='ltr'>στέλεχος</span> <span class='ocrx_word' id='word_1_898' title='bbox 1107 2800 1159 2831; x_wconf 75' lang='grc' dir='ltr'><strong>ἓως</strong></span> <span class='ocrx_word' id='word_1_899' title='bbox 1175 2799 1229 2826; x_wconf 81' lang='grc' dir='ltr'>τῶν</span> <span class='ocrx_word' id='word_1_900' title='bbox 1247 2799 1293 2825; x_wconf 70' lang='grc' dir='ltr'><strong>ἐπὶ</strong></span> <span class='ocrx_word' id='word_1_901' title='bbox 1308 2798 1407 2833; x_wconf 77' lang='grc' dir='ltr'>πολλῆς</span> <span class='ocrx_word' id='word_1_902' title='bbox 1423 2797 1504 2834; x_wconf 74' lang='grc' dir='ltr'>ῥιζῶν</span> <span class='ocrx_word' id='word_1_903' title='bbox 1523 2795 1708 2832; x_wconf 77' lang='grc' dir='ltr'>γυμνώοειας,</span> 
     </span>
    </p>
   </div>
   <div class='ocr_carea' id='block_1_120' title="bbox 923 2842 1734 2882">
    <p class='ocr_par' dir='ltr' id='par_1_120' title="bbox 923 2842 1734 2882">
     <span class='ocr_line' id='line_1_120' title="bbox 923 2842 1734 2882; baseline -0.004 -10"><span class='ocrx_word' id='word_1_904' title='bbox 923 2847 968 2872; x_wconf 61' lang='grc' dir='ltr'><strong>καὶ</strong></span> <span class='ocrx_word' id='word_1_905' title='bbox 993 2845 1152 2882; x_wconf 81' lang='grc' dir='ltr'>ἀρδεύσειας</span> <span class='ocrx_word' id='word_1_906' title='bbox 1177 2845 1295 2880; x_wconf 79' lang='grc' dir='ltr'>συνεχῶς</span> <span class='ocrx_word' id='word_1_907' title='bbox 1321 2844 1397 2872; x_wconf 72' lang='grc' dir='ltr'>ὕδατι</span> <span class='ocrx_word' id='word_1_908' title='bbox 1413 2843 1506 2880; x_wconf 82' lang='grc' dir='ltr'>θερμῷ</span> <span class='ocrx_word' id='word_1_909' title='bbox 1523 2844 1575 2879; x_wconf 71' lang='grc' dir='ltr'>πρὸ</span> <span class='ocrx_word' id='word_1_910' title='bbox 1599 2843 1648 2878; x_wconf 74' lang='grc' dir='ltr'>τῆς</span> <span class='ocrx_word' id='word_1_911' title='bbox 1665 2842 1711 2870; x_wconf 77' lang='grc' dir='ltr'><strong>ἀν-</strong></span> <span class='ocrx_word' id='word_1_912' title='bbox 1731 2878 1734 2882; x_wconf 36' lang='grc'>.</span> 
     </span>
    </p>
   </div>
  </div>
