  <div class='ocr_page' id='page_1' title='image "/cluster/home/n/w/nwhite01/storage/ocr_20150623/18/njp.32101077772455/677.png"; bbox 0 0 1903 3068; ppageno 0'>
   <div class='ocr_carea' id='block_1_1' title="bbox 245 111 296 140">
    <p class='ocr_par' dir='ltr' id='par_1_1' title="bbox 245 111 296 140">
     <span class='ocr_line' id='line_1_1' title="bbox 245 111 296 140; baseline 0 -1"><span class='ocrx_word' id='word_1_1' title='bbox 245 111 296 140; x_wconf 71' lang='grc'><strong>831</strong></span> 
     </span>
    </p>
   </div>
   <div class='ocr_carea' id='block_1_2' title="bbox 918 118 1198 148">
    <p class='ocr_par' dir='ltr' id='par_1_2' title="bbox 918 118 1198 148">
     <span class='ocr_line' id='line_1_2' title="bbox 918 118 1198 148; baseline 0.007 -2"><span class='ocrx_word' id='word_1_2' title='bbox 918 118 1043 147; x_wconf 72' lang='lat' dir='ltr'><strong>LEONIS</strong></span> <span class='ocrx_word' id='word_1_3' title='bbox 1061 119 1198 148; x_wconf 81' lang='lat' dir='ltr'><strong>ALLATII</strong></span> 
     </span>
    </p>
   </div>
   <div class='ocr_carea' id='block_1_3' title="bbox 1822 126 1871 154">
    <p class='ocr_par' dir='ltr' id='par_1_3' title="bbox 1822 126 1871 154">
     <span class='ocr_line' id='line_1_3' title="bbox 1822 126 1871 154; baseline 0 0"><span class='ocrx_word' id='word_1_4' title='bbox 1822 126 1871 154; x_wconf 72' lang='lat'><strong>85!</strong></span> 
     </span>
    </p>
   </div>
   <div class='ocr_carea' id='block_1_4' title="bbox 245 166 1021 220">
    <p class='ocr_par' dir='ltr' id='par_1_4' title="bbox 245 166 1021 213">
     <span class='ocr_line' id='line_1_4' title="bbox 245 166 1021 213; baseline 0.012 -17"><span class='ocrx_word' id='word_1_5' title='bbox 245 171 316 207; x_wconf 78' lang='grc' dir='ltr'>ρώόη</span> <span class='ocrx_word' id='word_1_6' title='bbox 343 168 412 198; x_wconf 76' lang='grc' dir='ltr'>εἶναι</span> <span class='ocrx_word' id='word_1_7' title='bbox 436 173 483 200; x_wconf 75' lang='grc' dir='ltr'><strong>καὶ</strong></span> <span class='ocrx_word' id='word_1_8' title='bbox 505 166 616 210; x_wconf 64' lang='grc' dir='ltr'>διακαῆ,</span> <span class='ocrx_word' id='word_1_9' title='bbox 636 175 665 207; x_wconf 77' lang='grc' dir='ltr'>ὃς</span> <span class='ocrx_word' id='word_1_10' title='bbox 680 176 703 202; x_wconf 80' lang='grc' dir='ltr'><strong>εί</strong></span> <span class='ocrx_word' id='word_1_11' title='bbox 727 176 765 212; x_wconf 81' lang='grc' dir='ltr'>μὴ</span> <span class='ocrx_word' id='word_1_12' title='bbox 781 177 818 212; x_wconf 76' lang='grc' dir='ltr'><strong>τῷ</strong></span> <span class='ocrx_word' id='word_1_13' title='bbox 835 177 974 213; x_wconf 76' lang='grc' dir='ltr'><strong>ἀναγκαίῳ</strong></span> <span class='ocrx_word' id='word_1_14' title='bbox 989 187 1021 205; x_wconf 49' lang='grc' dir='ltr'>τοη</span> 
     </span>
    </p>
   </div>
   <div class='ocr_carea' id='block_1_5' title="bbox 1073 166 1871 220">
    <p class='ocr_par' dir='ltr' id='par_1_5' title="bbox 1086 180 1871 220">
     <span class='ocr_line' id='line_1_5' title="bbox 1086 180 1871 220; baseline 0.01 -15"><span class='ocrx_word' id='word_1_15' title='bbox 1086 182 1140 212; x_wconf 91' lang='lat' dir='ltr'><strong>tur,</strong></span> <span class='ocrx_word' id='word_1_16' title='bbox 1156 183 1183 206; x_wconf 88' lang='lat' dir='ltr'><strong>et</strong></span> <span class='ocrx_word' id='word_1_17' title='bbox 1195 184 1237 207; x_wconf 84' lang='lat' dir='ltr'><strong>est</strong></span> <span class='ocrx_word' id='word_1_18' title='bbox 1255 180 1356 215; x_wconf 84' lang='lat' dir='ltr'><strong>pluvia,</strong></span> <span class='ocrx_word' id='word_1_19' title='bbox 1376 189 1424 209; x_wconf 78' lang='lat' dir='ltr'><strong>seu</strong></span> <span class='ocrx_word' id='word_1_20' title='bbox 1442 183 1539 216; x_wconf 68' lang='lat' dir='ltr'><strong>stillae;</strong></span> <span class='ocrx_word' id='word_1_21' title='bbox 1562 183 1585 210; x_wconf 87' lang='lat' dir='ltr'><strong>si</strong></span> <span class='ocrx_word' id='word_1_22' title='bbox 1600 183 1652 211; x_wconf 89' lang='lat' dir='ltr'><strong>erit</strong></span> <span class='ocrx_word' id='word_1_23' title='bbox 1662 184 1792 220; x_wconf 73' lang='lat' dir='ltr'><strong>spissior,</strong></span> <span class='ocrx_word' id='word_1_24' title='bbox 1805 184 1871 213; x_wconf 77' lang='lat' dir='ltr'><strong>ﬁunt</strong></span> 
     </span>
    </p>
   </div>
   <div class='ocr_carea' id='block_1_6' title="bbox 245 218 1031 258">
    <p class='ocr_par' dir='ltr' id='par_1_6' title="bbox 245 218 1031 258">
     <span class='ocr_line' id='line_1_6' title="bbox 245 218 1031 258; baseline 0.011 -16"><span class='ocrx_word' id='word_1_25' title='bbox 245 218 405 252; x_wconf 81' lang='grc' dir='ltr'>ποιήσαντος</span> <span class='ocrx_word' id='word_1_26' title='bbox 429 219 510 246; x_wconf 75' lang='grc' dir='ltr'>αὐτὸν</span> <span class='ocrx_word' id='word_1_27' title='bbox 535 221 590 256; x_wconf 77' lang='grc' dir='ltr'><strong>ὅρῳ</strong></span> <span class='ocrx_word' id='word_1_28' title='bbox 617 222 768 258; x_wconf 78' lang='grc' dir='ltr'>κατείχετο,</span> <span class='ocrx_word' id='word_1_29' title='bbox 795 223 820 250; x_wconf 87' lang='grc' dir='ltr'><strong>τί</strong></span> <span class='ocrx_word' id='word_1_30' title='bbox 839 223 871 250; x_wconf 84' lang='grc' dir='ltr'>ἂν</span> <span class='ocrx_word' id='word_1_31' title='bbox 896 223 1031 251; x_wconf 77' lang='grc' dir='ltr'><strong>ἐκώλυσεν</strong></span> 
     </span>
    </p>
   </div>
   <div class='ocr_carea' id='block_1_7' title="bbox 242 263 1031 306">
    <p class='ocr_par' dir='ltr' id='par_1_7' title="bbox 242 263 1031 306">
     <span class='ocr_line' id='line_1_7' title="bbox 242 263 1031 306; baseline 0.011 -17"><span class='ocrx_word' id='word_1_32' title='bbox 242 263 325 290; x_wconf 78' lang='grc' dir='ltr'>αὐτὸν</span> <span class='ocrx_word' id='word_1_33' title='bbox 340 264 428 291; x_wconf 80' lang='grc' dir='ltr'>πάντα</span> <span class='ocrx_word' id='word_1_34' title='bbox 443 265 612 300; x_wconf 73' lang='grc' dir='ltr'>φλογίζοντα,</span> <span class='ocrx_word' id='word_1_35' title='bbox 622 268 669 294; x_wconf 74' lang='grc' dir='ltr'><strong>καὶ</strong></span> <span class='ocrx_word' id='word_1_36' title='bbox 686 270 920 306; x_wconf 79' lang='grc' dir='ltr'>καταπιμπρῶντα</span> <span class='ocrx_word' id='word_1_37' title='bbox 934 271 1031 306; x_wconf 87' lang='grc' dir='ltr'>συνεχῆ</span> 
     </span>
    </p>
   </div>
   <div class='ocr_carea' id='block_1_8' title="bbox 243 309 1031 349">
    <p class='ocr_par' dir='ltr' id='par_1_8' title="bbox 243 309 1031 349">
     <span class='ocr_line' id='line_1_8' title="bbox 243 309 1031 349; baseline 0.01 -15"><span class='ocrx_word' id='word_1_38' title='bbox 243 309 334 336; x_wconf 82' lang='grc' dir='ltr'>πᾶσαν</span> <span class='ocrx_word' id='word_1_39' title='bbox 359 311 425 346; x_wconf 80' lang='grc' dir='ltr'>ὁμοῦ</span> <span class='ocrx_word' id='word_1_40' title='bbox 446 312 496 347; x_wconf 84' lang='grc' dir='ltr'>τὴν</span> <span class='ocrx_word' id='word_1_41' title='bbox 512 313 541 338; x_wconf 85' lang='grc' dir='ltr'>ὲν</span> <span class='ocrx_word' id='word_1_42' title='bbox 563 314 620 345; x_wconf 81' lang='grc' dir='ltr'>τοῖς</span> <span class='ocrx_word' id='word_1_43' title='bbox 646 312 721 344; x_wconf 78' lang='grc' dir='ltr'>οὖσιν</span> <span class='ocrx_word' id='word_1_44' title='bbox 743 314 911 348; x_wconf 75' lang='grc' dir='ltr'><strong>ἐξαναλῶσαι</strong></span> <span class='ocrx_word' id='word_1_45' title='bbox 927 315 1031 349; x_wconf 83' lang='grc' dir='ltr'>νοτίδα;</span> 
     </span>
    </p>
   </div>
   <div class='ocr_carea' id='block_1_9' title="bbox 243 355 1031 396">
    <p class='ocr_par' dir='ltr' id='par_1_9' title="bbox 243 355 1031 396">
     <span class='ocr_line' id='line_1_9' title="bbox 243 355 1031 396; baseline 0.01 -15"><span class='ocrx_word' id='word_1_46' title='bbox 243 355 293 382; x_wconf 76' lang='grc' dir='ltr'>Διὰ</span> <span class='ocrx_word' id='word_1_47' title='bbox 307 356 393 383; x_wconf 77' lang='grc' dir='ltr'>ταῦτα</span> <span class='ocrx_word' id='word_1_48' title='bbox 412 357 483 393; x_wconf 82' lang='grc' dir='ltr'><strong>ὓδωρ</strong></span> <span class='ocrx_word' id='word_1_49' title='bbox 504 358 595 394; x_wconf 85' lang='grc' dir='ltr'><strong>ἀέριον</strong></span> <span class='ocrx_word' id='word_1_50' title='bbox 609 359 714 394; x_wconf 83' lang='grc' dir='ltr'>γίνεται</span> <span class='ocrx_word' id='word_1_51' title='bbox 726 361 890 396; x_wconf 82' lang='grc' dir='ltr'>νεφουμὲνου</span> <span class='ocrx_word' id='word_1_52' title='bbox 909 361 955 389; x_wconf 76' lang='grc' dir='ltr'>τοῦ</span> <span class='ocrx_word' id='word_1_53' title='bbox 975 362 1031 389; x_wconf 77' lang='grc' dir='ltr'><strong>ἄνω</strong></span> 
     </span>
    </p>
   </div>
   <div class='ocr_carea' id='block_1_10' title="bbox 242 403 1030 443">
    <p class='ocr_par' dir='ltr' id='par_1_10' title="bbox 242 403 1030 443">
     <span class='ocr_line' id='line_1_10' title="bbox 242 403 1030 443; baseline 0.009 -16"><span class='ocrx_word' id='word_1_54' title='bbox 242 408 324 428; x_wconf 85' lang='grc' dir='ltr'>τοπον</span> <span class='ocrx_word' id='word_1_55' title='bbox 340 403 372 428; x_wconf 82' lang='grc' dir='ltr'>ἐκ</span> <span class='ocrx_word' id='word_1_56' title='bbox 387 403 436 437; x_wconf 85' lang='grc' dir='ltr'>τῆς</span> <span class='ocrx_word' id='word_1_57' title='bbox 448 404 586 438; x_wconf 80' lang='grc' dir='ltr'>ἀναφορᾶς</span> <span class='ocrx_word' id='word_1_58' title='bbox 602 405 656 434; x_wconf 81' lang='grc' dir='ltr'><strong>τῶν</strong></span> <span class='ocrx_word' id='word_1_59' title='bbox 670 405 830 440; x_wconf 84' lang='grc' dir='ltr'>ἀτμῶν,οὒς</span> <span class='ocrx_word' id='word_1_60' title='bbox 843 408 969 443; x_wconf 78' lang='grc' dir='ltr'>ποταμοὶ,</span> <span class='ocrx_word' id='word_1_61' title='bbox 984 407 1030 434; x_wconf 76' lang='grc' dir='ltr'><strong>καὶ</strong></span> 
     </span>
    </p>
   </div>
   <div class='ocr_carea' id='block_1_11' title="bbox 242 447 1030 489">
    <p class='ocr_par' dir='ltr' id='par_1_11' title="bbox 242 447 1030 489">
     <span class='ocr_line' id='line_1_11' title="bbox 242 447 1030 489; baseline 0.01 -16"><span class='ocrx_word' id='word_1_62' title='bbox 242 447 351 483; x_wconf 85' lang='grc' dir='ltr'>κρῆναι,</span> <span class='ocrx_word' id='word_1_63' title='bbox 373 449 420 475; x_wconf 76' lang='grc' dir='ltr'><strong>καὶ</strong></span> <span class='ocrx_word' id='word_1_64' title='bbox 434 449 547 485; x_wconf 84' lang='grc' dir='ltr'>τενάγη,</span> <span class='ocrx_word' id='word_1_65' title='bbox 563 450 612 477; x_wconf 77' lang='grc' dir='ltr'><strong>καὶ</strong></span> <span class='ocrx_word' id='word_1_66' title='bbox 626 449 730 486; x_wconf 81' lang='grc' dir='ltr'>λίμναι,</span> <span class='ocrx_word' id='word_1_67' title='bbox 746 452 793 479; x_wconf 81' lang='grc' dir='ltr'><strong>καὶ</strong></span> <span class='ocrx_word' id='word_1_68' title='bbox 817 452 922 489; x_wconf 84' lang='grc' dir='ltr'><strong>πελᾴγη</strong></span> <span class='ocrx_word' id='word_1_69' title='bbox 940 453 1030 481; x_wconf 80' lang='grc' dir='ltr'>πάντα</span> 
     </span>
    </p>
   </div>
   <div class='ocr_carea' id='block_1_12' title="bbox 242 494 1028 535">
    <p class='ocr_par' dir='ltr' id='par_1_12' title="bbox 242 494 1028 535">
     <span class='ocr_line' id='line_1_12' title="bbox 242 494 1028 535; baseline 0.01 -17"><span class='ocrx_word' id='word_1_70' title='bbox 242 494 381 527; x_wconf 81' lang='grc' dir='ltr'>προΐενται</span> <span class='ocrx_word' id='word_1_71' title='bbox 406 494 443 526; x_wconf 76' lang='grc' dir='ltr'>ὡς</span> <span class='ocrx_word' id='word_1_72' title='bbox 464 495 497 522; x_wconf 82' lang='grc' dir='ltr'>ἂν</span> <span class='ocrx_word' id='word_1_73' title='bbox 512 495 550 531; x_wconf 82' lang='grc' dir='ltr'>μὴ</span> <span class='ocrx_word' id='word_1_74' title='bbox 568 496 657 525; x_wconf 82' lang='grc' dir='ltr'>πάντα</span> <span class='ocrx_word' id='word_1_75' title='bbox 672 497 819 533; x_wconf 68' lang='grc' dir='ltr'>πνρακτῶν</span> <span class='ocrx_word' id='word_1_76' title='bbox 837 499 852 525; x_wconf 77' lang='grc' dir='ltr'>ὁ</span> <span class='ocrx_word' id='word_1_77' title='bbox 871 498 952 535; x_wconf 75' lang='grc' dir='ltr'>αἰθὴρ</span> <span class='ocrx_word' id='word_1_78' title='bbox 967 500 1028 527; x_wconf 82' lang='grc' dir='ltr'><strong>ὲπι-</strong></span> 
     </span>
    </p>
   </div>
   <div class='ocr_carea' id='block_1_13' title="bbox 242 538 1029 576">
    <p class='ocr_par' dir='ltr' id='par_1_13' title="bbox 242 538 1029 576">
     <span class='ocr_line' id='line_1_13' title="bbox 242 538 1029 576; baseline 0.011 -12"><span class='ocrx_word' id='word_1_79' title='bbox 242 538 328 565; x_wconf 79' lang='grc' dir='ltr'>λάϐοι.</span> <span class='ocrx_word' id='word_1_80' title='bbox 344 539 441 567; x_wconf 75' lang='lat' dir='ltr'><strong>ASther</strong></span> <span class='ocrx_word' id='word_1_81' title='bbox 451 541 516 576; x_wconf 90' lang='lat' dir='ltr'><strong>quid</strong></span> <span class='ocrx_word' id='word_1_82' title='bbox 533 542 578 574; x_wconf 89' lang='lat' dir='ltr'><strong>sit,</strong></span> <span class='ocrx_word' id='word_1_83' title='bbox 595 550 648 570; x_wconf 92' lang='lat' dir='ltr'><strong>non</strong></span> <span class='ocrx_word' id='word_1_84' title='bbox 661 551 714 570; x_wconf 89' lang='lat' dir='ltr'><strong>una</strong></span> <span class='ocrx_word' id='word_1_85' title='bbox 730 547 773 571; x_wconf 89' lang='lat' dir='ltr'><strong>est</strong></span> <span class='ocrx_word' id='word_1_86' title='bbox 785 544 906 572; x_wconf 83' lang='lat' dir='ltr'><strong>omnium</strong></span> <span class='ocrx_word' id='word_1_87' title='bbox 919 549 1029 573; x_wconf 83' lang='lat' dir='ltr'><strong>senten-</strong></span> 
     </span>
    </p>
   </div>
   <div class='ocr_carea' id='block_1_14' title="bbox 241 584 1029 626">
    <p class='ocr_par' dir='ltr' id='par_1_14' title="bbox 241 584 1029 626">
     <span class='ocr_line' id='line_1_14' title="bbox 241 584 1029 626; baseline 0.01 -16"><span class='ocrx_word' id='word_1_88' title='bbox 241 584 295 618; x_wconf 87' lang='lat' dir='ltr'><strong>tia;</strong></span> <span class='ocrx_word' id='word_1_89' title='bbox 313 585 422 619; x_wconf 90' lang='lat' dir='ltr'><strong>quidam</strong></span> <span class='ocrx_word' id='word_1_90' title='bbox 440 587 630 615; x_wconf 84' lang='lat' dir='ltr'><strong>existimarunt</strong></span> <span class='ocrx_word' id='word_1_91' title='bbox 651 596 712 616; x_wconf 88' lang='lat' dir='ltr'><strong>esse</strong></span> <span class='ocrx_word' id='word_1_92' title='bbox 738 596 826 617; x_wconf 88' lang='lat' dir='ltr'><strong>aerem</strong></span> <span class='ocrx_word' id='word_1_93' title='bbox 844 590 970 626; x_wconf 81' lang='lat' dir='ltr'><strong>ignitum,</strong></span> <span class='ocrx_word' id='word_1_94' title='bbox 983 592 1029 619; x_wconf 85' lang='lat' dir='ltr'><strong>alii</strong></span> 
     </span>
    </p>
   </div>
   <div class='ocr_carea' id='block_1_15' title="bbox 242 630 1027 672">
    <p class='ocr_par' dir='ltr' id='par_1_15' title="bbox 242 630 1027 672">
     <span class='ocr_line' id='line_1_15' title="bbox 242 630 1027 672; baseline 0.013 -16"><span class='ocrx_word' id='word_1_95' title='bbox 242 630 353 658; x_wconf 66' lang='lat' dir='ltr'><strong>caelum.</strong></span> <span class='ocrx_word' id='word_1_96' title='bbox 369 630 538 668; x_wconf 84' lang='lat' dir='ltr'><strong>Porphyrius</strong></span> <span class='ocrx_word' id='word_1_97' title='bbox 552 638 579 661; x_wconf 90' lang='lat' dir='ltr'><strong>et</strong></span> <span class='ocrx_word' id='word_1_98' title='bbox 598 639 661 663; x_wconf 89' lang='lat' dir='ltr'><strong>ante</strong></span> <span class='ocrx_word' id='word_1_99' title='bbox 685 643 747 663; x_wconf 91' lang='lat' dir='ltr'><strong>enm</strong></span> <span class='ocrx_word' id='word_1_100' title='bbox 772 636 897 672; x_wconf 89' lang='lat' dir='ltr'><strong>Orpheus</strong></span> <span class='ocrx_word' id='word_1_101' title='bbox 910 642 1027 666; x_wconf 88' lang='lat' dir='ltr'><strong>mentem</strong></span> 
     </span>
    </p>
   </div>
   <div class='ocr_carea' id='block_1_16' title="bbox 241 676 1027 716">
    <p class='ocr_par' dir='ltr' id='par_1_16' title="bbox 241 676 1027 716">
     <span class='ocr_line' id='line_1_16' title="bbox 241 676 1027 716; baseline 0.013 -14"><span class='ocrx_word' id='word_1_102' title='bbox 241 680 268 703; x_wconf 88' lang='lat' dir='ltr'><strong>et</strong></span> <span class='ocrx_word' id='word_1_103' title='bbox 284 676 449 705; x_wconf 68' lang='lat' dir='ltr'><strong>intellectum</strong></span> <span class='ocrx_word' id='word_1_104' title='bbox 467 678 542 707; x_wconf 84' lang='lat' dir='ltr'><strong>Jovis</strong></span> <span class='ocrx_word' id='word_1_105' title='bbox 565 682 745 716; x_wconf 84' lang='lat' dir='ltr'><strong>appellarunt,</strong></span> <span class='ocrx_word' id='word_1_106' title='bbox 760 683 920 711; x_wconf 82' lang='lat' dir='ltr'><strong>Aristoteles</strong></span> <span class='ocrx_word' id='word_1_107' title='bbox 949 685 995 712; x_wconf 88' lang='lat' dir='ltr'><strong>lib.</strong></span> <span class='ocrx_word' id='word_1_108' title='bbox 1019 693 1027 712; x_wconf 90' lang='grc' dir='ltr'><strong>ι</strong></span> 
     </span>
    </p>
   </div>
   <div class='ocr_carea' id='block_1_17' title="bbox 240 720 1026 760">
    <p class='ocr_par' dir='ltr' id='par_1_17' title="bbox 240 720 1026 760">
     <span class='ocr_line' id='line_1_17' title="bbox 240 720 1026 760; baseline 0.015 -13"><span class='ocrx_word' id='word_1_109' title='bbox 240 720 280 748; x_wconf 77' lang='lat' dir='ltr'><strong>De</strong></span> <span class='ocrx_word' id='word_1_110' title='bbox 293 723 367 754; x_wconf 64' lang='lat' dir='ltr'><strong>caelo,</strong></span> <span class='ocrx_word' id='word_1_111' title='bbox 384 731 443 758; x_wconf 84' lang='lat' dir='ltr'><strong>cap.</strong></span> <span class='ocrx_word' id='word_1_112' title='bbox 460 725 487 754; x_wconf 79' lang='lat'><strong>5.</strong></span> <span class='ocrx_word' id='word_1_113' title='bbox 509 729 536 753; x_wconf 91' lang='lat' dir='ltr'><strong>et</strong></span> <span class='ocrx_word' id='word_1_114' title='bbox 551 726 639 760; x_wconf 90' lang='lat' dir='ltr'><strong>primo</strong></span> <span class='ocrx_word' id='word_1_115' title='bbox 653 727 776 760; x_wconf 69' lang='lat' dir='ltr'><strong>Meleon,</strong></span> <span class='ocrx_word' id='word_1_116' title='bbox 801 737 909 756; x_wconf 88' lang='lat' dir='ltr'><strong>necnon</strong></span> <span class='ocrx_word' id='word_1_117' title='bbox 925 734 953 758; x_wconf 89' lang='lat' dir='ltr'><strong>et</strong></span> <span class='ocrx_word' id='word_1_118' title='bbox 977 730 1026 759; x_wconf 82' lang='lat' dir='ltr'><strong>lib.</strong></span> 
     </span>
    </p>
   </div>
   <div class='ocr_carea' id='block_1_18' title="bbox 240 767 1027 804">
    <p class='ocr_par' dir='ltr' id='par_1_18' title="bbox 240 767 1027 804">
     <span class='ocr_line' id='line_1_18' title="bbox 240 767 1027 804; baseline 0.011 -11"><span class='ocrx_word' id='word_1_119' title='bbox 240 767 280 794; x_wconf 76' lang='lat' dir='ltr'><strong>De</strong></span> <span class='ocrx_word' id='word_1_120' title='bbox 292 768 399 800; x_wconf 84' lang='lat' dir='ltr'><strong>mundo,</strong></span> <span class='ocrx_word' id='word_1_121' title='bbox 414 770 437 797; x_wconf 87' lang='lat' dir='ltr'><strong>si</strong></span> <span class='ocrx_word' id='word_1_122' title='bbox 455 774 544 798; x_wconf 88' lang='lat' dir='ltr'><strong>tamen</strong></span> <span class='ocrx_word' id='word_1_123' title='bbox 568 772 729 804; x_wconf 82' lang='lat' dir='ltr'><strong>Aristoteles</strong></span> <span class='ocrx_word' id='word_1_124' title='bbox 748 774 810 801; x_wconf 85' lang='lat' dir='ltr'><strong>libri</strong></span> <span class='ocrx_word' id='word_1_125' title='bbox 834 774 908 802; x_wconf 79' lang='lat' dir='ltr'><strong>illius</strong></span> <span class='ocrx_word' id='word_1_126' title='bbox 933 781 1027 804; x_wconf 82' lang='lat' dir='ltr'><strong>auctor</strong></span> 
     </span>
    </p>
   </div>
   <div class='ocr_carea' id='block_1_19' title="bbox 239 815 1026 858">
    <p class='ocr_par' dir='ltr' id='par_1_19' title="bbox 239 815 1026 858">
     <span class='ocr_line' id='line_1_19' title="bbox 239 815 1026 858; baseline 0.013 -18"><span class='ocrx_word' id='word_1_127' title='bbox 239 817 299 845; x_wconf 89' lang='lat' dir='ltr'><strong>est,</strong></span> <span class='ocrx_word' id='word_1_128' title='bbox 328 815 361 841; x_wconf 86' lang='lat' dir='ltr'><strong>ad</strong></span> <span class='ocrx_word' id='word_1_129' title='bbox 391 815 587 851; x_wconf 79' lang='lat' dir='ltr'><strong>Alexandrum,</strong></span> <span class='ocrx_word' id='word_1_130' title='bbox 615 819 715 847; x_wconf 64' lang='lat' dir='ltr'><strong>aethera</strong></span> <span class='ocrx_word' id='word_1_131' title='bbox 753 821 814 848; x_wconf 64' lang='lat' dir='ltr'><strong>caeli</strong></span> <span class='ocrx_word' id='word_1_132' title='bbox 853 821 1026 858; x_wconf 84' lang='lat' dir='ltr'><strong>siderumque</strong></span> 
     </span>
    </p>
   </div>
   <div class='ocr_carea' id='block_1_20' title="bbox 240 858 1061 900">
    <p class='ocr_par' dir='ltr' id='par_1_20' title="bbox 240 858 1061 900">
     <span class='ocr_line' id='line_1_20' title="bbox 240 858 1061 900; baseline 0.013 -15"><span class='ocrx_word' id='word_1_133' title='bbox 240 859 431 893; x_wconf 70' lang='lat' dir='ltr'><strong>substantiam,</strong></span> <span class='ocrx_word' id='word_1_134' title='bbox 445 862 607 891; x_wconf 87' lang='lat' dir='ltr'><strong>elementum</strong></span> <span class='ocrx_word' id='word_1_135' title='bbox 629 872 644 891; x_wconf 91' lang='lat' dir='ltr'><strong>a</strong></span> <span class='ocrx_word' id='word_1_136' title='bbox 664 869 781 900; x_wconf 78' lang='lat' dir='ltr'><strong>quatuor</strong></span> <span class='ocrx_word' id='word_1_137' title='bbox 795 866 856 894; x_wconf 89' lang='lat' dir='ltr'><strong>aliis</strong></span> <span class='ocrx_word' id='word_1_138' title='bbox 867 867 1024 895; x_wconf 89' lang='lat' dir='ltr'><strong>sublunari-</strong></span> <span class='ocrx_word' id='word_1_139' title='bbox 1038 858 1061 888; x_wconf 77' lang='grc' dir='ltr'>Β</span> 
     </span>
    </p>
   </div>
   <div class='ocr_carea' id='block_1_21' title="bbox 239 905 1025 948">
    <p class='ocr_par' dir='ltr' id='par_1_21' title="bbox 239 905 1025 948">
     <span class='ocr_line' id='line_1_21' title="bbox 239 905 1025 948; baseline 0.013 -17"><span class='ocrx_word' id='word_1_140' title='bbox 239 905 291 932; x_wconf 90' lang='lat' dir='ltr'><strong>bus</strong></span> <span class='ocrx_word' id='word_1_141' title='bbox 303 905 452 939; x_wconf 87' lang='lat' dir='ltr'><strong>diversum,</strong></span> <span class='ocrx_word' id='word_1_142' title='bbox 462 908 595 941; x_wconf 91' lang='lat' dir='ltr'><strong>divinum,</strong></span> <span class='ocrx_word' id='word_1_143' title='bbox 609 915 635 938; x_wconf 92' lang='lat' dir='ltr'><strong>et</strong></span> <span class='ocrx_word' id='word_1_144' title='bbox 650 912 836 947; x_wconf 83' lang='lat' dir='ltr'><strong>corruptionis</strong></span> <span class='ocrx_word' id='word_1_145' title='bbox 849 920 958 948; x_wconf 85' lang='lat' dir='ltr'><strong>expers,</strong></span> <span class='ocrx_word' id='word_1_146' title='bbox 969 921 1025 941; x_wconf 91' lang='lat' dir='ltr'><strong>non</strong></span> 
     </span>
    </p>
   </div>
   <div class='ocr_carea' id='block_1_22' title="bbox 238 953 1023 996">
    <p class='ocr_par' dir='ltr' id='par_1_22' title="bbox 238 953 1023 996">
     <span class='ocr_line' id='line_1_22' title="bbox 238 953 1023 996; baseline 0.013 -17"><span class='ocrx_word' id='word_1_147' title='bbox 238 959 272 979; x_wconf 89' lang='lat' dir='ltr'><strong>eo</strong></span> <span class='ocrx_word' id='word_1_148' title='bbox 297 953 405 988; x_wconf 84' lang='lat' dir='ltr'><strong>quidem</strong></span> <span class='ocrx_word' id='word_1_149' title='bbox 434 956 646 992; x_wconf 82' lang='lat' dir='ltr'><strong>nomine;quod</strong></span> <span class='ocrx_word' id='word_1_150' title='bbox 670 966 733 985; x_wconf 89' lang='lat' dir='ltr'><strong>cum</strong></span> <span class='ocrx_word' id='word_1_151' title='bbox 760 960 838 995; x_wconf 90' lang='lat' dir='ltr'><strong>ignea</strong></span> <span class='ocrx_word' id='word_1_152' title='bbox 864 961 901 988; x_wconf 88' lang='lat' dir='ltr'><strong>sit</strong></span> <span class='ocrx_word' id='word_1_153' title='bbox 917 960 1023 996; x_wconf 83' lang='lat' dir='ltr'><strong>ﬂagret.</strong></span> 
     </span>
    </p>
   </div>
   <div class='ocr_carea' id='block_1_23' title="bbox 239 996 1024 1042">
    <p class='ocr_par' dir='ltr' id='par_1_23' title="bbox 239 996 1024 1042">
     <span class='ocr_line' id='line_1_23' title="bbox 239 996 1024 1042; baseline 0.014 -19"><span class='ocrx_word' id='word_1_154' title='bbox 239 996 291 1024; x_wconf 86' lang='lat' dir='ltr'><strong>Sed</strong></span> <span class='ocrx_word' id='word_1_155' title='bbox 306 999 378 1032; x_wconf 87' lang='lat' dir='ltr'><strong>quod</strong></span> <span class='ocrx_word' id='word_1_156' title='bbox 388 1000 433 1026; x_wconf 76' lang='grc' dir='ltr'><strong>ἀεὶ</strong></span> <span class='ocrx_word' id='word_1_157' title='bbox 443 1000 492 1028; x_wconf 84' lang='grc' dir='ltr'>θεῖ.</span> <span class='ocrx_word' id='word_1_158' title='bbox 507 1003 630 1038; x_wconf 79' lang='grc' dir='ltr'>οὐρανοῦ</span> <span class='ocrx_word' id='word_1_159' title='bbox 645 1003 673 1030; x_wconf 80' lang='grc' dir='ltr'><strong>δὲ</strong></span> <span class='ocrx_word' id='word_1_160' title='bbox 687 1004 732 1031; x_wconf 74' lang='grc' dir='ltr'><strong>καὶ</strong></span> <span class='ocrx_word' id='word_1_161' title='bbox 745 1005 853 1041; x_wconf 84' lang='grc' dir='ltr'><strong>ἄστρων</strong></span> <span class='ocrx_word' id='word_1_162' title='bbox 868 1006 961 1033; x_wconf 86' lang='grc' dir='ltr'>οὐσίαν</span> <span class='ocrx_word' id='word_1_163' title='bbox 975 1007 1024 1042; x_wconf 82' lang='grc' dir='ltr'>μὲν</span> 
     </span>
    </p>
   </div>
   <div class='ocr_carea' id='block_1_24' title="bbox 236 1044 1024 1088">
    <p class='ocr_par' dir='ltr' id='par_1_24' title="bbox 236 1044 1024 1088">
     <span class='ocr_line' id='line_1_24' title="bbox 236 1044 1024 1088; baseline 0.011 -18"><span class='ocrx_word' id='word_1_164' title='bbox 236 1044 333 1080; x_wconf 67' lang='grc' dir='ltr'>αἰθέρα</span> <span class='ocrx_word' id='word_1_165' title='bbox 351 1045 495 1082; x_wconf 77' lang='grc' dir='ltr'>καλοῦμεν,</span> <span class='ocrx_word' id='word_1_166' title='bbox 510 1048 559 1083; x_wconf 80' lang='grc' dir='ltr'>οὐχ</span> <span class='ocrx_word' id='word_1_167' title='bbox 572 1048 609 1080; x_wconf 80' lang='grc' dir='ltr'>ὥς</span> <span class='ocrx_word' id='word_1_168' title='bbox 623 1058 704 1082; x_wconf 85' lang='grc' dir='ltr'>τινες,</span> <span class='ocrx_word' id='word_1_169' title='bbox 721 1050 763 1077; x_wconf 84' lang='grc' dir='ltr'>διὰ</span> <span class='ocrx_word' id='word_1_170' title='bbox 773 1051 804 1077; x_wconf 81' lang='grc' dir='ltr'>τὸ</span> <span class='ocrx_word' id='word_1_171' title='bbox 818 1051 928 1088; x_wconf 80' lang='grc' dir='ltr'><strong>πυρώδη</strong></span> <span class='ocrx_word' id='word_1_172' title='bbox 941 1050 1024 1079; x_wconf 82' lang='grc' dir='ltr'>οὖσαν</span> 
     </span>
    </p>
   </div>
   <div class='ocr_carea' id='block_1_25' title="bbox 236 1090 1024 1135">
    <p class='ocr_par' dir='ltr' id='par_1_25' title="bbox 236 1090 1024 1135">
     <span class='ocr_line' id='line_1_25' title="bbox 236 1090 1024 1135; baseline 0.013 -19"><span class='ocrx_word' id='word_1_173' title='bbox 236 1090 370 1123; x_wconf 77' lang='grc' dir='ltr'>αἴθεσθαι,</span> <span class='ocrx_word' id='word_1_174' title='bbox 387 1093 609 1129; x_wconf 81' lang='grc' dir='ltr'><strong>πλημμελοῦντες</strong></span> <span class='ocrx_word' id='word_1_175' title='bbox 635 1097 700 1132; x_wconf 76' lang='grc' dir='ltr'>περὶ</span> <span class='ocrx_word' id='word_1_176' title='bbox 722 1097 770 1132; x_wconf 84' lang='grc' dir='ltr'>τὴν</span> <span class='ocrx_word' id='word_1_177' title='bbox 797 1097 920 1126; x_wconf 73' lang='grc' dir='ltr'>πλεῖστον</span> <span class='ocrx_word' id='word_1_178' title='bbox 939 1099 1024 1135; x_wconf 84' lang='grc' dir='ltr'>πυρὸς</span> 
     </span>
    </p>
   </div>
   <div class='ocr_carea' id='block_1_26' title="bbox 236 1136 1023 1176">
    <p class='ocr_par' dir='ltr' id='par_1_26' title="bbox 236 1136 1023 1176">
     <span class='ocr_line' id='line_1_26' title="bbox 236 1136 1023 1176; baseline 0.014 -14"><span class='ocrx_word' id='word_1_179' title='bbox 236 1136 449 1175; x_wconf 81' lang='grc' dir='ltr'>ἀπηλλαγμένην</span> <span class='ocrx_word' id='word_1_180' title='bbox 469 1140 593 1176; x_wconf 81' lang='grc' dir='ltr'>δύναμιν,</span> <span class='ocrx_word' id='word_1_181' title='bbox 611 1142 678 1169; x_wconf 79' lang='grc' dir='ltr'>ἀλλὰ</span> <span class='ocrx_word' id='word_1_182' title='bbox 691 1143 735 1170; x_wconf 83' lang='grc' dir='ltr'>διὰ</span> <span class='ocrx_word' id='word_1_183' title='bbox 747 1144 777 1170; x_wconf 83' lang='grc' dir='ltr'><strong>τὺ</strong></span> <span class='ocrx_word' id='word_1_184' title='bbox 791 1145 836 1171; x_wconf 78' lang='grc' dir='ltr'><strong>ἀεὶ</strong></span> <span class='ocrx_word' id='word_1_185' title='bbox 853 1145 908 1172; x_wconf 82' lang='grc' dir='ltr'>θεῖν</span> <span class='ocrx_word' id='word_1_186' title='bbox 925 1146 1023 1172; x_wconf 85' lang='grc' dir='ltr'>κυκλο-</span> 
     </span>
    </p>
   </div>
   <div class='ocr_carea' id='block_1_27' title="bbox 237 1184 1023 1228">
    <p class='ocr_par' dir='ltr' id='par_1_27' title="bbox 237 1184 1023 1228">
     <span class='ocr_line' id='line_1_27' title="bbox 237 1184 1023 1228; baseline 0.013 -19"><span class='ocrx_word' id='word_1_187' title='bbox 237 1184 410 1220; x_wconf 77' lang='grc' dir='ltr'>φορουμένην</span> <span class='ocrx_word' id='word_1_188' title='bbox 435 1189 565 1221; x_wconf 84' lang='grc' dir='ltr'>στοιχεῖον</span> <span class='ocrx_word' id='word_1_189' title='bbox 583 1186 665 1215; x_wconf 78' lang='grc' dir='ltr'>οὖσαν</span> <span class='ocrx_word' id='word_1_190' title='bbox 695 1189 786 1225; x_wconf 77' lang='grc' dir='ltr'>ἕτερον</span> <span class='ocrx_word' id='word_1_191' title='bbox 809 1190 862 1218; x_wconf 86' lang='grc' dir='ltr'><strong>τῶν</strong></span> <span class='ocrx_word' id='word_1_192' title='bbox 885 1191 1023 1228; x_wconf 84' lang='grc' dir='ltr'><strong>τεσσάρων</strong></span> 
     </span>
    </p>
   </div>
   <div class='ocr_carea' id='block_1_28' title="bbox 237 1229 1022 1273">
    <p class='ocr_par' dir='ltr' id='par_1_28' title="bbox 237 1229 1022 1273">
     <span class='ocr_line' id='line_1_28' title="bbox 237 1229 1022 1273; baseline 0.013 -17"><span class='ocrx_word' id='word_1_193' title='bbox 237 1229 374 1265; x_wconf 81' lang='grc' dir='ltr'>ἀκήρατόν</span> <span class='ocrx_word' id='word_1_194' title='bbox 390 1240 419 1258; x_wconf 87' lang='grc' dir='ltr'><strong>τε</strong></span> <span class='ocrx_word' id='word_1_195' title='bbox 435 1233 481 1260; x_wconf 73' lang='grc' dir='ltr'>καὶ</span> <span class='ocrx_word' id='word_1_196' title='bbox 498 1233 576 1260; x_wconf 85' lang='grc' dir='ltr'>θεῖον.</span> <span class='ocrx_word' id='word_1_197' title='bbox 592 1234 624 1262; x_wconf 86' lang='lat' dir='ltr'><strong>Et</strong></span> <span class='ocrx_word' id='word_1_198' title='bbox 639 1235 686 1263; x_wconf 90' lang='lat' dir='ltr'><strong>lib.</strong></span> <span class='ocrx_word' id='word_1_199' title='bbox 709 1244 717 1263; x_wconf 86' lang='grc' dir='ltr'><strong>ι</strong></span> <span class='ocrx_word' id='word_1_200' title='bbox 743 1237 782 1264; x_wconf 84' lang='lat' dir='ltr'><strong>De</strong></span> <span class='ocrx_word' id='word_1_201' title='bbox 795 1238 858 1264; x_wconf 72' lang='lat' dir='ltr'><strong>caelo</strong></span> <span class='ocrx_word' id='word_1_202' title='bbox 876 1238 1022 1273; x_wconf 86' lang='lat' dir='ltr'><strong>reprehen-</strong></span> 
     </span>
    </p>
   </div>
   <div class='ocr_carea' id='block_1_29' title="bbox 237 1275 1020 1317">
    <p class='ocr_par' dir='ltr' id='par_1_29' title="bbox 237 1275 1020 1317">
     <span class='ocr_line' id='line_1_29' title="bbox 237 1275 1020 1317; baseline 0.011 -15"><span class='ocrx_word' id='word_1_203' title='bbox 237 1275 277 1302; x_wconf 89' lang='lat' dir='ltr'><strong>dit</strong></span> <span class='ocrx_word' id='word_1_204' title='bbox 301 1276 500 1312; x_wconf 77' lang='lat' dir='ltr'><strong>Anaxagoram,</strong></span> <span class='ocrx_word' id='word_1_205' title='bbox 529 1279 600 1314; x_wconf 93' lang='lat' dir='ltr'><strong>quod</strong></span> <span class='ocrx_word' id='word_1_206' title='bbox 630 1289 679 1315; x_wconf 85' lang='lat' dir='ltr'><strong>pro</strong></span> <span class='ocrx_word' id='word_1_207' title='bbox 697 1281 767 1317; x_wconf 88' lang='lat' dir='ltr'><strong>igne,</strong></span> <span class='ocrx_word' id='word_1_208' title='bbox 792 1283 919 1310; x_wconf 72' lang='lat' dir='ltr'><strong>aetherem</strong></span> <span class='ocrx_word' id='word_1_209' title='bbox 942 1283 1020 1317; x_wconf 81' lang='lat' dir='ltr'><strong>dixit,</strong></span> 
     </span>
    </p>
   </div>
   <div class='ocr_carea' id='block_1_30' title="bbox 235 1322 1022 1366">
    <p class='ocr_par' dir='ltr' id='par_1_30' title="bbox 235 1322 1022 1366">
     <span class='ocr_line' id='line_1_30' title="bbox 235 1322 1022 1366; baseline 0.014 -19"><span class='ocrx_word' id='word_1_210' title='bbox 235 1322 308 1355; x_wconf 88' lang='lat' dir='ltr'><strong>quod</strong></span> <span class='ocrx_word' id='word_1_211' title='bbox 326 1326 354 1349; x_wconf 85' lang='lat' dir='ltr'><strong>et</strong></span> <span class='ocrx_word' id='word_1_212' title='bbox 370 1323 441 1351; x_wconf 81' lang='lat' dir='ltr'><strong>alios</strong></span> <span class='ocrx_word' id='word_1_213' title='bbox 461 1324 560 1353; x_wconf 80' lang='lat' dir='ltr'><strong>fecisse</strong></span> <span class='ocrx_word' id='word_1_214' title='bbox 586 1328 654 1355; x_wconf 84' lang='lat' dir='ltr'><strong>satis</strong></span> <span class='ocrx_word' id='word_1_215' title='bbox 669 1332 763 1355; x_wconf 90' lang='lat' dir='ltr'><strong>notum</strong></span> <span class='ocrx_word' id='word_1_216' title='bbox 783 1334 834 1357; x_wconf 88' lang='lat' dir='ltr'><strong>est.</strong></span> <span class='ocrx_word' id='word_1_217' title='bbox 851 1329 885 1356; x_wconf 84' lang='lat' dir='ltr'><strong>Hi</strong></span> <span class='ocrx_word' id='word_1_218' title='bbox 904 1338 1022 1366; x_wconf 88' lang='lat' dir='ltr'><strong>namque</strong></span> 
     </span>
    </p>
   </div>
   <div class='ocr_carea' id='block_1_31' title="bbox 234 1366 1021 1408">
    <p class='ocr_par' dir='ltr' id='par_1_31' title="bbox 234 1366 1021 1408">
     <span class='ocr_line' id='line_1_31' title="bbox 234 1366 1021 1408; baseline 0.014 -15"><span class='ocrx_word' id='word_1_219' title='bbox 234 1366 270 1393; x_wconf 89' lang='lat' dir='ltr'><strong>ab</strong></span> <span class='ocrx_word' id='word_1_220' title='bbox 292 1367 369 1399; x_wconf 82' lang='grc' dir='ltr'>αῐθω,</span> <span class='ocrx_word' id='word_1_221' title='bbox 383 1377 438 1396; x_wconf 92' lang='lat' dir='ltr'><strong>non</strong></span> <span class='ocrx_word' id='word_1_222' title='bbox 467 1370 501 1398; x_wconf 88' lang='lat' dir='ltr'><strong>ab</strong></span> <span class='ocrx_word' id='word_1_223' title='bbox 523 1371 565 1398; x_wconf 78' lang='grc' dir='ltr'><strong>ἀεὶ</strong></span> <span class='ocrx_word' id='word_1_224' title='bbox 589 1372 654 1404; x_wconf 88' lang='grc' dir='ltr'>Θεῖν,</span> <span class='ocrx_word' id='word_1_225' title='bbox 673 1374 800 1402; x_wconf 77' lang='lat' dir='ltr'><strong>zetherem</strong></span> <span class='ocrx_word' id='word_1_226' title='bbox 824 1375 971 1408; x_wconf 90' lang='lat' dir='ltr'><strong>deducunt,</strong></span> <span class='ocrx_word' id='word_1_227' title='bbox 992 1377 1021 1404; x_wconf 88' lang='lat' dir='ltr'><strong>in</strong></span> 
     </span>
    </p>
   </div>
   <div class='ocr_carea' id='block_1_32' title="bbox 232 1416 1021 1450">
    <p class='ocr_par' dir='ltr' id='par_1_32' title="bbox 232 1416 1021 1450">
     <span class='ocr_line' id='line_1_32' title="bbox 232 1416 1021 1450; baseline 0.013 -11"><span class='ocrx_word' id='word_1_228' title='bbox 232 1420 316 1447; x_wconf 88' lang='lat' dir='ltr'><strong>quam</strong></span> <span class='ocrx_word' id='word_1_229' title='bbox 344 1416 504 1444; x_wconf 88' lang='lat' dir='ltr'><strong>sententiam</strong></span> <span class='ocrx_word' id='word_1_230' title='bbox 521 1422 549 1445; x_wconf 88' lang='lat' dir='ltr'><strong>et</strong></span> <span class='ocrx_word' id='word_1_231' title='bbox 567 1418 662 1446; x_wconf 86' lang='lat' dir='ltr'><strong>Cicero</strong></span> <span class='ocrx_word' id='word_1_232' title='bbox 681 1420 727 1447; x_wconf 89' lang='lat' dir='ltr'><strong>lib.</strong></span> <span class='ocrx_word' id='word_1_233' title='bbox 743 1428 761 1446; x_wconf 91' lang='lat' dir='ltr'><strong>Il</strong></span> <span class='ocrx_word' id='word_1_234' title='bbox 789 1420 828 1448; x_wconf 81' lang='lat' dir='ltr'><strong>De</strong></span> <span class='ocrx_word' id='word_1_235' title='bbox 844 1426 938 1449; x_wconf 81' lang='lat' dir='ltr'><strong>natura</strong></span> <span class='ocrx_word' id='word_1_236' title='bbox 960 1423 1021 1450; x_wconf 85' lang='lat' dir='ltr'><strong>deo—</strong></span> 
     </span>
    </p>
   </div>
   <div class='ocr_carea' id='block_1_33' title="bbox 240 1459 1020 1496">
    <p class='ocr_par' dir='ltr' id='par_1_33' title="bbox 240 1459 1020 1496">
     <span class='ocr_line' id='line_1_33' title="bbox 240 1459 1020 1496; baseline 0.014 -12"><span class='ocrx_word' id='word_1_237' title='bbox 240 1466 299 1485; x_wconf 87' lang='lat' dir='ltr'><strong>rum</strong></span> <span class='ocrx_word' id='word_1_238' title='bbox 317 1459 399 1488; x_wconf 86' lang='lat' dir='ltr'><strong>ivisse</strong></span> <span class='ocrx_word' id='word_1_239' title='bbox 414 1461 538 1496; x_wconf 88' lang='lat' dir='ltr'><strong>videtur;</strong></span> <span class='ocrx_word' id='word_1_240' title='bbox 558 1468 584 1491; x_wconf 88' lang='lat' dir='ltr'><strong>et</strong></span> <span class='ocrx_word' id='word_1_241' title='bbox 607 1463 764 1492; x_wconf 87' lang='lat' dir='ltr'><strong>Phornutus</strong></span> <span class='ocrx_word' id='word_1_242' title='bbox 779 1465 843 1493; x_wconf 89' lang='lat' dir='ltr'><strong>item</strong></span> <span class='ocrx_word' id='word_1_243' title='bbox 860 1467 898 1494; x_wconf 86' lang='lat' dir='ltr'><strong>De</strong></span> <span class='ocrx_word' id='word_1_244' title='bbox 924 1473 1020 1495; x_wconf 83' lang='lat' dir='ltr'><strong>natura</strong></span> 
     </span>
    </p>
   </div>
   <div class='ocr_carea' id='block_1_34' title="bbox 1083 224 1870 265">
    <p class='ocr_par' dir='ltr' id='par_1_34' title="bbox 1083 224 1870 265">
     <span class='ocr_line' id='line_1_34' title="bbox 1083 224 1870 265; baseline 0.009 -15"><span class='ocrx_word' id='word_1_245' title='bbox 1083 224 1195 256; x_wconf 85' lang='lat' dir='ltr'><strong>imbres,</strong></span> <span class='ocrx_word' id='word_1_246' title='bbox 1214 230 1296 259; x_wconf 82' lang='lat' dir='ltr'><strong>atque</strong></span> <span class='ocrx_word' id='word_1_247' title='bbox 1312 226 1407 254; x_wconf 86' lang='lat' dir='ltr'><strong>nimbi.</strong></span> <span class='ocrx_word' id='word_1_248' title='bbox 1426 227 1463 254; x_wconf 89' lang='lat' dir='ltr'><strong>Ex</strong></span> <span class='ocrx_word' id='word_1_249' title='bbox 1484 228 1583 262; x_wconf 81' lang='lat' dir='ltr'><strong>quibus</strong></span> <span class='ocrx_word' id='word_1_250' title='bbox 1603 229 1640 255; x_wconf 91' lang='lat' dir='ltr'><strong>ita</strong></span> <span class='ocrx_word' id='word_1_251' title='bbox 1660 229 1792 256; x_wconf 85' lang='lat' dir='ltr'><strong>lacunam</strong></span> <span class='ocrx_word' id='word_1_252' title='bbox 1807 237 1870 265; x_wconf 86' lang='lat' dir='ltr'><strong>sup-</strong></span> 
     </span>
    </p>
   </div>
   <div class='ocr_carea' id='block_1_35' title="bbox 1082 270 1868 310">
    <p class='ocr_par' dir='ltr' id='par_1_35' title="bbox 1082 270 1868 310">
     <span class='ocr_line' id='line_1_35' title="bbox 1082 270 1868 310; baseline 0.008 -15"><span class='ocrx_word' id='word_1_253' title='bbox 1082 270 1125 304; x_wconf 90' lang='lat' dir='ltr'><strong>ple</strong></span> <span class='ocrx_word' id='word_1_254' title='bbox 1143 279 1150 297; x_wconf 83' lang='lat'><strong>:</strong></span> <span class='ocrx_word' id='word_1_255' title='bbox 1166 270 1269 297; x_wconf 79' lang='grc' dir='ltr'>Γίνεται</span> <span class='ocrx_word' id='word_1_256' title='bbox 1297 271 1325 297; x_wconf 80' lang='grc' dir='ltr'><strong>δὲ</strong></span> <span class='ocrx_word' id='word_1_257' title='bbox 1348 271 1435 303; x_wconf 76' lang='grc' dir='ltr'>οὕτως</span> <span class='ocrx_word' id='word_1_258' title='bbox 1458 273 1474 299; x_wconf 76' lang='grc' dir='ltr'><strong>ὁ</strong></span> <span class='ocrx_word' id='word_1_259' title='bbox 1502 273 1586 304; x_wconf 84' lang='grc' dir='ltr'>ὑετός.</span> <span class='ocrx_word' id='word_1_260' title='bbox 1612 273 1780 308; x_wconf 79' lang='grc' dir='ltr'>Συνάγονται</span> <span class='ocrx_word' id='word_1_261' title='bbox 1808 276 1868 310; x_wconf 69' lang='grc' dir='ltr'>περὶ</span> 
     </span>
    </p>
   </div>
   <div class='ocr_carea' id='block_1_36' title="bbox 1080 316 1545 358">
    <p class='ocr_par' dir='ltr' id='par_1_36' title="bbox 1080 316 1545 358">
     <span class='ocr_line' id='line_1_36' title="bbox 1080 316 1545 358; baseline 0.011 -16"><span class='ocrx_word' id='word_1_262' title='bbox 1080 316 1120 348; x_wconf 75' lang='grc' dir='ltr'>τὸ,</span> <span class='ocrx_word' id='word_1_263' title='bbox 1134 321 1185 344; x_wconf 88' lang='lat' dir='ltr'><strong>etc.</strong></span> <span class='ocrx_word' id='word_1_264' title='bbox 1543 356 1545 358; x_wconf 22' lang='grc' dir='ltr'><strong>η</strong></span> 
     </span>
    </p>
   </div>
   <div class='ocr_carea' id='block_1_37' title="bbox 1116 365 1867 403">
    <p class='ocr_par' dir='ltr' id='par_1_37' title="bbox 1116 365 1867 403">
     <span class='ocr_line' id='line_1_37' title="bbox 1116 365 1867 403; baseline 0.007 -11"><span class='ocrx_word' id='word_1_265' title='bbox 1116 365 1196 398; x_wconf 85' lang='lat' dir='ltr'><strong>lbid.,</strong></span> <span class='ocrx_word' id='word_1_266' title='bbox 1214 367 1262 394; x_wconf 93' lang='lat' dir='ltr'><strong>lin.</strong></span> <span class='ocrx_word' id='word_1_267' title='bbox 1274 367 1319 394; x_wconf 75' lang='lat'><strong>‘27.</strong></span> <span class='ocrx_word' id='word_1_268' title='bbox 1340 367 1420 394; x_wconf 82' lang='grc' dir='ltr'><strong>Ἡδὲ</strong></span> <span class='ocrx_word' id='word_1_269' title='bbox 1432 367 1505 403; x_wconf 72' lang='grc' dir='ltr'>χιὼν</span> <span class='ocrx_word' id='word_1_270' title='bbox 1520 369 1554 395; x_wconf 81' lang='grc' dir='ltr'><strong><em>ὲκ</em></strong></span> <span class='ocrx_word' id='word_1_271' title='bbox 1568 368 1626 396; x_wconf 81' lang='grc' dir='ltr'><strong>τῶν</strong></span> <span class='ocrx_word' id='word_1_272' title='bbox 1638 369 1766 397; x_wconf 71' lang='grc' dir='ltr'><strong>ὑδάτων.</strong></span> <span class='ocrx_word' id='word_1_273' title='bbox 1790 369 1867 398; x_wconf 76' lang='lat' dir='ltr'><strong>Basi-</strong></span> 
     </span>
    </p>
   </div>
   <div class='ocr_carea' id='block_1_38' title="bbox 1080 409 1866 452">
    <p class='ocr_par' dir='ltr' id='par_1_38' title="bbox 1080 409 1866 452">
     <span class='ocr_line' id='line_1_38' title="bbox 1080 409 1866 452; baseline 0.009 -15"><span class='ocrx_word' id='word_1_274' title='bbox 1080 409 1143 442; x_wconf 87' lang='lat' dir='ltr'><strong>lius,</strong></span> <span class='ocrx_word' id='word_1_275' title='bbox 1167 411 1241 438; x_wconf 91' lang='lat' dir='ltr'><strong>hom.</strong></span> <span class='ocrx_word' id='word_1_276' title='bbox 1268 412 1305 440; x_wconf 77' lang='lat'><strong>5:</strong></span> <span class='ocrx_word' id='word_1_277' title='bbox 1323 413 1406 439; x_wconf 80' lang='grc' dir='ltr'>Ὅταν</span> <span class='ocrx_word' id='word_1_278' title='bbox 1433 413 1462 440; x_wconf 73' lang='grc' dir='ltr'><strong>δὲ</strong></span> <span class='ocrx_word' id='word_1_279' title='bbox 1491 414 1521 440; x_wconf 83' lang='grc' dir='ltr'>τὸ</span> <span class='ocrx_word' id='word_1_280' title='bbox 1542 415 1622 450; x_wconf 80' lang='grc' dir='ltr'>ὑγρὸν</span> <span class='ocrx_word' id='word_1_281' title='bbox 1638 414 1790 452; x_wconf 72' lang='grc' dir='ltr'>ἐξαφρισθῇ</span> <span class='ocrx_word' id='word_1_282' title='bbox 1811 419 1866 450; x_wconf 76' lang='grc' dir='ltr'>ταῖς</span> 
     </span>
    </p>
   </div>
   <div class='ocr_carea' id='block_1_39' title="bbox 1080 455 1866 499">
    <p class='ocr_par' dir='ltr' id='par_1_39' title="bbox 1080 455 1866 499">
     <span class='ocr_line' id='line_1_39' title="bbox 1080 455 1866 499; baseline 0.01 -17"><span class='ocrx_word' id='word_1_283' title='bbox 1080 455 1151 491; x_wconf 82' lang='grc' dir='ltr'>βίαις</span> <span class='ocrx_word' id='word_1_284' title='bbox 1164 457 1218 484; x_wconf 87' lang='grc' dir='ltr'><strong>τῶν</strong></span> <span class='ocrx_word' id='word_1_285' title='bbox 1232 458 1340 493; x_wconf 78' lang='grc' dir='ltr'>ἀνέμων</span> <span class='ocrx_word' id='word_1_286' title='bbox 1351 460 1496 492; x_wconf 76' lang='grc' dir='ltr'>ἀνακοπὲν,</span> <span class='ocrx_word' id='word_1_287' title='bbox 1510 459 1569 487; x_wconf 87' lang='grc' dir='ltr'>εἶτα</span> <span class='ocrx_word' id='word_1_288' title='bbox 1582 462 1623 493; x_wconf 87' lang='grc' dir='ltr'><strong>είς</strong></span> <span class='ocrx_word' id='word_1_289' title='bbox 1636 462 1721 498; x_wconf 75' lang='grc' dir='ltr'>ἄκρον</span> <span class='ocrx_word' id='word_1_290' title='bbox 1742 463 1866 499; x_wconf 73' lang='grc' dir='ltr'>καταψυ-</span> 
     </span>
    </p>
   </div>
   <div class='ocr_carea' id='block_1_40' title="bbox 1079 505 1864 546">
    <p class='ocr_par' dir='ltr' id='par_1_40' title="bbox 1079 505 1864 546">
     <span class='ocr_line' id='line_1_40' title="bbox 1079 505 1864 546; baseline 0.008 -15"><span class='ocrx_word' id='word_1_291' title='bbox 1079 505 1142 541; x_wconf 84' lang='grc' dir='ltr'>χθὲν</span> <span class='ocrx_word' id='word_1_292' title='bbox 1158 505 1217 532; x_wconf 79' lang='grc' dir='ltr'>ὅλον</span> <span class='ocrx_word' id='word_1_293' title='bbox 1232 506 1265 532; x_wconf 79' lang='grc' dir='ltr'><strong>δι’</strong></span> <span class='ocrx_word' id='word_1_294' title='bbox 1287 506 1348 533; x_wconf 82' lang='grc' dir='ltr'>ὅλου</span> <span class='ocrx_word' id='word_1_295' title='bbox 1363 508 1452 542; x_wconf 79' lang='grc' dir='ltr'>παγῇ,</span> <span class='ocrx_word' id='word_1_296' title='bbox 1472 507 1639 544; x_wconf 70' lang='grc' dir='ltr'>θραυομένου</span> <span class='ocrx_word' id='word_1_297' title='bbox 1654 509 1701 536; x_wconf 82' lang='grc' dir='ltr'>τοῦ</span> <span class='ocrx_word' id='word_1_298' title='bbox 1721 509 1834 545; x_wconf 74' lang='grc' dir='ltr'>νέφους,</span> <span class='ocrx_word' id='word_1_299' title='bbox 1849 513 1864 546; x_wconf 80' lang='grc' dir='ltr'>ἡ</span> 
     </span>
    </p>
   </div>
   <div class='ocr_carea' id='block_1_41' title="bbox 1078 551 1865 592">
    <p class='ocr_par' dir='ltr' id='par_1_41' title="bbox 1078 551 1865 592">
     <span class='ocr_line' id='line_1_41' title="bbox 1078 551 1865 592; baseline 0.009 -15"><span class='ocrx_word' id='word_1_300' title='bbox 1078 551 1145 586; x_wconf 88' lang='grc' dir='ltr'>χιὼν</span> <span class='ocrx_word' id='word_1_301' title='bbox 1166 552 1360 587; x_wconf 75' lang='grc' dir='ltr'>καταφέρεται.</span> <span class='ocrx_word' id='word_1_302' title='bbox 1379 552 1440 580; x_wconf 82' lang='grc' dir='ltr'><strong>Νοη</strong></span> <span class='ocrx_word' id='word_1_303' title='bbox 1464 553 1607 582; x_wconf 84' lang='lat' dir='ltr'><strong>dissimilia</strong></span> <span class='ocrx_word' id='word_1_304' title='bbox 1628 556 1709 583; x_wconf 86' lang='lat' dir='ltr'><strong>habet</strong></span> <span class='ocrx_word' id='word_1_305' title='bbox 1732 555 1865 592; x_wconf 79' lang='lat' dir='ltr'><strong>Georgius</strong></span> 
     </span>
    </p>
   </div>
   <div class='ocr_carea' id='block_1_42' title="bbox 1079 596 1864 636">
    <p class='ocr_par' dir='ltr' id='par_1_42' title="bbox 1079 596 1864 636">
     <span class='ocr_line' id='line_1_42' title="bbox 1079 596 1864 636; baseline 0.01 -13"><span class='ocrx_word' id='word_1_306' title='bbox 1079 596 1185 625; x_wconf 89' lang='lat' dir='ltr'><strong>Pisides</strong></span> <span class='ocrx_word' id='word_1_307' title='bbox 1210 598 1249 625; x_wconf 86' lang='lat' dir='ltr'><strong>De</strong></span> <span class='ocrx_word' id='word_1_308' title='bbox 1275 599 1365 626; x_wconf 82' lang='lat' dir='ltr'><strong>mundi</strong></span> <span class='ocrx_word' id='word_1_309' title='bbox 1390 602 1512 636; x_wconf 77' lang='lat' dir='ltr'><strong>opt/icio;</strong></span> <span class='ocrx_word' id='word_1_310' title='bbox 1540 601 1646 630; x_wconf 88' lang='lat' dir='ltr'><strong>Plinius</strong></span> <span class='ocrx_word' id='word_1_311' title='bbox 1673 603 1721 630; x_wconf 76' lang='lat' dir='ltr'><strong>tib.</strong></span> <span class='ocrx_word' id='word_1_312' title='bbox 1738 604 1864 636; x_wconf 80' lang='lat' dir='ltr'><strong>n,c.60,</strong></span> 
     </span>
    </p>
   </div>
   <div class='ocr_carea' id='block_1_43' title="bbox 1080 643 1864 683">
    <p class='ocr_par' dir='ltr' id='par_1_43' title="bbox 1080 643 1864 683">
     <span class='ocr_line' id='line_1_43' title="bbox 1080 643 1864 683; baseline 0.009 -13"><span class='ocrx_word' id='word_1_313' title='bbox 1080 643 1240 671; x_wconf 70' lang='lat' dir='ltr'><strong>arundinem</strong></span> <span class='ocrx_word' id='word_1_314' title='bbox 1255 646 1419 680; x_wconf 80' lang='lat' dir='ltr'><strong>conglaciato</strong></span> <span class='ocrx_word' id='word_1_315' title='bbox 1436 647 1518 674; x_wconf 81' lang='lat' dir='ltr'><strong>imbre</strong></span> <span class='ocrx_word' id='word_1_316' title='bbox 1532 648 1619 683; x_wconf 81' lang='lat' dir='ltr'><strong>gigni,</strong></span> <span class='ocrx_word' id='word_1_317' title='bbox 1634 653 1658 675; x_wconf 85' lang='lat' dir='ltr'><strong>et</strong></span> <span class='ocrx_word' id='word_1_318' title='bbox 1673 649 1759 676; x_wconf 73' lang='lat' dir='ltr'><strong>nivem</strong></span> <span class='ocrx_word' id='word_1_319' title='bbox 1777 649 1864 676; x_wconf 73' lang='lat' dir='ltr'><strong>eodem</strong></span> 
     </span>
    </p>
   </div>
   <div class='ocr_carea' id='block_1_44' title="bbox 1080 688 1865 729">
    <p class='ocr_par' dir='ltr' id='par_1_44' title="bbox 1080 688 1865 729">
     <span class='ocr_line' id='line_1_44' title="bbox 1080 688 1865 729; baseline 0.009 -15"><span class='ocrx_word' id='word_1_320' title='bbox 1080 688 1312 717; x_wconf 69' lang='lat' dir='ltr'><strong>humoremollius</strong></span> <span class='ocrx_word' id='word_1_321' title='bbox 1339 696 1439 723; x_wconf 80' lang='lat' dir='ltr'><strong>coacto,</strong></span> <span class='ocrx_word' id='word_1_322' title='bbox 1455 692 1577 726; x_wconf 77' lang='lat' dir='ltr'><strong>pruinam</strong></span> <span class='ocrx_word' id='word_1_323' title='bbox 1594 698 1681 720; x_wconf 83' lang='lat' dir='ltr'><strong>autem</strong></span> <span class='ocrx_word' id='word_1_324' title='bbox 1695 701 1730 720; x_wconf 77' lang='lat' dir='ltr'><strong>ea:</strong></span> <span class='ocrx_word' id='word_1_325' title='bbox 1748 702 1811 721; x_wconf 83' lang='lat' dir='ltr'><strong>rore</strong></span> <span class='ocrx_word' id='word_1_326' title='bbox 1824 703 1865 729; x_wconf 78' lang='lat' dir='ltr'><strong>ge-</strong></span> 
     </span>
    </p>
   </div>
   <div class='ocr_carea' id='block_1_45' title="bbox 1078 734 1864 775">
    <p class='ocr_par' dir='ltr' id='par_1_45' title="bbox 1078 734 1864 775">
     <span class='ocr_line' id='line_1_45' title="bbox 1078 734 1864 775; baseline 0.009 -14"><span class='ocrx_word' id='word_1_327' title='bbox 1078 734 1145 762; x_wconf 79' lang='lat' dir='ltr'><strong>lido.</strong></span> <span class='ocrx_word' id='word_1_328' title='bbox 1165 735 1217 763; x_wconf 88' lang='lat' dir='ltr'><strong>Sed</strong></span> <span class='ocrx_word' id='word_1_329' title='bbox 1240 736 1315 764; x_wconf 85' lang='lat' dir='ltr'><strong>brevi</strong></span> <span class='ocrx_word' id='word_1_330' title='bbox 1332 737 1359 764; x_wconf 91' lang='lat' dir='ltr'><strong>id</strong></span> <span class='ocrx_word' id='word_1_331' title='bbox 1372 738 1539 773; x_wconf 80' lang='lat' dir='ltr'><strong>explicemus</strong></span> <span class='ocrx_word' id='word_1_332' title='bbox 1567 746 1702 768; x_wconf 87' lang='lat' dir='ltr'><strong>sermone.</strong></span> <span class='ocrx_word' id='word_1_333' title='bbox 1726 738 1756 767; x_wconf 88' lang='lat' dir='ltr'><strong>Si</strong></span> <span class='ocrx_word' id='word_1_334' title='bbox 1782 748 1864 775; x_wconf 81' lang='lat' dir='ltr'><strong>vapor</strong></span> 
     </span>
    </p>
   </div>
   <div class='ocr_carea' id='block_1_46' title="bbox 1078 780 1863 819">
    <p class='ocr_par' dir='ltr' id='par_1_46' title="bbox 1078 780 1863 819">
     <span class='ocr_line' id='line_1_46' title="bbox 1078 780 1863 819; baseline 0.009 -12"><span class='ocrx_word' id='word_1_335' title='bbox 1078 780 1207 809; x_wconf 77' lang='lat' dir='ltr'><strong>humidus</strong></span> <span class='ocrx_word' id='word_1_336' title='bbox 1226 782 1253 809; x_wconf 94' lang='lat' dir='ltr'><strong>in</strong></span> <span class='ocrx_word' id='word_1_337' title='bbox 1270 783 1342 810; x_wconf 85' lang='lat' dir='ltr'><strong>aeris</strong></span> <span class='ocrx_word' id='word_1_338' title='bbox 1365 783 1453 811; x_wconf 87' lang='lat' dir='ltr'><strong>media</strong></span> <span class='ocrx_word' id='word_1_339' title='bbox 1475 784 1586 819; x_wconf 78' lang='lat' dir='ltr'><strong>regione</strong></span> <span class='ocrx_word' id='word_1_340' title='bbox 1601 785 1750 813; x_wconf 84' lang='lat' dir='ltr'><strong>subvectus</strong></span> <span class='ocrx_word' id='word_1_341' title='bbox 1765 785 1863 814; x_wconf 83' lang='lat' dir='ltr'><strong>densa-</strong></span> 
     </span>
    </p>
   </div>
   <div class='ocr_carea' id='block_1_47' title="bbox 1077 829 1862 867">
    <p class='ocr_par' dir='ltr' id='par_1_47' title="bbox 1077 829 1862 867">
     <span class='ocr_line' id='line_1_47' title="bbox 1077 829 1862 867; baseline 0.008 -13"><span class='ocrx_word' id='word_1_342' title='bbox 1077 831 1132 860; x_wconf 92' lang='lat' dir='ltr'><strong>tur,</strong></span> <span class='ocrx_word' id='word_1_343' title='bbox 1147 835 1198 855; x_wconf 86' lang='lat' dir='ltr'><strong>nec</strong></span> <span class='ocrx_word' id='word_1_344' title='bbox 1218 832 1276 864; x_wconf 79' lang='lat' dir='ltr'><strong>tum</strong></span> <span class='ocrx_word' id='word_1_345' title='bbox 1299 829 1467 864; x_wconf 78' lang='lat' dir='ltr'><strong>congelatur,</strong></span> <span class='ocrx_word' id='word_1_346' title='bbox 1480 830 1509 857; x_wconf 81' lang='lat' dir='ltr'><strong>tit</strong></span> <span class='ocrx_word' id='word_1_347' title='bbox 1522 831 1624 865; x_wconf 86' lang='lat' dir='ltr'><strong>pluvia,</strong></span> <span class='ocrx_word' id='word_1_348' title='bbox 1638 831 1680 858; x_wconf 83' lang='lat' dir='ltr'><strong>vel</strong></span> <span class='ocrx_word' id='word_1_349' title='bbox 1701 833 1862 867; x_wconf 76' lang='lat' dir='ltr'><strong>congelatur</strong></span> 
     </span>
    </p>
   </div>
   <div class='ocr_carea' id='block_1_48' title="bbox 1075 874 1860 911">
    <p class='ocr_par' dir='ltr' id='par_1_48' title="bbox 1075 874 1860 911">
     <span class='ocr_line' id='line_1_48' title="bbox 1075 874 1860 911; baseline 0.008 -10"><span class='ocrx_word' id='word_1_350' title='bbox 1075 874 1233 910; x_wconf 89' lang='lat' dir='ltr'><strong>priusquam</strong></span> <span class='ocrx_word' id='word_1_351' title='bbox 1268 876 1297 902; x_wconf 91' lang='lat' dir='ltr'><strong>in</strong></span> <span class='ocrx_word' id='word_1_352' title='bbox 1332 883 1430 911; x_wconf 76' lang='lat' dir='ltr'><strong>aquam</strong></span> <span class='ocrx_word' id='word_1_353' title='bbox 1454 881 1636 911; x_wconf 84' lang='lat' dir='ltr'><strong>convertatur,</strong></span> <span class='ocrx_word' id='word_1_354' title='bbox 1657 881 1685 905; x_wconf 87' lang='lat' dir='ltr'><strong>et</strong></span> <span class='ocrx_word' id='word_1_355' title='bbox 1706 878 1738 905; x_wconf 77' lang='lat' dir='ltr'><strong>fit</strong></span> <span class='ocrx_word' id='word_1_356' title='bbox 1760 879 1809 906; x_wconf 81' lang='lat' dir='ltr'><strong>nix</strong></span> <span class='ocrx_word' id='word_1_357' title='bbox 1829 887 1860 907; x_wconf 77' lang='lat' dir='ltr'><strong>ex</strong></span> 
     </span>
    </p>
   </div>
   <div class='ocr_carea' id='block_1_49' title="bbox 1074 918 1861 959">
    <p class='ocr_par' dir='ltr' id='par_1_49' title="bbox 1074 918 1861 959">
     <span class='ocr_line' id='line_1_49' title="bbox 1074 918 1861 959; baseline 0.009 -14"><span class='ocrx_word' id='word_1_358' title='bbox 1074 918 1174 953; x_wconf 88' lang='lat' dir='ltr'><strong>frigore</strong></span> <span class='ocrx_word' id='word_1_359' title='bbox 1201 922 1258 946; x_wconf 90' lang='lat' dir='ltr'><strong>tum</strong></span> <span class='ocrx_word' id='word_1_360' title='bbox 1277 919 1383 947; x_wconf 80' lang='lat' dir='ltr'><strong>fortiori</strong></span> <span class='ocrx_word' id='word_1_361' title='bbox 1395 928 1475 955; x_wconf 85' lang='lat' dir='ltr'><strong>quam</strong></span> <span class='ocrx_word' id='word_1_362' title='bbox 1492 921 1595 956; x_wconf 88' lang='lat' dir='ltr'><strong>pluvia,</strong></span> <span class='ocrx_word' id='word_1_363' title='bbox 1610 922 1652 949; x_wconf 84' lang='lat' dir='ltr'><strong>vel</strong></span> <span class='ocrx_word' id='word_1_364' title='bbox 1670 927 1818 959; x_wconf 86' lang='lat' dir='ltr'><strong>postquam</strong></span> <span class='ocrx_word' id='word_1_365' title='bbox 1834 924 1861 952; x_wconf 86' lang='lat' dir='ltr'><strong>in</strong></span> 
     </span>
    </p>
   </div>
   <div class='ocr_carea' id='block_1_50' title="bbox 1074 964 1860 1004">
    <p class='ocr_par' dir='ltr' id='par_1_50' title="bbox 1074 964 1860 1004">
     <span class='ocr_line' id='line_1_50' title="bbox 1074 964 1860 1004; baseline 0.009 -14"><span class='ocrx_word' id='word_1_366' title='bbox 1074 970 1172 998; x_wconf 89' lang='lat' dir='ltr'><strong>aquam</strong></span> <span class='ocrx_word' id='word_1_367' title='bbox 1196 964 1334 992; x_wconf 83' lang='lat' dir='ltr'><strong>resolutus</strong></span> <span class='ocrx_word' id='word_1_368' title='bbox 1364 965 1456 999; x_wconf 86' lang='lat' dir='ltr'><strong>fuerit,</strong></span> <span class='ocrx_word' id='word_1_369' title='bbox 1472 971 1499 993; x_wconf 89' lang='lat' dir='ltr'><strong>et</strong></span> <span class='ocrx_word' id='word_1_370' title='bbox 1514 966 1544 993; x_wconf 86' lang='lat' dir='ltr'><strong>fit</strong></span> <span class='ocrx_word' id='word_1_371' title='bbox 1564 967 1683 1002; x_wconf 80' lang='lat' dir='ltr'><strong>grando;</strong></span> <span class='ocrx_word' id='word_1_372' title='bbox 1697 968 1720 996; x_wconf 91' lang='lat' dir='ltr'><strong>si</strong></span> <span class='ocrx_word' id='word_1_373' title='bbox 1733 976 1820 1004; x_wconf 85' lang='lat' dir='ltr'><strong>vapor</strong></span> <span class='ocrx_word' id='word_1_374' title='bbox 1834 970 1860 997; x_wconf 87' lang='lat' dir='ltr'><strong>in</strong></span> 
     </span>
    </p>
   </div>
   <div class='ocr_carea' id='block_1_51' title="bbox 1074 1008 1860 1049">
    <p class='ocr_par' dir='ltr' id='par_1_51' title="bbox 1074 1008 1860 1049">
     <span class='ocr_line' id='line_1_51' title="bbox 1074 1008 1860 1049; baseline 0.009 -14"><span class='ocrx_word' id='word_1_375' title='bbox 1074 1008 1167 1036; x_wconf 85' lang='lat' dir='ltr'><strong>intima</strong></span> <span class='ocrx_word' id='word_1_376' title='bbox 1191 1010 1302 1045; x_wconf 78' lang='lat' dir='ltr'><strong>regione</strong></span> <span class='ocrx_word' id='word_1_377' title='bbox 1325 1010 1398 1039; x_wconf 87' lang='lat' dir='ltr'><strong>aeris</strong></span> <span class='ocrx_word' id='word_1_378' title='bbox 1421 1011 1555 1044; x_wconf 87' lang='lat' dir='ltr'><strong>subsidet,</strong></span> <span class='ocrx_word' id='word_1_379' title='bbox 1580 1013 1623 1041; x_wconf 80' lang='lat' dir='ltr'><strong>vel</strong></span> <span class='ocrx_word' id='word_1_380' title='bbox 1650 1013 1814 1049; x_wconf 75' lang='lat' dir='ltr'><strong>congelatur</strong></span> <span class='ocrx_word' id='word_1_381' title='bbox 1835 1018 1860 1042; x_wconf 85' lang='lat' dir='ltr'><strong>et</strong></span> 
     </span>
    </p>
   </div>
   <div class='ocr_carea' id='block_1_52' title="bbox 1073 1053 1857 1092">
    <p class='ocr_par' dir='ltr' id='par_1_52' title="bbox 1073 1053 1857 1092">
     <span class='ocr_line' id='line_1_52' title="bbox 1073 1053 1857 1092; baseline 0.008 -11"><span class='ocrx_word' id='word_1_382' title='bbox 1073 1053 1103 1082; x_wconf 82' lang='lat' dir='ltr'><strong>ﬁt</strong></span> <span class='ocrx_word' id='word_1_383' title='bbox 1129 1054 1238 1089; x_wconf 87' lang='lat' dir='ltr'><strong>pruina,</strong></span> <span class='ocrx_word' id='word_1_384' title='bbox 1262 1056 1304 1083; x_wconf 75' lang='lat' dir='ltr'><strong>vel</strong></span> <span class='ocrx_word' id='word_1_385' title='bbox 1331 1063 1386 1083; x_wconf 93' lang='lat' dir='ltr'><strong>non</strong></span> <span class='ocrx_word' id='word_1_386' title='bbox 1417 1057 1586 1092; x_wconf 78' lang='lat' dir='ltr'><strong>congelatur,</strong></span> <span class='ocrx_word' id='word_1_387' title='bbox 1605 1062 1629 1085; x_wconf 92' lang='lat' dir='ltr'><strong>el</strong></span> <span class='ocrx_word' id='word_1_388' title='bbox 1647 1058 1675 1086; x_wconf 87' lang='lat' dir='ltr'><strong>tit</strong></span> <span class='ocrx_word' id='word_1_389' title='bbox 1691 1067 1748 1087; x_wconf 86' lang='lat' dir='ltr'><strong>ros.</strong></span> <span class='ocrx_word' id='word_1_390' title='bbox 1766 1059 1857 1088; x_wconf 74' lang='lat' dir='ltr'><strong>Nivem</strong></span> 
     </span>
    </p>
   </div>
   <div class='ocr_carea' id='block_1_53' title="bbox 1073 1099 1859 1136">
    <p class='ocr_par' dir='ltr' id='par_1_53' title="bbox 1073 1099 1859 1136">
     <span class='ocr_line' id='line_1_53' title="bbox 1073 1099 1859 1136; baseline 0.009 -10"><span class='ocrx_word' id='word_1_391' title='bbox 1073 1099 1296 1128; x_wconf 89' lang='lat' dir='ltr'><strong>candidissimam</strong></span> <span class='ocrx_word' id='word_1_392' title='bbox 1310 1100 1415 1136; x_wconf 84' lang='lat' dir='ltr'><strong>nigram</strong></span> <span class='ocrx_word' id='word_1_393' title='bbox 1430 1101 1524 1130; x_wconf 88' lang='lat' dir='ltr'><strong>invitis</strong></span> <span class='ocrx_word' id='word_1_394' title='bbox 1538 1103 1665 1131; x_wconf 87' lang='lat' dir='ltr'><strong>sensibus</strong></span> <span class='ocrx_word' id='word_1_395' title='bbox 1675 1105 1786 1132; x_wconf 82' lang='lat' dir='ltr'><strong>volebat</strong></span> <span class='ocrx_word' id='word_1_396' title='bbox 1801 1113 1859 1133; x_wconf 72' lang='lat' dir='ltr'><strong>esse</strong></span> 
     </span>
    </p>
   </div>
   <div class='ocr_carea' id='block_1_54' title="bbox 1055 1146 1859 1185">
    <p class='ocr_par' dir='ltr' id='par_1_54' title="bbox 1055 1146 1859 1185">
     <span class='ocr_line' id='line_1_54' title="bbox 1055 1146 1859 1185; baseline 0.007 -14"><span class='ocrx_word' id='word_1_397' title='bbox 1055 1146 1257 1185; x_wconf 61' lang='lat' dir='ltr'><strong>.Anaxnguras,</strong></span> <span class='ocrx_word' id='word_1_398' title='bbox 1265 1146 1328 1180; x_wconf 90' lang='lat' dir='ltr'><strong>quia</strong></span> <span class='ocrx_word' id='word_1_399' title='bbox 1339 1150 1412 1173; x_wconf 87' lang='lat' dir='ltr'><strong>esset</strong></span> <span class='ocrx_word' id='word_1_400' title='bbox 1422 1154 1492 1182; x_wconf 91' lang='lat' dir='ltr'><strong>aqua</strong></span> <span class='ocrx_word' id='word_1_401' title='bbox 1504 1152 1642 1176; x_wconf 87' lang='lat' dir='ltr'><strong>concreta.</strong></span> <span class='ocrx_word' id='word_1_402' title='bbox 1658 1148 1759 1176; x_wconf 82' lang='lat' dir='ltr'><strong>Sextus</strong></span> <span class='ocrx_word' id='word_1_403' title='bbox 1769 1149 1859 1185; x_wconf 85' lang='lat' dir='ltr'><strong>Empi-</strong></span> 
     </span>
    </p>
   </div>
   <div class='ocr_carea' id='block_1_55' title="bbox 1072 1190 1859 1230">
    <p class='ocr_par' dir='ltr' id='par_1_55' title="bbox 1072 1190 1859 1230">
     <span class='ocr_line' id='line_1_55' title="bbox 1072 1190 1859 1230; baseline 0.005 -12"><span class='ocrx_word' id='word_1_404' title='bbox 1072 1190 1147 1218; x_wconf 85' lang='lat' dir='ltr'><strong>ricus</strong></span> <span class='ocrx_word' id='word_1_405' title='bbox 1170 1190 1318 1226; x_wconf 86' lang='lat' dir='ltr'><strong>Pyrrhon.,</strong></span> <span class='ocrx_word' id='word_1_406' title='bbox 1333 1191 1466 1228; x_wconf 76' lang='lat' dir='ltr'><strong>Hypotyp.</strong></span> <span class='ocrx_word' id='word_1_407' title='bbox 1480 1194 1527 1221; x_wconf 89' lang='lat' dir='ltr'><strong>lib.</strong></span> <span class='ocrx_word' id='word_1_408' title='bbox 1544 1202 1564 1225; x_wconf 82' lang='grc' dir='ltr'><strong>ι,</strong></span> <span class='ocrx_word' id='word_1_409' title='bbox 1580 1201 1641 1230; x_wconf 83' lang='lat' dir='ltr'><strong>cap.</strong></span> <span class='ocrx_word' id='word_1_410' title='bbox 1658 1194 1702 1227; x_wconf 72' lang='lat' dir='ltr'><strong>l5,</strong></span> <span class='ocrx_word' id='word_1_411' title='bbox 1718 1195 1859 1230; x_wconf 70' lang='grc' dir='ltr'>Νοούμενιι</span> 
     </span>
    </p>
   </div>
   <div class='ocr_carea' id='block_1_56' title="bbox 1071 1237 1859 1276">
    <p class='ocr_par' dir='ltr' id='par_1_56' title="bbox 1071 1237 1859 1276">
     <span class='ocr_line' id='line_1_56' title="bbox 1071 1237 1859 1276; baseline 0.004 -12"><span class='ocrx_word' id='word_1_412' title='bbox 1071 1237 1100 1264; x_wconf 81' lang='grc' dir='ltr'><strong>δὲ</strong></span> <span class='ocrx_word' id='word_1_413' title='bbox 1116 1238 1297 1273; x_wconf 79' lang='grc' dir='ltr'>φαινομένοις,</span> <span class='ocrx_word' id='word_1_414' title='bbox 1322 1238 1360 1270; x_wconf 79' lang='grc' dir='ltr'>ὡς</span> <span class='ocrx_word' id='word_1_415' title='bbox 1381 1240 1395 1265; x_wconf 82' lang='grc' dir='ltr'><strong>ό</strong></span> <span class='ocrx_word' id='word_1_416' title='bbox 1417 1239 1600 1275; x_wconf 78' lang='grc' dir='ltr'>Ἀναξαγόρας</span> <span class='ocrx_word' id='word_1_417' title='bbox 1623 1240 1653 1268; x_wconf 82' lang='grc' dir='ltr'><strong>τὸ</strong></span> <span class='ocrx_word' id='word_1_418' title='bbox 1675 1240 1777 1276; x_wconf 80' lang='grc' dir='ltr'>λευκὴν</span> <span class='ocrx_word' id='word_1_419' title='bbox 1791 1239 1859 1268; x_wconf 75' lang='grc' dir='ltr'>εἷναι</span> 
     </span>
    </p>
   </div>
   <div class='ocr_carea' id='block_1_57' title="bbox 1071 1284 1857 1322">
    <p class='ocr_par' dir='ltr' id='par_1_57' title="bbox 1071 1284 1857 1322">
     <span class='ocr_line' id='line_1_57' title="bbox 1071 1284 1857 1322; baseline 0.004 -12"><span class='ocrx_word' id='word_1_420' title='bbox 1071 1284 1119 1320; x_wconf 83' lang='grc' dir='ltr'>τὴν</span> <span class='ocrx_word' id='word_1_421' title='bbox 1142 1285 1228 1320; x_wconf 82' lang='grc' dir='ltr'>χιόνα,</span> <span class='ocrx_word' id='word_1_422' title='bbox 1253 1285 1395 1318; x_wconf 84' lang='grc' dir='ltr'>ἀντετίθει,</span> <span class='ocrx_word' id='word_1_423' title='bbox 1410 1285 1450 1312; x_wconf 85' lang='grc' dir='ltr'>ὃτι</span> <span class='ocrx_word' id='word_1_424' title='bbox 1469 1285 1535 1321; x_wconf 86' lang='grc' dir='ltr'>χιὼν</span> <span class='ocrx_word' id='word_1_425' title='bbox 1555 1285 1627 1322; x_wconf 78' lang='grc' dir='ltr'><strong>ὔδίυρ</strong></span> <span class='ocrx_word' id='word_1_426' title='bbox 1644 1287 1702 1313; x_wconf 76' lang='grc' dir='ltr'>ἐστὶ</span> <span class='ocrx_word' id='word_1_427' title='bbox 1719 1288 1857 1322; x_wconf 66' lang='grc' dir='ltr'>πεπηγόςν</span> 
     </span>
    </p>
   </div>
   <div class='ocr_carea' id='block_1_58' title="bbox 1070 1330 1857 1368">
    <p class='ocr_par' dir='ltr' id='par_1_58' title="bbox 1070 1330 1857 1368">
     <span class='ocr_line' id='line_1_58' title="bbox 1070 1330 1857 1368; baseline 0.005 -12"><span class='ocrx_word' id='word_1_428' title='bbox 1070 1331 1102 1357; x_wconf 82' lang='grc' dir='ltr'>τὸ</span> <span class='ocrx_word' id='word_1_429' title='bbox 1113 1330 1141 1357; x_wconf 87' lang='grc' dir='ltr'>δὲ</span> <span class='ocrx_word' id='word_1_430' title='bbox 1153 1331 1225 1366; x_wconf 83' lang='grc' dir='ltr'><strong>ὓδωρ</strong></span> <span class='ocrx_word' id='word_1_431' title='bbox 1241 1331 1298 1357; x_wconf 71' lang='grc' dir='ltr'>ἐστὶ</span> <span class='ocrx_word' id='word_1_432' title='bbox 1314 1331 1407 1366; x_wconf 82' lang='grc' dir='ltr'>μέλαν,</span> <span class='ocrx_word' id='word_1_433' title='bbox 1422 1332 1468 1359; x_wconf 79' lang='grc' dir='ltr'><strong>καὶ</strong></span> <span class='ocrx_word' id='word_1_434' title='bbox 1482 1332 1498 1367; x_wconf 78' lang='grc' dir='ltr'><strong>ἡ</strong></span> <span class='ocrx_word' id='word_1_435' title='bbox 1515 1331 1580 1367; x_wconf 85' lang='grc' dir='ltr'>χιὼν</span> <span class='ocrx_word' id='word_1_436' title='bbox 1592 1333 1646 1368; x_wconf 82' lang='grc' dir='ltr'>ἄρα</span> <span class='ocrx_word' id='word_1_437' title='bbox 1660 1332 1775 1368; x_wconf 84' lang='grc' dir='ltr'>μέλαινά</span> <span class='ocrx_word' id='word_1_438' title='bbox 1788 1334 1857 1361; x_wconf 71' lang='grc' dir='ltr'>ἐστι.</span> 
     </span>
    </p>
   </div>
   <div class='ocr_carea' id='block_1_59' title="bbox 1071 1376 1856 1414">
    <p class='ocr_par' dir='ltr' id='par_1_59' title="bbox 1071 1376 1856 1414">
     <span class='ocr_line' id='line_1_59' title="bbox 1071 1376 1856 1414; baseline 0.005 -11"><span class='ocrx_word' id='word_1_439' title='bbox 1071 1376 1137 1410; x_wconf 61' lang='lat' dir='ltr'><strong>Quae</strong></span> <span class='ocrx_word' id='word_1_440' title='bbox 1167 1378 1366 1412; x_wconf 81' lang='lat' dir='ltr'><strong>argumentatio</strong></span> <span class='ocrx_word' id='word_1_441' title='bbox 1384 1378 1426 1405; x_wconf 92' lang='lat' dir='ltr'><strong>vel</strong></span> <span class='ocrx_word' id='word_1_442' title='bbox 1448 1386 1483 1405; x_wconf 85' lang='lat' dir='ltr'><strong>ex</strong></span> <span class='ocrx_word' id='word_1_443' title='bbox 1504 1379 1550 1405; x_wconf 89' lang='lat' dir='ltr'><strong>illo</strong></span> <span class='ocrx_word' id='word_1_444' title='bbox 1571 1379 1629 1406; x_wconf 93' lang='lat' dir='ltr'><strong>solo</strong></span> <span class='ocrx_word' id='word_1_445' title='bbox 1652 1379 1740 1407; x_wconf 82' lang='lat' dir='ltr'><strong>refelli</strong></span> <span class='ocrx_word' id='word_1_446' title='bbox 1758 1383 1856 1414; x_wconf 85' lang='lat' dir='ltr'><strong>potest,</strong></span> 
     </span>
    </p>
   </div>
   <div class='ocr_carea' id='block_1_60' title="bbox 1071 1423 1858 1460">
    <p class='ocr_par' dir='ltr' id='par_1_60' title="bbox 1071 1423 1858 1460">
     <span class='ocr_line' id='line_1_60' title="bbox 1071 1423 1858 1460; baseline 0.005 -10"><span class='ocrx_word' id='word_1_447' title='bbox 1071 1423 1143 1458; x_wconf 91' lang='lat' dir='ltr'><strong>quod</strong></span> <span class='ocrx_word' id='word_1_448' title='bbox 1172 1423 1304 1451; x_wconf 87' lang='lat' dir='ltr'><strong>terminos</strong></span> <span class='ocrx_word' id='word_1_449' title='bbox 1332 1423 1360 1450; x_wconf 93' lang='lat' dir='ltr'><strong>in</strong></span> <span class='ocrx_word' id='word_1_450' title='bbox 1384 1425 1616 1459; x_wconf 83' lang='lat' dir='ltr'><strong>propositionibus</strong></span> <span class='ocrx_word' id='word_1_451' title='bbox 1633 1429 1730 1457; x_wconf 90' lang='lat' dir='ltr'><strong>mutet,</strong></span> <span class='ocrx_word' id='word_1_452' title='bbox 1742 1433 1812 1460; x_wconf 87' lang='lat' dir='ltr'><strong>quos</strong></span> <span class='ocrx_word' id='word_1_453' title='bbox 1834 1426 1858 1454; x_wconf 76' lang='lat' dir='ltr'><strong>si</strong></span> 
     </span>
    </p>
   </div>
   <div class='ocr_carea' id='block_1_61' title="bbox 1070 1469 1855 1506">
    <p class='ocr_par' dir='ltr' id='par_1_61' title="bbox 1070 1469 1855 1506">
     <span class='ocr_line' id='line_1_61' title="bbox 1070 1469 1855 1506; baseline 0.004 -11"><span class='ocrx_word' id='word_1_454' title='bbox 1070 1476 1126 1495; x_wconf 93' lang='lat' dir='ltr'><strong>non</strong></span> <span class='ocrx_word' id='word_1_455' title='bbox 1149 1472 1276 1501; x_wconf 84' lang='lat' dir='ltr'><strong>mutaret,</strong></span> <span class='ocrx_word' id='word_1_456' title='bbox 1295 1469 1353 1504; x_wconf 88' lang='lat' dir='ltr'><strong>ipsa</strong></span> <span class='ocrx_word' id='word_1_457' title='bbox 1368 1477 1416 1504; x_wconf 91' lang='lat' dir='ltr'><strong>per</strong></span> <span class='ocrx_word' id='word_1_458' title='bbox 1432 1477 1461 1497; x_wconf 87' lang='lat' dir='ltr'><strong>se</strong></span> <span class='ocrx_word' id='word_1_459' title='bbox 1474 1475 1565 1498; x_wconf 87' lang='lat' dir='ltr'><strong>rueret</strong></span> <span class='ocrx_word' id='word_1_460' title='bbox 1575 1475 1702 1506; x_wconf 88' lang='lat' dir='ltr'><strong>essetque</strong></span> <span class='ocrx_word' id='word_1_461' title='bbox 1714 1471 1831 1498; x_wconf 87' lang='lat' dir='ltr'><strong>ridicula</strong></span> <span class='ocrx_word' id='word_1_462' title='bbox 1849 1482 1855 1498; x_wconf 94' lang='lat'><strong>:</strong></span> 
     </span>
    </p>
   </div>
   <div class='ocr_carea' id='block_1_62' title="bbox 232 1505 1021 1559">
    <p class='ocr_par' dir='ltr' id='par_1_62' title="bbox 232 1505 1019 1550">
     <span class='ocr_line' id='line_1_62' title="bbox 232 1505 1019 1550; baseline 0.013 -19"><span class='ocrx_word' id='word_1_463' title='bbox 232 1505 353 1538; x_wconf 82' lang='lat' dir='ltr'><strong>deorum,</strong></span> <span class='ocrx_word' id='word_1_464' title='bbox 369 1515 429 1542; x_wconf 88' lang='lat' dir='ltr'><strong>cap.</strong></span> <span class='ocrx_word' id='word_1_465' title='bbox 446 1507 482 1536; x_wconf 91' lang='lat' dir='ltr'><strong>De</strong></span> <span class='ocrx_word' id='word_1_466' title='bbox 495 1510 564 1537; x_wconf 78' lang='lat' dir='ltr'><strong>etelo</strong></span> <span class='ocrx_word' id='word_1_467' title='bbox 578 1510 626 1537; x_wconf 77' lang='grc' dir='ltr'><strong>εἮ</strong></span> <span class='ocrx_word' id='word_1_468' title='bbox 642 1511 669 1537; x_wconf 82' lang='grc' dir='ltr'><strong>δὲ</strong></span> <span class='ocrx_word' id='word_1_469' title='bbox 692 1512 769 1538; x_wconf 85' lang='grc' dir='ltr'>οὐσία</span> <span class='ocrx_word' id='word_1_470' title='bbox 793 1512 874 1539; x_wconf 82' lang='grc' dir='ltr'><strong>αὐτοῦ</strong></span> <span class='ocrx_word' id='word_1_471' title='bbox 893 1514 1019 1550; x_wconf 82' lang='grc' dir='ltr'><strong>πυρώδης</strong></span> 
     </span>
    </p>
   </div>
   <div class='ocr_carea' id='block_1_63' title="bbox 1073 1505 1858 1559">
    <p class='ocr_par' dir='ltr' id='par_1_63' title="bbox 1073 1505 1858 1552">
     <span class='ocr_line' id='line_1_63' title="bbox 1073 1505 1858 1552; baseline 0.005 -12"><span class='ocrx_word' id='word_1_472' title='bbox 1073 1513 1130 1549; x_wconf 88' lang='lat' dir='ltr'><strong>ipse</strong></span> <span class='ocrx_word' id='word_1_473' title='bbox 1142 1514 1183 1542; x_wconf 87' lang='lat' dir='ltr'><strong>sic</strong></span> <span class='ocrx_word' id='word_1_474' title='bbox 1205 1513 1350 1547; x_wconf 81' lang='lat' dir='ltr'><strong>formabat,</strong></span> <span class='ocrx_word' id='word_1_475' title='bbox 1368 1514 1420 1542; x_wconf 84' lang='lat' dir='ltr'><strong>Nix</strong></span> <span class='ocrx_word' id='word_1_476' title='bbox 1434 1519 1476 1543; x_wconf 87' lang='lat' dir='ltr'><strong>est</strong></span> <span class='ocrx_word' id='word_1_477' title='bbox 1491 1523 1560 1551; x_wconf 86' lang='lat' dir='ltr'><strong>aqua</strong></span> <span class='ocrx_word' id='word_1_478' title='bbox 1574 1505 1717 1547; x_wconf 82' lang='lat' dir='ltr'><strong>concreta:</strong></span> <span class='ocrx_word' id='word_1_479' title='bbox 1731 1524 1802 1552; x_wconf 85' lang='lat' dir='ltr'><strong>aqua</strong></span> <span class='ocrx_word' id='word_1_480' title='bbox 1816 1521 1858 1545; x_wconf 86' lang='lat' dir='ltr'><strong>est</strong></span> 
     </span>
    </p>
   </div>
   <div class='ocr_carea' id='block_1_64' title="bbox 232 1551 1019 1592">
    <p class='ocr_par' dir='ltr' id='par_1_64' title="bbox 232 1551 1019 1592">
     <span class='ocr_line' id='line_1_64' title="bbox 232 1551 1019 1592; baseline 0.011 -14"><span class='ocrx_word' id='word_1_481' title='bbox 232 1551 320 1584; x_wconf 62' lang='grc' dir='ltr'>ἐστιν,</span> <span class='ocrx_word' id='word_1_482' title='bbox 337 1553 376 1586; x_wconf 85' lang='grc' dir='ltr'><strong>ὡς</strong></span> <span class='ocrx_word' id='word_1_483' title='bbox 401 1554 479 1590; x_wconf 85' lang='grc' dir='ltr'>δῆλον</span> <span class='ocrx_word' id='word_1_484' title='bbox 504 1556 537 1582; x_wconf 82' lang='grc' dir='ltr'><strong>ὲκ</strong></span> <span class='ocrx_word' id='word_1_485' title='bbox 566 1556 613 1583; x_wconf 79' lang='grc' dir='ltr'><strong>τοῦ</strong></span> <span class='ocrx_word' id='word_1_486' title='bbox 636 1557 710 1592; x_wconf 80' lang='grc' dir='ltr'>ἡλίου</span> <span class='ocrx_word' id='word_1_487' title='bbox 736 1559 783 1585; x_wconf 84' lang='grc' dir='ltr'><strong>καὶ</strong></span> <span class='ocrx_word' id='word_1_488' title='bbox 808 1559 840 1585; x_wconf 82' lang='grc' dir='ltr'><strong>ἐκ</strong></span> <span class='ocrx_word' id='word_1_489' title='bbox 859 1559 913 1586; x_wconf 85' lang='grc' dir='ltr'><strong>τῶν</strong></span> <span class='ocrx_word' id='word_1_490' title='bbox 932 1560 1019 1588; x_wconf 83' lang='grc' dir='ltr'>ἄλλων</span> 
     </span>
    </p>
   </div>
   <div class='ocr_carea' id='block_1_65' title="bbox 230 1598 1020 1641">
    <p class='ocr_par' dir='ltr' id='par_1_65' title="bbox 230 1598 1020 1641">
     <span class='ocr_line' id='line_1_65' title="bbox 230 1598 1020 1641; baseline 0.005 -13"><span class='ocrx_word' id='word_1_491' title='bbox 230 1598 350 1635; x_wconf 67' lang='grc' dir='ltr'>ἄστρων.</span> <span class='ocrx_word' id='word_1_492' title='bbox 368 1600 449 1627; x_wconf 83' lang='grc' dir='ltr'>Ὅθεν</span> <span class='ocrx_word' id='word_1_493' title='bbox 467 1602 514 1628; x_wconf 79' lang='grc' dir='ltr'><strong>καὶ</strong></span> <span class='ocrx_word' id='word_1_494' title='bbox 528 1602 611 1638; x_wconf 82' lang='grc' dir='ltr'>αἰθὴρ</span> <span class='ocrx_word' id='word_1_495' title='bbox 626 1603 727 1639; x_wconf 75' lang='grc' dir='ltr'>ἐκλήθη</span> <span class='ocrx_word' id='word_1_496' title='bbox 743 1604 773 1630; x_wconf 82' lang='grc' dir='ltr'>τὸ</span> <span class='ocrx_word' id='word_1_497' title='bbox 789 1604 921 1636; x_wconf 73' lang='grc' dir='ltr'><strong>ἐξώτατον</strong></span> <span class='ocrx_word' id='word_1_498' title='bbox 938 1606 1020 1641; x_wconf 81' lang='grc' dir='ltr'>μέρος</span> 
     </span>
    </p>
   </div>
   <div class='ocr_carea' id='block_1_66' title="bbox 233 1645 1018 1682">
    <p class='ocr_par' dir='ltr' id='par_1_66' title="bbox 233 1645 1018 1682">
     <span class='ocr_line' id='line_1_66' title="bbox 233 1645 1018 1682; baseline 0.011 -11"><span class='ocrx_word' id='word_1_499' title='bbox 233 1645 281 1672; x_wconf 84' lang='grc' dir='ltr'>τοῦ</span> <span class='ocrx_word' id='word_1_500' title='bbox 296 1646 397 1682; x_wconf 86' lang='grc' dir='ltr'>κόσμου</span> <span class='ocrx_word' id='word_1_501' title='bbox 407 1647 461 1674; x_wconf 78' lang='grc' dir='ltr'><strong>ἀπὸ</strong></span> <span class='ocrx_word' id='word_1_502' title='bbox 472 1648 519 1675; x_wconf 84' lang='grc' dir='ltr'>τοῦ</span> <span class='ocrx_word' id='word_1_503' title='bbox 535 1649 669 1676; x_wconf 74' lang='grc' dir='ltr'>αἴθεσθαι.</span> <span class='ocrx_word' id='word_1_504' title='bbox 683 1649 845 1678; x_wconf 85' lang='lat' dir='ltr'><strong>Eustathius</strong></span> <span class='ocrx_word' id='word_1_505' title='bbox 861 1656 952 1679; x_wconf 86' lang='lat' dir='ltr'><strong>tamen</strong></span> <span class='ocrx_word' id='word_1_506' title='bbox 974 1652 1018 1680; x_wconf 90' lang='lat' dir='ltr'><strong>hic</strong></span> 
     </span>
    </p>
   </div>
   <div class='ocr_carea' id='block_1_67' title="bbox 233 1692 1018 1733">
    <p class='ocr_par' dir='ltr' id='par_1_67' title="bbox 233 1692 1018 1733">
     <span class='ocr_line' id='line_1_67' title="bbox 233 1692 1018 1733; baseline 0.01 -15"><span class='ocrx_word' id='word_1_507' title='bbox 233 1699 284 1726; x_wconf 90' lang='lat' dir='ltr'><strong>pro</strong></span> <span class='ocrx_word' id='word_1_508' title='bbox 298 1692 398 1721; x_wconf 67' lang='lat' dir='ltr'><strong>aethere</strong></span> <span class='ocrx_word' id='word_1_509' title='bbox 411 1698 539 1728; x_wconf 89' lang='lat' dir='ltr'><strong>quartum</strong></span> <span class='ocrx_word' id='word_1_510' title='bbox 556 1695 721 1722; x_wconf 88' lang='lat' dir='ltr'><strong>elementum</strong></span> <span class='ocrx_word' id='word_1_511' title='bbox 740 1697 876 1733; x_wconf 87' lang='lat' dir='ltr'><strong>intelligit,</strong></span> <span class='ocrx_word' id='word_1_512' title='bbox 892 1698 1018 1726; x_wconf 88' lang='lat' dir='ltr'><strong>videlicet</strong></span> 
     </span>
    </p>
   </div>
   <div class='ocr_carea' id='block_1_68' title="bbox 232 1737 1018 1774">
    <p class='ocr_par' dir='ltr' id='par_1_68' title="bbox 232 1737 1018 1774">
     <span class='ocr_line' id='line_1_68' title="bbox 232 1737 1018 1774; baseline 0.01 -10"><span class='ocrx_word' id='word_1_513' title='bbox 232 1737 334 1772; x_wconf 80' lang='lat' dir='ltr'><strong>ignem,</strong></span> <span class='ocrx_word' id='word_1_514' title='bbox 350 1739 397 1774; x_wconf 91' lang='lat' dir='ltr'><strong>qui</strong></span> <span class='ocrx_word' id='word_1_515' title='bbox 412 1743 495 1768; x_wconf 87' lang='lat' dir='ltr'><strong>totam</strong></span> <span class='ocrx_word' id='word_1_516' title='bbox 510 1744 610 1768; x_wconf 90' lang='lat' dir='ltr'><strong>terram</strong></span> <span class='ocrx_word' id='word_1_517' title='bbox 626 1749 674 1768; x_wconf 87' lang='lat' dir='ltr'><strong>sua</strong></span> <span class='ocrx_word' id='word_1_518' title='bbox 690 1742 716 1768; x_wconf 92' lang='lat' dir='ltr'><strong>vi</strong></span> <span class='ocrx_word' id='word_1_519' title='bbox 733 1746 760 1769; x_wconf 89' lang='lat' dir='ltr'><strong>et</strong></span> <span class='ocrx_word' id='word_1_520' title='bbox 776 1742 903 1773; x_wconf 83' lang='lat' dir='ltr'><strong>facultate</strong></span> <span class='ocrx_word' id='word_1_521' title='bbox 918 1752 1018 1772; x_wconf 89' lang='lat' dir='ltr'><strong>consu-</strong></span> 
     </span>
    </p>
   </div>
   <div class='ocr_carea' id='block_1_69' title="bbox 233 1786 1019 1824">
    <p class='ocr_par' dir='ltr' id='par_1_69' title="bbox 233 1786 1019 1824">
     <span class='ocr_line' id='line_1_69' title="bbox 233 1786 1019 1824; baseline 0.013 -14"><span class='ocrx_word' id='word_1_522' title='bbox 233 1788 329 1818; x_wconf 84' lang='lat' dir='ltr'><strong>meret,</strong></span> <span class='ocrx_word' id='word_1_523' title='bbox 342 1786 395 1813; x_wconf 89' lang='lat' dir='ltr'><strong>nisi</strong></span> <span class='ocrx_word' id='word_1_524' title='bbox 411 1790 438 1813; x_wconf 92' lang='lat' dir='ltr'><strong>et</strong></span> <span class='ocrx_word' id='word_1_525' title='bbox 458 1786 538 1821; x_wconf 87' lang='lat' dir='ltr'><strong>jussu</strong></span> <span class='ocrx_word' id='word_1_526' title='bbox 559 1786 664 1818; x_wconf 85' lang='lat' dir='ltr'><strong>divino.</strong></span> <span class='ocrx_word' id='word_1_527' title='bbox 680 1791 708 1815; x_wconf 85' lang='lat' dir='ltr'><strong>et</strong></span> <span class='ocrx_word' id='word_1_528' title='bbox 725 1789 803 1824; x_wconf 87' lang='lat' dir='ltr'><strong>aquis</strong></span> <span class='ocrx_word' id='word_1_529' title='bbox 816 1790 904 1818; x_wconf 89' lang='lat' dir='ltr'><strong>aereis</strong></span> <span class='ocrx_word' id='word_1_530' title='bbox 913 1790 1019 1819; x_wconf 81' lang='lat' dir='ltr'><strong>detine-</strong></span> 
     </span>
    </p>
   </div>
   <div class='ocr_carea' id='block_1_70' title="bbox 232 1832 318 1857">
    <p class='ocr_par' dir='ltr' id='par_1_70' title="bbox 232 1832 318 1857">
     <span class='ocr_line' id='line_1_70' title="bbox 232 1832 318 1857; baseline 0.012 -1"><span class='ocrx_word' id='word_1_531' title='bbox 232 1832 318 1857; x_wconf 86' lang='lat' dir='ltr'><strong>retur.</strong></span> 
     </span>
    </p>
   </div>
   <div class='ocr_carea' id='block_1_71' title="bbox 268 1875 1018 1917">
    <p class='ocr_par' dir='ltr' id='par_1_71' title="bbox 268 1875 1018 1917">
     <span class='ocr_line' id='line_1_71' title="bbox 268 1875 1018 1917; baseline 0.011 -14"><span class='ocrx_word' id='word_1_532' title='bbox 268 1875 328 1904; x_wconf 86' lang='lat' dir='ltr'><strong>Col.</strong></span> <span class='ocrx_word' id='word_1_533' title='bbox 339 1877 399 1911; x_wconf 74' lang='grc'>712,</span> <span class='ocrx_word' id='word_1_534' title='bbox 413 1878 460 1906; x_wconf 91' lang='lat' dir='ltr'><strong>lin.</strong></span> <span class='ocrx_word' id='word_1_535' title='bbox 473 1878 518 1906; x_wconf 73' lang='grc'><strong>22.</strong></span> <span class='ocrx_word' id='word_1_536' title='bbox 529 1880 713 1915; x_wconf 77' lang='grc' dir='ltr'>Συνάγονται</span> <span class='ocrx_word' id='word_1_537' title='bbox 725 1882 791 1916; x_wconf 77' lang='grc' dir='ltr'>περὶ</span> <span class='ocrx_word' id='word_1_538' title='bbox 802 1882 836 1909; x_wconf 78' lang='grc' dir='ltr'>τὸ</span> <span class='ocrx_word' id='word_1_539' title='bbox 844 1882 931 1917; x_wconf 73' lang='grc' dir='ltr'>ὕψος.</span> <span class='ocrx_word' id='word_1_540' title='bbox 941 1883 1018 1911; x_wconf 81' lang='lat' dir='ltr'><strong>Basi-</strong></span> 
     </span>
    </p>
   </div>
   <div class='ocr_carea' id='block_1_72' title="bbox 231 1920 1017 1964">
    <p class='ocr_par' dir='ltr' id='par_1_72' title="bbox 231 1920 1017 1964">
     <span class='ocr_line' id='line_1_72' title="bbox 231 1920 1017 1964; baseline 0.011 -16"><span class='ocrx_word' id='word_1_541' title='bbox 231 1920 286 1949; x_wconf 84' lang='lat' dir='ltr'><strong>lius</strong></span> <span class='ocrx_word' id='word_1_542' title='bbox 309 1921 382 1949; x_wconf 90' lang='lat' dir='ltr'><strong>hom.</strong></span> <span class='ocrx_word' id='word_1_543' title='bbox 409 1923 650 1959; x_wconf 71' lang='grc' dir='ltr'>ὅτΣυναγομένων</span> <span class='ocrx_word' id='word_1_544' title='bbox 669 1926 723 1962; x_wconf 77' lang='grc' dir='ltr'><strong>γὰρ</strong></span> <span class='ocrx_word' id='word_1_545' title='bbox 742 1927 796 1954; x_wconf 87' lang='grc' dir='ltr'><strong>τῶν</strong></span> <span class='ocrx_word' id='word_1_546' title='bbox 812 1928 1017 1964; x_wconf 80' lang='grc' dir='ltr'>ἀναθυμιάσεων</span> 
     </span>
    </p>
   </div>
   <div class='ocr_carea' id='block_1_73' title="bbox 232 1967 1017 2009">
    <p class='ocr_par' dir='ltr' id='par_1_73' title="bbox 232 1967 1017 2009">
     <span class='ocr_line' id='line_1_73' title="bbox 232 1967 1017 2009; baseline 0.011 -16"><span class='ocrx_word' id='word_1_547' title='bbox 232 1967 297 2003; x_wconf 76' lang='grc' dir='ltr'>περὶ</span> <span class='ocrx_word' id='word_1_548' title='bbox 308 1967 339 1995; x_wconf 71' lang='grc' dir='ltr'>τὸ</span> <span class='ocrx_word' id='word_1_549' title='bbox 354 1968 431 2004; x_wconf 75' lang='grc' dir='ltr'>ὕψος,</span> <span class='ocrx_word' id='word_1_550' title='bbox 444 1969 491 1996; x_wconf 79' lang='grc' dir='ltr'><strong>καὶ</strong></span> <span class='ocrx_word' id='word_1_551' title='bbox 505 1972 691 2007; x_wconf 79' lang='grc' dir='ltr'>πυκνουμένου</span> <span class='ocrx_word' id='word_1_552' title='bbox 702 1973 749 1999; x_wconf 82' lang='grc' dir='ltr'><strong>τοῦ</strong></span> <span class='ocrx_word' id='word_1_553' title='bbox 763 1973 843 2009; x_wconf 82' lang='grc' dir='ltr'>ἀέρος</span> <span class='ocrx_word' id='word_1_554' title='bbox 853 1976 912 2006; x_wconf 88' lang='grc' dir='ltr'>ταῖς</span> <span class='ocrx_word' id='word_1_555' title='bbox 920 1976 953 2001; x_wconf 84' lang='grc' dir='ltr'><strong>ὲκ</strong></span> <span class='ocrx_word' id='word_1_556' title='bbox 964 1975 1017 2003; x_wconf 85' lang='grc' dir='ltr'><strong>τῶν</strong></span> 
     </span>
    </p>
   </div>
   <div class='ocr_carea' id='block_1_74' title="bbox 231 2013 1017 2055">
    <p class='ocr_par' dir='ltr' id='par_1_74' title="bbox 231 2013 1017 2055">
     <span class='ocr_line' id='line_1_74' title="bbox 231 2013 1017 2055; baseline 0.011 -17"><span class='ocrx_word' id='word_1_557' title='bbox 231 2013 395 2048; x_wconf 80' lang='grc' dir='ltr'>πνευμάτων</span> <span class='ocrx_word' id='word_1_558' title='bbox 408 2014 544 2051; x_wconf 83' lang='grc' dir='ltr'>πιλήσεσι,</span> <span class='ocrx_word' id='word_1_559' title='bbox 552 2017 616 2044; x_wconf 85' lang='grc' dir='ltr'>ὅταν</span> <span class='ocrx_word' id='word_1_560' title='bbox 628 2018 676 2053; x_wconf 86' lang='grc' dir='ltr'>μὲν</span> <span class='ocrx_word' id='word_1_561' title='bbox 688 2019 716 2045; x_wconf 74' lang='grc' dir='ltr'>αἱ</span> <span class='ocrx_word' id='word_1_562' title='bbox 729 2019 798 2051; x_wconf 80' lang='grc' dir='ltr'>τέως</span> <span class='ocrx_word' id='word_1_563' title='bbox 812 2020 960 2055; x_wconf 82' lang='grc' dir='ltr'>ἀτμοειδῶς</span> <span class='ocrx_word' id='word_1_564' title='bbox 970 2021 1017 2047; x_wconf 75' lang='grc' dir='ltr'><strong>καὶ</strong></span> 
     </span>
    </p>
   </div>
   <div class='ocr_carea' id='block_1_75' title="bbox 231 2059 1016 2102">
    <p class='ocr_par' dir='ltr' id='par_1_75' title="bbox 231 2059 1016 2102">
     <span class='ocr_line' id='line_1_75' title="bbox 231 2059 1016 2102; baseline 0.01 -17"><span class='ocrx_word' id='word_1_565' title='bbox 231 2059 337 2092; x_wconf 77' lang='grc' dir='ltr'>λεπτῶς</span> <span class='ocrx_word' id='word_1_566' title='bbox 346 2061 544 2098; x_wconf 77' lang='grc' dir='ltr'>ὲνεσπαρμέναι</span> <span class='ocrx_word' id='word_1_567' title='bbox 553 2063 591 2099; x_wconf 85' lang='grc' dir='ltr'>τῷ</span> <span class='ocrx_word' id='word_1_568' title='bbox 601 2063 675 2099; x_wconf 85' lang='grc' dir='ltr'>νέφει</span> <span class='ocrx_word' id='word_1_569' title='bbox 683 2065 784 2097; x_wconf 86' lang='grc' dir='ltr'>νοτίδες</span> <span class='ocrx_word' id='word_1_570' title='bbox 795 2065 922 2101; x_wconf 85' lang='grc' dir='ltr'>ἀλλήλαις</span> <span class='ocrx_word' id='word_1_571' title='bbox 933 2075 1016 2102; x_wconf 87' lang='grc' dir='ltr'>προσ-</span> 
     </span>
    </p>
   </div>
   <div class='ocr_carea' id='block_1_76' title="bbox 231 2106 1017 2147">
    <p class='ocr_par' dir='ltr' id='par_1_76' title="bbox 231 2106 1017 2147">
     <span class='ocr_line' id='line_1_76' title="bbox 231 2106 1017 2147; baseline 0.011 -16"><span class='ocrx_word' id='word_1_572' title='bbox 231 2106 391 2142; x_wconf 83' lang='grc' dir='ltr'>χωρήσωσι,</span> <span class='ocrx_word' id='word_1_573' title='bbox 411 2109 539 2143; x_wconf 84' lang='grc' dir='ltr'>σταγόνες</span> <span class='ocrx_word' id='word_1_574' title='bbox 562 2110 681 2144; x_wconf 88' lang='grc' dir='ltr'>γίνονται</span> <span class='ocrx_word' id='word_1_575' title='bbox 715 2111 754 2147; x_wconf 80' lang='grc' dir='ltr'>τῷ</span> <span class='ocrx_word' id='word_1_576' title='bbox 771 2111 849 2147; x_wconf 86' lang='grc' dir='ltr'>βάρει</span> <span class='ocrx_word' id='word_1_577' title='bbox 871 2112 927 2139; x_wconf 87' lang='grc' dir='ltr'><strong>τῶν</strong></span> <span class='ocrx_word' id='word_1_578' title='bbox 952 2121 1017 2147; x_wconf 83' lang='grc' dir='ltr'>συγ-</span> 
     </span>
    </p>
   </div>
   <div class='ocr_carea' id='block_1_77' title="bbox 232 2151 1016 2194">
    <p class='ocr_par' dir='ltr' id='par_1_77' title="bbox 232 2151 1016 2194">
     <span class='ocr_line' id='line_1_77' title="bbox 232 2151 1016 2194; baseline 0.013 -17"><span class='ocrx_word' id='word_1_579' title='bbox 232 2151 380 2187; x_wconf 83' lang='grc' dir='ltr'>κριθέντων</span> <span class='ocrx_word' id='word_1_580' title='bbox 407 2155 554 2191; x_wconf 81' lang='grc' dir='ltr'>φερόμεναι</span> <span class='ocrx_word' id='word_1_581' title='bbox 573 2157 604 2183; x_wconf 85' lang='grc' dir='ltr'>τὸ</span> <span class='ocrx_word' id='word_1_582' title='bbox 618 2158 702 2185; x_wconf 82' lang='grc' dir='ltr'>κάτω.</span> <span class='ocrx_word' id='word_1_583' title='bbox 719 2159 775 2185; x_wconf 80' lang='grc' dir='ltr'>Καὶ</span> <span class='ocrx_word' id='word_1_584' title='bbox 791 2159 860 2194; x_wconf 79' lang='grc' dir='ltr'>αὕτη</span> <span class='ocrx_word' id='word_1_585' title='bbox 875 2159 952 2186; x_wconf 86' lang='grc' dir='ltr'>ὑετοῦ</span> <span class='ocrx_word' id='word_1_586' title='bbox 969 2160 1016 2194; x_wconf 87' lang='grc' dir='ltr'><strong>γέ-</strong></span> 
     </span>
    </p>
   </div>
   <div class='ocr_carea' id='block_1_78' title="bbox 1070 1559 1855 1596">
    <p class='ocr_par' dir='ltr' id='par_1_78' title="bbox 1070 1559 1855 1596">
     <span class='ocr_line' id='line_1_78' title="bbox 1070 1559 1855 1596; baseline 0.004 -10"><span class='ocrx_word' id='word_1_587' title='bbox 1070 1560 1159 1595; x_wconf 81' lang='lat' dir='ltr'><strong>nigra,</strong></span> <span class='ocrx_word' id='word_1_588' title='bbox 1171 1567 1236 1595; x_wconf 88' lang='lat' dir='ltr'><strong>ergo</strong></span> <span class='ocrx_word' id='word_1_589' title='bbox 1250 1559 1297 1587; x_wconf 93' lang='lat' dir='ltr'><strong>nix</strong></span> <span class='ocrx_word' id='word_1_590' title='bbox 1311 1563 1353 1588; x_wconf 87' lang='lat' dir='ltr'><strong>est</strong></span> <span class='ocrx_word' id='word_1_591' title='bbox 1366 1561 1443 1596; x_wconf 86' lang='lat' dir='ltr'><strong>nigra</strong></span> <span class='ocrx_word' id='word_1_592' title='bbox 1458 1570 1464 1588; x_wconf 90' lang='lat'>:</span> <span class='ocrx_word' id='word_1_593' title='bbox 1481 1569 1544 1589; x_wconf 78' lang='lat' dir='ltr'><strong>cum</strong></span> <span class='ocrx_word' id='word_1_594' title='bbox 1559 1562 1597 1589; x_wconf 86' lang='lat' dir='ltr'><strong>ita</strong></span> <span class='ocrx_word' id='word_1_595' title='bbox 1613 1565 1686 1590; x_wconf 86' lang='lat' dir='ltr'><strong>esset</strong></span> <span class='ocrx_word' id='word_1_596' title='bbox 1702 1561 1855 1589; x_wconf 82' lang='lat' dir='ltr'><strong>formanda.</strong></span> 
     </span>
    </p>
   </div>
   <div class='ocr_carea' id='block_1_79' title="bbox 1068 1604 1855 1643">
    <p class='ocr_par' dir='ltr' id='par_1_79' title="bbox 1068 1604 1855 1643">
     <span class='ocr_line' id='line_1_79' title="bbox 1068 1604 1855 1643; baseline 0.004 -11"><span class='ocrx_word' id='word_1_597' title='bbox 1068 1604 1119 1633; x_wconf 78' lang='lat' dir='ltr'><strong>Nix</strong></span> <span class='ocrx_word' id='word_1_598' title='bbox 1145 1609 1187 1633; x_wconf 87' lang='lat' dir='ltr'><strong>est</strong></span> <span class='ocrx_word' id='word_1_599' title='bbox 1209 1613 1280 1640; x_wconf 87' lang='lat' dir='ltr'><strong>aqua</strong></span> <span class='ocrx_word' id='word_1_600' title='bbox 1309 1610 1450 1639; x_wconf 82' lang='lat' dir='ltr'><strong>concreta,</strong></span> <span class='ocrx_word' id='word_1_601' title='bbox 1464 1614 1535 1642; x_wconf 87' lang='lat' dir='ltr'><strong>aqua</strong></span> <span class='ocrx_word' id='word_1_602' title='bbox 1554 1611 1681 1635; x_wconf 82' lang='lat' dir='ltr'><strong>concreta</strong></span> <span class='ocrx_word' id='word_1_603' title='bbox 1703 1612 1747 1635; x_wconf 87' lang='lat' dir='ltr'><strong>est</strong></span> <span class='ocrx_word' id='word_1_604' title='bbox 1767 1608 1855 1643; x_wconf 83' lang='lat' dir='ltr'><strong>nigra.</strong></span> 
     </span>
    </p>
   </div>
   <div class='ocr_carea' id='block_1_80' title="bbox 1069 1651 1856 1688">
    <p class='ocr_par' dir='ltr' id='par_1_80' title="bbox 1069 1651 1856 1688">
     <span class='ocr_line' id='line_1_80' title="bbox 1069 1651 1856 1688; baseline 0.004 -10"><span class='ocrx_word' id='word_1_605' title='bbox 1069 1656 1135 1678; x_wconf 86' lang='lat' dir='ltr'><strong>tunc</strong></span> <span class='ocrx_word' id='word_1_606' title='bbox 1160 1651 1254 1686; x_wconf 90' lang='lat' dir='ltr'><strong>utique</strong></span> <span class='ocrx_word' id='word_1_607' title='bbox 1278 1655 1448 1687; x_wconf 86' lang='lat' dir='ltr'><strong>sequeretur,</strong></span> <span class='ocrx_word' id='word_1_608' title='bbox 1474 1660 1539 1687; x_wconf 83' lang='lat' dir='ltr'><strong>ergo</strong></span> <span class='ocrx_word' id='word_1_609' title='bbox 1566 1653 1613 1680; x_wconf 83' lang='lat' dir='ltr'><strong>nix</strong></span> <span class='ocrx_word' id='word_1_610' title='bbox 1635 1657 1679 1680; x_wconf 87' lang='lat' dir='ltr'><strong>est</strong></span> <span class='ocrx_word' id='word_1_611' title='bbox 1697 1653 1787 1688; x_wconf 82' lang='lat' dir='ltr'><strong>nigra.</strong></span> <span class='ocrx_word' id='word_1_612' title='bbox 1806 1654 1856 1681; x_wconf 84' lang='lat' dir='ltr'><strong>Sed</strong></span> 
     </span>
    </p>
   </div>
   <div class='ocr_carea' id='block_1_81' title="bbox 1068 1697 1857 1734">
    <p class='ocr_par' dir='ltr' id='par_1_81' title="bbox 1068 1697 1857 1734">
     <span class='ocr_line' id='line_1_81' title="bbox 1068 1697 1857 1734; baseline 0.003 -10"><span class='ocrx_word' id='word_1_613' title='bbox 1068 1697 1131 1732; x_wconf 87' lang='lat' dir='ltr'><strong>quis</strong></span> <span class='ocrx_word' id='word_1_614' title='bbox 1156 1697 1316 1725; x_wconf 88' lang='lat' dir='ltr'><strong>concederet</strong></span> <span class='ocrx_word' id='word_1_615' title='bbox 1340 1705 1438 1732; x_wconf 91' lang='lat' dir='ltr'><strong>aquam</strong></span> <span class='ocrx_word' id='word_1_616' title='bbox 1467 1703 1622 1726; x_wconf 82' lang='lat' dir='ltr'><strong>concretam</strong></span> <span class='ocrx_word' id='word_1_617' title='bbox 1650 1706 1712 1726; x_wconf 84' lang='lat' dir='ltr'><strong>esse</strong></span> <span class='ocrx_word' id='word_1_618' title='bbox 1733 1700 1857 1734; x_wconf 78' lang='lat' dir='ltr'><strong>nigram?</strong></span> 
     </span>
    </p>
   </div>
   <div class='ocr_carea' id='block_1_82' title="bbox 1068 1744 1855 1778">
    <p class='ocr_par' dir='ltr' id='par_1_82' title="bbox 1068 1744 1855 1778">
     <span class='ocr_line' id='line_1_82' title="bbox 1068 1744 1855 1778; baseline 0.003 -8"><span class='ocrx_word' id='word_1_619' title='bbox 1068 1751 1131 1770; x_wconf 87' lang='lat' dir='ltr'><strong>eum</strong></span> <span class='ocrx_word' id='word_1_620' title='bbox 1150 1751 1248 1778; x_wconf 85' lang='lat' dir='ltr'><strong>aquam</strong></span> <span class='ocrx_word' id='word_1_621' title='bbox 1277 1744 1359 1771; x_wconf 89' lang='lat' dir='ltr'><strong>etiam</strong></span> <span class='ocrx_word' id='word_1_622' title='bbox 1376 1744 1463 1778; x_wconf 91' lang='lat' dir='ltr'><strong>ipsam</strong></span> <span class='ocrx_word' id='word_1_623' title='bbox 1484 1745 1535 1772; x_wconf 84' lang='lat' dir='ltr'><strong>etsi</strong></span> <span class='ocrx_word' id='word_1_624' title='bbox 1553 1751 1608 1772; x_wconf 78' lang='lat' dir='ltr'><strong>non</strong></span> <span class='ocrx_word' id='word_1_625' title='bbox 1642 1750 1801 1773; x_wconf 86' lang='lat' dir='ltr'><strong>concretam</strong></span> <span class='ocrx_word' id='word_1_626' title='bbox 1814 1747 1855 1773; x_wconf 87' lang='lat' dir='ltr'><strong>ni-</strong></span> 
     </span>
    </p>
   </div>
   <div class='ocr_carea' id='block_1_83' title="bbox 1068 1789 1452 1825">
    <p class='ocr_par' dir='ltr' id='par_1_83' title="bbox 1068 1789 1452 1825">
     <span class='ocr_line' id='line_1_83' title="bbox 1068 1789 1452 1825; baseline 0.005 -9"><span class='ocrx_word' id='word_1_627' title='bbox 1068 1797 1143 1825; x_wconf 86' lang='lat' dir='ltr'><strong>gram</strong></span> <span class='ocrx_word' id='word_1_628' title='bbox 1157 1797 1219 1817; x_wconf 86' lang='lat' dir='ltr'><strong>esse</strong></span> <span class='ocrx_word' id='word_1_629' title='bbox 1228 1797 1283 1817; x_wconf 90' lang='lat' dir='ltr'><strong>non</strong></span> <span class='ocrx_word' id='word_1_630' title='bbox 1295 1789 1452 1819; x_wconf 85' lang='lat' dir='ltr'><strong>aflirmaret.</strong></span> 
     </span>
    </p>
   </div>
   <div class='ocr_carea' id='block_1_84' title="bbox 1105 1834 1856 1870">
    <p class='ocr_par' dir='ltr' id='par_1_84' title="bbox 1105 1834 1856 1870">
     <span class='ocr_line' id='line_1_84' title="bbox 1105 1834 1856 1870; baseline 0.004 -8"><span class='ocrx_word' id='word_1_631' title='bbox 1105 1834 1183 1867; x_wconf 86' lang='lat' dir='ltr'><strong>lbid.,</strong></span> <span class='ocrx_word' id='word_1_632' title='bbox 1208 1835 1256 1863; x_wconf 91' lang='lat' dir='ltr'><strong>lin.</strong></span> <span class='ocrx_word' id='word_1_633' title='bbox 1284 1835 1328 1862; x_wconf 81' lang='grc'><strong>⁸51.</strong></span> <span class='ocrx_word' id='word_1_634' title='bbox 1350 1835 1383 1862; x_wconf 85' lang='grc' dir='ltr'><em>Ἢ</em></span> <span class='ocrx_word' id='word_1_635' title='bbox 1397 1835 1432 1862; x_wconf 77' lang='grc' dir='ltr'><strong>δὲ</strong></span> <span class='ocrx_word' id='word_1_636' title='bbox 1453 1836 1569 1870; x_wconf 75' lang='grc' dir='ltr'>,βροντὴ</span> <span class='ocrx_word' id='word_1_637' title='bbox 1583 1836 1659 1863; x_wconf 78' lang='grc' dir='ltr'>κατὰ</span> <span class='ocrx_word' id='word_1_638' title='bbox 1674 1836 1784 1865; x_wconf 78' lang='grc' dir='ltr'>τοῦτον</span> <span class='ocrx_word' id='word_1_639' title='bbox 1805 1838 1856 1864; x_wconf 69' lang='grc' dir='ltr'><strong>τὸν</strong></span> 
     </span>
    </p>
   </div>
   <div class='ocr_carea' id='block_1_85' title="bbox 1066 1881 1856 1919">
    <p class='ocr_par' dir='ltr' id='par_1_85' title="bbox 1066 1881 1856 1919">
     <span class='ocr_line' id='line_1_85' title="bbox 1066 1881 1856 1919; baseline 0 -10"><span class='ocrx_word' id='word_1_640' title='bbox 1066 1883 1169 1917; x_wconf 71' lang='grc' dir='ltr'>λόγον.</span> <span class='ocrx_word' id='word_1_641' title='bbox 1200 1881 1338 1914; x_wconf 84' lang='lat' dir='ltr'><strong>Basilius,</strong></span> <span class='ocrx_word' id='word_1_642' title='bbox 1368 1882 1441 1909; x_wconf 91' lang='lat' dir='ltr'><strong>hom.</strong></span> <span class='ocrx_word' id='word_1_643' title='bbox 1462 1883 1479 1909; x_wconf 77' lang='lat'><strong>5</strong></span> <span class='ocrx_word' id='word_1_644' title='bbox 1499 1892 1505 1909; x_wconf 91' lang='lat'>:</span> <span class='ocrx_word' id='word_1_645' title='bbox 1523 1883 1578 1918; x_wconf 82' lang='grc' dir='ltr'><strong>Τὴν</strong></span> <span class='ocrx_word' id='word_1_646' title='bbox 1608 1882 1663 1918; x_wconf 76' lang='grc' dir='ltr'><strong>γὰρ</strong></span> <span class='ocrx_word' id='word_1_647' title='bbox 1688 1883 1856 1919; x_wconf 71' lang='grc' dir='ltr'>περρότητα</span> 
     </span>
    </p>
   </div>
   <div class='ocr_carea' id='block_1_86' title="bbox 1068 1926 1856 1963">
    <p class='ocr_par' dir='ltr' id='par_1_86' title="bbox 1068 1926 1856 1963">
     <span class='ocr_line' id='line_1_86' title="bbox 1068 1926 1856 1963; baseline 0.003 -11"><span class='ocrx_word' id='word_1_648' title='bbox 1068 1926 1116 1953; x_wconf 77' lang='grc' dir='ltr'><strong>καὶ</strong></span> <span class='ocrx_word' id='word_1_649' title='bbox 1154 1927 1313 1957; x_wconf 74' lang='grc' dir='ltr'>ἀντιτυπίαν</span> <span class='ocrx_word' id='word_1_650' title='bbox 1345 1926 1392 1954; x_wconf 81' lang='grc' dir='ltr'>τοῦ</span> <span class='ocrx_word' id='word_1_651' title='bbox 1431 1927 1584 1962; x_wconf 81' lang='grc' dir='ltr'>πνεύματος</span> <span class='ocrx_word' id='word_1_652' title='bbox 1619 1926 1667 1953; x_wconf 79' lang='grc' dir='ltr'>τοῦ</span> <span class='ocrx_word' id='word_1_653' title='bbox 1703 1928 1856 1963; x_wconf 75' lang='grc' dir='ltr'>ἐναπολαμ-</span> 
     </span>
    </p>
   </div>
   <div class='ocr_carea' id='block_1_87' title="bbox 1068 1973 1856 2009">
    <p class='ocr_par' dir='ltr' id='par_1_87' title="bbox 1068 1973 1856 2009">
     <span class='ocr_line' id='line_1_87' title="bbox 1068 1973 1856 2009; baseline 0.001 -10"><span class='ocrx_word' id='word_1_654' title='bbox 1068 1973 1216 2008; x_wconf 80' lang='grc' dir='ltr'>ϐανομένου</span> <span class='ocrx_word' id='word_1_655' title='bbox 1234 1974 1294 2005; x_wconf 77' lang='grc' dir='ltr'>ταῖς</span> <span class='ocrx_word' id='word_1_656' title='bbox 1322 1973 1458 2009; x_wconf 83' lang='grc' dir='ltr'>κοιλότησι</span> <span class='ocrx_word' id='word_1_657' title='bbox 1484 1973 1537 2000; x_wconf 85' lang='grc' dir='ltr'><strong>τῶν</strong></span> <span class='ocrx_word' id='word_1_658' title='bbox 1558 1973 1658 2008; x_wconf 72' lang='grc' dir='ltr'>νεφῶν,</span> <span class='ocrx_word' id='word_1_659' title='bbox 1685 1974 1734 2000; x_wconf 77' lang='grc' dir='ltr'>καὶ</span> <span class='ocrx_word' id='word_1_660' title='bbox 1760 1974 1806 2000; x_wconf 83' lang='grc' dir='ltr'><strong>διὰ</strong></span> <span class='ocrx_word' id='word_1_661' title='bbox 1827 1974 1856 2000; x_wconf 74' lang='grc' dir='ltr'><strong>τὸ</strong></span> 
     </span>
    </p>
   </div>
   <div class='ocr_carea' id='block_1_88' title="bbox 1069 2018 1857 2055">
    <p class='ocr_par' dir='ltr' id='par_1_88' title="bbox 1069 2018 1857 2055">
     <span class='ocr_line' id='line_1_88' title="bbox 1069 2018 1857 2055; baseline 0.001 -10"><span class='ocrx_word' id='word_1_662' title='bbox 1069 2018 1164 2054; x_wconf 80' lang='grc' dir='ltr'>βιαίως</span> <span class='ocrx_word' id='word_1_663' title='bbox 1201 2019 1384 2055; x_wconf 79' lang='grc' dir='ltr'>ὲκρήγνυσθαι</span> <span class='ocrx_word' id='word_1_664' title='bbox 1417 2019 1480 2050; x_wconf 78' lang='grc' dir='ltr'>τοὺς</span> <span class='ocrx_word' id='word_1_665' title='bbox 1521 2019 1572 2050; x_wconf 84' lang='grc' dir='ltr'><strong>τὰς</strong></span> <span class='ocrx_word' id='word_1_666' title='bbox 1606 2018 1720 2055; x_wconf 76' lang='grc' dir='ltr'>βροντὰς</span> <span class='ocrx_word' id='word_1_667' title='bbox 1757 2019 1857 2046; x_wconf 81' lang='grc' dir='ltr'>ἀποτε-</span> 
     </span>
    </p>
   </div>
   <div class='ocr_carea' id='block_1_89' title="bbox 1067 2065 1856 2101">
    <p class='ocr_par' dir='ltr' id='par_1_89' title="bbox 1067 2065 1856 2101">
     <span class='ocr_line' id='line_1_89' title="bbox 1067 2065 1856 2101; baseline -0.001 -9"><span class='ocrx_word' id='word_1_668' title='bbox 1067 2065 1180 2097; x_wconf 66' lang='grc' dir='ltr'>λοῦντας</span> <span class='ocrx_word' id='word_1_669' title='bbox 1207 2065 1319 2100; x_wconf 81' lang='grc' dir='ltr'>ψόφους,</span> <span class='ocrx_word' id='word_1_670' title='bbox 1339 2065 1483 2100; x_wconf 77' lang='grc' dir='ltr'>στερὲωσιν</span> <span class='ocrx_word' id='word_1_671' title='bbox 1495 2065 1609 2100; x_wconf 78' lang='grc' dir='ltr'>βροντῆς</span> <span class='ocrx_word' id='word_1_672' title='bbox 1626 2067 1642 2100; x_wconf 85' lang='grc' dir='ltr'>ἡ</span> <span class='ocrx_word' id='word_1_673' title='bbox 1656 2065 1752 2101; x_wconf 81' lang='grc' dir='ltr'>Γραφὴ</span> <span class='ocrx_word' id='word_1_674' title='bbox 1771 2074 1856 2101; x_wconf 81' lang='grc' dir='ltr'>προσ-</span> 
     </span>
    </p>
   </div>
   <div class='ocr_carea' id='block_1_90' title="bbox 1066 2109 1855 2146">
    <p class='ocr_par' dir='ltr' id='par_1_90' title="bbox 1066 2109 1855 2146">
     <span class='ocr_line' id='line_1_90' title="bbox 1066 2109 1855 2146; baseline 0.003 -10"><span class='ocrx_word' id='word_1_675' title='bbox 1066 2111 1225 2146; x_wconf 83' lang='grc' dir='ltr'>ηγόρευσεν.</span> <span class='ocrx_word' id='word_1_676' title='bbox 1252 2109 1399 2146; x_wconf 82' lang='lat' dir='ltr'><strong>Gregorius</strong></span> <span class='ocrx_word' id='word_1_677' title='bbox 1428 2110 1616 2138; x_wconf 87' lang='lat' dir='ltr'><strong>Nazianzenus</strong></span> <span class='ocrx_word' id='word_1_678' title='bbox 1646 2110 1684 2138; x_wconf 81' lang='lat' dir='ltr'><strong>De</strong></span> <span class='ocrx_word' id='word_1_679' title='bbox 1698 2111 1855 2146; x_wconf 79' lang='lat' dir='ltr'><strong>theologia:</strong></span> 
     </span>
    </p>
   </div>
   <div class='ocr_carea' id='block_1_91' title="bbox 1068 2157 1855 2193">
    <p class='ocr_par' dir='ltr' id='par_1_91' title="bbox 1068 2157 1855 2193">
     <span class='ocr_line' id='line_1_91' title="bbox 1068 2157 1855 2193; baseline -0.001 -9"><span class='ocrx_word' id='word_1_680' title='bbox 1068 2157 1105 2183; x_wconf 61' lang='grc' dir='ltr'>Τί</span> <span class='ocrx_word' id='word_1_681' title='bbox 1135 2159 1180 2193; x_wconf 79' lang='grc' dir='ltr'>μοὶ</span> <span class='ocrx_word' id='word_1_682' title='bbox 1209 2157 1399 2193; x_wconf 84' lang='grc' dir='ltr'>φιλοσοφήσεις</span> <span class='ocrx_word' id='word_1_683' title='bbox 1429 2157 1495 2193; x_wconf 76' lang='grc' dir='ltr'>περὶ</span> <span class='ocrx_word' id='word_1_684' title='bbox 1523 2157 1670 2192; x_wconf 82' lang='grc' dir='ltr'>ἀστραπῶν</span> <span class='ocrx_word' id='word_1_685' title='bbox 1701 2157 1750 2183; x_wconf 78' lang='grc' dir='ltr'>καὶ</span> <span class='ocrx_word' id='word_1_686' title='bbox 1780 2157 1855 2193; x_wconf 80' lang='grc' dir='ltr'>βρον-</span> 
     </span>
    </p>
   </div>
   <div class='ocr_carea' id='block_1_92' title="bbox 234 2199 1021 2240">
    <p class='ocr_par' dir='ltr' id='par_1_92' title="bbox 234 2199 1015 2240">
     <span class='ocr_line' id='line_1_92' title="bbox 234 2199 1015 2240; baseline 0.01 -16"><span class='ocrx_word' id='word_1_687' title='bbox 234 2206 315 2230; x_wconf 62' lang='grc' dir='ltr'>θεσις.</span> <span class='ocrx_word' id='word_1_688' title='bbox 332 2199 465 2235; x_wconf 80' lang='lat' dir='ltr'><strong>Georgius</strong></span> <span class='ocrx_word' id='word_1_689' title='bbox 484 2201 589 2230; x_wconf 88' lang='lat' dir='ltr'><strong>Pisides</strong></span> <span class='ocrx_word' id='word_1_690' title='bbox 604 2203 643 2230; x_wconf 77' lang='lat' dir='ltr'><strong>De</strong></span> <span class='ocrx_word' id='word_1_691' title='bbox 657 2204 748 2231; x_wconf 82' lang='lat' dir='ltr'><strong>mundi</strong></span> <span class='ocrx_word' id='word_1_692' title='bbox 764 2205 883 2240; x_wconf 80' lang='lat' dir='ltr'><strong>opiﬁcio,</strong></span> <span class='ocrx_word' id='word_1_693' title='bbox 897 2212 957 2240; x_wconf 86' lang='lat' dir='ltr'><strong>pag.</strong></span> <span class='ocrx_word' id='word_1_694' title='bbox 972 2205 1015 2237; x_wconf 84' lang='grc'><strong>19,</strong></span> 
     </span>
    </p>
   </div>
   <div class='ocr_carea' id='block_1_93' title="bbox 1073 2199 1855 2240">
    <p class='ocr_par' dir='ltr' id='par_1_93' title="bbox 1073 2200 1855 2238">
     <span class='ocr_line' id='line_1_93' title="bbox 1073 2200 1855 2238; baseline 0 -9"><span class='ocrx_word' id='word_1_695' title='bbox 1073 2203 1133 2236; x_wconf 77' lang='grc' dir='ltr'>τῶν,</span> <span class='ocrx_word' id='word_1_696' title='bbox 1151 2200 1173 2229; x_wconf 81' lang='grc' dir='ltr'><strong>ὧ</strong></span> <span class='ocrx_word' id='word_1_697' title='bbox 1189 2202 1307 2238; x_wconf 78' lang='grc' dir='ltr'>βροντῶν</span> <span class='ocrx_word' id='word_1_698' title='bbox 1324 2202 1377 2230; x_wconf 84' lang='grc' dir='ltr'><strong>ἀπὸ</strong></span> <span class='ocrx_word' id='word_1_699' title='bbox 1391 2202 1442 2237; x_wconf 84' lang='grc' dir='ltr'>γῆς</span> <span class='ocrx_word' id='word_1_700' title='bbox 1460 2203 1503 2234; x_wconf 77' lang='grc' dir='ltr'>σὺ,</span> <span class='ocrx_word' id='word_1_701' title='bbox 1518 2202 1565 2229; x_wconf 79' lang='grc' dir='ltr'><strong>καὶ</strong></span> <span class='ocrx_word' id='word_1_702' title='bbox 1580 2201 1640 2228; x_wconf 75' lang='grc' dir='ltr'><strong>οὐδὲ</strong></span> <span class='ocrx_word' id='word_1_703' title='bbox 1658 2202 1768 2237; x_wconf 76' lang='grc' dir='ltr'>μικροῖς</span> <span class='ocrx_word' id='word_1_704' title='bbox 1780 2211 1855 2229; x_wconf 73' lang='grc' dir='ltr'>σπιν-</span> 
     </span>
    </p>
   </div>
   <div class='ocr_carea' id='block_1_94' title="bbox 232 2245 1017 2284">
    <p class='ocr_par' dir='ltr' id='par_1_94' title="bbox 232 2245 1017 2284">
     <span class='ocr_line' id='line_1_94' title="bbox 232 2245 1017 2284; baseline 0.008 -12"><span class='ocrx_word' id='word_1_705' title='bbox 232 2248 260 2273; x_wconf 87' lang='lat' dir='ltr'><strong>et</strong></span> <span class='ocrx_word' id='word_1_706' title='bbox 279 2245 384 2274; x_wconf 88' lang='lat' dir='ltr'><strong>Plinius</strong></span> <span class='ocrx_word' id='word_1_707' title='bbox 396 2247 446 2275; x_wconf 88' lang='lat' dir='ltr'><strong>lih.</strong></span> <span class='ocrx_word' id='word_1_708' title='bbox 474 2256 507 2281; x_wconf 83' lang='lat' dir='ltr'><strong>ii,</strong></span> <span class='ocrx_word' id='word_1_709' title='bbox 523 2249 605 2284; x_wconf 87' lang='lat' dir='ltr'><strong>capit.</strong></span> <span class='ocrx_word' id='word_1_710' title='bbox 621 2249 655 2276; x_wconf 77' lang='grc'><strong>42</strong></span> <span class='ocrx_word' id='word_1_711' title='bbox 669 2260 675 2277; x_wconf 89' lang='lat'>:</span> <span class='ocrx_word' id='word_1_712' title='bbox 694 2250 779 2277; x_wconf 67' lang='lat' dir='ltr'><strong>Extra</strong></span> <span class='ocrx_word' id='word_1_713' title='bbox 792 2251 840 2277; x_wconf 81' lang='lat' dir='ltr'><strong>Im</strong></span> <span class='ocrx_word' id='word_1_714' title='bbox 855 2259 950 2278; x_wconf 67' lang='lat' dir='ltr'><strong>causa:</strong></span> <span class='ocrx_word' id='word_1_715' title='bbox 965 2259 1017 2279; x_wconf 84' lang='lat' dir='ltr'><strong>non</strong></span> 
     </span>
    </p>
   </div>
   <div class='ocr_carea' id='block_1_95' title="bbox 231 2293 1017 2332">
    <p class='ocr_par' dir='ltr' id='par_1_95' title="bbox 231 2293 1017 2332">
     <span class='ocr_line' id='line_1_95' title="bbox 231 2293 1017 2332; baseline 0.008 -14"><span class='ocrx_word' id='word_1_716' title='bbox 231 2293 379 2326; x_wconf 77' lang='lat' dir='ltr'><strong>negaverim</strong></span> <span class='ocrx_word' id='word_1_717' title='bbox 402 2294 528 2321; x_wconf 71' lang='lat' dir='ltr'><strong>exsistere</strong></span> <span class='ocrx_word' id='word_1_718' title='bbox 548 2295 644 2323; x_wconf 75' lang='lat' dir='ltr'><strong>imbres</strong></span> <span class='ocrx_word' id='word_1_719' title='bbox 658 2301 806 2332; x_wconf 76' lang='lat' dir='ltr'><strong>ventosque.</strong></span> <span class='ocrx_word' id='word_1_720' title='bbox 821 2296 952 2330; x_wconf 81' lang='lat' dir='ltr'><strong>Quoniam</strong></span> <span class='ocrx_word' id='word_1_721' title='bbox 966 2297 1017 2324; x_wconf 77' lang='lat' dir='ltr'><strong>Itu-</strong></span> 
     </span>
    </p>
   </div>
   <div class='ocr_carea' id='block_1_96' title="bbox 232 2340 1016 2379">
    <p class='ocr_par' dir='ltr' id='par_1_96' title="bbox 232 2340 1016 2379">
     <span class='ocr_line' id='line_1_96' title="bbox 232 2340 1016 2379; baseline 0.006 -13"><span class='ocrx_word' id='word_1_722' title='bbox 232 2340 334 2367; x_wconf 80' lang='lat' dir='ltr'><strong>midam</strong></span> <span class='ocrx_word' id='word_1_723' title='bbox 351 2349 367 2368; x_wconf 78' lang='grc' dir='ltr'><strong><em>η</em></strong></span> <span class='ocrx_word' id='word_1_724' title='bbox 384 2347 466 2375; x_wconf 73' lang='lat' dir='ltr'><strong>terra,</strong></span> <span class='ocrx_word' id='word_1_725' title='bbox 478 2343 548 2370; x_wconf 78' lang='lat' dir='ltr'><strong>alias</strong></span> <span class='ocrx_word' id='word_1_726' title='bbox 562 2351 622 2370; x_wconf 72' lang='lat' dir='ltr'><strong>vero</strong></span> <span class='ocrx_word' id='word_1_727' title='bbox 635 2349 741 2378; x_wconf 80' lang='lat' dir='ltr'><strong>propter</strong></span> <span class='ocrx_word' id='word_1_728' title='bbox 756 2352 877 2378; x_wconf 79' lang='lat' dir='ltr'><strong>uaporem</strong></span> <span class='ocrx_word' id='word_1_729' title='bbox 887 2345 1016 2379; x_wconf 80' lang='lat' dir='ltr'><strong>[umidam</strong></span> 
     </span>
    </p>
   </div>
   <div class='ocr_carea' id='block_1_97' title="bbox 230 2388 1017 2427">
    <p class='ocr_par' dir='ltr' id='par_1_97' title="bbox 230 2388 1017 2427">
     <span class='ocr_line' id='line_1_97' title="bbox 230 2388 1017 2427; baseline 0.005 -13"><span class='ocrx_word' id='word_1_730' title='bbox 230 2388 356 2415; x_wconf 68' lang='lat' dir='ltr'><strong>exhalare</strong></span> <span class='ocrx_word' id='word_1_731' title='bbox 381 2389 520 2425; x_wconf 85' lang='lat' dir='ltr'><strong>caliginem</strong></span> <span class='ocrx_word' id='word_1_732' title='bbox 553 2395 652 2417; x_wconf 82' lang='lat' dir='ltr'><strong>eertum</strong></span> <span class='ocrx_word' id='word_1_733' title='bbox 683 2396 732 2418; x_wconf 80' lang='lat' dir='ltr'><strong>est.</strong></span> <span class='ocrx_word' id='word_1_734' title='bbox 758 2390 897 2426; x_wconf 83' lang='lat' dir='ltr'><strong>Nubesque</strong></span> <span class='ocrx_word' id='word_1_735' title='bbox 917 2391 1017 2427; x_wconf 81' lang='lat' dir='ltr'><strong>liquore</strong></span> 
     </span>
    </p>
   </div>
   <div class='ocr_carea' id='block_1_98' title="bbox 230 2435 1016 2472">
    <p class='ocr_par' dir='ltr' id='par_1_98' title="bbox 230 2435 1016 2472">
     <span class='ocr_line' id='line_1_98' title="bbox 230 2435 1016 2472; baseline 0.006 -12"><span class='ocrx_word' id='word_1_736' title='bbox 230 2442 334 2469; x_wconf 72' lang='lat' dir='ltr'><strong>egresso</strong></span> <span class='ocrx_word' id='word_1_737' title='bbox 350 2435 378 2461; x_wconf 85' lang='lat' dir='ltr'><strong>in</strong></span> <span class='ocrx_word' id='word_1_738' title='bbox 401 2435 525 2468; x_wconf 73' lang='lat' dir='ltr'><strong>sublime,</strong></span> <span class='ocrx_word' id='word_1_739' title='bbox 546 2440 593 2463; x_wconf 82' lang='lat' dir='ltr'><strong>aut</strong></span> <span class='ocrx_word' id='word_1_740' title='bbox 608 2444 640 2463; x_wconf 72' lang='lat' dir='ltr'><strong>ea:</strong></span> <span class='ocrx_word' id='word_1_741' title='bbox 655 2445 714 2464; x_wconf 85' lang='lat' dir='ltr'><strong>uere</strong></span> <span class='ocrx_word' id='word_1_742' title='bbox 739 2442 829 2464; x_wconf 81' lang='lat' dir='ltr'><strong>coacto</strong></span> <span class='ocrx_word' id='word_1_743' title='bbox 845 2439 873 2463; x_wconf 78' lang='lat' dir='ltr'><strong>in</strong></span> <span class='ocrx_word' id='word_1_744' title='bbox 889 2437 1016 2472; x_wconf 77' lang='lat' dir='ltr'><strong>liquorem</strong></span> 
     </span>
    </p>
   </div>
   <div class='ocr_carea' id='block_1_99' title="bbox 229 2480 1016 2518">
    <p class='ocr_par' dir='ltr' id='par_1_99' title="bbox 229 2480 1016 2518">
     <span class='ocr_line' id='line_1_99' title="bbox 229 2480 1016 2518; baseline 0.005 -12"><span class='ocrx_word' id='word_1_745' title='bbox 229 2480 311 2515; x_wconf 78' lang='lat' dir='ltr'><strong>gigni.</strong></span> <span class='ocrx_word' id='word_1_746' title='bbox 330 2480 452 2508; x_wconf 74' lang='lat' dir='ltr'><strong>Densitas</strong></span> <span class='ocrx_word' id='word_1_747' title='bbox 472 2489 564 2508; x_wconf 87' lang='lat' dir='ltr'><strong>earum</strong></span> <span class='ocrx_word' id='word_1_748' title='bbox 585 2489 727 2518; x_wconf 78' lang='lat' dir='ltr'><strong>corpusque</strong></span> <span class='ocrx_word' id='word_1_749' title='bbox 741 2482 811 2509; x_wconf 81' lang='lat' dir='ltr'><strong>haud</strong></span> <span class='ocrx_word' id='word_1_750' title='bbox 826 2483 905 2511; x_wconf 83' lang='lat' dir='ltr'><strong>dubio</strong></span> <span class='ocrx_word' id='word_1_751' title='bbox 928 2484 1016 2518; x_wconf 83' lang='lat' dir='ltr'><strong>conje-</strong></span> 
     </span>
    </p>
   </div>
   <div class='ocr_carea' id='block_1_100' title="bbox 230 2527 1016 2563">
    <p class='ocr_par' dir='ltr' id='par_1_100' title="bbox 230 2527 1016 2563">
     <span class='ocr_line' id='line_1_100' title="bbox 230 2527 1016 2563; baseline 0.006 -11"><span class='ocrx_word' id='word_1_752' title='bbox 230 2530 319 2553; x_wconf 66' lang='grc' dir='ltr'>βιαίαν</span> <span class='ocrx_word' id='word_1_753' title='bbox 345 2531 510 2562; x_wconf 86' lang='lat' dir='ltr'><strong>argumento,</strong></span> <span class='ocrx_word' id='word_1_754' title='bbox 535 2535 595 2554; x_wconf 86' lang='lat' dir='ltr'><strong>cum</strong></span> <span class='ocrx_word' id='word_1_755' title='bbox 619 2528 699 2554; x_wconf 78' lang='lat' dir='ltr'><strong>solem</strong></span> <span class='ocrx_word' id='word_1_756' title='bbox 725 2527 889 2562; x_wconf 85' lang='lat' dir='ltr'><strong>obumbrent,</strong></span> <span class='ocrx_word' id='word_1_757' title='bbox 915 2531 1016 2563; x_wconf 77' lang='lat' dir='ltr'><strong>perspi—</strong></span> 
     </span>
    </p>
   </div>
   <div class='ocr_carea' id='block_1_101' title="bbox 229 2572 1016 2610">
    <p class='ocr_par' dir='ltr' id='par_1_101' title="bbox 229 2572 1016 2610">
     <span class='ocr_line' id='line_1_101' title="bbox 229 2572 1016 2610; baseline 0.005 -12"><span class='ocrx_word' id='word_1_758' title='bbox 229 2579 309 2599; x_wconf 77' lang='lat' dir='ltr'><strong>cuum</strong></span> <span class='ocrx_word' id='word_1_759' title='bbox 327 2572 397 2600; x_wconf 76' lang='lat' dir='ltr'><strong>alias</strong></span> <span class='ocrx_word' id='word_1_760' title='bbox 417 2573 497 2599; x_wconf 86' lang='lat' dir='ltr'><strong>etiam</strong></span> <span class='ocrx_word' id='word_1_761' title='bbox 516 2573 684 2600; x_wconf 73' lang='lat' dir='ltr'><strong>urinantibus</strong></span> <span class='ocrx_word' id='word_1_762' title='bbox 709 2574 737 2600; x_wconf 79' lang='lat' dir='ltr'><strong>in</strong></span> <span class='ocrx_word' id='word_1_763' title='bbox 761 2574 878 2609; x_wconf 80' lang='lat' dir='ltr'><strong>qualibet</strong></span> <span class='ocrx_word' id='word_1_764' title='bbox 904 2575 1016 2610; x_wconf 82' lang='lat' dir='ltr'><strong>profun-</strong></span> 
     </span>
    </p>
   </div>
   <div class='ocr_carea' id='block_1_102' title="bbox 229 2617 1014 2656">
    <p class='ocr_par' dir='ltr' id='par_1_102' title="bbox 229 2617 1014 2656">
     <span class='ocr_line' id='line_1_102' title="bbox 229 2617 1014 2656; baseline 0.008 -12"><span class='ocrx_word' id='word_1_765' title='bbox 229 2617 294 2645; x_wconf 79' lang='lat' dir='ltr'><strong>dam</strong></span> <span class='ocrx_word' id='word_1_766' title='bbox 314 2627 444 2654; x_wconf 81' lang='lat' dir='ltr'><strong>aquarum</strong></span> <span class='ocrx_word' id='word_1_767' title='bbox 465 2619 643 2648; x_wconf 77' lang='lat' dir='ltr'><strong>altitudinem.</strong></span> <span class='ocrx_word' id='word_1_768' title='bbox 660 2619 766 2648; x_wconf 81' lang='lat' dir='ltr'><strong>Etenim</strong></span> <span class='ocrx_word' id='word_1_769' title='bbox 783 2628 816 2648; x_wconf 86' lang='lat' dir='ltr'><strong>ex</strong></span> <span class='ocrx_word' id='word_1_770' title='bbox 832 2629 933 2656; x_wconf 79' lang='lat' dir='ltr'><strong>vapore</strong></span> <span class='ocrx_word' id='word_1_771' title='bbox 948 2622 1014 2650; x_wconf 86' lang='lat' dir='ltr'><strong>solis</strong></span> 
     </span>
    </p>
   </div>
   <div class='ocr_carea' id='block_1_103' title="bbox 228 2662 1015 2701">
    <p class='ocr_par' dir='ltr' id='par_1_103' title="bbox 228 2662 1015 2701">
     <span class='ocr_line' id='line_1_103' title="bbox 228 2662 1015 2701; baseline 0.008 -12"><span class='ocrx_word' id='word_1_772' title='bbox 228 2662 256 2690; x_wconf 74' lang='lat' dir='ltr'><strong>vi</strong></span> <span class='ocrx_word' id='word_1_773' title='bbox 271 2664 378 2692; x_wconf 85' lang='lat' dir='ltr'><strong>elevato</strong></span> <span class='ocrx_word' id='word_1_774' title='bbox 392 2664 419 2691; x_wconf 92' lang='lat' dir='ltr'><strong>in</strong></span> <span class='ocrx_word' id='word_1_775' title='bbox 435 2663 552 2692; x_wconf 84' lang='lat' dir='ltr'><strong>mediam</strong></span> <span class='ocrx_word' id='word_1_776' title='bbox 572 2666 709 2700; x_wconf 89' lang='lat' dir='ltr'><strong>regionem</strong></span> <span class='ocrx_word' id='word_1_777' title='bbox 728 2665 799 2694; x_wconf 85' lang='lat' dir='ltr'><strong>aeris</strong></span> <span class='ocrx_word' id='word_1_778' title='bbox 821 2667 950 2701; x_wconf 86' lang='lat' dir='ltr'><strong>paulatim</strong></span> <span class='ocrx_word' id='word_1_779' title='bbox 966 2667 1015 2695; x_wconf 85' lang='lat' dir='ltr'><strong>fri-</strong></span> 
     </span>
    </p>
   </div>
   <div class='ocr_carea' id='block_1_104' title="bbox 230 2709 1014 2748">
    <p class='ocr_par' dir='ltr' id='par_1_104' title="bbox 230 2709 1014 2748">
     <span class='ocr_line' id='line_1_104' title="bbox 230 2709 1014 2748; baseline 0.006 -13"><span class='ocrx_word' id='word_1_780' title='bbox 230 2715 296 2743; x_wconf 77' lang='lat' dir='ltr'><strong>gore</strong></span> <span class='ocrx_word' id='word_1_781' title='bbox 309 2709 397 2737; x_wconf 85' lang='lat' dir='ltr'><strong>nubes</strong></span> <span class='ocrx_word' id='word_1_782' title='bbox 407 2710 568 2742; x_wconf 83' lang='lat' dir='ltr'><strong>densantur,</strong></span> <span class='ocrx_word' id='word_1_783' title='bbox 575 2718 635 2746; x_wconf 83' lang='lat' dir='ltr'><strong>quae</strong></span> <span class='ocrx_word' id='word_1_784' title='bbox 649 2711 749 2743; x_wconf 86' lang='lat' dir='ltr'><strong>calore,</strong></span> <span class='ocrx_word' id='word_1_785' title='bbox 764 2711 806 2739; x_wconf 82' lang='lat' dir='ltr'><strong>vel</strong></span> <span class='ocrx_word' id='word_1_786' title='bbox 823 2712 877 2740; x_wconf 90' lang='lat' dir='ltr'><strong>alio</strong></span> <span class='ocrx_word' id='word_1_787' title='bbox 886 2714 1014 2748; x_wconf 88' lang='lat' dir='ltr'><strong>quopiam</strong></span> 
     </span>
    </p>
   </div>
   <div class='ocr_carea' id='block_1_105' title="bbox 231 2753 1014 2792">
    <p class='ocr_par' dir='ltr' id='par_1_105' title="bbox 231 2753 1014 2792">
     <span class='ocr_line' id='line_1_105' title="bbox 231 2753 1014 2792; baseline 0.008 -13"><span class='ocrx_word' id='word_1_788' title='bbox 231 2753 389 2781; x_wconf 85' lang='lat' dir='ltr'><strong>stimulante</strong></span> <span class='ocrx_word' id='word_1_789' title='bbox 405 2754 557 2790; x_wconf 81' lang='lat' dir='ltr'><strong>liquefiunt,</strong></span> <span class='ocrx_word' id='word_1_790' title='bbox 571 2760 597 2783; x_wconf 86' lang='lat' dir='ltr'><strong>et</strong></span> <span class='ocrx_word' id='word_1_791' title='bbox 612 2756 787 2784; x_wconf 87' lang='lat' dir='ltr'><strong>resolvuntur</strong></span> <span class='ocrx_word' id='word_1_792' title='bbox 800 2757 828 2784; x_wconf 94' lang='lat' dir='ltr'><strong>in</strong></span> <span class='ocrx_word' id='word_1_793' title='bbox 844 2765 952 2792; x_wconf 92' lang='lat' dir='ltr'><strong>aquam,</strong></span> <span class='ocrx_word' id='word_1_794' title='bbox 965 2758 1014 2785; x_wconf 82' lang='lat' dir='ltr'><strong>de-</strong></span> 
     </span>
    </p>
   </div>
   <div class='ocr_carea' id='block_1_106' title="bbox 230 2799 1014 2839">
    <p class='ocr_par' dir='ltr' id='par_1_106' title="bbox 230 2799 1014 2839">
     <span class='ocr_line' id='line_1_106' title="bbox 230 2799 1014 2839; baseline 0.008 -14"><span class='ocrx_word' id='word_1_795' title='bbox 230 2799 418 2835; x_wconf 87' lang='lat' dir='ltr'><strong>scenduntque</strong></span> <span class='ocrx_word' id='word_1_796' title='bbox 443 2801 624 2831; x_wconf 82' lang='lat' dir='ltr'><strong>diversimode</strong></span> <span class='ocrx_word' id='word_1_797' title='bbox 641 2811 690 2838; x_wconf 89' lang='lat' dir='ltr'><strong>pro</strong></span> <span class='ocrx_word' id='word_1_798' title='bbox 706 2804 816 2839; x_wconf 81' lang='lat' dir='ltr'><strong>vaporis</strong></span> <span class='ocrx_word' id='word_1_799' title='bbox 842 2804 1014 2831; x_wconf 85' lang='lat' dir='ltr'><strong>dissimilitu-</strong></span> 
     </span>
    </p>
   </div>
   <div class='ocr_carea' id='block_1_107' title="bbox 231 2844 1012 2885">
    <p class='ocr_par' dir='ltr' id='par_1_107' title="bbox 231 2844 1012 2885">
     <span class='ocr_line' id='line_1_107' title="bbox 231 2844 1012 2885; baseline 0.009 -14"><span class='ocrx_word' id='word_1_800' title='bbox 231 2844 295 2872; x_wconf 77' lang='lat' dir='ltr'><strong>dine</strong></span> <span class='ocrx_word' id='word_1_801' title='bbox 313 2853 319 2874; x_wconf 84' lang='lat'><strong>:</strong></span> <span class='ocrx_word' id='word_1_802' title='bbox 337 2846 359 2872; x_wconf 87' lang='lat' dir='ltr'><strong>si</strong></span> <span class='ocrx_word' id='word_1_803' title='bbox 379 2847 449 2874; x_wconf 78' lang='lat' dir='ltr'><strong>enim</strong></span> <span class='ocrx_word' id='word_1_804' title='bbox 465 2856 548 2882; x_wconf 77' lang='lat' dir='ltr'><strong>vapor</strong></span> <span class='ocrx_word' id='word_1_805' title='bbox 566 2849 614 2876; x_wconf 78' lang='lat' dir='ltr'><strong>fuit</strong></span> <span class='ocrx_word' id='word_1_806' title='bbox 631 2851 727 2883; x_wconf 85' lang='lat' dir='ltr'><strong>rarior,</strong></span> <span class='ocrx_word' id='word_1_807' title='bbox 744 2851 870 2885; x_wconf 80' lang='lat' dir='ltr'><strong>guttatim</strong></span> <span class='ocrx_word' id='word_1_808' title='bbox 885 2850 1012 2878; x_wconf 79' lang='lat' dir='ltr'><strong>dilabun-</strong></span> 
     </span>
    </p>
   </div>
   <div class='ocr_carea' id='block_1_108' title="bbox 1069 2248 1854 2285">
    <p class='ocr_par' dir='ltr' id='par_1_108' title="bbox 1069 2248 1854 2285">
     <span class='ocr_line' id='line_1_108' title="bbox 1069 2248 1854 2285; baseline -0.003 -9"><span class='ocrx_word' id='word_1_809' title='bbox 1069 2250 1151 2285; x_wconf 84' lang='grc' dir='ltr'>θῆρσι</span> <span class='ocrx_word' id='word_1_810' title='bbox 1163 2249 1213 2284; x_wconf 86' lang='grc' dir='ltr'>τῆς</span> <span class='ocrx_word' id='word_1_811' title='bbox 1223 2249 1351 2285; x_wconf 81' lang='grc' dir='ltr'>ἀληθείας</span> <span class='ocrx_word' id='word_1_812' title='bbox 1362 2249 1532 2284; x_wconf 81' lang='grc' dir='ltr'>λαμπόμενε,</span> <span class='ocrx_word' id='word_1_813' title='bbox 1543 2248 1619 2280; x_wconf 87' lang='grc' dir='ltr'>τίνας</span> <span class='ocrx_word' id='word_1_814' title='bbox 1629 2249 1734 2283; x_wconf 79' lang='grc' dir='ltr'>ἀτμοὺς</span> <span class='ocrx_word' id='word_1_815' title='bbox 1745 2248 1854 2283; x_wconf 72' lang='grc' dir='ltr'>αἰτιάσῃ</span> 
     </span>
    </p>
   </div>
   <div class='ocr_carea' id='block_1_109' title="bbox 1069 2293 1854 2331">
    <p class='ocr_par' dir='ltr' id='par_1_109' title="bbox 1069 2293 1854 2331">
     <span class='ocr_line' id='line_1_109' title="bbox 1069 2293 1854 2331; baseline -0.003 -9"><span class='ocrx_word' id='word_1_816' title='bbox 1069 2296 1166 2330; x_wconf 79' lang='grc' dir='ltr'>νέφους</span> <span class='ocrx_word' id='word_1_817' title='bbox 1179 2295 1370 2331; x_wconf 76' lang='grc' dir='ltr'>δημιουργοὺς,</span> <span class='ocrx_word' id='word_1_818' title='bbox 1381 2295 1397 2331; x_wconf 80' lang='grc' dir='ltr'>ἢ</span> <span class='ocrx_word' id='word_1_819' title='bbox 1410 2294 1489 2330; x_wconf 87' lang='grc' dir='ltr'>ἀέρος</span> <span class='ocrx_word' id='word_1_820' title='bbox 1502 2293 1639 2322; x_wconf 83' lang='grc' dir='ltr'>πύκνωσίν</span> <span class='ocrx_word' id='word_1_821' title='bbox 1650 2303 1722 2327; x_wconf 84' lang='grc' dir='ltr'>τινα,</span> <span class='ocrx_word' id='word_1_822' title='bbox 1736 2294 1752 2330; x_wconf 78' lang='grc' dir='ltr'><strong>ἢ</strong></span> <span class='ocrx_word' id='word_1_823' title='bbox 1767 2294 1854 2328; x_wconf 77' lang='grc' dir='ltr'>νεφῶν</span> 
     </span>
    </p>
   </div>
   <div class='ocr_carea' id='block_1_110' title="bbox 1069 2339 1854 2376">
    <p class='ocr_par' dir='ltr' id='par_1_110' title="bbox 1069 2339 1854 2376">
     <span class='ocr_line' id='line_1_110' title="bbox 1069 2339 1854 2376; baseline -0.004 -8"><span class='ocrx_word' id='word_1_824' title='bbox 1069 2341 1123 2368; x_wconf 86' lang='grc' dir='ltr'><strong>τῶν</strong></span> <span class='ocrx_word' id='word_1_825' title='bbox 1139 2341 1295 2375; x_wconf 81' lang='grc' dir='ltr'>μανοτάτων</span> <span class='ocrx_word' id='word_1_826' title='bbox 1312 2340 1400 2375; x_wconf 72' lang='grc' dir='ltr'>θλίψιν</span> <span class='ocrx_word' id='word_1_827' title='bbox 1414 2340 1429 2375; x_wconf 82' lang='grc' dir='ltr'>ἢ</span> <span class='ocrx_word' id='word_1_828' title='bbox 1447 2339 1593 2376; x_wconf 76' lang='grc' dir='ltr'>σύρῥηξιν;</span> <span class='ocrx_word' id='word_1_829' title='bbox 1613 2340 1656 2366; x_wconf 77' lang='grc' dir='ltr'><strong>ἵνα</strong></span> <span class='ocrx_word' id='word_1_830' title='bbox 1670 2341 1686 2375; x_wconf 85' lang='grc' dir='ltr'>ἠ</span> <span class='ocrx_word' id='word_1_831' title='bbox 1705 2340 1755 2375; x_wconf 84' lang='grc' dir='ltr'>μὲν</span> <span class='ocrx_word' id='word_1_832' title='bbox 1768 2339 1854 2374; x_wconf 78' lang='grc' dir='ltr'>θλίψις</span> 
     </span>
    </p>
   </div>
   <div class='ocr_carea' id='block_1_111' title="bbox 1070 2385 1855 2423">
    <p class='ocr_par' dir='ltr' id='par_1_111' title="bbox 1070 2385 1855 2423">
     <span class='ocr_line' id='line_1_111' title="bbox 1070 2385 1855 2423; baseline -0.003 -9"><span class='ocrx_word' id='word_1_833' title='bbox 1070 2389 1111 2414; x_wconf 81' lang='grc' dir='ltr'><strong>σοὶ</strong></span> <span class='ocrx_word' id='word_1_834' title='bbox 1128 2387 1177 2423; x_wconf 87' lang='grc' dir='ltr'><strong>τὴν</strong></span> <span class='ocrx_word' id='word_1_835' title='bbox 1192 2387 1346 2423; x_wconf 80' lang='grc' dir='ltr'>ἀστραπὴν,</span> <span class='ocrx_word' id='word_1_836' title='bbox 1362 2387 1379 2421; x_wconf 82' lang='grc' dir='ltr'>ἡ</span> <span class='ocrx_word' id='word_1_837' title='bbox 1399 2386 1427 2412; x_wconf 82' lang='grc' dir='ltr'><strong>δὲ</strong></span> <span class='ocrx_word' id='word_1_838' title='bbox 1442 2385 1519 2421; x_wconf 76' lang='grc' dir='ltr'>ῥῆξις</span> <span class='ocrx_word' id='word_1_839' title='bbox 1535 2385 1583 2422; x_wconf 83' lang='grc' dir='ltr'>τὴν</span> <span class='ocrx_word' id='word_1_840' title='bbox 1603 2385 1717 2421; x_wconf 80' lang='grc' dir='ltr'>βροντὴν</span> <span class='ocrx_word' id='word_1_841' title='bbox 1732 2386 1855 2421; x_wconf 66' lang='grc' dir='ltr'>ἀπεργὰμ-</span> 
     </span>
    </p>
   </div>
   <div class='ocr_carea' id='block_1_112' title="bbox 1070 2429 1854 2470">
    <p class='ocr_par' dir='ltr' id='par_1_112' title="bbox 1070 2429 1854 2470">
     <span class='ocr_line' id='line_1_112' title="bbox 1070 2429 1854 2470; baseline -0.003 -10"><span class='ocrx_word' id='word_1_842' title='bbox 1070 2443 1160 2470; x_wconf 87' lang='grc' dir='ltr'>σηται,</span> <span class='ocrx_word' id='word_1_843' title='bbox 1173 2434 1248 2460; x_wconf 83' lang='grc' dir='ltr'>ποῖον</span> <span class='ocrx_word' id='word_1_844' title='bbox 1273 2433 1301 2459; x_wconf 83' lang='grc' dir='ltr'><strong>δὲ</strong></span> <span class='ocrx_word' id='word_1_845' title='bbox 1323 2432 1432 2467; x_wconf 85' lang='grc' dir='ltr'>πνεῦμα</span> <span class='ocrx_word' id='word_1_846' title='bbox 1457 2431 1716 2467; x_wconf 85' lang='grc' dir='ltr'>στενοχωρούμενον,</span> <span class='ocrx_word' id='word_1_847' title='bbox 1732 2429 1795 2458; x_wconf 81' lang='grc' dir='ltr'>εἶτα</span> <span class='ocrx_word' id='word_1_848' title='bbox 1807 2432 1854 2458; x_wconf 72' lang='grc' dir='ltr'><strong>οὐκ</strong></span> 
     </span>
    </p>
   </div>
   <div class='ocr_carea' id='block_1_113' title="bbox 1067 2477 1853 2515">
    <p class='ocr_par' dir='ltr' id='par_1_113' title="bbox 1067 2477 1853 2515">
     <span class='ocr_line' id='line_1_113' title="bbox 1067 2477 1853 2515; baseline -0.005 -9"><span class='ocrx_word' id='word_1_849' title='bbox 1067 2480 1128 2515; x_wconf 76' lang='grc' dir='ltr'>ἔχον</span> <span class='ocrx_word' id='word_1_850' title='bbox 1138 2479 1262 2511; x_wconf 81' lang='grc' dir='ltr'>διέξοδον,</span> <span class='ocrx_word' id='word_1_851' title='bbox 1273 2479 1316 2506; x_wconf 79' lang='grc' dir='ltr'>ἵνα</span> <span class='ocrx_word' id='word_1_852' title='bbox 1330 2477 1455 2514; x_wconf 79' lang='grc' dir='ltr'><strong>ἀστράψῃ</strong></span> <span class='ocrx_word' id='word_1_853' title='bbox 1470 2477 1637 2513; x_wconf 78' lang='grc' dir='ltr'>θλιϐόμενον,</span> <span class='ocrx_word' id='word_1_854' title='bbox 1655 2477 1703 2504; x_wconf 74' lang='grc' dir='ltr'><strong>καὶ</strong></span> <span class='ocrx_word' id='word_1_855' title='bbox 1721 2477 1853 2513; x_wconf 73' lang='grc' dir='ltr'>βροντήσῃ</span> 
     </span>
    </p>
   </div>
   <div class='ocr_carea' id='block_1_114' title="bbox 1067 2523 1851 2562">
    <p class='ocr_par' dir='ltr' id='par_1_114' title="bbox 1067 2523 1851 2562">
     <span class='ocr_line' id='line_1_114' title="bbox 1067 2523 1851 2562; baseline -0.004 -10"><span class='ocrx_word' id='word_1_856' title='bbox 1067 2526 1252 2562; x_wconf 74' lang='grc' dir='ltr'>ρηγνὺμενον;</span> <span class='ocrx_word' id='word_1_857' title='bbox 1266 2533 1299 2552; x_wconf 89' lang='lat' dir='ltr'><strong>ex</strong></span> <span class='ocrx_word' id='word_1_858' title='bbox 1311 2524 1409 2559; x_wconf 89' lang='lat' dir='ltr'><strong>quibus</strong></span> <span class='ocrx_word' id='word_1_859' title='bbox 1421 2524 1510 2551; x_wconf 89' lang='lat' dir='ltr'><strong>locum</strong></span> <span class='ocrx_word' id='word_1_860' title='bbox 1519 2523 1653 2551; x_wconf 86' lang='lat' dir='ltr'><strong>Eustathii</strong></span> <span class='ocrx_word' id='word_1_861' title='bbox 1668 2524 1705 2550; x_wconf 85' lang='lat' dir='ltr'><strong>ita</strong></span> <span class='ocrx_word' id='word_1_862' title='bbox 1719 2525 1851 2552; x_wconf 86' lang='lat' dir='ltr'><strong>restituo:</strong></span> 
     </span>
    </p>
   </div>
   <div class='ocr_carea' id='block_1_115' title="bbox 1073 2569 1853 2607">
    <p class='ocr_par' dir='ltr' id='par_1_115' title="bbox 1073 2569 1853 2607">
     <span class='ocr_line' id='line_1_115' title="bbox 1073 2569 1853 2607; baseline -0.005 -8"><span class='ocrx_word' id='word_1_863' title='bbox 1073 2573 1107 2599; x_wconf 84' lang='grc' dir='ltr'><strong>Ἦ</strong></span> <span class='ocrx_word' id='word_1_864' title='bbox 1120 2572 1148 2598; x_wconf 82' lang='grc' dir='ltr'><strong>δὲ</strong></span> <span class='ocrx_word' id='word_1_865' title='bbox 1163 2571 1260 2607; x_wconf 83' lang='grc' dir='ltr'>βροντὴ</span> <span class='ocrx_word' id='word_1_866' title='bbox 1276 2572 1346 2598; x_wconf 80' lang='grc' dir='ltr'>κατὰ</span> <span class='ocrx_word' id='word_1_867' title='bbox 1360 2570 1454 2597; x_wconf 72' lang='grc' dir='ltr'>τοῦτον</span> <span class='ocrx_word' id='word_1_868' title='bbox 1467 2570 1513 2596; x_wconf 89' lang='grc' dir='ltr'>τδν</span> <span class='ocrx_word' id='word_1_869' title='bbox 1534 2569 1612 2603; x_wconf 85' lang='grc' dir='ltr'>λόγον</span> <span class='ocrx_word' id='word_1_870' title='bbox 1636 2570 1670 2604; x_wconf 81' lang='grc' dir='ltr'>τῇ</span> <span class='ocrx_word' id='word_1_871' title='bbox 1694 2570 1853 2606; x_wconf 67' lang='grc' dir='ltr'>στερρότητι</span> 
     </span>
    </p>
   </div>
   <div class='ocr_carea' id='block_1_116' title="bbox 1067 2616 1854 2653">
    <p class='ocr_par' dir='ltr' id='par_1_116' title="bbox 1067 2616 1854 2653">
     <span class='ocr_line' id='line_1_116' title="bbox 1067 2616 1854 2653; baseline -0.004 -7"><span class='ocrx_word' id='word_1_872' title='bbox 1067 2620 1115 2647; x_wconf 79' lang='grc' dir='ltr'><strong>καὶ</strong></span> <span class='ocrx_word' id='word_1_873' title='bbox 1130 2618 1177 2645; x_wconf 81' lang='grc' dir='ltr'><strong>τοῦ</strong></span> <span class='ocrx_word' id='word_1_874' title='bbox 1197 2618 1351 2653; x_wconf 82' lang='grc' dir='ltr'>πνεύματος</span> <span class='ocrx_word' id='word_1_875' title='bbox 1370 2617 1516 2652; x_wconf 71' lang='grc' dir='ltr'>ἀντιτυπία</span> <span class='ocrx_word' id='word_1_876' title='bbox 1535 2617 1648 2651; x_wconf 83' lang='grc' dir='ltr'>γίνεται.</span> <span class='ocrx_word' id='word_1_877' title='bbox 1662 2616 1789 2644; x_wconf 70' lang='lat' dir='ltr'><strong>Celebris</strong></span> <span class='ocrx_word' id='word_1_878' title='bbox 1805 2617 1854 2643; x_wconf 80' lang='lat' dir='ltr'><strong>fuit</strong></span> 
     </span>
    </p>
   </div>
   <div class='ocr_carea' id='block_1_117' title="bbox 1067 2662 1853 2699">
    <p class='ocr_par' dir='ltr' id='par_1_117' title="bbox 1067 2662 1853 2699">
     <span class='ocr_line' id='line_1_117' title="bbox 1067 2662 1853 2699; baseline -0.004 -7"><span class='ocrx_word' id='word_1_879' title='bbox 1067 2672 1164 2693; x_wconf 88' lang='lat' dir='ltr'><strong>eorum</strong></span> <span class='ocrx_word' id='word_1_880' title='bbox 1174 2664 1267 2699; x_wconf 88' lang='lat' dir='ltr'><strong>opinio</strong></span> <span class='ocrx_word' id='word_1_881' title='bbox 1280 2664 1327 2699; x_wconf 90' lang='lat' dir='ltr'><strong>qui</strong></span> <span class='ocrx_word' id='word_1_882' title='bbox 1340 2663 1543 2695; x_wconf 81' lang='lat' dir='ltr'><strong>existimarunt,</strong></span> <span class='ocrx_word' id='word_1_883' title='bbox 1558 2663 1663 2689; x_wconf 89' lang='lat' dir='ltr'><strong>tonitru</strong></span> <span class='ocrx_word' id='word_1_884' title='bbox 1675 2662 1737 2690; x_wconf 84' lang='lat' dir='ltr'><strong>ﬁeri</strong></span> <span class='ocrx_word' id='word_1_885' title='bbox 1751 2663 1853 2690; x_wconf 75' lang='lat' dir='ltr'><strong>exstin-</strong></span> 
     </span>
    </p>
   </div>
   <div class='ocr_carea' id='block_1_118' title="bbox 1066 2707 1852 2745">
    <p class='ocr_par' dir='ltr' id='par_1_118' title="bbox 1066 2707 1852 2745">
     <span class='ocr_line' id='line_1_118' title="bbox 1066 2707 1852 2745; baseline -0.004 -7"><span class='ocrx_word' id='word_1_886' title='bbox 1066 2711 1157 2738; x_wconf 91' lang='lat' dir='ltr'><strong>ctione</strong></span> <span class='ocrx_word' id='word_1_887' title='bbox 1181 2710 1253 2745; x_wconf 87' lang='lat' dir='ltr'><strong>ignis</strong></span> <span class='ocrx_word' id='word_1_888' title='bbox 1273 2709 1393 2737; x_wconf 87' lang='lat' dir='ltr'><strong>nubibus</strong></span> <span class='ocrx_word' id='word_1_889' title='bbox 1407 2709 1560 2743; x_wconf 87' lang='lat' dir='ltr'><strong>intercepti.</strong></span> <span class='ocrx_word' id='word_1_890' title='bbox 1576 2707 1609 2735; x_wconf 86' lang='lat' dir='ltr'><strong>Et</strong></span> <span class='ocrx_word' id='word_1_891' title='bbox 1622 2708 1852 2743; x_wconf 88' lang='lat' dir='ltr'><strong>quemadmodum</strong></span> 
     </span>
    </p>
   </div>
   <div class='ocr_carea' id='block_1_119' title="bbox 1066 2755 1852 2790">
    <p class='ocr_par' dir='ltr' id='par_1_119' title="bbox 1066 2755 1852 2790">
     <span class='ocr_line' id='line_1_119' title="bbox 1066 2755 1852 2790; baseline -0.005 -5"><span class='ocrx_word' id='word_1_892' title='bbox 1066 2758 1169 2785; x_wconf 88' lang='lat' dir='ltr'><strong>ferrum</strong></span> <span class='ocrx_word' id='word_1_893' title='bbox 1192 2757 1312 2784; x_wconf 84' lang='lat' dir='ltr'><strong>candens</strong></span> <span class='ocrx_word' id='word_1_894' title='bbox 1334 2757 1361 2783; x_wconf 93' lang='lat' dir='ltr'><strong>in</strong></span> <span class='ocrx_word' id='word_1_895' title='bbox 1383 2763 1481 2790; x_wconf 85' lang='lat' dir='ltr'><strong>aquam</strong></span> <span class='ocrx_word' id='word_1_896' title='bbox 1505 2756 1663 2782; x_wconf 89' lang='lat' dir='ltr'><strong>immersum</strong></span> <span class='ocrx_word' id='word_1_897' title='bbox 1685 2755 1798 2789; x_wconf 77' lang='lat' dir='ltr'><strong>stridet,</strong></span> <span class='ocrx_word' id='word_1_898' title='bbox 1817 2756 1852 2782; x_wconf 82' lang='lat' dir='ltr'><strong>ita</strong></span> 
     </span>
    </p>
   </div>
   <div class='ocr_carea' id='block_1_120' title="bbox 1065 2800 1850 2840">
    <p class='ocr_par' dir='ltr' id='par_1_120' title="bbox 1065 2800 1850 2840">
     <span class='ocr_line' id='line_1_120' title="bbox 1065 2800 1850 2840; baseline -0.004 -8"><span class='ocrx_word' id='word_1_899' title='bbox 1065 2805 1137 2840; x_wconf 86' lang='lat' dir='ltr'><strong>ignis</strong></span> <span class='ocrx_word' id='word_1_900' title='bbox 1147 2804 1203 2833; x_wconf 78' lang='lat' dir='ltr'><strong>ille.</strong></span> <span class='ocrx_word' id='word_1_901' title='bbox 1218 2803 1259 2831; x_wconf 87' lang='lat' dir='ltr'><strong>vel</strong></span> <span class='ocrx_word' id='word_1_902' title='bbox 1274 2803 1352 2830; x_wconf 86' lang='lat' dir='ltr'><strong>stella</strong></span> <span class='ocrx_word' id='word_1_903' title='bbox 1367 2802 1462 2837; x_wconf 86' lang='lat' dir='ltr'><strong>ignita,</strong></span> <span class='ocrx_word' id='word_1_904' title='bbox 1475 2805 1506 2828; x_wconf 92' lang='lat' dir='ltr'><strong>ut</strong></span> <span class='ocrx_word' id='word_1_905' title='bbox 1520 2801 1684 2836; x_wconf 85' lang='lat' dir='ltr'><strong>opinabatur</strong></span> <span class='ocrx_word' id='word_1_906' title='bbox 1704 2800 1850 2835; x_wconf 78' lang='lat' dir='ltr'><strong>Epicurus.</strong></span> 
     </span>
    </p>
   </div>
   <div class='ocr_carea' id='block_1_121' title="bbox 1067 2847 1851 2885">
    <p class='ocr_par' dir='ltr' id='par_1_121' title="bbox 1067 2847 1851 2885">
     <span class='ocr_line' id='line_1_121' title="bbox 1067 2847 1851 2885; baseline -0.009 -4"><span class='ocrx_word' id='word_1_907' title='bbox 1067 2852 1094 2881; x_wconf 87' lang='lat' dir='ltr'><strong>in</strong></span> <span class='ocrx_word' id='word_1_908' title='bbox 1110 2850 1208 2880; x_wconf 87' lang='lat' dir='ltr'><strong>nubem</strong></span> <span class='ocrx_word' id='word_1_909' title='bbox 1223 2850 1332 2885; x_wconf 76' lang='lat' dir='ltr'><strong>delapsa</strong></span> <span class='ocrx_word' id='word_1_910' title='bbox 1346 2848 1491 2876; x_wconf 80' lang='lat' dir='ltr'><strong>stridorem</strong></span> <span class='ocrx_word' id='word_1_911' title='bbox 1504 2847 1620 2880; x_wconf 71' lang='lat' dir='ltr'><strong>excitat,</strong></span> <span class='ocrx_word' id='word_1_912' title='bbox 1632 2848 1672 2875; x_wconf 85' lang='lat' dir='ltr'><strong>sic</strong></span> <span class='ocrx_word' id='word_1_913' title='bbox 1688 2847 1717 2874; x_wconf 89' lang='lat' dir='ltr'><strong>in</strong></span> <span class='ocrx_word' id='word_1_914' title='bbox 1734 2847 1851 2875; x_wconf 74' lang='lat' dir='ltr'><strong>nubibus</strong></span> 
     </span>
    </p>
   </div>
  </div>
