1903 3068
51 97 101 126 835

559 95 592 124 IN
612 95 798 124 EUSTATHII
818 95 1062 125 HEXAEMERON
1080 96 1197 126 Νοτιε.

1620 101 1672 129 834

52 153 208 186 contingere
228 152 393 181 fatebantur.
408 151 487 180 Hunc
503 153 650 181 stridorem
673 153 710 180 ita
728 152 822 181 dcscri

885 152 983 188 ἄμμον
993 153 1076 188 ὄριον
1087 153 1125 188 τῇ
1138 153 1296 188 valda-cm;
1309 155 1354 191 Τῷ
1365 155 1551 192 ἀσθενεστάτῳ
1563 156 1672 184 πάντων

51 201 101 236 psit
114 199 242 227 Ovidius.

83 254 238 282 Terribilem
254 254 367 282 stridore
381 262 473 282 sonum
484 254 566 286 dedit,
582 259 610 281 ut
622 255 687 283 dare
700 255 800 290 ferrum

82 290 143 325 Igne
160 290 259 317 rubens
271 291 420 324 plerumque
432 290 508 320 solet,
524 289 593 325 quod
608 289 706 325 forcipe
719 299 799 318 curva

103 333 146 352 Im
162 325 241 358 faber
252 325 343 351 eduxit
358 324 466 351 lacubus
480 324 603 356 demittit,
622 331 649 352 at
663 326 731 353 illud

83 359 191 390 Stridet.
209 365 236 387 et
254 360 282 386 in
300 359 387 393 tepida
401 361 564 386 submersum
583 361 673 387 sibilat
685 361 766 388 unda.

51 414 155 443 Necnon
170 421 197 442 et
212 413 370 447 Lucretius,

82 470 125 497 Fit
139 479 242 506 quoque
258 471 303 497 ubi
320 479 333 498 e
346 471 412 498 nube
424 471 452 498 in
470 470 562 498 nubem
575 473 613 499 vis
629 472 723 499 incidit
738 472 833 499 ardens

82 506 225 542 fulminis,
239 507 296 533 hanc
309 507 392 532 multo
406 507 429 532 si
444 506 512 540 forte
526 507 633 534 humore.
646 507 741 542 recepit

82 540 169 577 [gnem
183 542 311 568 continuo
322 549 415 577 magno
430 543 545 568 clamore
560 543 671 569 trucidet
685 551 694 570 :

106 581 114 602 t
129 577 226 603 calidis
242 578 356 603 candens
373 576 471 611 ferrum
487 585 500 603 e
516 577 667 610 fornacibus
681 578 746 604 olim

83 611 178 638 Stridet
189 612 236 637 ubi
250 612 276 638 in
286 612 400 646 gelidum
411 619 520 646 propere
529 612 701 639 demersimus
714 613 831 640 imbrem.

51 657 197 684 Aristotelis
212 660 240 684 et
260 657 377 684 aliorum
396 665 517 684 veterum
532 658 759 693 philosophorum
775 660 833 693 pla-

53 704 101 730 cita
113 703 146 730 de
159 703 342 738 generatione
358 704 470 731 tonitrui
487 704 545 739 lege
559 705 629 739 apud
645 705 832 737 Aristotelem,

52 749 93 776 lib.
109 757 127 776 ll
145 748 273 781 Meteon,
296 757 357 785 cap.
372 750 439 783 ult.;
464 750 595 777 Senecam
611 751 658 778 lib.
673 759 691 778 ιι
703 750 831 778 Natural.

52 800 147 830 quam,
166 803 230 831 cap.
256 796 307 829 17;
327 796 505 824 Plutarchum
531 797 578 824 lib.
603 805 633 824 ιιι
654 796 693 824 De
715 797 831 831 placitis,

52 848 105 876 cap.
125 841 159 874 ὃς
185 840 308 868 Plinium
339 842 386 870 lib.
406 850 435 873 ιι.
451 850 511 877 cap.
527 843 577 875 13,
604 847 631 870 et.
653 843 681 870 in
706 844 831 871 eumdem

52 891 187 915 comment.
211 887 308 915 Jacobi
336 888 448 916 Milichii
463 898 471 922 ;
488 889 643 916 Lucretium
663 890 709 917 lib.
728 898 769 922 v1;
786 890 833 916 Al-

52 933 150 970 bcrtum
175 933 306 969 Magnum
331 938 441 962 tractat.
454 935 481 968 5,
501 935 548 962 lib.
567 943 609 967 ιιι,
625 943 685 970 cap.
701 935 732 967 2;
748 934 832 963 Joan-

51 967 107 1007 noui
124 967 276 1012 Stobaeum,
297 980 325 1007 in
342 979 449 1015 Eclogis
465 980 593 1016 physicis,
615 967 677 1016 cap.
702 981 750 1014 15;
771 981 831 1008 Ori-

53 1031 138 1059 senem
151 1025 198 1052 lib.
214 1032 222 1051 ι
236 1024 347 1052 Elencln'
361 1025 452 1052 lueret.
466 1030 493 1053 et
511 1026 588 1053 alios.

82 1070 136 1097 Col.
151 1070 212 1102 712,
233 1071 282 1098 lin.
303 1071 347 1098 35.
363 1072 504 1105 Συνήχθη
518 1071 550 1098 τὸ
565 1071 651 1105 ὕδωρ.
675 1071 712 1099 De
726 1071 831 1107 origine

53 1116 128 1143 maris
143 1124 197 1144 non
210 1120 322 1144 constat
337 1117 408 1145 inter
424 1118 612 1153 philosophos.
626 1118 830 1145 Anaximander
843 1145 850 1154 _

52 1165 75 1188 ct
83 1161 210 1197 Diogenes
224 1171 336 1191 omnem
353 1164 453 1196 locum,
464 1164 510 1199 qui
524 1168 625 1192 terram
637 1164 732 1196 ambit,
746 1163 831 1192 fuisse

53 1208 195 1242 humidum,
211 1214 240 1237 et
258 1217 329 1245 aqua
344 1209 478 1244 repletum
494 1210 697 1242 existimarunt,
710 1214 766 1237 tum
783 1218 831 1238 so-

52 1253 81 1281 lis
101 1255 195 1282 ardore
218 1255 390 1283 exsiccatum
417 1255 561 1290 plurimam
589 1255 650 1290 ejus
676 1260 780 1290 partem
801 1255 829 1282 in

53 1307 169 1336 vaporem
193 1301 308 1333 abiisse,
331 1309 391 1329 eam
417 1309 482 1329 vero
501 1309 562 1336 qua:
584 1302 726 1334 remansit,
754 1309 830 1329 mare

52 1347 220 1375 constituere.
248 1348 425 1382 Anaxagoras
448 1350 475 1375 et
501 1347 673 1375 Metrodorus
698 1352 830 1382 putarunt

54 1399 120 1420 mare
133 1401 194 1421 esse
210 1397 292 1421 terra
308 1395 437 1422 sudorem
453 1394 520 1421 solis
534 1394 736 1426 incalescentis,
754 1394 829 1422 ideo-

51 1444 98 1472 que
111 1438 221 1470 salsum,
240 1439 305 1474 quia
327 1439 411 1466 sudor
427 1439 516 1467 salsus
533 1443 585 1466 est.
602 1439 639 1466 De
655 1439 698 1467 his
713 1440 826 1467 Aristot.

54 1483 96 1511 lib.
107 1490 125 1510 ιι
140 1483 264 1515 Meteon,
281 1491 342 1519 cap.
359 1484 370 1510 1
384 1492 392 1516 ς
406 1489 433 1511 et
448 1483 621 1516 Plutarchus,
635 1484 682 1511 lib.
698 1484 733 1511 De
742 1485 828 1519 placi-

54 1530 82 1556 tis
94 1530 249 1565 philosoph.,
269 1538 330 1565 cap.
351 1530 394 1562 16,
412 1534 439 1558 et
458 1531 503 1557 alii
520 1531 546 1557 in
563 1531 622 1565 ipso
636 1531 730 1558 mundi
747 1538 826 1558 εισι-ε

53 1574 101 1606 dio,
115 1583 174 1602 cum
197 1575 270 1604 Deus
290 1584 375 1611 aquas
391 1584 475 1603 unum
496 1577 525 1603 in
546 1577 635 1604 locum
652 1577 825 1609 secrevisset,

52 1619 113 1648 duos
129 1621 234 1655 globos,
253 1629 337 1648 unum
350 1629 437 1656 aqua},
453 1622 568 1648 alterum
581 1625 672 1654 terra,
688 1622 739 1649 etsi
754 1623 825 1650 inter

52 1672 79 1693 se
89 1666 216 1700 diversos,
230 1667 379 1694 continuos
392 1671 483 1694 tamen
501 1667 647 1695 mansisse.

83 1710 154 1745 lbid.,
169 1713 217 1741 lin.
236 1713 281 1741 38.
304 1713 366 1740 Ἵνα
381 1713 423 1748 μὴ
443 1713 477 1740 ἐκ
492 1712 553 1740 τῶν
567 1714 690 1748 χωρίων.
707 1714 824 1742 Basilius

53 1755 117 1786 hom.
132 1757 167 1786 ιε
184 1760 246 1786 Ίνα
261 1759 298 1794 μὴ
320 1759 350 1786 τὸ
370 1759 496 1794 ὲπιρῤέον
515 1758 587 1795 ὕδωρ
604 1759 658 1787 τῶν
672 1760 823 1795 δεχομένων

53 1803 109 1829 αὐτὸ
129 1805 234 1840 χωρίων
260 1805 469 1841 ὑπερχεόμενον,
499 1805 675 1840 μετεκὼῖνον
699 1805 754 1838 ἀεὶ,
776 1807 824 1833 καὶ

53 1848 110 1875 ἄλλα
123 1850 151 1884 ἐξ
164 1851 250 1879 ἄλλων
264 1851 394 1887 πληροῦν,
410 1852 500 1878 πᾶσαν
514 1851 584 1878 κατὰ
596 1852 627 1878 τὸ
640 1853 750 1888 συνεχὲς
763 1854 823 1879 ἐπι-

53 1893 126 1930 κλύσῃ
141 1897 189 1932 τὴν
209 1898 333 1933 ἦπειρον,
351 1897 496 1933 ἐκελεύσθη
520 1898 682 1934 συναχθῆναι
700 1899 738 1930 εὶς
759 1907 823 1926 συν-

53 1943 150 1978 αγωγὴν
165 1943 236 1979 μίαν.
252 1943 288 1970 Ex
299 1944 398 1979 quibus
413 1944 449 1970 ita
465 1944 553 1970 locum
569 1943 700 1972 Eustathii
716 1945 820 1980 supple,

54 1985 90 2012 ἵνα
103 1987 136 2023 μὴ
150 1989 180 2014 ὲκ
193 1988 248 2015 τῶν
264 1988 381 2024 χωρίων,
396 1988 460 2015 ἔνθα
476 1989 544 2020 ἐστὶ,
560 1989 759 2025 ὑπερχεόμενον
774 1991 821 2017 καὶ

53 2031 199 2061 ὑπεκδαῖνον
214 2036 288 2061 ὲπικ.
301 2035 350 2069 τὴν
362 2034 389 2070 ἧ.
402 2034 489 2069 Hujus
506 2038 596 2061 autem
611 2035 744 2062 rationem
759 2038 821 2071 qni-

53 2076 105 2104 dam
117 2086 173 2107 esse
184 2080 278 2107 volunt
290 2080 500 2115 propensionem
513 2079 629 2112 scilicet,
642 2088 723 2115 quam
739 2081 820 2109 habet

54 2128 111 2156 aqua
124 2128 152 2151 ut
166 2131 225 2152 sese
243 2124 271 2151 in
287 2123 431 2151 rotundam
455 2123 569 2159 ﬁguram
586 2124 742 2159 conglobet,
759 2133 819 2160 quae

885 199 918 234 τῇ
934 198 1040 234 ψάμμῳ
1055 199 1072 235 ή
1085 198 1233 234 ταῖςβίαις
1247 199 1382 236 ἀφόρητος
1397 202 1560 237 χαλινοῦται.
1578 203 1672 231 Admi-

886 244 1000 271 randam
1020 244 1067 272 Dei
1083 245 1245 280 potentiam,
1264 250 1292 273 et
1310 245 1337 273 in
1349 254 1434 281 genus
1448 247 1598 275 humanum
1617 249 1672 276 cle-

885 289 1026 320 mentiam,
1038 289 1102 316 dum
1114 289 1270 317 furentibus
1282 290 1363 318 undis
1371 292 1505 319 terminos
1516 293 1670 325 constituit,

885 333 1059 369 impetusque
1072 334 1204 362 ﬂuctuum
1217 335 1338 367 cohibet,
1351 339 1379 363 et
1390 343 1474 364 arena
1490 338 1570 372 quasi
1584 339 1672 366 inter-

885 381 962 408 stitio
975 382 1093 416 quodam
1109 388 1184 408 mare
1199 381 1372 408 discriminat
1386 389 1401 408 a
1414 383 1577 415 continenti,
1591 389 1617 411 ct
1628 393 1672 420 pe-

884 427 1002 454 riculum
1018 431 1104 460 arcet,
1121 427 1222 455 summi
1240 427 1294 455 viri
1308 436 1414 456 summa
1431 429 1585 464 eloquentia
1603 439 1673 465 pra-

884 472 977 500 dicare
991 474 1082 500 conati
1098 479 1181 508 sunt;
1199 481 1293 506 unam,
1310 474 1353 501 vel
1368 475 1480 502 alteram
1497 483 1592 503 eorum
1609 485 1673 504 sen-

884 519 1009 553 tentiam,
1025 520 1090 554 quia
1106 521 1310 556 elegantissima
1330 526 1381 554 est,
1404 529 1461 548 non
1474 523 1608 556 gravabor
1622 523 1672 550 de-

884 564 1015 592 scribere.
1028 564 1248 602 Theophylactus
1261 565 1426 599 Simocatus,
1437 567 1517 602 epist.
1529 567 1562 595 δι
1574 568 1673 604 Ὅρους

883 611 897 636 ό
915 610 1078 646 δημιουργὸς
1102 612 1149 638 καὶ
1167 611 1206 647 τῷ
1229 606 1364 648 θαλαττίῳ
1388 612 1529 646 διετάξατο
1545 613 1671 647 κλύδωνι,
1691 612 1696 621 ⁸

883 655 930 681 καὶ
943 657 999 687 τοῖς
1012 655 1145 690 αἰγιαλοῖς
1159 657 1188 683 τὸ
1205 657 1332 691 πελάγιον
1357 657 1534 693 κεχαλίνωται
1554 659 1672 695 ῥεῖθρον.

883 700 938 726 Καὶ
952 700 1064 736 ψάμμος
1081 710 1124 733 τις
1143 701 1189 728 ἐπὶ
1211 703 1298 738 μικρᾷ
1316 703 1422 739 ἠπείρῳ
1443 703 1562 740 θαλάττῃ
1581 704 1673 739 μεταί-

883 754 976 781 χμιον.
1000 747 1036 773 Οὐ
1059 747 1112 783 γὰρ
1133 747 1237 774 ἀδικεῖν
1254 749 1270 783 ἡ
1290 748 1408 775 θάλαττα
1427 748 1478 784 τὴν
1497 750 1604 783 γείτονα
1620 751 1672 786 γῆν

884 790 1100 827 συγκεχώρηται·
1118 793 1294 828 παλινδρομεῖ
1306 793 1334 820 δὲ
1346 793 1416 828 πρὸς
1427 794 1505 820 ἑαυτὸ
1521 795 1551 821 τὸ
1566 795 1672 831 ῥεῖθρον

849 826 870 853 Β
885 826 1047 872 μαινόμενον
1059 837 1179 873 μεγάλην
1190 826 1339 873 ἀπειλῆσαν
1351 826 1384 874 τῇ
1398 839 1488 875 χέρσῳ
1497 840 1546 876 τὴν
1561 826 1669 875 ἔφοδονς

882 883 1004 910 Andreas
1016 883 1155 911 Cretensis
1165 885 1289 911 oratione
1302 893 1308 910 :
1321 884 1368 916 Et;
1379 886 1425 912 τὸν
1436 886 1605 922 ἀνθρώπινον
1613 887 1671 922 βίον

881 929 929 955 καὶ
941 930 979 960 είς
992 930 1054 961 τοὺς
1068 929 1258 965 κοιμηθέντας.
1275 931 1321 962 Τίς
1334 931 1348 957 ό
1359 931 1444 962 τιθεὶς
1459 932 1581 968 θαλάσσῃ
1595 933 1670 968 ψάμ-

883 983 932 1010 μον
948 975 1037 1010 δριον;
1054 971 1131 1011 Φόϐῳ
1150 976 1178 1003 δὲ
1198 973 1269 1008 τίνος
1288 977 1465 1013 χαλινουμένη
1485 978 1668 1012 συστέλλεται,

881 1021 929 1047 καὶ
947 1021 1107 1057 ἡμεροῦται,
1123 1022 1170 1049 καὶ
1192 1022 1246 1050 τῶν
1269 1022 1341 1049 ίδίων
1366 1024 1436 1058 ὅρων
1450 1023 1524 1055 ἐντὸς
1541 1024 1669 1051 καθελκο-

883 1067 949 1102 μένη
972 1062 1122 1103 συνέχεται,
1141 1067 1188 1094 καὶ
1212 1067 1297 1104 ὑγρὰς
1322 1068 1352 1094 οὐ
1379 1068 1545 1104 παρατρέχει
1572 1068 1667 1104 θύρας,

881 1111 939 1138 ἀλλ’
950 1112 987 1145 ὡς
1003 1112 1136 1149 φορὸαιὰν
1149 1113 1220 1140 κατὰ
1233 1114 1318 1149 στόμα
1327 1114 1358 1140 τὸ
1370 1113 1534 1150 πρόσταγμα
1546 1115 1668 1150 φέρουσα

880 1158 930 1193 τῆς
944 1158 993 1194 μὲν
1008 1160 1127 1193 γείτονος
1142 1159 1366 1192 κατεξανίσταται
1381 1160 1443 1195 γῆς,
1463 1161 1503 1192 εἰς
1525 1161 1623 1196 ἑαυτὴν
1638 1161 1667 1188 δὲ

880 1203 1077 1236 ἅναποδίζουσα
1091 1204 1193 1236 ὐπτίως
1207 1204 1252 1231 τὸν
1268 1205 1318 1240 μὲν
1333 1205 1418 1240 ἀτμὸν
1433 1205 1582 1242 ὲξαφρίζει,
1598 1207 1667 1242 πρὸς

879 1249 907 1276 δὲ
920 1249 955 1276 τὰ
969 1245 1044 1286 χείλη
1060 1250 1098 1285 τῷ
1116 1250 1189 1286 σάλῳ
1204 1251 1387 1286 συμφύρεται,
1403 1252 1449 1279 καὶ
1464 1251 1532 1288 πρὸς
1546 1253 1666 1280 τούπίσω

879 1298 963 1332 χωρεῖ
990 1295 1020 1322 τὸ
1046 1296 1167 1323 δουλικὸν
1197 1297 1390 1333 ὑπογράφουσα
1414 1299 1516 1334 σχῆμα.
1538 1299 1665 1327 Omnium

878 1342 1081 1376 elegantissime
1098 1341 1252 1369 Methodius
1271 1342 1428 1371 Patarensis
1442 1345 1599 1379 episcopus,
1615 1345 1664 1372 lib.

878 1386 918 1413 De
929 1386 1011 1413 libero
1026 1386 1150 1418 arbitrio,
1166 1387 1211 1413 ubi
1225 1386 1398 1414 Valentinum
1417 1389 1453 1415 ita
1470 1389 1534 1416 facit
1552 1389 1666 1425 loquen-

877 1435 950 1459 tem:
967 1432 1038 1464 Χθὲς
1052 1432 1082 1458 τὸ
1095 1431 1207 1458 δειλινὸν
1223 1434 1390 1468 περιπατῶν,
1406 1431 1428 1460 ὦ
1445 1434 1514 1469 φίλε,
1532 1435 1606 1471 παρὰ
1619 1435 1666 1462 τὸν

877 1478 926 1513 τῆς
944 1478 1081 1514 Θαλάσσης
1094 1478 1225 1512 αἰγιαλὸν,
1240 1480 1285 1505 καὶ
1303 1478 1385 1512 ὀξέως
1405 1479 1462 1512 πῶς
1481 1480 1610 1513 ἀτενίζων
1624 1482 1665 1513 είς

877 1525 973 1560 αὐτὴν,
993 1524 1086 1559 ἐώρων
1102 1524 1253 1561 ὑπερῦολήν
1273 1534 1333 1552 τινα
1356 1525 1432 1558 θείας
1451 1526 1601 1562 δυνάμεως,
1617 1528 1664 1555 καὶ

877 1571 962 1606 σοφῆς
976 1571 1131 1606 ἐπιστήμης
1144 1571 1253 1607 τέχνην,
1271 1572 1298 1598 εί
1306 1580 1337 1606 γε
1351 1573 1397 1598 καὶ
1410 1572 1507 1608 τέχνην
1519 1573 1549 1600 τὸ
1558 1574 1663 1600 τοιοῦτο

875 1615 968 1643 καλεῖν
979 1617 1043 1652 χρή.
1059 1617 1164 1651 ’Ὠσπερ
1178 1616 1232 1652 γὰρ
1246 1617 1260 1643 ό
1281 1615 1428 1653 Ὁμηρικὸς
1441 1617 1532 1653 στίχος
1547 1618 1662 1654 φθέγγε-

874 1671 919 1689 ται
935 1663 1044 1694 ἐκεῖνος·

897 1732 944 1765 Ὡς
959 1732 984 1758 δ’
998 1731 1100 1767 ἄνεμοι
1111 1732 1164 1759 δύο
1175 1733 1286 1759 πόντον
1301 1731 1435 1765 ὀρίνετον
1450 1733 1608 1766 ίχθυόεντα

891 1768 1012 1801 Βορέης,
1029 1769 1078 1794 καὶ
1094 1767 1235 1802 Ζέφυρος,
1247 1767 1318 1794 τώτε
1333 1767 1485 1802 Θρῄκηθεν
1497 1768 1591 1801 ἄητον

897 1803 1025 1829 Ἐλθόντ’
1037 1801 1192 1836 ἐξαπίνης,
1207 1802 1314 1837 ἄμυδις
1326 1801 1360 1828 δέ
1375 1811 1406 1828 τε
1418 1802 1497 1837 κῦμα
1509 1804 1651 1831 κελαινὸν

890 1839 1059 1871 Κορθύεται,
1077 1839 1193 1864 πολλὸν
1208 1837 1242 1863 δὲ
1252 1837 1346 1871 παρὲξ
1359 1837 1418 1864 ἅλα
1431 1838 1526 1872 φῦκος
1536 1839 1656 1872 ἔχευαν·

872 1895 942 1922 οὕτω
959 1905 1005 1931 μοι
1026 1895 1073 1922 καὶ
1096 1896 1159 1931 χ’]ὲς
1175 1896 1314 1930 γεγονέναι
1339 1895 1422 1923 δοκεῖ.
1436 1896 1576 1932 Κορυφαῖς
1602 1897 1657 1933 γὰρ

871 1941 956 1976 ὀρέων
971 1941 1163 1976 παραπλήσιον
1184 1940 1277 1977 ἐώρων
1300 1940 1421 1976 κύματα,
1446 1940 1504 1972 καὶ,
1527 1941 1564 1973 ὼς
1579 1941 1657 1975 λόγον

871 1987 967 2018 εἰπεῖν,
983 1986 1065 2012 αὑτοῦ
1083 1986 1265 2021 ἐφικνούμενα
1277 1985 1323 2012 τοῦ
1338 1985 1462 2022 οὐρανοῦ.
1481 1986 1517 2012 Τὸ
1529 1987 1550 2013 δ’
1566 1986 1657 2013 ὲντεῦ-

871 2032 916 2058 θεν
937 2032 1013 2058 οὐδὲν
1035 2032 1126 2067 ἕτερον
1144 2031 1317 2067 προσεδόκων
1332 2031 1348 2067 ἦ
1366 2031 1474 2058 ἃπασαν
1490 2032 1656 2068 ὲπικλυσθή-

871 2077 964 2105 σεσθαι
978 2078 1027 2113 τὴν
1041 2077 1102 2112 γῆν·
1117 2077 1163 2104 καί
1183 2085 1226 2112 μοι
1249 2078 1338 2112 φυγῆς
1357 2078 1385 2103 ὲν
1399 2077 1438 2112 τῷ
1452 2076 1492 2104 νοῒ
1505 2078 1596 2110 τόπον,
1610 2079 1657 2106 καὶ

868 2122 917 2158 τὴν
938 2122 985 2149 τοῦ
1011 2122 1073 2148 Νῶε
1096 2121 1260 2149 ἀνέπλαττον
1282 2122 1406 2149 κιϐωτόν.
1433 2122 1470 2149 Τὸ
1492 2122 1514 2149 δ’
1531 2123 1580 2149 οὑκ
1596 2121 1656 2159 ἤνδ

53 2166 81 2193 ad
93 2167 146 2202 ejus
159 2170 286 2205 impetum
309 2169 490 2196 cohibendum
509 2170 577 2198 satis
590 2178 650 2198 esse
666 2171 718 2198 sibi
735 2177 817 2199 autu-

876 2167 1003 2203 ἐνόμιζον,
1018 2167 1084 2194 ἀλλὰ
1098 2167 1152 2203 γὰρ
1173 2167 1230 2203 ἅμα
1251 2168 1421 2204 κυρτωθῆναι
1436 2167 1484 2204 τὴν
1505 2168 1652 2202 Θάλασσαν,

53 2218 117 2240 mam.
127 2217 246 2252 exemplo
258 2220 393 2251 guttarum
409 2223 469 2250 quae
483 2223 497 2242 e
508 2216 606 2251 tegulis
619 2217 747 2252 pendent,
766 2225 816 2245 nec

53 2257 135 2288 ﬂuunt.
146 2261 197 2290 Alii
209 2262 309 2290 divinae
320 2262 447 2297 potentia:
463 2265 490 2289 et
502 2262 616 2290 bonitati
633 2262 660 2290 id
671 2267 815 2298 acceptum

51 2304 167 2341 referunt,
177 2316 237 2343 quae
257 2308 382 2335 humana
393 2308 490 2335 salutis
502 2312 529 2336 et
542 2309 604 2336 vitae
619 2310 706 2344 gratia
721 2309 816 2338 furens

53 2356 79 2376 ac
92 2351 226 2382 imminens
237 2361 322 2386 mare,
333 2354 416 2381 veluti
428 2354 547 2389 quodam
559 2354 637 2382 freno
650 2357 814 2390 compescit,

52 2400 74 2422 ει
86 2397 133 2430 iam
144 2401 260 2434 proclive
274 2400 428 2432 contundit,
448 2400 529 2435 idque
541 2400 642 2428 habent
655 2405 682 2428 et
698 2409 729 2429 ex
747 2402 814 2430 locis

53 2438 156 2478 Patrum,
175 2454 243 2482 quos
266 2446 337 2473 infra
359 2446 536 2480 adducemus,
556 2450 584 2474 et
605 2454 638 2474 ex
653 2447 714 2474 aliis
729 2455 814 2475 sacrm

54 2485 181 2523 Scriptura
195 2492 367 2524 testimoniis,
383 2499 444 2526 quae
462 2491 564 2526 passim
579 2492 690 2520 cuilibet
712 2501 812 2521 occur-

54 2539 115 2562 runt.

81 2578 149 2613 Ibid.,
167 2583 214 2611 lin.
236 2583 282 2611 ιο.
302 2583 355 2611 Διὰ
368 2583 456 2611 τοῦτο
471 2583 636 2618 μαινομένη
652 2584 811 2618 πολλάκις.

54 2621 151 2656 Basilius
168 2629 239 2658 hom.
259 2630 354 2657 ιτΔιά
373 2628 453 2655 τοῦτο
474 2629 620 2666 μαινομένη
636 2630 766 2663 πολλάκις
781 2631 812 2663 ἐξ

52 2669 142 2706 ἀνέμων
159 2675 174 2710 ἡ
193 2676 312 2703 θάλασσα
328 2676 375 2702 καὶ
390 2677 430 2707 εἰς
450 2675 516 2710 ὕψος
532 2676 658 2710 μέγιστον
674 2676 810 2704 διανιστα-

55 2716 109 2753 μένη
117 2722 166 2753 τοῖς
178 2722 305 2757 κύμασιν.
320 2721 429 2748 ἐπειδὰν
445 2722 525 2756 μόνον
536 2721 589 2748 τῶν
599 2722 730 2756 αἰγιαλῶν
742 2722 812 2759 ἅψη-

53 2768 97 2792 ται.
110 2765 144 2797 είς
156 2767 238 2803 ἀφρὸν
253 2767 402 2793 διαλύσασα
417 2766 466 2799 τὴν
480 2766 578 2801 ὁρμὴν,
599 2767 759 2802 ἐπανῆλθεν.
778 2769 812 2795 Ἠ

870 2213 951 2240 πάλιν
967 2213 1091 2240 ἀνελύετο
1104 2215 1142 2244 είς
1154 2213 1263 2249 ἑαυτὴν,
1278 2214 1328 2248 οὑχ
1343 2214 1541 2249 ὑπερϐαίνουσα
1553 2214 1598 2241 τὸν
1612 2215 1652 2241 ol-

869 2260 940 2286 ιιεῖον
955 2260 1047 2291 τόπον,
1063 2259 1101 2290 ὡς
1116 2259 1179 2290 ἔπος
1194 2260 1289 2291 εἰπεῖν,
1308 2259 1376 2285 θεῖόν
1389 2268 1415 2286 τι
1427 2260 1590 2296 πρόσταγμα
1604 2269 1652 2287 πε-

867 2305 1018 2341 φοϐημένη.
1043 2306 1096 2332 Καὶ
1117 2305 1240 2342 καθάπερ
1259 2305 1388 2336 πολλάκις
1403 2305 1456 2332 τῶν
1470 2306 1581 2333 οἰκετῶν
1596 2315 1649 2338 τις.

866 2351 940 2378 ἄκων
951 2360 976 2377 τι
992 2351 1061 2388 πρὸς
1075 2351 1121 2378 τοῦ
1134 2350 1263 2378 δεσπότου
1281 2352 1408 2388 πράττειν
1419 2351 1648 2387 ἀναγκαζόμενος,

865 2398 904 2434 τῷ
920 2398 969 2434 μὲν
983 2398 1172 2434 προστάγματι
1183 2399 1226 2425 διὰ
1237 2397 1282 2425 τὸν
1294 2399 1374 2433 φόϐον
1389 2398 1519 2432 πείθεται,
1535 2399 1549 2425 ὃ
1559 2399 1587 2425 δὲ
1598 2399 1650 2426 πά-

865 2453 924 2480 σχει
938 2445 1068 2482 πράττειν
1082 2445 1118 2480 μὴ
1132 2445 1214 2471 θέλων
1228 2445 1318 2479 λέγειν
1333 2454 1358 2471 τι
1373 2446 1403 2471 οὐ
1414 2445 1510 2481 τολμᾷ,
1523 2445 1649 2481 τονθορύ-

865 2490 905 2522 Cet
921 2491 949 2517 δὲ
963 2492 992 2517 ὲν
1008 2491 1097 2526 ἑαυτῴ
1111 2491 1197 2526 θυμοῦ
1213 2499 1285 2523 τινος
1301 2491 1496 2527 πληρούμενος·
1515 2492 1584 2518 οὓτω
1602 2492 1648 2528 μοί

863 2545 922 2567 πως
931 2536 1065 2570 ἐφαίνετο,
1076 2529 1122 2563 καὶ
1130 2536 1178 2572 τὴν
1187 2536 1323 2563 θάλασσαν
1333 2538 1453 2573 ὡσπερεὶ
1463 2538 1549 2574 θυμου
1554 2539 1645 2573 μένην.

863 2582 911 2609 καὶ
933 2582 962 2609 ὲν
983 2583 1066 2617 ἑαυτῇ
1083 2583 1252 2618 φράττουσαν
1270 2582 1318 2617 τὴν
1339 2582 1422 2618 ὀργὴν
1445 2583 1597 2618 κρατοῦσάν
1617 2591 1646 2610 τε

862 2627 971 2662 ἑαυτῆς,
991 2627 1023 2653 οὐ
1041 2626 1189 2662 βουλομένη
1210 2627 1248 2662 τῷ
1269 2627 1384 2662 δεσπότῃ
1402 2628 1515 2662 φανερὸν
1536 2629 1645 2664 ποιῆσαι

861 2673 907 2700 τὸν
927 2673 1020 2709 θυμόν.
1037 2673 1102 2706 Quae
1114 2681 1164 2708 ego
1178 2673 1218 2700 sic
1234 2673 1369 2699 vertebam
1382 2682 1387 2688 -
1403 2672 1468 2700 Heri
1481 2674 1543 2700 dum
1558 2675 1599 2701 sol
1610 2674 1644 2702 ad

861 2727 985 2746 occasum
998 2723 1121 2754 vergeret,
1136 2727 1195 2746 cum
1211 2718 1417 2749 deambularem,
1433 2727 1448 2745 ο
1460 2719 1551 2751 amice,
1565 2729 1644 2754 prope

861 2765 943 2792 maris
959 2765 1044 2798 littus,
1059 2770 1084 2792 et
1099 2766 1232 2793 oculorum
1251 2765 1333 2791 aciem
1349 2766 1373 2791 in
1389 2764 1456 2792 illud
1471 2770 1567 2792 attente
1583 2775 1643 2792 con-

55 2804 136 2839 ἐΙιδοι)
153 2812 363 2846 poenariae-Iros,
383 2811 456 2847 λέγει
476 2812 589 2844 Κύριος,
615 2812 668 2840 τὸν
691 2813 808 2843 τιθέντα

876 2812 975 2839 iterem.
998 2811 1092 2840 dicitur
1127 2811 1229 2838 virtutis
1257 2809 1399 2844 quamdam
1429 2811 1642 2844 exsuperantiam
