1903 3068
260 133 314 161 8'55

258 194 364 226 aspectu
385 188 556 225 percipiebam
580 197 589 216 .'

257 237 373 264 scientirc
395 241 489 268 artem,
512 238 536 264 si
550 245 593 263 an
610 236 664 263 ltwc
681 236 796 263 vocanda
816 241 864 262 est.
888 235 990 262 Etenim
1012 240 1041 262 ut

260 281 407 309 Homericis
422 282 478 309 illis
491 282 607 309 uersibus
617 282 727 308 relatum
740 286 777 308 est
788 289 796 307 :

292 347 367 376 Sicut
382 354 469 376 autem
483 350 550 376 uenti
559 349 611 376 duo
623 354 730 382 pontum
740 352 898 377 commovent
909 348 1040 382 piscatum

291 384 391 419 Boreas
405 389 430 412 el
444 383 589 419 Zephyrus,
604 385 649 419 qui
663 393 676 411 e
694 385 806 411 Thracia
823 385 926 418 spirant

291 418 403 446 Ruentes
419 418 534 454 repente,
551 418 631 446 simul
646 428 704 446 vero
719 425 744 446 et
758 419 828 446 unda
843 419 918 453 nigra

291 454 440 486 Attallitur,
450 455 610 488 multamque
625 460 701 481 extra
716 462 787 481 mare
804 454 890 489 algam
904 453 1037 487 fundunt:

254 510 295 536 ita
320 510 384 536 mihi
399 510 455 537 heri
470 511 610 545 contigisse
627 511 728 537 videtur
742 509 954 537 :summitatibus
969 509 1039 536 enim

257 556 383 583 montium
395 556 493 584 similes
508 556 666 591 aspiciebam
682 555 777 587 undas,
791 564 850 591 qua:
861 556 884 582 si
899 555 984 582 dicere
996 555 1039 590 fas

255 606 305 633 est,
321 603 406 637 ipsum
424 603 515 630 caelum
533 605 689 638 tangebam;
708 603 776 629 unde
792 603 851 629 hinc
872 606 973 628 tantum
991 601 1039 629 hoc

255 649 449 683 exspectabam,
466 650 613 676 uniuersam
628 650 726 676 scilicet
748 655 844 676 terram
864 649 1040 684 submergen—

255 695 317 721 dam
327 703 336 725 ς
348 701 372 721 et
383 695 446 722 nti/ti
459 696 543 721 locum
557 696 582 722 in
597 704 646 730 quo
660 704 699 722 me
711 696 774 730 fuga
787 696 936 729 reciperem,
951 696 1038 722 animo

255 741 395 776 ﬁngebam,
411 746 436 767 et
455 741 572 768 Nocticw
587 749 656 768 arca:
677 742 810 775 exeruplar
828 742 1036 769 considerabam.

260 786 355 814 Verum
370 788 528 821 exspectatio
544 796 600 813 mea
616 787 747 821 frustrata
758 793 808 814 est.
824 787 911 814 Simul
924 787 992 814 enim
1008 795 1038 813 ac

256 841 327 859 mare
340 833 473 864 intumuit,
491 833 587 861 iterum
599 833 653 860 vice
666 841 740 860 uersa
760 834 875 868 fractum
890 841 962 859 mare
976 833 1040 860 dis-

927 132 1052 161 LEONIS
1070 133 1206 160 ALLATII

610 194 635 216 et
664 190 813 217 excellentis
840 197 871 216 ac
899 190 1043 224 singularis
1058 192 1079 220 Α
1094 190 1149 217 dno
1160 189 1231 224 globi
1246 188 1428 221 efﬁcerentur,
1446 189 1492 217 sed
1503 189 1541 216 ita
1553 188 1664 216 fuerunt
1677 186 1774 215 omnia
1787 186 1872 221 dispo—

1829 131 1874 159 836

1094 236 1156 268 sita,
1173 241 1201 262 ut
1215 244 1248 263 ex
1267 236 1311 264 bis
1331 236 1438 263 duobus
1457 236 1600 271 separatis,
1620 233 1760 269 contiguis
1775 237 1872 265 tamen,

1093 290 1177 309 unum
1191 282 1343 310 elliceretur
1357 283 1516 315 rotundum,
1537 286 1564 309 et
1582 282 1678 317 globus
1698 287 1774 308 unus
1789 281 1874 316 perie-

1093 327 1243 360 ctissimus,
1262 335 1317 355 non
1335 327 1499 363 geometrica
1514 327 1691 354 rotunditate.
1708 325 1791 359 Quod
1805 326 1873 352 enim

1093 373 1120 400 in
1146 373 1224 408 aquis
1249 373 1414 404 abundabat,
1439 373 1467 400 in
1489 372 1611 399 cavernis
1632 375 1711 399 terrae
1734 371 1873 399 occlusum

1092 422 1143 449 est,
1159 423 1186 446 et
1202 419 1228 446 in
1246 419 1468 454 profundissimis
1489 419 1604 446 vallibus
1626 421 1781 452 receptum,
1804 418 1872 452 quod

1093 463 1120 490 in
1136 464 1217 491 terris
1241 471 1323 498 super
1349 471 1434 498 aquas
1457 463 1579 495 emersit,
1605 463 1632 490 in
1658 462 1872 498 impendentium

1091 509 1226 536 montium
1250 509 1409 536 altitudines
1437 513 1591 544 porrectum
1622 508 1759 541 surrexit;
1783 511 1812 535 et
1836 507 1872 535 sic

1091 554 1232 588 aequaliter
1241 555 1360 589 undique
1370 560 1440 581 terra
1458 558 1485 582 ct
1495 562 1571 590 aquae
1582 554 1767 585 sustinentur,
1776 557 1802 580 et
1817 561 1873 580 sus-

1092 601 1190 632 tinent,
1214 608 1303 635 neque
1329 601 1498 628 exceduntur
1520 608 1609 635 neque
1630 600 1778 627 escedunt.
1804 598 1872 626 Fieri

1091 650 1182 673 tamen
1206 650 1306 681 potest,
1329 650 1359 673 ut
1384 647 1614 681 quemadmodum
1638 653 1693 673 una
1713 654 1780 681 pars
1797 650 1873 674 terra:

1092 692 1144 718 alia
1156 692 1320 720 eminentior
1335 696 1389 725 est,
1400 693 1452 719 alia
1468 693 1520 719 alia
1533 692 1699 727 depressior,
1714 700 1767 719 nec
1785 698 1872 719 tamen

1092 742 1191 765 terram
1202 745 1264 765 esse
1277 739 1422 766 rotundam
1435 738 1605 773 negabimus,
1622 738 1663 765 sic
1677 742 1705 765 et
1722 745 1777 765 uua
1789 737 1870 772 regio.

1091 787 1117 811 et
1134 785 1209 812 locus
1229 785 1265 812 sit
1281 785 1341 820 ipso
1364 792 1439 812 mare
1463 784 1607 816 humilior,
1633 784 1671 810 ita
1692 787 1723 811 ut
1742 784 1766 810 si
1785 783 1871 810 aditus

1091 835 1195 866 pateret
1213 832 1293 867 aquis
1310 831 1542 866 submergeretur,
1559 831 1645 858 altera
1668 830 1751 857 altior
1766 833 1794 856 ct
1808 830 1871 856 emi-

254 877 413 909 solvebatur,
431 877 502 904 ultra
517 878 652 913 proprium
670 880 755 905 locum
768 885 819 906 non
834 880 985 910 concedens,
999 879 1041 906 di-
1053 872 1076 901 Β
1090 877 1215 911 utentior;
1243 877 1472 912 quemadmodum
1500 876 1661 904 Aristoteles
1693 876 1727 903 de
1763 875 1871 910 regione

255 923 313 950 cina
336 923 460 958 quodam,
486 929 514 950 ut
537 925 690 951 summatim
705 925 803 957 dicam,
817 925 896 960 jussu
912 925 1039 960 perterri-

253 973 319 997 tum.
345 969 379 996 Et
393 970 613 1005 quemadmodum
632 971 728 1004 sa‘pius
746 976 834 998 servus
855 971 997 1006 quispiam,
1015 971 1039 998 si

256 1016 353 1043 invitus
371 1025 387 1042 a
406 1016 513 1043 domino
526 1016 561 1043 ad
575 1025 639 1051 opus
655 1017 838 1051 compellatur,
851 1018 959 1052 imperia
973 1018 1040 1052 qui—

253 1061 311 1089 dem
322 1063 414 1089 timore
425 1063 519 1089 ductus
538 1063 623 1096 audit,
643 1069 670 1090 at
687 1064 755 1099 quod
771 1064 851 1095 subit,
870 1072 929 1090 cum
947 1064 1037 1091 nolens

254 1112 326 1142 ngat,
344 1107 433 1142 palam
448 1108 526 1143 effari
542 1116 592 1134 non
611 1117 692 1135 ausus
708 1108 755 1148 sub
772 1109 863 1144 lingua
876 1109 1040 1135 immurmu-

253 1157 307 1185 rat,
329 1153 468 1180 iracundia
490 1153 640 1180 exardens:
663 1155 700 1181 sic
721 1154 784 1180 mihi
803 1154 994 1188 quodammodo
1013 1158 1038 1182 et

254 1207 326 1226 mare
341 1198 494 1230 uidebatur;
511 1200 561 1226 etsi
575 1200 644 1226 enim
667 1200 708 1226 ira
729 1199 894 1234 eﬂ‘erbuerat,
913 1201 940 1226 in
958 1204 1038 1227 semet

253 1245 322 1272 iram
354 1245 504 1272 continebat
525 1245 575 1272 sibi
602 1245 689 1280 frenos
711 1246 842 1278 inficiens,
871 1250 896 1272 et
922 1246 1037 1280 furorem

252 1298 330 1318 suum
350 1290 463 1317 Domino
488 1290 658 1325 manifestare
686 1297 785 1318 nolens.
817 1290 931 1325 Reliqua
955 1291 1037 1325 hujus

252 1336 385 1363 orationis
414 1335 508 1363 Graeca
539 1340 565 1363 et
596 1335 692 1362 Latina
722 1344 783 1363 cum
816 1341 910 1363 nostro
934 1336 1037 1364 Metho—

254 1381 298 1408 dio
322 1381 403 1409 dabo.
433 1381 499 1409 Vide
526 1385 656 1416 praeterea
683 1382 830 1415 Georgium
856 1381 973 1410 Pisidem
1000 1382 1037 1409 De

254 1427 345 1453 mundi
369 1428 485 1462 cpi/icio,
509 1432 535 1454 et
557 1427 689 1454 Joannem
712 1427 936 1463 Cbrysostomum
955 1436 1037 1464 super

253 1472 320 1499 illud
344 1471 464 1500 llierem.
482 1479 542 1507 cap.
569 1480 595 1504 v,
611 1480 683 1499 vers.
703 1472 747 1503 22,
763 1472 815 1505 Qui
832 1472 908 1506 posui
928 1480 1036 1498 arenam

254 1518 395 1544 terminum
408 1517 486 1549 mari,
499 1517 526 1544 in
543 1517 639 1545 catena
654 1525 713 1552 quae
726 1525 741 1544 a
759 1517 839 1545 nobis
851 1516 946 1544 Latina
964 1517 1035 1545 facta

250 1564 307 1598 jam
321 1568 363 1592 est
376 1564 475 1599 publici
493 1564 574 1598 juris.

286 1610 345 1637 Col.
356 1610 417 1641 712,
428 1610 475 1637 lin.
487 1610 531 1637 45.
548 1609 623 1636 Ἐπεὶ
632 1610 660 1636 τί
674 1609 818 1636 ἐκώλυσε.
831 1608 949 1636 Basilius
961 1609 1033 1636 hom.

251 1657 268 1684 4
285 1656 376 1683 εἙπεὶ
393 1655 419 1681 τί
443 1655 545 1682 ἐκώλυε
565 1655 614 1691 τὴν
643 1655 777 1690 Ἐρυθρὰν
795 1655 930 1681 θάλασσαν
946 1656 1035 1682 πᾶσαν

251 1702 300 1737 τὴν
315 1701 451 1735 Αἴγυπτον
465 1700 621 1736 κοιλοτέραν
637 1699 718 1727 οὖσαν
735 1701 832 1736 ἑαυτῆς
848 1701 1036 1734 ὲπελθεῖν,κα“ι

252 1747 417 1782 συναφθῆναι
427 1746 466 1782 τῷ
477 1746 671 1782 παρακειμένῳ
685 1747 717 1781 τῇ
731 1746 861 1782 Αἰγύπτῳ
875 1747 998 1782 πελάγει,
1010 1747 1035 1773 εἰ

252 1793 290 1829 μὴ
306 1792 344 1828 τῷ
355 1792 553 1828 προστάγματι
573 1790 607 1827 ἦν
627 1792 801 1827 πεπεδημένη
815 1792 860 1819 τοῦ
878 1793 1033 1826 κτίσαντος;

252 1839 285 1866 Et
298 1848 325 1866 In
341 1840 393 1866 hoc
408 1839 489 1867 etiam
507 1843 572 1866 sunt
587 1839 724 1865 variantes
739 1839 963 1874 philosophorum
976 1847 1036 1867 sen-

250 1885 352 1912 tentias.
381 1883 496 1917 Quidam
519 1883 592 1910 enim
618 1887 718 1910 terram
744 1884 812 1910 mari
835 1884 1034 1918 depressiorem

251 1930 395 1962 allirmant,
418 1929 583 1956 Catharinus
608 1927 642 1954 ad
669 1935 729 1963 cap.
758 1934 766 1955 l
797 1928 907 1960 Gcnes.,
925 1930 1028 1962 Canus,

250 1976 408 2011 Burgensis,
425 1978 520 2001 noster
539 1974 584 2002 hic
599 1978 704 2006 auctor,
723 1974 839 2002 Basilius
853 1979 880 2001 et
890 1976 936 2002 alii
950 1985 956 2002 :
973 1983 1034 2002 eam

251 2022 462 2057 probabiliorem
480 2025 574 2048 censet
595 2019 623 2047 S.
642 2019 772 2052 Thomas,
801 2028 809 2047 ι
831 2025 915 2056 ρει-ιι,
940 2029 965 2056 q.
987 2021 1031 2053 69,

251 2073 303 2093 art.
319 2066 331 2092 l
350 2076 356 2093 ε
374 2066 443 2092 idem
459 2072 486 2093 et
499 2066 597 2092 Cicero
615 2066 757 2094 censuisse
770 2066 887 2098 videtur,
904 2075 912 2093 ι
929 2066 964 2093 De
978 2075 1035 2093 na—

252 2117 312 2138 tura
326 2112 432 2138 dearum
446 2120 463 2138 ιι
476 2121 483 2139 :
499 2111 585 2145 Mare,
598 2113 695 2147 inquit,
711 2121 770 2139 cum
784 2120 864 2146 supra
877 2117 973 2139 terram
987 2113 1031 2145 sit,

251 2159 366 2186 medium
391 2163 478 2185 tamen
502 2163 578 2186 term
604 2159 689 2185 locum
717 2163 837 2193 expetens
862 2165 1034 2194 congregatur

1088 923 1280 958 Egyptiorum
1307 927 1334 950 et
1347 930 1422 951 mare
1435 922 1529 950 llu‘bro
1544 926 1673 957 tanquam
1685 921 1870 949 certissimum

1089 974 1165 997 notat
1186 970 1248 998 libr.
1264 971 1351 1005 primo
1367 969 1488 1002 Meteon,
1506 977 1567 1005 cap.
1584 969 1695 1002 ultimo;
1713 972 1741 996 et
1762 969 1801 995 ita
1818 969 1871 995 exi-

1088 1016 1170 1043 stimo
1193 1019 1320 1043 auctores
1339 1024 1409 1051 quos
1433 1023 1517 1051 supra
1536 1015 1674 1042 nominavi
1688 1022 1752 1042 esse
1771 1013 1868 1041 intelli-

1089 1061 1201 1096 gendos,
1217 1063 1362 1095 omniaque
1378 1062 1459 1089 dubia
1474 1067 1502 1089 et
1525 1065 1695 1096 argumenta,
1721 1060 1749 1086 in
1770 1063 1869 1086 utram-

1088 1114 1141 1142 que
1160 1111 1262 1142 partem
1285 1107 1402 1135 adducta
1424 1107 1554 1134 facillimo
1573 1106 1682 1140 negotio
1699 1104 1770 1132 solvi
1787 1104 1869 1132 :diri-

1087 1161 1206 1188 namque
1234 1154 1397 1189 sapientiam
1419 1155 1446 1181 et
1465 1153 1614 1180 bonitatem
1628 1151 1781 1179 dilucidius
1797 1151 1870 1177 inno-

1088 1203 1203 1232 tescere,
1219 1206 1280 1235 qua:
1292 1200 1384 1226 omnia
1398 1199 1434 1226 ita
1453 1200 1481 1227 iu
1497 1198 1616 1234 pondere
1631 1202 1658 1226 et
1674 1205 1808 1225 mensura
1818 1196 1870 1224 dis-

1087 1244 1189 1279 posuit.

1122 1290 1202 1324 Ibid.,
1223 1291 1272 1318 lin.
1295 1290 1341 1319 49.
1362 1291 1426 1317 ’Ὁτι
1449 1291 1482 1317 δὲ
1500 1291 1610 1324 ἀληθὲς
1633 1290 1733 1317 τοῦτο.
1758 1289 1868 1316 Basilius

1087 1336 1160 1364 hom.
1190 1337 1208 1364 ι
1225 1346 1231 1364 :
1249 1338 1325 1364 Ἐπεὶ
1348 1337 1374 1363 τί
1394 1336 1495 1364 ἐκώλυε
1511 1337 1559 1372 τὴν
1579 1336 1712 1373 Ἐρυθρὰν
1738 1336 1868 1363 θάλασσαν

1087 1384 1176 1409 πᾶσαν
1193 1383 1242 1418 τὴν
1259 1383 1393 1418 Αἴγυπτον
1409 1383 1563 1417 κοιλοτέραν
1581 1381 1662 1409 οὖσαν
1679 1382 1782 1417 ἑαυτῆς
1800 1381 1868 1408 ἐπελ-

1087 1429 1152 1460 θεῖν,
1171 1429 1216 1456 καὶ
1235 1429 1401 1463 συναφθῆναι
1425 1428 1463 1464 τῷ
1480 1428 1672 1464 παρακειμένῳ
1694 1429 1728 1464 τῇ
1744 1428 1868 1462 Αἰγύπτῳ

1086 1475 1209 1509 πελάγει,
1224 1476 1248 1502 et
1270 1475 1306 1510 μὴ
1319 1474 1357 1510 τῷ
1374 1475 1564 1510 προστάγματι
1582 1472 1617 1510 ἦν
1632 1474 1809 1508 πεπεδημένη
1827 1472 1867 1500 τοῦ

1088 1522 1245 1554 κτίσαντος;
1267 1522 1326 1548 Ὅτι
1345 1521 1399 1556 γὰρ
1415 1521 1590 1556 ταπεινοτέρα
1610 1521 1659 1556 τῆς
1677 1521 1813 1556 Ἐρυθρᾶς
1828 1521 1868 1547 θα-

1087 1567 1189 1602 λάσσης
1202 1568 1218 1602 ή
1234 1566 1378 1601 Αἴγυπτος,
1388 1567 1459 1603 ἔργῳ
1470 1567 1582 1594 ἔπεισαν
1592 1568 1665 1603 ἡμᾶς
1679 1568 1704 1593 οἱ
1712 1567 1868 1602 θελήσαντες

1085 1612 1207 1647 ἀλλήλοις
1218 1612 1253 1638 τὰ
1266 1612 1370 1648 πελάγη
1388 1612 1513 1647 συνάψαι,
1529 1613 1560 1638 τό
1569 1621 1597 1638 τε
1618 1612 1770 1646 Αἰγύπτιον
1785 1614 1830 1639 καὶ
1842 1614 1867 1639 τὸ

1091 1657 1209 1690 Ἰνδικὸν,
1225 1659 1253 1684 ὲν
1274 1655 1296 1692 ᾦ
1315 1659 1332 1693 ἡ
1353 1658 1470 1694 Ἐρυθρὰ
1488 1658 1617 1686 θάλασσα.
1640 1659 1743 1694 Διόπερ
1761 1659 1866 1694 ἐπέσχον

1084 1702 1133 1738 τὴν
1149 1703 1319 1739 ἐπιχείρησιν
1333 1703 1440 1739 πρῶτος
1456 1704 1606 1739 ἀρξάμενος
1624 1704 1782 1740 Σέσωστρις
1798 1706 1813 1732 ὀ
1828 1706 1866 1731 Αι-

1084 1747 1208 1782 γύπτιος,
1226 1749 1274 1775 καὶ
1291 1749 1305 1775 ὁ
1327 1749 1396 1784 μετὰ
1412 1749 1497 1776 ταῦτα
1521 1749 1662 1785 βουληθεὶς
1684 1751 1865 1786 ὲπεξεργάσα-

1085 1794 1146 1821 σθαι
1156 1796 1266 1830 Δαρεῖος
1277 1795 1291 1820 ὁ
1304 1795 1402 1830 Μῆδος.
1413 1794 1572 1823 Habuerunt
1581 1797 1614 1823 ab
1629 1797 1780 1826 Aristotele
1795 1799 1838 1825 lib.
1850 1807 1865 1825 ιι

1084 1839 1207 1873 Meteon,
1223 1848 1283 1876 cap.
1297 1841 1354 1868 ult:
1372 1841 1451 1877 Δηλοί
1475 1841 1503 1868 δὲ
1523 1841 1553 1868 τὸ
1569 1842 1711 1877 γινόμενον
1722 1852 1729 1860 ~
1746 1844 1802 1876 Οὓς
1820 1844 1866 1880 γάρ

1084 1895 1173 1922 φαμεν
1185 1887 1380 1922 ἀρχαιοτάτους
1392 1885 1523 1914 εἶναιτῶν
1534 1887 1683 1923 ἀνθρώπων
1694 1889 1866 1924 Αἰγυπτίους,

1083 1932 1184 1959 τούτων
1210 1932 1320 1968 ήχώρα
1344 1934 1417 1959 πᾶσα
1440 1936 1566 1968 γεγονυῖα
1591 1935 1715 1968 φαίνεται
1739 1937 1788 1962 καὶ
1807 1935 1866 1963 οὖσι

1083 1977 1128 2005 τοῦ
1150 1979 1272 2013 ποταμοῦ
1298 1979 1386 2014 ἔργον.
1403 1979 1457 2006 Καὶ
1471 1980 1549 2006 τοῦτο
1572 1981 1641 2007 κατά
1662 1990 1692 2007 τε
1705 1980 1756 2016 τὴν
1782 1982 1867 2018 χώραν

1084 2025 1167 2060 αὐτὴν
1180 2024 1278 2060 ὁρῶντι
1293 2024 1370 2060 δῆλόν
1389 2025 1458 2056 ἐστι,
1471 2026 1519 2052 καὶ
1535 2026 1569 2052 τὰ
1585 2026 1649 2062 περὶ
1667 2026 1717 2062 τὴν
1739 2028 1866 2063 Ἐρυθρὰν

1084 2069 1220 2097 Θάλασσαν
1234 2071 1381 2106 τεκμήριον
1405 2071 1504 2097 ἱκανόν.
1523 2071 1629 2107 Ταύτην
1649 2072 1703 2107 γὰρ
1719 2073 1776 2099 τῶν
1799 2073 1866 2108 βασι·

1083 2115 1148 2141 λέων
1165 2123 1206 2146 τις
1224 2115 1354 2151 ἐπειράθη
1378 2116 1536 2152 διορύττειν.
1553 2118 1590 2144 Οὐ
1605 2117 1660 2153 γὰρ
1680 2119 1785 2154 μικρὰς
1799 2118 1865 2154 εἶχεν

1083 2161 1115 2188 ἂν
1132 2162 1221 2193 αὐτοῖς
1235 2161 1367 2196 ὡφελείας
1381 2162 1485 2193 πλωτὸς
1498 2162 1570 2194 ἅπας
1580 2163 1594 2188 ὁ
1608 2163 1690 2194 τόπος
1699 2165 1864 2199 γιγνόμενος.

250 2205 364 2240 undique
378 2204 524 2241 aequaliter,
538 2212 617 2240 neque
633 2204 771 2236 redundat,
788 2212 868 2239 neque
877 2205 1031 2239 effunditur.

1087 2207 1198 2240 Λέγεται
1213 2206 1242 2232 δὲ
1262 2206 1372 2242 πρῶτος
1389 2207 1541 2243 Σέσωστρις
1563 2209 1736 2244 ἐπιχειρῆσαι
1752 2210 1808 2236 τῶν
1821 2219 1864 2236 πα-

251 2251 305 2278 Alii
325 2255 426 2278 terram
441 2259 502 2279 esse
518 2259 592 2278 mare
610 2251 746 2283 altiorem,
772 2255 802 2277 ut
822 2251 1034 2286 Chrysostomus

251 2299 324 2326 hom.
336 2298 352 2325 9
364 2297 398 2324 ad
406 2305 465 2333 pop.
475 2297 611 2330 Antioclt.;
634 2298 803 2333 Augustinus
815 2298 841 2324 in
850 2297 918 2332 psal.
934 2305 1032 2331 cxxxv;

250 2344 432 2379 Hieronymus
446 2344 473 2370 in
493 2343 559 2371 illud
582 2344 650 2379 psal.
662 2352 746 2376 χχιιι,
758 2343 922 2379 Congregans
930 2344 997 2370 sicut
1006 2345 1033 2370 in

249 2396 308 2417 utre
328 2399 410 2425 aqua:
428 2390 528 2422 maris;
548 2389 732 2418 Damasccnus
753 2389 800 2417 lib.
818 2397 836 2416 ιι
853 2389 915 2417 Fid.
929 2389 1031 2417 orthad.

250 2443 310 2470 cap.
322 2435 338 2462 9
351 2440 376 2463 et
391 2435 441 2468 10;
457 2434 628 2463 Contarenus
641 2435 688 2462 lib.
703 2442 721 2461 ιι
734 2434 770 2461 De
782 2435 926 2467 elementis,
938 2438 965 2462 et
975 2435 1031 2462 alii.

250 2481 316 2513 Qua:
334 2481 395 2508 dum
421 2480 563 2515 opiniones
590 2480 641 2508 etsi
666 2481 781 2507 multum
803 2481 873 2508 inter
888 2488 918 2508 se
931 2480 1033 2509 distare

250 2523 387 2556 videntur,
408 2530 458 2557 ego
475 2526 566 2550 tamen
583 2523 697 2550 dixerim
719 2527 842 2550 neutram
860 2521 966 2556 falsam,
985 2523 1032 2551 sed

250 2568 433 2594 certissimam
445 2570 589 2602 utramque
600 2571 627 2594 et
638 2575 740 2600 veram,
753 2567 777 2594 si
792 2575 845 2594 non
859 2567 892 2595 de
903 2568 1032 2596 universo

251 2618 329 2640 terra:
340 2613 484 2644 elemento,
500 2621 589 2648 neque
600 2620 686 2648 aqum,
702 2613 749 2640 sed
768 2617 846 2648 parte
858 2614 975 2649 quadam
988 2615 1032 2642 in-

249 2659 396 2694 telligatur.
422 2658 552 2692 Quamvis
567 2659 641 2686 enim
660 2659 731 2687 Deus
747 2666 832 2696 aquas
853 2663 953 2688 terram
973 2668 1032 2687 om-

249 2712 312 2732 nem
327 2713 377 2732 suo
395 2705 468 2732 ﬂuxu
489 2709 654 2741 occupantes
666 2711 806 2741 separatas
828 2706 855 2733 in
874 2714 958 2734 unum
974 2706 1032 2734 vel-

252 2751 290 2776 uti
309 2751 409 2783 locum,
426 2755 452 2778 et
480 2752 623 2780 stationem
648 2752 788 2785 detulerit,
805 2756 832 2780 et
848 2755 920 2780 terra
939 2760 986 2779 eas
1003 2752 1031 2779 in

251 2796 362 2829 proprio
375 2796 447 2828 sinu,
463 2804 579 2824 caverna
593 2797 727 2824 duntaxat
743 2798 922 2833 amplissima.
936 2802 1031 2825 mutuo

252 2841 392 2874 complexu
407 2844 552 2876 exceperit.
570 2851 624 2871 non
646 2847 737 2870 tamen
757 2843 783 2870 id
799 2843 836 2870 ita
856 2843 980 2877 contigit,
1000 2847 1029 2870 ut

1084 2253 1182 2279 λαιῶν·
1206 2252 1262 2279 ἀλλ’
1276 2249 1355 2288 εὗρεν
1378 2253 1545 2289 ὑψηλοτέραν
1568 2252 1649 2281 οὖσαν
1662 2255 1713 2290 τὴν
1737 2255 1859 2283 θάλαττα

1083 2299 1131 2333 τῆς
1147 2298 1207 2333 γῆς.
1225 2295 1270 2324 Διὸ
1287 2298 1388 2330 ἐκεῖνός
1399 2306 1427 2324 τε
1449 2299 1590 2335 πρότερον,
1605 2301 1650 2326 καὶ
1664 2302 1779 2335 Δαρεῖος
1795 2301 1865 2328 ὕστε-

1084 2352 1129 2379 ρον
1139 2343 1276 2370 ἐπαύσατο
1289 2344 1443 2379 διορύττων,
1453 2344 1527 2376 ὅπως
1542 2346 1578 2380 μὴ
1589 2345 1724 2382 διαφθαρῇ
1736 2347 1769 2373 τὺ
1784 2347 1864 2381 ῥεῦμα

1083 2389 1127 2415 τοῦ
1156 2388 1280 2424 ποταμοῦ
1306 2390 1487 2425 συμμιγεισ-ης
1517 2390 1566 2425 τῆς
1589 2390 1735 2427 θαλάττης.
1771 2393 1863 2420 Strabo

1083 2435 1130 2462 lib.
1144 2442 1150 2461 t
1171 2434 1337 2466 εἈπιθάνως
1349 2435 1377 2461 δὲ
1393 2435 1473 2469 λέγω,
1488 2437 1528 2462 ὅτι
1545 2437 1597 2473 πρὸ
1612 2437 1665 2463 τῶν
1681 2437 1815 2473 Τρωῖκῶν
1825 2438 1864 2464 οὐ·

1081 2479 1162 2515 δεμία
1181 2478 1215 2516 ἦν
1227 2480 1336 2516 διώρυξ.
1347 2482 1399 2508 Τὸν
1416 2480 1445 2508 δὲ
1466 2482 1676 2518 ἐπιχειρήσαντα
1694 2484 1809 2519 ποιῆσαι
1823 2484 1862 2510 Σέ-

1083 2532 1198 2562 σωστριν
1213 2528 1363 2563 ἀποστῆναι
1380 2537 1455 2563 φασι,
1480 2529 1680 2565 μετεωροτέραν
1698 2531 1862 2558 ὑπολαϐόντα

1081 2572 1130 2608 τὴν
1142 2573 1191 2608 τῆς
1210 2572 1344 2608 θαλάττης
1361 2574 1530 2608 ἐπιφάνειαν.
1547 2575 1579 2602 Et
1591 2575 1638 2602 lib.
1657 2582 1713 2602 xvu
1730 2576 1860 2611 τἘτμήῧη

1081 2617 1109 2644 δὲ
1124 2616 1140 2652 ἡ
1153 2617 1252 2653 διώρυξ
1263 2619 1402 2654 καταρχὰς
1419 2620 1467 2655 μὲν
1482 2619 1534 2646 ὑπὸ
1549 2619 1719 2656 Σεσώστριος
1742 2622 1799 2657 πρὸ
1813 2621 1859 2648 τῶν

1081 2661 1222 2697 Τρωῖκῶν,
1234 2664 1258 2689 οἱ
1272 2663 1300 2690 δὲ
1323 2663 1376 2690 ὑπὸ
1399 2664 1446 2690 τοῦ
1464 2665 1647 2700 Ψαμμητίχου
1665 2666 1763 2698 παιδὸς
1787 2666 1859 2702 ἀρεσ-

1084 2707 1163 2743 μένου
1182 2709 1271 2744 μόνον,
1295 2707 1354 2736 εἶτα
1375 2709 1529 2742 ἐκλιπόντος
1549 2710 1595 2737 τὸν
1617 2710 1688 2746 βίον·
1711 2711 1857 2748 ὕστερονδὲ

1081 2753 1134 2780 ὑπὸ
1147 2754 1259 2789 Δαρείου
1271 2755 1317 2781 τοῦ
1330 2755 1435 2791 πρώτου
1449 2756 1638 2791 διαδεξαμένου
1653 2756 1684 2783 τὺ
1697 2756 1764 2791 ἑξῆς
1778 2757 1856 2792 ἔργον.

1081 2798 1132 2826 Καὶ
1153 2798 1228 2832 οὗτος
1240 2801 1278 2832 δὲ,
1292 2801 1355 2838 δόξῃ
1369 2801 1461 2836 ψευδεῖ
1480 2802 1611 2834 πεισθεὶς,
1627 2803 1718 2837 ἀφῆκε
1734 2804 1765 2829 τὸ
1787 2803 1856 2838 ἔργον

1081 2846 1145 2881 περὶ
1169 2846 1320 2874 συντέλειαν
1342 2846 1403 2884 ἥδη.
1425 2847 1551 2884 Ἐπεέσθη
1577 2848 1631 2884 γὰρ
1661 2849 1854 2885 μετεωροτέραν
