1903 3068
265 127 320 156 839

932 124 1060 153 LEONIS
1079 123 1218 154 ALLATll

1844 123 1890 149 Slo

266 185 314 211 καὶ
337 183 505 220 θερμοτέρας
530 184 562 210 ἔκ
587 183 726 219 μετάλλων
745 182 885 218 ποιότητος
902 183 974 209 κατὰ
1002 182 1044 218 rip

1104 184 1218 217 corpora
1234 181 1307 210 enim
1329 181 1504 209 elementaria
1525 185 1630 208 natura:
1653 180 1713 216 lege
1749 184 1834 214 atque
1851 187 1889 206 or-

266 228 380 262 διέξοδον
395 228 584 264 προσλασοῦσα
599 229 630 254 ὲκ
642 228 692 262 τῆς
707 227 791 263 αὐτῆς
802 228 849 254 τοῦ
861 227 998 259 κινοῦντος
1010 229 1052 254 αἰ-

265 275 327 306 τίας
337 274 434 307 ςὲουσα
444 275 546 308 γίνεται
557 274 595 305 ὡς
608 273 641 300 τὰ
653 274 749 304 πολλὰ,
761 274 809 300 καὶ
818 274 953 310 πυρώδης.
963 275 1051 310 Ὅπερ

266 320 400 355 πολλαχοῦ
412 321 462 355 μὲν
471 319 525 346 τῶν
538 321 637 355 νήσων,
655 319 787 355 πολλαχοῦ
801 320 829 346 δὲ
843 320 896 346 τῶν
911 320 1052 355 παραλίων

265 366 354 393 τόπων
369 366 471 398 ἔξεστιν
484 366 624 402 ἱστορῆσαι
635 374 641 380 ·
658 366 757 399 ὅπουγε
772 366 818 392 καὶ
834 366 904 392 κατὰ
925 366 973 401 τὴν
1003 375 1052 401 με-

266 412 370 446 σόγειον
387 412 464 438 τόποι
485 412 556 443 τινὲς
570 412 624 438 τῶν
641 412 779 447 ποταμίων
796 412 899 438 ὑδάτων
920 412 1050 445 γείτονες,

264 458 303 489 ὡς
319 457 403 492 μικρὰ
417 457 542 492 μεγάλοις
554 457 670 489 εἰκάσαι,
680 456 713 483 τὰ
720 456 893 492 παραπλήσια
906 456 1050 491 πάσχουσι.

265 503 338 538 Πρὸς
350 501 396 529 οὖν
407 503 433 528 τί
446 502 526 528 τοῦτο
539 502 646 538 εἴρηταί
662 510 724 537 μοι;
739 502 797 528 τοτι
819 503 893 528 πᾶσα
913 503 1050 537 ὑπόνομος

264 549 338 574 ἐστιν
352 549 368 584 ὴ
382 549 418 584 γῆ
427 548 471 575 διὰ
486 549 576 584 πόρων
593 548 702 582 ἀφανῶν
713 549 745 574 ὲκ
760 548 813 574 τῶν
828 547 919 583 ἀρχῶν
933 547 983 582 τῆς
1002 547 1051 574 01-

265 594 368 629 λάσσης
383 593 590 626 ὑπονοποῦντος
613 593 660 620 τοῦ
677 594 781 625 ὕδατος.
804 593 842 620 De
863 601 995 628 aquarum
1009 593 1050 620 vi-

265 640 353 671 ribus,
372 644 399 667 et
413 639 568 674 saporibus,
581 640 695 674 aliisque
707 639 896 674 qualitatibus,
917 639 978 666 vide
988 646 1050 674 qua:

263 693 298 712 ex
313 685 459 713 Aristotele
473 685 634 720 compendio
653 685 719 712 dicit
740 685 864 713 Stobams
884 685 912 712 in
928 685 1049 719 Physicis

262 731 363 766 eclogis
379 751 388 764 ,
403 739 464 766 cap.
475 731 521 758 54.

300 788 358 815 Col.
373 787 436 820 715,
455 788 504 814 lin.
527 788 570 815 l9.
589 787 620 815 Ἠ
632 788 686 822 γὰρ
704 786 825 822 ῥοώδης
844 784 996 814 θάλασσα.
1012 786 1051 814 De

262 833 404 860 ﬂuminum
417 833 585 868 fontiumque
599 840 681 860 causa
692 836 720 860 et
735 833 839 867 origine
852 833 930 868 plura
941 832 1049 859 Aristo-

264 878 332 906 teles
355 878 402 905 lib.
422 886 430 905 ι
456 877 577 910 Μείεοτη
611 885 673 913 cap.
698 877 744 910 15,
766 882 794 905 et
817 877 866 905 lib.
890 885 920 909 ιι,
937 885 997 912 cap.
1017 876 1049 910 Ως

263 922 350 954 Plato,
367 925 395 949 in
416 922 563 955 Plrwdone;
579 921 714 956 Georgius
735 922 876 958 Agricola,
906 922 955 949 lib.
976 930 984 949 ι
1011 921 1050 948 9c

262 973 324 995 ortu
344 973 369 995 et
393 969 480 995 causis
505 968 754 1000 subterraneorum;
771 967 899 995 Albcrtu‘s
923 968 1048 1003 Magnus,

263 1013 311 1040 lib.
343 1020 364 1039 ιι
382 1012 505 1046 Meteon,
520 1017 599 1040 tract.
631 1013 672 1046 l2,
688 1013 770 1048 capit.
785 1013 829 1046 ll;
843 1012 960 1040 Iacobus
981 1013 1051 1040 Mili-

261 1058 351 1090 chius,
374 1059 401 1086 in
425 1059 507 1093 capit.
529 1059 579 1086 105
602 1059 649 1085 lib.
677 1066 697 1086 ιι
729 1058 828 1092 Plinii;
850 1057 975 1086 Valesius
1010 1057 1050 1085 De

261 1112 338 1131 sacra
354 1104 530 1139 philosophia,
547 1112 607 1139 cap.
617 1104 663 1137 65,
681 1108 707 1132 et
718 1105 774 1132 alii.
789 1103 851 1131 Fuit
868 1103 1049 1138 quorumdam

261 1147 355 1181 opinio
373 1148 444 1174 intra
463 1152 563 1175 terram
585 1156 646 1175 esse
667 1148 800 1183 quasdam
825 1149 957 1176 cavitates
969 1153 997 1175 et
1009 1148 1049 1175 al-

262 1199 339 1224 veos,
352 1192 451 1226 quibus
462 1193 562 1220 imbres
572 1193 754 1228 excipiantur,
768 1198 850 1228 alque
860 1201 894 1220 ex
909 1194 942 1221 iis
961 1193 1048 1221 fontes

259 1242 287 1265 et
297 1238 394 1265 ﬂuvios
409 1238 558 1270 dimanare,
570 1242 597 1265 et
612 1246 696 1273 aquas
708 1239 768 1266 illas
782 1247 868 1274 usque
879 1239 912 1266 ad
930 1239 1048 1266 futuram

261 1283 378 1310 hiemem
394 1283 526 1315 suﬂicere,
543 1290 593 1311 nec
607 1291 766 1311 exarescere
783 1288 929 1318 antequam
949 1291 1048 1311 rursus

261 1331 338 1366 pluat
350 1340 357 1357 :
376 1330 474 1357 siccari
487 1337 552 1357 vero
565 1337 612 1358 eos
625 1338 742 1365 quorum
757 1331 826 1358 alvei
840 1332 960 1359 minores
971 1335 1046 1364 sunt,

258 1380 288 1404 et
298 1376 333 1403 ob
349 1375 485 1403 defectum
502 1383 635 1410 aquarum
652 1384 706 1404 non
721 1376 830 1404 ﬂuitant
850 1385 936 1412 usque
949 1378 983 1405 ad
998 1387 1048 1405 no-

259 1430 309 1449 vas
325 1422 438 1456 pluvias.
454 1422 616 1450 Aristoteles
634 1426 661 1450 et
681 1423 726 1449 alii
740 1431 851 1451 causam
872 1425 986 1458 primam
1003 1433 1048 1460 ge-

259 1468 411 1495 nerationis
435 1467 579 1494 ﬂuviorum
610 1472 735 1496 statuunt
762 1469 815 1496 loci
837 1473 974 1502 naturam,
1001 1470 1046 1496 ubi

259 1517 372 1548 propter
387 1514 439 1541 soli
457 1514 608 1545 raritatem,
622 1514 726 1542 multus
741 1518 769 1542 et
786 1515 915 1550 copiosus
932 1515 1044 1550 spiritus

259 1562 416 1593 generatur,
433 1559 480 1593 qui
502 1566 583 1593 quam
602 1559 726 1594 proxime
740 1559 774 1586 ad
794 1560 904 1594 vaporis
919 1563 1046 1587 naturam

259 1603 375 1631 accedit.
400 1603 503 1631 Deinde
526 1611 592 1631 vero
621 1603 722 1639 frigore
751 1604 803 1631 loci
827 1605 854 1631 in
878 1613 976 1640 aquam
1000 1613 1047 1632 co-

258 1650 343 1684 gitur,
371 1658 432 1685 quas
455 1650 542 1685 ejecta
576 1649 637 1677 fons
664 1654 693 1678 et
717 1651 794 1686 origo
817 1650 962 1678 ﬂuviorum
994 1655 1045 1679 est.

258 1694 314 1722 Nec
342 1695 449 1723 videtur
475 1696 624 1724 absurdum
651 1696 675 1724 si
699 1700 810 1731 propter
835 1696 956 1724 eamdem
982 1704 1048 1724 cau-

258 1748 318 1768 sam
346 1741 374 1768 in
387 1746 466 1769 terra:
493 1742 645 1770 visceribus
674 1745 819 1777 generatur
845 1749 915 1778 aqua
937 1746 1046 1778 propter

258 1794 341 1822 quam
358 1795 441 1822 supra
459 1792 560 1814 terram
587 1787 614 1815 in
632 1794 710 1821 aere;
727 1788 786 1823 pari
800 1788 873 1815 enim
892 1789 997 1815 ratione
1018 1788 1045 1815 in

257 1837 494 1869 vapurante'aere
519 1833 606 1869 frigus
630 1838 769 1868 operatur.
802 1833 868 1866 Quae
891 1834 1045 1862 Aristotelis

257 1880 351 1915 opinio
362 1880 385 1907 si
401 1884 474 1907 recte
487 1880 679 1907 consideretur
691 1887 770 1907 suam
786 1880 867 1907 habet
895 1881 1044 1916 probabili-

258 1929 354 1957 tatem,
371 1932 423 1952 nec
443 1925 481 1952 ita
503 1925 605 1953 absona
620 1929 664 1952 est
691 1926 719 1952 in
743 1925 915 1961 philosophia
942 1930 973 1954 ut
996 1935 1043 1954 ex-

258 1972 322 2007 pelli
336 1972 448 1999 omnino
463 1976 609 1999 mereatur.
620 1972 777 1999 Christiano
787 1976 877 2000 tamen
890 1973 1002 2006 homini,
1011 1981 1043 2001 ea

257 2025 341 2052 super
357 2017 410 2044 hoc
427 2018 561 2044 sententia
577 2022 619 2045 est
631 2018 820 2053 amplexanda,
839 2026 899 2054 quae
916 2024 957 2046 est
978 2027 1043 2046 Sam

257 2067 364 2090 ctorum
375 2063 486 2090 Patrum
497 2063 661 2095 communis,
671 2067 698 2090 et
708 2071 792 2092 sacrae
806 2063 954 2099 Scriptura:
965 2066 1042 2093 testi-

257 2109 361 2136 moniis
374 2108 560 2136 conlirmatur.
578 2107 717 2144 Originem
740 2109 854 2137 fontium
872 2118 887 2138 c
899 2112 967 2138 mari
980 2119 1042 2139 esse

258 2162 273 2182 a
291 2161 346 2189 quo
360 2154 483 2186 eﬂluunt,
508 2158 535 2182 et
563 2154 591 2181 in
617 2154 689 2189 quod
704 2155 830 2188 inlluunt,
856 2155 892 2182 ita
911 2156 1039 2189 Basilius,

255 2201 351 2228 homil.
361 2201 387 2232 4.
398 2206 491 2228 noster
499 2200 658 2229 Eustathius
669 2202 696 2228 in
708 2201 760 2228 hoc
772 2202 842 2235 loco,
860 2202 1041 2238 Hieronymus
1057 2212 1078 2238 ι)

256 2246 290 2274 ad
303 2247 422 2282 primum
444 2251 525 2281 caput
547 2246 730 2278 Ecclesiastae,
747 2247 879 2281 Isidorus,
898 2248 917 2274 l.
931 2256 962 2275 ιιι
979 2249 1041 2276 Ori-

255 2293 354 2328 ginum,
368 2293 435 2321 0.90
445 2302 453 2326 ;
465 2292 673 2320 Damascmusn
698 2293 735 2320 De
749 2293 796 2328 ﬁd.
812 2293 927 2326 art/10¢,
940 2302 998 2328 cap.
1008 2293 1039 2327 9;

256 2338 403 2374 Gregorius
417 2338 534 2374 Cyprius
551 2338 580 2364 in
595 2337 681 2364 Maris
702 2339 831 2370 encomio,
860 2343 886 2366 et
911 2343 945 2366 "ex
962 2339 1039 2372 aliis;

255 2384 332 2412 Plato
346 2385 374 2412 in
392 2384 546 2417 Pltoadnne;
572 2384 677 2411 Plinius
694 2384 742 2411 lib.
762 2392 792 2415 ιι,
811 2392 871 2418 cap.
890 2384 944 2418 65;
963 2384 1040 2411 Philo

254 2429 365 2457 Judaaus
380 2429 418 2456 De
432 2429 523 2456 mundi
537 2429 652 2463 api/icio.
670 2429 782 2456 Variant
802 2433 892 2456 tamen
910 2429 936 2456 iu
952 2429 1039 2464 expli-

255 2475 365 2502 catione
393 2475 475 2508 illius,
497 2474 634 2510 quomodo
660 2474 788 2502 videlicet
813 2479 910 2510 suopte
931 2475 1038 2510 ingenio

255 2522 346 2555 gravis
363 2521 448 2556 possit
462 2528 478 2548 e
498 2521 567 2548 mari
589 2521 738 2548 ascendere
752 2520 781 2547 in
795 2520 945 2548 altissimos
960 2529 1038 2548 mon-

256 2571 307 2597 tes,
323 2573 338 2592 e
361 2566 461 2601 quibus
475 2565 594 2600 erumpit
612 2565 639 2592 in
667 2569 743 2591 tanta
761 2565 850 2600 copia.
877 2564 1038 2593 Eustathius

255 2620 354 2648 aquam
368 2613 452 2640 maris
467 2613 576 2647 spiritu,
589 2612 688 2638 ﬂatuve
704 2611 818 2638 interius
833 2616 960 2639 movente
976 2620 1038 2639 sur-

255 2667 315 2687 sum
330 2658 364 2685 ad
375 2659 557 2693 scaturigines
575 2657 686 2693 impelli.
698 2656 745 2685 His
763 2658 898 2685 consentit
908 2654 1036 2691 Basilius,

255 2703 370 2736 Plinius,
399 2703 487 2731 Plato.
510 2702 538 2730 S.
551 2703 689 2735 Thomas,
713 2709 732 2729 ιι
767 2701 885 2730 Sentent.
909 2703 973 2730 dist.
991 2703 1035 2733 14,

255 2754 351 2783 quiest.
371 2750 396 2781 l,
412 2750 459 2782 ait,
488 2749 628 2776 fontanam
651 2753 678 2776 et
702 2748 859 2775 ﬂuviatilem
877 2755 975 2783 aquam
993 2752 1035 2774 at-

256 2795 326 2821 trahi
351 2802 460 2822 sursum
485 2795 512 2822 vi
538 2794 691 2822 caelestium
718 2801 864 2829 corporum
881 2793 1035 2821 communis

255 2839 319 2867 boni
333 2840 429 2875 gratia.
440 2839 493 2868 Nec
509 2843 611 2867 motum
624 2839 697 2868 hunc
712 2847 789 2875 aqua:
802 2847 861 2868 esse
872 2839 1032 2874 violentum,

1107 229 1170 256 dine
1187 229 1345 256 cmlcstibus
1361 228 1503 255 obediunt.
1524 227 1653 255 Albertus
1669 228 1718 255 lib.
1736 233 1756 254 ιι
1769 226 1889 257 Meteon,

1107 277 1186 300 tract.
1206 273 1234 305 2,
1250 281 1308 309 cap.
1323 273 1365 305 12,
1383 274 1470 308 inquit
1483 280 1598 308 vapores
1610 274 1636 300 in
1651 273 1744 304 terris,
1769 272 1891 299 cavernis

1106 320 1226 347 elevatos
1243 319 1414 354 reﬂexosque
1426 319 1564 346 attrahere
1576 318 1611 345 ad
1621 326 1651 346 se
1659 325 1771 353 aquam,
1779 325 1893 352 eamque

1105 373 1217 393 sursum
1234 364 1341 396 eﬂ'erre,
1357 369 1384 392 et
1406 365 1536 392 continua
1555 371 1605 392 sua
1631 364 1751 395 actione,
1771 367 1800 390 et
1822 363 1890 390 illisu

1106 411 1141 437 ad
1166 411 1269 438 montis
1287 411 1371 438 latera
1390 418 1472 445 poros
1493 411 1616 446 aperire,
1649 409 1751 444 quibus
1784 409 1892 436 tandem

1106 457 1233 491 erumpit.
1257 456 1308 483 Alii
1328 457 1433 488 dicunt,
1457 464 1518 483 cum
1534 461 1607 483 terra
1625 457 1718 483 multis
1736 456 1773 482 sit
1802 456 1889 490 pervia

1106 503 1254 538 specubus,
1266 510 1363 538 aquam
1379 503 1462 530 maris
1474 503 1501 529 in
1518 503 1652 536 ejusmodi
1668 507 1736 529 cava
1756 502 1817 528 loca
1834 509 1890 529 sese

1106 549 1246 580 inducere,
1275 556 1335 582 qua:
1348 548 1413 583 quia
1430 552 1495 575 sunt
1519 551 1646 583 angusta,
1672 554 1764 582 neque
1788 550 1889 573 tantam

1105 595 1190 622 maris
1206 595 1304 621 molem
1321 601 1419 629 capere
1435 597 1550 628 queunt,
1573 601 1631 621 eam
1645 600 1723 627 aquae
1737 592 1890 627 portionem

1104 646 1290 674 compressam
1303 639 1336 666 ad
1347 639 1520 666 extrinsecus
1529 638 1704 665 incumbente
1717 638 1786 664 mari
1800 645 1889 672 egres«

1103 693 1165 713 sum
1181 693 1234 720 qua
1248 686 1290 712 via
1308 686 1404 720 possit,
1418 693 1550 720 quaerere,
1573 685 1666 720 sicque
1682 684 1742 712 ﬁeri
1758 692 1888 719 aquarum

1102 732 1285 760 exsilitiones.
1296 732 1419 759 Aliorum
1429 732 1499 760 alios
1511 731 1608 760 modos
1618 735 1645 759 et
1661 731 1787 759 rationes
1802 738 1889 766 quaare

1104 778 1133 805 in
1147 779 1228 806 dictis
1247 779 1416 807 auctoribus.

1140 835 1220 868 una,
1238 835 1287 863 lin.
1304 835 1349 863 24.
1379 828 1476 863 nam
1489 835 1523 863 δὲ
1538 835 1669 863 ἐπειδάν.
1696 835 1818 862 Causam
1834 842 1890 869 pro-

1103 885 1163 916 pter
1177 890 1258 917 quam
1276 889 1353 917 aquae
1364 889 1426 909 cum
1438 890 1470 909 ex
1488 890 1543 909 uno
1557 886 1583 910 et
1595 881 1692 909 eodem
1715 880 1803 911 fonte.
1819 888 1890 907 mare

1101 926 1220 958 scilicet,
1235 926 1367 961 originem
1386 926 1507 959 trahant,
1526 934 1580 953 non
1602 927 1727 954 eamdem
1746 929 1855 953 servent
1866 929 1889 952 et

1107 972 1278 1007 qualitatem,
1296 976 1323 999 et
1337 979 1474 1007 saporem,
1487 973 1535 1000 sed
1551 972 1703 1000 secundum
1724 971 1778 999 loci
1804 971 1889 998 varie

1099 1022 1183 1045 tatem
1200 1018 1264 1053 ipsa:
1279 1019 1360 1046 etiam
1378 1020 1516 1046 varientur
1530 1023 1591 1054 pete
1612 1026 1626 1045 a
1642 1018 1827 1053 philosophis.

1139 1064 1218 1098 lbid.,
1228 1066 1276 1092 lin.
1291 1065 1336 1094 9.7.
1351 1066 1432 1100 Αὕτη
1444 1066 1491 1093 καὶ
1513 1065 1572 1092 τῶν
1583 1065 1691 1100 ἀερίων
1700 1065 1830 1092 ὑδάτων.
1845 1065 1889 1091 Ba-

1098 1111 1189 1144 silius,
1213 1111 1286 1138 hom.
1301 1112 1318 1139 4
1340 1121 1346 1138 :
1363 1112 1440 1147 Καλὴ
1459 1111 1505 1138 καὶ
1520 1112 1586 1138 διότι
1601 1113 1657 1143 τοῖς
1676 1111 1783 1147 ἀερίοις
1796 1111 1886 1138 ὕδασιν

1098 1158 1170 1193 ἀρχή
1190 1157 1232 1189 τίς
1251 1159 1308 1184 ἐστι
1328 1158 1375 1184 καὶ
1393 1159 1479 1194 πηγὴ,
1499 1157 1653 1194 Θαλπομένη
1680 1158 1730 1193 μὲν
1750 1157 1784 1193 τῇ
1802 1158 1886 1184 ἀκτῖνι

1100 1202 1149 1228 τοῦ
1165 1202 1251 1237 ἡλίου,
1265 1203 1447 1238 ἀποτιθεμένη
1460 1203 1488 1229 δὲ
1506 1203 1534 1229 τὸ
1558 1203 1654 1230 λεπτὸν
1669 1203 1717 1229 τοῦ
1733 1203 1830 1235 ὓδατος
1847 1204 1887 1229 διὰ

1098 1249 1152 1275 τῶν
1160 1249 1264 1284 ἀτμῶν,
1273 1249 1340 1285 ὅπερ
1347 1249 1474 1276 ἑλκυσθὲν
1481 1251 1520 1281 εἰς
1527 1248 1572 1275 τὸν
1579 1250 1634 1276 ἄνω
1639 1250 1732 1281 τόπον,
1742 1247 1802 1276 εἶτα
1810 1258 1889 1276 κατα-

1096 1294 1200 1330 ψυχθὲν
1214 1295 1257 1321 διὰ
1273 1296 1304 1322 τὺ
1315 1294 1480 1331 ὑψηλότερον
1493 1295 1617 1329 γενέσθαι
1632 1296 1681 1331 τῆς
1697 1295 1750 1322 ἀπὸ
1761 1295 1810 1322 τοῦ
1828 1295 1886 1321 ἐδά-

1098 1350 1164 1375 φους
1177 1341 1351 1373 ἀνακλάσεως
1366 1341 1420 1367 τῶν
1437 1341 1563 1373 ἀκτίνων,
1581 1342 1627 1367 καὶ
1648 1341 1717 1376 ὁμοῦ
1735 1342 1786 1376 τῆς
1798 1342 1831 1368 ἐκ
1842 1342 1885 1368 τοῦ

1098 1387 1195 1421 νέφους
1214 1388 1293 1418 σκιᾶς
1308 1387 1357 1422 τὴν
1380 1386 1458 1421 ψύξιν
1476 1387 1662 1421 ἐπιτεινούσης
1683 1386 1760 1418 ὑετὸς
1773 1386 1885 1420 γίνεται,

1097 1434 1143 1460 καὶ
1156 1434 1255 1460 πιαίνει
1271 1433 1319 1469 τὴν
1336 1434 1396 1469 γῆν.
1409 1433 1555 1468 Gregorius
1570 1433 1686 1468 Cyprius
1700 1433 1727 1459 in
1739 1432 1828 1459 Maris
1845 1442 1887 1460 en-

1097 1480 1201 1507 comio:
1217 1480 1333 1516 Ὀμϐροι
1349 1480 1377 1506 δὲ
1390 1478 1457 1516 πρὸς
1474 1481 1530 1511 τοῖς
1543 1480 1709 1516 εἰρημένοις,
1724 1478 1772 1506 καὶ
1785 1480 1884 1515 δρόσοι.

1097 1526 1144 1552 καὶ
1155 1526 1268 1560 νιφετοὶ,
1284 1525 1393 1560 νεφέλαι
1409 1534 1438 1552 τε
1456 1523 1488 1552 αὖ
1507 1525 1535 1552 αἱ
1550 1524 1661 1557 τούτους
1679 1526 1824 1560 γεννῶσαι,
1842 1528 1883 1553 καὶ

1098 1572 1147 1599 ὅσα
1155 1571 1261 1607 πρῶτον
1278 1573 1317 1603 εἰς
1327 1570 1372 1598 τὸν
1389 1572 1444 1598 ἅνω
1454 1572 1635 1607 συνιστάμενα
1648 1572 1740 1604 τόπον,
1756 1571 1807 1598 εἴτ’
1818 1574 1885 1599 ἐκεί-

1097 1617 1142 1643 θεν
1156 1618 1195 1649 εις
1207 1618 1258 1653 γῆν
1271 1617 1400 1644 κάτεισιν.
1419 1616 1561 1650 Quomodo
1579 1621 1671 1645 autem
1686 1618 1712 1645 in
1734 1626 1799 1645 aere
1810 1626 1883 1654 aqua

1097 1667 1262 1697 generentur
1272 1671 1303 1690 ex
1309 1662 1468 1691 olicavimus
1482 1662 1618 1696 superius.

1135 1741 1213 1774 lbid.,
1225 1741 1273 1768 lin.
1290 1741 1334 1768 55.
1351 1741 1404 1768 Kal
1419 1741 1462 1767 ἔτι
1476 1741 1524 1768 και
1538 1741 1605 1768 νῦν.
1616 1740 1745 1772 Basilius,
1761 1748 1836 1768 nom.
1850 1742 1880 1768 5:

1102 1787 1134 1813 Ἦ
1148 1785 1273 1821 γὰρτότε
1290 1786 1375 1820 φωνὴ,
1393 1785 1440 1812 καὶ
1453 1785 1482 1811 τὸ
1497 1785 1603 1820 πρῶτον
1617 1785 1706 1812 ἐκεῖνο
1721 1785 1881 1821 πρόσταγμα

1095 1829 1149 1859 οἷον
1163 1833 1245 1867 νόμος
1268 1841 1310 1863 τις
1329 1832 1436 1866 ἐγένετο
1460 1831 1576 1866 φύσεως,
1601 1831 1649 1858 καὶ
1665 1831 1829 1866 ὲναπέμεινε
1850 1834 1879 1867 τῇ

1095 1880 1140 1914 γῇ,
1157 1878 1204 1913 τὴν
1214 1878 1260 1904 τοῦ
1276 1878 1372 1913 γεννᾷν
1383 1878 1451 1912 αὐτῇ
1465 1877 1512 1904 καὶ
1520 1879 1704 1913 καρποφορεῖν
1716 1877 1831 1914 δύναμιν
1845 1880 1881 1911 εἰς

1093 1925 1124 1950 τὸ
1139 1924 1203 1959 ἑξῆς
1216 1925 1410 1959 παρεχόμενος.
1427 1923 1460 1950 Et
1481 1923 1614 1951 inferius:
1629 1923 1688 1950 Ίνα
1712 1924 1821 1960 πρῶτον
1839 1926 1881 1951 ἐκ-

1094 1971 1148 1996 εῖνο
1165 1969 1329 2004 τφύσταγμα
1344 1968 1527 1995 διδασκαλεῖον
1542 1970 1573 2004 τῇ
1591 1969 1670 2003 φύσει
1687 1970 1801 2006 γένηται
1817 1971 1881 2006 πρὸς

1093 2015 1142 2051 τὴν
1158 2015 1222 2050 ἑξῆς
1237 2014 1405 2041 ἀκολουθίαν.
1422 2014 1454 2041 Et
1469 2015 1543 2042 hom.
1559 2016 1576 2043 9
1587 2025 1593 2042 :
1604 2015 1710 2050 Νόησον
1725 2016 1803 2052 ῥῆμα
1814 2017 1878 2043 Θεοῦ

1092 2062 1136 2088 διὰ
1153 2062 1203 2096 τῆς
1217 2061 1330 2093 κτίσεως
1346 2062 1450 2097 τρέχον,
1463 2062 1511 2087 καὶ
1520 2061 1580 2087 τότε
1598 2061 1762 2098 ἀρξάμενον,
1781 2063 1827 2089 καὶ
1839 2062 1880 2097 μὲ-

1092 2116 1137 2142 χρι
1150 2106 1198 2134 νῦν
1214 2107 1354 2142 ἐνεργοῦν,
1366 2107 1412 2133 καὶ
1430 2108 1470 2138 εἰς
1479 2106 1554 2138 τέλος
1570 2106 1667 2140 διεξιὸν
1687 2108 1740 2139 ἕως
1760 2108 1795 2135 ἂν
1809 2110 1822 2135 ὁ
1838 2109 1880 2134 κύ-

1092 2161 1160 2188 σμος
1174 2152 1375 2188 συμπληρωθῇ.
1388 2151 1456 2179 Vide
1474 2152 1584 2186 locum;
1600 2157 1642 2180 est
1658 2154 1733 2181 enim
1749 2156 1877 2189 optimus.

1093 2197 1222 2226 Leontius
1238 2199 1361 2226 Arahissi
1376 2199 1522 2233 episcopus
1547 2206 1672 2227 sermone
1689 2199 1724 2227 de
1740 2200 1877 2227 creatione

1092 2248 1119 2272 et
1134 2243 1239 2271 Lazaro
1252 2244 1384 2276 redivivo,
1398 2252 1452 2271 non
1469 2245 1607 2280 incompta
1624 2245 1808 2274 similitudine
1819 2255 1876 2273 ver-

1091 2290 1154 2317 bum
1174 2290 1240 2317 illud
1256 2290 1389 2321 divinum,
1401 2290 1450 2322 ait,
1466 2291 1527 2318 loco
1551 2291 1663 2318 seminis
1681 2292 1709 2318 in
1728 2292 1811 2319 rebus
1830 2300 1875 2327 ge-

1091 2336 1220 2364 nerandis
1237 2336 1332 2368 fuisse,
1345 2343 1461 2372 eamque
1473 2337 1500 2363 in
1515 2337 1596 2364 rebus
1610 2337 1666 2364 illis
1679 2338 1735 2364 vim
1751 2338 1875 2365 habuisse

1091 2389 1171 2416 quam
1187 2385 1214 2408 et
1229 2388 1320 2408 semen
1334 2389 1343 2414 ;
1367 2385 1394 2408 et
1421 2381 1510 2408 adhuc
1530 2381 1563 2408 ad
1587 2383 1797 2417 conceptionem
1812 2391 1875 2409 con—

1091 2434 1210 2454 currere.
1231 2426 1263 2452 Τί
1291 2426 1380 2460 λέγεις
1406 2427 1543 2462 αἱρετικές
1573 2428 1689 2460 Βλέπεις
1711 2430 1774 2456 ἀντὶ
1793 2439 1874 2457 κατα-

1090 2472 1170 2508 ϐολῆς
1181 2472 1336 2508 σπέρματος
1351 2471 1382 2499 τὸ
1391 2472 1437 2499 τοῦ
1452 2472 1531 2507 λόγου
1546 2474 1687 2508 γινόμενον
1703 2476 1872 2510 πρόσταγμα.

1089 2519 1143 2545 Καὶ
1157 2518 1214 2549 πῶς
1228 2517 1375 2553 ἀμφίϐολον
1384 2518 1473 2553 λέγεις
1484 2519 1534 2554 τῆς
1546 2519 1714 2556 παρθενικῆς
1725 2523 1872 2557 γεννήσεως

1087 2564 1118 2590 τὸ
1133 2565 1278 2599 μυστήριον
1291 2572 1297 2596 ;
1308 2564 1341 2590 "A
1353 2564 1407 2600 γὰρ
1423 2565 1470 2592 νῦν
1488 2565 1642 2601 σπέρματος
1655 2567 1722 2593 ἄνευ
1738 2567 1770 2594 οὐ
1787 2566 1871 2593 τίκτε-

1087 2619 1141 2642 ται,
1156 2609 1260 2641 τούτοις
1279 2612 1295 2645 ἡ
1318 2611 1392 2646 φωνὴ
1409 2611 1469 2637 τότε
1489 2609 1631 2647 συνέτρεχε
1657 2612 1704 2638 τοῦ
1730 2613 1871 2643 καλοῦντος

1088 2655 1156 2690 πρὸς
1166 2655 1302 2690 γέννησιν,
1317 2657 1364 2683 καὶ
1379 2656 1534 2692 συλλήψεως
1550 2657 1659 2693 τρόπον,
1689 2659 1703 2684 ὁ
1720 2659 1770 2694 τῆς
1784 2658 1870 2685 nisi}-

1088 2709 1155 2732 σεως
1173 2702 1298 2736 ἐμιμεῖτο
1310 2703 1401 2738 νόμος,
1418 2703 1465 2729 καὶ
1478 2703 1521 2729 διὰ
1539 2704 1603 2738 μιᾶς
1619 2705 1712 2739 φωνῆς
1727 2704 1869 2740 scopam-Tm

1085 2746 1120 2773 τὰ
1134 2746 1232 2774 πάντα.
1262 2748 1316 2774 Καὶ
1339 2749 1354 2775 ὁ
1377 2749 1437 2775 τότε
1462 2749 1606 2785 σαρκὼσας
1629 2749 1679 2785 τὴν
1696 2750 1795 2781 κτίσιν,
1824 2749 1869 2776 καὶ

1087 2793 1185 2828 σπόρον
1201 2793 1327 2829 ἁσπόρως
1343 2795 1500 2830 χορηγήσας
1513 2797 1570 2827 τοῖς
1592 2796 1686 2828 πᾶσιν,
1716 2796 1795 2827 αὐτὸς
1817 2795 1868 2820 ἀπὸ

1085 2839 1197 2875 λογικῆς
1213 2839 1363 2875 σαρκωθεὶς
1380 2841 1432 2875 γῆς
1455 2841 1588 2876 προῆλθεν
1612 2842 1742 2877 ἀπόρως
1761 2841 1806 2876 τὴν
1827 2839 1868 2866 διὰ
