1903 3068
67 119 111 145 ιιι

516 114 547 141 IN
569 112 752 142 EUSTATIIII
773 110 1010 138 HEXAEMERON
1031 110 1145 137 ΝΟΤΕ.

1623 108 1676 136 ἕω

69 176 155 212 σαρκὸς
171 174 341 209 φντενῢεῖσαν
365 174 412 200 τοῦ
437 174 551 200 θανάτου
569 173 646 208 ῥίζαν
667 173 699 208 τῇ
714 172 834 207 δρεπάνῃ
850 173 871 200 Α
886 171 918 204 τῇ
936 169 1000 204 ὁλκῇ
1019 168 1064 195 τοῦ
1082 168 1182 203 θερμοῦ
1200 167 1397 201 συνεπάγεσθαι
1413 167 1460 194 τοῦ
1481 168 1613 204 τροφίμου
1625 167 1676 203 τῆς

68 225 109 259 τῆς
119 221 275 258 παρθενικῆς
291 221 430 248 ἐκκόπτων
449 221 609 255 γεννήσεως.

104 268 156 296 Col.
166 267 225 300 715,
247 267 293 294 lin.
312 267 356 294 37.
370 267 404 294 'H
411 267 466 301 γὰρ
474 266 648 299 ,βλάστησις
657 263 835 298 καθηγεῖται.

73 314 188 344 Basilius,
202 313 274 339 hom.
285 313 301 339 5
315 322 322 339 :
338 312 448 347 Πρῶτον
464 312 536 338 ἐστιν
553 312 582 337 ἐν
604 312 637 345 τῇ
663 309 768 345 γενέσει
784 308 837 334 τῶν

69 359 230 396 φυομένωνή
251 358 406 394 βλάστησις,
432 358 536 389 ἔπειτα,
560 358 624 383 ὅταν
642 356 767 392 προκύψῃ
792 363 836 390 μι-

73 406 130 442 κρὸν
140 405 171 432 τὰ
186 405 371 440 βλαστήματα,
391 404 487 439 βοτάνη
506 404 620 438 γίνεται,
643 401 713 433 εἶτα,
729 402 838 428 ἐπειδὰν

72 450 174 486 αὐξηθῇ,
187 450 281 485 χόρτος
296 450 353 476 ἐστί
370 450 440 476 κατὰ
453 449 548 485 μικρὸν
558 449 774 484 διαρθρουμένων
785 448 838 474 τῶν

71 497 205 532 φυομένων,
224 497 270 522 καὶ
284 496 363 532 μέχρι
378 496 427 531 τῆς
443 496 488 522 ἐπὶ
502 496 532 522 τὸ
550 496 659 530 σπέρμα
676 494 838 525 τελειώσεως

70 543 211 580 προϊόντων.
233 542 364 575 Quamvis
387 543 458 570 enim
487 542 714 577 germinationum
739 548 838 576 genera

69 589 144 620 varia,
161 589 230 616 sicut
246 592 274 615 et
300 589 465 623 plantarum,
491 596 541 615 nec
559 596 613 616 uno
635 591 766 622 tempore,
788 594 840 614 nec

70 636 120 662 loco
141 634 314 667 conveniant,
335 639 425 661 tamen
457 642 565 669 semper
591 634 708 669 priorem
737 641 798 662 esse
812 636 840 661 et

71 678 200 709 fructibus,
216 681 242 704 et
267 677 379 704 ﬂoribus
406 677 628 712 germinationem
649 684 760 704 necesse
786 679 838 708 est,

69 723 284 761 quemadmodum
304 728 331 750 et
354 723 381 750 in
403 724 559 750 animalium
579 724 753 758 generatione
774 730 840 749 con-

69 775 174 805 ceptum.
194 769 279 800 Plin.,
297 768 394 795 Natur.
411 768 486 801 hist.,
504 769 522 795 I.
540 777 595 801 xw,
614 776 638 795 c.
656 769 710 795 25:
727 768 840 796 Catula-

70 819 151 844 tionem
166 816 258 842 rustici
278 819 380 844 uocant.
398 815 521 849 gestiente
538 819 635 841 natura
655 814 754 841 semina
771 814 841 840 acci-

889 215 941 250 γῆς
954 216 1015 241 ὅσον
1032 215 1151 250 μέτριον,
1170 213 1305 240 καὶτοῦτο
1323 213 1517 250 καταμερίζειν
1538 215 1578 245 είς
1589 213 1675 240 καλάο

892 271 955 297 μην,
973 262 1021 288 καὶ
1038 261 1138 296 φλοιὸν,
1155 261 1202 288 καὶ
1209 261 1262 293 ’τὰς
1276 261 1360 297 θήκας
1384 261 1429 288 τοῦ
1444 261 1516 288 σίτου
1534 261 1580 287 καὶ
1595 259 1676 286 αὑτὸν

889 309 935 336 τὸν
949 309 1020 334 σῖτον
1034 308 1081 334 καὶ
1096 309 1159 340 τοὺς
1174 307 1329 344 ἀνθέρικας.
1342 307 1375 334 Et
1389 307 1450 334 idco
1464 307 1626 334 Aristoteles
1643 305 1677 333 li-

891 355 961 382 bello
978 353 1015 380 De
1027 354 1163 388 jurentute
1179 357 1204 380 et
1223 358 1316 379 senect.
1333 353 1377 380 rit.
1398 358 1477 379 mort.
1493 357 1518 379 et
1538 352 1675 386 respirat.,

891 401 989 436 capit...
1002 401 1028 432 I,
1047 400 1153 427 radices
1162 407 1222 427 esse
1231 400 1268 426 ait
1279 407 1309 427 os
1322 399 1490 435 plantarum;
1502 397 1678 433 quemadmoc

891 446 955 472 dum
969 446 1041 473 enim
1069 446 1197 472 animalia
1225 453 1273 480 per
1288 453 1319 472 os
1337 445 1428 473 cibum
1455 444 1604 479 excipiunt,
1623 450 1678 478 quo

891 492 987 519 vivunt
1008 495 1035 518 et
1060 495 1269 522 conservantur,
1297 490 1390 518 eadem
1409 490 1514 518 ratione
1537 493 1564 516 et
1579 490 1680 524 plantae

893 547 941 574 per
964 538 1071 566 radices
1105 537 1244 565 humorem
1273 542 1299 564 et
1322 537 1479 564 alimentum
1515 535 1680 562 contrahunt

895 591 950 619 quo
968 587 1166 612 sustentantur.
1193 583 1284 616 Quare
1305 587 1395 610 autem
1421 582 1472 609 hoc
1494 581 1631 609 contrarie
1651 587 1680 608 se

893 630 974 657 habet
989 629 1016 657 in
1031 629 1131 665 plantis
1143 634 1169 656 et
1184 629 1347 656 animalibus
1370 628 1430 656 l'use
1442 628 1541 655 ibidem
1553 627 1679 662 explicat,

893 684 973 712 quem
998 676 1075 709 vide;
1090 679 1117 703 et
1132 675 1339 710 Theophrastus
1356 674 1394 702 De
1405 675 1468 702 hist.
1480 674 1577 709 plant.,
1595 673 1640 700 lit).
1660 681 1679 704 I,

892 731 953 758 cap.
964 723 982 749 ‘2
997 731 1003 749 :
1019 722 1096 748 Ἐστι
1113 722 1142 748 δὲ
1165 721 1227 757 ῥίζα
1244 721 1292 757 μὲν
1307 721 1339 747 δι’
1354 717 1384 748 οὗ
1396 721 1483 757 τροφὴ
1497 720 1639 754 ἐπάγεται.

931 768 1012 801 lbid.,
1027 769 1075 795 lin.
1089 768 1133 796 50.
1144 768 1179 794 Ἠ
1189 767 1223 794 δὲ
1236 767 1356 802 καλάμη
1370 767 1422 794 τοῦ
1440 767 1538 794 σίτου.
1552 766 1680 798 Basilius,

896 815 968 842 Imm.
985 814 1000 841 5
1017 823 1022 841 ε
1041 814 1102 845 Πῶς
1115 813 1210 847 γόνασι
1227 812 1405 845 διαζώννυται
1423 813 1562 848 ἡκαλάμη
1576 812 1621 839 τοῦ
1640 813 1682 839 σί-

68 871 118 898 pere
128 871 203 898 eoque
221 862 339 888 animum
363 860 488 896 inferente
510 860 630 887 omnibus
651 861 727 887 satis.
745 859 841 887 Conci-

900 869 950 892 του,
963 861 1006 887 ἴνα
1020 860 1114 895 ὥσπερ
1130 859 1273 895 σύνδεσμοί
1287 867 1357 891 τινες
1372 859 1471 895 ῥᾳδίως
1487 859 1518 885 τὸ
1533 859 1615 894 βάρος
1628 859 1682 885 τῶν

68 910 131 943 piunt
149 909 226 935 variis
245 907 385 938 diebus,et
401 915 449 940 pro
470 915 518 933 sua
537 914 644 942 qua'que
661 911 771 939 natura,
788 907 843 933 alia

68 957 174 990 protinus
185 959 212 982 ut
225 954 367 984 animalia.
389 953 491 980 tardius
508 953 609 988 aliqua,
626 958 650 980 et
666 953 765 980 diutius
782 962 844 988 gra-

69 1002 119 1030 vida
131 1006 220 1036 portus
245 999 442 1036 gerunt:quod
468 1000 623 1035 germinatio
647 1000 704 1026 ideo
724 1004 842 1027 vocatur.

69 1047 168 1075 Pariunt
193 1055 252 1074 vero
268 1055 326 1074 cum
340 1047 447 1081 ﬂorent,
468 1046 568 1080 ﬂosque
582 1045 627 1072 ille
644 1046 727 1080 ruptis
741 1049 844 1072 constat

75 1095 193 1121 utriculis.
221 1093 353 1120 Educatio
374 1093 399 1118 in
413 1101 489 1127 pomo
503 1097 541 1119 est
553 1102 559 1119 :
572 1092 619 1119 hoc
634 1097 658 1119 et
674 1093 842 1127 germinatio.

71 1141 127 1168 Vide
135 1140 363 1175 Theophrastum,
375 1139 412 1166 De
422 1139 514 1166 histor.
526 1140 622 1172 plant.,
637 1139 682 1166 lib.
693 1148 732 1169 ιιι,
747 1147 806 1174 cap.
817 1139 844 1172 6,

74 1194 102 1212 ex
124 1194 174 1220 quo
202 1193 252 1212 sua
280 1189 419 1211 mutuatus
450 1189 490 1211 est
516 1183 631 1211 Plinius.
659 1184 845 1211 Pulcherrima

69 1231 167 1259 Ocellus
177 1231 317 1263 Lucanus,
331 1231 378 1257 lib.
406 1238 454 1258 vni
475 1231 511 1257 De
523 1230 694 1263 universo,de
709 1230 844 1258 seminum

68 1282 130 1310 ortu,
149 1283 176 1305 et
189 1278 323 1304 arborum
346 1277 525 1312 productione
542 1277 675 1304 circulum
692 1276 843 1304 constituit.

68 1323 175 1352 Arbores
184 1325 261 1351 enim
273 1323 388 1350 l'ructnm
401 1323 529 1356 ferentes,
542 1328 699 1358 czeterazque
705 1323 804 1357 planta:
813 1331 845 1350 ex

68 1370 205 1397 seminibus
226 1369 271 1397 sui
293 1374 371 1396 ortus
391 1369 497 1395 initium
521 1368 632 1401 habent,
661 1369 766 1396 fruetus
780 1377 846 1396 vero

68 1415 181 1449 producti
197 1421 223 1442 et
238 1415 297 1450 jam
313 1414 425 1450 perfecti
452 1423 548 1442 rursus
565 1415 599 1442 ab
612 1415 706 1442 eodem
722 1415 749 1441 in
775 1415 845 1442 idem

68 1465 227 1487 commeante
250 1463 350 1486 natura
368 1459 567 1487 dissolvuntur.
591 1459 667 1493 Quod
685 1463 712 1487 et
728 1459 761 1487 de
779 1467 846 1494 qua-

68 1511 122 1534 tuor
134 1507 332 1533 elementorum
347 1507 520 1542 generatione
528 1507 626 1534 asserit
640 1516 645 1533 ε
660 1507 719 1542 Πῦρ
732 1506 781 1542 μὲν
792 1506 846 1543 γὰρ

67 1553 101 1584 εἰς
114 1552 142 1579 ἓν
166 1552 363 1588 συνερχόμενον
382 1552 453 1588 ἀέρα
474 1553 622 1588 ἁπογεννᾷ,
649 1552 702 1588 ἀὴρ
718 1552 746 1579 δὲ
763 1552 845 1588 ὕδωρ,

68 1598 130 1634 ὕδωρ
146 1599 174 1625 δὲ
188 1600 254 1635 γῆν,
270 1600 323 1626 ἀπὸ
337 1599 387 1634 γῆς
401 1599 429 1625 δὲ
446 1599 463 1634 ἡ
480 1599 548 1625 αὐτῇ
566 1599 688 1635 περίοδος
701 1599 750 1635 τῆς
766 1608 849 1634 μετα-

68 1643 138 1679 ϐολῆς
155 1644 236 1680 μέχρι
255 1643 351 1679 πυρὸς,
369 1643 430 1670 ὅθεν
447 1644 549 1680 ἤρξατο
573 1644 759 1679 μεταϐάλλειν.
771 1645 802 1671 Ol
821 1644 849 1671 δὲ

68 1690 157 1725 καρποὶ
175 1689 271 1717 καὶτὰ
287 1690 400 1717 πλεῖστα
417 1691 470 1717 τῶν
487 1690 636 1726 ριζοφύτων
653 1691 707 1718 ἀπὸ
724 1691 850 1727 σπερμά-

67 1745 113 1763 των
123 1737 251 1764 ἀνέλαϐον
266 1737 314 1773 τὴν
328 1737 414 1773 ἀρχὴν
430 1739 480 1773 τῆς
494 1738 642 1772 γενέσεως⁸
670 1738 850 1774 καρπωθέντα.

67 1781 92 1808 δὲ
109 1783 152 1809 καὶ
180 1783 430 1818 τελεσφορήσαντα,
454 1783 535 1810 πάλιν
564 1784 611 1810 ἐπὶ
634 1784 665 1810 τὺ
680 1783 789 1819 σπέρμα
800 1784 850 1820 τὴν

68 1828 185 1855 ἀνάλυσιν
201 1830 322 1856 ποιεῖται
344 1829 398 1855 ἀπὺ
422 1829 468 1856 τοῦ
494 1829 588 1861 αὑτοῦ,
612 1830 659 1856 καὶ
676 1830 722 1857 ἐπὶ
738 1830 769 1856 τὺ
786 1830 851 1856 αὐτὸ

67 1873 106 1908 rip
127 1873 242 1905 διέξοδον
254 1873 465 1910 ἐπιτελουμένης
479 1875 529 1910 τῆς
544 1874 660 1906 φύσεως.

99 1919 175 1951 Ibid.,
197 1920 248 1948 lin.
275 1920 319 1947 '58.
341 1921 452 1947 Νοτίὸίι
474 1921 528 1955 γὰρ
559 1921 681 1955 θερμήν.
712 1921 851 1955 Basilius,

69 1965 135 1992 hom.
148 1966 165 1993 5
180 1976 186 1994 :
204 1966 292 1993 ὀταν
312 1967 339 1998 ὲς
353 1966 404 2001 γῆν
419 1967 561 2002 καταπέσῃ
574 1967 604 1993 τὸ
619 1967 729 2003 σπέρμα
745 1967 852 2003 συμμέ-

70 2019 135 2047 τρως
146 2013 250 2044 νοτίδος
263 2012 309 2038 καὶ
325 2011 428 2048 θέρμης
451 2012 574 2047 ἔχουσαν.
597 2013 694 2048 χαῦνον
709 2013 853 2049 γενόμενον

69 2057 110 2083 καὶ
127 2057 292 2094 πολύπορον,
305 2058 355 2093 τῆς
370 2059 575 2095 παρακειμένης
590 2059 643 2094 γῆς
655 2059 854 2096 περιδραξάμε-

70 2110 124 2135 νον,
141 2103 175 2129 τὰ
191 2104 282 2130 οἰκεῖα
302 2103 350 2130 καὶ
368 2103 494 2139 σύμφυλα
511 2105 579 2140 πρὸς
595 2104 675 2131 ἑαυτὸ
691 2105 851 2131 ἐπισπᾶται.

75 2147 254 2183 Ἐμπίπτοντα
267 2149 296 2175 δὲ
304 2150 360 2181 τοῖς
372 2150 476 2186 πόροις,
485 2151 531 2177 καὶ
545 2159 580 2177 πε
584 2150 795 2186 ριολισθαίνοντα
805 2151 853 2187 τῆς

894 907 1037 942 ἀσταχύων
1053 907 1182 942 φέρωσιν,
1195 906 1258 933 ὅταν
1271 905 1384 941 πλήρεις
1399 905 1473 937 ὄντες
1487 905 1600 942 καρπῶν
1615 906 1683 941 πρὸς

893 955 942 989 τὴν
956 954 1007 989 γῆν
1023 953 1256 986 κατακλίνωνται;
1284 952 1333 978 Διὰ
1352 952 1430 978 τοῦτο
1444 953 1458 978 ό
1473 952 1521 987 μὲν
1536 951 1635 988 βρόμος
1649 952 1682 979 δι’

894 1000 955 1027 ὅλου
971 1000 1057 1033 κενὸς,
1070 999 1117 1026 ἅτε
1130 999 1226 1035 μηδενὶ
1240 999 1289 1035 τὴν
1302 998 1421 1034 κεφαλὴν
1433 998 1625 1034 βαρυνόμενος,
1637 997 1683 1025 τὸν

894 1045 922 1072 δὲ
940 1047 1012 1072 σῖτον
1025 1047 1080 1077 τοῖς
1097 1045 1255 1080 συνδέσμοις
1272 1044 1375 1076 τούτοις
1389 1045 1405 1080 ή
1424 1044 1504 1079 φύσις
1516 1044 1683 1080 κατησφαλί-

896 1101 969 1119 σατο.
989 1093 1032 1119 Ἐν
1046 1092 1116 1128 θήκῃ
1142 1092 1171 1118 δὲ
1187 1092 1233 1119 τὸν
1247 1092 1346 1119 κόκκον
1360 1091 1525 1127 ἀποθεμένη,
1537 1091 1574 1123 ὡς
1589 1092 1626 1127 μὴ
1640 1092 1683 1118 εύ-

894 1138 1060 1173 διάρπαστον
1074 1135 1142 1164 εἶναι
1157 1138 1214 1168 τοῖς
1228 1136 1434 1174 σπερμολόγους,
1444 1137 1484 1163 ἔτι
1499 1137 1546 1163 καὶ
1559 1138 1590 1172 τῇ
1607 1145 1684 1172 περι-

896 1185 959 1220 ϐολῇ
976 1185 1030 1212 τῶν
1053 1184 1204 1220 ἀνθερίκων
1226 1182 1281 1211 οἷον
1304 1185 1378 1211 ἀκίσι
1393 1184 1441 1216 τὰς
1456 1185 1488 1211 ὲκ
1503 1184 1557 1211 τῶν
1579 1184 1684 1220 μικρῶν

896 1231 972 1263 ζώων
996 1231 1124 1266 ἀφίστησι
1149 1231 1260 1266 βλάϐας.
1279 1230 1377 1258 Cicero
1399 1230 1432 1258 de
1460 1234 1599 1258 senectute
1626 1230 1684 1257 haec

896 1277 987 1304 omnia
999 1277 1181 1305 disertissime
1195 1277 1370 1312 prosequitur
1383 1284 1390 1302 :
1406 1276 1563 1313 Quanquam
1575 1285 1616 1304 me
1627 1277 1685 1312 qui-

896 1323 955 1350 dem
970 1332 1022 1350 non
1037 1323 1140 1357 fructus
1154 1323 1242 1352 modo.
1253 1323 1299 1350 sed
1309 1323 1389 1350 etiam
1401 1323 1482 1356 ipsius
1497 1327 1574 1350 teme
1585 1323 1631 1357 jus
1654 1330 1685 1349 ac

897 1373 996 1398 natura
1016 1369 1129 1396 delectat
1144 1377 1153 1395 :
1168 1378 1226 1404 qua:
1237 1377 1294 1396 cum
1326 1369 1424 1404 gremio
1442 1369 1543 1396 mollito
1572 1377 1602 1395 ac
1621 1369 1685 1395 sub-

898 1419 955 1442 acto
966 1423 1052 1442 semen
1068 1422 1190 1449 sparsum
1202 1415 1297 1449 excipit
1314 1422 1323 1441 :
1346 1415 1461 1449 primum
1476 1414 1503 1441 id
1528 1420 1686 1442 occercatum

898 1460 1020 1492 cohibet;
1046 1468 1078 1487 ea:
1091 1469 1142 1496 quo
1158 1461 1272 1493 occatio,
1298 1469 1356 1496 qua:
1380 1460 1428 1487 hoc
1448 1461 1534 1495 eﬂicit,
1552 1461 1686 1488 nominata

899 1511 959 1534 est:
973 1507 1067 1534 deinde
1083 1507 1239 1542 tepefactum
1255 1515 1348 1541 uapore
1363 1512 1386 1534 et
1404 1515 1554 1541 compressu
1568 1515 1617 1534 suo
1637 1507 1688 1542 dif-

899 1554 1001 1589 fundit,
1012 1560 1036 1582 et
1056 1555 1129 1582 elicit
1143 1555 1332 1582 herbescentem
1347 1563 1380 1581 ex
1392 1563 1421 1582 eo
1436 1555 1595 1582 viriditatem
1606 1563 1616 1587 ;
1630 1562 1688 1590 qua:

904 1601 948 1629 vix
969 1610 985 1628 α
1002 1601 1076 1636 ﬁbris
1099 1602 1237 1635 stirpium,
1266 1602 1363 1629 sensim
1385 1601 1521 1633 adolescit,
1553 1601 1689 1636 culmoque

905 1655 992 1675 erecta
1005 1648 1165 1681 geniculato,
1181 1648 1282 1683 vaginis
1294 1648 1353 1682 jam
1361 1648 1438 1683 quasi
1451 1647 1590 1682 pubescens
1602 1648 1689 1674 inclu-

901 1693 984 1725 ditur,
1002 1702 1015 1720 e
1034 1693 1127 1728 quibus
1149 1702 1208 1720 cum
1227 1694 1377 1726 emerserit,
1391 1694 1478 1728 frendit
1490 1694 1591 1729 frugem
1605 1695 1689 1729 spisso

902 1739 993 1766 ordine
1009 1745 1138 1771 sructam,
1158 1744 1182 1766 et
1198 1744 1290 1766 contra
1314 1741 1402 1767 avium
1426 1741 1558 1767 minorum
1573 1749 1689 1768 morsum

902 1786 1021 1812 munitur
1043 1785 1113 1813 uallo
1135 1786 1292 1812 aristarum.
1317 1785 1393 1813 Hanc
1422 1787 1486 1814 item
1516 1791 1619 1814 natura:
1635 1787 1688 1814 vim

902 1833 940 1858 ita
956 1831 1073 1866 explicat
1085 1831 1239 1859 Alexander
1251 1831 1440 1867 Aphrodiscus
1461 1832 1489 1859 in
1505 1832 1551 1859 lib.
1574 1841 1594 1865 ι,
1619 1833 1689 1860 Pro-

904 1878 981 1905 blem.
997 1877 1023 1904 in
1036 1885 1152 1912 procem.
1165 1887 1171 1905 :
1186 1877 1315 1914 Καρποὺς
1330 1878 1358 1905 δὲ
1369 1878 1474 1910 πάντας
1487 1879 1534 1905 καὶ
1545 1879 1690 1915 σπέρματα

903 1924 972 1960 πρὸς
984 1924 1091 1958 γένεσιν
1107 1924 1154 1951 καὶ
1170 1924 1295 1961 διαδοχὴν
1310 1924 1358 1951 τοῦ
1368 1925 1462 1959 γένους
1474 1926 1658 1962 τεχτηναμένη
1671 1927 1688 1961 ὴ

904 1970 1119 2005 φύσις,λεπίσιν,
1133 1971 1150 2006 ἢ
1166 1970 1272 2005 σώμασί
1286 1979 1356 1997 τισιν
1367 1971 1485 2007 ὑγροῖςῆ
1504 1971 1655 2005 ξυλὼδεσιν,
1672 1973 1689 2008 ἢ

903 2017 1045 2053 δέρμασιν,
1065 2017 1165 2053 ὁμοίως
1193 2018 1362 2053 ἠσφαλίσατο
1375 2026 1382 2032 ’
1393 2018 1517 2054 καθάπερ
1541 2019 1569 2045 ὲν
1583 2019 1692 2054 κιεωτῷ

904 2065 1013 2096 τούτους
1033 2064 1216 2100 ἀποκρύψασα
1233 2065 1302 2101 πρὸς
1317 2065 1461 2100 ἀποφυγὴν
1483 2065 1581 2101 κρύους
1596 2066 1613 2102 ἢ
1630 2066 1693 2093 θάλ-

906 2111 1008 2147 πους,ἦ
1024 2110 1102 2143 ζώων
1115 2110 1196 2137 τινῶν
1205 2111 1378 2138 ἀδικούντων.
1387 2111 1442 2138 Καὶ
1458 2111 1559 2138 αὑτὸδὲ
1571 2112 1602 2139 τὸ
1616 2113 1678 2148 περί
1687 2128 1693 2132 -

906 2156 999 2192 ϐλημα
1019 2156 1159 2189 παντελῶς
1181 2158 1290 2193 ἀχρεῖον
1304 2157 1335 2184 οὑ
1351 2157 1517 2193 κατέλειψεν,
1535 2158 1602 2185 ἀλλὰ
1626 2159 1694 2194 πρὸς

69 2193 116 2238 γῆς
137 2194 172 2221 τὰ
194 2194 347 2221 λεπτότατα
362 2195 455 2230 μόρια,
472 2196 518 2221 ἐπὶ
541 2196 621 2223 πλέον
635 2194 776 2232 ἀνευρύνει
790 2196 854 2227 τοὺς
871 2200 891 2226 D
906 2201 1008 2238 τροφὴν
1021 2202 1237 2238 παρεσκεύασεν,

69 2237 159 2273 δγκους
172 2240 268 2271 αὑτοῦ,
290 2240 359 2267 ὥστε
372 2241 512 2276 ῥιζοῦσθαι
529 2242 577 2277 μὲν
593 2243 633 2274 είς
656 2242 686 2268 τὸ
707 2242 791 2274 κάτω,
809 2242 855 2268 ἐπὶ

69 2285 97 2311 τὺ
106 2286 159 2312 ἄνω
174 2287 203 2313 δὲ
220 2286 390 2322 προκύπτειν
406 2287 556 2324 ἰσαρίθμων
566 2289 626 2320 ταῖς
637 2287 726 2324 ῥίζαις
739 2288 792 2315 τῶν
804 2297 855 2314 κα-

69 2330 156 2367 λάμων
171 2334 410 2369 προὸαλλομένων.
423 2334 538 2362 Joannis
549 2343 598 2367 xu,
610 2335 736 2362 Christus
752 2336 855 2370 optima

70 2378 246 2405 simil.tudine
261 2387 295 2405 ex
309 2387 394 2414 grano
406 2379 434 2406 in
446 2385 516 2407 terra
530 2380 662 2408 moriente
677 2380 856 2414 ducta,suam

69 2423 303 2458 gloriﬁcationem,
325 2433 374 2452 nec
392 2434 446 2452 non
461 2429 487 2453 et
501 2427 617 2453 aliorum
634 2427 762 2454 ostendit.
783 2427 857 2460 Quo—

70 2470 146 2497 modo
161 2474 255 2498 antem
269 2479 303 2498 ex
316 2472 430 2503 semine,
448 2476 495 2499 aut
506 2473 609 2507 planta.
627 2477 674 2500 aut
691 2474 791 2501 animal
808 2481 856 2509 ge-

71 2520 178 2543 neretur
194 2517 281 2544 habes
296 2525 328 2545 ex
345 2518 491 2545 Aristotele
511 2526 530 2546 ιι
560 2518 598 2545 De
618 2523 735 2553 generat.
761 2519 856 2551 anim.,

69 2568 126 2595 cap.
140 2561 168 2593 1,
183 2562 231 2589 ubi
251 2562 308 2589 haec
323 2563 402 2598 longe
416 2563 511 2595 dubia,
537 2568 563 2590 et
579 2568 765 2598 c0utroversa,
789 2565 857 2592 satis

70 2609 145 2633 acute
163 2607 237 2634 sicut
253 2612 279 2634 et
300 2611 398 2634 caatera
425 2608 518 2635 omnia
534 2608 741 2643 perpenduntur
767 2612 794 2636 et
810 2616 858 2635 ex-

70 2652 215 2685 phcantur.

103 2697 181 2730 Ibid..
194 2700 245 2728 lin.
261 2700 306 2728 45.
329 2701 525 2736 Θαλπομένου
539 2700 574 2727 δὲ
587 2701 633 2728 ἀεὶ
650 2701 702 2729 τοῦ
720 2701 858 2735 βλαστή-

68 2752 167 2778 [ιατος.
196 2745 324 2779 Basilius,
349 2747 423 2774 hom.
442 2747 458 2775 5
484 2757 490 2775 :
518 2747 691 2783 Θαλπομένου
712 2748 740 2775 δὲ
755 2749 797 2775 ἀεὶ
811 2748 857 2775 τοῦ

72 2790 259 2828 βλαστήματος
276 2793 428 2830 συρομένην
449 2794 492 2820 διὰ
509 2794 562 2820 τῶν
584 2793 667 2830 ῥιζῶν
688 2795 737 2831 τὴν
757 2795 855 2827 νοτίδα,

108 2837 130 2853 ίδ
149 2836 215 2865 Cen.
236 2847 280 2874 m._
292 2839 335 2867 I8.

294 2888 428 2924 ΡΑτιιοι..
448 2888 507 2918 Gn.
526 2888 640 2919 XVIII.

942 2247 1023 2280 lbid.,
1048 2247 1096 2274 lin.
1116 2248 1161 2275 57.
1178 2247 1235 2275 Kal.
1250 2248 1277 2274 εἰ
1293 2247 1525 2282 συνεϐλάστησε
1550 2249 1612 2282 τοῖς
1634 2258 1696 2282 τρο-

905 2292 1015 2327 φίμοις.
1050 2292 1179 2326 Basilius,
1196 2293 1270 2320 hom.
1289 2293 1306 2320 5
1322 2303 1328 2320 :
1346 2293 1400 2319 Kal.
1421 2293 1522 2325 εὐθέως
1539 2294 1694 2329 συνεξεεόϐη

906 2339 962 2370 τοῖς
979 2339 1121 2374 τροφίμοις
1135 2339 1169 2365 τὰ
1186 2338 1347 2374 δηλητήρια,
1364 2339 1433 2373 μετὰ
1444 2339 1491 2366 τοῦ
1508 2340 1581 2366 σίτου
1597 2340 1627 2367 τὸ
1643 2343 1697 2367 me.

907 2393 988 2416 νειον,
1015 2377 1085 2420 μετὰ
1112 2384 1165 2411 τῶν
1182 2384 1282 2411 λοιπῶν
1305 2385 1456 2420 τροφίμων,
1482 2385 1621 2421 ἐλλέϐορος
1650 2387 1697 2413 καὶ

908 2430 1041 2461 ἀκόνιτον,
1062 2430 1108 2457 καὶ
1122 2430 1311 2466 μανδραγόρας
1326 2430 1372 2456 καὶ
1386 2431 1400 2456 ό
1412 2431 1462 2465 τῆς
1479 2431 1604 2466 μήκωνος
1619 2431 1694 2463 ὀπός.

909 2475 1001 2504 Multis
1019 2476 1088 2503 hanc
1106 2476 1286 2511 quazstionem
1304 2476 1442 2511 proponit,
1457 2481 1484 2503 et
1498 2477 1623 2504 dissolvit
1643 2477 1698 2504 Lu-

909 2522 1022 2549 dovicus
1037 2521 1149 2554 Fidelis,
1163 2521 1199 2548 De
1214 2521 1306 2548 mundi
1319 2526 1465 2553 structura,
1475 2522 1523 2548 lib.
1542 2529 1577 2554 IV,
1596 2529 1656 2556 cap.
1669 2522 1696 2554 6,

909 2574 935 2597 et.
954 2569 1102 2604 respondet
1122 2577 1217 2597 eorum
1245 2569 1380 2604 opinioni,
1406 2569 1453 2604 qui
1481 2569 1580 2597 herbas
1601 2569 1698 2597 noxias

910 2618 988 2642 sexto
999 2615 1044 2642 die
1054 2620 1115 2650 post
1130 2615 1211 2650 primi
1229 2615 1351 2649 parentis
1362 2615 1608 2649 transgressionem
1629 2623 1697 2642 eon-

909 2661 981 2688 ditas
1000 2660 1167 2692 sentiebant,
1185 2660 1231 2687 illa
1253 2661 1382 2688 suasione
1397 2660 1523 2694 permoti,
1538 2660 1611 2695 quod
1627 2660 1698 2688 Deus

910 2704 1048 2732 hominem
1061 2705 1259 2738 condemnans,
1275 2705 1397 2732 futurum
1414 2705 1565 2740 respiciens
1576 2705 1675 2733 dixerit
1689 2716 1696 2734 :

910 2750 1073 2778 Cerminabit
1091 2750 1138 2777 tibi
1155 2755 1225 2778 terra
1244 2751 1356 2778 tribulos
1377 2756 1402 2778 et
1421 2752 1511 2786 spinas
1521 2752 1554 2785 “,
1583 2752 1700 2787 ideoque

909 2803 1004 2825 remur
1021 2798 1047 2826 in
1074 2797 1265 2833 hujuscemodi
1290 2798 1522 2834 transgressionis
1539 2806 1650 2834 poenam
1667 2805 1699 2826 ac

1504 2890 1542 2920 ΖΠ
