1903 3068
212 147 227 173 8
232 144 263 173 45

880 139 1002 168 LEONIS
1021 140 1160 167 ALLATll

1777 137 1826 166 846

211 205 358 233 vindictam
371 203 469 231 herbas
481 203 577 230 noxias
588 206 649 238 post
660 201 725 230 Adae
736 202 990 238 ,przvaricationem

1046 201 1153 237 λέῆορον
1165 203 1219 233 τοῖς
1233 201 1386 236 ἀνθρώποις
1396 199 1555 236 δηλητήριον
1568 199 1642 230 ὕντα,
1657 198 1746 234 ψᾶρες
1758 198 1786 226 δὲ
1799 199 1827 225 τὸ

211 250 299 279 solum
317 247 401 275 fuisse
423 246 577 278 productas.
597 246 667 273 Vera
684 250 775 273 tamen
791 248 832 273 est
859 244 994 272 sententia

213 294 346 324 Eustathii
359 297 386 321 et
401 294 516 321 aliorum
526 293 573 327 qui
589 292 687 321 herbas
698 292 747 320 has
763 292 856 319 noxias
868 298 921 318 una
932 297 993 318 cum

213 341 273 369 aliis
291 340 382 368 herbis
395 343 536 374 generatas
552 338 699 366 existimat.
719 337 804 365 Noxia
823 337 895 364 enim
908 340 935 364 et
951 344 989 363 re-

215 394 316 414 nenosa
333 386 415 413 rebus
430 385 491 412 aliis
505 385 647 412 commista
661 384 780 411 humano
788 383 879 418 generi
894 383 921 409 in
932 389 995 409 cor-

215 433 289 468 poris
304 430 512 466 :egritudinibus
538 430 667 457 sanandis
692 429 754 456 usui
769 433 842 456 sunt.
863 427 917 455 Nec
940 435 995 454 non

215 477 378 505 animalibus
392 476 566 511 quibusdam,
593 482 688 502 eorum
713 474 837 509 corporis
862 473 995 500 constituo

215 525 288 551 tione
310 524 347 550 ita
371 526 511 557 poscente,
538 529 587 557 pro
613 522 742 548 alimento
772 519 945 554 deserviunt,
966 523 996 546 ut

215 569 345 604 exemplis
362 567 476 595 inferius
491 566 604 602 patebit.
618 566 771 596 Lucretius.
790 566 838 592 lib.
852 573 867 591 ν
885 574 892 592 :

268 657 398 684 Prteterea
415 656 489 683 nobis
503 661 634 682 veratrum
647 660 684 682 est
701 663 760 681 acre
777 663 911 685 venenum,

268 694 302 718 At
326 692 412 725 capris
431 691 532 726 adipes,
555 695 580 717 et
598 690 777 717 colui-uicibus
797 695 886 724 auget.

268 727 369 761 Quippe
382 726 466 753 videre
484 727 541 752 licet
556 727 722 760 pinguescere
739 733 807 758 sa’pe
817 725 904 751 cicuta

265 763 423 797 Barbigeras
431 761 551 796 pecudes,
567 761 665 787 homini
677 768 733 795 qute
739 766 778 786 est
791 768 852 786 acre
861 767 993 786 venenum.

216 852 287 879 idem
311 851 430 879 sentiunt
455 851 641 878 Theodoretus
663 854 689 878 et
705 850 883 884 Ambrosius;
899 855 925 878 ot
942 850 995 877 Au-

217 898 310 925 sonius
326 897 363 924 ait
378 907 385 924 :

252 988 350 1015 Toxica
363 986 480 1022 zelotypo
491 986 563 1012 dedit
579 994 646 1013 uxor
657 986 756 1013 moecha
767 995 871 1018 veneno,

287 1022 342 1049 Nec
356 1023 419 1049 satis
434 1021 471 1048 ad
485 1027 591 1047 mortem
613 1021 722 1048 credidit
735 1030 791 1048 esse
799 1022 902 1049 datum.

252 1058 360 1085 Miscuit
372 1057 474 1091 argenti
483 1056 592 1083 lethalia
603 1057 719 1090 pondera
734 1057 794 1089 vivi,

285 1092 393 1127 ϐαθεῖαι
402 1097 430 1118 ut
441 1092 548 1118 celerem
557 1092 594 1127 bis
603 1092 735 1126 geminata
751 1100 847 1118 necem.

252 1126 357 1154 Dividat
371 1128 425 1154 htec
437 1127 534 1161 siquis,
550 1126 773 1160 faciuntdiscreta
790 1135 923 1159 uenenum,

287 1162 439 1189 Antidotum
451 1167 550 1188 sument
567 1169 625 1195 quae
639 1162 739 1188 sociata
752 1162 831 1190 bibet.

217 1240 261 1267 Sic
276 1244 302 1267 et
316 1239 493 1266 animantium
510 1247 608 1274 genera
620 1239 733 1274 pulchra
743 1243 818 1272 sunt,
833 1243 860 1266 et
876 1239 995 1266 homini-

216 1287 267 1314 bus
282 1295 335 1314 non
353 1286 444 1313 minus
467 1286 542 1312 utilia
562 1293 642 1321 quam
663 1286 818 1313 necessaria
838 1294 844 1312 :
863 1286 995 1313 nonnulla

215 1336 305 1360 tamen
321 1332 473 1367 perniciosa
485 1336 550 1359 sunt
564 1336 592 1359 et
609 1332 717 1359 nociva.
731 1330 836 1359 Plinius
852 1331 995 1359 Naturalis

212 1377 290 1406 .l'list.
311 1378 358 1405 lib.
374 1386 405 1409 ιι,
423 1385 482 1412 cap.
500 1378 544 1408 65,
561 1377 643 1404 aliam
661 1377 742 1411 hujus
762 1377 801 1404 rei
821 1385 932 1405 causam
951 1385 995 1405 as-

215 1422 326 1458 signat:
343 1422 412 1455 Quin
438 1426 463 1449 et
486 1430 582 1449 uenena
598 1426 694 1448 terram
709 1423 792 1449 nostri
810 1423 944 1449 misertam
955 1423 996 1449 in.

215 1469 332 1495 stituisse
349 1467 420 1494 credi
440 1471 539 1500 potest,
563 1475 594 1494 ne
615 1467 642 1494 in
665 1467 744 1493 tmdio
757 1467 823 1494 dira‘
835 1467 896 1495 :itte
915 1467 995 1501 famis

216 1522 297 1546 mors,
313 1519 389 1541 terra!
403 1514 502 1540 meritis
515 1513 687 1545 alienissima,
704 1513 774 1540 lenta
789 1522 836 1540 nos
858 1521 996 1540 consume-

215 1564 254 1587 ret
268 1559 337 1591 tabe,
353 1567 384 1586 ne
400 1559 514 1586 lacerum
527 1566 621 1592 corpus
632 1559 746 1593 abrupta
761 1558 950 1594 dispergerent,
965 1566 996 1585 ne
1009 1549 1030 1577 (ἶ

216 1606 302 1641 laquei
329 1610 457 1640 torqueret
482 1613 558 1640 ptena
581 1610 753 1639 pra’postera,
779 1605 882 1631 incluso
902 1605 996 1638 spiritu

214 1654 258 1680 cui
267 1658 428 1688 quereretur
438 1652 523 1679 exitus
537 1660 545 1678 :
558 1660 588 1679 ne
609 1651 634 1678 in
644 1651 773 1686 profundo
783 1652 894 1687 quesita
904 1657 997 1685 morte,

215 1699 351 1733 sepultura
363 1697 459 1733 pabulo
475 1698 559 1732 ﬁeret,
582 1706 613 1724 ne
636 1697 700 1732 ferri
719 1700 853 1724 cruciatus
868 1697 997 1724 scinderet

214 1753 321 1780 corpus.
340 1744 384 1771 Ita
398 1749 436 1771 est
459 1745 578 1776 miserta,
609 1745 697 1779 genuit
716 1744 743 1770 id
760 1744 835 1777 cuius
863 1744 996 1778 facillime

215 1791 322 1824 haustu,
337 1790 440 1817 illibato
457 1797 574 1824 corpore,
587 1795 611 1816 et
625 1798 683 1816 cum
702 1794 755 1816 tato
771 1791 897 1824 sanguine
911 1791 997 1816 extin-

214 1844 362 1872 gueremur,
375 1836 448 1862 nullo
466 1836 565 1868 labore,
579 1835 728 1862 sitientibus
744 1835 842 1862 similes
859 1843 868 1862 .'
882 1835 997 1870 qualiter

213 1881 350 1916 defunctos
365 1889 417 1908 non
428 1880 552 1913 volucris,
566 1888 616 1906 non
628 1880 686 1914 fera
705 1880 855 1915 attingeret,
871 1885 996 1915 terra!un

213 1927 421 1961 servaretur,qui
428 1926 477 1953 sibi
487 1927 535 1960 ipsi
543 1926 676 1960 periisset;
685 1931 719 1959 et,
727 1931 754 1952 ut
761 1935 846 1953 verum
855 1926 995 1961 fateantur,

214 1979 285 2001 terra
311 1974 385 2001 nobis
412 1974 543 2000 malorum
572 1973 714 2000 remedium
736 1978 836 2008 genuit,
859 1981 905 2000 nos
928 1973 995 2000 illud

214 2020 273 2048 vitro
302 2020 414 2054 facimus
442 2027 577 2046 venenum.
602 2018 655 2047 Sed
681 2019 747 2054 quid
779 2019 882 2046 diceret
913 2019 995 2046 homo

213 2065 351 2096 ethnicus,
369 2065 442 2091 omni
464 2065 557 2091 divino
579 2064 682 2092 lumine
702 2065 859 2097 destitutus,
886 2073 995 2100 praeque

214 2110 308 2137 mundi
338 2109 419 2144 hujus
452 2111 564 2137 caducis
591 2110 741 2143 blanditiis,
769 2111 836 2138 nihil
854 2112 994 2140 aestimans

212 2160 353 2188 retentum,
365 2156 466 2182 nullam
479 2162 641 2191 exspectans
658 2156 813 2185 felicitatem
826 2157 837 2183 'I

247 2213 305 2241 Col.
325 2213 386 2245 't'l6,
404 2213 452 2240 lin.
477 2213 503 2240 4.
526 2213 561 2240 Τὸ
578 2213 637 2248 μὲν
655 2215 709 2249 γὰρ
721 2213 854 2242 κώνειον.
875 2214 992 2242 Basilius
1009 2231 1031 2258 Ι)

212 2259 286 2286 hom.
303 2259 336 2286 5:
350 2259 386 2285 Τὸ
401 2259 449 2294 μὲν
465 2259 518 2295 γὰρ
533 2258 644 2286 κώνειον
654 2261 679 2286 οἱ
694 2260 780 2296 ψᾶρες
792 2261 934 2296 βόσκονται
950 2261 993 2288 διὰ

211 2305 260 2341 τὴν
270 2305 440 2341 κατασκευὴν
463 2306 508 2332 τοῦ
518 2305 642 2340 σώματος
656 2306 703 2342 τὴν
719 2308 751 2334 ὲκ
762 2306 809 2333 τοῦ
827 2307 990 2343 δηλητηρίου

212 2349 314 2385 βλάδην
336 2349 585 2384 ἀποδιδράσκοντες.
602 2351 725 2383 Aci-nou;
734 2351 788 2387 γὰρ
806 2352 913 2387 ἔχοντες
929 2353 992 2383 τοὺς

210 2394 264 2421 ἀπὸ
277 2396 326 2430 τῆς
340 2395 452 2429 καρδίας
464 2395 573 2431 πόρους,
593 2395 739 2430 φθάνουσιν
756 2397 873 2431 ἐκπέψαι
888 2398 918 2424 τὸ
941 2406 992 2424 κα-

209 2440 337 2473 ταποθὲν,
353 2442 416 2478 πρὶν
432 2441 480 2477 τὴν
495 2443 541 2468 ἀπ’
552 2442 634 2469 αὑτοῦ
651 2442 730 2477 ψῦξιν
741 2443 794 2469 τῶν
811 2443 925 2479 καιρίων
942 2452 992 2470 κα-

210 2485 355 2520 θάψασθαι.
373 2486 528 2515 Alexander
549 2488 735 2522 Aplirodiseus
753 2489 800 2516 lib.
817 2496 835 2522 I,
856 2487 992 2516 Problem.

210 2533 237 2560 in
252 2532 420 2568 prafatione.
435 2533 527 2566 Quare
544 2540 652 2561 veratro
674 2535 839 2566 coturnices,
859 2539 885 2562 et
903 2535 992 2562 slurni

208 2578 298 2606 cicuta
315 2583 470 2612 vescantur,
485 2580 556 2606 inter
581 2581 747 2614 quaestiones
774 2581 991 2616 inexplicabiles,

209 2623 317 2659 Deoque
331 2625 382 2652 soli
401 2625 534 2653 duntaxat
554 2630 683 2661 tanquam
703 2634 798 2654 eorum
825 2627 924 2654 artiﬁci
949 2636 993 2656 so-

209 2669 354 2696 lertissimo
365 2671 487 2705 cognitas
504 2671 602 2705 rejicit.

243 2714 323 2747 lbid.,
338 2715 385 2743 lin.
399 2716 427 2744 8.
448 2717 503 2743 Τὸν
518 2717 552 2743 δὲ
570 2718 731 2752 ἐλλέϐορον
742 2718 890 2746 ἐσθίουσι.
913 2719 991 2747 Basi-

208 2759 262 2786 lius
272 2760 344 2788 hom.
358 2761 374 2788 5
385 2771 391 2788 :
411 2762 567 2798 Ἐλλὲὁορος
579 2763 606 2790 δὲ
615 2764 737 2799 ὀρτύγων
747 2766 804 2792 ἐστὶ
817 2766 914 2801 τροφὴ,
929 2766 992 2792 [διό-

207 2813 270 2840 τητι
283 2806 408 2840 κράσεως
418 2807 467 2842 τὴν
486 2807 590 2844 βλάῦην
603 2810 822 2844 ἀποφευγόντων.
840 2812 994 2839 Alexander

208 2849 356 2884 Aphrodis.
374 2851 434 2878 loco
446 2853 534 2886 citat.,
552 2855 685 2890 Ὀρτυγές
695 2865 723 2883 τε
740 2856 874 2884 σιτοῦνται
889 2858 933 2885 τὸν
949 2859 992 2885 ὲ).-

1046 247 1167 274 κώνειον.
1181 247 1344 275 Coturnices
1362 247 1426 273 item
1445 246 1558 273 venenis
1575 246 1759 280 pinguescere
1775 249 1827 271 tra-

1046 292 1087 320 dit
1098 291 1203 319 Plinius
1217 292 1265 319 lib.
1281 300 1310 323 x,
1332 299 1393 326 cap.
1414 290 1461 322 23,
1476 290 1663 318 Cotus-uicibus
1687 290 1827 317 veneniseo

1046 349 1104 367 nteit
1115 341 1282 376 gratissimus
1294 340 1385 366 cibus:
1398 348 1475 374 quam
1489 339 1520 366 ab
1534 347 1643 366 causam
1659 347 1705 366 eas
1717 338 1827 366 damna-

1046 395 1102 414 vere
1125 394 1232 418 menstr,
1251 386 1378 420 simulque
1397 386 1556 413 comitialem
1581 391 1688 420 propter
1707 385 1824 412 morbum

1045 434 1137 467 despui
1153 438 1266 464 suetum,
1283 440 1358 468 quem
1373 432 1437 459 sola:
1448 431 1606 458 animalium
1621 431 1826 472 sentiuntmrte:

1044 484 1085 506 ter
1096 479 1236 506 hominem.
1262 478 1290 505 ln
1305 478 1445 506 hisPlinii
1455 478 1548 505 verbis
1563 477 1652 504 obiter
1667 476 1694 503 id
1705 477 1826 503 animad-

1045 523 1203 551 vertendum
1226 523 1259 550 de
1283 523 1414 550 comitiali
1440 523 1522 549 verbo
1547 529 1601 548 non
1616 521 1746 548 omnibus
1769 528 1826 548 esse

1046 577 1127 596 unam
1147 568 1323 596 sententiam.
1340 567 1500 595 Aristoteles
1521 567 1548 594 in
1570 566 1702 593 Problem.
1719 567 1766 598 ait,
1778 566 1827 592 M6~

1045 620 1106 643 νους
1133 609 1291 646 ἀνθρώπους
1311 611 1339 636 ὲν
1356 611 1394 645 τῷ
1404 610 1457 636 τῶν
1477 609 1556 642 ζώων
1567 609 1640 643 γένει
1660 609 1825 644 ὲπιλήπτονς

1045 656 1360 691 γίνεσθαι.“ΡΙυιιιι”ε1ιιιε
1374 655 1448 683 addit
1472 654 1731 690 capramzlacobus
1753 653 1827 681 Dele-

1046 703 1180 738 campius,
1210 706 1238 730 et
1267 709 1359 734 canes,
1386 705 1412 728 et
1433 701 1499 728 feles
1516 706 1542 728 et
1560 701 1661 727 arietes
1682 708 1716 728 eo
1731 700 1826 726 morbo

1045 749 1160 784 periisse
1168 756 1197 776 se
1211 748 1312 775 vidisse
1328 751 1463 780 testatur;
1481 753 1579 782 capras
1593 751 1620 773 et
1635 754 1700 773 ores
1714 753 1828 773 eomor-

1046 795 1080 822 bo
1098 795 1190 822 vexari
1205 794 1287 821 tradit
1311 793 1490 828 Hippocrates
1517 792 1565 820 lib.
1589 792 1659 826 Περὶ
1671 792 1728 826 τῆς
1746 792 1827 826 ἱερῆς

1045 841 1151 867 νόσου·
1165 847 1250 874 equos
1260 839 1403 874 Apsyrtus;
1414 838 1568 873 accipitres,
1581 841 1608 865 et
1622 839 1750 873 graculos
1765 836 1828 864 Bro-

1011 880 1032 907 Β
1046 887 1122 914 daaus
1135 886 1183 913 lib.
1196 893 1237 918 ιιι,
1253 892 1304 920 cap
1315 884 1367 917 23;
1387 884 1486 912 Sextus
1502 892 1566 912 vero
1583 883 1740 919 Empiricus
1761 883 1828 919 Pyr-

1046 931 1224 966 rItonlepot.
1240 931 1287 958 lib.
1303 939 1321 961 ι,
1336 938 1390 957 non
1403 929 1637 962 lielleborum,sed
1647 930 1768 957 cicutam
1782 937 1827 956 co-

1045 977 1166 1004 turnices
1175 975 1375 1011 pinguefacere,
1383 975 1462 1003 sicuti
1472 975 1654 1012 hyoscyamus
1661 983 1726 1002 sues
1734 975 1827 1002 refert:

1045 1023 1082 1049 Τὸ
1093 1022 1158 1057 γοῦν
1170 1021 1280 1048 κώνειον
1297 1021 1397 1048 πιαίνει
1411 1020 1473 1052 τοὺς
1481 1020 1607 1055 ὄρτυγας,
1621 1021 1667 1048 καὶ
1683 1022 1697 1048 ὁ
1711 1021 1829 1047 ὑοσκύα-

1047 1077 1096 1104 μος
1107 1068 1155 1099 τὰς
1162 1065 1204 1101 ὗς,
1213 1068 1240 1094 αἳ
1248 1068 1280 1103 δὴ
1288 1067 1411 1103 χαίρουσι
1423 1069 1468 1094 καὶ
1480 1068 1547 1095 σαλα
1551 1067 1670 1104 μάνδραις
1678 1067 1829 1093 ἐσθίουσιν..

1082 1113 1161 1146 lbid.,
1177 1114 1225 1141 lin.
1240 1114 1266 1141 9.
1285 1114 1335 1140 Διὰ
1352 1113 1386 1139 δὲ
1401 1113 1454 1140 τοῦ
1465 1113 1682 1148 μανδραγόρου.
1698 1112 1828 1143 Basilius,

1046 1160 1119 1187 hom.
1136 1160 1152 1187 5
1165 1170 1170 1185 :
1185 1160 1244 1186 Ἔτι
1259 1160 1287 1186 δὲ
1303 1160 1350 1186 καὶ
1363 1160 1430 1186 αὐτὰ
1446 1160 1532 1186 ταῦτα
1549 1161 1576 1186 ὲν
1596 1159 1684 1195 καιρῷ
1699 1167 1766 1186 ποτε
1783 1159 1828 1185 καὶ

1047 1206 1112 1240 ἡμῖν
1132 1206 1264 1241 χρήσιμα.
1279 1205 1327 1231 Διά
1347 1205 1397 1240 μὲν
1411 1205 1464 1240 γὰρ
1480 1204 1526 1231 τοῦ
1541 1205 1729 1240 μανδραγόρου
1746 1204 1828 1230 ὕπνον

1047 1251 1134 1287 ἰατροὶ
1161 1251 1359 1284 κατεπάγουσιν
1380 1259 1386 1265 ·
1407 1250 1476 1284 όπίῳ
1491 1250 1581 1282 δὲτὰς
1602 1250 1722 1286 σ’ροδρὰς
1734 1250 1828 1281 ὀδύνας

1045 1297 1099 1323 τῶν
1112 1297 1244 1331 σωμάτων
1258 1295 1497 1332 κατακοιμίζουσιν
1509 1304 1516 1311 '
1529 1296 1578 1331 ἤδη
1598 1296 1626 1322 δέ
1638 1304 1711 1327 τινες
1721 1295 1762 1331 τῷ
1779 1304 1829 1322 κως

1045 1342 1108 1378 νείῳ
1123 1343 1168 1369 καὶ
1189 1343 1219 1369 τὸ
1242 1342 1377 1374 λυσσῶδες
1404 1342 1457 1368 τῶν
1479 1342 1594 1377 ὀρέξεων
1624 1342 1829 1377 κατεμάραναν,

1046 1389 1093 1415 καὶ
1111 1388 1150 1424 τῷ
1177 1388 1308 1424 ἐλλεϐόρῳ
1323 1388 1407 1414 πολλὰ
1423 1387 1477 1414 τῶν
1491 1387 1605 1423 χρονίων
1625 1387 1721 1414 παθῶν
1736 1387 1830 1423 ἐξεμό-

1046 1435 1171 1470 χλευσαν,
1188 1434 1297 1461 Plenam
1315 1434 1503 1469 mandragoraa
1519 1434 1610 1461 herbae
1628 1433 1829 1461 consideratio-

1047 1488 1108 1508 nem
1121 1481 1205 1508 habes
1221 1481 1291 1515 apud
1310 1480 1426 1507 Plinium
1443 1481 1490 1507 lib.
1507 1488 1570 1513 xxv,
1587 1487 1648 1515 cap.
1662 1480 1706 1512 15,
1724 1479 1751 1506 in
1765 1487 1829 1514 quo.

1047 1531 1073 1553 et
1090 1526 1149 1561 ejus
1164 1526 1191 1553 in
1207 1526 1351 1553 medicinis
1365 1533 1430 1554 usus
1446 1525 1608 1560 explicatur,
1621 1525 1684 1560 ejus
1699 1525 1765 1552 item
1776 1525 1828 1551 vim

1048 1572 1217 1600 somnil‘ieam
1233 1573 1270 1598 ita
1280 1571 1416 1607 explicat:
1432 1564 1509 1598 Folia
1525 1575 1714 1598 conservantur
1727 1571 1756 1597 in
1773 1578 1830 1596 mu-

1049 1619 1089 1644 ria
1104 1617 1244 1652 efﬁcacius,
1263 1617 1330 1643 alias
1348 1617 1490 1644 recentium
1507 1624 1599 1643 succus
1619 1616 1700 1650 pestis
1712 1621 1751 1642 est
1770 1624 1780 1642 :
1794 1617 1830 1642 sic

1047 1671 1148 1698 quoque
1161 1664 1248 1690 noxia:
1260 1664 1335 1690 vires.
1355 1662 1526 1690 Gravedinem
1542 1664 1623 1689 etiam
1635 1663 1752 1697 afferunt
1762 1663 1829 1697 olfa-

1048 1715 1090 1736 ctu
1106 1718 1114 1736 :
1127 1718 1277 1745 quanquam
1290 1710 1361 1736 mala
1372 1710 1398 1736 in
1412 1709 1542 1745 aliquibus
1562 1711 1639 1737 terris
1655 1710 1828 1739 manduntur.

1047 1756 1128 1783 nimio
1147 1760 1233 1782 tamen
1242 1755 1320 1782 odore
1336 1756 1515 1782 obmutescunt
1527 1756 1622 1790 ignari.
1642 1754 1713 1782 Potu
1727 1755 1831 1790 quidem

1047 1801 1162 1836 largiore
1180 1802 1260 1828 etiam
1274 1801 1432 1828 moriuntur.
1458 1800 1500 1828 Vis
1515 1800 1652 1836 somni/ica
1666 1809 1714 1835 pro
1733 1801 1831 1828 viribus

1048 1847 1199 1874 bibentium.
1219 1846 1307 1874 Media
1321 1848 1392 1881 potio
1405 1847 1494 1882 cyathi
1507 1849 1595 1874 unius.
1610 1846 1717 1873 Bibitur
1726 1853 1752 1874 et
1770 1855 1831 1874 cou-

1047 1897 1088 1919 tra
1104 1898 1244 1927 serpentes,
1260 1897 1284 1919 et
1300 1898 1359 1919 ante
1373 1893 1499 1920 sectiones
1520 1893 1720 1928 punitionesque
1730 1901 1762 1919 ne
1772 1901 1830 1919 sel-

1048 1939 1158 1965 tiantur.
1175 1937 1214 1965 οι
1237 1938 1291 1964 Ιιαέ
1309 1939 1374 1964 satis
1395 1942 1433 1964 est
1455 1938 1586 1971 aliquibus
1605 1946 1728 1964 somnum
1752 1938 1831 1965 odore

1046 1985 1180 2019 quwsisse.
1201 1983 1307 2010 Bibitur
1328 1988 1352 2010 et
1373 1991 1420 2017 pro
1442 1983 1571 2010 hellebore
1586 1983 1686 2010 duobus
1705 1984 1790 2010 obuiis
1805 1984 1832 2010 in

1046 2030 1141 2058 mulso.
1162 2029 1193 2056 Et
1204 2029 1383 2065 Theoplirast.
1402 2029 1474 2056 Hist.
1489 2031 1575 2064 plant.
1595 2031 1640 2057 lib.
1658 2039 1695 2064 lx,
1711 2039 1773 2065 cap.
1786 2032 1829 2061 10,

1046 2077 1179 2113 Καθάπερ
1198 2078 1245 2104 καὶ
1257 2077 1304 2104 τοῦ
1317 2077 1504 2113 μανδραγόρου
1519 2077 1549 2103 τὸ
1562 2078 1609 2105 μὲν
1623 2077 1722 2111 φύλλον
1736 2079 1832 2114 χρήσι-

1048 2132 1096 2158 μον
1120 2121 1188 2150 εἷναί
1211 2132 1275 2157 φασι
1297 2123 1364 2158 πρὸς
1388 2123 1422 2150 τὰ
1439 2123 1504 2158 ἕλκη
1523 2124 1582 2158 μετ’
1602 2123 1726 2158 ἀλφίτου,
1742 2124 1791 2158 τὴν
1805 2124 1832 2150 δὲ

1047 2170 1125 2206 ῥίζαν
1139 2170 1206 2205 πρὸς
1223 2170 1385 2206 ἐρυσίπελας
1401 2170 1542 2202 ξανθεῖσᾱιν
1562 2179 1591 2197 τε
1604 2171 1650 2203 κα).
1665 2170 1720 2202 ὄξει
1731 2171 1832 2198 δευθεῖ-

1047 2224 1106 2247 σαν,
1120 2216 1167 2242 καὶ
1184 2216 1251 2251 πρὸς
1264 2216 1298 2242 τὰ
1315 2216 1478 2252 ποδαγρικὰ,
1489 2217 1535 2243 καὶ
1546 2217 1614 2252 πρὸς
1626 2216 1710 2243 ὕπνον
1721 2218 1768 2243 καὶ
1779 2217 1834 2252 φίλ-

1045 2271 1106 2298 τρα.
1126 2262 1231 2289 Διδόασι
1246 2263 1273 2288 δὲ
1294 2264 1322 2289 ἐν
1336 2263 1427 2298 οἴνῳῆ
1444 2264 1472 2290 ἐν
1490 2263 1555 2295 bist.
1573 2263 1707 2298 Τέμνουσι
1724 2264 1754 2290 δὲ
1772 2272 1834 2300 τρο-

1046 2310 1156 2344 χίσκους
1182 2309 1274 2345 ὥςπερ
1298 2309 1616 2346 ραφανίδος,ὲνείραντες
1630 2309 1658 2335 δὲ
1677 2311 1706 2336 ὲν
1724 2310 1834 2344 γλεύκει

1046 2355 1200 2390 ἐκρέμασαν
1209 2355 1279 2390 ὑπὲρ
1289 2355 1401 2382 καπνοῦ.
1416 2355 1449 2382 Ει
1464 2355 1614 2390 Xenophon
1626 2355 1654 2382 in
1665 2355 1809 2391 Symposio
1824 2367 1831 2383 :

1046 2400 1090 2436 Τῷ
1106 2401 1160 2436 γὰρ
1174 2401 1230 2427 ὄντι
1242 2400 1312 2433 οἶνος
1326 2402 1413 2437 ἄρδων
1426 2401 1475 2433 τὰς
1489 2401 1577 2436 ψυχὰς
1607 2401 1656 2434 τὰς
1679 2402 1731 2437 μὲν
1745 2402 1833 2433 λύπας

1043 2447 1137 2483 ὥσπερ
1152 2448 1166 2473 ὁ
1182 2448 1371 2484 μανδραγόρας
1386 2447 1448 2479 τοὺς
1464 2447 1624 2483 ἀνθρώπους
1639 2448 1771 2483 κοιμίζει,
1786 2449 1833 2479 τὰς

1043 2493 1070 2520 δὲ
1087 2494 1293 2529 φιλοφροσύνας,
1305 2493 1399 2529 ὥσπερ
1413 2493 1501 2520 ἔλαιον
1514 2494 1600 2528 φλόγα
1608 2494 1723 2530 ἐγείρει.
1737 2494 1766 2521 In
1781 2502 1835 2529 quo

1046 2539 1234 2574 Xenophontis
1253 2540 1312 2567 loco
1327 2540 1501 2574 interpretem
1517 2541 1709 2571 allucinatum,
1729 2545 1756 2568 et
1773 2540 1834 2567 Pie-

1046 2586 1116 2612 rium
1139 2585 1310 2618 Valerianus,
1327 2586 1373 2613 lib.
1401 2594 1477 2619 Lvnr,
1493 2586 1560 2613 c.dc
1578 2586 1758 2619 Mantlragora
1775 2594 1835 2612 ver-

1046 2633 1121 2658 sione
1142 2631 1223 2665 hujus
1238 2631 1394 2666 deceptum,
1411 2632 1512 2666 optime
1535 2632 1678 2658 annotavit
1691 2633 1735 2658 vir
1751 2633 1779 2658 in
1791 2639 1834 2658 sa-

1045 2677 1100 2704 cris
1112 2677 1281 2711 explicandis
1297 2677 1447 2712 Scripturis
1457 2677 1559 2704 nemini
1569 2677 1708 2704 secundus
1719 2677 1832 2704 Michael

1046 2722 1189 2754 Gislerius,
1199 2730 1278 2757 quem
1291 2731 1398 2758 semper
1408 2723 1524 2750 maxime
1530 2723 1681 2750 admiratus
1690 2731 1752 2750 sunt
1761 2725 1832 2758 ejus-

1045 2775 1098 2802 que
1121 2770 1202 2794 veilia
1224 2769 1342 2796 maximo
1356 2776 1417 2796 meo
1440 2776 1492 2795 usu
1505 2772 1532 2795 et
1554 2770 1698 2796 commodo
1726 2777 1832 2804 supper

1046 2815 1152 2849 excepi,
1163 2819 1188 2841 el
1201 2815 1226 2841 in
1247 2815 1316 2841 hanc
1329 2815 1399 2841 diem
1410 2815 1528 2849 excipio,
1542 2822 1624 2848 quem
1638 2815 1735 2842 multis
1754 2817 1830 2842 annis

1045 2858 1174 2888 Ecclesia:
1189 2860 1330 2888 catholicae
1344 2861 1453 2887 utilitati
1466 2861 1598 2888 bonorum
1617 2861 1742 2888 onmium
1764 2862 1831 2889 rotis
