1903 3068
59 138 106 166 ΗΞ

529 139 561 165 IN
580 137 765 166 EUSTATHll
787 135 1024 164 HEXA'EMERON
1039 134 1153 162 NOT/E.

1619 126 1671 161 816

63 198 126 225 Deus
139 197 314 231 superstitem
329 202 355 224 et
371 197 533 226 incolumem
552 203 707 229 conservet,
729 198 755 224 in
770 206 834 224 eru-
850 200 870 227 Α
885 196 1013 231 superius
1037 195 1144 222 dixerat
1169 201 1250 220 anum
1271 194 1416 228 quamdam
1437 193 1554 220 Atticam
1577 194 1673 221 cicuta

63 243 204 275 ditissimis,
220 243 363 278 solidaque
373 243 508 275 doctrina,
527 244 626 278 pietate
641 252 673 271 ac
688 251 751 272 vera
769 244 833 270 reli-

62 290 131 324 gione
146 288 256 316 refertis
274 288 477 316 Commentariis
496 290 522 317 in
546 291 625 318 Cant.
651 291 762 320 omnia,
789 297 833 316 ca~

62 332 103 366 pit.
118 340 162 362 vu.
175 339 248 358 vers.
269 332 312 364 l3,
324 332 494 366 expasitione
512 333 609 367 prima.
626 332 663 360 De
673 333 724 360 hac
739 333 835 360 cadent

62 388 86 406 re
101 379 190 406 eadem
210 377 393 409 Dioscorides,
413 379 529 414 indeque
543 380 645 407 factum
661 379 835 414 proverbium

62 425 170 452 Luciano
184 425 210 451 in
229 424 346 457 Timone,
360 426 426 451 ὅπου
436 433 468 459 γε
485 426 611 462 καθάπερ
621 427 673 452 ὑπὸ
686 427 836 462 μανδραγό-

61 480 102 506 pou
115 470 264 502 καθεύδεις,
275 475 301 497 et
315 470 487 498 Demostheni
496 470 524 497 in
535 478 561 497 tv
577 470 734 505 Philippica,
751 470 836 496 ’Λλλ“-

63 517 112 543 οὔδ’
134 516 316 551 ἀνεγερθῆναι
351 516 488 551 δυνάμεθα
502 536 510 548 ,
544 516 611 543 ἀλλὰ
648 517 836 553 μανδραγόραν

61 562 200 594 πεπωκόσι,
223 561 291 588 εἴτι
313 562 457 597 φάρμακον
471 562 536 589 ἄλλο
560 563 689 594 τοιοῦτον,
709 563 836 598 ἐοίκαμεν

61 607 212 643 ἀνθρώποις.
243 607 311 635 Vide
326 608 496 643 Rodiginum,
515 609 576 636 libr.
597 617 664 641 xvn,
686 609 770 644 capit.
790 609 834 636 21.

61 652 202 680 Notandum
215 653 289 688 quod
307 653 512 688 Theophrastus
524 655 561 681 ait
575 655 784 690 mandragoram
803 655 836 682 ad

61 706 168 730 amores,
184 703 211 726 et
227 699 327 734 philtra
343 700 507 732 conducere,
525 705 551 728 et
565 705 664 735 praeter
678 701 837 736 Theophra-

61 749 124 772 stum
135 744 204 772 idem
220 749 338 773 testatur
353 745 536 779 Dioscorides,
547 746 713 781 Epiphanius
728 747 754 773 in
764 746 838 782 Phy-

61 789 161 824 tiologo,
170 790 252 817 etalii
264 799 271 821 ;
282 790 323 817 sic
330 790 405 817 enim
420 790 509 818 locum
520 791 594 817 illutn
609 789 747 818 Geneseos
760 791 838 817 intel-

62 835 130 869 liges,
147 835 193 862 sed
203 835 238 862 de
255 835 308 863 hoc
324 836 351 862 in
368 836 471 864 nostris
487 837 730 864 exercitationibus
746 837 834 872 plura.

886 243 995 277 triginta
1011 241 1103 268 holcas
1116 241 1176 268 sine
1192 239 1291 266 damno
1305 240 1455 267 sorbuisse.
1471 237 1525 266 Ἦν
1537 239 1577 270 δὲ,
1596 239 1671 273 φασὶ,

885 288 971 324 γραῦς
991 287 1101 322 Ἀττικὴ
1124 286 1268 322 τριάκοντα
1298 285 1378 316 ὁλκὰς
1396 285 1506 312 κωνείου
1525 285 1674 316 ἀκινδύνως

886 333 1102 370 προσφερομένη.
1121 332 1175 359 Res
1198 332 1278 359 etiam
1305 335 1399 358 notaui
1415 331 1496 366 digna
1509 335 1560 358 est.
1581 331 1674 358 Refert

886 380 1092 415 Theophrastus
1123 378 1160 405 De
1175 378 1269 405 histor.
1289 378 1384 412 plant.,
1411 377 1457 404 lil).
1485 385 1523 408 ix,
1547 385 1607 412 cap.
1628 377 1673 407 l8,

886 426 1036 453 Eudemum
1058 425 1157 452 Chium
1178 424 1273 458 viginti
1294 423 1362 450 duas
1385 423 1531 458 aliquando
1548 423 1674 458 potiones

889 471 1019 498 hellebori
1036 478 1091 497 uno
1108 470 1152 497 die
1166 470 1327 504 sumpsisse,
1336 477 1398 496 cum
1415 468 1466 495 fori
1486 469 1555 503 apud
1572 476 1675 496 merces

887 516 1002 547 sederet,
1021 524 1070 543 nec
1090 515 1244 543 surrexisse
1264 515 1423 549 priusquam
1441 518 1514 541 esset
1534 514 1674 544 meridies.

887 568 952 589 tunc
974 569 1040 589 vero
1061 561 1143 588 domo
1163 561 1248 596 petita
1265 560 1376 587 balneas
1399 560 1563 595 ingressum,
1582 566 1676 586 cuma-

887 613 1000 642 tumque
1024 615 1100 635 more
1118 608 1209 639 solito,
1234 614 1283 634 nec
1300 606 1449 642 quidquam
1465 606 1629 634 evomuisse.
1647 605 1676 632 ld

887 659 977 681 tamen
995 654 1097 681 auxilio
1109 653 1227 688 quodam
1244 657 1396 688 praeparato
1409 653 1566 688 perfecisse,
1582 659 1678 687 quam-

887 701 929 727 vis
954 705 1064 735 propter
1090 700 1208 728 hominis
1237 699 1464 727 consuetudinem
1489 700 1618 734 pleraque
1644 706 1678 726 ex

888 747 1096 774 medicamentis
1110 747 1163 773 vim
1180 754 1257 774 suam
1273 747 1397 774 amittere
1417 754 1467 773 nec
1486 746 1604 782 amplius
1620 753 1678 773 mc-

888 790 1042 817 dicamenta
1065 798 1126 818 esse
1149 798 1229 825 posse
1253 791 1408 826 negandum
1430 799 1484 818 non
1501 792 1555 824 sit,
1572 791 1679 826 hocque

888 836 972 863 refert
986 844 1019 864 ex
1036 836 1224 872 Theophrasto
1243 836 1403 872 Apollonius
1425 838 1451 864 in
1480 837 1574 865 histor.
1593 837 1679 864 Miru-

61 880 122 917 Quid
137 881 257 909 her-barii
275 882 437 917 praecipiant
451 883 476 910 in
490 883 617 916 secanda,
629 884 836 920 colligendaque
852 882 873 909 Β
887 882 996 913 bilibris,
1021 883 1072 910 elsi
1092 886 1196 909 mutato
1219 883 1327 910 nomine
1349 887 1376 910 et
1398 891 1448 918 pro
1469 883 1606 915 Eudemo,
1623 883 1678 910 Ett—

63 928 235 962 tuandragora
264 928 380 955 habetur
404 929 473 964 apud
492 930 708 963 Theophrastum
730 929 833 957 Histor.

61 973 134 1004 plant.
146 973 193 1000 lib.
203 981 238 1005 ur,
254 981 278 1000 c.
297 974 325 1006 9,
339 978 365 1001 et
376 974 490 1001 Plinium
500 975 618 1007 lib.xxv,
630 983 689 1010 cap.
702 976 744 1003 15.
755 975 836 1004 Plura

62 1019 90 1045 de
104 1018 151 1046 hac
162 1019 245 1046 herba
259 1024 286 1046 et
300 1020 360 1054 ejus
374 1021 523 1049 virtutibus
539 1021 658 1049 Levinus
669 1021 836 1050 Lemni-asin

62 1062 237 1097 Ezplicatt’one
249 1065 355 1094 lierbar.
371 1066 472 1098 biblic.,
486 1075 545 1101 cap.
557 1067 585 1095 2.
792 1072 795 1075 ’

93 1109 143 1137 Col.
156 1110 217 1143 716,
232 1111 281 1138 lin.
295 1111 335 1138 10.
351 1112 406 1138 Kal
418 1112 457 1146 τῷ
477 1113 551 1146 ὀπίφ
570 1113 623 1146 τὰς
640 1113 782 1147 σφοδράς.
800 1113 837 1142 De

62 1156 108 1190 opii
125 1157 320 1191 praeparatione
334 1161 359 1185 et
372 1165 423 1185 usu
438 1159 464 1185 in
485 1159 628 1187 medicinis
641 1159 744 1187 Plinius
763 1159 836 1189 Hist.

63 1206 141 1228 natur.
156 1202 202 1230 lib.
221 1210 270 1235 xx,
287 1210 347 1238 cap.
363 1203 415 1236 l8;
435 1204 498 1232 huic
514 1204 567 1231 vim
582 1212 634 1231 non
659 1205 837 1240 soporiferam

63 1248 143 1278 modo,
168 1255 264 1275 verum
293 1249 316 1275 si
339 1249 477 1284 copiosior
503 1250 645 1277 hauriatur
669 1251 837 1279 mortiferam

64 1294 158 1323 tribuit.
178 1299 205 1321 et
219 1294 341 1323 Galenus
357 1296 482 1331 pluribus
497 1297 523 1324 in
540 1297 617 1325 locis.

93 1340 153 1367 lbid.
169 1337 210 1374 Tt}:
223 1341 260 1367 δὲ
280 1342 390 1376 κωνείῳ
411 1343 463 1375 τὰς
482 1343 661 1377 λυσσώδεις.
690 1345 727 1373 De
749 1346 838 1373 cicuta

63 1390 86 1412 et
99 1387 154 1420 ejus
167 1387 294 1415 remediis
310 1387 414 1417 Plinius
432 1389 478 1416 lib.
500 1398 561 1421 xxv,
577 1398 636 1425 cap.
659 1392 774 1424 ultimo;
793 1400 839 1420 va-

64 1431 122 1457 riam
140 1439 227 1460 autem
249 1434 345 1461 cicutae
368 1435 592 1469 praeparationem
616 1437 649 1464 ad
674 1438 777 1465 obitum
795 1439 838 1465 in-

63 1475 192 1505 ferendum
221 1479 329 1506 lacileut
354 1483 381 1506 et
408 1480 510 1515 absque
547 1481 603 1508 ullo
631 1482 725 1510 dolore
758 1483 840 1511 refert

63 1521 230 1559 Theophrast.
248 1525 320 1553 llist.
345 1526 430 1560 plant.
453 1527 470 1554 l.
495 1535 533 1559 Ix,
553 1536 614 1563 cap.
632 1529 674 1561 l7,
693 1534 840 1566 narratque

63 1569 134 1595 etiam
153 1570 283 1598 Chiorum
309 1572 382 1599 circa
404 1572 454 1599 hoc
482 1574 602 1601 studium
621 1579 647 1602 et
663 1576 837 1608 industriam,

63 1614 102 1647 qui
120 1615 189 1642 illam
207 1625 265 1644 non
283 1618 415 1650 terebant,
434 1620 479 1646 sed
500 1620 622 1648 detracto
637 1622 753 1656 tegmine
767 1622 840 1657 quod

63 1659 236 1689 dillicultatem
263 1667 363 1694 movet.
390 1665 519 1699 quoniam
543 1667 675 1702 concoqui
697 1675 768 1702 :egre
791 1676 840 1703 po-

63 1710 117 1737 test,
141 1708 239 1742 pistam
266 1709 292 1735 in
318 1711 449 1737 mortario
479 1711 638 1744 tundehant,
660 1717 687 1740 et
710 1715 840 1748 prmtenui

63 1752 144 1780 cribro
158 1755 348 1782 transmissam
362 1775 369 1787 ,
388 1763 458 1791 aqua
477 1757 628 1791 inspersam
644 1758 782 1790 bibebant,
798 1764 838 1786 at-

63 1805 109 1830 que
129 1799 163 1825 ita
185 1800 280 1827 obitus
303 1801 376 1828 celer
399 1802 541 1837 facilisque
567 1803 719 1830 eveniebat.
735 1804 796 1831 Ὅτι
812 1804 841 1830 δὲ

62 1843 171 1880 διαφέρει
189 1845 220 1872 τὸ
243 1846 360 1882 χρῆσθαι
383 1857 442 1880 πως
463 1848 569 1883 ἑκάστῳ
584 1849 700 1884 φανερὸν
721 1850 752 1876 ἐκ
777 1850 842 1876 πολ-

63 1889 118 1916 λῶν.
139 1892 213 1918 Ἐπεὶ
228 1893 277 1919 καὶ
291 1894 373 1925 Χίους
389 1894 455 1929 φασὶ
471 1894 509 1930 τῷ
532 1895 635 1930 κωνείῳ
649 1896 779 1932 πρότερον
793 1897 842 1932 οὐχ

62 1935 134 1968 οὕτω,
154 1938 219 1965 ἀλλὰ
233 1939 385 1975 τρίϐοντας,
409 1941 536 1977 καθάπερ
560 1943 584 1968 οἱ
605 1942 689 1975 ἄλλοι,
712 1943 840 1978 χρῆσθαι.

64 1981 113 2009 Νῦν
134 1984 161 2010 δὲ
185 1985 247 2011 οὐδὲ
273 1985 317 2012 av.
332 1980 372 2018 εἷς
390 1987 520 2022 τρίῲειεν,
541 1987 608 2015 ἀλλὰ
634 1989 843 2024 περιπτίσαντες

63 2027 104 2052 καὶ
118 2028 258 2062 ἀφελόντες
274 2030 304 2057 τὸ
322 2030 436 2065 κέλυφος
462 2030 551 2067 (τοῦτο
567 2032 620 2068 γὰρ
635 2032 665 2058 τὸ
679 2033 728 2068 τὴν
748 2033 843 2068 δυσχέ-

65 2080 130 2106 ρειαν
145 2075 262 2111 παρέχον
282 2076 513 2112 δυπκιτέργαστον
524 2077 582 2113 ὃν),
605 2078 672 2113 μετὰ
697 2078 782 2105 ταῦτα
799 2079 844 2105 κό-

65 2126 164 2146 πτουσιν
186 2122 214 2147 ἐν
235 2122 275 2157 τῷ
293 2122 377 2158 ὅλμῳ,
394 2124 441 2150 καὶ
454 2123 642 2155 διαπτίσαντες
658 2123 760 2154 λεπτὰ.
783 2125 842 2151 ἐπι-

66 2164 200 2199 πάττοντες
216 2168 260 2202 ἐφ’
273 2167 344 2204 ὕδωρ
362 2169 495 2200 niveus-tv}
515 2168 584 2197 ὥστε
598 2171 708 2204 ταχεῖαν
723 2170 769 2196 καὶ
783 2169 844 2196 ὲλα-

887 936 998 955 nomunt
1015 929 1129 962 scribat,
1144 934 1171 956 ct
1184 929 1335 957 Eudemum
1351 931 1599 966 lermacopolam.
1616 940 1680 959 cum

887 974 1008 1002 Eudemo
1031 976 1098 1003 Chio
1125 977 1285 1010 confundat,
1302 977 1350 1005 sed
1374 978 1408 1006 de
1430 978 1472 1005 his
1492 978 1570 1013 plura
1588 978 1614 1006 in
1631 987 1681 1006 no-

888 1021 954 1047 stris
967 1029 1136 1057 synonymis.

923 1065 1003 1099 lbid.,
1020 1067 1068 1094 lin.
1083 1068 1125 1094 15.
1139 1069 1193 1095 Kal
1211 1069 1308 1096 πάντα
1323 1069 1421 1104 ὲνμιᾷ
1435 1069 1549 1104 καιροῦ.
1562 1069 1681 1097 Basilius

887 1112 961 1139 hom.
979 1121 1004 1139 tv
1019 1122 1025 1139 ι
1041 1113 1132 1139 Πάντα
1149 1114 1177 1140 ὲν
1195 1115 1243 1149 μιᾷ
1259 1113 1354 1149 καιροῦ
1372 1115 1453 1150 ῥοπῇ,
1469 1114 1518 1140 οὐκ
1534 1113 1597 1140 ὄντα
1615 1114 1681 1149 πρό-

887 1166 974 1193 τερον,
991 1157 1062 1193 ὑπὲρ
1077 1158 1125 1193 τῆς
1139 1159 1190 1193 γῆς
1202 1160 1241 1190 εἰς
1255 1159 1284 1186 τὸ
1300 1157 1370 1185 εἶναι
1392 1159 1524 1195 παρῆλθε,
1548 1158 1616 1193 μετὰ
1630 1159 1680 1194 τῆς

888 1203 990 1234 οἰκείας
1001 1203 1114 1229 ἕκαστον
1126 1203 1254 1239 [διῦτητος
1267 1204 1476 1240 ἐναργεστάτοιις
1487 1205 1534 1239 μὲν
1542 1204 1681 1239 διαιροραίς

888 1249 942 1275 ἀπὸ
958 1248 1011 1275 τῶν
1030 1249 1194 1284 ὗτερογενῶν
1213 1249 1394 1286 χωριζόμενα,
1409 1250 1501 1286 οἰκείῳ
1516 1250 1543 1276 δὲ
1566 1250 1681 1276 ἕκαστον

889 1293 1005 1329 γνωριζό
1009 1303 1088 1329 μενον
1102 1295 1226 1331 χαρακτῆ
1232 1304 1266 1331 ρι.

923 1340 1003 1372 lbid.,
1018 1341 1066 1368 lin.
1090 1341 1133 1368 l7.
1148 1342 1203 1368 Kal
1233 1342 1346 1369 τούτων
1366 1342 1402 1369 rit
1418 1343 1477 1377 μέν
1494 1343 1570 1369 ἐστι.
1592 1343 1620 1369 lu
1637 1350 1682 1369 ar-

889 1385 1001 1414 boribus
1017 1387 1088 1414 sicut
1099 1390 1125 1414 et
1141 1386 1168 1413 in
1183 1387 1347 1415 animalibus
1365 1395 1426 1416 esse
1450 1389 1567 1423 speciem
1586 1396 1682 1423 quam-

889 1431 963 1462 dam,
979 1435 1005 1458 et
1024 1431 1152 1467 figuram,
1169 1440 1250 1468 quam
1274 1437 1369 1460 auctor
1383 1437 1477 1461 noster
1492 1434 1682 1462 characterem

891 1477 1019 1511 appellat,
1035 1485 1088 1512 qua
1110 1482 1136 1505 et
1163 1478 1198 1505 ab
1217 1478 1279 1505 aliis
1301 1478 1396 1506 divisa:
1418 1483 1635 1514 cognoscuntur,
1657 1484 1684 1508 et

892 1529 949 1549 sum
969 1528 1075 1550 natura;
1100 1530 1169 1558 opus
1193 1531 1322 1552 exercere
1343 1525 1462 1556 valeant.
1481 1525 1547 1552 nulli
1569 1525 1683 1553 dubium

892 1576 1011 1604 unquam
1026 1568 1077 1595 fuit
1093 1577 1143 1596 nec
1159 1570 1221 1596 erit.
1240 1569 1306 1603 Quae
1321 1570 1406 1597 forma
1426 1579 1459 1598 ex
1476 1571 1603 1598 omnibus
1619 1579 1683 1606 par-

892 1615 966 1642 tibus
990 1616 1061 1642 sumi
1088 1619 1188 1650 potest,
1209 1616 1236 1643 in
1253 1624 1305 1643 una
1321 1617 1394 1644 enim
1415 1617 1480 1644 dum
1497 1617 1615 1650 variant,
1631 1617 1683 1644 etsi

891 1661 919 1688 in
941 1661 1002 1689 aliis
1025 1663 1200 1694 conveniunt,
1227 1664 1341 1692 diversae
1365 1668 1458 1691 tamen
1483 1672 1535 1692 nec
1559 1663 1683 1700 ejusdem

892 1709 992 1742 speciei
1015 1708 1223 1743 judicabuutur.
1250 1711 1318 1738 llinc
1344 1711 1469 1745 quaedam
1499 1711 1562 1739 latis
1589 1712 1682 1746 foliis,

893 1753 951 1781 alia:
966 1754 1080 1788 strictis,
1105 1756 1217 1783 serratis
1239 1756 1308 1789 aliae,
1331 1757 1391 1784 alia:
1415 1756 1442 1783 in
1465 1758 1549 1784 alium
1571 1758 1683 1785 modum

892 1801 1031 1835 expansis.
1051 1801 1097 1829 Sic
1121 1802 1154 1829 de
1175 1803 1288 1834 cortice,
1305 1804 1401 1835 ramis,
1418 1803 1567 1836 radicibus,
1583 1804 1683 1832 fructi-

893 1846 954 1876 bus.
967 1851 994 1874 et
1008 1848 1079 1875 aliis.
1096 1847 1208 1875 Summa
1223 1853 1314 1876 tamen
1326 1857 1422 1876 eorum
1435 1857 1535 1884 genera
1549 1849 1683 1878 habemus

892 1898 924 1917 ex
944 1891 1132 1927 Theophrasto
1157 1893 1205 1919 lib.
1225 1901 1234 1920 1
1251 1893 1289 1920 De
1304 1893 1398 1921 histor.
1421 1893 1517 1928 plant.,
1536 1901 1597 1929 cap.
1613 1894 1640 1925 6,
1656 1899 1684 1922 et

894 1937 959 1964 alibi
976 1947 984 1964 -.
1000 1938 1123 1972 quaedam
1139 1939 1211 1966 enim
1232 1947 1326 1966 earum
1342 1943 1407 1967 sunt
1422 1940 1542 1974 urbanae,
1558 1940 1682 1975 quaedam

894 1983 1050 2015 silvestres,
1072 1984 1196 2019 qumtlam
1222 1984 1385 2017 fructiferze,
1411 1984 1534 2020 quaedam
1562 1986 1682 2016 steriles,

894 2029 1016 2064 quaedam
1032 2028 1168 2060 florifere,
1181 2029 1240 2056 alia:
1257 2029 1323 2057 ﬂore
1335 2034 1472 2062 carentes,
1485 2031 1608 2065 quaedam
1621 2039 1684 2066 per-

895 2077 976 2108 petuo
993 2074 1121 2105 virentes,
1136 2075 1259 2109 quaedam
1282 2075 1427 2110 perdentes
1450 2075 1524 2106 folia.
1542 2074 1597 2103 οῒον
1615 2077 1683 2113 ἡμέ-

895 2128 968 2156 ρων,
989 2120 1103 2154 ὰγρίων,
1129 2121 1330 2156 καρποφόρων,
1351 2122 1497 2157 ἀκάρπων,
1517 2122 1682 2159 ἁνθοςρόρων,

894 2165 1025 2197 dum/013v,
1043 2165 1204 2200 ἀειφύλλων,
1222 2167 1399 2200 φυλλοεόλων.
1417 2167 1522 2194 Plinius
1537 2168 1618 2194 etiam
1635 2168 1681 2194 lib.

66 2211 127 2245 φρέιν
139 2213 258 2246 γίνεσθαι
280 2214 329 2249 τὴν
355 2215 522 2251 ἀπαλλαγήν.
540 2215 656 2250 Ideoque
670 2215 838 2242 Dioscorides

895 2220 950 2241 xvr.
967 2220 1027 2247 cap.
1050 2211 1093 2243 18,
1112 2212 1240 2239 arborum
1260 2212 1427 2240 dilTerentias
1452 2212 1637 2247 prosequitur,
1656 2216 1684 2240 rt

67 2255 107 2283 lib.
128 2266 163 2290 tv,
177 2267 236 2295 cap.
255 2260 298 2292 79,
315 2260 530 2288 efficacissimam
554 2262 607 2288 vim
623 2262 719 2289 tribuit
734 2263 839 2292 cicutae,

64 2309 118 2336 quae
131 2304 156 2331 in
173 2306 261 2333 insula
276 2306 343 2333 Chio
360 2308 493 2336 nascitur.

95 2348 149 2377 Col.
161 2351 221 2383 716,
235 2353 282 2380 lin.
301 2353 343 2380 11.
353 2354 407 2380 Καὶ
424 2354 463 2387 τῷ
478 2355 625 2388 ἐλλεϐόρῳ
636 2354 671 2381 τὰ
681 2355 794 2388 χρόνια,
805 2353 841 2380 De

66 2393 186 2425 hellebori
201 2400 354 2434 speciebus,
372 2401 522 2435 llguris,vi,
533 2401 661 2428 facultate
676 2404 702 2428 et
717 2408 768 2428 usu
785 2400 841 2434 lege

66 2438 127 2468 Plin.
142 2444 160 2470 l.
177 2453 240 2477 xxv,
255 2453 279 2472 c.
294 2446 330 2478 5;
349 2445 534 2474 Dioscoridem
548 2447 567 2474 l.
584 2455 620 2478 Iv,
636 2454 660 2473 c.
676 2446 727 2473 150
736 2449 763 2472 et
780 2446 839 2472 151.

66 2487 179 2517 Advertit
195 2490 294 2518 Sextus
311 2491 465 2526 Empiricus
485 2492 615 2527 Pyrrhon.
641 2492 739 2526 Hypot.
757 2492 804 2518 lib.
821 2499 840 2522 ι,

67 2539 120 2568 cap.
137 2535 177 2567 ιι,
195 2537 376 2570 helleborutn,
393 2539 415 2564 si
433 2543 512 2565 tenue
523 2542 550 2565 et
574 2538 764 2573 lanuginosum
780 2536 842 2572 quis

66 2577 147 2611 ipsum
161 2582 234 2615 edat,
250 2589 366 2611 mortem
380 2583 487 2615 all'erre,
499 2584 542 2611 sin
555 2591 680 2611 crassum
696 2590 749 2610 non
766 2583 841 2610 item.

67 2623 115 2651 Καὶ
127 2627 140 2652 ὁ
153 2627 288 2664 ἐλλέϐορος
304 2629 400 2661 λεπτὸς
417 2629 464 2664 μὲν
485 2629 532 2655 καὶ
553 2628 671 2664 χνοὼδης
693 2627 844 2663 προσφερό-

67 2677 139 2703 μενον
153 2674 265 2709 πνιγμὸν
280 2675 415 2711 ἐπιφέρει,
429 2675 583 2710 κριμνώδης
599 2675 626 2700 δὲ
650 2674 687 2700 ὢν
700 2674 802 2705 οὐκέτι,
817 2676 844 2700 et

68 2714 183 2746 Rufinum
203 2722 346 2755 quemdam
367 2722 436 2756 apud
454 2721 610 2748 Chalcidem
627 2721 686 2747 sine
700 2720 755 2747 ulla
773 2726 843 2746 noxa

68 2763 151 2792 bibere
172 2768 280 2795 solitum
303 2768 398 2796 fuisse.
416 2770 471 2796 Καὶ
490 2769 627 2802 Ῥουφῖνος
648 2769 675 2795 δὲ
697 2769 711 2794 ὁ
727 2769 756 2794 ἐν
773 2767 844 2794 Χαλ-

70 2809 115 2835 ιεὸι
125 2811 204 2839 πίνων
218 2814 354 2850 ἑλλέϐορον
365 2814 426 2841 οὒτε
438 2815 512 2850 ἤμει,
526 2814 586 2841 οὔτε
596 2815 662 2845 ὅλως
674 2803 843 2849 έκαθοιίρετο,

69 2854 119 2882 ἀλλ’
132 2856 167 2890 ὥς
178 2867 204 2886 τι
217 2860 270 2886 τῶν
285 2861 405 2897 σονήθων
419 2861 602 2898 προςεφέρετο
626 2860 672 2888 καὶ
694 2859 802 2890 ἔπεσσε,
818 2862 844 2885 et

892 2266 952 2293 cap.
969 2259 998 2284 l9
1012 2268 1019 2284 -.
1034 2257 1163 2285 Prwterea
1178 2258 1301 2285 arborum
1314 2259 1374 2286 aliis
1389 2258 1510 2285 decidunt
1525 2258 1606 2293 folia;
1623 2258 1683 2285 alim

892 2304 1048 2338 sempiterna
1066 2312 1141 2330 coma
1157 2305 1249 2334 virent,
1261 2313 1338 2340 quam
1355 2304 1531 2339 differentiam
1547 2306 1683 2331 antecedat

892 2359 993 2377 necesse
1007 2355 1045 2376 est
1068 2351 1150 2384 prior.
1168 2349 1235 2377 Sunt
1251 2351 1320 2377 enim
1345 2351 1470 2378 arborum
1490 2351 1610 2386 qua-dam
1626 2359 1683 2377 om-

892 2396 953 2422 nino
968 2395 1109 2427 silvestres,
1125 2394 1246 2430 qutcdam
1269 2395 1423 2423 urbanior-ea
1436 2405 1445 2423 :
1460 2405 1526 2431 quas
1542 2396 1583 2422 hic
1597 2396 1682 2431 placet

893 2441 1038 2468 nominibus
1059 2441 1228 2476 distinguere.
1246 2441 1315 2477 Ergo
1339 2442 1425 2474 mites,
1444 2451 1502 2478 quae
1519 2442 1618 2478 fructu,
1637 2447 1683 2468 aut

893 2487 983 2521 aliqua
1004 2487 1079 2519 dote,
1098 2488 1290 2514 ambraminet'e
1302 2507 1309 2518 ,
1331 2487 1412 2522 ofﬁcio
1422 2488 1563 2515 [inmanius
1575 2487 1681 2522 juvant,

894 2542 945 2560 non
960 2535 1075 2568 improbe
1089 2534 1212 2560 dicantur
1226 2533 1346 2560 urbana.

929 2580 1007 2611 |bid.,
1027 2581 1074 2606 lin.
1094 2579 1139 2606 ΞΟ.
1158 2580 1315 2614 Ἀειςρυλλει
1330 2578 1364 2606 δέ
1376 2580 1461 2606 ἐστιν
1478 2580 1574 2608 ἐλαία..
1594 2580 1684 2607 Thco~

894 2626 1023 2661 phrastus
1034 2626 1059 2656 1,
1074 2624 1110 2652 De
1118 2625 1180 2652 hist.
1190 2625 1287 2659 plant.,
1298 2633 1359 2660 cap.
1370 2625 1403 2652 15
1419 2635 1425 2652 :
1441 2625 1502 2651 Τῶν
1517 2626 1565 2660 μὲν
1574 2626 1684 2662 ἡμέρων

894 2673 1023 2707 ἀείφυλλα
1042 2672 1128 2702 ἐλαία,
1148 2671 1244 2707 φοίνιξ,
1259 2672 1357 2708 δάφνη,
1375 2672 1514 2708 papam;
1531 2673 1636 2706 πεύκης
1657 2680 1686 2699 τι

894 2719 980 2754 γένος,
995 2719 1170 2754 κυπάριττος·
1194 2718 1247 2744 τῶν
1273 2718 1301 2744 δὲ
1324 2717 1443 2753 ἀγρίων,
1465 2716 1559 2752 ἐλάτη,
1583 2717 1683 2753 πεύκη,

894 2764 1036 2801 ἄρκευθος,
1059 2763 1167 2799 «unus,
1189 2763 1268 2795 θυία,
1292 2764 1339 2790 καὶ
1362 2763 1395 2798 ἦν
1420 2763 1549 2799 Ἀρκάδες
1572 2763 1686 2791 καλοῦςίς

895 2812 1048 2848 φελλόδρυν,
1065 2810 1173 2846 φιλύρα,
1197 2810 1302 2847 κέδρος,
1321 2810 1411 2842 πίτυς,
1433 2809 1565 2846 μυρῤίκη,
1589 2808 1683 2842 πύξος.

895 2859 1000 2894 πρῖνος,
1022 2857 1113 2894 ἀγρία,
1138 2855 1298 2891 κήλαστρον,
1321 2855 1431 2892 φιλύκη,
1457 2855 1576 2891 ἁφάρκη.
1594 2853 1684 2881 Ταῦτα
