1903 3068
209 131 260 159 847

874 129 998 158 LEONIS
1017 129 1154 156 ALLATH

1783 128 1838 154 8l3

208 192 237 218 δὲ
257 190 352 226 φύεται
377 190 440 226 περὶ
458 190 503 216 τὸν
521 191 660 226 Ὄλυμπον
673 211 680 222 ,
701 191 845 226 ἀνδράχνη.
866 190 995 226 κόμαρος,
1012 191 1033 219 Α
1047 189 1077 215 τὺ
1100 188 1208 224 χρῶμα,
1235 188 1405 223 φλοῖσθέντος
1428 187 1476 214 τοῦ
1501 187 1587 220 ξύλου,
1603 187 1765 221 λευκότερον
1790 187 1840 221 μὲν

209 235 362 272 τέρμινθος,
385 235 479 271 ἀγρία,
502 235 601 270 δάςξνη.
619 237 697 262 Δοκεῖ
721 235 748 262 δὲ
766 237 782 271 ἡ
799 235 933 271 ἁνδρὲιχνη
952 235 998 261 καὶ

208 283 221 307 ὁ
237 281 344 316 οἵναρος
367 280 402 307 τὰ
424 281 472 315 μὲν
494 281 568 306 κάτω
593 281 773 315 φυλλοϐολέἰν,
795 281 829 307 τὰ
849 280 877 306 δὲ
898 280 999 315 ἔσχατα

208 327 260 353 τῶν
275 326 433 361 ἀκρεμόνων
449 326 579 359 ἁείέυλὶα
600 326 685 360 ἔχειν·
702 326 825 360 ent-965w
838 326 866 352 δὲ
880 326 923 352 ἀεὶ
936 325 998 356 τοὺς

208 372 371 406 ἀκρέμονας.
393 370 425 397 Et
447 371 552 398 Plinius
567 380 600 398 cx
618 371 805 406 Theophrasto
823 372 894 398 Hist.
918 376 973 398 nat.
988 392 995 404 ,

209 417 255 443 lib.
271 425 326 447 xw,
343 424 404 450 cap.
418 416 453 442 20
470 425 476 442 ;
495 415 662 442 Urbanarum
679 417 765 451 generi
786 425 835 442 non
857 416 978 442 decidunt
989 436 996 448 ,

208 462 280 492 oleas.
297 462 383 494 lauro,
399 464 504 496 palmw,
524 467 618 497 myrta,
635 470 764 496 cupresso.
788 463 866 496 pinis.
885 462 996 494 Iit-dent,

209 507 408 538 rlwdodendro;
425 513 452 535 et
475 516 535 543 cap.
558 508 588 535 2i
617 518 622 535 :
646 507 810 535 Silrcstrinm
829 509 914 543 generi
932 508 997 543 folia

209 562 259 580 non
274 554 408 585 decidunt,
420 554 509 584 abieti,
525 554 611 586 larict',
624 555 893 588 pinaslro,junipero,
909 554 997 586 cedro,

210 600 382 632 "terebintho,
399 600 478 632 buxo,
503 601 557 626 ilici
570 621 577 631 ,
593 600 736 635 a‘qttifolt'o,
752 600 849 631 suberi,
867 606 940 632 taxo,
957 605 999 626 tu-

209 645 318 676 marici;
334 646 401 672 inter
415 650 525 680 utraque
547 653 641 680 genera
662 651 722 673 sunt
738 645 868 672 mirae/me
883 646 910 672 in
925 645 998 672 (ἶνίν-

208 690 262 722 cia,
280 695 303 717 et
331 690 424 725 ubique
450 690 542 718 unedo.
568 691 677 726 Reliqua
695 692 764 718 enim
787 692 852 725 [alia
876 691 998 718 decidunt

211 735 260 767 lus,
285 742 460 772 prteterquam
484 737 510 763 in
527 737 716 764 cacuminibus.
734 737 766 763 Et
780 743 876 764 auctor
893 737 998 772 Geopo-

211 782 263 809 nic.
277 790 284 807 ε
300 782 397 817 Δένδρα
421 781 532 816 ἀειθαλῆ
547 783 613 813 ἐστι,
631 782 697 817 μηδέ
706 791 770 808 ποτε
784 782 998 818 φυλλορῤοῦντα

212 829 237 854 ιν
250 827 288 862 τῷ
306 827 427 862 χειμῶνι,
448 827 480 855 ίδ.
499 827 595 861 φοίνιξ,
611 828 713 863 κίτρον,
733 828 879 863 στρόϐιλος,
900 828 996 863 δάφνη,

1047 233 1094 259 τοῦ
1109 233 1215 268 πρίνου,
1230 233 1408 268 οίνωπότερον
1426 232 1454 259 δὲ
1467 233 1516 267 τῆς
1531 232 1623 268 δρυός·
1643 232 1676 258 τὰ
1701 231 1730 258 δὲ
1753 230 1840 265 φύλλα

1049 278 1192 314 προσέοικε
1224 278 1272 313 μὲν
1292 279 1402 313 ἀμφοῖν,
1427 277 1482 312 ἔχει
1498 277 1526 304 δὲ
1546 277 1630 311 μείζω
1646 277 1662 312 ἦ
1680 277 1719 308 ὡς
1734 279 1838 311 πρῖνος.

1048 324 1150 351 ἐλάττω
1165 325 1192 351 δὲ
1207 325 1223 360 ἢ
1238 325 1276 356 ὡς
1294 324 1369 359 δρῦς.
1388 324 1442 350 Καὶ
1458 324 1502 350 τὸν
1521 323 1625 358 καρπὸν
1644 323 1693 358 μὲν
1707 323 1754 349 τοῦ
1774 323 1839 358 πρί-

1048 379 1094 396 νου
1109 371 1178 397 κατὰ
1192 371 1222 396 τὸ
1240 369 1352 405 μέγεθος
1372 369 1484 401 ἐλάττω,
1500 371 1558 400 ταῖς
1581 368 1737 403 ἐλαχίσταις
1750 368 1778 394 δὲ
1792 367 1840 402 βι-

1048 415 1136 448 λάνοις
1153 416 1222 443 ἴσον·
1240 416 1287 443 καὶ
1301 415 1463 450 γλυκύτερον
1479 415 1527 450 μὲν
1545 414 1591 440 τοῦ
1612 413 1721 450 πρίνου,
1738 414 1840 449 πικιώ-

1048 470 1124 497 τερον
1144 462 1172 488 δὲ
1194 462 1242 497 τῆς
1260 462 1349 498 δρυός.
1369 461 1488 488 Καλοῦσι
1510 460 1539 487 δέ
1561 469 1630 492 τινες
1651 460 1698 486 τὸν
1721 460 1771 494 μὲν
1792 459 1838 486 τοῦ

1049 508 1153 543 πρίνου.
1170 508 1216 534 καὶ
1232 508 1277 534 τὸν
1297 507 1397 542 ταύτης
1418 507 1521 542 καρπὸν
1540 507 1649 536 ἄκυλον.
1667 506 1716 533 τὸν
1741 505 1769 532 δὲ
1790 506 1839 540 τῆς

1043 553 1127 589 δρυὸς
1150 553 1271 588 βάλανον.
1298 554 1412 588 Μήτραν
1436 553 1463 579 δὲ
1489 552 1544 587 ἔχει
1569 552 1769 587 φανερώτερον,
1788 552 1806 587 ἦ
1825 554 1839 578 ὁ

1046 599 1141 634 πρῖνος
1172 599 1226 625 Καὶ
1249 599 1265 633 ἡ
1290 598 1338 634 μὲν
1366 597 1509 633 φελλόδρυς
1539 598 1666 632 τοιαύτην
1696 597 1758 623 τινὰ
1782 596 1839 631 ἔχει

1048 643 1139 678 φύσιν.
1157 643 1238 670 Plura
1257 651 1363 678 possem
1379 651 1526 678 congerere
1546 643 1580 670 ab
1598 643 1659 669 aliis
1680 642 1716 669 de
1733 642 1839 668 arbori.

1048 688 1109 720 bus,
1127 697 1243 724 quorum
1263 689 1306 716 hic
1323 688 1351 715 lit
1374 688 1486 720 mentio,
1501 688 1573 714 dicta
1590 692 1616 714 et
1632 687 1770 719 dubitata,
1792 686 1838 714 sed

1049 739 1128 761 notas
1154 735 1181 762 in
1210 734 1400 766 Eustathium,
1432 742 1486 760 non
1519 733 1664 760 herbarum
1693 733 1838 759 historiam

1046 780 1205 808 scribimus.
1229 779 1332 807 Snllicit
1355 780 1416 814 ejus
1441 779 1514 806 dicta
1539 779 1619 806 dictis
1636 778 1755 804 aliorum
1775 786 1839 805 con-

1049 825 1171 853 ﬁrmasse
1188 825 1229 852 νιιι
1244 825 1408 852 declarasse.

212 861 295 905 ἱλαία,
307 861 496 909 ηκυπάρισσος,
523 874 646 909 κερατία,
658 861 772 906 ’πίτυςί
783 876 885 910 πρῖνος,
905 861 997 907 πύξος,
1015 861 1035 889 Β
1085 871 1150 899 Ibid.
1163 872 1211 898 lin.
1224 871 1268 898 25.
1284 870 1318 896 Τὸ
1330 869 1424 904 ῥόδον
1437 869 1510 896 ἄνευ
1532 868 1587 903 τῆς
1604 869 1747 902 ἀκάνθης.
1764 868 1839 894 Basi-

212 919 338 955 μυρσίνη,
363 920 466 954 κέδρος,
492 919 558 950 ἰτέα,
582 920 628 946 καὶ
645 919 786 955 ἄρκευθος.
811 920 999 948 Artemidorus

211 963 347 992 Otuirocr.
381 965 427 991 lib.
453 972 471 995 I,
495 972 555 999 cap.
578 964 612 991 79
636 974 641 991 :
662 965 782 996 Φοίνικος
797 965 825 991 δὲ
848 966 893 992 καὶ
907 965 999 997 ἐλαίας

211 1010 335 1044 στέφανοι
366 1010 470 1045 γάμους
499 1010 649 1046 ἐλευθέρων
672 1011 842 1047 περιποιοῦσι
863 1013 999 1046 γυναικῶν

211 1054 252 1080 διὰ
273 1055 321 1090 τὴν
342 1055 453 1090 πλοκὴν.
483 1055 537 1081 Καὶ
556 1056 638 1082 τέκνα
663 1058 894 1092 προσαγορεύουσι
920 1059 1000 1085 πολυ-

211 1101 303 1136 χρόνια
319 1100 362 1127 διὰ
378 1100 408 1126 τὸ
423 1100 554 1132 ἀειθαλὲς,
571 1101 628 1127 υἱὸν
650 1102 698 1137 μὲν
713 1103 726 1128 ὁ
749 1103 846 1136 φοίνιξ,
865 1103 1000 1140 Θυγατέρα

210 1146 237 1171 δὲ
253 1146 268 1180 ἡ
283 1145 369 1172 ἐλαία.
385 1145 548 1173 Plutarchus
562 1147 587 1172 in
601 1145 721 1181 Sympos.
743 1147 769 1178 8,
787 1153 882 1182 quaest.
892 1149 918 1180 9,
936 1150 1001 1184 ρει-

212 1199 284 1218 mam
308 1199 370 1218 esse
397 1192 435 1218 ait
466 1192 628 1227 μακρόόιον,
652 1193 866 1227 ἐμπεδόφυλλον,
887 1195 1001 1229 βεϐαίως

211 1237 364 1272 ἀείφυλλον,
381 1237 497 1273 ideoque
513 1246 574 1265 esse
589 1239 702 1266 victoris
718 1241 869 1274 praemium.
889 1241 948 1268 Ὅτι
962 1242 1002 1268 δεῖ

212 1281 260 1316 τὴν
279 1282 333 1308 τῶν
356 1282 509 1318 νικηφόρων
529 1282 606 1314 δόξαν
633 1283 744 1317 ἄφθιτον
765 1285 811 1311 καὶ
835 1285 929 1321 ἀγήρω
945 1286 1001 1313 δια-

214 1327 312 1362 μένειν.
330 1327 496 1360 Phornntus,
512 1329 593 1363 capit.
617 1328 651 1356 de
677 1329 771 1362 Musis,
793 1331 818 1357 in
832 1339 863 1357 ea
879 1333 1002 1366 agnoscit

213 1372 242 1398 τὸ
257 1373 376 1405 ἀείζωον.
399 1373 427 1399 1η
454 1373 521 1409 Tylo
541 1374 640 1407 insula,
669 1374 774 1402 Plinius
800 1376 847 1403 lib.
872 1385 922 1409 xu,
939 1385 999 1412 cap.

215 1417 259 1448 11,
273 1418 339 1444 nulli
355 1418 483 1445 arborum
500 1418 564 1444 l'olia
580 1418 707 1446 decidere
724 1420 824 1452 tradit;
837 1424 863 1446 et
880 1420 926 1448 lib.
944 1429 1001 1452 xw,

215 1469 276 1497 cap.
294 1462 324 1489 2|
344 1471 350 1489 :
369 1463 400 1489 In
421 1463 536 1490 Thurino
553 1472 626 1498 agro,
647 1463 692 1490 ubi
705 1464 814 1500 Sybaris
823 1465 886 1500 fuit,
900 1474 931 1493 es:
945 1467 1002 1501 ipsa

215 1507 278 1534 urbe
293 1508 500 1542 praspiciebatur
514 1517 624 1544 quercus
646 1518 709 1542 una,
734 1519 868 1546 nunquam
882 1512 947 1546 {alia
961 1513 1003 1540 di-

215 1554 331 1584 mittens,
347 1562 392 1580 nec
409 1560 470 1581 ante
487 1555 597 1582 me'liam
614 1561 731 1583 a’statcm
745 1558 905 1592 germinans.
920 1558 1003 1594 quue

215 1601 311 1627 mirum
335 1605 384 1632 est,
401 1600 500 1628 ercis
525 1602 678 1630 auctoribus
702 1603 845 1637 proditum,
867 1605 936 1638 apud
955 1614 1002 1632 nos

214 1651 303 1679 pastu:
326 1647 411 1674 sileri.
430 1646 501 1674 Nam
523 1648 640 1675 locorum
665 1654 738 1676 tanta
759 1651 796 1676 vis
817 1656 865 1680 est.
887 1656 915 1677 ut
933 1653 1003 1678 circa

216 1691 357 1726 Memphim
373 1692 494 1728 ,Ἐρυμαίῇ
510 1698 534 1720 et
550 1694 577 1720 in
593 1693 766 1728 Elephantine
783 1695 922 1723 Thebaidis
937 1697 1003 1723 nulli

216 1737 304 1763 arbori
318 1737 449 1770 decidant,
468 1747 499 1766 ne
522 1739 616 1766 vitibus
633 1741 747 1775 quidem.
765 1739 831 1768 Vide
851 1741 1001 1770 Varronem

217 1783 263 1810 lia).
285 1791 304 1815 ι,
324 1791 382 1819 cap.
403 1783 427 1816 7,
446 1783 484 1811 De
501 1793 528 1812 re
543 1786 658 1817 rustica;
681 1790 708 1812 et
726 1785 944 1821 Theophrastum
967 1788 1004 1816 De

217 1829 310 1857 histor.
335 1831 419 1864 plant.
438 1831 485 1858 lib.
505 1839 523 1864 ι,
545 1832 629 1866 capit.
646 1832 689 1863 l5,
718 1832 763 1859 ubi
785 1837 812 1860 et
836 1834 869 1861 de
896 1834 1004 1869 platano

217 1875 372 1903 Gortinensi
387 1880 413 1903 et
429 1877 461 1903 de
480 1876 661 1912 Elephantino
679 1885 752 1912 agro.
774 1879 842 1914 Περὶ
859 1880 913 1915 γὰρ
935 1881 1004 1906 Ἑλε-

218 1922 347 1956 φαντινην
368 1922 426 1948 οὐδὲ
444 1922 492 1954 τὰς
515 1922 662 1957 ἀμπέλους,
681 1923 740 1950 οὐδὲ
764 1925 813 1956 τὰς
838 1926 922 1957 συκᾶς
941 1935 1005 1960 φασι

217 1967 398 2001 φυλλοεολεῖν.
417 1967 447 1995 In
466 1968 565 2003 quibus
581 1968 653 1996 sicut
673 1974 700 1996 et
721 1970 748 1996 in
771 1971 831 1998 aliis
848 1979 882 1998 an
901 1971 1006 2000 Plinius

218 2012 305 2041 ﬁdelis
325 2013 482 2049 interpretis
497 2022 610 2042 munere
624 2015 733 2044 iunctus
756 2016 791 2043 sit
808 2017 1005 2052 aliisjudican-

218 2059 282 2085 dmn
299 2059 443 2093 relinquo:
462 2060 512 2087 hoc
527 2069 619 2088 verum
635 2065 689 2094 est,
702 2063 824 2096 quaedam
844 2063 877 2091 de
893 2071 943 2091 suo
958 2064 1007 2091 ad-

217 2104 341 2136 didisse,
371 2106 423 2132 alia
448 2106 582 2134 omisisse.
612 2107 646 2134 At
675 2116 729 2135 non
755 2116 787 2136 ex
806 2109 1006 2144 Theophrasto

218 2151 368 2183 transtulit,
383 2151 428 2179 sed
447 2160 479 2179 ex
495 2153 567 2186 aliis,
585 2153 733 2190 Graecaque
751 2159 781 2181 ut
802 2159 880 2182 erant
905 2156 932 2183 in
953 2155 1006 2184 illis

1049 917 1112 947 lius.
1130 916 1203 944 hom.
1215 917 1232 944 5
1249 925 1255 943 :
1272 916 1345 951 Πλὴν
1360 924 1391 950 γε
1405 916 1444 942 ὅτι
1461 915 1491 942 τὺ
1507 915 1580 950 ῥόδον
1591 915 1653 942 τότε
1667 915 1732 942 ἄνευ
1756 915 1838 940 ἀκάν-

1048 963 1098 998 Οης
1115 961 1158 998 ἦν.
1175 962 1306 998 ”Υστερον
1319 962 1348 988 δὲ
1363 961 1398 996 τῷ
1416 962 1508 988 κάλλει
1522 961 1568 988 τοῦ
1587 961 1684 992 ἄνθους
1701 962 1718 996 ἡ
1735 960 1841 987 ἄκανθα

1049 1009 1231 1045 παρεζεῦχθη,
1246 1010 1289 1036 ἵνα
1299 1009 1329 1035 τι
1341 1008 1455 1044 τερπνὸν
1474 1009 1522 1043 τῆς
1535 1007 1711 1039 ἀπολαύσεως
1726 1006 1838 1041 ἐγγύθεν

1049 1055 1154 1090 ἔχωμεν
1174 1055 1378 1091 παρακειμένην
1401 1054 1450 1090 τὴν
1472 1054 1570 1090 λύπην,
1598 1054 1769 1089 μεμνημένοι
1790 1055 1838 1088 τῆς

1050 1101 1194 1136 ἁμαρτίας.
1209 1100 1241 1126 δι’
1258 1100 1291 1136 ἢν
1310 1101 1427 1133 ἀκάνθαις
1453 1102 1500 1128 καὶ
1524 1100 1664 1136 τριϐόλους
1686 1101 1755 1135 ἡμῖν
1775 1100 1838 1127 ἁνα-

1050 1147 1150 1173 τέλ).ειν
1172 1147 1352 1182 κατεδικάσθη
1370 1148 1386 1182 ἡ
1405 1147 1452 1182 γῆ.
1471 1147 1518 1174 Pia
1536 1151 1562 1174 et
1580 1147 1703 1182 prudens
1717 1154 1838 1173 commo-

1051 1193 1179 1224 nefactio,
1198 1197 1227 1219 ut
1242 1193 1369 1220 videlicet
1385 1193 1466 1221 homo
1493 1194 1520 1220 in
1545 1200 1634 1220 rosam
1661 1196 1776 1226 aspectu
1797 1192 1836 1218 in-

1048 1237 1132 1271 jecto,
1155 1238 1246 1265 statim
1273 1238 1380 1272 pristini
1395 1243 1421 1266 et.
1440 1238 1544 1272 antiqui
1565 1237 1645 1272 primi
1663 1238 1798 1272 parentis,
1812 1241 1837 1263 et

1052 1284 1094 1311 sui
1115 1284 1207 1318 lapsus
1231 1285 1388 1312 memoriam
1416 1288 1540 1319 repetat;
1569 1289 1595 1311 et
1618 1284 1776 1311 calamitate
1791 1283 1838 1310 in-

1052 1335 1156 1366 specta,
1176 1332 1203 1358 in
1222 1339 1302 1366 quam
1318 1335 1430 1366 propter
1450 1335 1592 1366 peccatum
1621 1331 1738 1363 incidit,
1759 1331 1838 1358 corde

1052 1375 1149 1404 fremat
1161 1381 1188 1404 et
1205 1377 1300 1404 intime
1315 1378 1414 1408 doleat,
1431 1378 1527 1412 suique
1544 1378 1676 1405 creatoris
1692 1385 1772 1412 opem
1791 1385 1837 1404 er-

1051 1429 1157 1458 poscal.
1170 1429 1197 1450 et
1213 1424 1265 1451 sibi
1279 1429 1382 1451 caveat.
1399 1423 1562 1450 Continuata
1578 1424 1650 1450 enim
1664 1427 1837 1458 peccatorum

1053 1470 1184 1496 memoria
1196 1470 1299 1496 nullum
1318 1469 1466 1496 remedium
1484 1470 1573 1504 aptius
1590 1469 1623 1496 ad
1637 1469 1745 1496 veniam
1761 1469 1839 1503 impc-

1054 1515 1189 1546 trandam,
1206 1523 1256 1542 nec
1274 1515 1357 1542 ullum
1378 1515 1449 1542 aliud
1467 1515 1503 1541 ita
1519 1522 1628 1550 segnem
1648 1515 1739 1541 reddit
1755 1514 1839 1540 homi-

1055 1569 1115 1587 nem
1139 1561 1172 1588 ad
1197 1561 1345 1595 nequitiam
1361 1561 1580 1595 perpetrandam,
1597 1565 1627 1588 ut
1642 1561 1742 1588 scribit
1755 1560 1839 1595 Chry-

1052 1610 1189 1633 sostomus
1206 1607 1233 1632 in
1249 1606 1333 1639 prist.
1350 1606 1384 1632 ad
1403 1606 1542 1638 llebrtvos,
1559 1614 1619 1641 cap.
1638 1615 1688 1636 xu.
1707 1607 1781 1633 hom.
1796 1607 1837 1637 5i,

1053 1656 1080 1678 et
1093 1651 1120 1678 in
1135 1656 1229 1679 catena
1239 1652 1265 1678 in
1280 1660 1337 1686 cap.
1353 1660 1396 1678 xtv
1414 1651 1555 1679 llleremite
1571 1660 1579 1678 :
1596 1652 1658 1678 Ἐπὶ
1669 1653 1699 1678 τὸ
1713 1652 1839 1686 λειπόμε-

1054 1706 1097 1724 νον
1109 1697 1251 1733 φάρμακον
1262 1697 1426 1732 καταφεύγει
1437 1698 1489 1724 τῶν
1501 1698 1706 1733 ἁμαρτημάτων
1716 1698 1767 1733 τὴν
1777 1697 1839 1731 γνῶ-

1056 1752 1106 1770 σιν.
1119 1742 1173 1770 Nec
1187 1743 1311 1770 dissentit
1321 1743 1434 1778 August.
1445 1744 1492 1770 lib.
1503 1752 1522 1777 ι,
1534 1744 1568 1770 De
1580 1743 1643 1770 Gen.
1653 1749 1746 1770 contra
1760 1742 1838 1769 Mani-

1055 1791 1149 1821 charos,
1163 1797 1188 1816 ι).
1203 1790 1256 1816 l5:
1270 1789 1320 1816 Per
1336 1795 1469 1823 peccatum
1489 1790 1599 1816 hominis
1615 1795 1686 1816 terra
1701 1790 1838 1816 maledicta

1055 1840 1104 1866 est,
1121 1839 1148 1861 ut
1172 1836 1260 1869 spinas
1275 1840 1387 1869 pareret,
1411 1843 1462 1862 non
1483 1840 1510 1862 ut
1533 1836 1588 1869 ipsa
1610 1843 1701 1870 paznas
1721 1836 1837 1867 sentiret,

1055 1889 1113 1916 qua:
1132 1882 1187 1908 sine
1206 1889 1283 1909 sensu
1303 1886 1359 1913 est,
1383 1881 1428 1908 sed
1449 1887 1478 1907 ut
1498 1882 1597 1915 peccati
1618 1881 1729 1908 humani
1746 1883 1838 1908 crimen

1056 1935 1156 1960 semper
1169 1926 1316 1953 hominibus
1331 1932 1391 1953 ante
1409 1926 1497 1953 oculos
1516 1931 1630 1960 poneret,
1647 1935 1698 1962 quo
1717 1926 1838 1954 admone-

1056 1979 1146 2000 rentur
1166 1973 1309 2008 aliquando
1325 1974 1409 2008 at'erti
1431 1983 1447 2000 a
1469 1974 1592 2008 peccatis,
1607 1979 1632 2000 et
1656 1973 1691 2000 ad
1709 1973 1758 2000 Dei
1776 1982 1838 2008 pra-

1057 2025 1132 2055 cepta
1146 2021 1270 2047 converti.
1291 2019 1385 2046 Ilerba,’
1401 2025 1499 2050 autem,
1515 2025 1568 2046 etc.
1595 2019 1658 2047 Hmc
1674 2024 1767 2047 tamen
1781 2027 1838 2047 seu-

1057 2065 1142 2092 tentia
1158 2065 1268 2092 Pererio
1281 2065 1300 2092 l.
1315 2072 1334 2098 ι,
1349 2065 1376 2090 in
1399 2064 1462 2091 Gen.
1482 2073 1536 2091 non
1557 2064 1670 2091 arridet.
1693 2063 1749 2091 Nec
1771 2064 1838 2090 enim

1058 2114 1146 2145 potest
1165 2110 1262 2136 adduci
1287 2113 1315 2136 ut
1331 2108 1424 2136 credat
1447 2117 1537 2136 rosam
1560 2113 1622 2136 ante
1638 2113 1785 2143 peccatum
1804 2108 1839 2135 fa-

1057 2161 1126 2182 ctam
1141 2155 1226 2183 fuisse
1243 2155 1346 2189 absque
1363 2155 1460 2190 spinis.
1480 2154 1550 2182 Deus
1565 2155 1637 2181 enim
1653 2155 1723 2181 tales
1745 2154 1838 2181 condi-

218 2197 375 2225 auctoribus
397 2197 493 2224 Latina
506 2197 577 2226 fecit.
592 2199 657 2228 Esto
671 2210 676 2228 :
696 2204 784 2228 tamen
803 2206 945 2235 suspectus
958 2201 1004 2228 ad-
1020 2204 1041 2231 ι)
1056 2202 1096 2229 dit
1118 2209 1162 2228 res
1178 2201 1273 2236 quales
1293 2204 1357 2228 Sunt
1373 2201 1523 2228 secundum
1539 2205 1665 2228 naturam
1684 2207 1775 2233 suam,
1793 2207 1839 2226 nec

218 2243 271 2269 huc
287 2247 328 2270 est
348 2251 409 2270 cum
423 2248 450 2271 et.
468 2245 496 2272 in
513 2246 574 2273 aliis
591 2246 685 2274 eodem
699 2247 781 2274 modo
798 2254 827 2274 se
841 2251 936 2282 gerat;
959 2247 1006 2274 sed

218 2295 272 2314 non
286 2292 327 2316 est
345 2289 486 2323 praesentis
499 2292 611 2326 negotii.

253 2334 312 2362 Col.
327 2335 389 2368 7l6,
400 2336 562 2364 lin.22.Kal
574 2337 613 2371 ἢν
621 2337 760 2371 Ἀρκάδες
771 2337 926 2372 φίλοδρυν.
941 2338 1006 2364 Cor-

217 2382 275 2416 rige
290 2389 322 2408 ex
339 2381 538 2416 Theophrasto,
552 2383 706 2418 φελλόδρυν,
730 2382 817 2417 Hujus
839 2388 965 2410 naturam
980 2387 1007 2411 et

217 2430 374 2454 accuratam
394 2427 605 2463 descriptionem
621 2428 702 2456 habet
719 2429 787 2456 idem
800 2429 1006 2464 Theophrastus

217 2472 256 2500 lle
270 2473 354 2500 histor
378 2473 462 2508 plant.
477 2474 524 2502 lib.
548 2483 588 2506 ιιι,
608 2475 691 2510 capit.
711 2476 744 2502 16
761 2484 766 2502 :
787 2476 818 2501 Ὃ
833 2475 860 2501 δὲ
879 2474 1006 2502 καλοῦσιν

224 2519 352 2554 Ἀρκάδες
366 2519 510 2554 φελλὸδρυν
530 2520 632 2547 τοιάνδε
657 2520 712 2555 ἔχει
734 2520 784 2554 τὴν
799 2521 889 2554 φύσιν,
904 2520 941 2552 ὡς
958 2520 1006 2555 μὲν

216 2563 309 2596 ἁπλῶς
325 2565 421 2596 εἰπεῖν,
437 2564 489 2591 ἀνὰ
505 2564 586 2600 μέσον
602 2565 696 2599 πρίνου
711 2565 758 2592 καὶ
771 2565 850 2601 δρυός
864 2566 932 2591 ἐστι.
952 2565 1006 2591 Καὶ

217 2609 280 2636 Κνιοι
307 2610 544 2646 ὑπολαμϐάνουσιν
573 2609 640 2637 εἶναι
664 2611 746 2646 θῆλυν
768 2613 871 2646 πρῖνον.
897 2611 937 2638 διὸ
960 2611 1006 2638 καὶ

216 2653 281 2679 ὅπου
304 2654 341 2689 μὴ
364 2653 459 2688 φύεται
486 2656 589 2690 πρῖνος,
614 2654 700 2690 τούτῳ
723 2655 839 2691 χρῶνται
868 2655 935 2690 πρὸς
958 2655 1007 2686 τὰς

217 2699 335 2732 ἁμάξας.
356 2700 404 2726 καὶ
424 2700 458 2726 τὰ
476 2700 598 2732 τοιαῦτα,
614 2701 770 2737 καθάπερή
797 2702 861 2737 περὶ
877 2701 1007 2728 Λακεδαί-

217 2751 287 2778 μονα
312 2744 358 2770 καὶ
378 2744 493 2771 Ἠλείαν.
521 2744 639 2772 Καλοῦσι
664 2746 692 2772 δὲ
721 2746 746 2772 οῖ
771 2754 801 2780 γε
826 2747 937 2780 Δωριεῖς
961 2747 1007 2772 καὶ

216 2788 315 2823 ἀγρίαν
330 2789 361 2815 τὸ
380 2789 496 2824 δένδρον.
512 2790 589 2816 Ἔστι
614 2790 641 2816 δὲ
666 2791 857 2826 μαλακώτερον
882 2791 929 2818 τοῦ
946 2792 1008 2827 πρί-

216 2841 272 2864 νου,
290 2833 468 2869 σκληρότερον
487 2834 515 2861 δὲ
536 2835 582 2862 καὶ
603 2837 766 2864 πυκνότεοον
781 2837 829 2872 τῆς
847 2837 934 2872 δρυός.
952 2838 1006 2864 Καὶ

1057 2250 1198 2282 peccatum
1213 2246 1276 2274 Adae
1301 2246 1418 2273 mulavit
1432 2254 1527 2273 earum
1553 2247 1738 2281 proprietates
1763 2250 1839 2280 atque

1057 2292 1239 2324 conditiones,
1265 2299 1326 2318 cum
1350 2298 1400 2318 nec
1420 2299 1453 2318 ea
1476 2290 1597 2326 quidem,
1615 2299 1677 2325 qua:
1700 2297 1766 2318 vera
1781 2293 1840 2317 sunt

1057 2337 1207 2366 secundum
1234 2341 1363 2364 naturam
1386 2337 1506 2364 hominis
1529 2341 1671 2372 peccatum
1693 2336 1754 2370 ejus
1768 2335 1840 2370 quid~

1057 2391 1138 2419 quam
1162 2383 1318 2410 variaverit.
1345 2382 1446 2409 Bosam
1464 2390 1528 2409 vero
1550 2382 1626 2408 nasci
1650 2382 1723 2408 inter
1751 2381 1839 2415 spinas

1057 2428 1210 2455 naturalem
1239 2435 1309 2454 rosae
1334 2428 1558 2454 constitutionem
1583 2431 1664 2461 atque
1690 2427 1840 2461 generatio-

1058 2480 1118 2500 nem
1137 2473 1326 2507 consequitur.
1348 2471 1438 2505 Quare
1455 2472 1508 2499 etsi
1532 2476 1597 2499 ante
1618 2477 1764 2506 peccatum
1781 2471 1839 2498 Adae

1057 2522 1135 2545 erant
1153 2518 1210 2545 haec
1230 2518 1356 2544 humanae
1371 2522 1477 2544 natura:
1497 2517 1589 2548 noxia,
1612 2525 1666 2544 non
1686 2516 1804 2544 luissent
1818 2515 1839 2542 ei

1057 2564 1085 2590 in
1101 2570 1220 2598 pmnam,
1241 2564 1264 2591 si
1287 2571 1341 2590 non
1361 2568 1513 2598 peccasset,
1530 2562 1578 2589 sed
1603 2562 1640 2588 ita
1654 2566 1730 2589 esset
1755 2561 1839 2588 animo

1058 2617 1228 2644 corporcque
1244 2609 1368 2641 effectus,
1390 2613 1419 2636 ut
1441 2609 1569 2636 facillime
1588 2609 1646 2635 haec
1668 2608 1787 2635 exitiosa
1803 2608 1838 2633 in-

1058 2661 1213 2682 ternoscere
1229 2659 1254 2681 ct
1269 2655 1355 2682 vitare
1367 2658 1470 2689 posset.
1488 2654 1586 2682 Verum
1606 2657 1659 2684 est,
1678 2652 1762 2680 Deum
1779 2652 1838 2678 tales

1058 2710 1102 2729 res
1127 2702 1284 2730 condidisse
1311 2703 1406 2737 quales
1435 2706 1499 2729 sunt
1527 2700 1678 2729 secundum
1706 2704 1836 2727 naturam.

1060 2748 1138 2775 Sume
1154 2749 1254 2776 mentis
1270 2753 1312 2775 est
1333 2748 1414 2775 fateri
1438 2756 1529 2775 rerum
1550 2747 1736 2782 proprietates
1756 2750 1782 2773 et
1796 2752 1837 2772 na-

1058 2798 1135 2822 turas
1146 2797 1258 2829 peccato
1271 2795 1421 2829 primorum
1431 2799 1573 2828 parentum
1584 2801 1638 2820 non
1647 2792 1733 2820 fuisse
1748 2792 1836 2818 immu-

1059 2843 1140 2868 talas.
1164 2840 1340 2875 Exploratum
1357 2843 1410 2873 est,
1430 2844 1493 2867 ante
1517 2843 1658 2874 peccatum
1687 2846 1750 2866 cum
1771 2835 1836 2864 nulla
