1903 3068
58 107 116 136 849

578 110 611 137 ΙΝ
631 110 817 138 EUSTATlIll
837 110 1075 141 llEXAEItlERON
1093 114 1204 144 ΝΟΤΑΞ.

1640 121 1692 149 8ὕο

57 166 141 200 culpa
157 172 245 200 neque
259 173 359 200 corpus
371 174 459 202 neque.
473 167 594 194 animum
616 167 746 199 alliceret,
764 176 853 202 neque
868 173 889 199 Α
906 177 976 196 mum
995 176 1129 202 maturat;
1150 176 1177 198 et
1194 180 1254 207 cap.
1271 173 1317 207 26,
1339 174 1456 201 Perdunt
1478 175 1606 210 facillimo
1633 182 1693 205 ante

58 219 168 246 pinnam
187 211 268 238 ullam
287 211 370 239 fuisse
387 212 511 240 inditam.
526 213 595 241 Vero
610 216 707 241 verius,
720 219 762 242 est
776 214 849 242 Ada-

59 265 135 284 mum
152 260 216 283 tunc
230 257 267 284 ita
279 257 370 284 animo
385 262 412 284 et
427 266 540 293 corpore
562 259 646 287 fuisse
662 259 798 290 cllectum.
819 263 849 286 ut

57 307 86 330 et
101 303 217 330 exitiosa
229 310 419 339 cognosceret,
433 309 459 332 et
475 309 565 339 po~set
579 306 674 332 vitare.
692 305 754 333 ldeo
768 309 794 333 et
809 314 854 333 ro-

59 357 120 377 sam
140 357 201 376 cum
224 350 311 384 spinis
334 355 426 378 natam
448 351 653 383 allir-mabimus,
672 356 699 379 et
718 352 746 379 in
768 353 855 387 spinis

59 396 150 428 nasci,
164 397 314 424 naturalem
331 405 400 424 roszr.
414 398 635 426 constitutionem
650 402 677 425 et
703 399 856 434 generatio-

60 449 126 469 nem
147 443 299 477 consequi?
316 443 374 469 Alia
393 443 473 470 nobis
489 443 600 472 aliunde
619 448 646 471 et
669 453 738 471 rosa!
759 449 856 472 natura

59 492 88 515 ct
105 489 242 515 naturalis
253 489 415 516 constitutio
428 490 587 525 quatrenda.
608 490 686 523 Quod
704 495 801 517 natura
815 491 857 517 in-

60 535 150 562 situm
175 538 219 561 est
237 540 319 570 atque
335 535 441 568 datum,
455 540 482 564 et
503 537 656 564 naturalem
682 537 857 564 constitutio-

60 588 126 607 nem
141 582 329 616 consequitur,
346 581 387 608 lex
401 586 452 613 est,
467 590 526 616 qua:
539 582 612 610 nullo
624 583 764 610 hominum
781 582 856 618 inge-

62 626 122 654 nio.
149 626 222 653 nulla
252 630 404 661 temporum
430 628 636 661 vicissitudine,
663 629 739 656 nulla
764 637 856 656 rerum

60 675 209 707 varietate,
227 676 302 702 nullo
313 676 394 703 etiam
412 676 498 711 ipsius
511 681 625 710 natura’,
641 678 664 704 si
681 677 738 704 ﬁeri
754 681 856 712 posset,

61 722 182 756 impetu,
199 722 331 754 violatur;
351 722 398 750 sed
409 730 516 757 semper
529 723 652 750 eamdem
674 731 730 750 rem
749 724 782 750 ad
797 723 857 750 cxi-

63 771 123 794 tum
141 775 227 802 usque
242 768 428 802 consequitur.
446 768 522 801 Quod
537 769 558 795 si
571 769 662 800 tollas,
680 770 721 796 vel
739 770 765 796 in
784 769 857 796 aliud

62 817 255 841 transmutarc
268 814 427 842 tentaveris.
443 822 499 841 rem
518 818 543 841 et
567 815 652 849 ipsam
669 815 776 849 perdes,
793 820 819 843 et
830 816 856 842 in

62 860 149 886 aliam
173 860 341 888 innnutabis.
358 860 391 886 Et
409 861 512 888 scimus
531 861 612 888 etiam
634 861 751 888 dubitari
778 870 812 888 an
830 863 855 889 id

63 906 170 933 virtute
186 909 212 932 ct
231 905 358 933 facultate
382 906 473 933 divina
502 906 558 933 lieri
583 911 684 941 posset,
701 912 726 934 et
745 908 856 935 conclu-

62 952 136 978 dunt
162 959 195 979 ex
219 955 315 978 natura
341 952 379 978 rei
404 951 431 978 id
451 951 600 986 implicare.
628 953 661 978 At
683 961 732 980 nos
755 954 856 980 nostris

63 997 145 1025 hisce
169 998 340 1033 temporibus
355 998 535 1032 agricolarum
561 998 695 1025 industria
719 999 754 1025 ita
779 1007 857 1026 rOsas

62 1044 174 1070 Institui
189 1044 336 1076 cernimus,
350 1049 379 1070 ut
389 1044 491 1079 abszjue
506 1044 593 1079 spinis
602 1048 756 1079 erumpant,
769 1052 856 1079 neque

63 1089 161 1116 minus
178 1089 357 1120 venustiores,
375 1097 462 1124 neque
480 1089 571 1116 minus
587 1097 603 1115 ο
615 1089 763 1116 ῑοῐειιὶυτθετ
783 1087 856 1121 Quo-

64 1135 150 1162 modo
167 1142 232 1169 ergo
249 1142 262 1160 a
283 1139 380 1161 natura
400 1135 436 1161 ita
452 1139 637 1169 comparatum
659 1142 719 1161 esse
735 1134 854 1161 al'lirma-

65 1180 178 1208 bimus?
194 1180 266 1208 Idem
281 1185 322 1208 est
339 1181 408 1207 inter
422 1181 514 1215 spinas
529 1181 605 1207 nasci
623 1181 771 1208 naturalem
788 1187 856 1207 rosa:

65 1226 295 1253 constitutionem
307 1227 435 1260 consequi
448 1226 591 1257 allirniare,
607 1226 716 1252 acintcr
726 1226 858 1253 domesti-

65 1279 117 1298 cos
137 1271 255 1306 parietes
279 1271 416 1298 hominem
447 1272 536 1302 nasci,
562 1271 712 1298 naturalem
738 1271 857 1298 hominis

65 1319 306 1347 constitutionem.
333 1318 364 1344 Et
386 1319 486 1345 mirum
512 1323 566 1349 est.
585 1318 658 1353 quod
675 1326 736 1345 cum
755 1319 781 1345 in
806 1318 857 1345 hoc

66 1363 138 1391 ﬂore
148 1364 272 1390 omnium
290 1363 474 1398 pulcherrimo
498 1364 574 1399 plura
596 1368 710 1399 possunt
731 1364 856 1391 conside-

65 1410 126 1437 rari
144 1417 205 1444 qum
222 1409 281 1445 ejus
296 1414 420 1436 naturam
437 1411 566 1445 consequi
586 1418 639 1438 non
656 1411 773 1437 absurde
785 1410 857 1438 dice-

67 1463 177 1486 remus,
193 1455 326 1491 neglectis
339 1455 403 1486 illis,
415 1456 447 1482 ad
462 1456 566 1491 spinas,
577 1464 636 1491 qum
652 1456 767 1491 pessima
783 1460 856 1489 sunt,

67 1502 193 1528 animum
213 1502 401 1528 attendamus.
417 1500 455 1529 Ex
474 1501 715 1536 Peripateticorum
739 1507 765 1529 et
786 1502 858 1537 inge-

67 1555 191 1574 nuorum
214 1548 439 1582 philosophorum
461 1548 554 1575 schola
574 1552 668 1574 notum
691 1548 728 1579 id,
746 1555 777 1574 ac
791 1548 858 1576 satis

67 1599 179 1622 certum
199 1594 345 1626 habemus,
365 1594 402 1621 ita
418 1595 527 1629 propria
541 1602 602 1622 esse
622 1594 660 1621 rei
677 1595 734 1626 illa,
749 1602 809 1629 qua:
825 1595 859 1622 ad

66 1641 225 1669 naturalem
239 1641 683 1675 constitutionemconsequuntur,
705 1646 734 1667 ut
748 1641 782 1669 de
800 1641 860 1668 aliis

67 1688 140 1719 dici,
161 1691 188 1714 et
210 1687 270 1714 aliis
296 1687 490 1714 communicari
515 1687 626 1714 minime
656 1688 762 1722 possint
785 1687 860 1715 salva

68 1739 255 1768 utrorumque
279 1738 388 1761 natura.
411 1734 445 1760 At
469 1734 538 1761 inter
556 1734 649 1768 spinas
674 1734 749 1761 nasci
773 1734 860 1762 soline

68 1789 143 1808 rosae
155 1780 300 1807 convenit?
322 1780 392 1815 Ergo
408 1780 480 1806 inter
491 1780 584 1815 spinas
596 1780 671 1807 nasci
689 1788 743 1807 non
763 1788 862 1808 conse-

69 1827 170 1862 quitur
192 1827 344 1854 naturalem
369 1834 439 1853 rosm
451 1826 685 1853 constitutionem.
702 1826 737 1853 At
755 1834 807 1853 non
824 1827 861 1853 ita

69 1872 185 1908 propria
207 1876 237 1898 ut
252 1872 287 1899 sit
303 1871 365 1899 aliis
387 1872 575 1906 inconjuncta,
598 1879 663 1907 ergo
686 1880 741 1899 non
765 1876 861 1898 natura

69 1920 148 1950 data,
162 1925 228 1952 ergo
244 1922 333 1953 potest
349 1918 472 1952 generari
491 1925 563 1949 rosa,
580 1922 607 1944 et
634 1918 693 1944 sine
713 1917 799 1952 spinis
814 1925 862 1952 ge-

70 1965 177 1991 nerari.
203 1963 255 1991 Sed
278 1964 374 1990 demus
397 1964 479 1990 etiam
501 1971 558 1991 rem
584 1964 620 1990 ita
650 1971 679 1991 se
700 1963 817 1995 habere,
836 1967 863 1990 et

72 2011 147 2038 inter
160 2011 253 2044 spinas
264 2010 351 2041 nasri,
367 2010 496 2044 consequi
510 2017 580 2036 rosze
596 2010 746 2036 naturalem
762 2010 863 2037 consti-

71 2057 219 2083 tutionem.
244 2055 314 2088 Quid
336 2055 416 2082 inde?
438 2054 573 2086 Culturm,
601 2055 669 2087 soli,
692 2063 778 2090 aquaz,
800 2055 860 2082 cmli

69 2106 178 2129 tantam
191 2109 253 2128 esse
271 2101 327 2135 jam
342 2105 368 2128 et
386 2100 541 2128 facultatem
558 2101 585 2127 in
602 2101 712 2135 plantis,
727 2101 748 2129 si
773 2100 863 2128 Theo-

71 2150 188 2184 phrasto
217 2148 333 2182 aliisque
353 2147 509 2178 credimus,
528 2151 558 2173 ut
577 2147 662 2174 miras
690 2147 864 2174 alterationes

875 849 893 875 ll

907 216 1098 248 maturitatem,
1125 218 1226 250 palma,
1244 219 1323 253 ficus,
1347 221 1500 256 amygdala,
1519 223 1613 254 malus.
1646 231 1693 258 py-

907 270 962 293 rus,
979 262 1040 289 item
1053 263 1160 297 punica,
1172 271 1231 298 qua:
1251 265 1331 291 etiam
1345 266 1448 294 roribus
1465 267 1564 299 nimiis,
1579 274 1603 295 et
1618 269 1692 302 prui-

906 308 947 335 nis
973 309 1065 342 ﬂarent
1091 310 1197 337 aniittit.
1216 309 1276 343 Qua
1293 311 1325 338 de
1347 320 1428 339 causa
1449 313 1584 348 inﬂectunt
1605 322 1693 341 ramos

907 355 964 389 ejus
982 364 1012 382 ne
1027 355 1137 390 subjecti
1154 356 1289 384 humorem
1304 358 1428 392 infestum
1452 360 1594 394 exripiant,
1617 365 1693 394 atque

907 403 1067 429 contineant.
1085 401 1170 437 Pgrns
1192 409 1215 430 ct
1239 404 1391 439 amygdala.
1403 406 1483 432 etiam
1499 406 1521 432 si
1543 414 1593 433 non
1607 406 1692 441 pluat,

908 449 952 475 sed
970 449 1017 483 ﬁat
1043 450 1191 476 austrinum
1215 450 1319 482 caelum,
1345 455 1392 477 aut
1414 451 1542 485 nubilum,
1567 453 1694 479 ainittun!

908 495 1011 529 ﬂorem,
1034 501 1058 522 et
1073 497 1171 530 primas
1193 497 1313 531 fructus,
1333 498 1356 523 si
1380 506 1438 524 runt
1460 497 1603 532 deﬂoruere
1628 499 1693 526 tales

908 540 963 568 dies
978 541 1085 575 fuerint.
1109 543 1180 569 Idem
1196 542 1278 569 refert
1296 544 1341 571 lib.
1361 552 1427 576 xvn,
1445 552 1505 579 cap.
1520 544 1547 576 2,
1568 553 1628 580 qua:
1641 545 1692 572 ha-

907 587 967 614 buit
987 595 1019 614 ex
1043 587 1242 623 Theophrasto,
1259 590 1296 616 De
1318 591 1405 616 causis
1420 591 1503 622 plant.
1520 591 1568 618 lib.
1587 600 1615 624 Il,
1632 600 1692 627 cap.

909 633 958 660 ll:
975 633 1155 668 Ἀποὸλητικὰ
1175 634 1203 660 δὲ
1227 634 1342 669 μάλιστα
1358 635 1411 662 τῶν
1428 635 1542 671 καρπῶν
1563 637 1626 672 πρὶν
1647 645 1694 663 πε-

908 679 990 704 πᾶναι
1010 678 1087 712 συκῆ,
1110 679 1156 704 καὶ
1172 678 1269 712 φοίνιξ.
1294 679 1340 705 καὶ
1356 680 1508 715 ἀμυγδαλῆ,
1525 681 1572 707 καὶ
1596 681 1693 716 μηλέα,

908 725 956 751 καὶ
979 725 1065 756 ἄπιος.
1089 725 1190 750 Ἱκανὸν
1215 725 1269 760 γὰρ
1286 727 1332 753 καὶ
1357 726 1444 753 ὁτιοῦν
1467 727 1625 763 διυγρᾶναι,
1649 729 1696 756 καὶ

908 770 1020 802 ἀσθενὲς
1036 771 1156 805 ποιῆσαι,
1171 771 1218 797 καὶ
1232 771 1289 806 ἅμα
1306 771 1410 804 τούτοις
1427 781 1458 807 γε
1473 774 1519 800 καὶ
1534 774 1695 810 πνευμάτων

909 816 1055 850 ἐπιγίνεται
1072 816 1193 851 μέγεθος.
1220 817 1251 843 Ἢ
1265 817 1293 843 δὲ
1313 818 1361 852 ῥόα
1382 820 1438 850 τοῖς
1457 819 1505 853 μὲν
1529 820 1634 846 ἄνθεσιν
1649 821 1695 846 εὐι

909 862 1095 892 κατάπτωτος.
1121 861 1247 896 ’Λσοενὴς
1262 861 1315 897 γὰρ
1333 862 1421 888 αὐτῶν
1439 863 1456 898 ἡ
1472 863 1622 899 πρόσφυσις
1634 873 1640 879 '
1659 865 1696 896 ὡς

909 907 930 933 δ’
955 907 1018 934 ὅταν
1041 907 1173 942 ψεκάδια,
1200 907 1247 933 καὶ
1265 907 1354 943 δρόσοι
1377 908 1505 941 πέσωσιν,
1537 910 1696 945 εἰσδυόμενα

910 952 979 979 κατὰ
995 952 1024 978 τὸ
1044 951 1122 983 ἄνθος
1139 952 1293 987 ἀνυγραίνει
1316 953 1362 978 καὶ
1385 954 1456 979 ποιεῖ
1471 953 1520 988 τὴν
1540 953 1627 990 βολήν.
1651 955 1696 982 Διὸ

910 999 957 1025 καὶ
972 998 1119 1032 κατάγουσι
1134 998 1168 1025 τὰ
1181 998 1286 1034 δένδρα,
1303 999 1349 1025 καὶ
1370 999 1419 1026 οὐκ
1434 999 1544 1034 ἀφιᾶσιν
1566 1000 1606 1032 εἰς
1619 1000 1694 1035 ὕψος,

909 1045 982 1076 ὅπως
1010 1045 1034 1071 οἱ
1061 1045 1162 1071 κύτινοι
1191 1045 1227 1080 μὴ
1253 1044 1328 1080 ὀρθοὶ
1353 1045 1493 1080 γενόμενοι
1517 1045 1646 1081 δέχωνται
1665 1046 1696 1073 τδ

911 1091 1001 1126 ὑγρόν.
1018 1091 1049 1117 Οἱ
1065 1091 1093 1116 δὲ
1115 1091 1161 1118 καὶ
1180 1091 1312 1118 ἀνάπαλιν
1336 1091 1474 1118 κελεύουσι
1496 1092 1621 1126 φυτεύειν
1646 1093 1696 1124 τὰς

911 1137 1025 1172 ράῦδους
1044 1136 1138 1162 τούτου
1169 1137 1259 1172 χάριν,
1286 1137 1360 1169 ὅπως
1380 1138 1460 1169 εὐθὺς
1481 1137 1695 1167 κατανεύσωσιν.

911 1183 970 1209 Ὅτι
985 1183 1007 1208 δ’
1022 1182 1140 1218 ὑγρότης
1154 1183 1226 1208 αἰτία
1242 1182 1290 1217 τῆς
1311 1182 1454 1217 ἀποϐολῆς,
1467 1183 1592 1210 κάκεῖθεν
1607 1182 1694 1218 δῆλον.

910 1230 942 1254 At
957 1228 1010 1264 γὰρ
1032 1229 1107 1255 ἄπιοι
1120 1229 1168 1254 καὶ
1184 1228 1348 1263 ἀμυγδαλαῖ,
1365 1228 1417 1255 κᾶν
1439 1228 1476 1264 μὴ
1499 1228 1593 1264 βρέχῃ,
1611 1228 1695 1260 νότιος

909 1275 936 1301 δὲ
988 1276 1002 1301 ὁ
1019 1274 1072 1310 ἀὴρ
1088 1275 1135 1301 καὶ
1152 1274 1292 1309 ὲπινεφὴς,
1310 1274 1490 1301 ἀποϐάλλουσι
1512 1275 1559 1300 καὶ
1579 1274 1613 1301 τὰ
1629 1273 1696 1310 ἄνθη

910 1327 957 1346 και
981 1321 1044 1352 τοὺς
1069 1319 1194 1356 πρώτους
1220 1320 1356 1354 καρποὺς,
1383 1319 1431 1346 ἐὰν
1455 1319 1534 1351 εὐθὺς
1557 1319 1626 1355 μετὰ
1649 1319 1697 1355 τὴν

909 1365 1061 1400 ἀπάνθησιν
1093 1363 1121 1401 ᾖ.
1151 1364 1337 1392 Theodoretus
1364 1364 1392 1391 in
1417 1365 1522 1399 capia:
1547 1364 1697 1398 Hieremiw,

916 1411 1021 1442 Ἰστέον,
1037 1412 1078 1438 ὅτι
1102 1412 1116 1437 6
1134 1411 1258 1447 Ἑϐραῖος
1275 1411 1335 1437 ἀντὶ
1359 1411 1491 1446 καρυῖνης
1514 1410 1698 1446 ἀμυγδαλίνην

911 1457 1001 1492 φησίν.
1026 1457 1055 1483 'H
1076 1457 1104 1483 δὲ
1121 1456 1290 1492 ἀμυγδαλίνη
1308 1457 1339 1483 τὸ
1359 1457 1426 1491 ταχὺ
1443 1457 1492 1491 τῆς
1511 1457 1645 1492 τιμωρίας
1659 1457 1700 1483 αἱ-

887 1531 892 1539 ,
910 1503 1026 1529 vittata:
1036 1511 1043 1518 ·
1059 1503 1112 1538 πρὸ
1126 1503 1179 1538 γὰρ
1191 1503 1245 1529 τῶν
1265 1502 1351 1529 ἄλλων
1364 1502 1480 1538 δένδρων
1494 1502 1578 1529 ἀνθεῖ.

946 1549 1026 1579 lbid.,
1043 1549 1092 1576 lin.
1108 1549 1152 1576 50.
1172 1550 1203 1576 Ή
1215 1548 1248 1576 δὲ
1267 1549 1358 1583 πικρὰ
1373 1548 1542 1583 ἀμυγδαλῆ.
1571 1548 1698 1580 Basilius,

911 1595 1015 1622 Hom.5
1032 1604 1038 1621 :
1056 1595 1123 1622 Τινὰ
1135 1594 1163 1621 δὲ
1184 1596 1231 1621 καὶ
1246 1594 1295 1630 τὴν
1310 1596 1341 1620 ὲκ
1363 1594 1469 1628 φύσεως
1485 1594 1583 1621 κακίαν
1605 1595 1701 1630 ἐπιμα-

910 1640 996 1672 λειαις
1019 1640 1149 1676 γεωργῶν
1173 1640 1379 1676 θεραπευόμενα
1404 1640 1541 1675 ἔγνωμεν
1569 1638 1625 1667 οἷον
1650 1641 1700 1672 τὰς

911 1686 999 1718 ὀξείας
1022 1686 1107 1722 ῥοιὰς,
1130 1686 1176 1713 καὶ
1197 1686 1251 1713 τῶν
1275 1686 1436 1722 ἀμυγδαλῶν
1458 1686 1507 1718 τὰς
1524 1686 1698 1722 πικροτέρας,

912 1733 975 1760 ὅταν
990 1732 1175 1768 διατρηθεῖσαι
1191 1733 1222 1759 τὸ
1243 1733 1311 1768 πρὸς
1327 1734 1360 1768 τῇ
1385 1732 1446 1769 ῥίζῃ
1471 1732 1596 1767 στέλεχος
1612 1732 1700 1767 σφῆνα

913 1781 1016 1815 πεύκης
1042 1779 1157 1814 λιπαρὸν
1173 1779 1222 1814 τῆς
1245 1778 1406 1814 ἐντεριώνης
1432 1779 1518 1814 μέσης
1543 1778 1700 1806 διελαθέντα

911 1827 1049 1859 δέξωνται,
1068 1826 1108 1857 εἰς
1119 1825 1283 1861 εὐχρηστίαν
1299 1824 1495 1860 μεταϐάλλουσι
1507 1825 1567 1851 τότε
1588 1824 1634 1852 τοῦ
1651 1833 1700 1860 χυ-

915 1871 965 1907 μοῦ
990 1872 1041 1906 τὴν
1064 1871 1232 1906 δυσχέρειαν.
1246 1869 1460 1905 Theophrastus.
1481 1869 1582 1897 Histor.
1611 1869 1700 1904 plant.

913 1919 960 1945 lib.
975 1926 1005 1948 ιι,
1028 1925 1088 1951 cap.
1103 1917 1130 1948 8.
1153 1917 1321 1952 amygdalam
1343 1924 1375 1944 ex
1397 1923 1488 1943 amara
1511 1917 1616 1944 dulcem
1628 1916 1698 1944 ellici

913 1965 981 1994 vult,
997 1963 1020 1991 si
1044 1965 1106 1998 quis
1127 1963 1242 1991 caudice
1260 1962 1442 1990 circumfosso
1461 1963 1701 1998 praeterforstoquo

915 2018 1042 2038 mensura
1065 2009 1218 2037 dodrantali
1237 2009 1358 2044 undique
1379 2010 1524 2044 lacrymam
1548 2008 1701 2036 eﬂluentem

915 2058 942 2084 in
969 2057 1039 2084 idem
1069 2057 1188 2084 deﬂuere
1213 2056 1295 2083 sinat.
1315 2055 1383 2083 Vide
1405 2055 1541 2090 ejusdem,
1563 2054 1602 2082 De
1615 2054 1702 2082 causis

913 2102 997 2135 plant.
1017 2101 1064 2128 lib.
1081 2109 1100 2133 ι,
1116 2101 1198 2136 capit.
1214 2100 1260 2132 21,
1275 2108 1330 2135 quo
1345 2100 1405 2127 loco
1426 2100 1594 2135 amygdalam
1607 2099 1703 2127 humo-

916 2148 954 2175 ris
974 2148 1140 2175 abundantia
1163 2146 1283 2174 sterilem
1311 2147 1353 2173 sic
1371 2146 1498 2181 castigari
1523 2145 1608 2172 tradit
1630 2145 1701 2172 Plin.

71 2194 296 2228 mutationesque
307 2194 342 2226 _in
363 2193 396 2219 iis
409 2193 532 2227 quotidie
543 2196 700 2223 cernantur,
716 2196 743 2219 et.
755 2191 860 2228 Hippon
879 2202 901 2229 ι)
916 2193 962 2221 lib.
981 2201 1047 2224 xvn.
1062 2201 1122 2228 cap.
1137 2193 1186 2220 ‘27:
1198 2192 1353 2228 Amygdala
1364 2201 1398 2220 ea:
1411 2192 1510 2219 amaris
1527 2191 1616 2218 dulces
1637 2192 1703 2226 ﬁunt

27 2253 30 2257 ~
71 2245 172 2267 auctor
182 2243 234 2270 est,
247 2247 355 2265 omnem
372 2239 504 2273 plantam,
520 2243 546 2265 ct
560 2239 724 2270 silvestrem,
739 2244 765 2265 et
781 2239 862 2265 urba-

71 2294 138 2314 nam
157 2286 259 2312 cultum
277 2286 412 2320 adeptam,
429 2290 474 2312 aut
487 2294 540 2312 non
557 2286 683 2320 adeptam
695 2285 761 2312 ellici
772 2293 861 2320 posse,

70 2340 100 2360 et
129 2336 271 2367 peccatum
298 2332 324 2358 id
349 2339 402 2358 non
422 2331 520 2358 faciet?
542 2339 621 2366 pinna
649 2331 770 2365 peccati?
794 2329 864 2358 Deus

71 2380 155 2415 ipse?
184 2379 272 2411 Adde,
289 2380 383 2414 spinas
398 2382 424 2405 et
442 2378 559 2405 tribulos
575 2377 737 2412 germinabit
762 2377 820 2403 tibi.
835 2376 863 2403 Si

69 2430 129 2464 jam
147 2433 223 2456 erant
240 2428 334 2463 spinae,
353 2428 375 2455 si
394 2427 450 2462 jam
468 2426 572 2457 tribuli,
591 2426 681 2453 inania
697 2425 786 2452 divina
804 2432 865 2452 ver-

69 2475 119 2505 ba,
133 2473 225 2500 inanis
237 2480 315 2508 paena
327 2477 354 2500 et
367 2472 533 2503 maledictio,
542 2471 669 2506 quamvis
679 2470 754 2497 dicas
769 2470 863 2501 fuisse,

71 2520 122 2549 sed
147 2528 202 2546 non
226 2521 254 2546 in
272 2526 392 2554 poenam.
410 2518 473 2545 Haec
492 2521 567 2548 sunt,
589 2516 691 2548 Pcreri,
707 2524 778 2551 (illae,
795 2519 822 2543 et
842 2516 865 2543 si

71 2574 129 2592 non
142 2568 217 2592 esset
232 2563 381 2592 Eustalbii.
399 2563 504 2593 Basilii,
521 2562 676 2596 Augustini,
690 2569 805 2596 quorum
819 2568 866 2595 pa-

73 2612 170 2638 trum!
186 2611 348 2641 auctmitas,
373 2609 507 2637 inducunt
525 2613 554 2635 ut
568 2609 676 2636 credam
701 2616 789 2635 rosam
803 2611 866 2634 ante

73 2663 219 2692 peccatum
234 2656 332 2683 factam
348 2664 410 2683 esse
425 2656 528 2690 absque
545 2655 641 2689 spinis.

111 2705 171 2731 Col.
187 2703 249 2730 716.
260 2703 308 2729 lin.
319 2703 364 2729 ‘28.
380 2703 410 2729 Ἠ
430 2702 463 2728 δὲ
475 2701 632 2736 ἀμυγδαλῆ
645 2701 752 2735 πρώτη.
762 2700 866 2728 Plinius

74 2751 139 2777 lilr.
158 2758 216 2780 ut,
235 2747 336 2776 Nutnr.
355 2747 440 2779 Hist.,
457 2756 516 2782 cap.
531 2747 578 2778 25,
594 2746 637 2773 E1:
659 2747 698 2774 his
712 2756 770 2782 quw
784 2747 867 2774 hieme

75 2797 169 2831 aquila
185 2796 329 2825 exoriente.
339 2800 366 2821 ut
381 2795 509 2827 diximus,
522 2794 681 2828 concipiunt,
694 2794 769 2828 ﬂoret
780 2795 866 2828 prium

78 2844 196 2870 omnium
213 2841 355 2876 amygdala
378 2849 463 2868 mense
476 2840 619 2873 Januario,
639 2839 738 2867 Martio
752 2849 810 2867 tero
821 2849 867 2875 po-

914 2240 938 2266 si
952 2239 1126 2274 cirrumfosso
1150 2240 1247 2273 stipite,
1262 2244 1286 2266 et
1301 2239 1332 2266 ab
1353 2240 1408 2266 ima
1426 2243 1500 2272 parte
1514 2238 1703 2272 circum/orato

913 2286 1030 2320 deﬂuens
1045 2286 1141 2320 pituita
1164 2286 1340 2321 abstergatur.
1363 2285 1509 2312 Africanus
1527 2284 1599 2319 apud
1618 2283 1704 2311 Geor-

914 2333 1030 2367 gicorum
1049 2332 1221 2360 collectorem
1236 2331 1282 2358 lib.
1307 2340 1334 2361 ι.
1355 2331 1497 2358 medicina:
1511 2329 1593 2364 hujus
1608 2330 1705 2357 memi-

915 2378 955 2404 nit
971 2382 998 2405 et
1012 2378 1080 2405 alias
1099 2377 1190 2404 subdit
1207 2377 1352 2404 εΓλυκΞῖαν
1367 2377 1395 2403 δὲ
1413 2377 1445 2402 ὲκ
1462 2376 1563 2412 πικρᾶς
1581 2376 1704 2411 ποιήσεις

915 2427 949 2457 ει,
970 2426 1144 2461 ὲκτρυπήσας
1157 2425 1187 2451 τὸ
1202 2425 1322 2461 πρέμνον
1335 2425 1380 2450 ἐπὶ
1393 2423 1545 2459 παλαιστὴν
1558 2424 1587 2450 ὲν
1602 2431 1710 2458 τετραί

915 2472 1005 2507 γώνῳ,
1027 2473 1057 2498 τὺ
1077 2472 1193 2504 δάκρυον
1210 2471 1305 2507 ὲκδέξῃ
1328 2471 1358 2497 τὸ
1375 2471 1434 2497 κατ’
1455 2470 1588 2502 ὲνιαυτδν,
1603 2470 1655 2501 ἕως
1671 2469 1704 2496 ἄν

916 2518 1062 2553 γλυκανθῇ.
1078 2518 1192 2544 Κάλλιον
1208 2517 1236 2544 δέ
1250 2526 1321 2548 τινες
1332 2516 1470 2548 ποιοῦντες
1485 2515 1703 2552 περιορύττουσι.

917 2564 963 2590 καὶ
985 2563 1176 2598 περιϐάλλουσι
1190 2564 1290 2598 κόπρον
1311 2563 1387 2589 ὑείαν
1411 2562 1571 2597 ἐπιχέαντες
1596 2561 1642 2588 καὶ
1660 2559 1705 2587 οὗ-

917 2618 974 2645 ρον,
999 2607 1058 2636 εἶτα
1085 2609 1293 2645 προσχώσαντες
1320 2609 1461 2645 ἀρδεύουσι
1490 2609 1551 2634 κατ’
1571 2607 1703 2639 ἐνιαυτὸν,

917 2656 968 2687 ἕως
980 2651 1010 2681 οὖ
1030 2655 1211 2689 γλυκανθῶσι.
1230 2655 1287 2680 [Ιᾰν
1301 2655 1328 2681 δὲ
1349 2654 1474 2688 στέλεχος
1488 2653 1645 2688 ἀμυγδαλῆς
1659 2653 1705 2679 ἑκ-

917 2702 1000 2729 κοπὲν
1019 2701 1164 2728 ἀποϐάλλει
1182 2701 1227 2727 τὸν
1250 2701 1364 2735 καρπόν.
1387 2701 1504 2735 Ἀπαλὴν
1527 2700 1555 2726 δὲ
1577 2700 1624 2726 καὶ
1637 2699 1704 2733 γλυ-

917 2750 992 2775 κεῖαν
1015 2749 1046 2774 ὲκ
1062 2747 1181 2782 σκληρᾶς
1201 2747 1248 2772 καὶ
1273 2747 1374 2782 πικρᾶς
1389 2746 1521 2781 ποιήσεις,
1543 2746 1567 2771 εἰ
1583 2745 1618 2772 τὰ
1639 2753 1666 2771 ιιι
1678 2746 1715 2780 ρὶ.⁸

917 2795 946 2820 τὺ
964 2794 1088 2829 στέλεχος
1104 2794 1155 2825 ἓως
1171 2793 1224 2820 τῶν
1243 2793 1288 2818 ἐπὶ
1304 2792 1403 2827 πολλῆς
1419 2792 1501 2828 ῥιζῶν
1519 2790 1704 2826 γυμνώσιιας,

918 2841 964 2867 καὶ
989 2839 1148 2876 ἀρδεύσειας
1173 2839 1291 2874 συνεχῶς
1316 2838 1393 2866 ’ὕδατι
1409 2837 1502 2874 θερμῷ
1519 2838 1571 2873 πρὸ
1595 2837 1644 2872 τῆς
1660 2836 1707 2864 ᾰν-
1727 2873 1730 2876 ῇ
