1903 3068
253 118 307 146 855

251 179 358 211 aspectu
378 173 549 210 percipiebam

249 222 366 248 scientia:
389 227 482 253 artem,
505 223 529 249 si
543 230 586 248 ars
603 222 657 248 Iure
674 221 789 248 vocanda
809 226 857 248 est.
881 220 983 248 Etenim
1005 225 1034 247 ut

253 265 400 294 Homericis
415 267 471 294 illis
484 267 600 294 versibus
609 267 720 294 relatum
733 271 789 293 est:

285 333 360 361 Sicut
375 339 462 361 autem
476 335 543 362 uenti
552 335 604 361 duo
616 339 723 367 pontum
732 337 891 362 commovent
901 334 1032 367 piscosum

283 368 383 404 {Boreas
399 374 422 397 et
437 369 582 404 Zephyrus,
597 371 641 404 qui
655 379 669 396 e
687 369 799 396 Thracia
815 370 918 403 spirant

285 403 396 431 Ruentes
412 403 527 439 repente,
544 403 624 431 simul
639 413 697 431 uero
712 409 737 431 et
751 404 821 430 unda
836 405 911 438 nigra

284 439 433 471 Attollitur,
443 440 603 473 multamque
618 445 694 466 extra
709 447 780 466 mare
796 439 883 474 algam
897 438 1030 472 fundunt:

248 495 288 522 ita
313 495 376 522 mihi
392 496 448 522 heri
463 496 603 531 contigisse
620 496 721 523 videtur
735 495 947 522 :summitatibus
962 494 1033 521 enim

250 541 376 568 montium
388 541 486 568 similes
501 541 658 576 aspiciebam
675 540 770 572 undas,
784 549 843 576 qua:
854 541 877 568 si
891 541 977 568 dicere
990 541 1032 575 fas

247 591 298 618 est,
314 588 400 622 ipsum
417 588 508 615 caelum
525 590 682 623 tangebam;
701 588 769 614 unde
784 588 844 614 hinc
864 592 965 613 tantum
984 587 1032 614 hoc

248 634 442 668 exspectabam,
458 635 605 661 universam
621 635 719 661 scilicet
741 640 837 661 terram
857 635 1032 669 submergen—

248 680 328 710 dam;
341 686 364 706 et
376 680 439 707 mihi
451 681 536 706 locum
549 681 576 706 in
590 689 639 715 quo
653 689 692 707 me
704 681 767 716 fuga
780 681 929 714 reciperem,
943 681 1031 707 animo

248 726 388 761 ﬁngebam,
404 731 428 753 et
448 725 565 753 Noetica:
580 735 649 753 arca:
669 727 803 761 exemplar
821 727 1029 754 considerabam.

253 771 347 799 Verum
362 773 521 806 exspectatio
537 781 593 798 mea
609 772 740 806 frustrata
751 779 800 799 est.
817 772 904 800 Simul
917 772 985 799 enim
1000 780 1031 798 ac

248 826 320 844 mare
332 818 466 850 intumuit,
484 819 579 846 iterum
592 819 645 845 vice
659 826 733 845 versa
753 819 867 854 fractum
883 826 955 844 mare
969 818 1032 845 dis—

247 862 405 894 solvebatur,
424 863 495 889 ultra
509 863 645 898 proprium
663 865 747 890 locum
760 870 812 891 non
827 865 978 895 concedens,
992 864 1033 891 di-
1047 856 1068 886 Β

248 909 306 935 uino
328 908 453 943 quodam,
479 913 507 936 ut
530 910 682 936 summatim
698 910 795 941 dicam,
809 910 888 945 jussu
905 911 1031 945 perterri-

245 958 312 982 tum.
337 953 372 981 Et
386 955 606 990 quemadmodum
625 956 721 989 sa'pius
739 964 827 983 servus
848 956 990 992 quispiam,
1008 956 1032 983 si

249 1001 346 1028 invitus
364 1009 379 1027 a
398 1001 506 1028 domino
519 1001 553 1028 ad
568 1010 632 1036 opus
648 1002 831 1036 compellatur,
844 1003 952 1037 imperio
966 1003 1033 1037 qui-

246 1047 304 1074 dem
315 1048 407 1074 timore
418 1048 512 1074 ductus
531 1049 616 1081 audit,
635 1054 663 1075 at
679 1049 748 1084 quod
763 1049 844 1080 subit,
863 1057 922 1076 cum
940 1049 1030 1076 nolens

246 1097 318 1128 agat.
337 1093 427 1127 palam
441 1093 518 1128 effari
534 1101 585 1119 non
604 1101 685 1120 ausus
701 1093 748 1129 sub
765 1094 855 1129 lingua
869 1094 1033 1120 immurmu—

245 1142 300 1170 rat,
322 1138 460 1165 iracundia
482 1138 632 1166 exardens:
656 1140 693 1166 sic
711 1128 777 1166 nti/ii
795 1128 987 1173 quodammodo
1005 1143 1031 1168 et

247 1192 319 1211 mare
334 1183 487 1215 videbatur;
504 1185 554 1211 etsi
568 1185 637 1211 enim
660 1185 701 1211 ira
721 1184 887 1219 σήπει-ὁμοιαί,
905 1186 932 1212 in
951 1190 1030 1213 semet

246 1230 315 1257 iram
347 1230 497 1257 continebat
518 1230 568 1257 sibi
595 1231 682 1265 frenos
704 1231 834 1264 iniibiens,
864 1236 888 1258 et
915 1231 1030 1266 furorem

245 1283 322 1303 suum
343 1275 456 1302 Domino
481 1275 651 1310 niani/estora
678 1282 778 1304 nolens.
811 1275 924 1311 Reliqua
948 1276 1030 1310 hujus

245 1321 378 1348 orationis
408 1321 501 1348 Graeca
531 1325 558 1348 et
588 1321 684 1348 Latina
715 1329 775 1348 cum
808 1326 902 1349 nostro
927 1321 1030 1349 Metho—

247 1367 290 1394 dio
315 1367 396 1394 dabo.
425 1366 492 1394 Vide
519 1371 648 1402 prieterea
676 1367 822 1401 Georgium
848 1366 965 1395 l‘isidcm
992 1367 1030 1395 De

247 1413 338 1439 mundi
362 1413 478 1447 api/icio,
501 1417 528 1440 et
549 1413 682 1440 Joannem
704 1413 929 1448 Chrysostomum
947 1422 1029 1449 super

245 1458 313 1484 illud
336 1457 456 1485 llierem.
474 1465 535 1493 cap.
561 1466 587 1490 v,
604 1465 675 1485 vers.
695 1457 740 1488 22,
756 1457 807 1490 Qui
825 1457 901 1491 posui
920 1465 1028 1484 arenam

247 1504 388 1530 terminum
401 1503 479 1535 mari,
492 1503 519 1530 in
536 1503 632 1531 catena
647 1511 706 1538 qua:
719 1510 734 1529 ιι
751 1502 831 1530 nobis
843 1501 938 1529 Latina
957 1502 1028 1530 facta

242 1549 299 1584 jam
314 1554 356 1578 est
369 1550 468 1585 publici
485 1550 566 1584 juris.

279 1595 337 1623 Col.
349 1595 409 1626 7l2,
420 1596 468 1623 lin.
480 1596 524 1623 45.
541 1595 653 1621 Ἐπεὶτί
667 1594 810 1621 ἐκώλυσε.
824 1593 942 1622 Basilius
954 1594 1026 1621 hom.

244 1642 261 1669 4
278 1642 369 1669 εῈπεὶ
386 1641 412 1668 τί
436 1641 538 1668 ἐκώλυε
558 1641 606 1676 τὴν
637 1640 769 1676 Ἐρυθρὰν
788 1640 923 1666 θάλασσαν
939 1641 1028 1667 πᾶσαν

244 1687 293 1723 τὴν
307 1686 444 1720 Αἴγυπτον
458 1686 614 1721 κοιλοτέραν
630 1684 710 1712 οὖσαν
727 1686 825 1721 ἑαυτῆς
841 1686 1028 1719 ἑπελθεϊν,καὶ

244 1732 410 1768 συναφθῆναι
419 1732 458 1767 τῷ
470 1731 664 1767 παρακειμένῳ
677 1733 710 1767 τῇ
724 1731 853 1767 Αἰγύπτῳ
868 1733 991 1766 πελάγει,
1003 1733 1028 1758 εί

244 1778 283 1815 μὴ
299 1778 546 1814 τῷπροστάγματι
566 1775 600 1812 ἦν
620 1777 793 1812 πεπεδημένη
808 1777 853 1804 τοῦ
871 1779 1026 1811 κτίσαντος;

244 1825 277 1852 Ει
291 1833 318 1852 m
333 1825 386 1852 hoc
401 1825 481 1852 etiam
500 1828 565 1851 sunt
579 1824 717 1850 variantes
732 1824 955 1859 philosophorum
969 1832 1028 1852 sen-

243 1871 344 1898 tentiae.
373 1869 489 1902 Quidam
511 1869 584 1895 enim
609 1873 710 1895 terram
736 1869 804 1895 inuri
828 1869 1026 1904 depressiorem

243 1916 388 1948 aliirmant,
410 1914 575 1941 Catharinus
601 1913 634 1940 ad
661 1921 722 1948 cap.
750 1920 758 1940 ι
790 1913 899 1945 Genes.,
917 1915 1020 1947 Canus,

243 1961 401 1996 Burgensis,
418 1964 512 1987 noster
532 1960 576 1987 hic
591 1963 697 1992 auctor,
716 1959 832 1987 Basilius
846 1964 872 1987 et
883 1961 928 1987 alii
943 1971 949 1987 :
966 1968 1026 1988 eam

243 2007 454 2043 probabiliorem
472 2010 566 2033 censet
587 2005 615 2032 S.
635 2005 764 2038 Thomas,
794 2013 802 2032 l
823 2010 908 2041 parti,
932 2015 958 2041 q.
979 2006 1024 2039 69,

244 2058 295 2079 art.
311 2052 323 2078 i
342 2062 348 2078 :
366 2051 435 2078 idem
451 2057 478 2079 et
491 2051 590 2078 Cicero
607 2051 750 2079 censuisse
762 2051 880 2083 videtur,
897 2060 904 2078 ι
921 2051 957 2078 De
971 2060 1028 2078 na—

244 2102 305 2124 tura
318 2097 425 2124 dearum
438 2106 456 2124 ll
469 2106 475 2125 :
491 2097 577 2130 Mare,
591 2098 687 2132 inquit,
704 2106 762 2125 cum
776 2105 856 2132 supra
869 2103 966 2124 terram
979 2098 1024 2131 sit,

243 2145 358 2171 medium
383 2149 470 2170 tamen
495 2148 570 2171 terra:
596 2145 681 2170 locum
709 2149 829 2178 expetens
855 2150 1026 2179 congregatur

920 117 1045 146 LEONIS
1063 117 1199 146 ALLATII

573 182 582 202 :
603 179 628 202 et
657 175 806 202 excellentis
833 170 864 201 ac
892 175 1036 210 singularis
1051 178 1072 206 Α
1087 175 1141 202 duo
1153 174 1225 210 globi
1239 173 1421 206 edicerentur,
1439 174 1485 202 sed
1497 174 1534 201 ita
1546 173 1658 201 fuerunt
1670 172 1765 200 omnia
1777 171 1867 207 dispo-

1821 116 1869 145 836

1087 221 1150 253 sita,
1166 227 1194 248 ut
1208 229 1240 248 ex
1261 221 1304 249 his
1324 222 1430 248 duobus
1450 221 1594 256 separatis,
1613 219 1751 254 contiguis
1765 223 1867 250 tamen,

1086 276 1170 294 unum
1185 268 1336 296 elliceretur
1350 268 1509 300 rotundum,
1530 271 1557 294 et
1575 267 1671 302 globus
1691 273 1765 294 unus
1781 266 1868 301 perle-

1086 313 1236 345 ctissimus,
1255 321 1310 340 non
1328 313 1492 348 geometrica
1508 312 1684 339 rotunditate.
1701 311 1782 344 Quod
1796 311 1868 338 enim

1086 357 1113 385 in
1139 358 1217 393 aquis
1242 358 1407 389 abundabat,
1432 358 1459 385 in
1482 358 1605 385 cavernis
1625 361 1704 385 terrae
1726 357 1867 384 occlusum

1085 407 1136 435 est.
1151 408 1179 431 et
1195 405 1221 431 in
1238 404 1461 439 profundissimis
1481 404 1598 431 vallibus
1620 407 1772 438 receptum,
1795 403 1867 438 quod

1085 448 1113 475 in
1129 449 1210 476 terris
1233 456 1316 483 super
1342 456 1427 483 aquas
1450 449 1573 480 emersit,
1598 448 1626 476 in
1651 448 1867 483 impendentium

1084 495 1218 521 montium
1243 494 1402 522 altitudines
1429 499 1585 529 porrectum
1615 493 1750 526 surrexit;
1774 497 1802 521 et
1828 493 1867 520 sic

1084 539 1224 574 aequaliter
1234 540 1353 574 undique
1362 545 1432 567 terra
1450 543 1477 567 et
1488 547 1564 575 aqum
1576 539 1758 571 sustinentur,
1767 543 1793 565 et
1809 546 1868 566 sus-

1084 586 1183 617 tinent,
1207 593 1296 620 neque
1321 586 1490 613 exceduutur
1513 593 1602 621 neque
1623 585 1769 613 excedunt.
1796 583 1867 612 Fieri

1084 635 1175 658 tamen
1198 635 1299 666 potest,
1322 635 1352 658 ut
1377 632 1607 666 quemadmodum
1632 639 1686 659 una
1706 639 1770 667 pars
1788 636 1868 659 terra:

1084 677 1137 704 alia
1149 677 1313 705 eminentior
1328 681 1381 710 est,
1393 678 1445 705 alia
1461 678 1513 705 alia
1525 678 1691 713 depressior,
1707 686 1758 704 nec
1775 683 1867 704 tamen

1085 727 1184 750 terram
1195 731 1257 751 esse
1270 724 1414 751 rotundam
1427 724 1599 759 negabimus,
1616 723 1656 750 sic
1670 727 1697 751 et
1714 730 1767 750 una
1780 723 1866 757 regio.

1084 772 1110 796 et
1127 770 1202 797 locus
1222 771 1258 798 sit
1275 770 1334 805 ipso
1357 777 1431 797 mare
1457 769 1600 800 humilior,
1626 769 1664 796 ita
1685 772 1715 796 ut
1735 769 1758 796 si
1775 769 1866 795 aditus

1084 820 1188 852 pateret
1207 817 1286 852 aquis
1303 817 1535 852 submergerelur,
1552 816 1638 843 altera
1661 815 1743 842 altior
1757 819 1784 842 et
1799 815 1867 842 emi-

1083 863 1208 896 nentior;
1235 862 1464 897 quemadmodum
1492 862 1654 889 Aristoteles
1685 861 1719 889 de
1754 860 1866 895 regione

1081 908 1273 944 Egyptiorum
1300 911 1327 935 et
1339 916 1414 936 mare
1428 908 1521 935 llu‘bro
1536 912 1666 943 tanquam
1677 907 1865 934 certissimum

1082 959 1158 982 notat
1178 955 1241 983 libr.
1257 956 1344 991 primo
1359 954 1481 988 Meteon,
1499 962 1560 990 cap.
1576 955 1688 988 ultimo;
1705 959 1732 981 et
1753 954 1791 980 ita
1809 954 1866 980 esi-

1081 1002 1163 1028 stimo
1186 1005 1314 1028 auctores
1332 1009 1402 1036 quos
1426 1008 1509 1036 supra
1528 1000 1667 1027 nominavi
1681 1007 1744 1027 esse
1762 999 1864 1026 intelli-

1082 1046 1194 1082 gendos,
1210 1048 1355 1080 omniaque
1371 1047 1452 1074 dubia
1467 1052 1495 1074 et
1517 1050 1687 1081 argumenta,
1713 1046 1741 1072 in
1761 1049 1864 1072 utram-

1081 1099 1134 1127 que
1152 1096 1255 1127 partem
1277 1093 1395 1120 adducta
1417 1093 1547 1119 facillimo
1566 1091 1675 1126 negotio
1691 1090 1760 1118 solvi
1777 1090 1864 1117 :diri-

1081 1146 1198 1174 namque
1227 1139 1390 1174 sapientiam
1412 1141 1438 1166 et
1457 1139 1607 1166 bonitatem
1622 1136 1771 1164 dilucidius
1787 1137 1865 1163 inmr

1080 1188 1196 1218 tescere,
1211 1192 1273 1220 qua
1285 1185 1376 1212 omnia
1391 1185 1428 1212 ita
1446 1185 1474 1212 in
1490 1183 1609 1220 pondere
1624 1187 1651 1212 et
1667 1190 1798 1215 mensura
1809 1182 1866 1209 dis-

1080 1230 1182 1265 posuit.

1115 1275 1194 1309 lbid.,
1216 1276 1265 1303 lin.
1289 1276 1333 1304 49.
1355 1277 1418 1302 Ὅτι
1441 1276 1475 1302 δὲ
1492 1276 1603 1309 ἀληθὲς
1627 1275 1724 1302 τοῦτοί
1748 1274 1865 1302 Basilius

1079 1321 1154 1350 hom.
1183 1322 1201 1349 Α·
1217 1331 1224 1349 :
1242 1323 1318 1349 Ἐπεὶ
1341 1323 1367 1349 τι
1387 1322 1487 1349 ἐκώλυε
1504 1323 1552 1357 τὴν
1571 1322 1704 1358 Ἐρυθρὰν
1729 1321 1865 1348 θάλασσαν

1080 1369 1169 1394 πᾶσαν
1186 1368 1235 1404 τὴν
1252 1369 1385 1403 Αἴγυπτον
1401 1369 1556 1403 κοιλοτέραν
1574 1367 1655 1395 οὖσαν
1671 1367 1772 1402 ἑαυτῆς
1790 1367 1865 1394 ἐπελ-

1080 1413 1145 1445 θεῖν,
1163 1414 1209 1441 καὶ
1228 1414 1393 1449 συναφθῆναι
1418 1413 1455 1449 τῷ
1473 1414 1664 1449 παρακειμένῳ
1736 1413 1865 1448 Αἰγύπτῳ

1079 1460 1201 1495 πελάγει,
1216 1461 1241 1487 εί
1262 1460 1299 1495 μὴ
1312 1460 1350 1495 τῷ
1366 1460 1556 1495 προστάγματι
1575 1458 1610 1495 ἦν
1625 1459 1799 1494 πεπεδημένη
1817 1458 1864 1485 τοῦ

1081 1507 1238 1539 κτίσαντος;
1260 1507 1319 1534 Ὅτι
1338 1506 1392 1542 γὰρ
1407 1507 1583 1542 ταπεινοτέρα
1603 1507 1651 1542 τῆς
1669 1506 1803 1541 Ἐρυθρᾶς
1819 1506 1866 1533 Θα-

1080 1552 1181 1587 λάσσης
1195 1553 1211 1588 ἡ
1227 1552 1370 1587 Αἴγυπτος,
1381 1553 1452 1588 ἔργῳ
1463 1552 1575 1579 ἔπεισαν
1585 1553 1658 1588 ἡμᾶς
1671 1552 1865 1587 οἱθελήσαντες

1077 1598 1200 1633 ἀλλήλοις
1211 1597 1245 1624 τὰ
1258 1597 1363 1633 πελάγη
1381 1598 1506 1632 συνάψαι,
1521 1598 1552 1624 τό
1561 1606 1590 1624 τε
1611 1597 1760 1631 Αίγύπτιον
1775 1599 1821 1625 καὶ
1835 1599 1864 1625 τὸ

1084 1643 1202 1675 Ἰνδικὸν,
1217 1645 1246 1670 ὲν
1266 1640 1288 1677 ᾧ
1308 1644 1324 1678 ἡ
1346 1643 1462 1679 Ἐρυθρὰ
1480 1643 1610 1672 θάλασσα.
1633 1644 1734 1679 Διόπερ
1751 1644 1864 1679 ἐπέσχον

1076 1687 1125 1723 τὴν
1141 1689 1312 1724 ἐπιχείρησιν
1326 1689 1433 1725 πρῶτος
1449 1689 1599 1725 ἀρξάμενος
1617 1689 1771 1726 Σέσωστρις
1788 1691 1803 1717 6
1820 1691 1864 1717 Δί-

1077 1733 1200 1768 γύπτιος,
1219 1734 1266 1761 καὶ
1283 1735 1298 1760 6
1319 1734 1388 1770 μετὰ
1404 1735 1490 1761 ταῦτα
1514 1735 1654 1770 βουληθεὶς
1676 1736 1863 1772 ὲπεξεργάσα-

1077 1779 1138 1806 σθαι
1149 1781 1259 1816 Δαρεῖος
1270 1780 1284 1806 6
1296 1781 1395 1815 Μῆδος.
1406 1780 1565 1808 Habuerunt
1573 1782 1607 1809 ab
1621 1782 1770 1811 Aristotele
1784 1784 1831 1811 lib.
1845 1792 1862 1810 ιι

1077 1825 1200 1859 Meteon,
1215 1833 1276 1861 cap.
1289 1827 1347 1853 ult:
1364 1827 1444 1862 Δηλοῖ
1467 1827 1496 1853 δὲ
1516 1827 1546 1853 τὸ
1562 1827 1719 1862 γινόμενον·
1737 1829 1792 1861 Οὓς
1812 1830 1864 1866 γάρ

1077 1881 1166 1907 φαμεν
1177 1872 1372 1907 ἀρχαιοτάτους
1385 1870 1516 1899 εἶναιτῶν
1527 1873 1675 1908 ἀνθρώπων
1685 1875 1862 1909 Αἰγυπτίους,

1075 1918 1177 1944 τούτων
1203 1918 1312 1954 ὴχώρα
1336 1919 1410 1945 πᾶσα
1433 1921 1558 1953 γεγονυῐα
1584 1921 1706 1953 φαίνεται
1730 1922 1778 1947 καὶ
1799 1920 1864 1948 οὖσι

1075 1963 1121 1990 τοῦ
1143 1964 1265 1999 ποταμοῦ
1290 1964 1378 1999 ἔργον.
1395 1965 1450 1991 Καὶ
1463 1965 1542 1991 τοῦτο
1564 1966 1634 1993 κατά
1654 1975 1684 1992 τε
1696 1966 1746 2002 τὴν
1772 1968 1863 2003 χώραν

1076 2010 1160 2045 αὑτὴν
1173 2010 1270 2046 ὁρῶντι
1285 2010 1363 2045 δῆλόν
1382 2011 1450 2041 ἐστι,
1464 2012 1511 2038 καὶ
1527 2011 1561 2038 τὰ
1577 2012 1641 2047 περὶ
1659 2012 1708 2047 τὴν
1730 2013 1862 2048 Ἐρυθρὰν

1076 2054 1213 2082 θάλασσαν
1227 2051 1374 2091 τεκμήριον
1397 2056 1497 2082 ἱκανόν.
1515 2056 1621 2092 Ταύτην
1641 2058 1695 2093 γὰρ
1710 2058 1765 2085 τῶν
1789 2059 1862 2093 βασι-

1075 2100 1141 2127 λέων
1157 2109 1198 2132 τις
1217 2101 1347 2137 ἐπειράθη
1371 2102 1528 2138 διορύττειν.
1546 2104 1582 2129 Οὐ
1597 2103 1652 2138 γὰρ
1672 2104 1775 2139 μικρὰς
1789 2103 1862 2140 εἶχεν

1075 2146 1108 2173 ἂν
1124 2147 1214 2178 αὐτοῖς
1227 2146 1359 2181 ὠφελείας
1374 2147 1477 2179 πλωτὸς
1490 2147 1562 2179 ἄπας
1572 2149 1586 2174 6
1600 2148 1681 2180 τόπος
1691 2150 1859 2184 γιγνόμενος.

243 2190 357 2226 undique
370 2190 517 2225 (equaliter,
531 2197 609 2225 neque
626 2190 764 2221 redundat,
781 2198 860 2225 neque
870 2190 1023 2224 eﬂ'unditur.

1079 2192 1190 2226 Λέγεται
1205 2191 1234 2218 δὲ
1254 2191 1365 2227 πρῶτος
1381 2192 1534 2229 Σέσωστρις
1556 2194 1728 2230 ἐπιχειρῆσαι
1742 2195 1798 2221 τῶν
1812 2204 1859 2222 πα-

244 2237 297 2264 Alii
318 2241 419 2264 terram
434 2244 494 2264 esse
511 2244 585 2264 mare
602 2237 738 2268 altiorem,
764 2240 794 2262 ut
815 2236 1026 2272 Cbrysostomus

243 2284 317 2311 hom.
328 2284 345 2310 9
357 2282 390 2310 ad
398 2291 458 2318 pop.
468 2283 603 2315 Antias/1.;
625 2284 795 2319 Augustinus
808 2283 833 2309 in
843 2283 911 2317 psal.
927 2291 1024 2316 cxxsv;

243 2329 425 2365 Hieronymus
438 2329 465 2356 in
485 2329 552 2356 illud
574 2330 643 2365 psal.
654 2337 739 2362 xuii,
750 2328 914 2364 Congregans
922 2329 990 2356 sicut
999 2330 1025 2355 in

241 2382 300 2402 utre
321 2384 403 2410 aquas
421 2376 521 2408 maris;
540 2375 725 2403 Damascenus
745 2375 793 2402 lib.
810 2382 828 2401 Il
845 2374 906 2402 Fid.
921 2375 1023 2402 orthod.

242 2428 302 2455 cap.
314 2421 331 2448 9
343 2426 370 2448 et
384 2420 434 2454 10;
449 2419 621 2448 Contarenus
633 2420 681 2447 lib.
696 2427 713 2446 ιι
725 2419 763 2446 De
774 2420 918 2452 elementis,
930 2423 957 2447 et
968 2421 1024 2447 alii.

242 2466 308 2499 Qua:
327 2466 387 2493 dure
413 2466 556 2501 opiniones
583 2466 633 2493 etsi
659 2466 774 2492 multum
795 2466 865 2493 inter
880 2473 910 2493 se
923 2465 1026 2494 distare

243 2508 380 2541 videntur,
400 2515 450 2543 ego
467 2512 558 2535 tamen
576 2508 690 2535 dixerim
711 2512 835 2535 neutram
852 2507 959 2542 falsam,
977 2508 1024 2536 sed

243 2553 425 2580 certissimam
437 2556 582 2588 utramque
592 2556 620 2580 et
630 2560 733 2585 veram,
745 2553 769 2580 si
784 2560 837 2580 non
851 2553 884 2581 de
895 2553 1024 2582 universo

243 2603 322 2626 terra:
333 2599 477 2630 elemento,
492 2606 581 2633 neque
592 2606 678 2633 aqum,
694 2598 741 2626 sed
760 2602 838 2633 parte
850 2599 967 2634 quadam
980 2600 1024 2627 in-

243 2645 389 2680 telligatur.
414 2644 544 2677 Quamvis
560 2645 633 2672 enim
652 2644 724 2672 Deus
739 2652 824 2681 aquas
845 2649 945 2673 terram
965 2653 1024 2673 om-

242 2697 304 2717 nem
320 2699 370 2718 suo
387 2690 460 2718 lluxu
481 2695 646 2726 occupantes
659 2696 798 2727 separatas
820 2691 847 2719 in
866 2699 950 2719 unum
967 2692 1024 2719 vel-

244 2736 282 2762 uti
302 2736 402 2768 locum,
418 2741 444 2764 et
472 2738 616 2765 stationem
639 2738 780 2770 detulerit,
797 2741 825 2765 et
840 2741 912 2765 terra
931 2745 978 2765 eas
995 2737 1023 2764 in

244 2782 356 2814 proprio
367 2782 439 2813 sinu,
455 2790 570 2810 caverna
586 2783 719 2810 duntaxat
735 2783 914 2818 amplissima,
928 2787 1023 2810 mutuo

245 2826 385 2859 complexu
400 2829 544 2861 exceperit.
562 2837 616 2856 non
639 2833 730 2856 tamen
749 2828 776 2856 id
792 2829 828 2855 ita
848 2829 972 2863 contigit,
992 2833 1021 2856 ut

1077 2238 1175 2264 λαιῶν·
1198 2237 1254 2264 ἀλλ’
1269 2234 1348 2273 εὗρεν
1371 2238 1538 2274 ὑψηλοτέραν
1560 2237 1641 2266 οὖσαν
1655 2240 1704 2275 τὴν
1728 2241 1854 2268 θάλαττα·

1075 2284 1123 2318 τῆς
1139 2284 1200 2318 γῆς.
1217 2280 1262 2309 Διὸ
1279 2283 1381 2315 ἐκεῖνος
1391 2292 1420 2310 τε
1442 2284 1583 2320 πρότερον,
1598 2286 1643 2312 καὶ
1656 2287 1768 2321 Δαρεῖος
1785 2287 1861 2313 ὓστε-

1077 2338 1121 2365 ρον
1132 2328 1268 2355 ὲπαύσατο
1281 2329 1436 2364 διορύττων,
1446 2330 1520 2362 ὅπως
1534 2331 1570 2366 μὴ
1582 2331 1715 2367 διαφθαρῇ
1727 2332 1759 2359 τὸ
1774 2332 1860 2367 ῥεῦμα

1075 2374 1120 2400 τοῦ
1149 2374 1272 2409 ποταμοῦ
1298 2376 1480 2410 συμμιγείσης
1510 2372 1558 2410 τῆς
1581 2376 1726 2412 θαλάττης.
1760 2378 1859 2405 Strabo

1076 2419 1123 2447 lib.
1137 2428 1143 2446 l
1163 2419 1330 2452 ε’Δπιθάνως
1341 2421 1369 2447 δὲ
1385 2421 1466 2454 λέγω,
1481 2422 1521 2448 ὅτι
1537 2422 1590 2458 πρὸ
1604 2423 1657 2449 τῶν
1673 2423 1806 2459 Τρωῖκῶν
1817 2424 1859 2450 οὗ-

1074 2463 1154 2501 δεμία
1174 2463 1207 2500 ἦν
1219 2465 1328 2502 διώρυξ.
1340 2467 1392 2493 Τὸν
1409 2467 1437 2493 δὲ
1458 2468 1668 2504 ἐπιχειρήσαντα
1686 2469 1800 2504 ποιῆσαι
1815 2470 1857 2496 Σέο

1076 2518 1190 2548 σωστριν
1206 2514 1355 2549 ἀποστῆναί
1372 2522 1448 2548 φασι,
1473 2515 1672 2551 μετεωροτέραν
1690 2516 1858 2543 ὑπολαὸόντα

1073 2558 1122 2593 τὴν
1134 2558 1183 2593 τῆς
1203 2558 1336 2594 θαλάττης
1354 2559 1523 2593 ἐπιφάνειαν.
1539 2561 1572 2587 Et
1584 2560 1631 2588 lib.
1649 2568 1704 2588 xvn
1722 2561 1856 2597 εἘτμήῡη

1073 2603 1102 2630 δὲ
1116 2603 1132 2638 ἡ
1146 2602 1244 2639 διώρυξ
1256 2604 1395 2640 καταρχὰς
1411 2605 1460 2641 μὲν
1474 2605 1526 2632 ὑπὸ
1541 2605 1710 2642 Σεσώστριος
1734 2607 1790 2642 πρὸ
1804 2607 1856 2633 τῶν

1073 2647 1214 2683 Τρωῑκῶν,
1226 2649 1251 2675 οἱ
1264 2648 1292 2675 δὲ
1316 2648 1368 2676 ὑπὸ
1392 2649 1438 2676 τοῦ
1457 2650 1640 2686 Ψαμμητίχου
1658 2651 1754 2683 παιδὸς
1778 2651 1856 2688 ἀρξα-

1076 2693 1156 2729 μένου
1174 2694 1263 2729 μόνον,
1287 2693 1346 2722 εἶτα
1368 2695 1522 2727 ἐκλιπόντος
1542 2696 1587 2723 τὸν
1610 2696 1680 2732 βίον·
1702 2697 1816 2733 ὕστερον
1830 2697 1855 2723 δὲ

1074 2738 1126 2765 ὑπὸ
1139 2739 1251 2775 Δαρείου
1263 2740 1310 2766 τοῦ
1322 2740 1428 2776 πρώτου
1441 2741 1630 2777 διαδεξαμένου
1645 2742 1676 2769 τὸ
1689 2741 1755 2777 ἑξῆς
1769 2743 1855 2777 ἔργον.

1074 2783 1124 2811 Καὶ
1146 2783 1221 2818 οὗτος
1233 2786 1271 2818 δὲ,
1285 2786 1347 2823 δόξῃ
1361 2787 1453 2821 ψευδεῖ
1472 2787 1604 2820 πεισθεὶς,
1619 2788 1709 2823 ἀφῆκε
1726 2789 1756 2815 τὺ
1779 2788 1855 2824 ἔργον

1074 2831 1137 2867 περὶ
1161 2832 1312 2859 συντέλειαν
1335 2832 1395 2870 ἠδη.
1417 2833 1543 2870 Ἐπείσθη
1570 2834 1624 2870 γὰρ
1654 2835 1855 2870 μετεωροτέραν
