1903 3068
270 121 326 150 859

900 98 902 100 ⁷
938 118 1065 148 LEONIS
1084 118 1223 148 ALLATll
1850 118 1889 144 sio

270 178 319 205 καὶ
342 177 510 213 θερμοτέρας
534 177 566 203 ὲκ
592 177 730 212 μετάλλων
749 177 890 212 ποιότητος
906 177 979 203 κατὰ
1006 177 1049 212 τὴι

1108 178 1224 211 corpora
1239 175 1312 204 enim
1334 175 1508 204 elementaria
1529 179 1635 203 naturae
1659 175 1720 210 lege
1757 178 1841 208 atque
1855 182 1887 201 or-

270 222 385 256 διέξοδον
399 221 589 258 προσλαὸοὖσα
603 222 634 248 ὲκ
646 222 696 256 τῆς
711 222 795 257 αὐτῆς
807 222 854 248 τοῦ
866 222 1002 254 κινοῦντος
1015 223 1057 248 al-

270 268 331 300 τίας
342 267 438 300 ζέουσα
448 268 551 302 γίνεται
562 268 599 299 ὡς
612 267 645 294 τὰ
657 267 753 298 πολλὰ,
766 269 813 294 καὶ
822 268 958 305 πυρώδης.
968 269 1056 305 Ὅπερ

271 313 404 348 πολλαχοῦ
416 313 466 348 μὲν
475 313 529 340 τῶν
542 314 641 349 νήσων,
659 313 792 348 πολλαχοῦ
806 314 834 340 δὲ
848 313 901 340 τῶν
917 314 1056 349 παραλίων

269 360 359 386 τόπων
373 359 476 391 ἔξεστιν
489 359 646 395 ἱστορῆσαι·
662 359 761 393 ὅπουγε
777 360 823 386 καὶ
839 359 909 386 κατὰ
929 360 979 396 τὴν
1008 369 1057 396 με-

270 406 374 439 σόγειον
392 405 468 431 τόποι
489 405 561 437 τινὲς
575 405 628 431 τῶν
645 406 784 441 ποταμίων
801 406 904 432 ὑδάτων
925 407 1054 440 γείτονες,

269 451 307 482 ὡς
323 451 408 486 μικρὰ
421 451 547 486 μεγάλοις
558 451 674 482 εἰκάσαι,
684 451 718 477 τὰ
725 450 898 486 παραπλήσια
911 451 1054 485 πάσχουσι.

269 497 342 532 Πρὸς
355 495 401 522 οὖν
412 496 438 522 τί
451 496 530 522 τοῦτο
543 496 650 532 εἴρηται
667 505 728 532 μοι;
744 497 802 522 τοτι
824 497 897 522 πᾶσα
918 496 1055 532 ὑπόνομός

268 543 343 568 ἐστιν
357 543 373 577 ἡ
387 542 422 578 γῆ
431 542 475 569 διὰ
491 543 581 577 πόρων
598 542 708 576 ἀφανῶν
718 543 750 568 ὲκ
765 542 818 568 τῶν
832 541 923 577 ἀρχῶν
938 542 988 576 τῆς
1007 541 1056 568 θα-

270 587 373 622 λάσσης
387 587 595 620 saevos-toﬁna;
617 587 665 614 τοῦ
682 588 786 619 ὓδατος.
809 587 846 615 De
868 595 1000 622 aquarum
1013 587 1056 614 vi-

270 633 358 664 ribus,
376 638 403 660 et
418 633 573 668 saporibus,
586 634 700 668 aliisque
712 633 901 669 qualitatibus,
922 633 983 660 vide
993 641 1055 668 quat

267 686 303 706 ex
317 678 464 706 Aristotele
477 679 639 714 compendio
657 680 724 706 dicit
745 679 869 707 Stobaeus
889 679 917 706 in
933 679 1055 714 Physicis

267 724 368 760 eclogis
384 745 393 758 ,
407 732 468 760 cap.
480 725 526 752 54.

304 781 363 808 Col.
377 781 441 814 715,
460 782 508 808 lin.
532 781 576 809 l9.
593 782 625 809 Ἠ
637 782 691 817 γὰρ
709 781 830 816 ρσώδης
849 779 1001 809 θάλασσα.
1016 780 1055 808 De

267 826 410 854 ﬂuminum
422 827 590 862 fontiumque
604 835 687 855 causa
697 831 725 854 et
740 827 844 862 origine
857 828 935 862 plura
946 827 1054 854 Aristo-

268 872 337 899 teles
360 872 406 899 lib.
427 880 435 899 ι
461 860 582 904 Me:eor.,
616 879 678 907 cap.
703 871 748 904 l5,
771 860 799 899 et
822 860 871 899 libi.
895 879 925 903 ιι,
941 879 1002 906 cap.
1021 871 1054 904 2;
1072 860 1094 887 Β

268 915 356 948 Plato,
373 919 400 943 in
421 916 568 949 Phwdone;
584 916 718 951 Georgius
740 916 881 952 Agricola,
911 916 960 943 lib.
981 924 989 943 ι
1016 915 1055 943 De

267 967 329 989 ortu
349 967 374 989 et
398 963 485 990 causis
510 962 759 994 subterraneontm;
775 962 903 989 Albertus
928 962 1053 997 Magnus,

268 1006 316 1034 lib.
348 1014 368 1034 ιι
387 1006 510 1040 Meteon,
525 1011 604 1035 tract.
636 1007 677 1040 l2,
693 1007 775 1042 capit.
790 1007 834 1040 il;
847 1007 965 1034 Iacobus
986 1007 1056 1034 Mili-

266 1052 356 1085 chius,
379 1053 407 1080 in
430 1054 512 1087 capit.
534 1053 584 1080 105
607 1053 654 1080 lib.
681 1061 701 1080 ιι
734 1052 832 1086 Plinii;
855 1051 980 1080 Valesius
1015 1052 1055 1080 De

266 1106 343 1125 sacra
358 1098 535 1133 philosophia,
551 1106 612 1134 cap.
622 1099 668 1131 63,
685 1102 712 1126 et
723 1099 778 1126 alii.
793 1098 856 1125 Fuit
872 1097 1054 1133 quorumdam

266 1142 359 1175 opinio
378 1142 449 1168 intra
467 1146 568 1169 terram
589 1150 651 1170 esse
672 1142 804 1178 quasdam
830 1143 961 1170 cavitates
973 1147 1002 1170 et
1014 1143 1054 1169 al-

266 1193 343 1218 veos,
357 1187 456 1221 quibus
467 1187 567 1215 imbres
577 1188 758 1222 excipiantur,
773 1192 854 1222 atque
864 1196 898 1215 ex
914 1188 947 1215 iis
965 1188 1053 1215 fontes

264 1235 292 1259 et
302 1232 399 1259 ﬂuvios
413 1232 562 1264 dimanare,
574 1236 602 1260 et
617 1240 701 1268 aquas
713 1233 773 1260 illas
787 1241 873 1268 usque
883 1233 917 1260 ad
934 1233 1052 1261 futuram

265 1277 382 1305 hiemem
399 1277 531 1309 suﬂicere,
547 1285 598 1304 nec
611 1285 771 1305 exarescere
787 1282 934 1313 antequam
954 1285 1052 1306 rursus

266 1325 342 1360 pluat
355 1333 362 1351 :
381 1324 478 1351 siccari
492 1331 556 1351 vero
569 1331 617 1352 eos
630 1332 746 1359 quorum
762 1325 831 1352 alvei
845 1326 964 1353 minores
975 1329 1051 1358 sunt,

263 1374 292 1398 et
302 1370 337 1397 ob
353 1369 490 1397 defectum
506 1377 639 1404 aquarum
657 1378 711 1398 non
726 1370 834 1399 ﬂuitant
854 1380 941 1407 usque
954 1373 987 1400 ad
1003 1381 1053 1400 no-

263 1424 314 1444 vas
329 1416 442 1450 pluvias.
459 1416 620 1444 Aristoteles
638 1421 666 1444 et
685 1417 730 1443 alii
744 1425 856 1445 causam
876 1419 990 1452 primam
1007 1427 1053 1454 ge-

263 1461 416 1489 nerationis
440 1461 583 1488 ﬂuviorum
614 1466 740 1489 statuunt
767 1463 820 1490 loci
842 1467 979 1496 naturam,
1005 1464 1051 1491 ubi

263 1511 376 1543 propter
392 1508 443 1535 soli
461 1508 612 1539 raritatem.
627 1508 731 1536 mullus
745 1512 773 1536 et
791 1509 920 1544 copiosus
936 1509 1049 1544 spiritus

263 1556 420 1587 generatur,
438 1553 485 1587 qui
506 1560 588 1587 quam
606 1553 731 1587 proxime
745 1553 778 1580 ad
798 1554 909 1588 vaporis
924 1557 1050 1581 naturam

263 1597 379 1625 accedit.
405 1597 508 1625 Deinde
530 1605 596 1626 vero
625 1598 726 1634 frigore
755 1599 808 1626 loci
831 1599 858 1625 in
882 1607 981 1634 aquam
1004 1607 1052 1627 co-

263 1644 348 1678 gitur,
376 1652 437 1679 qua:
460 1644 546 1679 ejecta
580 1643 642 1672 fons
669 1648 697 1672 et
722 1645 799 1680 origo
822 1644 967 1672 ﬂuviorum
999 1649 1050 1673 est.

263 1688 319 1716 Nec
347 1689 454 1717 videtur
479 1690 628 1718 absurdum
655 1690 679 1718 si
703 1695 814 1726 propter
839 1691 960 1718 eamdem
986 1698 1052 1718 cau-

263 1742 323 1762 sam
351 1735 470 1763 interrae
497 1736 649 1764 visceribus
678 1740 823 1771 generatur
849 1743 919 1772 aqua
942 1740 1051 1772 propter

263 1788 346 1816 quam
363 1788 446 1816 supra
464 1786 564 1808 terram
591 1781 618 1809 in
637 1789 714 1814 aere;
731 1782 790 1817 pari
805 1782 878 1809 enim
896 1783 1002 1810 ratione
1023 1783 1050 1809 in

262 1831 498 1863 t'aporante'aere
523 1828 610 1863 frigus
634 1833 773 1862 operatur.
806 1828 872 1860 Quae
896 1828 1050 1856 Aristotelis

262 1874 356 1909 opinio
367 1873 390 1901 si
405 1878 479 1901 recte
492 1874 683 1901 consideretur
696 1882 774 1902 suam
790 1874 872 1902 habet
899 1875 1049 1910 probabili-

263 1923 359 1951 tatem,
376 1926 428 1946 nec
448 1919 486 1945 ita
507 1920 609 1947 absona
625 1923 668 1947 est
695 1920 723 1946 in
748 1919 920 1955 philosophia
947 1924 978 1948 ut
1001 1929 1048 1948 ex-

262 1966 326 2001 pelli
340 1966 452 1993 omnino
467 1970 614 1993 mereatur.
624 1965 782 1993 Christiano
792 1971 882 1994 tamen
895 1967 1007 2000 homini,
1015 1975 1047 1996 ea

262 2019 345 2046 super
361 2011 415 2039 hoc
431 2012 566 2039 sententia
581 2017 623 2039 est
636 2012 825 2047 amplexanda,
843 2020 903 2047 quae
920 2018 962 2040 est
983 2021 1048 2041 san«

262 2062 368 2085 ctorum
380 2057 491 2084 Patrum
501 2057 666 2089 communis,
676 2061 702 2084 et
713 2065 797 2086 sacrae
811 2057 958 2093 Scriptura:
970 2060 1046 2087 testi-

261 2103 366 2130 moniis
378 2103 565 2130 conﬁrmatur.
583 2101 722 2138 Origiuem
745 2103 859 2131 l‘ontium
876 2112 891 2132 e
904 2106 972 2132 mari
985 2113 1046 2133 esse

262 2156 278 2176 a
296 2155 350 2183 quo
365 2147 487 2179 eﬂluunt,
512 2152 540 2176 et
568 2148 595 2176 in
622 2148 695 2183 quod
709 2149 834 2182 inﬂuunt,
861 2150 897 2176 ita
915 2149 1043 2182 Basilius,

260 2195 355 2222 homil.
365 2195 392 2226 ι,
403 2200 496 2223 noster
504 2194 663 2223 Eustathius
674 2196 701 2222 in
713 2195 764 2222 hoc
777 2197 846 2230 loco,
865 2196 1046 2232 Hieronymus
1062 2206 1083 2232 ι)

261 2240 295 2268 ad
308 2241 426 2276 primum
448 2244 530 2275 caput
552 2240 734 2272 Ecclesiasten.
752 2241 883 2276 lsidorus,
902 2242 921 2269 l.
936 2250 967 2269 ιιι
984 2242 1046 2270 Ori-

260 2287 360 2322 ginum,
372 2286 440 2314 0.90
450 2296 457 2320 ;
469 2286 678 2314 Damascenusu
702 2287 740 2314 De
753 2287 800 2322 ῥά.
816 2287 932 2320 orlhod.,
944 2295 1003 2322 cap.
1013 2288 1044 2321 9;

261 2332 407 2368 Gregorius
422 2332 539 2367 Cyprius
556 2332 584 2359 in
599 2331 686 2358 Maris
707 2333 836 2364 encomio,
864 2338 891 2360 et
915 2337 949 2360 "ex
967 2333 1043 2365 aliis;

261 2378 338 2405 Plato
351 2378 379 2405 in
396 2377 550 2410 Phaedone;
577 2377 681 2405 Plinius
699 2378 747 2405 lib.
766 2386 797 2409 ιι,
816 2386 876 2413 cap.
894 2378 948 2412 65;
966 2378 1045 2406 Philo

259 2423 369 2450 Iudaeus
385 2423 422 2450 De
437 2423 528 2450 mundi
542 2424 656 2458 opt/icio.
674 2423 787 2450 Variant
806 2426 897 2450 tamen
914 2424 941 2450 in
957 2423 1043 2458 expli-

260 2470 369 2496 catione
397 2469 479 2502 illius,
501 2469 638 2504 quomodo
664 2468 793 2496 videlicet
818 2474 914 2504 suopte
935 2469 1043 2504 ingenio

260 2516 350 2549 gravis
367 2516 452 2550 possit
466 2523 482 2542 e
503 2515 571 2542 mari
594 2515 742 2541 ascendere
757 2515 785 2541 in
800 2514 950 2542 altissimos
965 2523 1043 2542 mon-

261 2565 312 2590 tes.
328 2567 343 2587 e
365 2560 465 2595 quibus
479 2559 598 2594 erumpit
616 2559 644 2586 in
671 2563 747 2585 tanta
765 2559 854 2594 copia.
882 2558 1042 2587 Eustathius

259 2615 359 2643 aquam
373 2607 456 2634 maris
471 2607 580 2641 spiritu,
594 2606 693 2632 ﬂatuve
708 2605 823 2632 interius
838 2610 964 2633 movente
980 2614 1042 2633 sur-

259 2661 320 2680 sum
334 2652 368 2679 ad
379 2653 561 2687 scaturigines
579 2651 690 2687 impelli.
703 2650 750 2679 His
767 2652 902 2679 consentit
913 2649 1040 2685 Basilius,

259 2698 374 2730 Plinius,
403 2697 491 2725 Plato.
513 2697 542 2724 S.
556 2697 693 2729 Thomas,
717 2703 736 2723 ιι
771 2695 890 2724 Sentent.
913 2698 977 2724 dist.
995 2697 1039 2728 tt,

259 2748 355 2778 φησι.
375 2744 400 2775 l.
416 2744 464 2776 ait,
493 2743 632 2770 fontanam
655 2747 682 2770 et
706 2742 863 2770 ﬂuviatilem
882 2749 979 2777 aquam
997 2746 1040 2768 at-

260 2789 330 2815 trahi
355 2796 464 2816 sursum
490 2790 516 2816 vi
542 2789 696 2816 caelestium
722 2795 868 2824 corporum
885 2787 1039 2815 communis

260 2833 324 2862 boni
338 2834 433 2869 gratia.
444 2833 497 2862 Nec
513 2838 615 2861 motum
628 2833 700 2862 hunc
716 2841 793 2869 aquae
806 2841 865 2862 esse
876 2833 1036 2868 violentum,

1112 223 1176 250 dine
1192 223 1350 250 coelestibus
1365 223 1508 250 obediunt.
1529 222 1658 250 Albertus
1674 222 1724 249 lib.
1743 228 1765 248 ιι
1778 221 1887 252 Meteon,

1112 272 1191 295 tract.
1211 268 1238 300 2,
1255 275 1313 303 cap.
1327 268 1370 299 η,
1387 268 1475 302 inquit
1487 275 1602 302 vapores
1615 268 1641 294 in
1655 267 1752 299 terris,
1778 267 1889 293 cavernis

1111 314 1231 341 elevatos
1248 313 1418 348 reﬂexosque
1430 314 1569 341 attrahere
1581 312 1615 340 ad
1626 320 1656 340 se
1664 320 1780 347 aquam,
1788 319 1891 346 eamque

1111 367 1222 388 sursum
1239 359 1345 390 eﬂ‘erre,
1361 364 1389 386 et
1410 359 1540 386 continua
1560 366 1609 386 sua
1635 359 1759 389 actione,
1779 362 1809 384 et
1830 358 1889 385 illisu

1111 405 1146 431 ad
1171 405 1274 432 montis
1292 405 1376 432 latera
1394 412 1477 440 poros
1498 405 1620 440 aperire,
1655 404 1758 438 quibus
1791 403 1890 430 tandem

1110 451 1238 486 erumpit.
1261 451 1312 478 Alii
1332 451 1437 482 dicunt,
1462 458 1523 478 cum
1539 455 1612 478 terra
1629 451 1723 478 multis
1742 450 1780 476 sit
1809 451 1888 484 peni:

1111 498 1258 532 specubus.
1271 505 1368 532 aquam
1383 498 1467 524 maris
1479 497 1505 524 in
1522 497 1656 531 ejusmodi
1673 503 1741 524 cava
1763 496 1825 522 loca
1841 504 1889 523 Sese

1111 543 1251 574 inducere,
1280 551 1340 577 quae
1353 542 1418 578 quia
1435 546 1500 570 sunt
1524 546 1651 577 angusta,
1677 549 1771 576 neque
1794 544 1888 568 tantam

1110 589 1195 616 maris
1211 589 1309 616 molem
1326 595 1424 624 capere
1440 591 1554 623 queu-nt,
1577 595 1636 615 eam
1650 594 1727 622 aqua:
1742 587 1889 622 portionem

1108 641 1295 669 compressam
1308 634 1340 661 ad
1352 634 1524 661 extrinsecus
1534 633 1709 660 incumbente
1722 632 1792 658 mari
1805 639 1889 666 egres-

1108 687 1170 707 sum
1185 687 1239 714 qua
1253 680 1295 707 via
1312 681 1409 715 possit,
1423 687 1554 715 quaerere,
1577 680 1672 714 sicque
1686 679 1746 706 ﬁeri
1763 686 1888 714 aquarum

1107 727 1291 754 exsilitiones.
1301 726 1424 754 Aliorum
1434 727 1504 754 alios
1516 725 1612 754 modos
1622 730 1650 754 et
1666 726 1792 753 rationes
1806 733 1889 760 quaere

1109 773 1138 800 in
1152 773 1232 800 dictis
1252 774 1421 801 auctoribus.

1144 830 1225 862 Ibid.,
1243 830 1292 857 lin.
1309 829 1354 857 ει.
1383 823 1480 857 Πάλιν
1493 830 1527 857 δι
1542 829 1674 857 ἐπειδάν.
1701 829 1822 857 Causam
1837 836 1890 864 pro-

1108 879 1168 911 pter
1182 884 1263 911 quam
1281 883 1357 911 aquae
1369 883 1431 903 cum
1442 885 1475 904 ex
1492 884 1547 903 uno
1561 880 1588 904 et
1600 876 1696 903 eodem
1720 875 1808 906 fonte,
1823 883 1890 901 mare

1106 921 1225 952 scilicet,
1239 921 1372 955 originem
1391 921 1511 953 trahant,
1531 929 1585 948 non
1607 921 1732 948 eamdem
1751 924 1854 947 servent
1866 923 1890 946 et

1112 966 1283 1001 qualitatem,
1301 971 1327 993 et
1342 974 1478 1002 saporem,
1492 967 1539 994 sed
1555 966 1708 994 secundum
1729 965 1784 993 loci
1808 966 1890 992 varieL

1103 1016 1187 1040 tatem
1205 1013 1269 1048 ipsa:
1284 1013 1365 1040 etiam
1383 1014 1520 1040 varientur
1535 1018 1595 1049 pete
1617 1021 1631 1040 a
1645 1013 1830 1048 philosophis.

1144 1058 1224 1092 lbid.,
1233 1060 1281 1087 lin.
1295 1059 1341 1088 27.
1356 1060 1437 1095 Αὕτη
1449 1061 1496 1087 καὶ
1517 1060 1576 1087 τῶν
1588 1058 1696 1095 ἀερίων
1706 1059 1832 1087 ὑδάτων.
1846 1059 1890 1086 Ba-

1103 1105 1194 1138 silius,
1218 1105 1291 1133 hom.
1307 1106 1323 1133 4
1344 1115 1351 1133 :
1367 1107 1445 1142 Καλὴ
1463 1106 1510 1133 καὶ
1524 1106 1590 1132 διότι
1605 1107 1662 1138 τοῖς
1681 1106 1789 1142 ἀερίοις
1802 1105 1888 1132 ὕδασιν

1103 1152 1175 1188 ἀρχή
1195 1152 1237 1183 τίς
1256 1153 1312 1178 ἐστι
1333 1152 1380 1178 καὶ
1398 1153 1484 1188 πηγὴ,
1504 1152 1658 1188 θαλπομένη
1684 1153 1736 1188 μὲν
1756 1153 1790 1188 τῇ
1807 1153 1888 1178 ἀκτῖνι

1105 1197 1153 1223 τοῦ
1169 1196 1255 1231 ἡλίου,
1270 1197 1451 1232 ἀποτιθεμένη
1465 1198 1492 1224 δὲ
1510 1198 1539 1224 τὺ
1562 1197 1659 1224 λεπτὸν
1674 1198 1722 1224 τοῦ
1739 1198 1834 1229 ὓδατος
1850 1198 1888 1224 ea

1103 1243 1156 1269 τῶν
1165 1243 1268 1278 ἀτμῶν,
1277 1244 1345 1280 ὅπερ
1351 1243 1479 1270 ἑλκυσθὲν
1486 1245 1524 1275 είς
1531 1243 1576 1269 τὸν
1584 1244 1638 1270 ἄνω
1644 1244 1738 1275 τόπον,
1748 1242 1809 1270 εἶτα
1818 1253 1889 1270 κατα-

1101 1288 1204 1324 ψυχθὲν
1218 1289 1262 1315 διὰ
1278 1290 1308 1316 τὸ
1320 1289 1485 1325 ὑψηλότερον
1497 1289 1622 1323 γενέσθαι
1636 1290 1685 1325 τῆς
1701 1289 1758 1316 ἀπὸ
1769 1290 1817 1316 τοῦ
1835 1290 1888 1316 ἐδά-

1103 1344 1169 1370 φους
1181 1335 1355 1367 ἀνακλάσεως
1371 1336 1425 1362 τῶν
1441 1336 1568 1368 ἀκτίνων,
1586 1336 1632 1362 καὶ
1652 1335 1722 1370 ὁμοῦ
1740 1336 1794 1370 τῆς
1805 1337 1837 1362 ἐκ
1847 1336 1887 1362 τοῦ

1102 1381 1200 1415 νέφους
1219 1382 1298 1412 σκιᾶς
1312 1381 1362 1416 τὴν
1384 1381 1463 1415 ψύξιν
1480 1381 1666 1415 ἐπιτεινούσης
1687 1381 1768 1413 ὑετὸς
1781 1381 1886 1415 γίνεται,

1102 1428 1148 1454 καὶ
1160 1428 1260 1454 πιαίνει
1276 1428 1324 1463 τὴν
1340 1428 1401 1462 γῆν.
1414 1427 1560 1462 Gregorius
1574 1427 1690 1462 Cyprius
1705 1427 1733 1454 in
1745 1427 1835 1453 Maris
1849 1437 1888 1454 en-

1101 1475 1185 1500 comio
1196 1483 1206 1501 :
1221 1475 1338 1510 ¹ομ6ροι
1354 1474 1381 1500 δὲ
1395 1472 1462 1510 πρὸς
1479 1475 1534 1505 τοῖς
1547 1474 1714 1510 εἰρημένοις,
1729 1474 1780 1500 καὶ
1793 1474 1886 1509 δρόσοι,

1102 1521 1149 1546 καὶ
1159 1520 1273 1554 νιφετοὶ,
1289 1520 1397 1555 νεφέλαι
1414 1529 1442 1546 τε
1461 1518 1493 1546 αὖ
1511 1519 1539 1546 αἱ
1555 1519 1666 1551 τούτους
1683 1520 1831 1554 γεννῶσαι,
1847 1522 1886 1547 καὶ

1103 1566 1152 1593 ὅσα
1160 1565 1266 1601 πρῶτον
1282 1567 1322 1597 είς
1331 1565 1377 1592 τὸν
1393 1566 1448 1593 ἄνω
1459 1566 1638 1601 συνιστάμενα
1651 1566 1746 1598 τόπον,
1764 1565 1815 1593 εἴτ’
1826 1568 1887 1593 ἐκεῖ·

1102 1611 1148 1637 θεν
1161 1612 1200 1643 είς
1212 1612 1263 1647 γῆν
1276 1612 1405 1638 κάτεισιν.
1423 1611 1565 1644 Quomodo
1583 1616 1675 1639 autem
1689 1612 1718 1639 in
1740 1620 1806 1640 aere
1817 1621 1885 1648 aqua

1102 1660 1267 1690 generentur
1277 1656 1473 1685 explicavimus
1487 1656 1623 1691 superius.

1140 1735 1218 1768 lbid.,
1230 1735 1277 1762 lin.
1295 1736 1339 1762 55.
1356 1735 1409 1762 Kal
1423 1735 1466 1762 ἔτι
1481 1735 1528 1762 καὶ
1543 1735 1609 1762 νῦν.
1620 1734 1751 1766 Basilius,
1768 1742 1842 1763 nom.
1855 1736 1882 1762 5:

1107 1781 1138 1807 'l-l
1152 1779 1210 1816 γὰρ
1217 1780 1277 1806 τότε
1294 1779 1380 1814 φωνὴ,
1397 1780 1445 1806 καὶ
1457 1779 1487 1805 τὸ
1502 1779 1607 1815 πρῶτον
1621 1779 1710 1806 ἐκεῖνο
1726 1779 1884 1815 πρόσταγμα

1100 1824 1154 1853 οἷον
1168 1827 1250 1861 νόμος
1273 1835 1315 1858 τις
1333 1826 1440 1860 ἐγένετο
1464 1825 1580 1860 φύσεως,
1605 1826 1653 1852 καὶ
1669 1825 1835 1861 ὲναπέμεινε
1855 1828 1883 1861 τῇ

1099 1874 1145 1908 γῇ,
1161 1872 1210 1907 τὴν
1219 1872 1265 1898 τοῦ
1281 1873 1376 1907 γεννᾷν
1387 1872 1455 1906 αὐτῇ
1469 1871 1516 1898 καὶ
1524 1873 1708 1907 καρποφορεῖν
1720 1871 1836 1908 δύναμιν
1851 1875 1885 1905 εἰς

1098 1919 1129 1944 τὸ
1144 1917 1208 1953 ἑξῆς
1221 1920 1415 1954 παρεχόμενος.
1432 1917 1465 1944 Et
1486 1917 1618 1945 inferius:
1634 1918 1692 1944 Ἰνα
1716 1918 1828 1954 πρῶτον
1845 1921 1885 1945 ὲκ-

1098 1965 1153 1990 εῖνο
1170 1963 1334 1999 τφόσταγμα
1349 1963 1531 1989 διδασκαλεῖον
1546 1964 1578 1998 τῇ
1595 1963 1674 1997 φύσει
1691 1964 1806 2000 γένηται
1823 1966 1884 2000 πρὸς

1097 2010 1146 2045 τὴν
1162 2009 1226 2044 ἑξῆς
1242 2008 1410 2036 ἀκολουθίαν.
1427 2008 1458 2036 Et
1475 2009 1548 2036 hom.
1564 2010 1580 2037 9
1592 2019 1598 2036 ι
1608 2009 1714 2045 Νόησον
1728 2011 1808 2046 ῥῆμα
1820 2011 1881 2037 Θεοῦ

1096 2055 1140 2082 διὰ
1158 2056 1208 2090 τῆς
1222 2055 1334 2087 κτίσεως
1350 2056 1455 2091 τρέχον,
1468 2056 1515 2082 καὶ
1525 2055 1584 2082 τότε
1602 2055 1767 2092 ἀρξάμενον,
1787 2058 1833 2083 καὶ
1845 2057 1884 2092 μέο

1097 2110 1142 2136 χρι
1155 2100 1203 2128 νῦν
1219 2101 1358 2137 ἐνεργοῦν,
1371 2101 1417 2127 καὶ
1435 2102 1474 2132 είς
1484 2101 1558 2133 τέλος
1574 2101 1672 2134 διεξιὸν
1690 2102 1744 2134 ἓως
1765 2102 1799 2129 ἂν
1813 2105 1828 2129 ό
1844 2103 1883 2129 κό-

1097 2155 1165 2182 σμος
1179 2147 1379 2182 συμπληρωθῇ.
1393 2146 1460 2173 Vide
1479 2147 1588 2181 locum;
1605 2151 1647 2174 est
1662 2149 1737 2175 enim
1753 2151 1881 2184 optimus.

1098 2191 1227 2220 Leontius
1243 2193 1366 2220 Arabissi
1381 2193 1527 2227 episcopus
1551 2201 1676 2221 sermone
1693 2194 1729 2221 de
1745 2195 1880 2222 creatione

1097 2242 1124 2265 et
1139 2237 1244 2265 Lazaro
1256 2238 1388 2270 redivivo,
1402 2246 1456 2265 non
1473 2239 1611 2274 incompta
1629 2240 1813 2268 similitudine
1825 2249 1880 2268 ver-

1095 2284 1159 2312 bum
1179 2284 1245 2311 illud
1261 2284 1394 2316 divinum,
1406 2285 1454 2316 ait,
1470 2285 1531 2312 loco
1555 2285 1668 2312 seminis
1685 2286 1713 2312 in
1732 2287 1816 2314 rebus
1837 2295 1879 2322 ge-

1095 2330 1225 2357 nerandis
1242 2330 1336 2362 fuisse,
1350 2337 1466 2366 eamque
1478 2331 1505 2357 in
1519 2331 1601 2358 rebus
1615 2331 1670 2358 illis
1684 2332 1740 2358 vim
1755 2333 1880 2360 habuisse

1095 2382 1176 2410 quam
1191 2379 1219 2402 et
1233 2382 1325 2402 semen
1339 2383 1347 2408 ;
1371 2379 1399 2402 et
1426 2375 1515 2402 adhuc
1534 2375 1568 2402 ad
1592 2377 1803 2411 conceptionem
1817 2385 1879 2404 cons

1095 2427 1215 2448 currere.
1236 2420 1268 2446 Tt
1295 2420 1385 2454 λέγεις
1411 2421 1548 2456 αἱρετικές
1578 2422 1693 2455 Βλέπεις
1715 2424 1779 2450 ἀντὶ
1799 2433 1878 2452 κατα-

1095 2466 1174 2502 ϐολῆς
1186 2465 1341 2502 σπέρματος
1355 2465 1386 2492 τὸ
1395 2467 1442 2494 τοῦ
1457 2466 1536 2502 λόγου
1551 2468 1691 2503 γινόμενον
1707 2470 1876 2505 πρόσταγμα.

1094 2513 1148 2539 Καὶ
1162 2512 1219 2544 πῶς
1233 2511 1379 2547 ἀμφίϐολον
1389 2512 1478 2547 λέγεις
1488 2514 1538 2548 τῆς
1551 2513 1718 2550 παρθενικῆς
1729 2517 1877 2552 γεννήσεως

1092 2558 1122 2584 τὸ
1137 2558 1346 2593 μυστήριον;“Α
1357 2559 1412 2594 γὰρ
1428 2559 1475 2585 νῦν
1492 2559 1646 2595 σπέρματος
1660 2561 1725 2587 ἄνευ
1743 2561 1775 2588 οὐ
1793 2561 1876 2588 τίκτε-

1091 2613 1145 2636 ται,
1161 2603 1265 2636 τούτοις
1283 2606 1299 2639 ἡ
1322 2605 1397 2640 φωνὴ
1413 2605 1473 2632 τότε
1494 2604 1635 2641 συνέτρεχε
1661 2606 1707 2633 τοῦ
1734 2607 1876 2638 καλοῦντος

1092 2650 1160 2684 πρὸς
1171 2649 1306 2684 γέννησιν,
1321 2651 1368 2677 καὶ
1384 2651 1538 2686 συλλήψεως
1555 2652 1663 2687 τρόπον,
1692 2653 1707 2678 ὁ
1723 2653 1775 2688 τῆς
1790 2652 1875 2680 κελεύ-

1092 2703 1159 2725 σεως
1178 2696 1302 2730 ἐμιμεῖτο
1314 2697 1405 2732 νόμος,
1423 2697 1469 2723 καὶ
1483 2697 1526 2724 διὰ
1544 2698 1607 2732 μιᾶς
1624 2698 1715 2733 φωνῆς
1731 2698 1874 2734 ὲσαρκοῦτο

1089 2740 1124 2766 τὰ
1139 2741 1237 2768 πάντα.
1267 2742 1321 2768 Καὶ
1344 2743 1358 2769 ό
1381 2743 1442 2769 τότε
1466 2743 1611 2779 σαρκώσεις
1633 2743 1683 2779 τὴν
1699 2745 1801 2775 κτίσιν,
1831 2743 1873 2770 καὶ

1091 2786 1189 2822 σπόρον
1205 2787 1331 2823 ἀσπόρως
1348 2789 1504 2824 χορηγήσας
1518 2791 1574 2821 τοῖς
1597 2790 1690 2821 πᾶσιν,
1719 2790 1802 2822 αὐτὸς
1825 2789 1873 2815 ἀπὸ

1089 2833 1201 2869 λογικῆς
1218 2833 1367 2870 σαρκωθεὶς
1384 2835 1436 2870 γῆς
1460 2835 1592 2870 προὶλϐεν
1616 2835 1746 2870 ἀπόρως
1766 2835 1814 2870 τὴν
1833 2834 1872 2861 διὰ
