1903 3068
201 111 253 140 843

870 105 992 134 LEONIS
1012 105 1151 133 ALLATII

1772 101 1829 129 8M

201 172 348 200 vindictam
361 169 459 196 herbas
471 168 566 195 noxias
578 172 639 204 post
651 168 715 196 Adae
727 167 980 204 praevaricationem

1040 167 1143 202 léﬁopov
1156 168 1209 198 τοῖς
1223 165 1376 201 ἀνθρώποις
1386 163 1545 200 δηλητήριον
1558 163 1632 194 ὂντα,
1647 162 1739 198 ψᾶρες
1751 162 1784 189 δὲ
1798 163 1830 189 τὸ

201 217 289 246 solum
307 214 391 241 fuisse
413 212 568 244 productas.
586 212 657 240 Vera
674 215 765 239 tamen
781 214 822 238 est
849 209 985 238 sententia

203 261 336 290 Eustatltii
349 263 376 287 et
391 260 506 286 aliorum
516 259 564 293 qui
579 259 677 286 herbas
688 258 738 286 has
753 258 847 285 noxias
859 263 912 284 una
923 263 985 283 cum

204 308 263 335 aliis
281 306 372 334 herbis
385 309 527 340 generatas
542 304 689 332 existimat.
709 303 795 331 Noxia
813 303 886 330 enim
899 306 926 329 et
941 309 980 329 ve-

205 360 306 381 nenosa
324 352 405 379 rebus
421 351 481 378 aliis
496 351 637 377 commista
651 349 770 376 humano
779 348 870 384 generi
884 348 911 374 in
923 355 986 374 cor-

206 399 279 434 poris
295 396 502 432 :egritudinibus
528 395 658 423 sanandis
682 395 744 422 usui
760 398 833 421 sunt.
854 393 908 420 Nec
931 400 986 419 non

205 444 368 471 animalibus
383 442 557 478 quibusdam,
584 448 679 468 eorum
704 440 828 475 corporis
853 439 986 466 constitu-

206 491 279 518 tione
301 490 338 517 ita
361 492 502 524 poscente,
528 495 578 523 pro
604 488 734 514 alimento
763 485 936 519 deserviunt,
957 489 987 512 ut

206 536 335 571 exemplis
353 534 467 562 interius
482 533 595 569 patebit.
610 532 762 562 Lucretius.
781 532 829 558 lib.
844 539 859 557 v
876 539 884 558 :

259 624 389 651 Prwterea
406 623 480 650 nobis
495 627 625 649 veratrum
639 626 676 648 est
693 629 751 647 acre
769 628 903 651 venenum,

259 660 293 684 At
317 659 403 692 capris
423 658 524 692 adipes,
547 662 572 684 et
590 656 768 683 colui-nisibus
788 660 877 690 auget.

260 694 360 728 Quippe
373 693 458 719 videre
470 691 533 719 licet
548 693 713 728 pinguescere
731 698 798 725 δεῖρε
809 691 896 717 cicuta

257 727 414 763 Barbigeras
423 727 543 763 pecudes,
559 727 657 753 homini
668 734 725 761 qua:
731 731 769 752 est
783 734 844 752 acre
853 733 984 752 venenum.

207 819 279 846 Idem
302 818 421 846 sentiunt
447 817 633 844 Theodorelus
654 821 681 844 et
697 816 875 850 Ambrosius;
891 820 917 844 et
934 816 987 842 An-

209 865 302 892 tonius
318 864 355 890 ait
370 873 377 890 :

244 955 342 982 Toxica
355 954 473 988 zelotypo
484 952 555 979 dedit
571 960 638 979 uxor
649 952 748 979 moecha
759 961 863 984 veneno,

279 989 334 1016 Nec
348 990 412 1016 satis
425 987 463 1014 ad
477 993 584 1014 mortem
606 987 714 1014 credidit
727 996 783 1014 esse
791 988 894 1014 datum.

245 1025 352 1052 Miscuit
365 1024 466 1058 argenti
476 1023 585 1049 lethalia
595 1023 712 1056 pondera
726 1023 787 1055 vivi,

277 1059 385 1094 Cogeret
395 1063 423 1085 ut
434 1059 541 1084 celerem
549 1059 587 1094 bis
595 1058 728 1094 geminata
743 1066 839 1084 necem.

244 1092 350 1122 Diuidut
364 1095 417 1120 lues
429 1094 527 1128 siquis,
542 1092 765 1127 faciuntdiscreta
782 1101 916 1125 uenenum,

279 1129 432 1156 Antidotum
444 1133 544 1155 sument
561 1136 618 1161 qute
632 1128 731 1154 sociata
744 1128 824 1156 bibet.

209 1207 255 1234 Sic
269 1210 294 1234 et
308 1205 486 1233 animantium
503 1213 601 1240 genera
613 1205 725 1240 pulchra
736 1209 811 1238 sunt,
825 1209 853 1232 et
869 1204 987 1231 homini-

209 1255 260 1282 bus
275 1262 328 1281 non
346 1253 437 1280 minus
460 1253 535 1279 utilia
555 1260 636 1287 quam
656 1251 811 1279 necessaria
831 1260 837 1277 :
856 1251 988 1278 nonnulla

208 1303 298 1326 tamen
314 1299 466 1334 perniciosa
478 1302 543 1325 sunt
557 1303 584 1325 et
602 1298 710 1325 nociva.
724 1296 829 1324 Plinius
845 1297 987 1324 Naturalis

205 1344 283 1372 .Ilist.
304 1345 351 1371 lib.
367 1353 398 1375 ιι,
416 1352 474 1379 cap.
493 1343 537 1375 (i3,
555 1344 636 1370 aliam
654 1343 735 1378 hujus
755 1343 794 1370 rei
814 1350 925 1370 causam
944 1350 989 1370 as-

209 1389 298 1424 signat
312 1399 319 1416 :
336 1389 405 1422 Quin
431 1393 456 1415 et
479 1396 575 1415 venena
591 1392 688 1414 terram
702 1389 785 1414 nostri
803 1388 937 1414 misertam
948 1389 989 1414 in-

209 1435 325 1462 stituisse
342 1434 413 1461 credi
433 1437 532 1467 potest,
556 1441 587 1460 ne
609 1433 636 1460 in
659 1432 737 1459 tcedio
750 1433 816 1459 dine
828 1433 889 1460 :r'tte
909 1432 988 1467 fatuis

209 1489 290 1513 mors,
306 1485 382 1507 teme
396 1480 495 1507 meritis
508 1479 681 1511 alienissima,
697 1479 767 1506 lenta
782 1487 829 1506 nos
852 1487 989 1506 consume-

208 1531 247 1554 ret
261 1526 330 1558 tabe,
347 1534 378 1552 ne
394 1526 508 1552 lacerum
521 1532 615 1559 corpus
626 1524 739 1559 abrupta
755 1524 943 1559 dispergerent,
958 1531 989 1550 ne

209 1573 295 1608 laquei
323 1576 451 1607 torqueret
476 1579 552 1606 plena
574 1576 746 1605 pra'postera,
773 1570 875 1596 incluso
895 1570 990 1604 spiritu

208 1621 252 1647 cui
261 1624 421 1654 qutereretur
432 1619 517 1646 exitus
531 1627 539 1644 :
551 1626 582 1645 ne
602 1617 628 1644 in
638 1617 767 1652 profundo
776 1618 888 1652 quaesita
897 1622 990 1650 morte,

208 1665 345 1700 sepultura
358 1664 453 1699 pabulo
469 1664 553 1699 ﬁeret,
576 1671 606 1690 ne
630 1663 694 1698 ferri
713 1665 847 1690 cruciatus
862 1662 991 1690 scinderet

209 1720 315 1747 corpus.
334 1711 378 1738 Ita
393 1716 430 1738 est
453 1711 572 1742 miserta,
603 1711 690 1745 genuit
710 1710 737 1736 id
754 1710 829 1743 cuius
857 1710 989 1744 facillimo

209 1759 316 1791 haustu,
331 1757 434 1783 illibata
451 1764 568 1791 corpore,
581 1761 605 1782 et
619 1764 677 1782 cum
696 1760 749 1782 toto
765 1756 891 1790 sanguine
905 1756 991 1782 extin-

209 1811 356 1839 gueremur,
370 1802 442 1829 nullo
461 1802 559 1834 labore,
573 1801 722 1828 sitientibus
738 1801 836 1828 similes
853 1809 862 1828 :
877 1801 991 1835 qualiter

208 1849 345 1883 defunctos
359 1856 411 1875 non
421 1847 546 1879 volucris,
560 1855 610 1873 non
622 1846 679 1880 fera
699 1846 849 1880 attingeret,
865 1850 990 1881 terra-que

208 1899 364 1925 servaretur,
371 1893 415 1928 qui
422 1892 471 1920 sibi
481 1893 530 1927 ipsi
538 1892 671 1926 periisset;
679 1896 713 1925 et,
722 1897 748 1918 ut
756 1900 841 1918 verum
849 1892 989 1927 fateantur,

209 1946 280 1968 terra
306 1941 379 1967 nobis
407 1941 537 1966 malorum
566 1939 708 1966 remedium
731 1942 831 1974 genuit,
853 1947 899 1965 nos
922 1938 990 1965 illud

209 1987 267 2013 vitta
296 1987 408 2021 facimus
437 1993 572 2012 venenum.
596 1984 650 2013 Sed
676 1985 741 2020 quid
773 1985 877 2012 diceret
907 1984 990 2012 homo

207 2032 346 2062 ethnicus,
364 2031 436 2058 onmi
459 2031 552 2058 divino
574 2031 676 2057 lumine
697 2031 854 2063 destitutus,
881 2038 990 2065 praeque

209 2076 302 2104 mundi
333 2077 414 2111 hujus
447 2077 559 2103 caducis
586 2076 736 2109 blanditiis,
763 2077 831 2104 nihil
849 2077 989 2105 aestimans

207 2127 348 2155 :eternum,
360 2123 461 2149 nullam
474 2127 636 2157 exspectans
653 2122 808 2150 felicitatem
820 2123 832 2149 ?

242 2180 300 2208 Col.
320 2179 382 2212 7l6,
399 2180 447 2206 lin.
473 2180 498 2206 4.
521 2179 556 2206 Τὸ
573 2179 632 2214 μὲν
651 2181 705 2214 γὰρ
717 2179 849 2207 κώνειον.
870 2180 987 2208 Basilius
1004 2196 1026 2223 Ι)

207 2226 280 2253 hom.
299 2226 331 2253 5:
345 2225 382 2251 Τὸ
397 2225 445 2260 μὲν
460 2225 514 2261 γὰρ
529 2225 640 2252 κώνειον
650 2227 675 2252 οἱ
689 2226 775 2262 ψᾶρες
787 2226 929 2261 βόσκονται
945 2227 988 2253 διὰ

206 2272 255 2308 τὴν
265 2272 436 2308 κατασκευὴν
458 2272 504 2298 τοῦ
514 2271 638 2306 σώματος
651 2272 699 2308 τὴν
715 2274 746 2299 ὲκ
757 2272 804 2299 τοῦ
823 2272 986 2309 δηλητηρίου

208 2315 309 2352 βλάϐην
332 2316 581 2351 ἀποδιδράσκοντες.
597 2317 720 2348 Λεπτοὺς
729 2317 783 2353 γὰρ
802 2317 908 2353 ἔχοντες
924 2319 988 2348 τοὺς

206 2361 260 2388 ὰπὸ
273 2363 322 2397 τῆς
336 2360 447 2396 καρδίας
460 2361 569 2397 πόρους,
589 2361 734 2396 φθάνουσιν
752 2363 869 2397 ἐκπέψαι
883 2364 913 2390 τὸ
937 2371 987 2389 κα-

205 2407 333 2440 ταποθὲν,
349 2408 412 2444 πρὶν
428 2408 476 2444 τὴν
490 2409 537 2434 ἀπ’
548 2409 630 2435 αὐτοῦ
646 2408 726 2443 ψῦξιν
736 2409 790 2435 τῶν
806 2409 920 2444 καιρίων
937 2418 988 2436 και

205 2452 351 2487 θάψασθαι.
369 2453 523 2481 Alexander
545 2454 731 2488 Aphrodiseus
748 2455 795 2482 lib.
812 2462 831 2488 ι,
852 2453 987 2481 Problem.

205 2499 233 2527 lu
248 2499 416 2534 praefatione.
431 2500 523 2533 Quare
539 2506 648 2528 veratro
670 2500 834 2532 coturnices,
855 2505 881 2527 et
899 2500 988 2527 slurni

204 2545 294 2573 cicuta
311 2549 466 2578 vescantur,
481 2546 552 2573 inter
577 2546 743 2580 quaestiones
770 2546 986 2581 inexplicabiles,

205 2589 314 2626 Deoque
328 2592 379 2619 soli
397 2591 530 2619 duntaxat
551 2596 679 2627 tanquam
699 2600 794 2620 eorum
821 2593 920 2620 artiﬁci
945 2601 989 2621 so-

205 2635 351 2663 lertissimo
361 2637 484 2671 cognitas
500 2637 598 2671 rejicit.

239 2680 320 2714 Ibid.,
334 2682 381 2709 lin.
396 2683 423 2710 8.
444 2683 499 2710 Τὸν
515 2683 548 2709 δὲ
566 2684 727 2718 ἐλλέϐορον
739 2684 886 2712 ἐσθίουσι.
910 2685 988 2712 Basi-

205 2726 258 2753 lius
269 2727 340 2754 hom.
355 2727 371 2754 5
382 2737 387 2754 :
407 2729 564 2765 Ὲλλέϐορος
575 2730 603 2756 δὲ
611 2730 734 2764 ὀρτύγων
743 2731 800 2757 ἐστὶ
813 2731 910 2766 τροφὴ,
926 2731 988 2757 ἰδιό-

203 2779 266 2806 τητι
280 2772 404 2807 κράσεως
415 2773 463 2809 τὴν
483 2774 586 2810 βλάϐην
600 2776 818 2810 ἀποφευγόντων.
837 2776 990 2804 Alexander

204 2816 352 2851 Aphrodis.
371 2817 431 2844 loco
442 2819 531 2852 citat.,
549 2821 682 2856 Ὀρτδγές
692 2831 720 2848 τε
736 2822 870 2849 σιτοῦνται
885 2823 930 2850 τὸν
945 2824 988 2850 ὲ).-

1037 212 1158 240 κώνειον.
1172 212 1334 240 Coturnices
1352 211 1416 238 item
1435 210 1549 238 venenis
1566 210 1752 245 pinguescere
1769 213 1830 235 tra-

1037 257 1077 285 dit
1089 257 1193 284 Plinius
1207 257 1256 284 iib.
1272 265 1300 288 x,
1322 263 1384 290 cap.
1404 255 1451 288 23,
1467 254 1653 282 Colat-uicibus
1677 254 1772 280 ueneni
1785 262 1829 280 se—

1037 314 1095 332 men
1106 305 1273 341 gratissimus
1285 305 1357 331 cibus
1368 312 1376 330 :
1389 312 1466 339 quam
1480 303 1511 330 ob
1524 312 1634 330 causam
1649 311 1696 329 eas
1707 302 1829 329 damna-

1037 360 1093 379 vere
1116 360 1223 383 mensw,
1241 351 1368 385 simulque
1388 351 1547 377 comitialem
1572 355 1679 385 propter
1698 349 1826 376 morbum

1037 399 1128 432 despui
1144 403 1257 429 suetum,
1274 405 1349 432 quem
1365 396 1428 423 salte
1440 396 1597 423 animalium
1612 395 1828 435 sentiunt,pra.-

1037 450 1076 471 ter
1087 444 1228 470 hominem.
1253 443 1281 470 ln
1297 442 1435 470 histlinii
1446 443 1539 470 verbis
1554 441 1642 468 obiter
1657 440 1685 467 id
1696 440 1828 467 animad-

1036 489 1194 516 vertendum
1217 488 1250 515 de
1275 488 1405 514 comitiali
1431 487 1513 514 verbo
1538 493 1592 512 non
1607 485 1739 512 omnibus
1763 492 1828 512 esse

1037 542 1118 561 unam
1138 533 1315 561 sententiam.
1332 532 1491 560 A-ristoteles
1513 532 1539 558 in
1562 530 1694 557 Problem.
1710 530 1760 562 ait,
1772 529 1828 556 Μό-

1037 585 1097 608 νους
1124 574 1283 611 ἀνθρώπους
1302 576 1330 601 ὲν
1347 575 1385 610 τῷ
1395 575 1448 600 τῶν
1469 574 1547 606 ζώων
1559 574 1631 608 γένει
1651 573 1826 608 ἐπιλήπτους

1036 621 1352 656 γίνεσθαι.“ΡΙυίίιιλεΙιυ5
1365 620 1440 647 addit
1463 618 1723 654 capramzlacobus
1747 617 1827 645 Dete-

1038 668 1172 703 campius,
1202 671 1229 695 et
1258 674 1351 699 canes,
1377 670 1403 693 et
1425 665 1491 693 feles
1507 670 1534 692 et
1552 665 1652 691 arietes
1674 672 1707 691 eo
1723 663 1826 690 morbo

1037 715 1151 750 periisse
1159 721 1189 741 se
1204 713 1304 740 vidisse
1319 716 1455 744 testatur;
1472 718 1570 746 capras
1585 715 1611 737 et
1627 718 1692 737 oves
1705 718 1740 737 eo
1750 717 1827 736 mor-

1038 761 1072 788 bo
1090 760 1182 787 vexari
1197 759 1279 786 tradit
1303 757 1482 792 Hippocrates
1509 757 1557 784 lib.
1580 756 1650 790 Περὶ
1663 755 1719 790 τῆς
1740 755 1826 790 ἱερῆς

1037 807 1143 832 νόσου·
1157 811 1242 840 equos
1252 803 1394 839 Apsyrtus;
1406 802 1560 837 accipitres,
1573 805 1599 829 et
1614 802 1743 836 graculos
1758 801 1825 828 Bro-

1003 846 1024 872 Β
1039 852 1113 879 daeus
1127 851 1175 878 lib.
1188 858 1229 882 ιιι,
1246 857 1296 885 cap
1308 849 1358 882 93;
1379 849 1478 876 Sextus
1494 856 1558 876 vero
1575 848 1733 883 Einpiricus
1753 847 1825 882 Pyr-

1038 897 1216 932 rltonﬂgpot.
1232 896 1279 923 lib.
1294 904 1313 926 ι,
1328 902 1382 922 non
1394 894 1573 927 ltelleborum,
1583 893 1629 921 sed
1639 894 1760 921 cicutam
1775 901 1823 920 co-

1037 942 1159 969 turnices
1167 940 1366 976 pinguel‘acere,
1375 939 1455 967 sicuti
1464 940 1646 976 hyoscyamus
1654 947 1717 966 sues
1726 938 1822 966 refert:

1038 988 1075 1015 Τὸ
1086 987 1150 1022 γοῦν
1163 986 1272 1013 κώνειον
1289 986 1389 1012 πιαίνει
1403 985 1466 1016 τοὺς
1473 985 1599 1019 ὄρτυγας,
1613 985 1660 1011 καὶ
1675 986 1689 1011 ὁ
1702 984 1823 1011 detruda-

1039 1043 1088 1070 μος
1099 1033 1148 1064 τὰς
1154 1030 1196 1066 ὗς,
1206 1033 1232 1059 αἳ
1240 1033 1272 1068 δὴ
1281 1032 1404 1067 χαίρουσι
1415 1033 1461 1059 καὶ
1473 1033 1539 1059 σαλα
1544 1031 1662 1067 μάνδρας
1670 1031 1822 1058 ὲσθίουσαι.

1074 1078 1153 1111 Ibid.,
1170 1079 1217 1106 lin.
1233 1078 1259 1105 9.
1277 1078 1327 1104 Διὰ
1345 1077 1378 1104 δὲ
1394 1077 1446 1104 τοῦ
1457 1077 1673 1112 μανδραγόρου.
1690 1076 1821 1107 Basilius,

1039 1125 1111 1153 hom.
1128 1125 1163 1153 5:
1178 1125 1237 1151 Ἔτι
1251 1125 1279 1151 δὲ
1296 1125 1342 1151 καὶ
1356 1124 1423 1150 αὐτὰ
1439 1124 1524 1150 ταῦτα
1541 1125 1569 1150 ἐν
1589 1123 1676 1158 καιρῷ
1691 1131 1758 1149 ποτε
1775 1123 1821 1148 καὶ

1039 1171 1104 1206 ἡμῖν
1125 1171 1257 1206 χρήσιμα.
1272 1170 1320 1196 Διὰ
1339 1170 1389 1205 μὲν
1403 1169 1457 1205 γὰρ
1473 1168 1519 1195 τοῦ
1534 1168 1721 1204 μανδραγόρου
1738 1168 1821 1194 ὕπνον

1040 1217 1127 1252 ἰατροὶ
1154 1216 1352 1249 κατεπὰγουσιν
1372 1223 1379 1230 ⁶
1399 1215 1469 1248 ὀπίῳ
1483 1214 1511 1241 δὲ
1524 1214 1573 1246 τὰς
1595 1214 1714 1250 σφοδρὰς
1726 1213 1821 1244 ὀδύνας

1037 1262 1092 1288 τῶν
1105 1262 1236 1297 σωμάτων
1251 1260 1489 1296 κατακοιμίζουσιν
1502 1269 1508 1275 ·
1522 1260 1571 1296 ἤδη
1591 1260 1620 1286 δέ
1631 1268 1703 1291 τινες
1714 1259 1754 1294 τῷ
1771 1268 1822 1286 xw-

1039 1308 1101 1343 νείῳ
1116 1308 1161 1334 καὶ
1183 1308 1212 1334 τὸ
1235 1307 1370 1339 λυσσῶδες
1397 1307 1450 1333 τῶν
1471 1306 1586 1341 ὀρέξεων
1617 1306 1821 1340 κατεμάραναν,

1039 1354 1086 1380 καὶ
1104 1353 1143 1388 τῷ
1170 1353 1301 1389 ἐλλεϐόρῳ
1316 1352 1400 1379 πολλὰ
1416 1352 1470 1378 τῶν
1484 1351 1598 1387 χρονίων
1618 1351 1714 1378 παθῶν
1729 1351 1822 1386 ἐξεμό-

1039 1399 1164 1435 χλευσαν.
1181 1399 1290 1426 Plenam
1309 1398 1496 1434 mandragoraa
1513 1398 1603 1425 herbae
1622 1397 1820 1425 consideratio-

1040 1453 1101 1473 nem
1115 1446 1198 1473 habes
1214 1445 1284 1480 apud
1303 1445 1420 1472 Plinium
1436 1445 1484 1471 lib.
1500 1452 1562 1477 xxv,
1581 1451 1640 1479 cap.
1655 1443 1700 1476 1'5,
1717 1443 1745 1470 in
1758 1451 1821 1478 quo,

1040 1496 1067 1518 et
1083 1491 1142 1525 ejus
1157 1491 1184 1518 in
1200 1491 1345 1518 medicinis
1358 1498 1424 1518 usus
1439 1489 1601 1524 explicatur,
1615 1489 1677 1523 ejus
1692 1489 1758 1516 item
1769 1488 1819 1514 vim

1042 1537 1210 1565 somniftcam
1227 1538 1263 1563 ita
1273 1536 1391 1571 explicat
1404 1545 1410 1562 :
1425 1528 1502 1562 Folia
1518 1539 1707 1562 conservantur
1721 1534 1749 1560 in
1766 1541 1821 1560 mu-

1043 1584 1083 1609 ria
1098 1582 1238 1617 efﬁcacius,
1256 1582 1324 1608 alias
1341 1581 1484 1608 recentium
1500 1588 1593 1607 succus
1613 1580 1694 1614 pestis
1705 1584 1744 1606 est
1763 1588 1772 1606 :
1786 1580 1821 1605 sic

1041 1637 1141 1663 quoque
1155 1628 1241 1655 ncxiw
1253 1628 1329 1654 vires.
1349 1627 1520 1654 Gravedinem
1535 1627 1616 1654 etiam
1629 1627 1745 1661 afferunt
1755 1626 1820 1660 olla-

1042 1681 1084 1702 ctu
1099 1683 1108 1701 :
1121 1683 1271 1710 quanquam
1284 1674 1355 1701 mala
1366 1675 1392 1701 in
1405 1674 1536 1710 aliquibus
1556 1675 1632 1700 terris
1649 1673 1819 1702 manduntur.

1042 1721 1122 1748 nimio
1142 1725 1227 1746 tamen
1236 1720 1314 1746 odore
1330 1720 1508 1746 obmutescunt
1520 1720 1616 1754 ignari.
1635 1718 1707 1746 Potu
1722 1719 1821 1754 quidem

1041 1766 1156 1801 largiare
1174 1766 1254 1793 etiam
1268 1766 1426 1793 moriuntur.
1452 1765 1494 1792 Vis
1510 1764 1646 1799 somniﬁca
1660 1773 1708 1799 pro
1728 1765 1821 1791 viribus

1042 1812 1193 1839 bibentium.
1213 1811 1301 1838 Media
1316 1812 1386 1846 potio
1399 1811 1487 1847 cyathi
1501 1819 1588 1838 unius.
1603 1811 1711 1837 Bibitur
1721 1817 1746 1837 et
1763 1819 1820 1837 can—

1042 1862 1082 1884 tra
1099 1862 1239 1892 serpentes,
1255 1862 1278 1884 e1
1294 1862 1353 1883 ante
1368 1857 1493 1884 sectiones
1514 1857 1714 1892 pttnitionesque
1724 1864 1755 1883 ne
1765 1865 1820 1883 sen-

1043 1903 1152 1930 tiantur.
1170 1902 1208 1930 οι
1231 1903 1285 1929 Ιιαιε
1303 1903 1368 1929 satis
1389 1907 1427 1929 est
1450 1901 1580 1936 aliquibus
1599 1909 1722 1928 somnum
1746 1901 1821 1928 odore

1040 1950 1175 1984 quwsisse.
1196 1948 1301 1974 Bibitttr
1322 1952 1346 1974 et
1367 1955 1414 1982 pro
1436 1947 1565 1974 ltelleboro
1580 1947 1681 1974 duobus
1699 1948 1782 1974 ubalis
1797 1948 1821 1974 in

1041 1995 1137 2023 mulso.
1157 1994 1187 2021 Et
1199 1994 1378 2029 Tlteophrast.
1397 1993 1468 2020 Hist.
1483 1995 1569 2028 plant.
1589 1995 1634 2021 ιιι).
1653 2002 1689 2027 Ix,
1705 2003 1766 2029 cap.
1779 1995 1819 2025 l0,

1041 2041 1174 2078 Καθάπερ
1192 2042 1239 2068 καὶ
1252 2042 1298 2068 τοῦ
1312 2041 1499 2077 μανδραγόρου
1514 2041 1544 2067 τὸ
1557 2042 1604 2069 μὲν
1617 2041 1716 2075 φύλλον
1731 2043 1821 2077 χρήσι-

1043 2097 1091 2123 μον
1115 2086 1183 2114 εἶναί
1206 2096 1269 2122 φασι
1291 2087 1359 2122 πρὸς
1383 2087 1417 2114 τὰ
1434 2087 1498 2123 ἕλκη
1518 2088 1577 2122 μετ’
1597 2087 1721 2121 ἀλφίτου,
1736 2087 1821 2122 τὴνόδ

1041 2135 1119 2171 ῥίζαν
1134 2135 1200 2170 πρὸς
1217 2134 1380 2170 ἐρυσίπελας
1396 2134 1537 2166 ξανθεῐσάν
1557 2143 1586 2161 τε
1599 2135 1645 2166 καὶ
1659 2134 1714 2166 ὄξει
1727 2134 1821 2161 δευθεί-

1042 2189 1101 2212 σαν,
1115 2181 1162 2206 καὶ
1178 2181 1246 2216 πρὸς
1259 2180 1293 2207 τὰ
1309 2180 1473 2216 ποδαγρικὰ,
1484 2181 1530 2207 καὶ
1541 2180 1609 2216 πρὸς
1620 2180 1704 2206 ὕπνον
1716 2181 1763 2207 καὶ
1772 2181 1822 2215 φῦ-

1040 2236 1101 2263 τρα.
1120 2227 1226 2253 Διδόασι
1241 2227 1269 2253 δὲ
1289 2229 1317 2253 ὲν
1331 2228 1422 2263 οῐνῳῆ
1439 2229 1467 2254 ἐν
1484 2227 1550 2259 ὄξει.
1567 2227 1702 2262 Τὲμνουσι
1719 2227 1748 2254 δὲ
1765 2236 1821 2263 τρο-

1041 2274 1152 2309 χίσκους
1177 2273 1269 2310 ὥςπερ
1293 2274 1611 2310 ραφανίδος,ὲνείραντες
1625 2273 1654 2299 δὲ
1672 2275 1701 2300 ἐν
1719 2273 1820 2307 γλεύκει

1042 2320 1195 2356 ἐκρέμασαν
1205 2320 1274 2355 ὑπὲρ
1284 2319 1396 2346 καπνοῦ.
1412 2319 1444 2346 Et
1459 2319 1609 2354 chophon
1622 2319 1649 2346 in
1660 2318 1800 2354 Symposio
1813 2330 1818 2347 :

1042 2365 1086 2401 Τῷ
1102 2365 1156 2401 γὰρ
1169 2366 1225 2392 δντι
1237 2364 1308 2397 οἶνος
1321 2367 1408 2401 ἄρδων
1421 2366 1470 2396 τὰς
1484 2365 1573 2400 ψυχὰς
1602 2365 1650 2398 τὰς
1675 2366 1726 2401 μὲν
1739 2366 1820 2396 λύπας

1038 2412 1133 2448 ὥσπερ
1147 2413 1161 2438 ὁ
1177 2411 1367 2448 μανδραγόρας
1381 2411 1444 2443 τοὺς
1460 2411 1619 2447 ἀνθρώπους
1634 2412 1764 2447 κοιμίζει.
1778 2413 1820 2442 τὰς

1038 2458 1066 2484 δὲ
1083 2458 1288 2494 φιλοφροσύνας,
1301 2458 1395 2493 ὥσπερ
1408 2457 1496 2484 ἔλαιον
1510 2457 1596 2492 φλόγα
1604 2458 1718 2493 ἐγείρει.
1732 2458 1759 2485 In
1773 2466 1820 2493 quo

1041 2500 1230 2539 Xenophontis
1249 2505 1307 2531 loco
1323 2504 1496 2539 interpretem
1513 2505 1704 2535 allucinatum,
1723 2508 1750 2531 et.
1765 2504 1819 2531 Pie-

1042 2551 1112 2577 rium
1135 2549 1306 2582 Valerianus,
1323 2550 1369 2577 lib.
1398 2558 1473 2583 Lvtu,
1489 2558 1512 2577 c.
1523 2550 1556 2577 de
1574 2550 1751 2583 Mandragura
1767 2558 1819 2576 ver-

1042 2598 1117 2623 sione.
1137 2597 1220 2630 hujus
1234 2596 1390 2631 deceptum,
1407 2597 1508 2631 optime
1531 2596 1674 2622 annotavit
1686 2596 1730 2622 vir
1745 2596 1770 2622 in
1781 2603 1817 2621 sa-

1042 2642 1096 2669 cris
1108 2642 1277 2676 explicandis
1293 2641 1443 2676 Scripturis
1453 2641 1555 2668 nemini
1565 2641 1704 2668 secundus
1714 2641 1816 2668 Michael

1041 2687 1185 2719 Gislerins,
1195 2695 1274 2721 quem
1287 2695 1394 2722 semper
1405 2687 1520 2714 maxime
1527 2687 1676 2714 admiratus
1686 2695 1746 2714 sum
1754 2688 1815 2722 ejus-

1042 2740 1094 2767 que
1117 2734 1198 2759 vetba
1220 2734 1338 2760 maximo
1353 2741 1414 2760 meo
1437 2741 1488 2760 usu
1501 2737 1528 2759 et
1550 2734 1693 2760 commodo
1721 2741 1815 2767 Semper

1042 2780 1148 2813 excepi,
1160 2784 1185 2806 et
1197 2779 1223 2805 in
1243 2779 1312 2805 hanc
1325 2779 1395 2805 diem
1406 2779 1523 2813 excipio,
1539 2786 1620 2812 quem
1634 2778 1730 2806 multis
1748 2780 1814 2806 annis

1042 2823 1170 2852 Ecclesiae
1185 2825 1326 2853 catholica:
1340 2825 1449 2851 utilitati
1462 2825 1594 2852 bonorum
1613 2825 1736 2851 omnium
1757 2826 1815 2852 rotis
