1903 3068
54 146 101 174 843

523 147 555 174 IN
574 145 759 175 EUSTATIHI
780 144 1018 172 HEXA‘EMERON
1034 144 1148 172 ΝΟΤᾸΣ.

1613 136 1666 172 sui

58 206 120 233 Dens
134 206 307 239 superstitem
323 210 349 233 et
365 206 528 234 incolumem
546 212 701 238 conservet,
723 207 749 233 in
764 215 828 234 eru-
844 210 864 236 Α
880 206 1007 241 superius
1031 205 1138 232 dixerat
1163 211 1244 230 anum
1264 203 1409 238 quamdam
1431 203 1548 230 Atticam
1571 204 1667 232 cicuta

58 251 198 283 ditissimis,
215 251 357 286 solidaque
367 251 502 284 doctrina,
521 254 620 287 pit-tate
635 261 667 280 ac
681 260 744 280 vera
763 253 827 280 reli-

58 298 125 332 gione
141 296 250 324 refertis
268 296 472 325 Commentariis
489 299 516 326 in
540 300 619 326 Cant.
645 300 757 329 cantic.,
782 306 826 326 ca~

57 340 98 374 pit.
113 347 157 369 νυ,
169 347 242 367 vers.
263 340 305 372 l3,
318 340 488 375 expositione
506 341 603 376 prima.
620 341 656 368 De
667 341 718 368 hac
733 342 828 369 eadem

57 396 80 414 re
95 386 184 414 eadem
203 386 387 417 Dioscorides,
406 387 523 422 indeque
537 388 638 415 factum
654 389 829 424 proverbium

57 433 164 460 Luciano
178 433 204 459 in
222 433 340 466 Timone,
353 434 420 460 ὅπου
430 442 462 468 γε
479 434 605 470 καθάπερ
614 435 667 462 ὑπὸ
679 436 830 471 μανδραγό-

56 488 96 514 ρου
109 478 257 510 καθεύδεις,
269 483 295 506 et
308 478 480 506 Demostheni
490 479 517 505 iu
529 487 555 506 IV
571 479 727 514 Philippica,
744 479 830 506 Ἀλλύ

59 525 106 550 οὐδ’
129 524 310 559 ἀνεγερθῆναι
344 525 503 560 δυνάμεθα,
538 525 605 551 ἀλλὰ
642 525 830 562 μανδραγόραν

56 570 194 602 πεπωκόσι,
216 569 244 596 εἴ
259 579 285 596 τι
306 571 450 606 φάρμακον
465 570 530 597 ἄλλο
553 571 683 602 τοιοῦτον,
703 571 830 607 ἐοίκαμεν

55 615 205 651 ἀνθρώποις.
236 615 304 644 Vide
320 616 489 651 Rediginum,
508 617 570 644 libr.
591 626 657 650 xvtt,
679 619 762 653 capit.
783 618 828 645 24.

55 660 196 688 Notandum
208 662 282 696 quod
300 661 506 697 Theophrastus
517 664 555 690 ait
568 664 777 698 mandragoram
796 664 829 691 ad

56 715 161 738 amores,
177 711 204 734 et
220 707 320 742 philtra
336 708 501 741 conducere,
518 715 545 736 et
559 714 657 743 praeter
671 709 831 745 Theophra-

56 757 117 780 stum
129 753 198 780 idem
214 757 332 781 testatur
346 753 529 788 Dioscorides,
540 755 707 790 Epiphanius
721 755 747 782 in
757 755 831 791 Phy-

56 798 154 832 tiologo,
163 802 190 825 et
199 799 244 825 alii
256 807 263 829 ;
275 798 316 826 sic
324 799 398 825 enim
413 799 502 826 locum
513 799 587 826 illutn
602 798 740 827 Geneseos
753 799 831 826 intel-

57 843 124 877 liges,
141 843 186 870 sed
197 843 231 870 de
247 843 301 871 hoc
317 844 344 870 in
360 845 464 872 nostris
481 846 724 873 exercitationibus
739 846 827 880 plura.

880 252 989 287 triginta
1004 251 1097 278 holcas
1110 250 1170 277 sine
1185 250 1284 276 damno
1299 250 1448 277 sorbuisse.
1464 247 1518 276 Ἦν
1531 248 1571 281 δὲ,
1589 249 1665 284 φασὶ,

879 297 965 334 γραῦς
986 297 1094 331 Ἀττικὴ
1118 296 1262 331 τριάκοντα
1291 295 1371 327 ὁλκὰς
1389 295 1499 322 κωνείου
1518 295 1667 327 ἀκινδύνως

880 343 1096 379 προσφερομένη.
1115 342 1169 369 Res
1192 342 1272 369 etiam
1299 345 1393 368 notatu
1408 341 1489 377 digna
1503 346 1553 368 est.
1574 341 1668 369 Refert

880 390 1085 424 Theophrastus
1117 388 1154 414 De
1169 388 1263 414 histor.
1283 388 1377 422 plant.,
1404 387 1451 414 lib.
1478 395 1516 418 Ix.
1540 395 1601 422 cap.
1622 387 1666 417 18,

879 436 1029 462 Eudemum
1052 435 1150 462 Chium
1171 434 1266 469 viginti
1287 433 1356 460 duas
1378 433 1524 467 aliquando
1541 433 1668 468 potiones

882 480 1012 508 hellebori
1029 488 1085 507 uno
1101 480 1145 506 die
1160 480 1320 514 sumpsisse,
1329 487 1391 506 cum
1408 478 1459 505 fori
1479 479 1548 513 apud
1565 487 1668 506 merces

880 526 996 556 sederet,
1014 533 1063 552 nec
1084 525 1238 552 surrexisse
1257 525 1416 560 priusquam
1434 529 1507 551 esset
1527 525 1667 554 meridies.

881 577 945 598 tunc
967 579 1033 598 vero
1055 571 1136 598 domo
1156 571 1241 606 petita
1259 570 1369 597 balneas
1392 570 1557 605 ingressum,
1575 577 1668 597 cmna-

880 623 993 652 tumque
1018 625 1094 644 more
1111 617 1203 649 solito,
1228 624 1277 644 nec
1293 616 1442 651 quidquam
1457 616 1622 644 evomuisse.
1640 616 1669 643 id

881 668 970 690 tamen
988 663 1090 690 auxilio
1103 663 1220 698 quodatn
1237 667 1389 698 praeparato
1401 663 1559 698 perfecisse,
1575 670 1671 698 quam-

880 710 922 736 vis
947 714 1057 745 propter
1083 709 1201 737 hominis
1230 710 1456 737 consuetudinem
1482 710 1611 745 pleraque
1637 717 1671 737 ex

881 756 1089 784 medicamentis
1104 757 1156 783 vim
1173 764 1250 783 suam
1266 757 1390 784 amittere
1410 764 1460 784 nec
1479 757 1596 792 amplius
1612 764 1671 784 mc-

881 799 1035 827 dtcamenta
1058 808 1119 828 esse
1142 807 1222 835 posse
1246 801 1401 835 negandum
1423 809 1477 828 non
1494 802 1548 835 sit;
1564 802 1671 837 hocque

881 845 964 872 refert
979 854 1012 873 ex
1029 845 1217 881 Theophrasto
1235 846 1396 882 Apollonius
1418 848 1444 874 in
1473 848 1567 876 histor.
1586 848 1672 875 Mira-

56 888 116 925 Quid
131 889 250 917 berbarii
268 891 430 926 praecipiant
444 891 470 919 in
483 892 610 925 secanda,
622 893 829 928 colligendaque
845 891 866 918 B
880 891 988 922 bilibus,
1014 893 1064 919 etsi
1085 896 1190 919 mutato
1211 892 1320 920 nomine
1342 898 1369 920 et
1391 901 1440 928 pro
1462 893 1598 926 Eudemo,
1616 894 1671 921 Eu-

58 935 228 970 mandragora
256 936 372 964 habetur
397 937 466 972 apud
485 938 701 972 Theophrastum
723 939 826 966 Hister.

55 981 127 1013 plant.
140 981 186 1008 lib.
196 989 231 1013 Ix,
246 989 270 1009 c.
289 982 318 1015 9,
332 987 358 1009 et
369 982 610 1016 Pliniumlib.xxv,
623 991 682 1019 cap.
695 985 737 1012 15.
748 984 828 1013 Plura

56 1027 84 1053 de
98 1026 144 1053 hac
155 1027 237 1054 herba
251 1032 278 1055 et
292 1029 352 1063 ejus
366 1029 516 1057 virtutibus
532 1029 651 1057 Levinus
662 1030 828 1059 Lemninsin

56 1070 230 1105 Erplicntione
242 1073 347 1102 herbnr.
363 1074 465 1107 biblic.,
479 1083 537 1110 cap.
550 1076 578 1103 2.
785 1081 788 1084 ⁴

86 1117 137 1144 Col.
149 1119 209 1152 716,
225 1120 272 1146 lin.
287 1119 327 1147 ίΟ.
343 1121 398 1147 Καὶ
410 1120 450 1154 τῷ
470 1122 543 1154 ὀπίῳ
563 1122 615 1155 τὰς
632 1122 775 1156 σφοδράς.
793 1122 829 1151 De

56 1164 102 1198 opii
118 1166 312 1199 praeparatione
326 1170 352 1193 et
364 1174 415 1193 usu
430 1168 457 1194 in
478 1168 620 1196 medicinis
633 1167 737 1196 Plinius
756 1169 828 1198 Hist.

57 1214 134 1236 natur.
149 1210 194 1238 lib.
214 1218 262 1243 xx,
279 1218 339 1246 cap.
355 1211 407 1244 i8;
427 1213 490 1240 huic
506 1213 560 1240 vim
574 1221 627 1240 non
651 1214 829 1248 soporiferam

57 1256 136 1286 modo,
161 1263 255 1283 verum
285 1257 308 1283 si
331 1257 469 1292 copiosior
495 1259 637 1286 hauriatur
661 1260 829 1288 mortiferam

57 1301 151 1331 tribuit.
171 1307 197 1328 et
211 1302 333 1331 Galenus
349 1305 474 1339 pluribus
489 1305 515 1332 in
533 1306 609 1333 locis.

87 1347 146 1375 Ibid.
162 1345 202 1381 Tt;
216 1349 250 1375 δὲ
272 1350 382 1384 κωνείῳ
403 1351 455 1384 τὰς
475 1352 653 1386 λυσσώδεις.
682 1354 719 1382 De
741 1355 830 1382 cicuta

57 1398 79 1420 et
91 1395 146 1428 ejus
160 1395 287 1424 remediis
302 1396 406 1425 Plinius
424 1397 470 1424 lib.
492 1406 553 1430 xxv,
569 1406 628 1434 cap.
651 1401 766 1433 ultimo;
785 1409 832 1428 va-

58 1439 115 1466 riam
133 1447 219 1468 autem
240 1443 337 1470 cicutm
359 1444 584 1477 przeparationetn
608 1445 641 1473 ad
665 1447 769 1473 obitum
787 1448 830 1474 in-

57 1483 184 1513 ferendum
213 1488 320 1515 facilem
346 1491 372 1515 et
400 1489 502 1523 absque
539 1490 594 1516 ullo
623 1490 716 1519 dolore
750 1491 832 1520 refert

57 1529 222 1566 Theophrast.
239 1533 311 1561 Hist.
337 1535 422 1569 plant.
445 1536 462 1562 Ι.
487 1543 525 1568 ix,
545 1544 606 1572 cap.
624 1538 666 1570 l7,
685 1543 831 1575 narratque

56 1576 127 1603 etiam
146 1578 274 1606 Chiorum
300 1580 373 1607 circa
396 1581 446 1607 hoc
474 1583 593 1610 studium
613 1588 638 1611 et
655 1584 829 1617 industriam,

57 1622 95 1655 qui
114 1623 182 1650 illam
199 1633 254 1652 non
274 1626 407 1659 terebant,
426 1629 471 1655 sed
492 1629 614 1656 detracto
628 1630 745 1665 tegmine
759 1631 832 1665 quod

57 1667 228 1697 dillicultatem
253 1675 354 1702 movet.
381 1673 510 1707 quoniam
534 1676 667 1710 concoqui
689 1684 760 1711 aegre
783 1685 832 1712 ρο-

58 1718 110 1745 test.
134 1715 230 1750 pistam
256 1717 284 1743 in
309 1719 440 1745 mortario
471 1719 629 1753 tundebant,
652 1726 679 1748 et
701 1724 832 1757 prmtenui

57 1760 137 1788 ctihro
151 1763 340 1791 transmissam
353 1784 360 1795 ,
379 1771 450 1799 aqua
468 1765 620 1800 inspersam
636 1767 774 1799 bibebant,
789 1773 829 1795 at-

57 1812 102 1838 que
122 1806 155 1833 ita
177 1808 270 1836 obitus
294 1809 367 1836 celer
390 1810 533 1845 facilisque
558 1812 710 1839 eveniebat.
727 1813 788 1840 ’Ὁτι
804 1813 832 1839 δὲ

55 1850 164 1887 διαφέρει
182 1854 212 1880 τὸ
231 1855 351 1890 χρῆσθαι
375 1865 433 1888 πως
455 1856 561 1892 ἑκάστῳ
575 1857 692 1893 φανερὸν
712 1858 744 1885 ὲκ
769 1859 833 1885 πολ-

57 1896 111 1924 λῶν.
132 1899 204 1926 Ἐπεὶ
220 1902 268 1928 καὶ
283 1902 364 1934 Χίους
381 1903 446 1937 φασὶ
462 1903 501 1939 τῷ
523 1903 626 1939 κωνείῳ
640 1905 770 1941 πρότερον
785 1906 833 1941 οὐχ

56 1943 126 1976 οὕτω,
146 1946 210 1973 ἀλλὰ
224 1947 376 1984 τρίϐοντας,
400 1949 527 1986 καθάπερ
551 1952 574 1977 οἱ
596 1951 680 1983 ἄλλοι,
703 1951 831 1987 χρῆσθαι.

58 1989 106 2016 Νῦν
127 1991 153 2018 δὲ
176 1993 236 2020 οὐδὲ
263 1993 307 2020 ἂν·
323 1988 363 2026 εἷς
381 1995 511 2030 τρίψειεν,
532 1996 599 2023 ἀλλὰ
625 1998 834 2033 περιπτίσαντες

57 2035 97 2060 καὶ
110 2035 248 2070 ἀφελόντες
265 2038 295 2065 τὸ
313 2038 427 2073 κέλυφος
453 2039 542 2075 (τοῦτο
557 2041 611 2077 γὰρ
625 2041 656 2067 τὸ
670 2042 719 2077 τὴν
739 2042 834 2076 δυσχὲ-

59 2087 122 2114 ρειαν
137 2083 252 2119 παρέχον
273 2084 504 2120 δυσκατέργαστον
515 2085 572 2122 ὃν),
595 2087 664 2122 μετὰ
688 2087 772 2114 ταῦτα
789 2088 834 2114 κό-

58 2133 155 2154 πτουσιν
176 2130 205 2155 ἐν
225 2130 265 2165 τῷ
283 2130 368 2166 ὅλμῳ,
385 2132 432 2158 καὶ
444 2132 633 2164 διαπτίσαντες
649 2132 751 2162 λεπτὰ.
773 2134 833 2160 ἐπι-

59 2171 190 2206 πάττοντες
206 2176 249 2210 ἐφ’
264 2175 335 2212 ὕδωρ
353 2177 485 2209 πὶνουσινξ
506 2177 575 2205 ὥστε
589 2179 699 2213 ταχεῖαν
714 2178 760 2204 καὶ
773 2178 835 2204 ὲλα-

880 945 991 965 nomuut
1008 939 1122 971 scribat,
1137 943 1164 966 et
1177 939 1328 967 Eudemum
1343 941 1592 977 Pharmacopolam,
1609 951 1672 970 cum

880 983 1001 1012 Eudemo
1023 985 1091 1012 Chio
1117 986 1278 1020 confundat,
1294 987 1342 1015 sed
1367 988 1401 1016 de
1422 988 1465 1016 bis
1485 988 1562 1024 plura
1580 989 1607 1016 in
1623 998 1673 1017 no-

880 1029 946 1057 stris
960 1038 1129 1066 synonymis.

916 1075 996 1108 lbid.,
1013 1077 1061 1104 lin.
1076 1078 1118 1104 15.
1132 1079 1186 1105 Kal
1203 1078 1301 1106 πάντα
1316 1079 1350 1106 ἐν
1360 1079 1413 1114 μιᾷ
1428 1079 1541 1114 καιροῦ.
1555 1079 1672 1108 Basilius

879 1121 954 1148 hom.
971 1129 997 1148 tv
1011 1131 1018 1149 ί
1034 1122 1124 1149 Πάντα
1141 1124 1170 1149 ὲν
1187 1125 1236 1159 μιᾷ
1252 1123 1347 1159 καιροῦ
1364 1125 1445 1160 ῥοπῇ,
1461 1125 1510 1150 οὐκ
1526 1124 1590 1150 ὄντα
1607 1124 1673 1159 πρό-

880 1175 966 1203 τερον,
984 1167 1054 1202 ὑπὲρ
1069 1167 1118 1202 τῆς
1131 1169 1182 1203 γῆς
1194 1170 1233 1200 εἰς
1247 1169 1277 1196 τὸ
1293 1167 1362 1196 εἶναι
1384 1169 1516 1205 παρῆλθε,
1540 1169 1607 1204 μετὰ
1622 1169 1672 1204 τῆς

880 1212 983 1243 οἰκείας
993 1212 1107 1239 ἕκαστον
1118 1213 1247 1249 ἰδιότητος
1259 1215 1468 1250 ἐναργεστάτοις
1479 1214 1526 1250 μὲν
1533 1214 1673 1250 διαφοραῖς

881 1258 934 1284 ἀπὸ
950 1257 1003 1285 τῶν
1023 1259 1187 1294 ἑτερογενῶν
1205 1259 1386 1296 χωριζόμενα,
1401 1260 1493 1296 οἰκείῳ
1508 1260 1536 1286 δὲ
1558 1260 1673 1286 ἕκαστον

881 1303 1080 1338 γνωριζόμενον
1095 1305 1258 1341 χαρακτῆρι.

916 1349 995 1382 lbid.,
1010 1350 1058 1377 lin.
1082 1351 1125 1378 Π.
1140 1350 1195 1378 Kal
1226 1352 1338 1378 τούτων
1359 1352 1394 1379 τὰ
1410 1353 1468 1387 μέν
1486 1353 1562 1380 ἐστι.
1584 1353 1612 1380 lu
1629 1361 1674 1380 ar-

882 1394 994 1423 boribus
1008 1397 1080 1423 sicut
1091 1400 1117 1423 et
1133 1396 1160 1423 in
1175 1397 1339 1425 animalibus
1358 1405 1419 1426 esse
1442 1399 1559 1433 speciem
1578 1406 1674 1433 quam-

881 1441 956 1472 dam,
970 1445 997 1467 et
1016 1441 1144 1477 figuram,
1161 1450 1242 1477 quam
1265 1448 1362 1471 auctor
1375 1448 1469 1471 noster
1484 1444 1673 1472 characterem

883 1486 1011 1520 appellat,
1027 1495 1080 1521 qua
1101 1492 1129 1515 et
1155 1487 1190 1515 ab
1209 1488 1271 1515 aliis
1294 1488 1388 1516 divisae
1411 1493 1627 1524 cognoscuntur,
1648 1494 1676 1518 rt

884 1539 940 1558 sure
962 1537 1067 1559 natura;
1092 1540 1161 1568 opus
1185 1541 1314 1562 exercere
1335 1535 1453 1566 valeant,
1472 1536 1539 1563 nulli
1560 1535 1675 1563 dubium

884 1585 1003 1613 unquam
1018 1578 1069 1605 fuit
1084 1587 1135 1606 nec
1151 1580 1214 1606 erit.
1232 1580 1298 1613 Quas
1313 1580 1398 1607 forma
1418 1589 1451 1608 ex
1467 1582 1595 1609 omnibus
1610 1589 1674 1616 par-

883 1624 958 1651 tibus
981 1625 1053 1652 sumi
1080 1629 1180 1659 potest.
1201 1626 1228 1653 in
1245 1634 1297 1653 una
1313 1627 1385 1654 enim
1407 1628 1471 1654 dum
1488 1628 1606 1660 variant,
1622 1627 1675 1655 etsi

883 1670 911 1697 in
933 1671 994 1698 aliis
1017 1673 1192 1703 conveniunt,
1219 1673 1333 1701 diversae
1357 1677 1449 1701 tamen
1475 1682 1526 1702 nec
1551 1674 1674 1710 ejusdem

884 1718 984 1751 speciei
1006 1717 1215 1752 judicabuutur.
1242 1720 1310 1747 Hinc
1336 1721 1461 1756 quaedam
1491 1721 1554 1749 latis
1580 1722 1673 1757 foliis,

884 1762 943 1789 aliae
958 1763 1072 1796 strictis,
1096 1766 1209 1792 serratis
1230 1765 1300 1798 alim,
1322 1767 1382 1794 alia:
1407 1767 1434 1794 in
1456 1767 1540 1794 alium
1562 1768 1674 1796 modum

883 1810 1022 1844 expansis.
1043 1810 1089 1838 Sic
1113 1811 1146 1838 de
1167 1812 1280 1843 cortice,
1297 1813 1392 1844 ramis,
1409 1813 1558 1846 radicibus,
1575 1813 1674 1842 fructi-

884 1855 945 1885 bus.
958 1860 985 1882 et
999 1856 1071 1884 aliis.
1086 1856 1199 1884 Summa
1215 1862 1305 1885 tamen
1318 1866 1413 1886 eorum
1427 1867 1526 1894 genera
1540 1859 1674 1888 habemus

884 1907 916 1926 ex
935 1899 1124 1935 Theophrasto
1149 1902 1197 1929 lib.
1217 1910 1225 1929 ι
1242 1901 1280 1929 De
1295 1903 1389 1930 histor.
1412 1903 1509 1938 plant.,
1528 1911 1588 1939 cap.
1605 1904 1631 1935 6,
1647 1909 1676 1932 et

885 1946 950 1973 alibi
966 1956 975 1973 ι
991 1947 1114 1981 quaedam
1130 1947 1202 1975 enitn
1223 1955 1317 1976 earum
1333 1953 1398 1976 sunt
1413 1949 1533 1983 urbanae,
1549 1950 1674 1984 quasdam

885 1992 1041 2024 silvestres,
1063 1993 1187 2028 qumtlam
1212 1993 1376 2026 fructiferae,
1402 1994 1526 2030 quaedam
1554 1996 1673 2026 steriles.

884 2038 1007 2072 quaedam
1023 2037 1159 2070 ﬂoriferze,
1172 2038 1231 2066 alia:
1247 2037 1314 2066 ﬂore
1327 2043 1463 2072 carentes,
1476 2040 1599 2075 quaedam
1612 2049 1674 2075 per-

885 2087 966 2117 petuo
984 2082 1112 2115 virentes,
1127 2084 1250 2118 quaedam
1273 2085 1418 2120 perdentes
1441 2085 1515 2115 folia.
1534 2083 1589 2113 οἷον
1606 2087 1674 2122 ἡμέ-

886 2137 940 2164 ρων
953 2149 959 2160 ,
980 2129 1094 2164 ἁγρὶων,
1120 2130 1320 2166 καρποφόρων,
1342 2131 1488 2166 ἀκάρπων,
1508 2132 1673 2168 ἁνθοφὸρων,

885 2175 1016 2206 ἀνανθῶν,
1034 2175 1195 2210 ἀειφύλλων,
1214 2176 1391 2210 φυλλοὸόλων.
1409 2176 1513 2204 Plinius
1528 2177 1609 2204 etiam
1626 2178 1672 2204 lib.

59 2218 118 2252 φρὰν
130 2220 248 2253 γίνεσθαι
271 2222 320 2258 τὴν
345 2223 512 2259 ἀπαλλαγήν.
531 2223 646 2259 Ideoque
661 2223 829 2251 Dioscorides

887 2229 940 2250 xw.
957 2229 1017 2255 cap.
1041 2221 1084 2252 18,
1104 2222 1231 2248 arborum
1251 2222 1418 2249 differentias
1443 2222 1628 2257 prosequitur,
1647 2226 1675 2249 et

59 2262 99 2290 lib.
120 2273 153 2297 tv,
167 2275 225 2302 mp.
244 2268 288 2300 79,
306 2268 521 2296 efﬁcacissimam
545 2271 597 2297 vim
613 2270 709 2297 tribuit
725 2271 830 2301 cicutas,

58 2316 110 2343 quae
123 2311 147 2338 in
163 2313 251 2341 insula
266 2314 334 2341 Chio
351 2317 483 2344 nascitur.

88 2355 139 2384 Col.
151 2358 210 2390 7l6,
224 2361 273 2388 lin.
291 2361 333 2388 Η.
343 2362 397 2388 Καὶ
414 2362 454 2396 τῷ
468 2363 615 2396 ἐλλεϐόρῳ
626 2363 661 2389 τὰ
672 2364 784 2397 χρόνια.
795 2362 832 2389 De

59 2400 176 2433 hellebori
191 2408 344 2442 speciebus,
362 2409 466 2443 ﬁguris.
476 2410 513 2440 vi,
523 2410 651 2437 facultate
666 2413 692 2436 et
707 2417 758 2437 ttsu
775 2409 832 2443 lege

59 2444 119 2476 Plin.
133 2451 150 2478 Ι.
167 2460 229 2485 xxv,
244 2461 269 2480 c.
284 2454 321 2487 5;
339 2453 524 2482 Dioscoridem
538 2455 557 2483 l.
574 2463 610 2486 tv,
625 2462 650 2481 c.
666 2454 717 2481 150
727 2458 753 2481 et
771 2454 830 2481 151,

59 2494 169 2524 Advertit
185 2498 284 2527 Sextus
301 2499 455 2536 Empiricus
476 2501 606 2536 Pyrrhon.
632 2501 729 2535 Hypot.
747 2501 794 2527 lib.
812 2508 831 2532 t,

60 2546 112 2575 Cap.
127 2543 167 2574 ιι,
185 2545 366 2579 helleborutn,
383 2547 405 2573 si
423 2551 502 2574 tenue
513 2551 540 2574 et
564 2547 755 2582 lanuginosum
770 2545 832 2581 quis

60 2584 138 2618 iPSum
152 2590 224 2623 edat,
240 2597 356 2620 mortem
370 2592 477 2624 afferre,
489 2593 531 2620 sin
545 2600 670 2620 crassum
687 2599 739 2619 non
756 2592 831 2619 item.

61 2630 106 2658 Καὶ
118 2634 131 2660 6
144 2635 278 2673 ἐλλέϐορος
294 2638 390 2670 λεπτὸς
407 2639 454 2673 μὲν
475 2638 522 2664 καὶ
543 2637 660 2673 χνοώδης
683 2636 834 2672 προσφερό-

61 2685 130 2710 μενον
144 2683 255 2717 πνιγμδν
269 2684 405 2719 ἐπιφέρει,
419 2683 573 2719 κριμνώδης
589 2683 617 2710 δὲ
640 2683 677 2710 ὢν
689 2683 791 2714 οὐκέτι,
807 2685 834 2708 et

62 2721 173 2753 Rufinum
192 2730 336 2763 quemdam
356 2730 426 2765 apud
443 2730 600 2757 Chalcidem
616 2730 675 2757 sine
689 2729 745 2756 ulla
763 2735 833 2755 noxa

62 2769 142 2800 bibere
162 2776 269 2804 solitum
293 2777 387 2805 fuisse.
406 2779 460 2804 Καὶ
480 2778 617 2811 Ῥουψῖνος
637 2777 665 2804 δὲ
687 2778 701 2803 ὁ
717 2778 746 2803 ὲν
762 2776 833 2803 Χαλ-

63 2816 106 2842 κίδι
117 2819 194 2847 πίνων
207 2823 344 2860 ἑλλέϐορον
355 2823 415 2850 οὗτε
428 2824 502 2859 ἤμει,
516 2823 575 2850 οὔτε
585 2823 652 2854 ὅλως
663 2811 832 2858 έκαθαίρετο,

63 2861 111 2888 ἀλλ’
124 2864 158 2898 ὥς
169 2876 193 2894 τι
207 2869 259 2895 τῶν
275 2870 394 2906 συνήθων
408 2869 592 2906 προσεφέρετο
616 2869 662 2897 καὶ
683 2868 792 2900 ἔπεσσε,
807 2872 834 2895 et

883 2275 942 2302 cap.
959 2269 989 2293 19
1003 2277 1010 2294 :
1025 2266 1154 2294 Pra’terea
1169 2268 1292 2295 arborum
1305 2269 1365 2296 aliis
1379 2268 1501 2295 decidunt
1515 2268 1596 2303 folia;
1613 2268 1674 2295 alia:

882 2314 1040 2347 sentpiterna
1057 2321 1132 2340 coma
1148 2314 1239 2344 virent,
1252 2322 1329 2349 quam
1346 2314 1522 2349 differentiam
1538 2316 1673 2341 antecedat

883 2368 983 2386 necesse
998 2364 1036 2386 est
1059 2360 1141 2393 prior.
1159 2359 1226 2386 Sunt
1241 2361 1311 2386 enim
1336 2360 1461 2387 arborum
1480 2361 1601 2395 quwdam
1617 2369 1674 2386 om-

883 2405 944 2431 nino
958 2404 1100 2436 silvestres,
1116 2404 1237 2440 qua’dam
1260 2405 1414 2433 urbanior-es
1426 2414 1436 2433 :
1450 2415 1517 2441 qua:
1533 2407 1574 2432 hic
1588 2406 1673 2441 placet

883 2450 1030 2477 nominibus
1050 2451 1219 2485 distinguere.
1237 2450 1305 2486 Ergo
1329 2452 1416 2483 mites,
1435 2461 1493 2488 quin
1510 2452 1609 2487 fructu,
1628 2456 1674 2478 aut

883 2496 973 2531 aliqua
994 2496 1070 2529 dote,
1088 2497 1299 2528 umbramineve.
1321 2497 1553 2531 a/ficiohumanius
1566 2497 1672 2532 juvant,

884 2551 936 2570 non
950 2544 1066 2577 improbe
1079 2543 1203 2569 dicantur
1217 2542 1336 2569 urbanw.

919 2589 998 2621 lbid.,
1018 2589 1065 2616 litt.
1085 2588 1130 2615 ΞΟ.
1148 2589 1305 2623 Ἀείφυλλα
1320 2588 1354 2615 δέ
1367 2590 1451 2616 ἐστιν
1469 2589 1564 2616 ἐλαία.
1584 2589 1674 2616 Theo-

884 2635 1013 2670 phrastus
1024 2635 1050 2666 1,
1064 2634 1101 2661 De
1109 2634 1277 2668 hist.plant.,
1289 2642 1349 2670 cap.
1360 2635 1393 2661 15
1409 2644 1415 2661 :
1432 2634 1491 2660 Τῶν
1507 2634 1555 2670 μὲν
1563 2635 1673 2671 ἡμέρων

884 2682 1013 2716 ἀείφυλλα
1033 2681 1118 2712 ἐλαία,
1138 2681 1234 2716 φοίνιξ,
1250 2682 1347 2717 δάφνη,
1365 2681 1504 2718 μύρρινος,
1521 2682 1626 2716 πεύκης
1647 2689 1676 2708 τι

884 2728 970 2763 γένος,
985 2728 1160 2763 κυπάριττος’
1184 2727 1238 2754 τῶν
1263 2727 1291 2753 δὲ
1314 2727 1433 2762 ἀγρίων,
1455 2726 1549 2763 ἐλάτη,
1573 2726 1673 2763 πεύκη.

884 2773 1026 2810 ἄρκευθος,
1049 2773 1158 2808 σμῖλαξ,
1179 2773 1258 2804 θυία,
1283 2773 1329 2800 καὶ
1353 2772 1385 2808 ἣν
1410 2773 1539 2809 Ἀρκάδες
1562 2772 1676 2801 καλοῦσι

885 2821 1038 2858 φελλόδρυν,
1055 2819 1164 2856 φιλύρα,
1188 2819 1292 2857 κέδρος,
1311 2820 1401 2851 πίτυς,
1424 2819 1555 2856 μυρρίκη,
1579 2818 1673 2852 πύξος.

885 2869 990 2903 πρῖνος,
1012 2866 1103 2903 ἀγρία,
1129 2865 1289 2900 κήλαστρον,
1311 2864 1421 2901 φιλύκη,
1447 2864 1566 2901 ἁφάρκη.
1584 2863 1674 2892 Ταῦτα
