1903 3068
204 118 255 146 847

870 116 994 144 LEONIS
1014 115 1150 143 ALLATII

1780 114 1834 141 818

203 179 233 206 δὲ
253 177 347 213 φύεται
372 177 435 213 περὶ
454 177 498 203 τὸν
517 177 655 213 Ὄλυμπον
668 198 676 209 ,
697 178 841 213 ἀνδράχνη,
862 177 991 212 κόμαρος,
1008 178 1029 205 Α
1043 176 1073 201 τὸ
1096 175 1203 211 χρῶμα,
1231 175 1401 210 φλοῖσϐέντος
1424 174 1472 201 τοῦ
1497 174 1583 206 ξύλου¹
1599 173 1763 207 λευκότερον
1788 173 1837 207 μὲν

204 222 357 259 τέρμινθος,
380 222 474 258 ἀγρία,
498 222 596 257 δάφνη.
615 224 692 249 Δοκεῖ
717 222 744 248 δὲ
761 223 777 258 ὴ
794 222 929 258 ἁνδρέιχνη
947 222 994 248 καὶ

204 270 216 294 ό
232 269 339 303 οἵναρος
363 267 397 293 τὰ
419 268 467 302 μὲν
489 267 564 293 κάτω
589 267 769 301 φυλλοϐολὲἶν,
790 267 824 293 τὰ
844 267 873 293 δὲ
894 266 995 302 ἔσχατα

203 314 256 340 τῶν
270 313 428 348 ἀκρεμόνων
445 313 574 346 ἀείξυλλα
595 313 680 347 ἔχειν·
697 312 820 347 ὲπιφύειν
833 313 861 339 δὲ
876 313 919 339 ἀεὶ
932 313 994 343 τοὺς

203 358 366 393 ἀκρέμονας.
388 357 420 384 Et
442 358 548 385 Plinius
563 366 596 385 ex
613 358 800 393 Theophrasto
818 358 890 385 Hist.
914 364 969 385 nat.
984 378 992 391 ,

204 403 251 429 lib.
266 411 321 434 xw,
338 411 399 438 cap.
414 403 449 430 20
466 413 472 429 :
491 402 657 429 Urbanarum
674 404 761 437 generi
781 412 831 429 non
854 403 974 430 decidunt
985 423 992 435 ,

204 449 276 479 oleaz.
293 449 379 481 lauro,
395 451 500 483 palma,
519 454 614 484 myrto,
630 457 760 483 cupresso.
784 450 862 483 pinis,
881 449 992 481 hrdera’.

204 494 404 526 rhodadendro;
421 501 448 522 et
471 503 531 530 cap.
554 495 584 522 ‘2!
612 505 617 522 :
642 494 806 522 Silvestrium
825 496 910 530 generi
928 495 994 530 folia

205 549 255 567 non
270 541 404 573 decidunt,
416 541 505 571 abieti.
520 541 607 573 larici,
620 541 890 575 pinastro,junipero,
906 541 993 573 cedro,

206 587 378 620 therebintho,
395 587 473 620 buxo,
498 587 553 614 ilici
566 608 573 619 ,
589 587 732 622 α’(μιὶῙυίὶο,
749 587 846 618 suberi,
864 593 936 619 taxa,
954 592 995 613 ta-

205 632 314 664 marici;
330 633 397 659 inter
411 637 520 667 utraque
543 641 637 667 genere
658 638 718 660 sunt
734 633 864 660 adraclme
880 633 906 659 in
921 632 995 660 Grip-

204 678 257 709 cia,
276 682 299 704 et
327 677 420 712 ubique
445 677 538 704 unedo.
564 678 673 713 Reliqua
691 679 760 705 enim
783 679 849 713 [alia
873 679 994 706 decidunt

207 723 256 754 his,
281 729 455 758 prwterquam
480 724 506 750 in
523 724 712 751 cacuminibus.
731 725 762 751 Et
777 730 872 752 auctor
890 724 994 760 Geopo-

207 769 259 796 ﬂlt'.
273 777 279 794 :
295 768 394 804 Δένδρα
417 768 528 803 ἀειθαλῆ
542 770 609 801 ἐστι,
627 769 693 804 μηδέ
702 778 766 796 ποτε
781 769 994 805 φυλλορῤοῦντα

208 817 233 841 ιν
246 814 284 849 τῷ
302 814 424 850 χειμῶνι,
444 814 476 842 ιδ.
495 814 592 849 φοίνιξ,
608 815 709 850 κίτρον,
729 815 875 850 στρόϐιλος,
896 815 992 850 δάφνη,

1044 219 1090 246 τοῦ
1105 220 1211 255 πρίνου,
1226 220 1403 255 οῑνωπότερον
1421 219 1450 245 δὲ
1463 219 1512 254 τῆς
1527 219 1619 255 δρυός·
1638 218 1672 244 τὰ
1697 217 1726 244 δὲ
1751 217 1837 251 φύλλα

1045 265 1188 300 προσέοικε
1220 265 1268 300 μὲν
1288 265 1398 300 ἀμφοῖν,
1423 264 1478 298 ἔχει
1494 264 1522 290 δὲ
1542 263 1625 298 μείζω
1641 263 1658 298 ἢ
1676 263 1715 294 ὡς
1730 265 1836 298 πρῖνος.

1045 311 1146 338 ἐλάττω
1160 312 1188 338 δὲ
1203 311 1219 347 ἢ
1234 312 1271 342 ὡς
1290 311 1365 346 δρῦς.
1384 311 1438 336 Καὶ
1453 311 1498 336 τὸν
1517 310 1621 345 καρπὸν
1639 310 1688 344 μὲν
1703 309 1752 335 τοῦ
1773 310 1837 344 πρί-

1045 366 1090 383 νου
1105 357 1174 384 κατὰ
1188 357 1218 383 τὺ
1237 356 1348 392 μέγεθος
1368 355 1480 388 ἐλάττω,
1496 357 1554 387 ταῖς
1577 355 1733 390 ἐλαχίσταις
1747 354 1777 380 δὲ
1790 354 1838 389 βα-

1044 402 1132 434 λάνοις
1149 403 1218 429 ἴσον’
1236 403 1282 430 καὶ
1297 402 1459 437 γλυκύτερον
1475 401 1523 436 μὲν
1541 400 1587 427 τοῦ
1608 400 1717 436 πρίνου,
1734 401 1838 435 πικρό-

1044 457 1120 484 τερον
1140 448 1168 475 δὲ
1190 449 1238 484 τῆς
1257 449 1345 484 δρυός.
1365 447 1484 475 Καλοῦσι
1507 447 1534 473 δέ
1557 456 1626 478 τινες
1648 447 1693 473 τὸν
1717 446 1769 481 μὲν
1790 445 1837 472 τοῦ

1045 495 1150 530 πρίνου,
1167 494 1212 521 καὶ
1228 495 1274 521 τὸν
1294 494 1393 529 ταύτης
1414 493 1518 528 καρπὸν
1537 493 1644 523 ἄκυλον,
1663 493 1712 519 τὸν
1737 492 1768 518 δὲ
1789 492 1837 526 τῆς

1040 540 1123 576 ’δρυός
1146 540 1268 575 βάλανον.
1294 541 1408 575 Μήτραν
1432 540 1460 565 δὲ
1485 539 1540 574 ἔχει
1566 539 1767 574 φανερώτερον,
1787 538 1804 573 ἢ
1824 540 1838 564 ό

1045 587 1138 621 πρῖνος
1169 586 1223 612 Καὶ
1245 586 1261 620 ἡ
1285 585 1334 620 μὲν
1362 584 1506 620 φελλὸδρυς
1536 584 1662 618 τοιαύτην
1691 584 1754 609 τινὰ
1781 582 1837 618 ἔχει

1045 631 1135 665 φύσιν.
1153 630 1235 658 Plura
1253 638 1360 665 possem
1375 637 1523 664 congerere
1542 630 1576 657 ab
1595 630 1656 656 aliis
1675 629 1711 656 de
1728 629 1837 655 arbori-

1044 676 1106 707 bus,
1123 683 1239 710 quorum
1259 676 1303 702 hic
1319 675 1348 702 lit
1371 675 1482 706 mentio,
1498 674 1570 701 dicta
1586 678 1613 700 et
1628 673 1768 705 dubituta,
1790 673 1837 700 sed

1045 725 1125 748 notas
1150 721 1178 748 in
1206 721 1396 752 Eustathium.
1429 728 1482 747 non
1515 714 1660 747 herbarum
1689 719 1836 746 historiam

1041 768 1201 794 scribimus.
1225 766 1329 793 Sullicit
1351 767 1412 801 ejus
1437 765 1510 793 dicta
1535 766 1616 792 dictis
1632 765 1752 791 aliorum
1773 772 1838 791 con-

1046 812 1168 840 ﬁrmasse
1185 812 1225 838 ιιι-1
1241 812 1405 839 declarasse.

208 861 291 892 ὶλαία,
317 861 492 896 κυπάρισσος,
519 862 642 896 κερατια,
666 862 755 893 πίτυς,
779 863 881 897 πρῖνος,
901 862 993 894 πύξος,

1081 858 1147 886 Ibid.
1160 859 1207 885 lin.
1220 858 1264 884 25.
1280 857 1314 883 Τὸ
1327 857 1420 891 ῥόδον
1434 856 1506 883 ἄνευ
1529 855 1584 890 τῆς
1600 856 1744 888 ἀκάνθης.
1761 854 1836 882 Basi-

208 907 334 942 μυρσίνη,
360 907 462 941 κέδρος,
488 906 554 938 ἰτέα,
579 907 625 933 καὶ
641 906 782 942 ἄρκευθος.
807 907 995 935 Artemidorus

208 950 344 980 Otuirocr.
378 952 424 978 lib.
450 959 467 983 ι,
492 959 551 986 cap.
575 951 609 979 79
632 961 638 978 :
658 952 778 983 Φοίνικος
794 952 821 978 δὲ
844 953 889 979 καὶ
903 952 995 985 ἐλαίας

207 997 331 1032 στέφανοι
362 997 466 1032 γάμους
495 998 645 1033 ἐλευθέρων
669 999 838 1034 περιποιοῦσι
859 1000 995 1034 γυναικῶν

207 1042 248 1068 διὰ
269 1042 318 1078 τὴν
338 1043 450 1078 πλοκήν.
478 1043 533 1069 Καὶ
552 1043 635 1070 τέκνα
659 1045 890 1080 προσαγορεύουσι
916 1046 996 1072 πολυ-

207 1088 299 1124 χρόνια
316 1087 359 1114 διὰ
374 1087 404 1114 τὸ
419 1087 551 1120 ἀειθαλὲς,
568 1088 625 1115 υἱὸν
646 1089 695 1124 μὲν
709 1091 723 1116 ὁ
745 1090 842 1123 φοίνιξ,
862 1090 996 1127 Θυγατέρα

207 1133 234 1159 δὲ
249 1134 265 1168 ἡ
279 1132 365 1160 ἐλαία.
382 1132 544 1161 Plutarchus
559 1134 584 1160 iu
599 1132 718 1168 Sympos.
740 1134 765 1165 8,
783 1140 878 1169 quaest.
888 1136 914 1167 9,
933 1137 998 1171 pal-

209 1186 280 1205 mam
305 1186 366 1205 esse
394 1179 431 1205 ait
463 1180 624 1215 μακρόόιον,
649 1180 862 1215 ἐμπεδόφυλλον,
884 1181 998 1216 βεϐαίως

208 1224 360 1259 ἀείφυλλον,
378 1225 494 1261 ideoque
509 1233 570 1253 esse
586 1226 699 1254 victoris
714 1228 866 1261 prmmium.
885 1228 945 1254 ’Ὁτι
959 1229 998 1255 δεῖ

208 1268 256 1304 τὴν
275 1269 330 1296 τῶν
353 1269 505 1305 νικηφόρων
525 1270 602 1302 δόξαν
630 1270 740 1304 ἄφθιτον
762 1272 807 1298 καὶ
831 1272 926 1308 ἀγήρω
941 1273 998 1300 δια-

210 1315 308 1350 μένειν.
326 1315 492 1347 Phornutus,
508 1316 590 1350 capit.
613 1316 647 1344 de
673 1316 767 1349 Musis,
789 1318 860 1344 inea
876 1320 998 1354 agnoscit

210 1359 239 1386 τὸ
253 1360 373 1392 ἀείζωον,
396 1360 424 1387 ln
451 1360 518 1397 Tylo
538 1361 637 1393 insula,
665 1361 770 1389 Plinius
797 1363 844 1390 lib.
869 1372 918 1396 xu,
936 1372 996 1399 cap.

211 1404 255 1436 11,
270 1405 335 1431 nulli
352 1405 479 1432 arborum
497 1405 561 1432 l‘olia
577 1405 703 1433 decidere
721 1406 820 1439 tradit;
833 1411 860 1433 et
877 1407 923 1435 lib.
941 1415 997 1439 xw,

212 1456 272 1484 cap.
290 1449 321 1476 21
340 1459 347 1476 :
365 1449 396 1477 In
418 1450 533 1477 Thurino
549 1459 623 1485 agro,
644 1451 688 1477 ubi
702 1451 810 1487 Sybaris
820 1452 883 1487 fuit,
897 1461 928 1480 ea:
942 1454 999 1488 ipsa

212 1494 274 1521 urbe
289 1495 497 1529 prospiciebatur
510 1505 620 1531 quercus
643 1505 705 1529 una,
731 1506 865 1533 nunquam
879 1499 944 1533 folia
959 1500 1000 1526 di-

212 1541 327 1571 mittens.
344 1549 389 1568 nec
406 1547 466 1568 ante
483 1543 594 1569 mediam
611 1548 727 1570 (estatem
742 1545 902 1579 germinans.
917 1545 1000 1581 quue

211 1588 308 1614 mirum
332 1593 380 1620 est,
397 1587 496 1615 Cra-cis
522 1589 674 1617 auctoribus
699 1591 841 1624 proditum.
864 1592 933 1626 apud
952 1601 999 1620 nos

211 1638 300 1666 postea
323 1634 407 1661 sileri.
426 1633 498 1662 Nam
520 1635 637 1662 locorum
661 1641 735 1663 tanta
756 1638 792 1664 vis
813 1643 862 1668 est,
885 1643 913 1665 ut
930 1639 1000 1665 circa

213 1678 354 1713 Memphim
371 1679 491 1715 .Egypti,
507 1685 531 1707 et
547 1682 574 1707 in
590 1680 763 1716 Elephantine
780 1682 919 1710 Thebaidis
934 1685 1001 1711 nulli

213 1724 301 1750 arbori
315 1724 446 1758 decidant,
465 1734 496 1753 ne
519 1727 613 1753 vitibus
630 1727 744 1762 quidem.
761 1727 827 1755 Vide
848 1728 998 1757 Varronem

214 1770 260 1797 lib.
283 1778 302 1802 i,
321 1778 380 1806 cap.
400 1771 424 1803 ’1,
444 1771 481 1798 De
498 1780 524 1799 re
540 1773 655 1804 rustica;
679 1778 705 1800 et
723 1772 941 1808 Theophrastum
964 1775 1002 1802 De

214 1817 307 1844 histor.
333 1818 417 1851 plant.
436 1818 481 1845 lib.
502 1827 520 1851 ι,
542 1819 626 1853 capit.
643 1819 687 1851 15,
715 1819 760 1846 ubi
783 1824 810 1847 et
834 1821 866 1848 de
893 1822 1002 1856 platano

214 1862 370 1891 Gortineusi
384 1867 410 1890 et
426 1864 458 1891 de
477 1863 658 1899 Elepliantino
676 1872 750 1899 agro.
771 1866 839 1902 Περὶ
856 1867 910 1902 γὰρ
931 1867 1001 1894 Ἐλες

216 1909 344 1943 φαντίνην
366 1909 424 1936 οὑδὲ
441 1909 489 1941 τὰς
512 1909 660 1944 ἀμπέλους,
679 1910 738 1937 οὐδὲ
761 1912 810 1943 τὰς
835 1913 920 1944 συκᾶς
938 1921 1002 1948 φασι

215 1954 396 1988 φυλλοϐολεῖν.
414 1954 444 1982 In
464 1956 562 1990 quibus
579 1955 650 1982 sicut
671 1961 698 1983 et
719 1957 745 1983 in
768 1958 828 1985 aliis
845 1966 879 1985 an
898 1958 1003 1987 Plinius

216 1999 302 2028 ﬁdelis
323 2001 480 2036 interpretis
495 2009 608 2029 munere
622 2002 731 2030 functus
754 2003 789 2030 sit
805 2004 1002 2039 aliisjudican-

215 2046 279 2072 dum
297 2046 420 2081 relinquo
434 2057 440 2074 :
459 2047 509 2074 hoc
525 2055 617 2075 verum
633 2052 687 2081 est,
699 2049 822 2083 quaedam
842 2050 874 2078 de
890 2058 940 2078 suo
955 2051 1004 2078 ad-

215 2091 339 2123 didisse.
368 2093 420 2119 alia
445 2093 580 2121 omisisse.
609 2094 644 2121 At
672 2103 726 2122 nou
752 2103 784 2122 ex
817 2095 1003 2132 Theophrasto

216 2139 365 2170 transtulit,
380 2138 425 2166 sed
445 2147 477 2166 ex
493 2140 564 2173 aliis,
583 2140 731 2177 Graecaque
748 2145 778 2168 ut
799 2146 877 2169 crant
903 2143 930 2169 in
950 2142 1003 2170 illis

1045 904 1109 934 lius.
1127 903 1199 931 hom.
1212 903 1229 931 ὅ
1245 912 1251 930 :
1268 903 1342 938 Πλὴν
1356 911 1387 937 γε
1401 903 1441 928 ὅτι
1457 902 1487 929 τὸ
1503 902 1577 937 ῥόδον
1588 902 1648 928 τότε
1664 902 1728 928 ἄνευ
1752 901 1835 927 ἀκάν-

1045 949 1094 985 θης
1111 948 1155 985 ἧν.
1171 949 1303 985 Ὕστερον
1316 949 1344 975 δὲ
1359 948 1395 984 τῷ
1412 948 1505 975 κάλλει
1519 948 1564 975 τοῦ
1583 947 1680 979 ἄνθους
1697 948 1714 982 ὴ
1729 947 1837 973 ἄκανθα

1046 996 1227 1032 παρεζεύχθη,
1242 997 1286 1023 ἴνα
1295 996 1325 1022 τὸ
1338 995 1452 1031 τερπνὸν
1470 995 1519 1030 τῆς
1532 994 1706 1026 ἀπολαύσεως
1721 992 1835 1028 ἐγγύθεν

1046 1042 1151 1077 ἔχωμεν
1171 1042 1375 1078 παρακειμένην
1397 1041 1446 1077 τὴν
1468 1041 1567 1076 λύπην,
1595 1040 1766 1076 μεμνημένοι
1788 1041 1835 1075 τῆς

1047 1088 1191 1123 ἁμαρτίας,
1206 1087 1238 1113 δι’
1255 1088 1287 1122 ῆν
1307 1088 1424 1120 ἀκάνθας
1449 1088 1496 1114 καὶ
1521 1087 1661 1123 τριϐόλους
1682 1088 1750 1122 ἡμῖν
1771 1087 1834 1114 ἀνα-

1047 1133 1147 1160 τέλλειν
1169 1133 1349 1169 κατεδικάσθη
1367 1135 1382 1169 ὴ
1402 1134 1449 1168 γῆ.
1468 1133 1515 1161 Pia
1533 1137 1559 1161 et
1577 1133 1699 1168 prudens
1713 1141 1835 1160 commn-

1047 1180 1177 1211 nel'actio,
1195 1184 1224 1206 ut
1239 1179 1366 1207 videlicet
1382 1180 1462 1208 homo
1489 1180 1516 1206 in
1541 1187 1630 1206 rosam
1658 1182 1772 1213 aspectu
1793 1179 1832 1205 in-

1045 1224 1129 1259 jecto,
1152 1225 1243 1252 statim
1269 1225 1377 1260 pristini
1392 1229 1418 1252 et
1437 1224 1541 1259 antiqui
1562 1224 1642 1259 primi
1660 1224 1794 1258 parentis,
1809 1227 1833 1250 et

1049 1271 1090 1298 sui
1111 1271 1204 1305 lapsus
1228 1272 1384 1299 memoriam
1413 1274 1537 1306 repetat;
1566 1276 1592 1298 et
1615 1271 1773 1297 calamitate
1788 1270 1834 1296 in-

1049 1322 1153 1353 specta,
1172 1319 1199 1345 in
1219 1326 1298 1353 quam
1314 1322 1426 1353 propter
1448 1322 1588 1353 peccatum
1618 1318 1734 1349 incidit,
1756 1318 1834 1345 corde

1049 1363 1146 1391 fremat
1158 1368 1185 1391 et
1202 1364 1297 1391 intime
1312 1365 1411 1394 doleat.
1428 1365 1524 1399 suique
1541 1365 1673 1392 creatoris
1689 1372 1769 1398 opem
1787 1372 1833 1391 ex-

1048 1415 1154 1445 poscat.
1167 1416 1193 1438 et
1210 1411 1261 1438 sibi
1276 1416 1379 1437 caveat.
1396 1409 1559 1437 Continuata
1575 1411 1647 1437 enim
1661 1414 1833 1444 peccatorum

1051 1457 1181 1483 memoria
1193 1457 1296 1483 nullum
1315 1456 1463 1484 remedium
1480 1457 1570 1491 aptius
1587 1456 1620 1483 ad
1633 1456 1742 1482 veniam
1758 1456 1834 1490 impc-

1050 1502 1186 1533 trandam,
1203 1509 1253 1529 nec
1271 1502 1354 1529 ullum
1375 1502 1445 1528 aliud
1464 1502 1500 1528 ita
1516 1509 1625 1537 segnem
1644 1501 1736 1528 reddit
1752 1500 1834 1527 homi-

1052 1556 1112 1575 nem
1136 1548 1170 1574 ad
1194 1547 1342 1582 nequitiam
1358 1548 1577 1582 perpetrandam,
1594 1551 1624 1574 ut
1639 1548 1738 1574 scribit
1752 1547 1834 1582 Chry-

1050 1597 1187 1620 sostomus
1203 1594 1230 1619 in
1245 1593 1329 1626 Epist.
1347 1593 1380 1619 ad
1400 1593 1538 1624 "ebra’os,
1556 1601 1616 1627 cap.
1636 1601 1686 1623 xu.
1704 1593 1778 1620 hom.
1792 1593 1833 1624 5t,

1050 1643 1077 1666 et
1091 1639 1117 1665 in
1132 1642 1226 1666 catena
1236 1639 1261 1665 in
1277 1647 1334 1674 cap.
1350 1647 1392 1666 xtv
1411 1638 1552 1665 llleremite
1567 1647 1576 1665 :
1593 1638 1654 1665 Ἐπὶ
1667 1639 1697 1664 τὸ
1711 1639 1834 1674 λειπόμε-

1051 1693 1094 1711 νον
1106 1684 1247 1720 φάρμακον
1259 1684 1423 1719 καταφεύγει
1434 1685 1486 1710 τῶν
1498 1685 1704 1720 ἁμαρτημάτων
1713 1685 1764 1719 τὴν
1774 1683 1835 1717 γνῶ-

1053 1739 1102 1757 σιν.
1116 1729 1170 1757 Ncc
1184 1731 1307 1757 dissentit
1317 1730 1431 1765 August.
1442 1731 1489 1757 lib.
1499 1739 1519 1763 ι,
1531 1730 1565 1757 De
1577 1730 1640 1757 Gen.
1649 1735 1743 1756 contra
1757 1729 1834 1756 Mani-

1052 1778 1146 1808 cha'aa,
1160 1784 1185 1803 (ι.
1201 1777 1233 1803 l5
1244 1785 1253 1803 :
1266 1776 1317 1803 Per
1332 1782 1466 1810 peccaturi:
1485 1777 1596 1803 hominis
1612 1781 1683 1803 terra
1698 1777 1834 1803 maledicta

1051 1827 1101 1852 est.
1118 1827 1145 1848 ut
1169 1823 1257 1856 spinas
1272 1827 1384 1856 pareret,
1408 1831 1458 1849 non
1480 1827 1507 1848 ut
1530 1823 1585 1856 ipsa
1606 1830 1698 1856 poma:
1718 1823 1833 1853 sentiret,

1052 1876 1110 1903 qua:
1130 1869 1184 1894 sine
1203 1876 1279 1896 sensu
1300 1873 1355 1900 est,
1379 1867 1424 1895 sed
1446 1873 1474 1894 ut
1495 1868 1594 1902 peccati
1615 1868 1726 1894 humani
1743 1869 1834 1894 crimen

1053 1921 1152 1947 semper
1166 1913 1313 1940 hominibus
1328 1919 1387 1940 ante
1406 1913 1494 1940 oculos
1513 1918 1627 1947 poneret,
1643 1921 1694 1948 quo
1715 1913 1834 1940 adut-one-

1054 1966 1143 1987 rentur
1163 1959 1306 1995 aliquando
1321 1961 1406 1995 averti
1428 1969 1443 1986 a
1466 1961 1588 1995 peccatis,
1604 1965 1628 1987 et
1653 1960 1688 1987 ad
1705 1961 1755 1987 Dei
1773 1969 1834 1994 p111!-

1054 2012 1128 2042 cepta
1143 2007 1266 2034 converti.
1287 2006 1382 2033 Μαι-[ια’
1398 2012 1496 2037 autent.
1512 2012 1565 2033 etc.
1592 2006 1655 2034 Ilaec
1671 2010 1764 2034 tamen
1777 2014 1834 2033 sen-

1053 2052 1139 2079 tentia
1155 2051 1265 2079 Pererio
1278 2051 1297 2078 l.
1312 2059 1331 2084 ι,
1346 2052 1372 2078 in
1396 2051 1460 2077 Gen.
1479 2059 1533 2078 non
1554 2051 1667 2078 arridet.
1689 2050 1747 2078 Nec
1767 2051 1834 2077 enim

1055 2101 1144 2132 potest
1163 2096 1259 2123 adduci
1285 2100 1313 2122 ut
1328 2095 1421 2122 credat
1444 2103 1534 2123 rosam
1557 2100 1619 2122 ante
1635 2100 1781 2130 peccatum
1799 2095 1834 2122 fa-

1054 2148 1124 2170 ctam
1139 2142 1223 2169 fuisse
1240 2142 1343 2176 absque
1360 2141 1457 2176 spinis.
1477 2141 1547 2168 Deus
1562 2142 1634 2168 enim
1650 2141 1720 2167 tales
1742 2140 1833 2167 condi-

216 2184 373 2212 auctoribus
395 2184 490 2212 Latina
504 2184 575 2213 fecit.
589 2186 654 2214 Esto
668 2197 673 2214 :
693 2191 782 2214 tamen
800 2193 942 2222 suspectus
955 2188 1002 2215 ad-
1017 2191 1039 2218 D
1053 2188 1093 2216 dit
1116 2196 1159 2215 res
1175 2188 1270 2223 quales
1290 2191 1354 2214 sunt
1371 2187 1520 2214 secundum
1536 2191 1662 2214 naturam
1681 2193 1772 2219 suam,
1789 2194 1834 2213 nec

216 2230 269 2257 huc
285 2233 326 2257 est
345 2238 407 2257 cum
420 2235 447 2258 et
466 2232 493 2259 in
511 2233 572 2260 aliis
589 2233 683 2261 eodem
697 2233 778 2261 modo
796 2241 825 2261 se
839 2237 933 2268 gerat;
956 2234 1003 2261 sed

216 2283 270 2302 non
283 2279 325 2303 cst
343 2277 484 2310 prtesentis
496 2278 609 2312 negotii.

251 2322 310 2349 Col.
325 2322 387 2355 716,
398 2323 559 2351 Ιὶη.22.Καὶ
572 2323 757 2358 ἣνἈρκὰδες
769 2324 924 2359 φίλοὸρυν.
938 2324 1004 2351 Cor-

215 2369 272 2403 rige
287 2377 319 2396 ex
336 2367 535 2403 Theophrasto,
550 2370 703 2404 φελλόδρυν.
728 2369 815 2404 Hujus
836 2374 962 2397 naturam
977 2374 1004 2397 et

215 2417 372 2441 accuratam
392 2415 602 2450 descriptionem
618 2415 700 2443 habet
717 2416 784 2443 idem
798 2416 1003 2451 Theophrastus

215 2460 254 2487 De
268 2461 352 2487 histor
376 2461 460 2495 plant.
474 2461 522 2489 lib.
545 2469 585 2494 tu,
605 2462 688 2497 capit.
709 2463 741 2489 16
758 2471 764 2489 :
784 2463 816 2488 Ὃ
831 2462 858 2488 δὲ
877 2461 1003 2489 καλοῦσιν

222 2506 350 2541 Ἀρκάδες
363 2506 508 2542 φελλόδρυν
527 2507 630 2534 τοιάνδε
654 2507 710 2542 ἔχει
732 2507 781 2541 τὴν
797 2508 886 2541 φύσιν.
902 2507 938 2538 ὡς
955 2507 1003 2542 μὲν

214 2551 307 2583 ἁπλῶς
323 2552 419 2583 εἰπεῖν,
435 2552 486 2579 ἀνὰ
502 2552 584 2587 μέσον
600 2553 694 2587 πρίνου
709 2552 755 2579 καὶ
769 2552 848 2588 δρυός
862 2553 929 2578 ἐστι.
949 2551 1004 2578 Καὶ

214 2596 278 2623 ἔνιοι
305 2598 541 2633 ὑπολαμϐάνουσιν
570 2596 638 2625 εἶναι
662 2598 744 2634 θῆλυν
765 2600 869 2634 πρῖνον,
894 2598 934 2625 διὸ
957 2598 1004 2624 καὶ

213 2640 279 2666 ὅπου
302 2641 339 2676 μὴ
362 2641 456 2676 φύεται
484 2643 586 2677 πρῖνος,
612 2642 698 2677 τούτῳ
721 2642 837 2678 χρῶνται
866 2642 933 2678 πρὸς
955 2642 1004 2673 τὰς

215 2686 333 2720 ἁμάξας.
354 2688 401 2714 καὶ
422 2687 456 2714 τὰ
474 2687 595 2720 τοιαῦτα,
611 2688 737 2724 καθάπερ
752 2689 768 2724 ή
795 2689 858 2724 περ).
875 2688 1004 2715 Λακεδαί-

215 2739 285 2765 μονα
310 2732 356 2758 καὶ
376 2732 490 2759 Ἠλείαν.
518 2732 637 2759 Καλοῦσι
662 2733 690 2759 δὲ
718 2733 744 2759 οἵ
768 2741 799 2767 γε
824 2734 935 2768 Δωριεῖς
959 2734 1004 2760 καὶ

214 2776 312 2811 ἀγρίαν
328 2777 359 2802 τὸ
378 2777 493 2811 δένδρον.
510 2778 587 2804 Ἔστι
611 2778 639 2804 δὲ
663 2778 855 2813 μαλακώτερον
880 2778 926 2805 τοῦ
944 2779 1005 2814 πρί-

213 2829 269 2852 νου,
288 2821 466 2857 σκληρότερον
484 2822 512 2848 δὲ
533 2823 579 2849 καὶ
601 2824 764 2851 πυκνότεοον
779 2824 827 2859 τῆς
844 2824 932 2859 δρυός.
951 2825 1004 2851 Καὶ

1055 2237 1195 2269 peccatum
1210 2233 1274 2260 Adae
1299 2233 1415 2260 mutavit
1429 2241 1524 2260 earum
1551 2233 1735 2267 proprietates
1760 2237 1834 2266 atque

1054 2279 1236 2310 conditiones,
1262 2286 1324 2305 cum
1347 2285 1397 2304 nec
1418 2285 1449 2305 ea
1473 2277 1594 2313 quidem,
1611 2285 1674 2311 quae
1696 2284 1762 2304 vera
1777 2280 1834 2304 sunt

1055 2324 1205 2352 secundum
1231 2328 1360 2350 naturam
1383 2324 1504 2350 hominis
1526 2327 1668 2358 peccatum
1690 2323 1751 2356 ejus
1764 2322 1834 2357 quid-

1054 2377 1135 2405 quam
1159 2369 1316 2396 variaverit.
1342 2368 1443 2396 Rosam
1461 2376 1525 2396 vero
1547 2368 1623 2395 nasci
1647 2368 1720 2394 inter
1748 2367 1833 2401 spinas

1055 2414 1208 2442 naturalem
1236 2421 1307 2441 rosae
1331 2414 1555 2441 constitutionem
1579 2417 1661 2448 atque
1687 2413 1833 2447 generatio-

1055 2467 1116 2486 nem
1135 2459 1323 2494 consequitur.
1345 2458 1435 2492 Quare
1452 2459 1505 2486 etsi
1530 2463 1595 2485 ante
1615 2463 1760 2493 peccatum
1777 2458 1833 2484 Adae

1055 2508 1133 2531 erant
1150 2504 1208 2531 haec
1228 2504 1354 2531 humanaa
1369 2509 1474 2531 natura).
1494 2504 1586 2534 noxia.
1609 2511 1664 2530 non
1684 2502 1798 2530 luissem
1812 2501 1832 2527 ci

1055 2551 1082 2577 in
1099 2557 1217 2585 pmnam,
1238 2550 1261 2577 si
1284 2557 1338 2576 non
1359 2553 1510 2584 peccasset.
1527 2548 1576 2576 sed
1600 2548 1637 2574 ita
1652 2552 1727 2575 esset
1752 2548 1832 2574 animo

1055 2604 1225 2631 corporcque
1241 2596 1366 2628 cll‘ectus,
1387 2600 1416 2622 ut
1438 2595 1566 2622 facillime
1585 2595 1643 2621 hrec
1665 2594 1782 2621 exitiosa
1798 2594 1832 2619 in-

1055 2647 1210 2669 ternoscere
1227 2645 1252 2668 et
1266 2642 1352 2668 vitare
1365 2645 1467 2676 posset.
1485 2640 1583 2668 Verum
1603 2644 1656 2670 est.
1675 2639 1759 2666 Deum
1774 2639 1831 2664 tales

1056 2697 1100 2716 res
1124 2688 1281 2716 condidisse
1308 2689 1404 2724 quales
1432 2693 1496 2716 sunt
1524 2687 1675 2715 secundum
1704 2691 1829 2713 naturam.

1058 2734 1136 2762 Sana:
1151 2735 1251 2762 mentis
1268 2739 1309 2762 est
1331 2734 1411 2762 fateri
1435 2742 1526 2762 rerum
1547 2733 1734 2769 proprietates
1754 2737 1778 2759 et
1791 2738 1828 2758 na-

1055 2785 1133 2808 turas
1143 2783 1256 2815 pecca‘o
1268 2781 1418 2816 primorum
1428 2785 1571 2815 parentum
1582 2779 1731 2806 uonfuisse
1746 2779 1828 2805 immu-

1057 2830 1138 2855 latas.
1162 2826 1338 2861 Exploratum
1355 2831 1407 2860 estl
1428 2831 1490 2853 ante
1514 2830 1656 2860 peccatum
1685 2833 1748 2852 cum
1768 2821 1829 2850 nullo
