1903 3068
60 106 106 134 849

560 107 593 134 ΙΝ
613 107 799 136 EUSTATHH
819 107 1056 138 ΙΙΕΧΑΕΜΕΒΟΝ
1075 111 1186 140 ΝΟΤΑΕ.

1621 117 1674 146 850

59 165 129 199 culpa
144 170 228 197 neque
243 170 341 197 corpus
354 171 441 198 neque
455 164 576 191 animum
599 164 727 197 alliceret,
746 173 835 200 neque
850 170 870 196 Α
887 174 958 192 mum
976 173 1111 199 maturat;
1132 172 1159 195 et
1176 177 1236 204 cap.
1253 170 1299 204 26,
1320 170 1438 198 Perdunt
1460 172 1588 206 facillima
1615 179 1675 201 ante

60 217 154 245 pinnam
171 209 251 236 ullam
270 208 353 236 fuisse
370 209 493 237 inditam.
508 210 577 238 Vero
592 212 683 238 verius
702 216 744 239 est
758 212 831 239 Ada-

61 263 123 282 uium
137 258 199 281 tunc
213 254 250 281 ita
263 254 353 281 animo
367 259 394 282 et
409 263 522 290 corpore
544 256 628 284 fuisse
644 256 780 288 effectum.
801 261 831 284 ut

60 306 82 329 et
93 301 199 328 exitiosa
212 307 401 336 cognosceret.
415 306 442 329 et
457 306 547 336 po~set
561 303 656 330 vitare.
674 302 736 330 lileo
750 306 776 330 et
791 311 836 330 ro-

60 355 109 375 sam
126 355 184 374 cum
206 347 294 382 spinis
317 353 408 375 natam
430 349 635 380 allirmahimus.
654 353 681 376 et
700 349 728 376 in
750 350 837 384 spinis

61 394 135 426 nasci,
148 394 297 421 naturalem
313 402 383 422 rosa!
396 396 616 423 constitutionem
632 399 659 422 et
685 396 838 431 generatio-

61 447 114 467 nem
132 440 282 475 consequi?
299 440 357 467 Alia
376 441 455 468 nobis
471 441 582 469 aliunde
601 445 628 468 et
651 450 720 469 rosae
741 446 838 469 natura

61 490 83 513 et
96 486 223 512 naturalis
234 487 397 513 constitutio
411 487 569 522 qumrenda.
590 487 667 520 Quod
686 493 782 514 natura
797 488 838 514 in-

62 533 134 560 situm
158 535 200 559 est
218 537 301 567 atque
317 533 422 565 datum,
437 538 464 560 et
486 534 638 561 naturalem
663 534 838 562 constitutio-

62 586 115 606 nem
127 579 311 613 consequitur,
328 579 369 605 lex
384 583 434 610 est,
449 587 509 613 qua:
522 579 595 606 nullo
606 580 746 607 hominum
762 580 838 615 inge-

62 624 111 652 nio.
133 623 203 650 nulla
233 627 386 658 temporum
413 625 618 657 vicissitudine,
645 626 721 652 nulla
746 634 838 653 rerum

61 672 190 704 varietate,
208 672 284 699 nullo
295 673 376 700 etiam
394 672 481 708 ipsius
494 678 607 706 naturae,
624 675 646 701 si
663 674 719 701 fieri
736 677 837 709 posset.

63 719 163 754 impetu,
179 719 313 752 violatur;
333 718 380 746 sed
392 727 498 755 semper
511 720 634 746 eamdem
656 728 712 747 rem
731 720 763 746 ad
779 720 838 747 cxi-

63 769 112 791 tum
126 773 208 799 usque
222 765 410 799 consequitur.
427 765 504 798 Quod
519 766 540 792 si
554 766 645 797 tollas.
662 767 703 793 vel
721 767 746 793 in
765 766 838 792 aliud

63 814 236 838 transmittare
249 811 409 839 tentaveris.
425 819 482 838 rem
500 815 526 838 et
549 812 633 846 ipsam
651 812 758 846 perdes.
775 813 838 839 etin

64 857 133 883 aliam
156 857 323 885 immutahis.
340 857 373 884 Et
391 858 494 886 scimus
513 858 594 885 etiam
616 858 733 885 dubitari
760 867 793 885 ait
812 859 836 886 id

64 902 152 930 virtute
167 907 192 928 et
211 903 340 930 facultate
364 903 455 930 divina
484 903 541 930 fieri
565 908 666 938 posset,
682 910 708 931 et
727 905 837 932 conclu-

64 949 121 975 dunt
144 956 176 976 ex
199 953 297 975 natura
323 949 361 975 rei
386 948 413 975 id
433 949 581 984 implicare.
610 949 643 975 At
665 957 714 977 nos
737 950 838 977 nostris

64 994 129 1022 hisce
152 995 322 1030 temporibus
337 995 517 1029 agricolarum
544 995 677 1022 industria
700 996 736 1022 ita
761 1003 838 1023 rosas

64 1041 156 1067 lnszitui
170 1041 318 1072 cernimus,
332 1046 361 1067 ut
372 1041 473 1075 absque
488 1041 575 1075 spinis
584 1045 738 1075 erumpant,
751 1049 838 1076 neque

64 1086 144 1113 minus
160 1086 339 1117 venustiores,
357 1093 444 1120 neque
462 1086 552 1112 minus
569 1086 745 1112 oloratiores
764 1084 837 1118 Quo-

65 1132 134 1159 modo
149 1139 212 1166 ergo
229 1139 243 1157 a
265 1136 362 1158 natura
382 1132 418 1158 ita
434 1136 619 1166 comparatum
641 1139 702 1158 esse
717 1130 835 1158 affirma-

66 1177 159 1204 bimus?
174 1178 246 1204 Idem
261 1181 304 1205 est
321 1177 390 1204 inter
405 1178 496 1211 spinas
511 1177 587 1204 nasci
605 1178 753 1204 naturalem
770 1185 838 1204 rosa:

66 1223 276 1250 constitutionem
288 1224 417 1258 consequi
430 1223 573 1254 affirmare,
589 1230 620 1249 ac
629 1223 698 1249 inter
708 1223 840 1250 domesti-

66 1276 107 1295 cos
122 1268 235 1302 parietes
259 1268 398 1295 hominem
429 1268 517 1299 nasci,
544 1267 695 1294 naturalem
720 1268 838 1295 hominis

66 1315 288 1342 constitutionem.
315 1315 346 1341 Et
368 1316 468 1342 mirum
494 1319 548 1346 est,
568 1315 640 1350 quod
657 1323 718 1342 cum
736 1315 763 1342 in
788 1315 838 1342 hoc

67 1359 123 1387 ﬂore
133 1361 252 1387 omnium
271 1361 456 1396 pulcherrimo
480 1361 556 1396 plura
578 1365 692 1396 possunt
714 1362 839 1388 conside-

66 1406 114 1434 rari
129 1414 186 1441 qua:
202 1406 262 1442 ejus
278 1411 402 1433 naturam
419 1408 548 1442 consequi
568 1415 621 1434 non
638 1408 755 1434 absurde
767 1407 839 1435 dicc-

68 1459 159 1482 remus,
174 1452 308 1488 neglectis
321 1453 385 1484 illis,
397 1452 429 1479 ad
444 1453 548 1487 spinas.
559 1461 619 1488 quae
634 1453 749 1487 pessima
765 1457 838 1486 sunt,

68 1498 174 1524 animum
194 1498 383 1525 attendamus.
399 1497 437 1525 Ex
457 1498 697 1533 Peripateticorum
721 1503 747 1526 et
768 1499 840 1534 inge-

68 1551 172 1570 nuorum
194 1545 421 1580 philosophorum
443 1545 536 1572 schola
557 1549 650 1571 notum
674 1545 711 1576 id,
728 1552 760 1571 ac
774 1546 840 1572 satis

68 1595 162 1617 certum
180 1591 326 1623 habemus,
347 1591 384 1618 ita
399 1592 509 1626 propria
523 1599 585 1619 esse
604 1591 642 1618 rei
660 1591 716 1623 illa,
732 1599 791 1626 quae
808 1591 841 1618 ad

67 1638 205 1664 naturalem
219 1638 666 1672 constitutionemconsequuntur,
688 1643 716 1664 ut
731 1638 764 1665 de
782 1638 842 1665 aliis

68 1683 127 1714 dici,
145 1687 170 1711 et
190 1685 250 1711 aliis
278 1684 472 1711 communicari
497 1684 609 1711 minime
639 1685 744 1719 possint
768 1684 842 1712 salva

69 1734 235 1765 utrorumque
260 1735 370 1758 natura.
393 1731 427 1757 At
451 1731 520 1758 inter
538 1731 631 1765 spinas
656 1731 732 1758 nasci
756 1731 843 1758 soline

69 1783 130 1804 rosze
141 1777 282 1804 convenit?
305 1777 374 1812 Ergo
390 1777 462 1803 inter
474 1777 566 1812 spinas
578 1777 654 1804 nasci
672 1784 725 1804 non
745 1784 844 1804 conse-

70 1822 153 1856 quitur
174 1823 326 1850 naturalem
351 1830 421 1850 rosas
433 1823 667 1850 constitutionem.
685 1822 719 1849 At
737 1830 790 1850 non
807 1823 844 1850 ita

70 1868 167 1902 propria
188 1873 216 1895 ut
232 1869 268 1896 sit
285 1868 347 1896 aliis
370 1869 557 1903 inconjuncta,
580 1876 645 1904 ergo
667 1877 723 1896 non
748 1872 844 1895 natura

70 1914 135 1946 data,
147 1922 209 1949 ergo
223 1919 315 1950 potest
331 1915 454 1949 generari
473 1922 546 1946 rosa,
562 1919 589 1941 et
615 1915 675 1941 sine
695 1914 782 1949 spinis
797 1921 844 1948 ge-

70 1961 160 1987 nerari.
184 1960 235 1988 Sed
259 1960 356 1987 demus
379 1961 461 1987 etiam
483 1968 539 1988 rem
565 1961 602 1986 ita
632 1968 662 1988 se
681 1960 800 1992 habere,
818 1964 846 1987 et

72 2005 134 2032 inter
145 2007 233 2040 spinas
244 2006 333 2038 nasci,
349 2007 479 2040 consequi
492 2014 562 2034 rosa!
578 2007 729 2033 naturalem
745 2007 846 2034 consti-

71 2051 200 2079 tutionem.
225 2052 296 2085 Quid
318 2051 399 2079 inde?
421 2051 555 2083 Culturze,
583 2052 651 2084 soli,
674 2059 761 2087 aquae,
783 2052 844 2079 cceh

70 2100 161 2123 tantam
173 2105 233 2125 esse
253 2099 309 2132 jam
324 2102 351 2125 et
369 2097 524 2125 facultatem
540 2098 566 2125 in
584 2098 694 2133 plantis,
709 2098 731 2125 si
755 2097 846 2125 Theo-

71 2144 171 2176 phrasto
198 2145 316 2179 aliisque
335 2144 491 2175 credimus,
510 2147 540 2170 ut
559 2144 643 2171 miras
671 2144 846 2171 alterationes

889 212 1080 244 maturitatem,
1107 214 1207 247 palma,
1227 215 1305 250 ﬁcus,
1329 217 1481 252 amygdala,
1500 220 1596 251 malus,
1628 228 1676 254 py-

888 267 944 290 rus,
961 259 1021 286 item
1035 260 1142 294 punica,
1155 268 1214 294 qum
1233 261 1312 288 etiam
1328 262 1429 290 roribus
1446 264 1546 296 nimiis,
1561 270 1585 291 et
1600 266 1675 298 prui-

887 305 928 332 nis
954 305 1047 340 ﬂorem
1073 307 1179 334 amittit.
1198 306 1257 339 Qua
1275 307 1306 334 de
1330 317 1409 335 causa
1431 310 1567 344 inﬂectunt
1587 319 1675 338 ramos

889 352 946 386 ejus
963 361 994 379 ne
1008 352 1119 387 subjecti
1136 353 1271 381 humorem
1285 355 1410 388 infestum
1434 357 1576 390 excipiant,
1598 362 1676 391 atque

889 400 1048 426 contineant.
1066 398 1153 434 Pyrus
1174 405 1197 427 ct
1221 401 1373 435 amygdala,
1386 402 1465 428 etiam
1481 403 1503 429 si
1524 411 1575 430 non
1589 403 1674 437 p/uat,

889 445 933 471 sed
951 446 998 480 ﬁat
1024 447 1173 473 austrinum
1197 447 1301 478 cwlum,
1327 452 1374 474 aut
1395 447 1524 481 nubilum,
1549 450 1676 476 amittunt

889 492 991 526 ﬂorem,
1015 497 1039 519 et
1055 494 1153 527 primo:
1176 494 1295 527 fructus,
1315 494 1337 520 si
1361 503 1420 520 cum
1442 494 1585 529 deﬂoruere
1609 496 1675 522 tales

889 537 944 565 dies
959 537 1067 572 fuerint.
1090 539 1162 566 Idem
1178 539 1259 566 refert
1278 540 1323 567 lib.
1343 548 1409 572 xm,
1427 549 1487 575 cap.
1502 541 1529 573 2,
1551 550 1610 576 qua:
1623 542 1674 568 ha-

889 584 948 610 buit
969 592 1001 611 ex
1025 585 1224 620 Theophrasto,
1242 586 1279 613 Dc
1299 587 1388 613 causis
1402 587 1485 619 plant.
1503 587 1550 615 lib.
1570 597 1597 620 ιι,
1615 596 1674 623 cap.

890 629 939 656 tl:
956 630 1137 666 Ἀποὸλητικὰ
1157 631 1185 656 δὲ
1209 631 1324 666 μάλιστα
1340 631 1393 658 τῶν
1410 632 1524 667 καρπῶν
1546 633 1608 668 πρὶν
1630 641 1676 660 πει

889 676 971 701 πᾶναι
991 675 1069 709 συκῆ,
1092 676 1138 701 καὶ
1154 675 1251 709 φοίνιξ,
1276 676 1322 702 καὶ
1338 676 1490 712 ἀμυγδαλῆ,
1508 678 1554 703 καὶ
1579 677 1675 713 μηλέα,

889 722 936 748 καὶ
960 721 1046 753 ἄπιος.
1071 721 1172 747 Ἱκανὸν
1196 722 1251 757 γὰρ
1268 723 1314 750 καὶ
1339 722 1426 749 ὁτιοῦν
1450 723 1608 759 διυγρᾶναι,
1631 725 1678 751 καὶ

889 767 1001 799 ἀσθενὲς
1017 767 1138 802 ποιῆσαι,
1153 767 1199 794 καὶ
1214 769 1271 802 ἅμα
1288 768 1392 801 τούτοις
1408 777 1439 803 γε
1455 770 1502 796 καὶ
1516 770 1678 806 πνευμάτων

890 813 1037 847 ἐπιγίνεται
1054 812 1175 848 μέγεθος.
1202 814 1233 839 Ἡ
1247 813 1274 840 δὲ
1295 815 1343 849 ῥόα
1364 817 1420 846 τοῖς
1439 815 1488 850 μὲν
1511 816 1616 843 ἄνθεσιν
1632 817 1677 843 εὑ-

891 858 1077 889 κατάπτωτος.
1103 857 1229 892 ’Λσθενὴς
1244 858 1297 893 γὰρ
1315 858 1403 885 αὐτῶν
1422 860 1438 894 ἡ
1454 860 1605 895 πρόσφυσις
1616 870 1622 876 ³
1641 861 1678 893 ὡς

891 904 912 930 δ’
936 905 1000 931 ὅταν
1023 903 1155 938 ψεκάδια,
1182 904 1229 930 καὶ
1247 904 1335 940 δρόσοι
1359 905 1487 937 πέσωσιν,
1519 907 1678 942 εἰσδυόμενα

891 949 961 975 κατᾶ
977 949 1006 975 τὸ
1025 948 1104 980 ἄνθος
1120 949 1275 984 ἁνυγραίνει
1298 950 1344 976 καὶ
1366 951 1438 976 ποιεῖ
1453 949 1502 985 τὴν
1522 950 1609 987 βολήν.
1633 952 1679 978 Διὸ

892 996 938 1022 καὶ
953 995 1101 1029 κατάγουσι
1116 995 1149 1022 τὰ
1163 995 1268 1030 δένδρα,
1285 996 1332 1022 καὶ
1351 996 1401 1023 οὐκ
1416 996 1526 1030 ἀφιᾶσιν
1548 997 1588 1029 είς
1601 996 1676 1032 ὕψος,

891 1042 964 1073 ὅπως
992 1042 1016 1068 ot
1043 1041 1144 1068 κύτινοι
1173 1041 1209 1077 μὴ
1235 1041 1310 1077 ὀρθοὶ
1335 1042 1475 1077 γενόμενοι
1499 1042 1628 1078 δέχωνται
1648 1043 1679 1070 τὸ

892 1088 982 1123 ὑγρόν.
999 1088 1031 1114 Ol
1047 1087 1075 1113 δὲ
1097 1088 1143 1114 καὶ
1162 1087 1294 1114 ἀνάπαλιν
1318 1087 1456 1115 κελεύουσι
1478 1089 1603 1124 φυτεύειν
1629 1089 1678 1122 τὰς

893 1134 1007 1168 ῥάϐδους
1026 1133 1120 1160 τούτου
1151 1134 1242 1169 χάριν,
1269 1135 1343 1166 ὅπως
1362 1135 1442 1166 εὐθὺς
1463 1134 1678 1164 κατανεύσωσιν.

893 1180 952 1206 Ὅτι
967 1179 989 1205 δ’
1004 1179 1121 1215 ὑγρότης
1136 1180 1208 1206 αἰτία
1223 1179 1273 1215 τῆς
1293 1179 1437 1214 ἀποϐολῆς,
1450 1180 1574 1207 κάκεῖθεν
1589 1178 1677 1215 δῆλον.

891 1227 924 1252 Al
939 1225 992 1261 γὰρ
1014 1226 1089 1253 ἄπιοι
1102 1226 1150 1252 καὶ
1166 1225 1330 1260 ἀμυγδαλαῖ,
1347 1225 1399 1252 κᾶν
1421 1225 1459 1261 μὴ
1482 1225 1575 1261 βρέχῃ,
1593 1225 1678 1257 νότιος

891 1272 918 1298 δὲ
970 1273 984 1298 ὁ
1001 1271 1054 1307 ἀὴρ
1070 1272 1117 1298 καὶ
1134 1272 1275 1306 ἑπινεφὴς,
1292 1271 1473 1298 ἀποϐάλλουσι
1494 1272 1541 1298 καὶ
1561 1271 1595 1298 τὰ
1611 1271 1678 1306 ἄνθη

892 1325 939 1344 και
963 1318 1026 1349 τοὺς
1051 1316 1176 1352 πρώτους
1202 1317 1338 1352 καρποὺς,
1366 1316 1413 1343 ἐὰν
1436 1315 1516 1348 εὐθὺς
1539 1316 1608 1352 μετὰ
1631 1316 1680 1352 τὴν

892 1362 1043 1397 ἀπάνθησιν
1075 1360 1103 1399 ᾖ.
1133 1361 1319 1390 Theodoretus
1346 1362 1374 1389 in
1399 1362 1505 1397 εορὶε.ι
1529 1361 1680 1395 Ηιρνεηιίιτ,

899 1408 1003 1439 Ὶστέον,
1019 1409 1060 1435 ὃτι
1084 1410 1098 1434 ὸ
1117 1408 1240 1444 Ἐϐραῖος
1257 1409 1318 1434 ἀντὶ
1341 1409 1474 1443 καρυῖνης
1497 1408 1680 1443 ἀμυγδαλίνην

893 1454 983 1489 φησίν,
1008 1455 1038 1480 'H
1059 1454 1086 1480 δὲ
1103 1453 1272 1489 ἀμυγδαλίνη
1290 1454 1321 1480 τὺ
1341 1454 1409 1489 ταχὺ
1425 1454 1474 1488 τῆς
1493 1454 1628 1489 τιμωρίας
1641 1454 1682 1480 ιιι-

869 1528 874 1536 ,
892 1500 1008 1526 νίττεται
1019 1508 1025 1515 ·
1041 1500 1094 1535 πρὸ
1109 1500 1161 1535 γὰρ
1174 1500 1227 1526 τῶν
1247 1499 1334 1526 ἄλλων
1347 1499 1462 1535 δένδρων
1477 1499 1561 1526 ἀνθεῖ.

928 1545 1008 1577 lbid.,
1026 1546 1074 1572 lin.
1090 1546 1134 1573 50.
1154 1547 1185 1573 Ἠ
1197 1545 1231 1573 δὲ
1250 1546 1340 1580 πικρὰ
1356 1545 1524 1580 ἀμυγδαλῆ.
1553 1545 1680 1576 Basilius.

893 1592 971 1618 Hom.
981 1591 998 1618 5
1014 1601 1020 1618 ε
1038 1592 1105 1618 Τινὰ
1118 1591 1146 1618 δὲ
1166 1593 1214 1618 καὶ
1228 1591 1278 1627 τὴν
1292 1593 1323 1617 ὲκ
1345 1591 1452 1625 φύσεως
1467 1591 1565 1618 κακίαν
1587 1592 1683 1626 ἐπιμε-

893 1637 978 1669 λείαις
1000 1637 1132 1673 γεωργῶν
1156 1637 1362 1672 θεραπευόμενα
1386 1637 1523 1672 ἔγνωμεν
1551 1634 1607 1663 οἷον
1632 1637 1682 1669 τὰς

893 1682 982 1715 ὀξείας
1004 1683 1090 1718 ῥοιὰς,
1113 1682 1158 1710 καὶ
1179 1683 1233 1709 τῶν
1258 1682 1418 1718 ἀμυγδαλῶν
1440 1682 1489 1714 τὰς
1507 1683 1680 1718 πικροτέρας,

894 1730 958 1756 ὅταν
972 1729 1158 1765 διατρηθεϊσαι
1174 1729 1204 1756 τὸ
1225 1729 1293 1764 πρὸς
1310 1731 1347 1764 τῇ
1367 1729 1429 1765 ῥίζῃ
1454 1729 1579 1764 στέλεχος
1594 1729 1683 1764 σφῆνα

895 1777 999 1811 πεύκης
1024 1775 1139 1811 λιπαρὸν
1156 1775 1205 1811 τῆς
1228 1775 1389 1810 ὲντεριώνης
1415 1776 1501 1810 μέσης
1525 1775 1683 1802 διελαθέντα

893 1823 1031 1856 δέξωνται.
1050 1823 1089 1854 είς
1102 1821 1264 1857 εὐχρηστίαν
1281 1821 1477 1857 μεταὸάλλουσι
1489 1821 1550 1848 τότε
1570 1820 1617 1848 rei":
1633 1830 1682 1856 χυ-

897 1868 947 1903 μοῦ
972 1868 1023 1903 τὴν
1047 1867 1214 1902 δυσχέρειαν.
1228 1866 1442 1901 Theophrastus,
1463 1865 1564 1894 Histor.
1593 1865 1682 1900 plant.

895 1915 943 1941 lib.
958 1922 987 1945 It.
1010 1922 1070 1947 cap.
1086 1913 1113 1945 8,
1135 1913 1303 1949 amygdalam
1325 1920 1357 1940 ex
1379 1919 1471 1940 amara
1493 1913 1598 1940 dulcem
1610 1913 1679 1940 efllci

895 1961 963 1991 vult.
980 1960 1002 1987 si
1027 1961 1088 1995 quis
1109 1959 1224 1987 caudice
1242 1959 1424 1986 cireumfosso
1442 1959 1683 1994 praeterforatoque

897 2015 1024 2034 mensura
1047 2005 1201 2033 dodrantali
1219 2005 1340 2040 undique
1361 2006 1507 2040 lacrymam
1531 2004 1683 2032 elliuentem

897 2055 924 2081 in
951 2053 1021 2081 idem
1052 2053 1171 2080 deﬂuere
1195 2052 1277 2080 sinat.
1298 2051 1366 2079 Vide
1387 2052 1523 2086 ejusdem,
1545 2051 1584 2078 De
1598 2051 1684 2078 causis

896 2099 980 2132 plant.
1000 2098 1046 2125 lih.
1064 2106 1083 2130 ι,
1099 2098 1181 2132 capit.
1197 2097 1242 2128 21.
1257 2104 1312 2132 quo
1327 2097 1387 2124 loco
1409 2097 1577 2132 amygdalam
1589 2096 1685 2124 humo-

899 2144 937 2172 ris
957 2144 1122 2172 ahundantia
1146 2143 1266 2171 sterilem
1294 2143 1335 2170 sic
1354 2143 1480 2178 castigari
1506 2142 1590 2169 tradit
1613 2141 1683 2169 Plin.

71 2189 278 2225 mutationesque
289 2191 324 2222 ,in
345 2190 378 2216 iis
392 2190 514 2224 quotidie
526 2193 682 2221 cernantur,
698 2193 725 2216 et
737 2189 843 2224 Hippon
861 2199 883 2226 ι)
899 2190 944 2218 lih.
964 2198 1030 2221 xvu,
1044 2197 1104 2225 cap.
1119 2190 1168 2217 '27:
1181 2189 1336 2225 Amygdala
1347 2197 1380 2217 ea:
1394 2189 1493 2216 amaris
1510 2188 1598 2215 dulces
1619 2189 1685 2222 ﬁunt

37 2244 39 2246 ·
71 2239 155 2262 auctor
164 2240 216 2267 est,
228 2243 337 2262 omnem
354 2236 486 2270 plantam,
502 2240 529 2262 et
543 2235 706 2267 silvestrem,
721 2241 746 2262 et
762 2235 845 2262 urba-

71 2287 126 2307 nam
142 2282 240 2309 rultum
259 2283 394 2317 adeptam,
411 2287 457 2309 aut
469 2290 523 2309 nun
539 2283 665 2317 adeptam
676 2282 743 2309 ellici
755 2290 844 2317 posse,

71 2332 94 2353 cl
117 2332 254 2362 peccatum
280 2329 306 2355 id
332 2336 385 2355 non
404 2328 502 2355 faciet?
525 2335 603 2363 ptBllﬂ
630 2327 752 2362 peccati?
775 2327 847 2355 Deus

72 2373 140 2407 ipse?
167 2375 254 2408 Adde,
272 2377 365 2410 spinas
381 2378 406 2402 et
425 2375 542 2402 tribulos
558 2373 719 2408 gerntinabit
744 2373 802 2400 tibi.
817 2372 846 2400 Si

70 2421 118 2454 jam
133 2429 205 2451 erant
222 2425 316 2459 spinae,
335 2425 357 2451 si
377 2424 433 2458 jam
451 2423 554 2454 tribuli,
573 2423 663 2450 inania
678 2422 768 2449 divina
786 2429 848 2449 ver-

71 2466 110 2498 ba.
122 2468 207 2497 inanis
219 2477 298 2504 poena
310 2473 337 2496 et
350 2468 651 2503 maledictio,quamvis
661 2467 736 2494 dicas
752 2467 845 2498 fuisse,

72 2513 113 2540 sed
135 2523 185 2542 non
209 2517 236 2543 in
254 2523 375 2551 poenam.
393 2514 456 2542 llaec
475 2519 549 2544 sunt.
572 2513 674 2544 Peret'i,
689 2521 760 2548 qum,
778 2517 805 2540 et
824 2513 847 2540 si

73 2565 119 2584 non
131 2565 200 2588 esset
215 2560 364 2589 Eustathii.
382 2559 487 2591 Basilii,
504 2558 659 2593 Augustini,
672 2566 788 2593 quorum
801 2565 848 2592 pa-

74 2607 156 2633 trum!
171 2608 330 2638 auctoiitas,
356 2606 489 2634 inducunt
508 2611 537 2632 ut
551 2606 659 2632 credam
683 2613 772 2632 rosam
786 2608 848 2631 ante

74 2657 203 2683 peccatum
217 2652 314 2680 lactant
331 2661 393 2680 esse
408 2653 511 2686 absque
528 2652 624 2686 spinis.

104 2698 158 2725 Col.
172 2699 232 2727 716.
243 2700 290 2726 liti.
302 2700 346 2726 ‘28.
363 2700 393 2726 Ἠ
413 2699 446 2725 δὲ
458 2698 615 2733 ἀμυγδαλῆ
628 2698 734 2732 πρώτη.
744 2697 848 2725 Plinius

75 2742 130 2771 Mr.
146 2753 200 2776 .\vr,
219 2744 318 2772 Natur.
339 2744 423 2775 Ilisl.,
439 2753 499 2779 cap.
515 2744 560 2775 25,
578 2743 620 2770 Ex
642 2743 681 2770 his
695 2753 753 2779 qua:
767 2744 850 2771 hieme

76 2790 157 2822 aquila
171 2793 312 2822 exoriente,
322 2797 348 2818 ut
364 2791 492 2824 diximus,
505 2791 664 2824 concipiunt,
677 2791 752 2824 ﬂoret
763 2792 849 2825 prima

77 2838 182 2864 omnium
198 2838 338 2873 amygdala
360 2846 446 2864 mense
459 2837 602 2869 Januario,
622 2835 720 2863 Martio
735 2845 793 2863 vero
804 2845 850 2871 po-

897 2237 920 2263 st'
935 2237 1108 2271 circumfusae
1132 2237 1230 2270 stipite,
1245 2241 1269 2263 et
1283 2236 1315 2263 ab
1336 2237 1391 2262 iuta
1409 2240 1483 2268 parte
1497 2234 1686 2268 circumferam

897 2283 1012 2316 deﬂuens
1027 2283 1123 2318 pituita
1147 2282 1323 2317 abstergatur.
1346 2281 1492 2308 Africanus
1511 2280 1582 2316 apud
1601 2280 1685 2308 Geor-

896 2330 1012 2364 gicorum
1031 2329 1204 2356 collectorem
1219 2329 1265 2355 lib.
1290 2336 1317 2357 χ,
1339 2327 1480 2354 medicinae
1494 2325 1576 2361 hujus
1591 2326 1687 2354 memi-

898 2375 938 2401 nit
954 2379 981 2401 et
995 2374 1063 2401 alias
1081 2374 1172 2401 subdit
1189 2374 1335 2400 εΓλυκεῖαν
1351 2373 1378 2399 δὲ
1397 2373 1428 2399 ὲκ
1445 2373 1546 2408 πικρᾶς
1564 2372 1687 2407 ποιήσεις

897 2423 932 2453 εί,
952 2422 1126 2457 ὲκτρυπήσας
1139 2422 1169 2447 τὸ
1185 2422 1304 2457 πρέμνον
1318 2421 1363 2446 ἐπὶ
1376 2419 1528 2455 παλαιστὴν
1541 2420 1570 2446 ἑν
1586 2427 1684 2454 τετρα-

898 2469 987 2504 γώνῳ,
1009 2469 1040 2495 τὸ
1059 2469 1176 2500 δάκρυον
1193 2467 1288 2504 “exang
1311 2468 1340 2493 τὸ
1358 2467 1417 2493 κατ’
1439 2466 1571 2498 ἐνιαυτὸν,
1585 2466 1638 2497 ἕως
1653 2465 1686 2492 ἂν

899 2515 1045 2550 γλυκανθῇ.
1060 2514 1175 2541 Κάλλιον
1190 2514 1218 2540 δέ
1232 2522 1304 2545 τινες
1315 2512 1454 2544 ποιοῦντες
1468 2511 1685 2548 περιορύττουσι.

899 2561 945 2587 καὶ
968 2560 1158 2595 περιϐάλλουσι
1173 2560 1273 2595 κόπρον
1294 2560 1370 2586 ὑείαν
1394 2559 1553 2594 ἐπιχέαντες
1579 2557 1625 2584 καὶ
1642 2555 1688 2583 οὗ-

900 2615 956 2642 ρον,
981 2604 1041 2633 εἶτα
1068 2606 1275 2642 προσχώσαντες
1302 2605 1444 2641 ἀρδεύουσι
1473 2605 1533 2631 κατ’
1553 2603 1686 2635 ἐνιαυτδν,

899 2653 951 2684 ἕως
962 2649 992 2678 οὗ
1012 2651 1193 2686 γλυκανθῶσι.
1212 2652 1270 2677 Πᾶν
1284 2651 1311 2677 δὲ
1332 2651 1457 2685 στέλεχος
1471 2649 1628 2684 ἀμυγδαλῆς
1642 2649 1687 2675 ἑχ-

900 2699 982 2726 χοπὲν
1001 2698 1146 2726 ἀποσάλλει
1165 2698 1209 2724 τὸν
1232 2697 1347 2732 καρπόν.
1370 2697 1487 2732 Ἀπαλὴν
1509 2696 1537 2722 δὲ
1560 2696 1606 2722 καὶ
1620 2695 1686 2729 γλυ-

900 2747 984 2772 κεῖαν
997 2747 1029 2772 ὲκ
1045 2744 1164 2779 σκληρᾶς
1184 2744 1231 2770 καὶ
1256 2744 1357 2779 πικρᾶς
1372 2743 1504 2778 ποιήσεις,
1525 2742 1549 2767 εί
1566 2741 1600 2768 τὰ
1622 2749 1649 2767 tu
1660 2742 1697 2776 ρὶ”

899 2792 929 2817 τὸ
947 2791 1070 2826 στέλεχος
1086 2791 1138 2822 ἕως
1153 2791 1207 2817 τῶν
1225 2790 1271 2816 ἐπὶ
1287 2789 1386 2824 πολλῆς
1401 2788 1483 2824 ῥιζῶν
1502 2786 1686 2823 γυμνώοιισς,

901 2838 947 2864 καὶ
972 2837 1130 2874 ἀρδεύσειας
1155 2836 1274 2872 συνεχῶς
1299 2836 1375 2862 ὕδατι
1391 2834 1485 2871 θερμῷ
1502 2834 1554 2870 πρὸ
1577 2833 1626 2868 τὴς
1643 2833 1690 2860 ἁν-
1709 2869 1712 2872 .
