1903 3068
73 73 122 102 855

578 83 612 110 IN
634 83 819 112 EUSTATllll
834 85 1070 113 llEXAEMERON
1086 85 1200 114 ΝΟΤΑΞ.

1637 85 1689 112 εὸὀ

70 137 158 160 oraclo
174 133 284 168 frigore,
303 136 334 162 ob
358 137 383 163 id
398 137 471 166 dicta
497 141 694 174 sapientissima
715 143 848 171 arborum.

904 154 969 180 τρυς
980 145 1089 181 ἀντέχῃ,
1113 146 1159 172 καὶ
1174 145 1221 181 τὴν
1232 147 1328 173 ἀκτῖνα
1334 146 1380 173 τοῦ
1389 146 1463 182 ἡλίου
1475 146 1518 174 διὰ
1530 145 1579 181 τῆς
1593 145 1687 172 ἀραιό-

72 177 119 205 Sed
134 186 192 205 cum
204 181 291 214 carpit,
306 181 332 208 in
345 187 447 210 tantum
458 186 579 213 universa
591 189 748 222 germinatio
764 198 850 216 crum-

70 225 114 259 pit,
138 229 167 250 ut
183 233 239 252 una
264 232 338 254 nocte
361 235 471 266 peragat
496 233 652 260 etiamtum
671 236 800 270 strepitu;
817 245 849 264 ex

71 269 257 305 Theophrasto
272 272 310 300 De
318 276 407 302 causis
420 277 517 310 plant.,
531 279 577 306 lib.
592 287 610 311 ι,
622 287 683 315 cap,
701 281 745 312 21),
758 282 850 309 Ταῦτα

72 315 117 350 μὲν
136 317 303 353 πρωῖκαρπα
319 319 444 357 καθάπερ
471 323 600 358 ἄμπελος,
622 327 669 352 καὶ
691 327 768 362 συκῆ,
797 328 849 363 μὰ-

72 361 185 408 λιστανδὲ
202 364 361 400 συκάμινος.
378 367 451 403 Αὕτη
476 369 524 404 μὲν
546 370 600 406 γὰρ
611 372 713 407 γυμνὸν
730 361 786 408 ἔχει
798 361 849 400 ’τὸν

72 407 183 454 καρπόν·
213 408 279 436 ὥσθ’
303 411 366 439 ὅταν
391 414 405 439 ὁ
417 414 489 449 ἥλιος
500 416 591 452 ἐπιθῇ,
604 419 672 452 ταχὺ
685 407 850 454 προηλλοίω-

72 459 109 483 σε,
125 451 254 488 βραχείας
270 455 396 491 δεόμενος
421 458 596 496 θερμότητος.
623 451 698 497 ’Ἅμα
708 451 740 489 οὲ
750 451 807 490 ’καὶ
822 465 850 490 ὲν

72 498 140 534 αὐτῷ
171 502 368 536 συνεργάζεται
395 504 508 541 δύναμις
533 507 640 543 ἰσχυρὰ,
675 510 722 535 καὶ
745 509 850 546 ἀθρόως

73 544 178 592 tumida
207 547 335 585 καθάπερ
363 551 410 577 καὶ
429 552 498 588 πρὸς
519 553 568 588 τὴν
593 554 749 591 βλάστησιν,
766 544 788 591 ἡ⁷
797 556 850 592 γὰρ

72 590 174 627 ὀῲιότης
199 594 326 631 ἐποίησεν
349 597 506 634 ἀθροισμὸν.
520 600 601 628 Ὂοεν
624 601 672 628 ἅτε
689 590 850 638 βλαστῆσεις

72 637 170 684 αθρὸαι,
186 640 234 666 καὶ
249 642 317 676 μετὰ
334 645 419 679 φορᾶς
434 645 552 678 γίνονται
567 637 701 684 νεανικῆς,
718 637 789 675 ὥστε
804 649 851 675 καὶ

71 682 147 718 ψόφον
163 687 260 718 ποιεῖν,
288 689 413 725 καθάπερ
434 691 506 723 τινές
527 701 603 726 φασι,
629 694 675 720 καὶ
691 694 788 729 πέψεις
801 703 849 721 τα-

72 731 131 765 χεῖς.
146 730 177 758 Et
190 740 251 768 cap.
269 733 299 760 21
312 745 318 762 :
340 737 371 762 Ἡ
384 737 432 772 μὲν
447 736 493 765 οὖν
507 740 556 774 τῆς
569 741 719 775 συκαμίνου
736 741 779 767 διὰ
790 742 851 769 τοῦ-

902 200 981 227 τητος
989 191 1105 226 δαψιλῶς
1118 191 1277 227 ὑποδέχηται
1292 201 1299 225 ;

940 237 1006 264 lbid.
1038 238 1085 264 lin.
1113 238 1157 265 57.
1190 236 1284 272 Οὗτος
1308 240 1398 266 οὐδὲν
1425 240 1527 274 ἀργόν.
1558 240 1685 272 Basilius,

901 283 976 310 hom.
992 283 1018 315 5,
1034 283 1116 310 Οὐδὲν
1129 285 1248 311 ἀναίτιον
1260 285 1335 312 οὐδὲν
1349 287 1401 313 ἀπὸ
1408 287 1588 322 ταύτομάτου,
1599 287 1686 314 πάντα

902 329 959 364 ἔχει
973 330 1032 356 τινὰ
1051 331 1144 365 σοφίαν
1160 331 1325 368 ἀπόρρητον.
1356 332 1524 367 Augustinus
1549 335 1595 361 lib.
1615 343 1633 367 ι,
1647 334 1687 361 Da

905 375 1009 408 Cenes.,
1028 382 1120 404 contra
1133 377 1305 409 Manichwos,
1318 387 1379 415 cap.
1402 380 1444 413 16,
1454 381 1576 408 confutat
1589 390 1685 410 eorum

902 422 1049 454 insritiam,
1077 424 1122 458 qui
1135 432 1250 459 quarum
1271 433 1362 453 rerum
1378 427 1429 460 ipsi
1443 435 1522 454 usum
1548 428 1685 462 ignorant.

903 475 949 495 eas
962 475 1075 502 prorsus
1105 469 1238 496 inutiliter
1252 474 1279 497 et
1292 479 1461 506 supervacue
1481 474 1605 501 conditas
1621 482 1686 502 cen-

902 517 973 541 sent.
987 514 1147 542 Aristoteles
1161 515 1284 549 pluribus
1297 516 1324 543 in
1337 517 1404 544 locis
1426 518 1508 545 Deum
1521 525 1546 546 et
1560 525 1685 548 naturam

901 559 969 586 nihil
986 567 1067 595 agere
1080 560 1179 587 frustra
1196 563 1346 594 contendit,
1360 567 1386 590 et
1401 564 1536 599 prmcipue
1550 573 1567 597 ι,
1583 565 1620 592 De
1634 575 1686 594 m-

902 605 939 636 ιο,
951 609 1016 633 text.
1031 606 1075 638 3|,
1090 607 1170 633 ctlib.
1191 615 1221 639 ιι,
1240 611 1305 634 text.
1319 608 1363 640 50,
1378 613 1404 636 et
1418 614 1484 637 text.
1499 610 1551 644 59;
1567 615 1592 638 et
1608 612 1684 644 lib.t,

903 649 998 682 Polit.,
1015 658 1074 686 cap.
1093 651 1119 683 5,
1138 655 1164 679 et
1186 652 1267 687 alibi;
1286 658 1312 681 et
1323 653 1529 689 Theophrastus
1547 657 1583 684 De
1597 659 1685 685 causis

900 695 997 728 plant.,
1010 695 1097 726 initio,
1111 696 1179 723 Οὔτε
1196 697 1250 733 γὰρ
1267 698 1283 733 ή
1297 699 1376 732 φύσις
1385 700 1460 726 οὐδὲν
1477 701 1565 737 μάτην
1575 704 1655 734 ποιεῖ,
1667 704 1685 738 ἦ

902 750 931 768 τε
940 742 1042 768 διάνοια
1050 742 1156 777 βοηθεῖν
1169 743 1295 779 ὲθέλειτῇ
1309 744 1397 778 φύσει.
1412 745 1444 772 Ει
1455 746 1559 775 Plinius
1570 756 1684 783 prunam.

72 784 99 801 το
115 777 216 812 πρὼἰος
231 788 238 794 ·
253 779 291 812 ὡς
302 780 329 807 δὲ
341 783 487 820 Μενέστωρ
501 786 592 820 φησιν,
609 787 625 821 ἡ
642 786 690 821 μὲν
706 786 848 822 βλάστησις

903 789 949 816 lib.
961 789 996 816 22
1012 799 1018 817 :
1035 788 1109 816 Nihil
1125 798 1141 816 a
1161 798 1247 816 rerum
1259 797 1355 818 natura
1367 793 1422 819 sine
1440 794 1530 828 aliqua
1543 796 1685 823 occultiore

72 822 148 858 αὐτῆς
166 824 230 859 ὀψία
243 826 287 853 διὰ
302 828 351 864 τῆς
363 829 532 866 ψυχρότητος
544 831 591 858 τοῦ
602 832 694 866 τόπου,
708 833 759 868 ἡδὲ
771 833 848 868 πέψις

903 844 984 862 causa
1003 837 1086 870 gigni,
1112 837 1222 870 scribit;
1242 841 1268 864 et
1292 838 1340 865 lib.
1359 822 1524 875 xxvut,cap.
1547 841 1592 874 21,
1613 839 1685 870 Adeo

71 871 156 904 ταχεῖα
172 870 215 898 διὰ
228 872 278 907 τὴν
291 874 444 902 ἀσθένειαν.

101 914 156 943 Col.
176 917 239 950 7l6,
263 919 312 947 lin.
325 920 371 948 41.
394 921 430 949 Ἠ
444 922 479 949 δὲ
493 923 588 951 ἐλαία.
602 923 681 952 Olcas
695 930 722 952 et
731 925 849 960 reliquas

71 961 184 996 arbores,
206 972 324 999 quarum
340 967 386 994 hie
404 968 508 996 mentio
525 969 563 1002 ﬁt,
581 975 642 1005 post
655 972 779 999 aestivum
795 973 850 1000 sol-

72 1007 166 1035 stitium
190 1009 258 1038 folia
276 1017 435 1040 convertere
449 1019 544 1041 narrat
571 1016 706 1044 collector
731 1017 846 1052 Geopon.

72 1061 99 1099 ex
116 1052 242 1088 Florent.,
259 1064 319 1092 cap.
330 1057 357 1091 2,
373 1059 557 1095 Προσημαίνει
570 1061 598 1088 δὲ
615 1062 725 1095 καὶτὰς
746 1063 849 1099 τροπὰς

71 1098 169 1145 deponi;
184 1103 340 1138 στραφέντα
353 1104 387 1131 τὰ
405 1105 491 1140 φύλλα
505 1108 554 1142 τῆς
565 1107 668 1140 ἐλαίας,
680 1098 798 1145 ὥσπερὴ
809 1118 848 1144 φι-

71 1144 130 1180 λύρα
144 1148 188 1173 καὶ
212 1149 231 1183 ἡΓ
252 1149 353 1177 πτελέα
368 1152 441 1187 καὶὴ
462 1151 556 1189 λεύκη.
578 1153 655 1186 Quod
679 1144 848 1189 experientia

69 1196 163 1219 certum
177 1202 237 1222 esse
249 1195 396 1224 continuat
409 1198 545 1226 Antonius
558 1199 690 1228 Mizaldus
705 1200 741 1228 De
753 1207 846 1229 secret.

70 1244 195 1282 agrorum,
209 1240 259 1266 lib.
280 1249 321 1272 ιιι,
334 1249 394 1277 cap.
409 1243 452 1275 17,
469 1247 495 1270 et
511 1243 614 1272 Gellius
632 1245 679 1272 lib.
694 1254 729 1279 Ix,
747 1253 807 1282 cap.
820 1247 846 1281 7,

75 1280 149 1317 Vulgo
164 1289 188 1310 et
205 1287 334 1320 scriptum
355 1293 378 1314 et
407 1289 535 1316 creditum
554 1295 604 1323 est,
633 1291 700 1326 folia
728 1280 847 1320 olearum

72 1329 187 1357 arborum
213 1332 330 1360 brumali
342 1339 366 1360 et
381 1335 520 1363 solstitiali
535 1337 578 1364 die
591 1339 715 1370 converti,
741 1343 766 1366 et
789 1349 847 1375 qua:

70 1382 125 1407 pars
139 1385 227 1404 eorum
242 1379 330 1413 fuerat
347 1381 465 1416 inferior,
477 1387 554 1417 atque
565 1384 705 1418 occultior,
721 1394 780 1412 eam
802 1395 847 1413 su-

70 1423 173 1456 perﬁeri,
190 1429 269 1460 atque
286 1427 382 1461 exponi
403 1428 437 1454 ad
451 1430 550 1461 oculos,
569 1435 594 1457 et
617 1432 651 1458 ad
668 1431 761 1464 solem,
773 1433 846 1468 quod

71 1468 137 1518 nobis
147 1478 246 1505 quoque
262 1473 343 1500 semel
363 1479 440 1510 atque
454 1476 550 1503 iterum
572 1478 685 1511 experiri
702 1479 846 1507 volentibus
861 1498 882 1525 ο

71 1512 103 1540 ita
113 1523 165 1542 esse
175 1519 365 1554 propemodum
381 1521 464 1548 visum
485 1528 547 1548 εει..

99 1569 173 1605 Ibid.,
195 1574 244 1602 lin.
266 1575 311 1603 Η.
330 1577 387 1611 Τῆς
406 1577 440 1604 δὲ·
462 1578 574 1614 ἡμέρου
590 1581 698 1615 συκῆς.
718 1582 846 1616 Basilius,

71 1616 136 1645 hom.
149 1620 181 1647 5:
197 1621 237 1647 Τὰ
254 1623 325 1649 αὐτὰ
341 1623 368 1650 δὲ
383 1624 470 1651 ταῦτα
485 1626 531 1652 καὶ
543 1627 607 1662 περὶ
618 1628 672 1654 τῶν
691 1629 780 1656 συκῶν
796 1638 847 1664 φα-

72 1671 108 1689 σιν
124 1673 130 1679 ·
145 1665 203 1693 ὅθεν
229 1669 253 1694 οἱ
278 1670 326 1704 μὲν
342 1669 391 1701 τὰς
416 1670 515 1706 ἀγρίας
531 1673 614 1704 συκᾶς
628 1675 848 1710 παραφυτεύουσι

71 1711 123 1742 ταῖς
145 1713 269 1750 ἡμέροις,
286 1716 310 1741 οἱ
324 1716 352 1742 δὲ
368 1717 431 1748 τοὺς
455 1717 581 1749 ὀλύνθους
599 1719 774 1755 ὲκθήσαντες,
795 1722 848 1749 τῶν

71 1758 206 1795 ιῦκάρπων
235 1763 284 1789 καὶ
311 1762 424 1798 ἡμέρων
447 1763 536 1790 συκῶν
560 1764 609 1801 τὴν
624 1766 742 1793 ἀτονίαν.
757 1767 849 1795 ἰῶνται

73 1807 158 1841 ῥέοντα
174 1810 234 1846 ἤδη,
252 1811 300 1837 καὶ
310 1812 523 1848 σκεδαννύμενον
535 1813 580 1840 τὸν
594 1814 699 1850 καρπὸν
707 1817 762 1845 τοῖς
773 1815 849 1842 ὀλύν-

72 1851 124 1885 θοις
138 1855 289 1891 ἐπέχοντες.
303 1857 519 1893 Theophrastus,
530 1858 602 1886 Hist.
616 1860 701 1894 plant.
726 1860 788 1887 libr.
816 1869 846 1893 ιι,

73 1906 126 1934 cap.
140 1900 166 1932 9,
184 1903 221 1929 ait
232 1903 464 1938 caprilioationem
477 1906 694 1940 compcrtamad
704 1906 847 1938 auxilium,

72 1953 102 1972 ne
110 1946 172 1976 licus
184 1948 290 1977 fruetus
301 1951 439 1978 amittant.
456 1950 572 1987 Ideoque
587 1952 614 1979 in
628 1953 848 1987 regionibusillis

74 1991 98 2018 in
120 1995 214 2028 quibus
242 1996 381 2023 fructuum
406 1997 514 2031 jactura
543 2005 596 2024 non
616 1998 654 2031 tit,
672 1999 847 2033 caprilicandi

74 2044 145 2065 usum
159 2041 263 2068 nullum
278 2042 386 2076 penitus
395 2050 468 2074 esse,
480 2047 510 2069 ut
520 2044 546 2069 in
563 2042 650 2075 ltalia,
667 2043 692 2070 in
707 2044 773 2071 locis
784 2044 848 2071 item

74 2085 208 2118 aquiloniis
224 2092 254 2115 et
268 2089 379 2121 macris,
392 2094 421 2116 ut
436 2089 462 2116 in
471 2088 582 2116 Phalcio
603 2089 769 2125 Megarensis
779 2091 848 2125 agri,

74 2133 97 2155 et
113 2132 272 2165 quibusdam
289 2135 413 2169 partibus
440 2135 587 2168 Corinthii,
605 2140 632 2162 ct
648 2136 675 2162 in
691 2136 787 2163 eodem
802 2144 849 2163 ca-

75 2175 122 2208 pite
134 2168 308 2212 capriﬁcandi
320 2181 452 2208 rationem
462 2182 555 2209 multis
566 2182 754 2217 prosequitur,
767 2189 848 2216 quem
866 2168 888 2196 D

33 2249 35 2251 τ
75 2220 128 2249 vide
138 2223 205 2251 sicut
217 2230 244 2253 et
256 2226 381 2253 Plinium
391 2227 438 2254 lib.
451 2235 507 2260 xw,
519 2235 579 2262 cap.
592 2227 636 2261 l9,
649 2231 676 2254 et
684 2226 847 2261 Palladium,

74 2263 117 2293 lib.
131 2275 159 2300 ιι,
175 2277 234 2306 cap.
251 2272 294 2299 10.

106 2324 180 2360 lbid.,
194 2328 242 2356 lin.
256 2330 299 2357 51.
319 2330 439 2365 Ἐπειδὴ
459 2331 494 2358 δὲ
517 2332 635 2364 ἁπαλός
666 2332 742 2358 ἐστι.
773 2331 851 2359 Basi-

77 2369 131 2403 lius,
146 2374 216 2402 lmm.
232 2376 259 2407 5.
276 2377 331 2402 Καὶ
350 2374 387 2403 ὧν
415 2377 464 2413 μὲν
480 2377 583 2410 ἁπαλὸς
600 2379 613 2404 ό
633 2378 738 2414 καρπὸς
755 2387 761 2394 ·
778 2379 850 2414 ποιῇ.)

75 2418 116 2444 τοῦ
126 2419 219 2453 φύλλου
233 2423 263 2449 τὸ
280 2425 489 2460 σκεπαστήριον,
508 2425 545 2456 ὡς
565 2425 611 2451 ἐπὶ
632 2425 681 2459 τῆς
696 2424 797 2460 συκῆς”
814 2422 851 2451 ὧν

76 2460 100 2488 δὲ
114 2465 136 2490 οἱ
162 2468 261 2503 καρποὶ
285 2468 480 2504 στεγανώτεροι
509 2469 613 2505 ἐλαφρὰ
637 2469 690 2495 τῶν
708 2469 813 2504 φύλλων
834 2470 851 2504 ὴ

78 2512 213 2549 προσῦολὴ,
234 2515 271 2547 ὡς
294 2516 341 2542 ἐπὶ
364 2516 414 2550 τῆς
443 2516 559 2552 καρύας.
592 2516 654 2543 Ὀτι
687 2517 780 2543 ἐκεῖνα
802 2515 851 2552 μὲν

78 2554 115 2582 διὰ
129 2558 157 2585 τὸ
179 2560 288 2593 ἀσθενὲς
305 2562 427 2594 πλείονος
442 2562 527 2589 ἐδεῖτο
551 2563 600 2598 τῆς
625 2563 750 2598 βοηθείας
764 2572 771 2579 ·
789 2563 851 2590 τού-

77 2607 126 2633 ταις
141 2603 161 2629 δ’
171 2604 203 2631 ἂν
220 2607 394 2644 προσϐλαϐὴς
409 2607 516 2641 ἐγένετο
534 2609 551 2643 ὴ
566 2609 706 2644 παχυτέρα
721 2607 852 2644 περιϐολὴ

79 2645 106 2672 ἐκ
114 2648 160 2683 τῆς
174 2651 313 2679 ἀπἀὐτῶν
326 2654 415 2684 σκιᾶς.

109 2703 182 2739 lbid.,
201 2709 247 2736 lin.
272 2710 306 2737 51
334 2710 385 2737 Διὰ
396 2711 434 2745 δὴ
450 2711 537 2738 τοῦτο
554 2712 603 2739 καὶ
613 2712 781 2747 rogati/Mor.
800 2713 852 2739 Ba-

81 2747 159 2783 silius,
180 2753 252 2782 hom.
270 2756 296 2788 5,
315 2756 377 2787 Πῶς
406 2758 582 2792 κατέσχισται
611 2758 661 2793 τῆς
687 2757 853 2793 ἀμπέΜυμτὺ

81 2795 178 2831 φύλλον,
195 2801 236 2827 ἵνα
248 2804 292 2829 καὶ
311 2804 377 2838 πρὸς
393 2805 441 2836 τὰς
457 2806 487 2831 ἐκ
508 2804 554 2830 τοῦ
574 2804 652 2839 ἀέρος
664 2805 765 2839 βλάϐας
780 2806 793 2831 ὁ
806 2804 850 2839 βά-

901 882 967 909 ηἱΙιίί
977 890 1071 916 parens
1087 883 1134 909 illa
1154 885 1368 911 rerumomnium
1385 885 1441 912 sine
1458 887 1605 921 ingentibus
1621 896 1686 915 cau-

900 929 937 956 sis
948 930 1052 964 genuit;
1064 934 1090 957 et
1105 929 1279 966 Palingeuius
1297 933 1324 958 in
1338 931 1403 959 Vitae
1419 933 1541 966 zodiaco,

937 986 1024 1026 Quam
1040 986 1108 1026 nihil
1120 987 1254 1013 incassum
1270 987 1354 1022 faciat
1371 994 1478 1021 natura,
1489 990 1624 1026 Denique,

936 1020 988 1058 Qui
998 1029 1084 1058 secum
1099 1021 1153 1048 lum:
1168 1020 1275 1058 reputat.
1290 1031 1341 1049 non
1361 1031 1434 1056 casu,
1449 1024 1493 1051 sed
1506 1020 1616 1058 ratione,

935 1056 1053 1083 Consilio
1065 1057 1195 1092 jussuque
1208 1057 1257 1084 Dei
1271 1058 1330 1092 fieri
1344 1060 1431 1086 οηιηὶα
1444 1059 1511 1087 dicet

934 1122 1073 1155 C0l..7li,
1094 1123 1142 1150 lin.
1158 1124 1182 1151 1.
1204 1125 1258 1151 Ἔν
1278 1125 1333 1160 γὰρ
1356 1126 1434 1161 ὕδωρ
1458 1126 1505 1154 διὰ
1522 1127 1577 1162 τῆς
1588 1128 1684 1163 ρΙζὴς,

899 1168 1026 1201 Basilius,
1042 1170 1116 1197 hom.
1130 1171 1147 1197 5
1158 1190 1165 1203 ,
1186 1171 1233 1197 "Ev
1245 1170 1326 1207 ὕδωρ,
1344 1173 1387 1199 διὰ
1409 1174 1457 1209 τῆς
1479 1173 1556 1210 ῥίζης
1572 1175 1685 1212 ἑλκόμε-

898 1225 952 1248 νον,
966 1216 1053 1248 ἄλλως
1071 1217 1120 1252 μὲν
1131 1217 1224 1253 τρέφει
1237 1217 1286 1253 τὴν
1303 1218 1380 1254 ῥίζαν
1392 1220 1486 1254 αὐτὴν,
1501 1220 1587 1252 ἄλλως
1599 1221 1627 1247 δὲ
1639 1222 1685 1249 τὸν

898 1263 988 1298 φλοιὸν
1002 1264 1049 1290 τοῦ
1072 1264 1223 1299 στελέχους,
1238 1265 1284 1291 καὶ
1303 1265 1389 1298 ἄλλως
1405 1266 1435 1292 τὸ
1459 1266 1544 1298 ξύλον,
1565 1268 1610 1294 καὶ
1634 1268 1686 1304 τὴν

898 1309 1058 1346 ἐντεριώνην
1072 1310 1182 1346 ἑτέρως.
1204 1311 1239 1337 Τὸ
1254 1311 1320 1337 αὐτὸ
1336 1312 1383 1338 καὶ
1397 1313 1494 1346 φύλλον
1511 1313 1624 1347 γίνεται,
1639 1315 1686 1341 καὶ

897 1357 937 1388 εις
957 1356 1119 1392 ἀκρέμονας,
1137 1356 1184 1383 καὶ
1210 1357 1323 1389 κλάδους
1341 1358 1542 1394 κατατχίζεται,
1567 1360 1614 1386 καὶ
1629 1361 1685 1392 τοῖς

897 1405 1014 1438 καρποῖς
1035 1403 1149 1439 παρέχει
1169 1404 1218 1440 τὴν
1233 1403 1357 1439 αὔξησιν,
1384 1405 1431 1431 καὶ
1444 1405 1560 1441 δάκρυον
1574 1407 1620 1434 τοῦ
1640 1416 1688 1442 φυ-

896 1450 955 1482 τοῦ,
972 1450 1018 1476 καὶ
1034 1449 1099 1481 ὀπὸς
1115 1451 1147 1476 ἐκ
1164 1450 1215 1484 τῆς
1237 1450 1322 1484 αὐτῆς
1345 1451 1434 1483 αἰτίας
1461 1452 1634 1488 προέρχεται.
1657 1453 1685 1481 ln

898 1494 1020 1522 eamdem
1040 1495 1203 1522 sententiam
1230 1494 1328 1523 Sextus
1346 1495 1448 1530 Empir.
1478 1496 1611 1532 Pyrrhon.
1630 1498 1686 1534 [ly-

898 1541 970 1576 potft.
986 1541 1035 1569 lib.
1051 1549 1070 1571 ι.
1096 1541 1151 1568 Καὶ
1178 1541 1272 1577 ὥσπερ
1295 1542 1326 1568 τὸ
1341 1542 1411 1579 ὕδωρ
1427 1543 1456 1570 ἒν
1476 1545 1524 1571 καὶ
1553 1546 1686 1580 μονοειδὲς

897 1588 1052 1622 διαδόμενον
1068 1588 1107 1619 εἰς
1128 1587 1163 1614 τὰ
1184 1587 1279 1623 δένδρα
1302 1588 1369 1614 ὅπου
1389 1589 1436 1623 μὲν
1458 1589 1560 1622 γίνεται
1586 1590 1685 1624 φλοιὸς,

898 1633 963 1660 ὅπου
977 1633 1005 1659 δὲ
1025 1632 1129 1666 κλάδος,
1147 1633 1212 1659 ὅπου
1234 1633 1262 1659 δὲ
1278 1633 1392 1668 καρπὸς,
1409 1635 1455 1660 καὶ
1468 1635 1517 1670 ήδη
1533 1635 1623 1667 σῦκον,
1639 1637 1687 1664 καὶ

900 1679 960 1715 ῥοιὰ
973 1679 1019 1705 καὶ
1039 1679 1093 1705 τῶν
1108 1679 1194 1706 ἄλλων
1207 1679 1321 1706 ἕκαστον
1331 1687 1337 1693 ³
1357 1679 1407 1706 ltoc
1423 1679 1555 1715 siquidem
1574 1682 1609 1709 ita
1624 1690 1686 1710 eve-

899 1725 939 1752 nit
952 1724 1181 1760 quemadmodum
1198 1724 1267 1751 idem
1283 1724 1361 1752 cibus
1376 1730 1524 1754 concoctus
1540 1727 1686 1762 aliquando

900 1771 930 1798 tit
953 1779 1032 1804 vena,
1054 1770 1189 1798 interdum
1213 1771 1323 1802 arteria,
1341 1771 1475 1799 interdum
1497 1780 1538 1804 os,
1559 1781 1686 1801 nonnun-

899 1825 980 1853 quam
998 1826 1098 1845 nervus
1115 1822 1142 1845 et
1154 1818 1367 1854 unumquodque
1388 1818 1520 1853 aliorum;
1541 1824 1567 1847 et
1582 1820 1608 1847 in
1626 1829 1686 1848 mu-

900 1864 966 1891 sicis
982 1872 1053 1895 unus
1074 1868 1102 1892 et
1119 1865 1188 1892 idetn
1212 1864 1379 1891 musicorum
1395 1864 1475 1893 ﬂatus
1492 1865 1520 1893 in
1534 1866 1627 1893 tibiam
1643 1867 1686 1894 in-

900 1912 1032 1946 spiratus,
1048 1911 1129 1939 modo
1144 1915 1242 1939 acutus
1265 1913 1303 1943 tit,
1321 1911 1400 1939 modo
1418 1913 1527 1948 gravis;
1541 1917 1567 1940 et
1586 1922 1685 1942 manus

900 1957 966 1992 lyrae
990 1957 1123 1992 impressa
1139 1965 1335 1992 nonnunquam
1360 1965 1469 1993 gravem
1493 1966 1600 1991 sonum,
1617 1968 1687 1986 nun-

900 2011 1040 2038 nunquan:
1052 2008 1163 2031 acutum
1176 2003 1281 2037 reddit;
1294 2007 1321 2031 et
1334 2003 1360 2030 in
1374 2004 1441 2032 aliis.
1449 2005 1529 2032 rebus
1542 2005 1611 2032 idem
1625 2013 1688 2032 con-

900 2052 1007 2087 tingere
1021 2052 1160 2080 cernimus

935 2097 1016 2128 lbid.,
1036 2097 1084 2124 lin.
1102 2097 1129 2125 ι.
1148 2098 1201 2125 Καὶ
1218 2098 1252 2125 ἐκ
1269 2099 1325 2133 ’τῆς
1347 2099 1441 2133 αὐτῆς
1456 2098 1584 2132 νοτίδος.
1610 2098 1688 2127 Basi-

901 2141 965 2174 lius,
981 2142 1055 2168 liom.
1068 2142 1096 2175 5,
1111 2142 1173 2173 Πῶς
1185 2143 1266 2169 πάλιν
1276 2145 1308 2170 ὲκ
1322 2144 1371 2179 τῆς
1384 2142 1469 2177 αὐτῆς
1481 2143 1580 2174 νοτίδος
1595 2144 1624 2169 ὲν
1640 2143 1689 2178 μὲν

900 2190 934 2225 τῇ
947 2189 1062 2225 ἀμπέλῳ
1073 2187 1143 2221 οἶνος
1154 2190 1320 2222 συνίσταται,
1331 2191 1359 2216 ὲν
1370 2189 1398 2216 δὲ
1407 2191 1439 2225 τῇ
1455 2189 1533 2224 ἐλαίᾳ
1540 2189 1570 2216 τὸ
1583 2189 1671 2215 ἔλαιον
1679 2197 1687 2204 ·

901 2235 949 2262 καὶ
964 2236 994 2262 οὐ
1011 2235 1090 2263 τοῦτο
1107 2236 1188 2271 μόνον
1204 2235 1370 2271 Θαυμαστὸν,
1387 2236 1445 2267 πῶς
1468 2233 1519 2261 ὧδε
1539 2235 1587 2270 μὲν
1612 2235 1642 2261 τὺ
1658 2236 1690 2261 ὑ-

901 2283 967 2319 γρὸν
983 2282 1185 2318 ἀπεγλυκάνθη,
1209 2283 1266 2309 ἐκεῖ
1281 2283 1309 2309 δὲ
1325 2282 1438 2317 λιπαρὸν
1447 2281 1567 2316 γέγονεν,
1581 2280 1638 2308 ἀλλ’
1649 2282 1690 2308 ὅτι

901 2331 949 2357 καὶ
967 2331 995 2356 ὲν
1007 2332 1063 2361 τοῖς
1076 2330 1186 2364 γλυκέσι
1202 2330 1318 2366 καρποῖς
1339 2328 1477 2364 ἀμύθητος
1492 2329 1508 2363 ἡ
1530 2327 1689 2364 παραλλαγὴ

901 2377 950 2411 τῆς
968 2377 1117 2412 ποιότητος.
1137 2376 1217 2402 Ἀλλο
1230 2376 1283 2411 γὰρ
1299 2375 1330 2401 τὸ
1352 2376 1380 2401 ὲν
1397 2374 1512 2409 ἀμπέλῳ
1532 2374 1628 2408 γλυκὺ,
1644 2375 1690 2400 καὶ

902 2423 965 2450 ἄλλο
980 2423 1011 2449 τὸ
1025 2424 1054 2449 ἐν
1068 2422 1164 2458 μηλέᾳ,
1181 2423 1226 2449 καὶ
1242 2422 1326 2457 σύκῳ,
1349 2421 1395 2447 καὶ
1411 2420 1522 2455 φοίνικι.
1537 2420 1574 2447 De
1593 2428 1691 2448 succo-

902 2477 963 2495 rum
978 2469 1004 2495 in
1023 2469 1122 2504 plantis
1142 2467 1302 2495 ditl'erentiis
1314 2467 1404 2494 adesis
1416 2465 1636 2500 Theophrastum
1652 2465 1691 2493 De

905 2515 1009 2542 Histor.
1026 2515 1109 2549 plant.
1129 2514 1177 2541 lib.
1194 2522 1212 2545 ι,
1226 2522 1285 2548 cap.
1311 2512 1355 2544 19,
1380 2516 1406 2538 et
1429 2511 1490 2546 ejus
1514 2511 1690 2546 interpretem

904 2561 1021 2589 Plinium
1046 2561 1094 2588 lib.
1111 2569 1156 2592 xv,
1180 2569 1242 2595 cap.
1263 2560 1309 2592 28,
1327 2559 1372 2595 qui
1397 2558 1575 2586 diﬂusissime
1591 2558 1691 2585 horum

904 2608 1064 2635 varietatem
1077 2610 1254 2642 pertractant.

940 2653 1020 2685 lbid.,
1034 2654 1082 2680 lin.
1103 2653 1129 2681 9.
1145 2653 1200 2680 Kal
1217 2653 1293 2680 αὐτὰ
1314 2652 1348 2679 δὲ
1372 2651 1433 2679 τῶν
1453 2651 1595 2686 δένδρων.
1613 2649 1691 2678 Basi-

903 2701 967 2733 lius,
986 2700 1060 2728 hom.
1078 2699 1104 2732 5,
1123 2699 1203 2725 ’Ἄλλο
1213 2699 1267 2734 γὰρ
1283 2698 1330 2725 τοῦ
1353 2698 1444 2734 σχίνου
1458 2699 1489 2725 τὸ
1501 2698 1628 2734 δάκρυον,
1643 2698 1691 2724 καὶ

904 2747 982 2778 ἄλλος
997 2748 1011 2774 ὁ
1027 2746 1092 2778 ὀπὸς
1109 2745 1155 2772 τοῦ
1175 2744 1324 2781 βαλσάμου,
1343 2745 1390 2771 καὶ
1403 2744 1538 2780 νάρθηκές
1556 2753 1628 2776 τινες
1646 2744 1693 2771 ἐπὶ

904 2794 954 2828 τῆς
970 2793 1119 2828 Αἰγύπτου,
1132 2792 1178 2818 καὶ
1192 2790 1293 2826 Λιϐύης
1304 2791 1396 2826 ἕτερον
1409 2790 1482 2817 ὀπῶν
1496 2791 1575 2826 γένος
1591 2789 1692 2817 ἀποδα-
