1903 3068
253 116 307 145 855

252 178 358 209 aspectu
378 172 549 209 percipiebam

250 221 366 247 scientia;-
389 225 483 252 artcm,
506 221 529 247 si
543 228 586 246 ars
604 220 657 246 lucc
674 219 790 247 vocanda
809 224 858 246 est.
882 218 984 246 Etenim
1005 223 1035 245 ut

253 264 400 292 Homericis
416 265 471 292 illis
485 265 600 292 versibus
610 265 721 292 relatum
734 270 771 292 est
781 273 790 291 :

286 332 361 360 Sicut
375 338 462 360 autem
476 333 544 360 venti
552 333 604 359 duo
616 338 724 365 pontum
733 336 892 360 commovent
902 332 1033 366 piscatum

283 367 384 403 Boreas
399 373 423 395 et
437 367 582 403 Zephyrus,
597 369 642 402 qui
656 377 669 394 e
688 368 799 394 Thracia
816 368 919 401 spirant

285 402 397 429 ﬂuentes
413 408 527 437 repente,
544 403 625 429 simul
640 411 698 429 vero
713 408 737 429 et
751 402 821 428 unda
836 403 911 436 nigra

284 437 433 469 Attollitur,
443 436 603 471 multamque
618 443 694 464 extra
709 445 781 464 mare
797 437 884 472 algam
897 436 1030 471 fundunt:

249 493 289 520 ita
313 493 377 520 mihi
393 494 449 521 heri
463 494 603 529 contigisse
620 494 722 521 videtur
735 493 947 520 :summitatibus
962 493 1033 520 enim

250 540 377 566 montium
388 540 487 567 similes
502 540 659 574 aspiciebam
676 538 771 570 undas,
784 547 843 574 qua:
855 539 877 565 si
892 539 977 565 dicere
990 538 1032 573 fas

248 590 298 617 est,
314 587 400 621 ipsum
418 587 509 613 caelum
526 588 683 621 (angebant;
702 586 770 612 unde
785 586 844 612 hinc
865 590 966 611 tantum
985 584 1033 612 hoc

249 633 443 667 exspectabam,
459 634 606 659 universam
622 634 720 659 scilicet
741 638 837 659 terram
857 632 1033 667 submergen—

248 678 311 705 dam
321 687 330 708 :
341 684 366 705 et
377 679 440 705 milii
453 679 537 705 locum
550 679 576 705 in
591 687 640 714 quo
654 687 693 705 mc
705 679 768 714 fuga
781 679 930 712 reciperem,
944 680 1032 704 animo

249 725 389 760 fingebam,
405 729 429 751 et
449 724 565 751 Nocticte
581 733 650 751 arcte
670 726 804 759 exemplar
821 725 1030 752 considerabam.

254 770 349 797 Verum
363 771 522 804 exspectatio
538 779 594 797 mea
610 770 740 804 frustrata
752 776 801 797 est.
817 770 905 797 Simul
918 770 986 797 enim
1001 777 1032 796 ac

249 824 321 842 mare
334 817 467 848 intumuit,
485 817 580 844 iterum
593 817 646 843 vice
659 824 734 844 versa
753 817 869 852 fractum
884 824 956 842 mare
970 816 1033 842 dis—

921 116 1045 144 LEONIS
1064 115 1199 143 ALLATII

573 180 582 200 :
603 178 628 200 et
657 173 807 200 excellentis
834 180 864 199 ac
893 173 1036 208 singularis
1051 176 1072 204 Α
1087 173 1142 200 duo
1153 172 1225 208 globi
1239 171 1421 203 edicerentur,
1439 171 1485 199 sed
1497 171 1534 199 ita
1546 170 1658 198 fuerunt
1670 169 1768 198 omnia
1780 168 1874 204 dispo-

1825 113 1877 141 836

1087 219 1150 251 sita,
1166 224 1194 246 ut
1208 227 1241 246 ex
1261 219 1304 246 his
1324 219 1431 246 duobus
1450 218 1593 253 separatis,
1613 216 1753 252 contiguis
1768 219 1874 246 tamen,

1087 273 1170 292 unum
1184 265 1336 293 elliceretur
1351 265 1509 297 rotundum.
1530 269 1556 292 et
1575 264 1671 299 globus
1692 270 1766 291 unus
1783 263 1875 298 perie-

1086 311 1237 343 ctissimus,
1255 318 1310 338 non
1328 310 1492 345 geometrica
1508 309 1685 336 rotunditate.
1702 307 1785 341 Quod
1800 308 1875 335 enim

1086 356 1113 383 in
1139 356 1217 391 aquis
1243 356 1407 386 abundabat.
1433 355 1460 382 in
1482 355 1605 382 cavernis
1625 358 1705 382 terra:
1727 354 1873 381 occlusum

1085 405 1136 432 est.
1152 406 1179 429 et
1195 402 1222 429 in
1239 402 1461 437 profundissimis
1482 402 1598 428 vallibus
1619 404 1774 435 receptum,
1799 400 1873 434 quod

1086 446 1113 473 in
1129 447 1210 474 terris
1234 454 1317 481 super
1343 454 1427 481 aquas
1450 446 1573 478 emersit,
1598 445 1625 472 in
1652 445 1873 480 impendentium

1085 492 1219 519 montium
1243 491 1402 519 altitudines
1430 496 1585 527 porrectum
1615 490 1751 523 surrexit;
1776 494 1806 517 et
1831 490 1873 517 sic

1085 537 1225 572 mqualiter
1234 537 1354 572 undique
1363 543 1433 564 terra
1451 541 1478 564 et
1488 545 1565 572 aqum
1576 537 1759 567 sustinentur,
1769 540 1796 562 et
1812 543 1874 563 sus-

1085 584 1183 615 tinent,
1208 591 1296 618 neque
1322 584 1491 611 exceduntur
1514 591 1602 618 neque
1623 582 1771 610 excedunt.
1799 581 1873 609 Fieri

1085 633 1175 656 tamen
1199 633 1300 664 potest,
1323 633 1352 656 ut
1377 629 1607 664 quemadmodum
1633 636 1686 656 una
1707 636 1772 664 pars
1791 633 1874 656 terra:

1085 675 1138 701 alia
1149 675 1314 702 eminentior
1329 679 1382 708 est,
1394 676 1446 702 alia
1461 675 1514 702 alia
1527 675 1692 710 depressior,
1708 683 1760 702 nec
1778 680 1872 702 tamen

1085 725 1184 748 terram
1196 728 1258 748 esse
1270 722 1416 748 rotundam
1428 721 1600 756 negabimus,
1616 721 1656 748 sic
1671 725 1698 747 et
1715 727 1769 747 una
1783 720 1871 754 regio.

1084 771 1111 794 et
1128 767 1203 795 locus
1222 768 1258 795 sit
1275 768 1335 802 ipso
1358 774 1433 795 mare
1457 767 1601 797 humilior,
1626 767 1664 793 ita
1686 769 1716 793 ut
1737 766 1759 792 si
1778 766 1872 792 aditus

1085 818 1189 849 pateret
1207 814 1286 849 aquis
1304 814 1536 849 submergeretur,
1553 813 1639 840 altera
1662 813 1744 840 altior
1758 816 1787 838 et
1802 812 1871 838 emi-

248 859 407 892 solvebatur,
425 861 496 888 ultra
511 862 646 896 proprium
664 863 748 888 locum
761 869 813 889 non
828 863 979 893 concedens,
993 862 1034 889 di-
1047 855 1069 884 Β
1083 860 1208 894 acutior;
1236 860 1465 895 quemadmodum
1493 859 1654 886 Aristoteles
1687 858 1721 886 de
1756 857 1871 892 regione

249 907 307 933 uino
329 907 454 942 quodam,
480 912 508 934 ut
531 909 683 934 summatim
698 907 796 940 dicam,
810 908 889 943 jussu
905 909 1032 943 perterri-

246 956 313 980 tum.
339 952 373 979 Et
387 953 607 988 quemadmodum
626 954 722 988 sa'pius
739 959 828 981 servus
849 954 991 989 quispiam,
1009 953 1033 981 si

249 999 347 1026 invitus
365 1008 381 1025 a
400 1000 507 1026 domino
520 999 554 1026 ad
569 1008 632 1034 opus
649 1000 832 1034 compellatur,
845 1001 953 1035 imperio
967 1001 1034 1035 qui-

247 1045 304 1073 dem
316 1046 408 1073 timore
419 1046 513 1073 ductus
532 1047 617 1079 audit,
637 1051 664 1073 at
681 1047 749 1082 quod
764 1047 845 1078 subit,
865 1055 923 1074 cum
941 1047 1031 1074 nolens

247 1095 320 1126 agat.
338 1091 428 1125 palam
442 1091 519 1126 effari
535 1099 587 1118 non
605 1099 686 1118 ausus
702 1091 748 1127 sub
766 1092 856 1127 lingua
871 1092 1034 1118 immurmu—

247 1141 302 1169 rat,
323 1137 461 1163 iracundia
484 1136 634 1164 exardens:
657 1138 694 1164 sic
711 1126 777 1164 ini/ti
797 1137 988 1171 quodammodo
1006 1141 1032 1165 et

248 1190 321 1209 mare
335 1181 488 1213 videbatur;
505 1183 555 1210 etsi
569 1183 638 1209 enim
661 1183 702 1209 ira
722 1183 888 1218 e/ferbuerat,
906 1184 933 1210 in
952 1188 1032 1210 semet

247 1228 316 1255 iram
348 1229 498 1255 continebat
519 1228 569 1255 sibi
596 1229 683 1263 frenos
705 1229 836 1261 inii‘ciens.
865 1234 889 1256 et
916 1229 1031 1264 furorem

246 1281 323 1301 suum
345 1273 457 1300 Domino
483 1274 652 1308 manifestare
680 1281 780 1302 notens.
811 1273 925 1309 Reliqua
949 1274 1031 1308 hujus

246 1320 379 1347 orationis
409 1319 502 1346 Graeca
533 1323 559 1346 ct
589 1319 686 1346 Latina
716 1327 777 1346 cum
810 1324 904 1347 nostro
928 1319 1031 1347 Metho-

248 1365 292 1391 dio
316 1365 397 1392 dabo.
426 1364 493 1392 Vide
520 1369 650 1399 prieterea
678 1365 823 1399 Georgium
850 1365 966 1393 Pisidam
994 1365 1031 1392 De

248 1411 340 1437 mundi
364 1411 479 1445 api/icio,
503 1415 530 1438 et
551 1410 683 1438 Joannem
706 1411 930 1446 Chrysostomum
949 1420 1031 1448 super

247 1455 315 1483 illud
337 1455 458 1483 Hierem.
476 1463 537 1490 cap.
563 1463 589 1488 v,
606 1463 676 1482 vers.
697 1455 741 1486 22,
757 1455 809 1488 Qui
827 1455 902 1489 posui
922 1463 1030 1482 arenam

248 1502 389 1528 terminum
403 1501 480 1532 mari,
493 1501 520 1527 in
537 1501 633 1528 catena
648 1509 708 1536 quae
721 1508 735 1527 a
753 1500 834 1528 nobis
845 1499 940 1527 Latina
959 1500 1029 1528 facta

244 1547 301 1582 jam
316 1552 357 1576 est
371 1548 469 1583 publici
487 1547 568 1582 juris.

281 1594 339 1621 Col.
350 1593 411 1623 7|2.
422 1593 469 1621 lin.
481 1593 525 1620 45.
542 1592 617 1619 Ἐπεὶ
626 1593 654 1619 τί
669 1592 812 1619 ἐκώλυσε.
826 1591 944 1620 Basilius
956 1592 1027 1619 hom.

246 1640 263 1667 ιι
280 1640 370 1667 εῈπεὶ
387 1639 413 1665 τι
437 1638 539 1665 ἐκώλυε
559 1639 608 1674 τὴν
638 1637 771 1674 Ἐρυθρὰν
790 1638 924 1664 Θάλασσαν
940 1639 1029 1665 πᾶσαν

246 1685 295 1721 τὴν
309 1685 445 1718 Αἴγυπτον
460 1684 615 1720 κοιλοτέραν
631 1682 712 1711 οὖσαν
729 1684 827 1719 ἑαυτῆς
843 1684 1030 1716 ἑπελθεῖν,καὶ

245 1730 411 1766 συναφθῆναι
421 1730 460 1765 τῷ
471 1730 665 1765 παρακειμένῳ
679 1731 711 1765 τῇ
725 1729 855 1765 Αἰγύπτῳ
869 1730 992 1764 πελάγει,
1005 1731 1030 1756 εἰ

246 1777 284 1813 μὴ
300 1776 338 1812 τῷ
349 1776 547 1811 ,προστάγματι
568 1773 602 1811 ἦν
621 1775 795 1810 πεπεδημένη
809 1775 855 1802 τοῦ
873 1776 1028 1809 κτίσαντος

246 1823 279 1850 Et
292 1831 319 1850 In
335 1823 387 1850 boc
402 1823 484 1850 etiam
501 1827 566 1849 sunt
581 1823 719 1849 variantes
733 1822 957 1857 philosophorum
971 1830 1030 1850 sen-

244 1869 346 1896 tentiae.
375 1867 490 1900 Quidam
513 1867 586 1894 enim
612 1871 712 1894 terram
739 1867 806 1893 mari
830 1867 1029 1902 depressiorem

245 1914 389 1946 aﬂirmant,
412 1913 577 1940 Catharinus
602 1911 636 1938 ad
663 1919 723 1946 cap.
752 1919 760 1939 ι
792 1912 902 1944 Genes.,
919 1913 1022 1945 Canus,

245 1959 403 1994 Burgensis,
419 1962 514 1985 noster
534 1958 578 1985 hic
593 1961 699 1990 auctor,
718 1957 834 1985 Basilius
848 1962 875 1985 et
885 1958 931 1985 alii
945 1968 951 1985 :
968 1966 1027 1985 eam

246 2006 456 2041 probabiliorem
474 2009 568 2031 censet
589 2003 618 2030 S.
636 2003 766 2036 Thomas,
796 2011 804 2030 l
825 2008 910 2039 parti,
934 2012 960 2039 (ι.
981 2003 1026 2036 69,

246 2057 298 2077 art.
314 2050 326 2076 i
344 2060 350 2076 :
368 2049 437 2076 idem
453 2055 481 2077 et
494 2049 592 2076 Cicero
609 2049 752 2077 censuisse
764 2049 882 2081 videtur,
899 2057 907 2076 ι
923 2049 959 2076 De
973 2058 1030 2076 na—

247 2101 307 2122 tura
320 2096 427 2122 deorum
440 2104 458 2122 ιι
470 2105 478 2123 :
494 2095 579 2129 Mare,
593 2096 689 2130 inquit,
706 2104 765 2122 cum
779 2103 858 2130 supra
871 2101 968 2122 terram
982 2096 1026 2128 sit,

245 2143 360 2170 medium
386 2147 472 2168 tamen
497 2146 572 2169 terra:
599 2143 684 2169 locum
712 2147 831 2176 expetens
857 2148 1028 2177 congregatur

1082 906 1274 942 Egyptiorum
1301 909 1328 933 et
1340 913 1415 934 mare
1429 905 1522 933 Rubro
1537 909 1667 940 tanquam
1680 904 1869 932 certissimum

1083 957 1159 980 notat
1179 953 1242 980 libr.
1258 954 1345 988 primo
1360 952 1482 985 Meteon,
1499 959 1561 988 cap.
1578 952 1689 985 ultimo;
1706 955 1735 978 et
1755 951 1794 977 ita
1812 951 1870 977 exi-

1081 999 1164 1026 stimo
1187 1002 1314 1026 auctores
1333 1007 1403 1034 quos
1427 1006 1510 1034 supra
1530 997 1668 1025 nominavi
1683 1004 1746 1024 esse
1763 996 1868 1023 intelli-

1083 1044 1195 1080 gendos,
1211 1046 1356 1078 omniaque
1372 1045 1453 1072 dubia
1469 1049 1496 1072 et
1518 1047 1689 1079 argumenta,
1714 1043 1743 1069 in
1763 1046 1868 1068 utram-

1083 1097 1135 1125 que
1153 1093 1256 1125 partem
1278 1090 1396 1118 adducta
1418 1090 1548 1117 facillimo
1568 1089 1676 1123 negotio
1692 1087 1762 1115 solvi
1779 1086 1868 1114 :divi-

1081 1144 1200 1171 namque
1228 1137 1391 1172 sapientiam
1413 1138 1440 1164 et
1459 1136 1608 1163 bonitatem
1622 1133 1773 1162 dilucidius
1789 1133 1869 1160 inno-

1081 1185 1197 1215 tescere,
1212 1189 1274 1218 qua:
1286 1183 1378 1210 omnia
1392 1182 1429 1209 ita
1447 1182 1475 1210 in
1491 1180 1610 1217 pondere
1625 1185 1652 1209 et
1668 1187 1800 1208 mensura
1811 1179 1870 1206 dis-

1081 1227 1184 1263 posuit.

1116 1273 1196 1307 lbid.,
1217 1274 1267 1301 lin.
1290 1273 1335 1301 49.
1356 1274 1420 1300 ’Ὁτι
1442 1273 1477 1299 δὲ
1494 1273 1605 1307 ἀληθὲς
1627 1272 1726 1300 τοῦτοί
1750 1271 1868 1298 Basilius

1081 1319 1155 1348 hom.
1184 1320 1202 1347 ι
1219 1329 1225 1347 :
1243 1321 1319 1347 Ἐπεὶ
1342 1320 1368 1346 τι
1388 1319 1488 1346 ἐκώλυε
1505 1319 1554 1354 τὴν
1573 1318 1705 1355 Ἐρυθρὰν
1732 1318 1868 1345 θάλασσαν

1081 1367 1170 1392 πᾶσαν
1186 1366 1236 1402 τὴν
1253 1366 1387 1401 Αἴγυπτον
1403 1366 1557 1400 κοιλοτέραν
1576 1364 1657 1392 οὖσαν
1673 1364 1774 1399 ἑαυτῆς
1793 1363 1867 1390 ἐπελ-

1081 1412 1146 1443 θεῖν,
1165 1412 1210 1438 καὶ
1229 1411 1395 1446 συναφθῆναι
1419 1411 1457 1446 τῷ
1474 1411 1666 1446 παρακειμένῳ
1689 1411 1722 1446 τῇ
1738 1410 1867 1444 Αἱγόπτῳ

1081 1458 1203 1493 πελάγει,
1218 1459 1242 1484 εἰ
1264 1457 1300 1493 μὴ
1313 1457 1351 1492 τῷ
1368 1457 1557 1493 προστάγματι
1577 1455 1611 1492 ἦν
1627 1456 1802 1491 πεπεδημένη
1821 1455 1867 1482 τοῦ

1082 1504 1239 1537 κτίσαντοςς
1261 1505 1320 1531 ’Ὁτι
1339 1504 1393 1539 γὰρ
1409 1505 1584 1539 ταπεινοτέρα
1604 1503 1653 1539 τῆς
1671 1503 1807 1538 Ἐρυθρᾶς
1822 1503 1867 1529 θα-

1082 1550 1183 1585 λάσσης
1196 1551 1212 1585 ἡ
1229 1549 1372 1584 Αἴγυπτος,
1383 1550 1453 1585 ἔργῳ
1465 1549 1576 1576 ἔπεισαν
1587 1551 1660 1585 ἡμᾶς
1673 1549 1867 1584 οἱθελήσαντες

1079 1595 1202 1630 ἀλλήλοις
1212 1595 1246 1621 τὰ
1260 1595 1364 1630 πελάγη
1382 1595 1507 1630 συνάψαι,
1523 1595 1554 1621 τό
1563 1604 1591 1621 τε
1612 1595 1763 1629 Αἰγύπτιον
1778 1597 1824 1622 καὶ
1837 1596 1865 1622 τὸ

1085 1640 1203 1673 Ἰνδικὸν,
1219 1643 1247 1667 ὲν
1268 1638 1290 1674 ᾧ
1309 1642 1326 1676 ἡ
1347 1641 1464 1677 Ἐρυθρὰ
1482 1641 1612 1669 θάλασσα.
1634 1641 1737 1676 Διόπερ
1754 1642 1865 1676 ἐπέσχον

1078 1685 1127 1721 τὴν
1143 1686 1313 1722 ἐπιχείρησιν
1327 1686 1435 1722 πρῶτος
1450 1686 1601 1722 ἀρξάμενος
1619 1687 1775 1723 Σέσωστρις
1791 1689 1806 1714 ὀ
1823 1689 1865 1714 Al-

1079 1730 1202 1766 γύπτιος,
1220 1732 1268 1758 καὶ
1285 1733 1299 1758 ὁ
1322 1731 1390 1767 μετὰ
1406 1732 1492 1759 ταῦτα
1515 1732 1656 1768 βουληθεὶς
1679 1733 1864 1769 έπεξεργάσα-

1079 1777 1140 1804 σθαι
1151 1779 1261 1813 Δαρεῖος
1271 1778 1286 1803 b
1298 1778 1397 1813 Μῆδος.
1407 1777 1567 1806 Habuerunt
1575 1779 1609 1806 ab
1623 1779 1773 1808 Aristotele
1788 1782 1833 1808 lib.
1847 1789 1863 1807 ιι

1079 1823 1202 1856 Meteon,
1217 1831 1278 1858 cap.
1291 1824 1348 1851 ult:
1366 1824 1446 1860 Δηλοῖ
1469 1824 1497 1850 δὲ
1518 1824 1548 1850 τὸ
1564 1824 1724 1860 γινόμενονο
1741 1826 1796 1858 Οὓς
1815 1827 1865 1862 γάρ

1079 1878 1167 1905 φαμεν
1180 1870 1374 1905 ἀρχαιοτάτους
1387 1868 1457 1897 εἶναι
1465 1870 1518 1897 τῶν
1529 1870 1678 1906 ἀνθρώπων
1689 1872 1864 1906 Αἰγυπτίους,

1078 1915 1179 1942 τούτων
1205 1915 1314 1951 ὴχώρα
1338 1916 1412 1942 πᾶσα
1434 1919 1560 1951 γεγονυῖα
1586 1917 1709 1951 φαίνεται
1734 1919 1781 1945 καὶ
1801 1917 1865 1945 οὖσα

1078 1961 1124 1988 τοῦ
1145 1962 1267 1996 ποταμοῦ
1293 1962 1380 1997 ἔργον.
1397 1962 1452 1988 Καὶ
1465 1963 1543 1989 τοῦτο
1566 1964 1636 1989 κατὰ
1656 1972 1687 1990 τε
1699 1963 1750 1999 τὴν
1775 1965 1864 2000 χώραν

1078 2008 1163 2043 αὐτὴν
1175 2007 1273 2043 ὁρῶντι
1288 2007 1365 2043 δῆλόν
1384 2007 1453 2038 ἐστι.
1466 2009 1513 2035 καὶ
1530 2008 1563 2035 τὰ
1579 2009 1644 2044 περὶ.
1661 2009 1710 2044 τὴν
1734 2010 1864 2045 Ἐρυθρὰν

1078 2052 1215 2079 θάλασσαν
1229 2048 1376 2088 τεκμήριον
1399 2054 1499 2080 ἱκανόν.
1517 2054 1623 2089 Ταύτην
1643 2055 1698 2090 γὰρ
1712 2055 1769 2081 τῶν
1792 2056 1863 2090 βασι-

1077 2097 1143 2124 λέων
1160 2107 1200 2130 τις
1219 2098 1349 2134 ἐπειράθη
1373 2099 1531 2135 διορύττειν.
1548 2100 1584 2126 Οὐ
1599 2100 1654 2135 γὰρ
1675 2101 1778 2136 μικρὰς
1792 2100 1863 2136 εἶχεν

1077 2144 1110 2171 ἃν
1127 2144 1216 2176 αὐτοῖς
1230 2143 1362 2178 ὡφελείας
1376 2144 1480 2176 πλωτὸς
1493 2145 1564 2176 ἅπας
1574 2145 1588 2171 ό
1602 2145 1684 2176 τόπος
1694 2147 1860 2181 γιγνόμενος.

245 2189 359 2224 undique
373 2188 519 2224 wqualiter,
533 2195 612 2223 neque
628 2187 766 2219 redundat,
783 2195 862 2222 neque
872 2187 1025 2222 effunditur.

1081 2190 1192 2223 Λέγεται
1208 2189 1237 2215 δὲ
1257 2189 1367 2224 πρῶτος
1383 2189 1536 2226 Σέσωστρις
1559 2191 1730 2226 ἐπιχειρῆσαι
1746 2192 1801 2218 τῶν
1815 2200 1860 2218 πα-

246 2235 299 2262 Alii
320 2239 421 2262 terram
436 2243 497 2263 esse
513 2242 587 2262 mare
605 2235 740 2265 altiorem,
767 2238 797 2260 ut
817 2234 1029 2270 Chrysostomus

246 2282 320 2310 hom.
331 2281 348 2309 9
359 2281 393 2308 ad
401 2289 460 2316 pop.
470 2281 606 2313 Antioclt.;
628 2282 798 2317 Augustinus
810 2281 836 2307 in
845 2281 913 2315 psal.
929 2289 1026 2313 cxxxv;

246 2328 428 2363 Hieronymus
441 2327 468 2354 in
488 2327 554 2354 illud
577 2328 645 2363 psal.
656 2335 741 2360 xxx",
753 2326 917 2362 Congregans
925 2327 992 2354 sicut
1001 2327 1028 2353 in

244 2380 303 2401 utre
323 2382 406 2409 aquas
423 2373 523 2406 maris;
543 2373 727 2401 Damascenus
748 2373 795 2400 lib.
813 2380 831 2399 ιι
848 2372 909 2400 Fid.
924 2372 1025 2400 orthod.

245 2426 306 2454 cap.
317 2419 334 2446 9
346 2424 372 2446 et
387 2419 437 2452 i0;
452 2417 623 2446 Contarenus
636 2418 683 2445 lib.
698 2426 716 2444 ιι
728 2418 765 2445 De
777 2419 921 2450 elementis,
933 2421 960 2445 et
970 2418 1026 2445 alii.

245 2465 311 2497 Quae
330 2464 391 2491 duae
416 2464 558 2499 opiniones
585 2464 636 2491 etsi
661 2464 776 2491 multum
798 2464 867 2491 inter
883 2471 912 2491 se
926 2463 1028 2492 distare

245 2507 383 2540 videntur,
403 2513 453 2541 ego
470 2509 561 2533 tamen
578 2506 692 2533 dixerim
714 2510 838 2533 neutram
854 2505 962 2540 falsam,
979 2506 1027 2534 sed

246 2551 428 2578 certissimam
440 2554 584 2586 utramque
595 2554 622 2577 et
633 2558 736 2583 veram,
748 2551 772 2578 si
787 2558 840 2578 non
854 2551 886 2579 de
898 2552 1027 2579 universo

246 2601 325 2624 terra:
335 2597 480 2628 elemento,
495 2604 584 2631 neque
595 2604 681 2631 aquai,
697 2597 743 2624 sed
764 2600 840 2631 parte
853 2597 970 2632 quadam
983 2598 1027 2625 in-

246 2642 392 2677 telligatur.
417 2641 547 2675 Quamvis
563 2643 636 2670 enim
655 2642 726 2670 Deus
741 2650 828 2679 aquas
847 2647 948 2671 terram
968 2651 1027 2671 om-

246 2695 307 2715 nem
323 2696 372 2716 suo
390 2688 463 2716 ﬂuxu
484 2693 649 2724 occupantes
661 2694 801 2725 separatas
823 2689 850 2717 in
869 2697 953 2717 unum
970 2689 1027 2717 vel-

248 2734 285 2760 uti
305 2734 405 2766 locum,
421 2739 448 2762 et
475 2736 618 2763 stationem
643 2736 783 2769 detulerit,
800 2739 827 2763 et
843 2739 915 2763 terra
934 2743 981 2763 eas
999 2735 1026 2762 in

248 2780 358 2812 proprio
370 2779 442 2811 sinu,
458 2787 574 2808 caverna
588 2781 722 2808 duntaxat
737 2781 917 2816 amplissima.
931 2785 1026 2807 mutuo

248 2824 388 2858 complexu
402 2827 547 2859 exceperit.
565 2834 619 2854 non
641 2831 733 2854 tamen
752 2826 778 2853 id
794 2827 830 2853 ita
851 2826 975 2860 contigit,
995 2830 1024 2853 ut

1080 2236 1178 2262 λαιῶν⁹
1201 2234 1258 2261 ἀλλ’
1272 2231 1350 2270 εὗρεν
1373 2235 1540 2272 ὑψηλοτέραν
1563 2235 1644 2263 οὖσαν
1657 2238 1707 2272 τὴν
1731 2238 1854 2264 θάλαττα

1077 2281 1126 2316 τῆς
1142 2281 1202 2316 γῆς.
1220 2277 1265 2306 Διὸ
1282 2281 1384 2313 ὲκεῖνός
1394 2289 1422 2307 τε
1444 2281 1585 2318 πρότερον,
1600 2283 1645 2308 καὶ
1658 2284 1772 2318 Δαρεῖος
1787 2284 1861 2310 ὕπε-

1079 2335 1124 2362 ρον
1135 2326 1270 2353 ἐπαύσατο
1284 2326 1438 2362 διορύττων,
1449 2327 1522 2359 ὃπως
1537 2328 1573 2363 μὴ
1583 2327 1718 2364 διαφθαρῇ
1730 2329 1762 2356 τὸ
1777 2329 1861 2364 ῥεῦμα

1077 2372 1123 2398 τοῦ
1152 2371 1274 2407 ποταμοῦ
1301 2373 1482 2408 συμμιγείσης
1512 2369 1561 2408 τῆς
1584 2373 1730 2409 θαλάττης.
1764 2374 1859 2402 Strabo

1079 2417 1125 2445 lib.
1140 2425 1146 2444 l
1166 2417 1332 2449 τ’ΛπιΒάνως
1344 2418 1373 2444 δὲ
1388 2418 1469 2452 λέγω,
1483 2419 1524 2445 ὃτι
1540 2419 1592 2455 πρὸ
1607 2419 1660 2445 τῶν
1676 2420 1808 2456 Τρωῖκῶν
1819 2421 1859 2447 οὺ-

1076 2463 1157 2498 δεμία
1176 2461 1210 2498 ἦν
1222 2463 1331 2500 διώρυξ.
1343 2465 1394 2490 Τὸν
1412 2464 1440 2490 δὲ
1461 2465 1671 2501 ἐπιχειρήσαντα
1689 2466 1802 2501 ποιῆσαι
1816 2467 1856 2493 Σέ-

1078 2515 1193 2546 σωστριν
1208 2511 1358 2546 ἀποστῆναί
1375 2520 1450 2546 φασι,
1475 2512 1676 2548 μετεωροτέραν
1694 2513 1858 2540 ὑπολαϐόντα

1076 2555 1125 2591 τὴν
1137 2556 1186 2590 τῆς
1206 2555 1338 2591 Θαλάττης
1357 2556 1526 2591 ἐπιφάνειαν.
1542 2558 1574 2584 Et
1586 2557 1634 2585 lib.
1652 2565 1708 2585 xvn
1725 2559 1856 2594 εῈτμήθη

1076 2601 1105 2627 δὲ
1119 2601 1135 2635 ἡ
1149 2600 1247 2636 διώρυξ
1259 2601 1398 2637 καταρχὰς
1414 2602 1462 2638 μὲν
1477 2602 1529 2629 ὑπὸ
1545 2601 1714 2638 Σεσώστριος
1737 2604 1793 2639 πρὸ
1807 2604 1855 2630 τῶν

1076 2645 1217 2680 Τρωῖκῶν,
1229 2646 1254 2672 οἱ
1267 2646 1295 2672 δὲ
1319 2646 1372 2673 ὑπὸ
1394 2646 1441 2673 τοῦ
1460 2647 1643 2683 Ψαμμητίχου
1661 2648 1758 2680 παιδὸς
1781 2648 1855 2684 ἀρξα-

1079 2691 1158 2726 μένου
1177 2692 1266 2727 μόνον,
1290 2690 1349 2719 εἶτα
1371 2692 1525 2724 ἐκλιπόντος
1545 2693 1590 2720 τὸν
1613 2693 1684 2729 βίον·
1706 2694 1818 2730 ὖστῳον
1831 2694 1854 2720 δὲ

1077 2735 1128 2762 ὑπὸ
1143 2737 1254 2772 Δαρείου
1266 2737 1313 2764 τοῦ
1325 2738 1431 2774 πρώτον
1443 2738 1634 2774 διαδεξαμένου
1649 2739 1680 2766 τὸ
1693 2738 1758 2774 ἑξῆς
1772 2740 1853 2775 ἔργον.

1076 2781 1127 2808 Καὶ
1149 2781 1224 2815 οὗτος
1235 2783 1274 2815 δὲ,
1288 2783 1351 2820 δόξῃ
1364 2784 1456 2818 ψευδεῖ
1476 2784 1607 2817 πεισθεὶς,
1622 2785 1714 2820 άφῆκε
1730 2786 1760 2812 τὸ
1783 2785 1854 2822 ἔργον

1077 2829 1140 2864 περὶ
1164 2829 1316 2857 συντέλειαν
1338 2830 1398 2867 ἠδη.
1420 2830 1547 2867 Ἐπεισθη
1573 2831 1627 2867 γὰρ
1657 2832 1853 2867 μετεωροτέραν
