1903 3068
262 109 317 138 859

892 86 895 87 ν
929 105 1057 134 LEONIS
1076 104 1215 134 ALLATII

1843 103 1888 129 850

263 166 311 193 καὶ
334 165 502 201 θερμοτέρας
526 165 559 191 ὲκ
585 164 723 200 μετάλλων
741 164 882 199 ποιότητος
899 163 971 190 κατὰ
998 163 1043 199 rip

1101 164 1215 198 corpora
1231 161 1304 190 enim
1326 161 1501 190 elementaria
1521 165 1627 188 naturae
1650 160 1709 195 lege
1745 163 1833 194 atque
1849 167 1887 186 or-

263 210 377 244 διέξοδον
392 209 582 246 προσλαϐοῦσα
595 210 627 235 ὲκ
639 209 689 244 τῆς
703 209 787 244 αὐτῆς
799 209 846 235 τοῦ
858 208 995 240 κινοῦντος
1007 210 1048 235 αὶ-

263 257 324 288 τίας
334 256 431 288 ξέουσα
441 256 544 290 γίνεται
555 255 592 287 ὡς
605 255 638 282 τὰ
650 255 746 285 πολλὰ.
758 255 806 281 καὶ
815 255 949 291 πυρώδης.
960 255 1048 291 Ὅπερ

264 302 397 337 πολλαχοῦ
409 302 459 337 μὲν
468 301 522 328 τῶν
535 302 634 336 νήσων,
652 301 784 336 πολλαχοῦ
798 301 826 327 δὲ
840 300 894 327 τῶν
909 301 1048 336 παραλίων

262 348 352 375 τόπων
366 347 469 380 ἔξεστιν
482 347 621 383 ἱστορῆσαι
632 355 639 362 ο
655 347 754 380 ὄπουγε
769 348 816 373 καὶ
831 347 901 373 κατά
922 347 971 382 τὴν
1000 356 1049 382 με-

263 394 366 427 σόγειον
385 393 461 419 τόποι
482 394 553 424 τινὲς
568 393 621 419 τῶν
638 393 776 428 ποταμίων
794 393 896 419 ὑδάτων
917 393 1047 426 γείτονες,

262 439 300 471 ὡς
316 439 400 474 μικρὰ
414 438 540 473 μεγάλοις
551 439 668 470 εἰκάσαι,
678 437 891 473 τὰπαραπλήσια
903 437 1047 472 πάσχουσι.

262 485 335 520 Πρὸς
347 483 394 511 οὖν
405 484 431 510 τί
444 484 523 510 τοῦτο
537 483 643 520 εἴρηται
660 492 721 519 μοι;
737 484 795 509 ’ἔοτι
816 484 890 509 πᾶσα
911 483 1048 518 ὑπόνομός

262 531 336 556 ἐστιν
350 531 366 565 ἡ
379 530 415 565 γῆ
424 529 468 557 διὰ
484 531 574 565 πόρων
591 529 700 564 ἀφανῶν
711 530 742 555 ὲκ
757 529 811 555 τῶν
825 529 916 564 ἀρχῶν
931 528 980 563 τῆς
1000 527 1048 554 θα-

263 575 366 610 λάσσης
380 575 588 607 ὕπονοστοϋντος
610 575 658 601 τοῦ
675 575 779 606 ὕδατος.
801 574 839 601 De
861 581 992 609 aquarum
1006 574 1048 601 vi-

263 621 351 653 ribus,
370 625 397 648 et
411 621 566 656 saporibus,
578 621 693 656 aliisque
704 620 894 656 qualitatibus,
914 619 975 647 vide
986 627 1048 654 quae

261 674 297 694 ex
311 666 457 694 Aristotele
470 667 632 702 compendio
650 667 717 694 dicit
737 666 861 694 Stobaeus
882 666 910 693 in
926 665 1047 700 Physicis

261 713 361 748 eclogis
377 733 386 746 ,
401 720 461 748 cap.
473 712 519 739 56.

298 769 356 796 Col.
371 769 434 801 715,
453 769 501 796 lin.
525 769 568 796 19.
586 769 618 796 Ἠ
630 769 685 803 γὰρ
702 767 823 803 ,ῥοώδης
842 765 994 795 θάλὰσσα.
1009 767 1048 795 De

261 815 403 842 ﬂuminum
415 814 583 850 fontiumque
597 821 679 842 eausa
690 817 718 841 et
733 814 837 848 origine
850 814 928 849 plura
939 813 1047 840 Aristu-

262 860 330 887 teles
353 859 400 886 lib.
420 867 429 886 ι
454 859 576 891 Me:eor.,
609 867 671 894 cap.
696 858 742 891 15,
764 863 792 886 et
815 858 864 886 lib.
888 866 918 889 ιι,
935 866 995 893 cap.
1014 857 1047 890 2;

262 903 349 935 Piato,
366 906 393 931 in
415 903 561 936 Plrwdone;
577 903 712 938 Georgius
733 902 874 938 Agricola,
904 903 953 929 lib.
974 911 982 929 ι
1009 901 1049 929 De

261 955 322 976 orm
343 955 367 977 et
392 950 478 977 causis
503 949 752 981 subterranearttm;
769 948 896 976 Albcrtus
921 948 1046 983 Magnus,

261 994 309 1021 lib.
342 1001 362 1021 ιι
380 994 503 1027 Meteon,
519 999 597 1022 tract.
629 994 671 1027 12,
687 994 768 1029 capit.
784 994 827 1027 ii;
841 993 958 1020 Iacobus
979 993 1049 1020 Mili-

259 1039 350 1071 chius,
372 1040 400 1067 in
423 1041 506 1075 capit.
527 1040 578 1067 105
601 1040 647 1067 lib.
675 1047 694 1067 ιι
727 1039 826 1073 Plinii;
848 1038 973 1066 Valesius
1008 1038 1048 1066 De

260 1093 337 1112 sacra
352 1085 528 1120 philosophia,
545 1093 605 1120 cap.
615 1086 661 1118 65,
679 1089 706 1113 et
717 1086 772 1113 alii.
787 1085 850 1112 Fuit
866 1084 1047 1120 quorumdam

259 1129 353 1163 opinio
372 1129 443 1155 intra
462 1133 561 1156 terram
583 1137 644 1157 esse
665 1129 798 1164 quasdam
824 1130 955 1156 cavitates
967 1133 995 1156 et
1007 1129 1048 1155 al-

260 1181 337 1205 veos,
351 1174 450 1208 quibus
461 1174 561 1202 imbres
570 1174 752 1209 excipiantur,
766 1178 848 1209 alque
858 1182 892 1201 ex
907 1175 941 1202 iis
959 1173 1047 1202 fontes

258 1223 286 1246 et
296 1220 393 1246 ﬂuvios
407 1219 557 1251 dimanare,
568 1223 595 1247 et
611 1227 695 1255 aquas
707 1220 767 1247 illas
780 1228 867 1254 usque
877 1219 911 1246 ad
928 1219 1046 1247 futuram

259 1265 376 1292 hiemem
393 1264 525 1296 sufﬁcere,
541 1272 592 1291 nec
605 1272 765 1292 exarescere
781 1268 928 1299 antequam
948 1271 1046 1292 rursus

260 1313 336 1347 pluat
349 1321 355 1338 :
375 1311 473 1338 siccari
486 1319 551 1339 vero
564 1319 611 1339 eos
624 1319 740 1346 quorum
756 1312 824 1339 alvei
839 1312 958 1339 minores
970 1315 1045 1344 sunt,

257 1361 287 1385 et
297 1357 332 1384 ob
347 1356 484 1384 defectum
501 1364 634 1392 aquarum
651 1365 705 1384 non
720 1357 828 1385 ﬂuitant
848 1366 935 1393 usque
948 1359 982 1386 ad
997 1367 1047 1386 no-

257 1412 308 1431 vas
324 1403 437 1438 pluvias.
453 1403 615 1431 Aristoteles
632 1407 660 1431 et
679 1404 724 1430 alii
739 1411 849 1432 causam
870 1405 984 1439 primam
1001 1413 1047 1440 ge-

258 1449 410 1476 nerationis
434 1448 578 1476 ﬂuviorum
608 1453 734 1476 statuunt
761 1450 813 1476 loci
836 1454 973 1483 naturam,
999 1450 1045 1477 ubi

258 1499 370 1530 propter
387 1495 438 1522 soli
456 1495 607 1526 raritatem,
620 1495 725 1523 multus
740 1499 768 1522 et
785 1496 914 1530 copiosus
931 1496 1043 1530 spiritus

258 1543 415 1575 generatur,
432 1540 479 1574 qui
501 1547 582 1575 quam
600 1540 725 1574 proxime
739 1540 773 1566 ad
793 1541 903 1575 vaporis
918 1543 1044 1567 naturam

258 1584 374 1613 accedit.
400 1585 502 1613 Deinde
525 1593 591 1613 vero
620 1585 720 1621 frigore
749 1585 803 1612 loci
826 1586 852 1612 in
877 1593 975 1620 aquam
999 1593 1046 1613 co-

258 1631 342 1666 gitur,
371 1639 431 1666 qum
455 1632 541 1666 ejecta
575 1631 636 1659 fons
663 1635 692 1659 et
717 1632 793 1667 origo
817 1630 961 1658 ﬂuviorum
993 1636 1045 1660 est.

257 1675 314 1704 Nec
342 1677 448 1704 videtur
474 1677 623 1705 absurdum
650 1677 673 1705 si
698 1681 809 1713 propter
834 1677 955 1705 eamdem
981 1685 1047 1704 cau-

258 1730 317 1750 sam
345 1723 465 1751 interra:
492 1723 643 1751 visceribus
673 1727 818 1758 generatur
844 1730 914 1758 aqua
937 1727 1046 1759 propter

258 1776 340 1804 quam
358 1776 441 1804 supra
459 1774 559 1796 terram
586 1768 613 1796 in
631 1775 709 1802 aere;
726 1769 785 1804 pari
800 1769 873 1796 enim
891 1769 997 1796 ratione
1017 1769 1045 1795 in

256 1818 493 1850 vaporante'aere
519 1815 605 1850 frigus
629 1820 768 1849 operatur.
801 1814 867 1847 Quae
891 1815 1045 1842 Aristotelis

257 1861 350 1896 opinio
362 1861 385 1888 si
400 1865 474 1888 recte
487 1861 679 1888 consideretur
691 1868 769 1888 suam
785 1861 867 1888 habet
894 1861 1044 1897 probabili-

258 1911 354 1939 tatem,
371 1914 422 1933 nec
443 1907 481 1933 ita
502 1907 604 1934 absona
620 1910 663 1933 est
691 1907 718 1933 in
742 1906 915 1942 philosophia
942 1911 973 1934 ut
995 1915 1043 1935 ex-

258 1953 321 1988 pelli
336 1953 447 1980 omnino
462 1957 609 1980 mereatur.
619 1952 776 1980 Christiano
787 1957 877 1980 tamen
890 1953 1002 1987 homini,
1011 1962 1042 1982 ea

257 2007 340 2033 super
356 1999 410 2026 hoc
426 1999 561 2026 sententia
577 2004 618 2026 est
631 1999 820 2034 amplexanda,
839 2007 898 2034 quae
915 2004 956 2027 est
978 2008 1043 2027 sam

257 2049 364 2072 ctorum
375 2044 486 2071 Patrum
497 2044 661 2076 communis.
671 2048 697 2072 et
708 2052 792 2072 sacra
806 2044 953 2080 Scriptura:
965 2047 1042 2074 testi-

257 2090 362 2118 moniis
373 2090 560 2117 conﬁrmatur.
578 2088 717 2125 Origiuem
741 2090 854 2118 fontium
871 2099 886 2118 c
899 2092 967 2118 mari
980 2099 1042 2120 esse

258 2143 273 2163 a
291 2143 346 2171 quo
361 2135 482 2167 eilluunt,
508 2139 535 2163 et
563 2135 591 2163 in
617 2135 690 2170 quod
704 2135 830 2168 inﬂuunt,
856 2137 892 2163 ita
911 2136 1039 2169 Basilius,

256 2183 350 2210 homil.
361 2183 387 2214 ι,
399 2187 491 2210 noster
499 2182 658 2210 Eustathius
670 2183 697 2209 in
708 2182 760 2209 hoc
772 2183 842 2216 loco,
861 2182 1041 2218 Hieronymus
1057 2192 1078 2218 ι)

257 2228 291 2256 ad
304 2228 422 2263 primum
444 2232 526 2262 caput
547 2227 730 2259 Ecclesiaste.
747 2228 879 2262 Isidorus,
898 2229 917 2255 l.
931 2236 962 2256 ιιι
980 2229 1041 2256 Ori—

256 2275 355 2309 ginum,
369 2274 436 2302 13.20
446 2283 453 2307 ;
465 2273 674 2301 Damascenusu
698 2273 735 2300 De
749 2273 796 2309 ﬁd.
812 2273 927 2307 orthod.,
940 2282 998 2309 cap.
1008 2274 1039 2308 9;

257 2320 404 2355 Gregorius
418 2319 535 2355 Cyprius
551 2319 580 2346 in
595 2318 681 2346 Maris
703 2320 832 2351 encomio,
860 2324 887 2346 et
911 2323 945 2347 ‘ex
962 2319 1039 2352 aliis;

256 2365 333 2393 Plato
347 2366 375 2392 in
393 2365 546 2397 Phaedone;
572 2365 677 2392 Plinius
694 2365 743 2392 lib.
762 2373 792 2396 ιι,
811 2372 872 2399 cap.
890 2364 944 2398 65;
962 2365 1040 2392 Philo

255 2410 365 2438 Judeus
381 2411 418 2437 De
433 2410 524 2437 mundi
538 2411 652 2445 api/icio.
670 2410 782 2437 Val-iant
802 2413 893 2436 tamen
910 2410 937 2436 in
952 2410 1039 2444 expli-

256 2457 365 2484 catione
393 2457 476 2490 illius,
497 2455 634 2491 quomodo
661 2455 789 2483 videlicet
814 2460 910 2490 suopte
931 2456 1039 2491 ingenio

256 2504 347 2537 gravis
363 2503 449 2537 possit
463 2510 478 2529 e
499 2502 567 2529 mari
590 2501 738 2528 ascendere
753 2501 781 2528 in
796 2501 946 2528 altissimos
961 2509 1039 2528 mon-

257 2552 308 2578 tes.
324 2555 339 2574 ο
362 2547 462 2582 quibus
476 2546 595 2581 erumpit
613 2546 640 2572 in
668 2549 743 2572 tanta
762 2546 851 2581 copia.
878 2545 1038 2574 Eustathius

255 2602 356 2630 quam
370 2595 453 2621 maris
468 2594 576 2628 spiritu,
591 2592 689 2619 ﬂatuve
705 2592 819 2619 interius
834 2597 960 2620 movente
976 2600 1038 2620 ειη-ς

256 2649 316 2668 num
330 2639 365 2667 ad
376 2640 558 2674 scaturigines
575 2638 686 2674 impelli.
700 2637 746 2665 His
764 2639 898 2666 consentit.
909 2635 1036 2670 Basilius,

255 2685 370 2717 Plinius,
400 2684 488 2712 Plato.
510 2684 539 2711 S.
552 2683 689 2716 Thomas,
713 2690 732 2710 ll
768 2683 886 2711 Sentent.
910 2684 974 2710 dist.
991 2683 1035 2714 ﬂ,

256 2735 352 2765 quaest.
372 2731 396 2762 1,
412 2731 460 2763 aitI
489 2730 628 2757 fontanam
651 2734 679 2757 et
703 2729 859 2756 ﬂuviatilem
878 2736 976 2763 aquam
994 2733 1036 2755 at-

257 2776 328 2802 trahi
352 2783 461 2803 sursum
487 2777 513 2803 vi
540 2775 692 2803 caelestium
719 2782 865 2810 corporum
882 2774 1035 2802 communis

256 2821 321 2848 boni
335 2821 430 2856 gratia.
441 2820 494 2848 Nec
510 2825 612 2848 motum
625 2819 698 2848 hunc
713 2827 790 2856 aqum
803 2828 862 2849 esse
873 2820 1033 2854 violentum,

1104 210 1167 236 dine
1184 209 1342 236 coelestibus
1357 208 1500 235 obediunt.
1521 207 1649 235 Albertus
1664 207 1714 234 lib.
1732 213 1753 233 ιι
1766 206 1886 238 Meteon,

1105 258 1184 281 tract.
1203 254 1230 286 2,
1247 262 1305 289 cap.
1319 254 1362 285 ιε,
1379 254 1467 288 inquit
1479 260 1595 288 vapores
1607 254 1633 279 in
1647 252 1741 284 terris,
1766 252 1889 279 cavernis

1103 300 1223 327 elevatos
1240 299 1410 334 reﬂexosque
1423 299 1561 326 attrahere
1573 298 1607 325 ad
1619 306 1648 326 se
1655 304 1890 332 aquam,eamque

1103 353 1214 373 sursum
1232 345 1338 376 eﬂ‘erre,
1354 349 1381 372 et
1403 344 1533 372 continua
1552 351 1602 371 sua
1627 343 1748 375 actione,
1768 347 1799 370 et
1822 343 1888 370 illisu

1103 391 1138 417 ad
1164 391 1266 418 montis
1284 391 1368 418 latera
1387 398 1469 425 poros
1491 391 1613 425 aperire,
1646 389 1748 424 quibus
1781 388 1889 415 tandem

1103 437 1230 472 erumpit.
1254 437 1305 464 Alii
1325 437 1430 468 dicunt,
1454 444 1516 463 cum
1531 441 1604 463 terra
1622 436 1714 463 multis
1733 435 1769 462 sit
1799 435 1886 469 pervia

1103 483 1251 518 specubus,
1264 491 1361 517 aquam
1376 483 1460 509 maris
1471 483 1498 509 in
1515 482 1649 517 ejusmodi
1666 489 1732 509 cava
1753 481 1817 508 loca
1834 489 1888 508 sese

1104 529 1244 560 inducere,
1272 536 1332 563 qua:
1345 529 1410 563 quia
1428 532 1492 555 sunt
1516 531 1644 562 angusta,
1669 534 1761 562 neque
1785 529 1887 553 tantam

1103 575 1188 602 maris
1204 575 1302 602 molem
1319 581 1417 609 capere
1432 577 1547 608 queunt,
1570 581 1629 600 eam
1642 580 1719 607 aqua;
1734 572 1888 607 portionem

1101 627 1288 655 compressam
1301 619 1333 646 ad
1345 619 1517 646 extrinsecus
1526 618 1701 645 incumbente
1714 617 1782 644 mari
1796 624 1887 651 egres-

1101 673 1163 693 sum
1178 673 1231 700 qua
1245 666 1288 693 via
1305 666 1402 700 possit,
1416 673 1547 700 quatrere,
1570 665 1664 700 sicque
1679 664 1738 692 ﬁeri
1754 671 1886 698 aquarum

1099 713 1283 740 cxsililiones.
1294 712 1417 740 Aliorum
1427 713 1497 740 alios
1509 711 1605 739 modos
1615 715 1642 739 et
1659 711 1782 739 rationes
1798 718 1887 745 quaere

1102 759 1131 786 in
1145 759 1225 786 dictis
1245 759 1413 787 auctoribus.

1138 816 1218 849 lbid.,
1236 815 1285 844 lin.
1302 815 1347 843 at.
1376 809 1474 843 Πάλιν
1487 815 1520 843 δὲ
1535 815 1667 843 ἐπειδάν.
1694 814 1816 842 Causam
1832 821 1888 849 pro-

1066 846 1087 873 Β
1101 865 1161 897 pter
1175 870 1256 897 quam
1274 869 1350 897 aquae
1362 869 1424 889 cum
1436 870 1468 889 ex
1486 870 1540 889 uno
1554 866 1581 889 et
1593 861 1689 889 eodem
1713 860 1800 891 fonte,
1816 867 1887 886 mare

1098 907 1218 938 scilicet,
1233 907 1365 941 originem
1384 907 1504 938 trahant,
1524 914 1578 933 non
1599 906 1724 933 eamdem
1742 909 1851 932 servent
1863 908 1887 931 et

1105 952 1276 987 qualitatem,
1294 957 1321 980 et
1335 960 1471 987 saporem,
1485 952 1533 980 sed
1549 952 1701 980 secundum
1721 951 1774 978 loci
1801 950 1887 977 varie-

1097 1002 1181 1026 tatem
1198 999 1262 1033 ipsse
1277 999 1358 1026 etiam
1376 999 1513 1026 varientur
1528 1003 1589 1034 pete
1610 1006 1624 1025 a
1639 997 1824 1034 philosophis.

1137 1044 1217 1077 lbid.,
1227 1046 1274 1072 lin.
1289 1045 1334 1074 27.
1349 1046 1431 1080 Αὕτη
1442 1046 1489 1073 καὶ
1510 1045 1570 1072 τῶν
1582 1045 1689 1080 ἀερίων
1699 1045 1827 1072 ὑδάτων.
1842 1045 1886 1070 Ba-

1097 1091 1187 1124 silius,
1211 1091 1284 1118 hom.
1300 1092 1316 1119 ι
1338 1101 1345 1118 :
1361 1092 1439 1127 Καλὴ
1456 1091 1504 1118 καὶ
1518 1091 1584 1118 διότι
1599 1092 1655 1123 τοῖς
1674 1091 1779 1126 ἀερίοις
1793 1090 1883 1117 ὕδασιν

1096 1138 1169 1174 ἀρχή
1189 1137 1230 1169 τίς
1249 1139 1306 1164 ἐστι
1327 1137 1373 1164 καὶ
1392 1139 1477 1174 πηγὴ,
1497 1137 1651 1173 Θαλπομὲνη
1678 1137 1728 1173 μὲν
1748 1138 1781 1173 τῇ
1799 1138 1884 1163 ἀκτῖνι

1098 1183 1147 1209 τοῦ
1163 1182 1249 1218 ἡλίου,
1263 1183 1445 1218 ἀποτιθεμένη
1458 1183 1486 1209 δὲ
1503 1183 1533 1209 τὸ
1556 1183 1653 1209 λεπτὸν
1667 1183 1715 1209 τοῦ
1731 1183 1827 1214 ὓδατος
1842 1183 1883 1209 διὰ

1096 1229 1150 1256 τῶν
1159 1229 1262 1264 ἀτμῶν,
1272 1229 1319 1255 ὄπε
1323 1237 1339 1265 ρ
1345 1228 1472 1255 ἑλκυσθὲν
1480 1230 1518 1260 είς
1524 1228 1570 1255 τὸν
1578 1230 1632 1256 ἄνω
1638 1229 1730 1260 τόπον,
1740 1227 1799 1255 εἶτα
1808 1238 1885 1255 κατει-

1095 1274 1198 1310 ψυχθὲν
1212 1275 1256 1302 διὰ
1272 1276 1302 1302 τὸ
1314 1274 1478 1311 ὑψηλότερον
1492 1275 1616 1309 γενέσθαι
1630 1275 1679 1310 τῆς
1695 1273 1749 1301 ἀπὸ
1760 1275 1808 1301 τοῦ
1825 1274 1883 1301 ἐδά-

1097 1330 1163 1356 φους
1175 1321 1349 1353 ἀνακλάσεως
1365 1321 1419 1347 τῶν
1435 1321 1562 1353 ἀκτίνων,
1580 1321 1626 1347 καὶ
1647 1321 1715 1356 ὁμοῦ
1733 1321 1783 1355 τῆς
1795 1322 1827 1347 ἐκ
1838 1321 1881 1347 τοῦ

1096 1367 1194 1402 νέφους
1213 1368 1291 1398 σκιᾶς
1307 1367 1356 1401 τὴν
1378 1366 1457 1401 ψύξιν
1475 1367 1661 1400 ἐπιτεινούσης
1682 1366 1759 1397 ὑετὸς
1771 1366 1881 1400 γίνεται,

1096 1414 1142 1440 καὶ
1155 1414 1254 1440 πιαίνει
1269 1413 1318 1449 τὴν
1335 1414 1395 1448 γῆν.
1407 1412 1554 1448 Gregorius
1568 1412 1685 1448 Cyprius
1699 1412 1725 1438 in
1738 1412 1824 1438 Maris
1840 1421 1883 1439 en-

1096 1461 1200 1487 camt'o:
1216 1460 1332 1496 Ὀμϐροι
1348 1460 1375 1486 δὲ
1389 1457 1456 1495 πρὸς
1473 1461 1528 1491 τοῖς
1542 1459 1708 1495 εἰρημένοις,
1723 1458 1771 1485 καὶ
1783 1459 1880 1494 δρόσοι,

1096 1507 1143 1533 καὶ
1154 1506 1267 1540 νιφετοὶ,
1283 1506 1392 1540 νεφέλαι
1408 1514 1437 1532 τε
1455 1503 1487 1532 αὖ
1506 1505 1533 1532 αἱ
1548 1505 1660 1537 τούτους
1678 1505 1822 1540 γεννῶσαι,
1837 1507 1880 1532 κειὶ

1097 1552 1146 1579 ὃσα
1154 1551 1260 1588 πρῶτον
1277 1553 1316 1583 εἰς
1326 1551 1371 1578 τὸν
1388 1552 1443 1579 ἄνω
1453 1551 1633 1586 συνιστάμενα
1646 1552 1740 1584 τόπον,
1757 1550 1806 1578 εἴτ’
1816 1553 1881 1578 ὲκεῑ-

1097 1597 1142 1623 θεν
1155 1599 1195 1629 εις
1207 1598 1257 1633 γῆν
1270 1598 1399 1624 κάτεισιν.
1417 1596 1560 1630 Quomodo
1577 1601 1670 1625 autem
1684 1597 1712 1624 in
1733 1605 1798 1625 aere
1808 1605 1880 1633 aqua:

1097 1647 1261 1677 generentur
1271 1651 1302 1670 ex
1308 1642 1467 1671 olicavimus
1481 1642 1618 1676 superius.

1134 1721 1212 1755 Ibid.,
1225 1721 1272 1748 lin.
1289 1722 1334 1748 35.
1351 1722 1403 1748 Kal
1418 1721 1461 1747 ἔτι
1475 1721 1522 1748 καὶ
1537 1721 1604 1748 νῦν.
1615 1719 1745 1751 Basilius,
1761 1727 1833 1747 nom.
1847 1721 1877 1747 5:

1101 1767 1134 1794 Ἦ
1147 1766 1205 1802 γὰρ
1212 1766 1272 1793 τότε
1289 1765 1375 1800 φωνὴ,
1392 1765 1439 1792 καὶ
1452 1765 1482 1791 τὸ
1496 1765 1602 1800 πρῶτον
1616 1765 1704 1791 ἐκεῖνο
1720 1764 1878 1800 πρόσταγμα

1094 1810 1149 1840 οἷον
1164 1813 1244 1847 νόμος
1268 1821 1310 1843 τις
1328 1813 1435 1846 ἐγένετο
1459 1811 1575 1846 φύσεως,
1601 1811 1648 1837 καὶ
1663 1810 1827 1846 ὲναπέμεινε
1848 1813 1876 1846 τῇ

1094 1860 1140 1894 γῇ,
1156 1858 1204 1894 τὴν
1213 1858 1260 1884 τοῦ
1276 1858 1371 1892 γεννᾷν
1383 1857 1450 1892 αὐτῇ
1465 1857 1511 1883 καὶ
1519 1858 1703 1893 καρποφορεῖν
1714 1856 1829 1893 δύναμιν
1843 1860 1878 1890 εἰς

1093 1905 1124 1931 τὸ
1139 1904 1202 1940 ἑξῆς
1216 1905 1410 1939 παρεχόμενος.
1427 1903 1459 1929 Ει
1481 1903 1594 1931 inferius
1607 1913 1613 1930 :
1628 1903 1687 1930 Ίνα
1711 1903 1821 1939 πρῶτον
1838 1905 1879 1931 ἑκ-

1094 1951 1148 1976 εἰνο
1165 1949 1328 1985 πρόσταγμα
1344 1948 1526 1975 διδασκαλεῖον
1542 1949 1573 1984 τῇ
1590 1949 1669 1983 φύσει
1685 1949 1800 1985 γένηται
1816 1951 1878 1986 πρὸς

1093 1996 1142 2031 τὴν
1158 1995 1221 2030 ἑξῆς
1237 1994 1405 2022 ἀκολουθίαν.
1421 1994 1453 2021 Et
1470 1995 1543 2021 hom.
1559 1995 1575 2022 9
1587 2005 1592 2021 :
1603 1994 1709 2030 Νόησον
1723 1996 1802 2031 ῥῆμα
1814 1996 1875 2022 Θεοῦ

1091 2041 1135 2068 διὰ
1153 2042 1203 2077 τῆς
1216 2041 1329 2073 κτίσεως
1345 2041 1450 2077 τρέχον,
1463 2042 1510 2067 καὶ
1520 2041 1579 2067 τότε
1598 2041 1762 2077 ἀρξάμενον,
1780 2043 1827 2068 καὶ
1838 2042 1878 2077 μὲ-

1092 2096 1138 2123 χρι
1150 2087 1198 2114 νῦν
1214 2087 1353 2123 ἐνεργοῦν,
1365 2087 1412 2113 καὶ
1430 2087 1470 2118 είς
1478 2086 1553 2118 τέλος
1569 2086 1666 2119 διεξιὸν
1685 2088 1739 2119 ἓως
1759 2087 1793 2114 ἂν
1808 2089 1822 2114 ὸ
1838 2088 1877 2113 κό-

1092 2141 1160 2168 σμος
1175 2132 1374 2168 συμπληρωθῇ.
1389 2131 1456 2159 Vide
1474 2133 1563 2159 locum
1576 2141 1583 2166 ;
1600 2137 1642 2160 est
1657 2133 1731 2160 enim
1749 2135 1874 2169 optimus.

1093 2178 1222 2206 Leontius
1238 2179 1361 2205 Arahissi
1376 2179 1522 2213 episcopus
1547 2186 1671 2206 sermone
1688 2179 1723 2206 de
1740 2180 1874 2207 creatione

1092 2228 1119 2252 et
1135 2223 1239 2251 Lazaro
1252 2223 1384 2255 redivivo,
1397 2232 1451 2251 non
1469 2225 1607 2259 incompta
1624 2225 1807 2253 similitudine
1819 2234 1874 2253 ver-

1091 2270 1155 2297 bum
1174 2270 1240 2297 illud
1256 2270 1389 2301 divinum,
1402 2270 1450 2302 ait,
1466 2270 1527 2297 loco
1550 2271 1663 2298 seminis
1681 2271 1709 2298 in
1727 2272 1811 2299 rebus
1831 2280 1873 2307 ge-

1091 2316 1220 2344 nerandis
1237 2316 1332 2348 fuisse,
1345 2324 1462 2351 eamque
1473 2316 1501 2343 in
1515 2317 1596 2344 rebus
1611 2317 1666 2344 illis
1679 2317 1734 2343 vim
1751 2318 1873 2345 habuisse

1091 2369 1171 2396 quam
1187 2365 1214 2388 et
1229 2368 1320 2388 semen
1335 2369 1343 2394 ;
1367 2366 1394 2387 ct
1422 2361 1511 2388 adhuc
1530 2360 1564 2387 ad
1588 2363 1798 2396 conceptionem
1812 2370 1872 2390 con-

1091 2414 1210 2434 currere.
1231 2406 1264 2432 Τι
1291 2406 1381 2440 λέγεις
1406 2406 1543 2441 αἱρετικέ;
1574 2407 1688 2440 Βλέπεις
1711 2409 1774 2435 ἀντὶ
1793 2418 1872 2436 κατα-

1091 2452 1170 2489 6ολῆς
1182 2451 1336 2488 σπέρματος
1352 2448 1437 2479 τὸτοῦ
1453 2452 1532 2487 λόγου
1546 2454 1686 2488 γινόμενον
1704 2455 1869 2490 πρόσταγμα.

1089 2499 1144 2526 Καὶ
1157 2498 1215 2530 πῶς
1229 2497 1376 2533 ἀμφίϐολον
1385 2498 1474 2532 λέγεις
1484 2499 1534 2533 τῆς
1547 2499 1714 2535 παρθενικῆς
1725 2502 1870 2537 γεννήσεως

1087 2545 1118 2571 τὸ
1133 2545 1279 2579 μυστήριον
1291 2552 1298 2577 ;
1309 2544 1341 2570 Ἃ
1354 2545 1408 2580 γὰρ
1424 2545 1471 2571 νῦν
1488 2545 1642 2581 σπέρματος
1656 2546 1721 2573 ἄνευ
1738 2547 1770 2573 οὺ
1787 2546 1868 2573 τίκτε-

1087 2599 1142 2622 ται,
1157 2590 1261 2622 τούτοις
1279 2592 1295 2625 ὴ
1318 2591 1393 2625 φωνὴ
1409 2591 1469 2617 τότε
1489 2588 1632 2626 συνέτρεχε
1657 2591 1704 2618 τοῦ
1729 2592 1869 2623 καλοῦντος

1088 2636 1156 2670 πρὸς
1167 2635 1302 2670 γέννησιν,
1317 2637 1364 2663 καὶ
1380 2636 1535 2671 συλλήψεως
1550 2637 1660 2673 τρόπον,
1688 2638 1703 2663 ὸ
1720 2638 1770 2673 τῆς
1784 2638 1867 2664 κελεύ-

1088 2689 1156 2712 σεως
1173 2682 1299 2716 ἐμιμεῖτο
1311 2683 1402 2718 νόμος,
1419 2683 1465 2709 καὶ
1479 2682 1522 2709 διὰ
1540 2684 1604 2718 μιᾶς
1620 2684 1712 2719 φωνῆς
1727 2683 1867 2719 ὲσαρκοῦτο

1086 2726 1120 2753 τὰ
1135 2727 1233 2754 πάντα.
1262 2729 1316 2754 Καὶ
1340 2729 1354 2755 ὁ
1377 2729 1438 2755 τότε
1463 2729 1607 2764 σαρκὼσας
1630 2729 1679 2764 τὴν
1696 2730 1795 2761 κτίσιν,
1825 2729 1865 2756 καὶ

1088 2773 1186 2809 σπόρον
1202 2773 1328 2809 ἀσπόρως
1344 2775 1500 2810 χορηγήσας
1514 2776 1570 2807 τοῖς
1593 2775 1686 2807 πᾶσιν,
1716 2775 1796 2806 αὐτὸς
1818 2774 1866 2801 ἀπὸ

1086 2819 1198 2855 λογικῆς
1214 2819 1364 2855 σαρκωθεὶς
1381 2820 1432 2855 γῆς
1456 2820 1589 2856 προίλοεν
1613 2821 1742 2856 ὰππόρως
1761 2820 1808 2855 τὴν
1827 2819 1865 2846 διὰ
