1903 3068
194 110 245 139 843

862 105 984 133 LEONIS
1004 105 1143 133 ALLATII

1772 102 1833 130 8M

193 171 340 199 vindictam
353 169 451 196 herbas
464 168 560 198 noxias
571 172 631 203 post
643 168 708 196 Ada‘.
719 167 972 203 .prevaricationem

1030 167 1136 203 λέῆορον
1148 169 1201 198 τοῖς
1215 166 1368 202 ἀνθρώποις
1378 164 1537 201 δηλητήριον
1550 165 1624 195 ὄντα.
1638 163 1730 199 ψᾶρες
1746 163 1782 190 δὲ
1798 164 1833 190 τὸ

193 216 281 245 solum
299 213 384 241 fuisse
405 212 560 244 productas.
579 211 649 239 Vera
667 215 757 239 tamen
773 214 814 238 est
842 210 976 238 sententia

195 261 328 289 Eustathii
342 263 368 287 et
383 260 498 286 aliorum
509 258 556 293 qui
572 258 670 286 herbas
680 258 730 286 bas
745 257 839 285 noxias
851 264 904 284 una
915 263 976 283 cum

196 307 255 335 aliis
273 306 365 334 herbis
378 309 519 340 generatas
534 304 681 332 existimat.
702 303 786 331 Noxia
805 302 878 330 enim
891 306 917 329 et
933 310 972 329 re-

198 360 299 381 nenosa
317 352 397 379 rebus
413 351 473 377 aliis
488 351 630 377 commista
643 350 762 376 humano
771 348 861 384 generi
876 348 903 374 in
915 355 977 374 cor-

198 399 272 434 poris
287 396 495 432 aegritudinibus
520 395 649 423 sanandis
674 394 737 421 usui
752 399 825 422 sunt.
845 392 900 420 Nec
923 400 977 419 non

198 444 360 471 animalibus
375 442 549 477 quibusdam,
576 447 671 468 eorum
695 439 819 475 corporis
844 439 978 466 constitu-

198 491 271 517 tione
293 490 330 516 ita
353 492 494 523 poscente,
520 494 570 522 pro
596 487 725 514 alimento
754 485 928 519 deserviunt,
949 489 978 512 ut

197 535 328 570 exemplis
345 534 459 561 inferius
474 532 586 568 patebit.
601 531 754 562 Lucretius.
773 532 821 558 lib.
835 539 850 557 v
868 540 875 558 :

250 623 381 650 Prwterea
398 622 472 649 nobis
486 627 616 648 veratrum
630 626 668 648 est
684 629 743 647 acre
760 628 894 650 venenum.

251 659 285 684 At
309 658 395 691 capris
414 657 515 691 adipes,
538 661 562 683 et
581 656 760 683 coturnicibus
780 660 869 690 auget.

251 693 351 727 Quippe
365 692 449 719 videre
467 693 524 718 licet
539 693 704 726 pinguescere
722 698 790 724 sa’pe
800 691 888 717 cicuta

248 729 406 763 Barbigeras
414 727 534 762 pecudes,
550 726 648 753 homini
660 734 716 760 qua:
723 732 760 752 est
774 734 835 752 acre
844 733 976 752 venenum.

199 818 270 845 ldem
294 817 412 845 sentiunt
438 816 624 844 Theodoretus
645 820 672 844 et
687 816 866 849 Ambrosius;
882 820 908 844 ot
925 816 978 842 Au-

200 864 293 891 sonius
309 863 346 890 ait
360 873 368 890 ;

235 954 333 981 Toxica
345 953 463 988 zelotypo
474 952 546 978 dedit
562 960 628 979 uxor
640 952 739 988 moecha
750 961 854 984 veneno,

270 988 325 1015 Nec
338 989 402 1015 satis
416 987 453 1013 ad
468 993 575 1014 nwrtem
596 987 705 1014 credidit
718 996 774 1014 esse
782 988 884 1014 datum.

236 1024 343 1051 Miscuit
355 1023 456 1057 argenti
467 1022 575 1049 lethalia
586 1022 702 1055 pondera
717 1023 777 1056 vivi,

267 1058 376 1093 (ingeret
385 1063 413 1084 ut
425 1058 531 1084 celerem
541 1057 577 1093 uis
586 1058 719 1092 geminata
734 1066 830 1084 necem.

234 1092 340 1121 Dividat
355 1094 408 1120 Itan:
420 1093 517 1127 siquis,
533 1092 756 1126 faciuntdiscreta
773 1101 906 1125 venenarii,

270 1128 422 1155 Antidotum
434 1133 534 1154 sument
550 1135 608 1161 quw
623 1128 722 1154 sociata
734 1128 814 1156 bibet.

200 1207 245 1234 Sic
259 1210 285 1233 et
299 1205 477 1232 animantium
493 1213 591 1240 genera
603 1205 716 1240 pulchra
726 1209 801 1238 sunt,
816 1209 843 1232 et
859 1205 977 1232 homini-

199 1254 250 1281 bus
265 1261 318 1280 non
336 1252 427 1279 minus
450 1252 526 1279 utilia
545 1260 626 1287 quam
646 1252 801 1279 necessaria
821 1260 827 1278 :
846 1251 978 1278 nonnulla

196 1303 288 1326 tamen
304 1299 456 1333 perniciosa
467 1302 533 1326 sunt
547 1302 574 1326 et
593 1298 700 1325 nociva.
714 1297 819 1325 Plinius
835 1297 978 1324 Naturalis

195 1344 273 1372 JIist.
294 1345 341 1372 lib.
358 1353 388 1375 ιι,
406 1351 465 1379 cap.
483 1344 527 1375 65,
545 1344 626 1371 aliam
644 1343 725 1378 hujus
745 1343 784 1370 rei
804 1351 915 1371 causam
934 1351 979 1370 as-

199 1389 288 1424 signat
302 1398 309 1416 :
326 1389 396 1422 Quin
421 1392 446 1415 et
468 1396 565 1415 venena
581 1393 677 1415 terram
692 1389 775 1415 nostri
793 1389 927 1415 misertam
938 1389 979 1415 in-

199 1435 315 1461 stituisse
332 1434 403 1461 credi
423 1438 522 1467 potest,
546 1441 577 1460 ne
599 1434 626 1460 in
649 1433 727 1460 twdio
741 1433 806 1460 dira'
818 1433 879 1460 rita:
899 1433 978 1467 famis

199 1488 280 1512 mors,
296 1485 372 1507 terra:
386 1481 485 1507 meritis
498 1480 671 1511 alienissima,
687 1480 758 1506 lenta
773 1487 820 1506 nos
841 1487 979 1506 consume-

198 1531 238 1553 ret
251 1525 320 1558 tabe,
337 1534 368 1552 ne
384 1526 497 1552 lacerum
511 1532 604 1559 corpus
616 1525 729 1558 abrupta
745 1524 933 1559 dispergerent,
948 1532 979 1550 ne
993 1515 1014 1542 (ἶ

199 1573 285 1607 laquei
312 1576 440 1607 torqueret
465 1579 541 1606 ptena
565 1576 736 1606 pra’postera,
762 1570 865 1596 incluso
885 1570 980 1604 spiritu

198 1620 241 1647 cui
250 1624 411 1654 qucereretur
421 1619 507 1646 exitus
521 1627 530 1645 .'
541 1626 572 1645 ne
592 1618 618 1644 in
627 1617 757 1652 profundo
767 1618 877 1652 quwsita
887 1622 980 1650 morte,

198 1665 334 1700 sepultura
347 1664 443 1700 pabulo
459 1665 543 1698 ﬁeret,
566 1672 597 1690 ne
619 1663 684 1698 ferri
703 1665 837 1690 cruciatus
852 1662 981 1690 scinderet

198 1720 305 1746 corpus.
324 1711 368 1738 Ita
383 1716 421 1738 est
443 1711 562 1742 miserta,
593 1711 680 1745 genuit
700 1710 726 1736 id
744 1710 819 1743 cuius
847 1710 979 1744 facillimo

198 1758 305 1791 haustu,
321 1757 423 1784 illibato
441 1764 558 1791 corpore,
571 1760 595 1782 et
609 1763 667 1782 cum
686 1759 739 1782 lato
755 1756 881 1790 sanguine
895 1756 981 1782 extin-

198 1811 345 1839 guerentur,
359 1802 432 1829 nullo
450 1802 549 1834 labore,
563 1801 712 1828 sitientibus
728 1801 826 1828 similes
844 1809 852 1827 :
867 1801 981 1835 qualiter

198 1849 334 1883 defunctos
349 1856 400 1874 non
411 1846 535 1878 volucris,
549 1854 600 1872 non
612 1845 670 1880 [era
690 1846 839 1880 attingeret,
855 1850 980 1881 terrasque

197 1898 353 1924 servaretur,
360 1893 404 1928 qui
412 1892 461 1920 sibi
471 1893 519 1926 ipsi
527 1892 660 1926 periisset;
669 1896 703 1924 et,
711 1897 738 1918 ut
746 1900 831 1919 verum
839 1892 978 1927 fateantur,

198 1946 268 1968 terra
295 1941 369 1967 nobis
396 1940 527 1966 malarum
556 1938 698 1966 remedium
721 1943 820 1974 genuit,
843 1947 889 1965 nos
912 1938 979 1965 illud

198 1987 256 2013 vita:
286 1987 398 2021 facimus
426 1993 561 2012 venenum.
586 1984 640 2013 Sed
665 1985 731 2020 quid
763 1985 866 2012 diceret
897 1984 979 2012 homo

197 2031 334 2062 ethnicus,
353 2031 425 2057 onmi
448 2031 541 2057 divino
563 2030 666 2057 lumine
686 2031 843 2063 destitutus,
871 2038 979 2066 praeque

199 2076 291 2103 mundi
322 2076 403 2111 hujus
436 2077 548 2104 caducis
575 2076 725 2109 blanditiis,
753 2077 820 2103 nihil
838 2077 978 2105 aestimans

197 2126 337 2155 internum,
349 2122 449 2148 nullam
463 2127 625 2157 exspectans
641 2122 798 2151 felicitatem
810 2123 821 2149 ?

231 2180 289 2207 Col.
309 2179 370 2211 716,
388 2179 436 2206 lin.
462 2179 487 2206 4.
510 2179 545 2206 Τὸ
562 2179 621 2214 μὲν
640 2181 694 2215 γὰρ
705 2179 839 2207 adn-sior.
859 2180 976 2208 Basilius
994 2196 1015 2223 Ι)

197 2226 270 2252 hom.
288 2225 320 2252 5:
334 2225 371 2251 Τὸ
385 2225 433 2260 μὲν
449 2225 502 2261 γὰρ
518 2224 629 2252 κώνειον
638 2226 663 2252 οἱ
678 2226 764 2262 ψᾶρες
776 2226 919 2261 βόσκονται
934 2227 977 2253 διὰ

195 2271 244 2308 τὴν
255 2271 425 2307 κατασκευὴν
447 2271 492 2298 τοῦ
502 2271 627 2306 σώματος
640 2272 688 2308 τὴν
704 2274 736 2299 ὲκ
746 2272 794 2299 τοῦ
811 2272 974 2309 δηλητηρίου

197 2314 298 2351 βλάὸην
321 2315 570 2350 ἀποδιδράσκοντες.
586 2317 709 2348 Λεπτοὺς
718 2317 772 2353 γὰρ
790 2317 897 2352 ἔχοντες
913 2318 977 2348 τοὺς

194 2360 249 2387 ἀπὸ
262 2362 311 2397 τῆς
325 2360 436 2395 καρδίας
449 2361 558 2396 πόρους,
577 2361 723 2396 φθάνουσιν
741 2363 858 2397 ἐκπέψαι
872 2364 902 2389 τὸ
925 2371 976 2389 κα-

194 2406 322 2439 ταποθὲν,
338 2408 401 2444 πρὶν
417 2408 465 2443 τὴν
479 2408 525 2434 ἀπ’
537 2408 618 2435 αὑτοῦ
635 2408 714 2443 ψῦξιν
725 2408 778 2434 τῶν
795 2409 910 2444 καιρὶων
926 2417 976 2435 κα-

194 2451 340 2487 θάψασθαι.
357 2453 512 2481 Alexander
534 2454 719 2488 Aphrodiseus
737 2454 785 2482 lib.
801 2462 820 2487 ι,
841 2453 976 2481 Problem.

194 2499 221 2526 in
237 2499 405 2534 praefatione.
420 2499 511 2532 Quare
528 2506 637 2527 veratro
658 2500 823 2532 coturnices,
843 2504 870 2527 et
888 2500 976 2527 sturni

193 2545 282 2573 cicuta
299 2550 455 2578 vescantur,
470 2546 540 2572 inter
565 2546 732 2580 quaestiones
758 2546 974 2581 inexplicabiles,

193 2590 302 2626 Deoqne
316 2591 367 2618 soli
386 2590 519 2618 duntaxat
539 2595 668 2627 tanquam
687 2599 782 2619 eorum
809 2593 909 2620 artilici
933 2601 977 2621 so-

193 2635 339 2662 lertissimo
350 2637 473 2670 cognitas
488 2637 586 2671 rejicit.

227 2680 308 2713 lbid.,
322 2682 370 2709 lin.
385 2682 412 2710 8.
433 2683 488 2709 Τὸν
503 2683 537 2709 δὲ
555 2683 715 2718 ἑλλέϐορον
727 2683 874 2712 ἐσθίουσι,
898 2685 976 2712 Basi-

193 2725 246 2752 lius
256 2726 328 2754 bom.
343 2727 359 2754 5
370 2737 376 2754 :
395 2728 552 2764 Ἐλλέϐορος
564 2729 591 2756 δὲ
600 2730 722 2764 ὀρτύγων
731 2731 789 2757 ἐστὶ
801 2731 898 2766 τροφὴ,
913 2731 977 2757 ἰδιό-

192 2779 254 2806 τητι
268 2772 392 2806 κράσεως
403 2773 452 2808 τὴν
471 2773 574 2810 βλάϐην
588 2776 806 2810 ἀποφευγόντων.
825 2777 978 2804 Alexander

192 2815 340 2850 Aphrodis.
359 2817 419 2844 loco
431 2818 519 2852 citat.,
537 2821 670 2855 Ὀρτυγές
680 2830 708 2848 τε
724 2821 858 2848 σιτοῦνται
873 2823 918 2849 τὸν
933 2823 976 2850 ὲ).-

1029 212 1150 240 κώνειον.
1164 213 1326 240 Coturnices
1344 212 1408 239 item
1428 211 1541 238 venenis
1558 210 1746 246 pinguescere
1767 214 1832 236 tra—

1029 258 1069 285 dit
1080 257 1185 285 Plinius
1199 257 1248 284 lib.
1264 265 1292 289 x,
1314 264 1376 291 cap.
1396 255 1443 288 25,
1459 255 1645 283 Coturnicibus
1669 255 1769 282 veneni
1782 263 1831 282 se-

1028 315 1086 333 men
1097 306 1265 341 gratissimus
1277 306 1349 332 cibus
1359 313 1368 331 :
1380 313 1458 339 quam
1472 304 1502 332 ob
1516 313 1625 331 causam
1641 312 1687 331 eas
1699 303 1830 331 damna-

1029 361 1084 380 vere
1108 360 1214 384 meum,
1233 352 1360 385 simulque
1380 352 1538 378 comitialem
1563 356 1670 386 propter
1689 350 1825 377 morbum

1028 399 1119 432 despui
1135 404 1248 430 suetant,
1265 406 1341 433 quem
1356 397 1420 424 solm
1431 396 1588 424 animalium
1603 397 1733 425 sentiunt.
1744 404 1827 436 prce:

1028 450 1067 472 ter
1078 445 1219 471 hominem.
1244 443 1273 470 in
1288 444 1330 471 his
1340 443 1427 471 'Plinii
1438 443 1531 470 verbis
1546 442 1633 470 obiter
1648 441 1676 468 id
1687 442 1827 468 animad-

1028 489 1185 516 vertendum
1208 488 1242 516 de
1266 488 1397 515 comitiali
1422 488 1504 514 verbo
1530 494 1584 513 non
1599 486 1728 513 omnibus
1755 493 1826 513 esse

1028 543 1110 562 unam
1129 533 1306 561 sententiam.
1323 533 1482 560 A-rist0teles
1504 533 1530 559 in
1553 531 1685 558 Problem.
1701 532 1751 563 ait,
1765 531 1825 557 Μό-

1027 585 1088 608 νους
1115 575 1274 611 ἀνθρώπους
1293 577 1321 602 ὲν
1338 576 1377 611 τῷ
1386 575 1439 602 τῶν
1460 575 1538 607 ζώων
1550 575 1622 609 γένει
1642 573 1823 608 ἐπιλήπτους

1027 621 1343 657 γίνεσθαι.”ΡΙιιιοι·οΙιιιε
1357 620 1431 648 addit
1454 619 1713 655 capram:.lacobus
1734 618 1824 646 Dele-

1029 669 1162 703 campius.
1193 672 1220 695 et
1249 675 1342 700 canes,
1369 671 1395 694 et
1416 666 1482 694 feles
1498 671 1525 693 et
1543 666 1643 692 arietes
1665 673 1698 692 eo
1714 665 1822 692 morbo

1027 715 1142 750 periisse
1151 722 1180 741 se
1195 713 1295 741 vidisse
1310 717 1446 745 testatur;
1463 719 1561 747 capras
1576 716 1602 738 et
1618 719 1683 738 oves
1696 718 1824 738 eomor-

1029 761 1063 787 bo
1081 760 1173 788 vexari
1188 760 1270 786 tradit
1294 758 1473 793 Hippocrates
1500 758 1548 785 lib.
1571 757 1641 791 Περὶ
1654 757 1710 791 τῆς
1729 756 1822 791 ἱερῆς

1027 807 1133 832 νόσου·
1148 812 1233 840 equos
1243 804 1385 839 Apsyrtus;
1397 803 1551 838 accipitres,
1563 807 1590 830 et
1604 803 1733 838 graculos
1748 802 1822 829 Bro—

994 846 1015 873 Β
1029 852 1104 880 dazus
1119 851 1166 878 lib.
1179 859 1220 883 ιιι,
1237 857 1287 886 cap
1299 850 1349 883 25;
1370 850 1469 877 Sextus
1485 857 1549 877 vero
1566 849 1724 884 Etnpiricus
1743 848 1821 883 Pyr-

1028 897 1207 932 r/ion.Hypot.
1223 896 1270 923 lib.
1285 904 1304 926 ι,
1319 903 1373 923 non
1385 895 1564 928 helleborum,
1574 895 1620 923 sed
1630 895 1751 922 cicutam
1767 902 1818 921 co-

1028 943 1149 969 turnices
1158 941 1270 976 pinguel'
1270 948 1358 974 acere,
1366 941 1445 968 sicuti
1455 940 1637 976 hyoscyamus
1643 948 1709 968 sues
1717 940 1817 967 refert:

1028 989 1065 1015 Τὸ
1077 987 1141 1022 γοῦν
1153 987 1263 1014 κώνειον
1280 987 1380 1013 πιαίνει
1394 986 1456 1017 τοὺς
1464 985 1590 1020 ὄρτυγας,
1603 986 1650 1012 καὶ
1665 987 1679 1013 ὁ
1693 986 1818 1012 ὑοσκύαμ-

1030 1043 1079 1070 μος
1090 1034 1138 1065 τὰς
1145 1031 1187 1067 ὗς,
1196 1033 1223 1060 αἳ
1231 1033 1263 1068 δὴ
1271 1033 1394 1068 χαίρουσι
1406 1034 1451 1060 καὶ
1463 1033 1652 1068 σαλαμάνδρας
1662 1032 1818 1059 ὲσθίουςιιι.

1064 1079 1144 1112 lbid.,
1160 1079 1208 1106 lin.
1223 1079 1249 1106 9.
1268 1079 1318 1105 Διὰ
1335 1078 1369 1105 δὲ
1384 1079 1436 1105 τοῦ
1447 1078 1664 1113 μανδραγόρου.
1680 1077 1815 1108 Basilius,

1029 1126 1102 1153 hom.
1119 1126 1153 1153 5:
1168 1125 1227 1152 Ἔτι
1242 1125 1269 1152 δὲ
1287 1126 1333 1151 καὶ
1345 1125 1413 1151 αὐτὰ
1429 1125 1514 1151 ταῦτα
1531 1125 1559 1151 ἐν
1579 1124 1667 1160 καιρῷ
1682 1132 1748 1150 ποτε
1767 1123 1815 1150 καὶ

1029 1172 1094 1206 ἡμῖν
1115 1171 1247 1206 χρήσιμα.
1262 1170 1310 1197 Διὰ
1330 1170 1379 1206 μὲν
1393 1170 1447 1206 γὰρ
1463 1170 1509 1196 τοῦ
1524 1170 1712 1206 μανδραγόρου
1729 1169 1816 1195 ὕπνον

1030 1217 1117 1252 ίατρολ.
1144 1217 1342 1250 κατεπείγουσιν
1363 1224 1369 1230 ·
1389 1215 1459 1249 ὁπίῳ
1474 1216 1501 1241 δὲ
1515 1215 1563 1247 τὰς
1586 1215 1704 1250 σφοδρὰς
1717 1215 1815 1246 ὀδύνας

1028 1262 1082 1289 τῶν
1095 1262 1227 1297 σωμάτων
1241 1261 1480 1297 κατακοιμίζουσιν
1492 1270 1499 1276 ·
1512 1261 1561 1296 ἤδη
1581 1261 1610 1287 δέ
1621 1269 1692 1292 τινες
1704 1260 1745 1296 τῷ
1762 1269 1816 1287 κω-

1029 1308 1091 1344 νείῳ
1106 1309 1152 1335 καὶ
1172 1309 1203 1334 τὸ
1226 1307 1360 1339 λυσσῶδες
1387 1307 1440 1334 τῶν
1462 1307 1577 1342 ὀρέξεων
1607 1307 1816 1342 κατεμάραναν,

1029 1354 1076 1380 καὶ
1095 1353 1133 1389 τῷ
1160 1354 1291 1390 ἐλλεϐόρῳ
1306 1353 1391 1379 πολλὰ
1406 1353 1460 1379 τῶν
1474 1353 1588 1388 χρονίων
1608 1352 1703 1379 παθῶν
1720 1351 1816 1388 ἐξεμό-

1030 1400 1154 1435 χλευσαν.
1171 1399 1280 1426 Plenam
1299 1399 1486 1434 mandragora:
1503 1399 1593 1426 herbae
1611 1398 1815 1426 consideratio-

1030 1454 1091 1474 ncm
1105 1446 1188 1473 habes
1204 1446 1274 1481 apud
1293 1445 1409 1472 Plinium
1426 1445 1473 1472 lib.
1489 1453 1553 1477 xxv,
1570 1452 1630 1479 cap.
1645 1445 1689 1477 15,
1706 1444 1733 1471 in
1747 1451 1815 1479 quo,

1031 1496 1057 1519 et
1073 1491 1132 1526 ejus
1147 1492 1174 1518 in
1190 1492 1335 1518 medicinis
1348 1499 1414 1518 usus
1429 1491 1591 1525 explicatur,
1604 1490 1668 1524 ejus
1682 1490 1747 1516 item
1758 1489 1813 1515 vim

1032 1537 1200 1565 somniﬁcam
1216 1538 1253 1564 ita
1263 1537 1399 1572 explicat:
1415 1529 1492 1562 Folia
1508 1540 1696 1562 conservantur
1710 1535 1738 1561 in
1755 1542 1815 1561 mu-

1033 1584 1073 1609 ria
1088 1582 1227 1617 efﬁcacius,
1246 1582 1314 1608 alias
1331 1582 1473 1608 recentium
1490 1589 1583 1608 succus
1602 1581 1683 1615 pestis
1694 1585 1734 1607 est
1752 1588 1762 1607 :
1777 1581 1814 1606 sic

1031 1637 1131 1664 quoque
1145 1629 1231 1655 noxia?
1243 1629 1318 1655 vires.
1339 1627 1510 1655 Gravedinem
1525 1629 1606 1654 etiam
1618 1627 1814 1662 u/feruntolja-

1032 1681 1074 1702 ctu
1090 1683 1098 1702 :
1111 1683 1260 1710 quanquam
1274 1675 1344 1701 mala
1355 1675 1381 1702 in
1395 1675 1525 1710 aliquibus
1546 1675 1622 1702 terris
1639 1675 1812 1704 mandantur.

1031 1722 1112 1748 nimio
1131 1726 1217 1747 tamen
1225 1721 1304 1747 odore
1319 1721 1498 1747 obmutescunt
1510 1721 1605 1755 ignari.
1625 1719 1696 1747 Potu
1710 1720 1814 1755 quidem

1031 1766 1145 1802 largiore
1164 1767 1243 1793 etiam
1258 1766 1415 1794 moriuntur.
1441 1765 1483 1792 Vis
1499 1765 1635 1800 somni/ica
1649 1773 1696 1800 pro
1716 1766 1813 1793 viribus

1032 1813 1183 1840 bibentium.
1203 1812 1290 1839 Media
1305 1812 1375 1847 potio
1388 1812 1477 1847 cyathi
1490 1815 1578 1839 unius.
1593 1811 1699 1838 Bibitur
1708 1817 1735 1838 et
1751 1820 1813 1838 con—

1031 1863 1072 1884 tra
1088 1863 1228 1893 serpentes,
1244 1863 1267 1884 et
1283 1863 1343 1884 ante
1357 1858 1483 1884 sectiones
1504 1858 1702 1892 punitionesque
1712 1865 1743 1884 ne
1753 1865 1812 1883 sel-

1032 1904 1142 1930 tiantur.
1159 1903 1198 1930 0b
1221 1903 1275 1929 lucc
1292 1904 1358 1929 satis
1378 1907 1416 1929 est
1439 1902 1568 1936 aliquibus
1589 1910 1710 1929 somnum
1734 1902 1813 1930 odore

1030 1950 1164 1984 qutvsisse.
1185 1949 1290 1975 Bibitur
1312 1953 1336 1975 et
1356 1956 1403 1982 pro
1425 1948 1554 1975 ltelleboro
1570 1948 1670 1975 duobus
1688 1948 1770 1974 ubulis
1786 1949 1813 1975 in

1030 1995 1125 2023 mulso.
1146 1994 1367 2030 EtTheoplu-ast.
1386 1994 1457 2021 Hist.
1472 1996 1559 2029 plant.
1578 1996 1623 2022 ιιι).
1641 2003 1678 2028 lx,
1693 2003 1753 2030 cap.
1766 1996 1810 2027 10,

1030 2042 1163 2077 Καθάπερ
1181 2043 1228 2069 καὶ
1241 2042 1287 2068 τοῦ
1301 2042 1488 2078 μανδραγόρου
1503 2042 1533 2068 τὸ
1546 2042 1593 2070 μὲν
1606 2042 1704 2076 φύλλον
1718 2043 1812 2078 χρήσι-

1032 2097 1080 2123 μον
1104 2087 1172 2114 εἷναί
1195 2096 1259 2122 φασι
1280 2088 1347 2123 πρὸς
1372 2088 1406 2114 τὰ
1423 2088 1488 2124 ἕλκη
1507 2089 1566 2123 μετ’
1585 2088 1708 2122 ἀλφίτου,
1724 2088 1771 2123 τὴν
1785 2088 1812 2114 δι

1030 2135 1108 2171 ῥίζαν
1123 2135 1189 2170 πρὸς
1206 2134 1368 2170 ἐρυσίπελας
1385 2134 1525 2167 ξανθείσάν
1545 2144 1574 2162 τε
1588 2135 1634 2168 καξι
1648 2135 1702 2167 ὄξει
1714 2135 1811 2162 δευθεῐ-

1031 2189 1090 2212 σαν,
1104 2181 1151 2207 καὶ
1167 2181 1235 2216 πρὸς
1248 2180 1282 2207 τὰ
1298 2181 1462 2217 ποδαγρικὰ,
1473 2182 1519 2208 καὶ
1530 2181 1598 2217 πρὸς
1609 2181 1692 2208 ὕπνον
1703 2182 1749 2208 καὶ
1759 2182 1811 2216 φίλ-

1029 2236 1090 2263 τρα.
1109 2227 1215 2254 Διδόασι
1230 2227 1257 2254 δὲ
1278 2229 1306 2254 ὲν
1320 2228 1411 2263 οῐνῳῆ
1427 2229 1456 2254 ὲν
1473 2228 1539 2260 ὖξει.
1556 2227 1690 2262 Τέμνουσι
1706 2228 1735 2255 δὲ
1752 2237 1812 2264 τρο-

1030 2275 1140 2309 χίσκους
1165 2273 1258 2310 ὥςπερ
1282 2274 1599 2310 ραφανίδος,ὲνείραντες
1614 2274 1642 2300 δὲ
1661 2275 1690 2301 ἐν
1707 2274 1810 2308 γλεύκει

1031 2320 1184 2355 ἐκρέμασαν
1194 2320 1263 2356 ὑπὲρ
1272 2320 1385 2347 καπνοῦ.
1400 2320 1433 2347 Et
1448 2320 1598 2355 Xenophon
1611 2321 1638 2347 in
1649 2319 1787 2355 Symposio
1801 2331 1807 2348 ε

1031 2365 1075 2401 Τῷ
1091 2365 1144 2401 γὰρ
1158 2366 1213 2392 ὄντι
1226 2364 1296 2397 οἶνος
1310 2367 1397 2402 ἄρδων
1410 2367 1459 2398 τὰς
1473 2366 1561 2401 ψυχὰς
1591 2366 1640 2399 τὰς
1663 2367 1713 2402 μὲν
1727 2367 1810 2398 λύπας

1027 2412 1121 2448 ὥσπερ
1136 2413 1150 2438 ὁ
1166 2412 1356 2449 μανδραγόρας
1370 2412 1432 2444 τοὺς
1449 2411 1608 2448 ἀνθρώπους
1623 2413 1751 2448 κοιμίζει,
1765 2414 1810 2444 τὰς

1027 2458 1054 2484 δὲ
1071 2458 1277 2494 φιλοφροσύνας,
1289 2459 1383 2494 ὥσπερ
1397 2458 1485 2485 ἔλαιον
1499 2458 1584 2493 φλόγα
1593 2459 1706 2494 ἐγείρει.
1720 2458 1746 2485 In
1759 2467 1810 2493 quo

1029 2504 1218 2539 Xenophontis
1238 2506 1296 2531 loco
1312 2505 1485 2540 interpretem
1502 2506 1693 2535 allucinatum,
1711 2509 1738 2532 et
1753 2504 1810 2532 Pie-

1030 2551 1100 2577 rium
1123 2550 1295 2582 Valerianus,
1311 2551 1358 2578 lib.
1386 2559 1461 2584 Lvm,
1477 2551 1545 2578 c.dc
1562 2551 1739 2584 Malldrugtwn
1754 2559 1810 2577 ver-

1030 2599 1106 2623 sione.
1126 2596 1208 2630 hujus
1223 2596 1379 2631 deceptum,
1395 2597 1496 2631 optime
1519 2597 1661 2623 annotavit
1674 2597 1718 2623 vir
1733 2597 1757 2622 in
1769 2603 1810 2622 sa-

1030 2642 1085 2669 cris
1097 2642 1265 2676 explicandis
1280 2642 1431 2677 Scripturis
1441 2642 1543 2669 nemini
1554 2642 1692 2669 secundus
1702 2642 1808 2669 Michael

1029 2687 1173 2719 Gislerius,
1184 2695 1262 2722 queui
1276 2696 1383 2722 semper
1393 2688 1508 2714 maxime
1515 2688 1664 2715 admiratus
1674 2695 1734 2715 sum
1742 2689 1808 2722 ejus-

1030 2740 1082 2767 que
1105 2734 1186 2760 verba
1209 2734 1326 2760 maximo
1341 2741 1402 2760 meo
1425 2741 1476 2760 usu
1489 2737 1516 2760 et
1539 2735 1681 2761 commodo
1709 2741 1808 2769 semper

1030 2779 1136 2814 excepi,
1147 2780 1210 2806 etin
1230 2780 1300 2806 hanc
1313 2779 1383 2806 diem
1394 2779 1512 2814 excipio,
1527 2787 1608 2813 quem
1622 2779 1718 2806 multis
1736 2781 1806 2807 annis

1030 2823 1159 2853 Ecclesia:
1173 2825 1314 2853 catholica:
1328 2825 1437 2852 utilitati
1450 2825 1582 2853 bonorum
1601 2825 1724 2852 omnium
1745 2828 1808 2854 votis
