1903 3068
57 151 115 179 845

542 153 575 180 IN
593 151 778 180 EUSTATIIII
800 149 1036 177 HEXA‘EMERON
1052 148 1166 177 ΝΟΤΑΞ.

1632 140 1684 175 sic

63 211 138 238 Deus
152 211 326 246 superstitem
341 215 368 239 et
383 212 546 240 incolumem
565 218 720 243 conservet,
742 213 768 238 in
783 219 847 238 eru-
863 215 883 241 A
899 211 1026 245 superius
1049 209 1157 236 direrat
1182 216 1263 234 anum
1283 208 1429 242 quamdam
1450 207 1567 234 Atticam
1590 207 1686 234 cicut-

63 257 218 289 ditissimis,
235 258 376 292 solidaque
387 258 522 290 doctrina,
541 259 640 293 pie-tate
654 266 686 285 ac
700 266 764 286 vera
782 258 846 285 reli-

63 303 143 337 gione
160 302 269 330 refertis
286 303 491 331 Commentariis
509 305 535 331 in
559 305 638 332 Cant.
664 305 775 334 omnia,
802 311 846 330 ca-

62 346 113 380 pit.
130 354 177 376 vu,
191 354 262 373 vers.
282 346 325 378 I5,
337 346 508 380 expositione
525 347 622 381 prima.
639 346 676 374 De
686 347 737 374 hac
752 347 848 374 eadem

62 401 93 420 re
110 393 204 420 eadem
225 392 407 423 Dioscorides,
426 393 542 428 indeque
556 394 658 420 factum
674 394 848 428 proverbium

61 438 185 466 Lttciano
199 440 226 466 in
243 438 360 472 Timone,
372 440 439 465 ὃπου
449 448 481 474 γε
498 439 624 476 καθάπερ
634 441 686 466 ὑπὸ
699 441 850 476 μανδραγό-

61 493 111 520 ρου
127 484 276 516 καθεύδεις,
288 490 314 511 et
327 483 500 511 Demostheni
510 485 537 511 in
549 492 574 511 IV
591 484 746 519 Philippica,
764 484 849 510 Ἀλλ’-

64 531 124 557 οΰδ⁵
149 530 329 565 ἀνεγερθῆναι
364 530 523 566 δυνάμεθα,
557 531 625 557 ἀλλὰ
661 530 849 567 μανδραγόραν

60 576 216 608 πεπτωκόσι,
238 576 264 602 εῖ
279 585 304 602 τι
325 577 470 611 φάρμακον
485 576 549 603 ἄλλο
572 577 703 608 τοιοῦτον,
723 576 850 612 ἐοίκαμεν

60 621 227 657 ἀνθρώποις.
257 621 324 650 Vide
340 622 509 657 Rodiginum,
528 623 589 650 libr.
611 631 677 655 xvn,
699 623 782 658 capit.
803 623 847 650 24.

60 666 218 694 Notandum
230 668 302 702 quod
319 667 525 703 Theophrastus
537 669 574 695 ait
588 669 797 704 mandragoram
816 669 849 696 ad

61 720 183 744 amores,
200 717 227 740 et
242 713 341 748 philtra
356 714 520 746 conducere,
538 720 564 742 et
579 719 677 749 praeter
691 714 850 750 Theophra-

61 763 137 786 stum
150 759 220 786 idem
235 763 351 787 testatur
366 759 549 793 Dioscorides,
561 760 727 796 Epiphanius
741 761 767 787 in
777 760 851 796 Phy.

61 803 176 838 siologo,
186 808 213 831 et
221 805 265 831 alii
277 813 283 835 ;
295 804 336 831 sic
344 804 418 831 enim
434 804 522 832 locum
533 805 607 831 illum
622 803 760 832 Geneseos
773 805 852 831 intel-

62 849 143 883 liges,
163 849 209 876 sed
219 850 253 876 de
269 849 321 877 hoc
337 850 364 876 in
381 850 484 878 nostris
501 850 744 878 exercitationibus
759 851 848 885 plura.

899 257 1007 291 triginta
1023 255 1116 282 holcas
1129 255 1189 282 sine
1204 253 1303 280 damno
1319 254 1468 281 sorbuisse.
1485 251 1538 280 Ἦν
1551 253 1590 284 δὲ,
1609 252 1684 287 φασὶ,

898 302 984 338 γραῦς
1005 301 1113 336 Ἀττικὴ
1137 300 1281 336 τριάκοντα
1311 299 1391 331 ὁλκὰς
1408 299 1519 326 κωνείου
1538 298 1687 330 ἀκινδύνως

899 347 1114 384 προσφερομένη.
1134 346 1188 374 Res
1211 346 1291 373 etiam
1319 350 1412 372 notatu
1428 345 1509 380 digna
1522 349 1573 372 est.
1594 344 1688 372 Refert

899 395 1104 429 Theophrastus
1136 392 1173 419 De
1189 392 1282 419 histor.
1302 391 1397 426 plant.,
1424 391 1470 418 lib.
1498 399 1535 422 ix,
1560 398 1621 425 cap.
1641 390 1686 420 18.

898 441 1048 467 Eudemum
1071 439 1170 466 Chium
1191 438 1286 473 viginti
1307 438 1375 465 duas
1397 437 1544 471 aliquando
1561 437 1688 472 potiones

902 485 1032 512 hellebori
1049 492 1104 511 uno
1121 485 1165 511 die
1179 484 1411 518 sumpsisse,cum
1427 482 1479 509 fori
1498 483 1568 517 apud
1585 490 1688 510 merces

899 530 1015 561 sederet,
1034 538 1082 557 nec
1103 530 1257 557 surrexisse
1277 530 1436 564 priusquam
1454 532 1527 555 esset
1547 528 1688 557 meridies.

900 582 965 603 tunc
987 583 1053 603 vero
1074 576 1156 602 domo
1176 575 1260 610 petita
1278 574 1388 602 balneas
1412 575 1576 609 ingressum,
1594 580 1689 600 cuma-

900 628 1013 657 tumque
1038 629 1114 649 more
1131 622 1222 653 solito,
1247 628 1297 649 nec
1313 620 1462 656 quidquam
1477 619 1642 647 evomuisse.
1660 619 1689 646 Id

900 673 990 695 tamen
1008 668 1109 695 auxilio
1122 667 1240 702 quodam
1256 671 1409 703 prmparato
1421 667 1578 702 perfecisse,
1594 673 1691 701 quam-

900 715 942 741 vis
967 719 1077 749 propter
1103 714 1221 742 hominis
1250 713 1476 742 consuetudinem
1501 713 1631 748 pleraque
1657 720 1692 740 ex

901 761 1110 788 medicamentis
1123 762 1176 787 vim
1193 768 1270 788 suam
1285 761 1410 788 amittere
1429 768 1480 788 nec
1499 760 1617 796 amplius
1633 767 1691 787 mc-

901 803 1055 831 dicamenta
1078 813 1139 832 esse
1162 812 1242 840 posse
1266 805 1421 840 negandum
1443 813 1497 832 non
1514 806 1568 839 sit,
1584 805 1692 840 hocque

902 850 985 877 refert
999 858 1032 878 ex
1049 850 1238 886 Theophrasto
1255 851 1415 886 Apollonius
1437 852 1463 878 in
1492 851 1587 879 histor.
1606 851 1692 878 Mira-

61 894 135 931 Quid
152 896 271 923 herbarii
289 896 450 931 prmripiant
464 897 490 924 in
503 897 630 930 secanda,
642 898 850 934 colligendaque
866 897 886 924 Β
900 896 1009 927 bilibus,
1034 897 1085 923 etsi
1105 901 1210 923 mutato
1232 897 1340 924 nomine
1362 902 1389 924 et
1411 904 1460 932 pro
1482 897 1618 929 Eudemo,
1636 897 1691 924 Eu-

63 941 250 976 Inandragora
277 942 393 969 habetur
417 943 486 978 apud
506 944 722 978 Theophrastum
743 943 846 971 Hister.

60 987 148 1019 plant.
162 987 209 1014 lib.
219 996 254 1019 ix,
268 995 292 1015 c.
311 988 338 1020 9,
353 992 378 1015 et
389 988 631 1021 Pliniumlib.xxv,
644 997 702 1024 cap.
716 990 758 1017 l3.
768 989 849 1018 Plura

61 1033 98 1060 de
116 1033 165 1059 hac
178 1034 260 1060 herba
273 1038 299 1061 et
313 1035 373 1069 ejus
386 1035 536 1063 virtutibus
552 1035 671 1063 Levinus
683 1036 849 1064 Lemniasin

62 1077 252 1112 Explicatione
264 1079 367 1108 herbar.
383 1079 485 1113 biblic.,
499 1089 558 1115 cap.
571 1081 598 1109 2.
806 1086 809 1089 ’

100 1124 158 1151 Col.
171 1124 233 1158 7I6,
248 1125 294 1152 lin.
308 1125 348 1152 10.
364 1126 418 1153 Kal
430 1126 470 1159 τῷ
490 1127 564 1160 ἀπίῳ
584 1127 636 1160 τὰς
653 1127 796 1162 σφοδράς,
813 1128 850 1156 De

61 1171 119 1205 opii
137 1171 332 1205 przeparatione
346 1175 373 1199 et
386 1180 436 1199 usu
451 1173 478 1200 in
498 1174 641 1201 medicinis
654 1173 758 1202 Plinius
777 1173 848 1203 Hist.

62 1221 154 1243 natur.
171 1216 217 1243 lib.
237 1224 284 1248 xx,
301 1224 360 1251 cap.
376 1217 428 1250 18;
448 1218 511 1246 huic
527 1219 580 1245 vim
595 1226 647 1246 non
672 1219 850 1254 soporiferam

62 1263 157 1292 modo,
184 1269 277 1289 verum
306 1263 329 1290 si
352 1263 490 1298 copiosior
516 1264 658 1291 hauriatur
682 1265 850 1293 mortiferam

63 1309 173 1337 tribuit.
194 1314 221 1335 et
235 1308 354 1337 Galenus
370 1311 495 1345 pluribus
510 1311 536 1338 in
553 1312 630 1339 locis.

99 1354 168 1381 Ibid.
185 1351 226 1388 Τῷ
239 1355 273 1381 δὲ
294 1356 403 1390 κωνείῳ
424 1357 476 1390 τὰς
496 1357 674 1392 λυσσὼδεις.
703 1359 740 1387 De
762 1360 851 1387 cicuta

61 1405 89 1428 et
106 1401 168 1435 ejus
182 1401 308 1429 remediis
324 1402 427 1431 Plinius
445 1403 492 1430 lib.
513 1412 574 1435 xxv,
590 1412 650 1439 cap.
672 1406 788 1438 ultimo;
807 1414 853 1434 va-

62 1446 133 1472 riam
154 1453 244 1474 autem
263 1448 359 1475 cicutae
381 1449 606 1483 praeparationem
629 1451 662 1478 ad
687 1452 791 1479 obitum
808 1453 851 1480 in-

62 1491 208 1519 Fcreudum
237 1493 342 1521 lacileai
367 1497 394 1520 et
421 1495 524 1529 absque
560 1495 615 1522 ullo
645 1495 738 1524 dolore
771 1497 853 1525 refert

61 1537 246 1573 Theophrast.
263 1539 333 1567 Hist.
359 1541 443 1575 plant.
466 1541 483 1568 l.
509 1549 546 1573 Ix,
566 1550 628 1577 cap.
645 1543 687 1575 ΓΙ,
706 1548 853 1580 narratque

61 1584 147 1610 etiam
168 1585 296 1612 Chiorum
322 1586 395 1613 circa
418 1586 468 1613 hoc
495 1588 615 1615 studium
634 1593 660 1616 et
676 1590 850 1622 industriam,

61 1630 110 1664 qui
130 1630 205 1657 illam
223 1639 278 1658 non
297 1632 429 1664 terebant,
447 1634 492 1660 sed
513 1634 635 1662 detracto
650 1636 767 1670 tegmine
780 1636 854 1671 quod

61 1674 252 1703 diﬂicultatem
277 1681 376 1708 movet.
403 1679 532 1713 quoniam
556 1681 689 1716 concoqui
711 1689 781 1716 aegre
805 1690 853 1717 po-

61 1726 128 1752 test,
155 1722 254 1756 pistam
280 1723 306 1750 in
331 1725 462 1751 mortario
492 1725 651 1758 tundebant,
673 1731 701 1754 et
723 1729 854 1762 pmtenui

61 1768 159 1794 cribro
173 1769 362 1796 transmissam
375 1789 382 1802 ,
401 1777 471 1805 aqua
490 1771 642 1805 inspersam
658 1772 795 1804 bibebant,
811 1778 851 1800 at-

61 1821 118 1847 que
141 1813 178 1839 ita
201 1814 293 1841 obitus
317 1815 389 1842 celer
413 1816 554 1851 facilisque
580 1817 732 1845 eveniebat.
749 1818 809 1845 Ὂτι
825 1818 854 1845 δὲ

59 1859 187 1894 διαφέρει
205 1859 237 1886 τὸ
255 1860 374 1895 χρῆσθαι
397 1870 455 1894 πως
476 1862 583 1898 ἑκάστῳ
597 1863 714 1898 φανερὸν
734 1863 766 1890 ὲκ
791 1864 856 1890 πολ-

60 1905 128 1932 λῶν.
152 1906 229 1932 Ἐπεὶ
244 1907 291 1933 καὶ
305 1908 386 1939 Χίους
403 1908 468 1943 φασὶ
484 1908 523 1944 τῷ
545 1909 648 1944 κωνείῳ
662 1910 792 1946 πρότερον
807 1911 855 1946 οὐχ

59 1951 147 1983 οὕτω,
168 1952 235 1978 ἀλλὰ
248 1953 398 1989 τρίϐοντας,
423 1954 549 1990 καθάπερ
573 1957 597 1982 οἱ
618 1956 702 1989 ἄλλοι,
726 1957 853 1992 χρῆσθαι.

61 1998 122 2024 Νῦν
147 1998 176 2024 δὲ
200 1999 260 2025 οὐδὲ
286 1999 330 2026 ἂν·
346 1994 385 2032 it;
403 2000 534 2036 τρίψειεν,
554 2001 621 2029 ἀλλὰ
647 2003 856 2038 περιπτίσαντες

60 2043 112 2069 καὶ
128 2042 272 2077 ἀφελόντες
287 2044 318 2070 τὸ
336 2043 449 2078 κέλυφος
475 2045 564 2081 (τοῦτο
580 2046 634 2082 γὰρ
648 2047 678 2072 τὸ
693 2047 741 2082 τὴν
761 2047 856 2082 δυσχέ-

62 2096 141 2124 ρειαν
159 2089 275 2124 παρέχον
295 2089 526 2126 δυσκατέργαστον
537 2091 595 2127 ὃν),
617 2092 686 2126 μετὰ
710 2092 795 2119 ταῦτα
811 2093 856 2119 κό-

61 2142 178 2160 πτουσιν
200 2136 229 2161 ἐν
249 2136 288 2171 τῷ
306 2136 391 2172 ὅλμῳ,
408 2138 455 2164 καὶ
467 2137 656 2169 διαπτίσαντες
671 2137 773 2167 λεπτὰ,
795 2139 855 2165 ὲπι-

61 2180 214 2212 πάττοντες
230 2181 273 2216 ἐφ’
287 2181 358 2218 ὓδωρ
375 2182 508 2214 πῖνουσινξ
528 2182 598 2210 ὥστε
612 2184 722 2218 ταχεῖαν
736 2183 782 2210 καὶ
797 2183 858 2210 tta-

900 950 1011 969 nomum
1028 943 1142 976 Scribat,
1157 948 1183 971 et
1197 943 1348 971 Eudemum
1363 945 1612 980 Pharmacopolam,
1629 954 1693 973 cum

900 988 1021 1016 Eudemo
1043 990 1111 1017 Chio
1138 991 1298 1024 confundat,
1315 991 1363 1019 sed
1387 992 1421 1020 de
1442 993 1485 1020 his
1505 993 1583 1028 plura
1600 993 1628 1020 in
1644 1001 1694 1020 nov

901 1035 967 1062 stris
980 1043 1149 1071 synonymis.

937 1079 1016 1113 Ibid.,
1034 1082 1081 1109 lin.
1097 1082 1138 1108 15.
1152 1083 1206 1109 Kal
1224 1083 1322 1110 πάντα
1336 1083 1433 1118 ἑνμιᾷ
1448 1084 1562 1118 καιροῦ.
1576 1083 1693 1111 Basilius

900 1126 974 1153 hom.
992 1134 1018 1153 ιν
1032 1135 1038 1154 :
1054 1127 1145 1153 Πάντα
1162 1128 1190 1154 ὲν
1208 1129 1256 1164 μιᾷ
1272 1128 1367 1163 καιροῦ
1385 1129 1465 1164 ῥοπῇ,
1482 1129 1531 1154 οὑκ
1547 1128 1610 1154 ὄντα
1628 1129 1693 1163 πρό-

901 1180 987 1207 τερον,
1005 1171 1075 1207 ὑπὲρ
1090 1172 1138 1207 τῆς
1152 1173 1203 1208 γῆς
1215 1174 1254 1204 εἰς
1268 1174 1298 1200 τὸ
1313 1171 1383 1200 εἶναι
1405 1173 1537 1209 παρῆλθε,
1561 1172 1628 1208 μετὰ
1643 1173 1693 1208 τῆς

901 1217 1003 1248 οἰκείας
1014 1217 1128 1243 ἕκαστον
1139 1217 1268 1253 ἰδιότητος
1280 1218 1489 1254 ὲναργεοτάταις
1500 1219 1547 1253 μὲν
1554 1218 1694 1253 διαφοραῖς

901 1263 955 1289 ἀπὸ
971 1262 1023 1289 τῶν
1044 1263 1207 1298 ὲτερογενῶν
1226 1263 1406 1300 χωριζόμενα,
1422 1264 1514 1300 οἰκείῳ
1529 1263 1556 1290 δὲ
1579 1264 1694 1290 ἕκαστον

902 1307 1101 1343 γνωριζόμενον
1115 1310 1279 1345 χαρακτῆρι.

937 1353 1016 1386 lbid.,
1031 1355 1079 1382 lin.
1103 1355 1146 1382 I7.
1161 1356 1216 1382 Kal
1247 1357 1359 1382 τούτων
1379 1356 1415 1384 τὰ
1431 1357 1490 1391 μέν
1507 1357 1583 1383 ἐστι.
1605 1357 1633 1383 In
1650 1364 1695 1384 ar-

903 1399 1015 1428 boribus
1030 1401 1101 1428 sicut
1112 1405 1138 1428 et
1154 1401 1181 1428 in
1196 1401 1360 1429 animalibus
1378 1409 1440 1430 esse
1463 1403 1580 1437 speciem
1599 1410 1696 1437 quam-

903 1445 977 1477 dam,
991 1449 1018 1472 et
1037 1446 1165 1482 figuram,
1182 1454 1263 1481 quam
1287 1452 1383 1475 auctor
1396 1451 1490 1475 noster
1505 1448 1694 1476 characterem

904 1491 1032 1525 appellat,
1049 1499 1101 1526 qua
1123 1496 1150 1519 et
1176 1492 1211 1519 ab
1231 1492 1292 1519 aliis
1315 1492 1409 1520 divisa:
1432 1497 1648 1528 cognoscuntur.
1670 1498 1697 1522 et

905 1543 962 1563 suae
983 1542 1088 1564 naturae
1113 1545 1183 1572 opus
1207 1545 1335 1566 exercere
1356 1539 1475 1570 valeant,
1494 1539 1560 1566 nulli
1582 1539 1696 1567 dubium

906 1590 1024 1618 unquam
1039 1583 1091 1610 fuit
1106 1591 1156 1610 nec
1172 1584 1235 1610 erit.
1253 1583 1319 1617 Quae
1334 1584 1420 1611 forma
1440 1593 1472 1612 ex
1489 1585 1616 1612 omnibus
1632 1592 1696 1620 par-

905 1629 979 1656 tibus
1003 1630 1075 1656 sumi
1102 1634 1202 1664 potest,
1223 1631 1249 1657 in
1266 1639 1319 1657 una
1335 1631 1406 1658 enim
1428 1631 1493 1658 dmn
1510 1631 1628 1664 variant,
1644 1631 1696 1658 etsi

904 1675 932 1701 in
955 1675 1016 1702 aliis
1038 1677 1214 1708 conveniunt,
1240 1678 1355 1706 diversae
1379 1682 1470 1706 tamen
1496 1686 1548 1706 nec
1572 1677 1696 1714 ejusdem

905 1723 1005 1756 speciei
1028 1722 1236 1757 judicabantur.
1264 1724 1332 1752 Hinc
1357 1725 1483 1759 quaedam
1512 1726 1575 1753 latis
1602 1726 1694 1760 foliis,

906 1767 965 1794 aliae
979 1768 1094 1801 strictis,
1118 1770 1231 1797 serratis
1252 1770 1322 1803 alire,
1344 1771 1404 1798 alia:
1428 1771 1455 1798 in
1478 1771 1562 1798 alium
1585 1772 1696 1799 modum

905 1815 1044 1849 expansis.
1065 1815 1111 1842 Sic
1135 1816 1168 1843 de
1189 1817 1302 1848 cortice,
1319 1817 1414 1849 ramis,
1431 1817 1580 1850 radicibus,
1596 1817 1696 1846 fructi-

906 1860 967 1890 bus.
981 1865 1007 1887 et
1021 1861 1093 1888 aliis.
1109 1861 1222 1888 Summa
1237 1866 1328 1890 tamen
1340 1871 1435 1890 eorum
1449 1871 1548 1898 genera
1562 1863 1696 1892 habemus

906 1912 938 1932 ex
957 1905 1146 1940 Theophrasto
1171 1907 1219 1933 lib.
1239 1915 1247 1934 ι
1265 1906 1303 1934 De
1318 1907 1411 1935 histor.
1435 1908 1531 1942 planl.,
1550 1915 1610 1943 cap.
1627 1908 1653 1939 6,
1669 1913 1698 1936 et

907 1951 972 1978 alibi
989 1961 997 1978 -.
1013 1952 1137 1986 quaedam
1153 1952 1225 1980 enim
1246 1961 1340 1980 earum
1356 1957 1420 1981 sunt
1435 1953 1556 1988 urbanae,
1572 1953 1696 1988 quaedam

907 1998 1064 2029 silvestres,
1086 1998 1210 2033 quaedam
1235 1998 1398 2031 fructiferm,
1424 1999 1548 2034 quaedam
1576 2000 1696 2030 steriles.

907 2043 1029 2078 quredam
1046 2042 1182 2074 ﬂoriferre,
1194 2043 1254 2070 aliae
1270 2043 1336 2071 ﬂore
1349 2047 1486 2076 carentes,
1499 2045 1622 2080 qutedam
1635 2053 1698 2079 per-

908 2091 989 2122 petuo
1007 2087 1135 2120 virentes,
1150 2088 1273 2123 quaedam
1296 2089 1440 2124 perdentes
1464 2089 1538 2120 folia.
1556 2087 1612 2117 οἷον
1629 2091 1697 2126 ἡμέ-

908 2142 982 2169 ρων,
1003 2134 1116 2168 ἀγρίων,
1143 2134 1343 2170 καρποφόρων,
1365 2135 1511 2171 ἀκάρπων,
1531 2135 1696 2172 ἀνθοφόρων,

907 2179 1039 2211 ἀνανθῶν,
1057 2179 1217 2214 ἀειφύλλων,
1236 2180 1413 2214 φυλλοεόλων.
1431 2181 1536 2208 Plinius
1551 2182 1632 2208 etiam
1649 2182 1695 2208 lib.

62 2226 138 2262 φρὰν
151 2227 271 2261 γίνεσθαι
294 2228 343 2263 τὴν
368 2229 535 2264 ἀπαλλαγήν.
553 2228 669 2264 Ideoque
684 2228 847 2256 Dioscorides

909 2234 963 2255 xw.
980 2234 1040 2260 cap.
1063 2226 1107 2257 18,
1126 2226 1253 2253 arborum
1274 2226 1440 2253 differentias
1466 2226 1651 2261 prosequitur,
1670 2230 1698 2253 et

62 2273 113 2300 lib.
139 2281 176 2304 tv,
191 2280 249 2308 cap.
268 2274 311 2306 79,
329 2274 544 2302 efﬁcacissimam
568 2276 620 2302 vim
637 2275 732 2302 tribuit
747 2276 853 2307 cicutae,

59 2326 127 2354 qua
142 2318 169 2345 in
186 2319 274 2346 insula
289 2320 357 2347 Chio
373 2322 506 2349 nascitur.

99 2364 160 2392 Col.
173 2365 234 2397 716,
248 2367 296 2394 lin.
314 2367 357 2394 II.
367 2368 420 2394 Kal
437 2367 476 2401 τῷ
491 2369 638 2402 ἐλλεϐόρῳ
649 2368 684 2394 τὰ
694 2369 807 2402 χρόνια,
818 2367 854 2394 De

62 2412 199 2440 hellebori
215 2414 368 2448 speciebus,
385 2415 489 2448 ﬁguris.
499 2415 536 2446 vi,
546 2415 674 2442 facultate
689 2418 715 2442 et
730 2422 781 2442 usu
798 2414 854 2448 lege

62 2456 136 2485 Plin.
154 2459 171 2485 Ι.
190 2467 253 2491 xxv,
268 2467 292 2486 c.
308 2460 344 2492 5;
363 2459 547 2488 Dioscoridem
561 2461 580 2488 l.
597 2469 633 2492 Iv,
649 2467 673 2486 c.
689 2460 740 2487 150
749 2463 776 2486 et
794 2459 852 2486 151.

62 2505 192 2532 Advertit
208 2504 307 2533 Sextus
324 2505 478 2541 Empiricus
499 2506 628 2541 Pyrrhon.
655 2506 752 2540 Hypot.
770 2506 816 2532 lib.
835 2513 854 2536 ι,

62 2558 128 2585 cap.
147 2550 189 2581 Η,
207 2551 390 2584 helleborum,
407 2553 429 2579 si
446 2557 525 2579 tenue
536 2556 563 2579 et
588 2552 778 2587 la-nuginosum
793 2551 855 2586 quis

63 2596 157 2630 ipsum
173 2596 247 2629 edat,
264 2603 380 2625 mortem
393 2597 500 2629 afferre,
513 2598 555 2625 sin
568 2605 693 2625 crassum
709 2605 763 2624 non
779 2597 854 2624 item.

63 2642 121 2668 Καὶ
135 2643 149 2668 ό
164 2641 302 2678 ἐλλέϐορος
317 2643 413 2675 λεπτὸς
430 2644 478 2678 μὲν
499 2643 545 2669 καὶ
566 2642 684 2678 χνοὼδης
706 2641 857 2677 προσφερό-

65 2696 148 2723 μενον
163 2689 278 2723 πνιγμὺν
293 2690 429 2725 ἐπιφέρει,
442 2688 596 2724 κριμνώδης
612 2688 640 2714 δὲ
664 2688 701 2714 ὢν
713 2688 815 2719 οὐκέτι,
831 2690 857 2713 et

65 2733 195 2761 Ruﬁnum
215 2736 359 2770 quemdam
380 2735 449 2770 apud
467 2735 624 2762 Chalcidem
640 2734 699 2761 sine
714 2734 768 2760 ulla
787 2740 856 2760 noxa

66 2782 160 2809 bibere
182 2783 293 2809 solitum
317 2783 411 2810 fuisse.
429 2784 484 2809 Καὶ
503 2783 641 2816 Ῥουφῖνος
661 2783 725 2825 est
741 2783 769 2808 ὲν
785 2781 857 2808 Χαλ-

67 2827 120 2854 κίδι
131 2828 216 2854 πίνων
230 2828 367 2864 ὲλλέὸορον
379 2828 439 2855 οὔτε
451 2829 526 2864 ἤμει,
539 2828 599 2855 οὔτε
609 2828 676 2860 ὅλως
687 2827 856 2863 ἐκαθαίρετο,

68 2873 124 2902 ἀλλ’
138 2873 176 2906 ὥς
188 2882 215 2901 τι
229 2874 283 2901 τῶν
298 2875 418 2911 amem
432 2875 616 2912 προσεφέρετο
640 2874 686 2902 καὶ
707 2873 815 2905 ἔπεσσε,
831 2877 858 2900 et

905 2280 965 2307 cap.
982 2273 1012 2298 19
1026 2282 1033 2298 :
1048 2271 1177 2299 Prwterea
1192 2272 1315 2299 arborum
1327 2272 1387 2299 aliis
1402 2272 1524 2299 decidunt
1538 2272 1620 2306 folia;
1637 2272 1698 2298 alim

905 2318 1062 2352 sempiterna
1080 2326 1154 2344 coma
1171 2319 1262 2349 virent,
1274 2326 1352 2354 quam
1369 2317 1544 2353 differentiam
1561 2319 1697 2344 antecedat

906 2373 1006 2391 necesse
1021 2369 1059 2390 est
1082 2365 1164 2398 prior.
1181 2364 1249 2391 Sunt
1264 2365 1333 2391 enim
1359 2364 1483 2391 arborum
1503 2364 1623 2399 quoniam
1640 2372 1697 2390 om-

906 2410 967 2436 nino
982 2409 1123 2441 silvestres,
1139 2409 1260 2444 quttdam
1283 2409 1458 2436 urbaniores:
1473 2417 1538 2444 quas
1555 2409 1597 2435 hic
1611 2409 1696 2444 placrt

906 2455 1052 2482 horninibus
1073 2456 1242 2490 dislinguere.
1260 2455 1328 2491 Ergo
1352 2456 1438 2488 mites,
1458 2463 1516 2491 qui?
1532 2455 1631 2490 fructu,
1650 2460 1697 2481 aut

906 2502 996 2536 aliqua
1017 2501 1093 2534 dote,
1111 2502 1323 2533 umbraminetve,
1344 2502 1426 2536 officio
1436 2501 1576 2528 humanius
1588 2500 1695 2534 juvant,

907 2557 958 2574 non
973 2549 1089 2582 improbe
1102 2548 1226 2574 dicuntur
1240 2547 1360 2574 urbanw.

942 2594 1021 2626 Ibid.,
1041 2595 1088 2621 lin.
1108 2594 1153 2621 '20.
1172 2594 1329 2628 Ἁείφυλλα
1343 2593 1377 2620 δέ
1390 2594 1474 2621 ἐστιν
1492 2594 1588 2621 ἐλαία.
1607 2592 1697 2620 Thoo-

907 2641 1037 2675 phrastus
1047 2641 1073 2671 I,
1087 2639 1124 2666 De
1132 2639 1301 2674 hist.plant.,
1312 2647 1372 2675 cap.
1383 2639 1417 2666 15
1433 2649 1439 2666 :
1455 2639 1515 2666 Τῶν
1531 2638 1696 2675 μὲνὴμὲρων

907 2687 1036 2721 ἀείφυλλα
1056 2687 1141 2717 ἐλαία,
1161 2686 1257 2721 φοίνιξ,
1273 2687 1371 2723 δάφνη,
1388 2686 1528 2722 μύρρινος,
1545 2687 1650 2720 πεύκης
1671 2693 1699 2712 τι

907 2733 993 2767 γένος,
1008 2733 1183 2768 κυπάριττος·
1208 2733 1261 2759 τῶν
1286 2733 1314 2759 δὲ
1338 2732 1457 2768 ἀγρίων,
1479 2731 1573 2767 ἐλάτη,
1597 2731 1697 2766 πεύκη.

907 2778 1050 2814 ἄρκευθος,
1072 2777 1181 2813 σμῒλαξ,
1203 2777 1281 2810 θυῑα,
1306 2779 1352 2804 καὶ
1376 2778 1409 2813 ἢν
1433 2778 1563 2814 Ἀρκάδες
1586 2777 1700 2804 καλοῦσι

908 2825 1062 2862 φελλὸδρυν,
1077 2823 1187 2860 φιλύρα,
1211 2824 1315 2860 κέδρος,
1334 2825 1425 2856 πίτυς,
1447 2824 1578 2860 μυρῤίκη,
1603 2823 1697 2856 πύξος.

909 2873 1013 2908 πρῖνος,
1035 2870 1126 2908 ἀγρία,
1151 2869 1312 2904 κήλαςτρον,
1335 2869 1444 2905 φιλύχη,
1470 2869 1590 2905 ἀφάρκη.
1608 2867 1698 2895 Ταῦτα
