1903 3068
198 121 248 149 847

863 119 987 147 LEONIS
1006 119 1143 146 ALLATII

1772 117 1823 144 8l8

196 182 226 209 εδ
245 180 340 216 φύεται
365 180 428 217 περὶ
447 180 491 207 τὸν
509 181 648 216 Ὄλυμπον
662 201 668 212 ,
690 181 833 216 ἀνδράχνη.
854 181 984 216 κόμαρος,
1001 181 1021 208 Α
1036 179 1065 205 τὸ
1088 178 1196 214 χρῶμα,
1224 178 1393 213 φλοῖσθέντος
1416 177 1464 204 τοῦ
1489 177 1575 210 ξύλου,
1591 177 1755 211 λευκότερον
1779 176 1825 211 μὲν

197 225 350 262 τέρμινθος,
374 226 467 262 ἀγρία,
490 226 589 261 δάφνη.
607 227 686 252 Δοκεῖ
710 226 737 252 δὲ
754 226 770 261 ἡ
787 225 921 261 ἁνδράχνη
940 225 987 251 κα)⁸

197 271 332 307 όοῖναρος
356 271 390 297 τὰ
413 272 460 306 μὲν
483 271 556 297 κάτω
581 271 762 305 φυλλοϐολὲῑν,
783 271 817 297 τὰ
837 271 865 297 δὲ
886 270 987 305 ἔσχατα

196 317 249 344 τῶν
263 317 421 352 ἀκρεμόνων
438 316 567 349 deﬁnita
588 316 673 351 ἔχειν·
691 316 813 351 ὲπιιρύειν
826 316 854 342 δὲ
869 316 911 342 ἀεὶ
924 316 987 347 τοὺς

196 362 359 396 ἀκρὲμονας.
381 361 413 388 Ει
435 361 541 388 Plinius
556 370 589 388 cx
606 362 793 396 Theophrasto
811 362 882 389 Hist.
906 366 961 389 nat.
976 382 983 394 ,

197 407 243 433 lib.
259 415 314 438 XVI,
332 414 392 441 cap.
406 407 442 433 20
459 416 464 432 ι
484 405 651 433 Urbanarum
667 407 754 441 generi
774 415 823 433 non
846 406 984 438 decidunt,

197 452 268 482 olea'.
286 453 371 484 lauro,
388 454 493 486 palmae,
512 457 606 488 myrto,
623 460 753 486 cupresso.
776 453 854 487 pinis.
873 452 984 484 [κάει-(ε’,

197 498 396 528 r/todadeudro;
414 503 441 525 et
464 506 523 533 cap.
547 498 577 525 21
605 508 610 525 :
634 497 798 526 Silreslrium
818 499 903 533 generi
920 499 986 533 [alia

198 553 248 570 non
262 544 396 576 decidunt,
409 544 498 574 abieti,
513 544 600 576 larici,
612 545 881 579 piuastro,junipero,
898 544 985 576 cedro,

199 590 370 622 therebiutllo,
387 590 466 622 buxo,
491 591 545 616 ilici
559 611 565 622 ,
582 591 724 625 arquifolio,
741 590 838 621 suberi,
856 596 928 622 taxo,
945 595 987 617 ta-

198 635 307 666 marici;
323 636 389 662 inter
403 640 514 670 utraque
536 643 629 670 genera
650 641 710 663 sunt
726 635 857 662 adrachne
872 636 899 662 in
913 635 987 662 Grat-

197 681 250 712 cia,
269 685 292 707 et
320 681 413 715 ubique
438 681 531 708 unedo.
556 681 666 716 Reliqua
683 682 752 709 enim
775 682 841 716 [alia
864 681 986 709 decidunt

200 725 249 757 lus.
274 732 448 761 prreterquam
473 727 498 753 in
515 728 704 754 cacuminibus.
722 727 754 754 Et
769 733 864 754 auctor
882 727 987 763 Geopo-

200 772 252 799 nir.
266 780 272 797 ι
288 772 386 807 Δένδρα
410 771 520 807 ἀειθαλῆ
535 773 601 803 ἐστι,
619 772 685 808 μηδὲ
694 781 758 799 ποτε
773 772 986 808 φυλλορῤοῦντα

200 820 226 844 ιν
239 817 277 852 τῷ
294 817 416 853 χειμῶνι,
437 817 469 845 ἰδ.
487 817 584 852 φοίνιξ,
599 819 702 853 κίτρον,
722 818 867 853 στρόϐιλος,
888 818 985 853 δάφνη,

1036 223 1083 249 τοῦ
1097 223 1203 258 πρίνου,
1219 223 1396 258 οίνωπότερον
1414 222 1442 249 δὲ
1456 223 1504 257 τῆς
1519 222 1611 258 δρυός·
1631 221 1664 248 τὰ
1689 221 1718 248 δὲ
1743 220 1825 255 φύλλα

1037 268 1180 304 προσέοικε
1212 268 1260 303 μὲν
1281 269 1391 303 ἀμφοῖν,
1415 267 1469 302 ἔχει
1487 267 1514 293 δὲ
1534 267 1617 302 μείζω
1634 267 1650 302 ἢ
1669 267 1707 297 ὡς
1722 269 1824 301 πρῖνος,

1037 314 1139 341 ἐλάττω
1153 315 1180 341 δὲ
1195 315 1211 350 ἢ
1227 315 1264 346 ὠς
1283 314 1357 350 δρῦς.
1376 314 1431 340 Καὶ
1446 314 1490 339 τὸν
1509 313 1613 348 καρπὸν
1631 313 1681 347 μὲν
1695 313 1742 338 τοῦ
1763 313 1826 348 πρε-

1037 369 1082 386 νου
1098 361 1166 387 κατὰ
1181 361 1210 387 τὸ
1229 359 1341 395 μέγεθος
1360 359 1472 391 ἐλάττω,
1488 360 1546 390 ταῖς
1569 358 1725 393 ἐλαχίσταις
1738 357 1767 384 δὲ
1780 358 1827 392 βα-

1037 405 1125 438 λάνοις
1142 407 1210 433 ἴσον·
1228 406 1275 433 καὶ
1289 405 1451 440 γλυκύτερον
1467 405 1515 440 μὲν
1532 404 1579 430 τοῦ
1600 403 1709 440 πρίνου,
1726 404 1827 438 πικρό-

1036 460 1113 487 τερον
1133 451 1160 478 δὲ
1183 452 1230 487 τῆς
1249 452 1337 487 δρυός.
1358 451 1476 478 Καλοῦσι
1499 451 1526 476 δέ
1549 459 1618 482 τινες
1639 450 1685 476 τὸν
1709 450 1759 485 μὲν
1780 449 1826 476 τοῦ

1037 498 1142 533 πρίνου,
1159 498 1204 524 καὶ
1220 498 1265 524 τὸν
1285 497 1386 532 ταύτης
1407 496 1510 532 καρπὸν
1529 497 1636 527 ἄκυλον,
1655 495 1704 523 τὸν
1728 496 1756 522 δὲ
1778 496 1827 530 τῆς

1032 543 1116 579 δρυὸς
1138 543 1260 578 βάλανον.
1286 544 1400 578 Μήτραν
1424 543 1452 569 δὲ
1477 542 1532 577 ἔχει
1558 542 1755 577 φανερώτερον,
1776 542 1792 577 ἢ
1812 544 1827 568 ό

1034 590 1130 624 ’πρῖνος
1161 589 1215 615 Καὶ
1237 589 1254 624 ἡ
1278 588 1326 624 μὲν
1354 587 1497 623 φελλόδρυς
1528 588 1654 622 τοιαύτην
1684 587 1744 613 τινὰ
1770 586 1826 621 ἔχει

1037 633 1127 668 φύσιν.
1145 633 1227 661 Plura
1245 641 1352 668 possem
1367 640 1515 668 congerere
1534 633 1568 660 ab
1586 633 1648 659 aliis
1669 632 1703 659 de
1721 632 1827 658 arbori-

1036 679 1098 710 bus,
1115 687 1231 714 quorum
1251 679 1295 706 hic
1312 678 1340 705 lit
1363 678 1474 710 mentio,
1490 677 1562 704 dicta
1578 682 1604 704 et
1621 677 1756 709 dubitata,
1779 676 1827 703 sed

1037 729 1116 752 notas
1142 725 1170 752 in
1198 724 1389 756 Eustathium,
1421 731 1474 750 non
1506 718 1653 751 herbarum
1681 723 1827 749 historiam

1034 771 1193 798 scribimus.
1218 769 1321 797 Subicit
1343 770 1404 804 ejus
1429 769 1502 796 dicta
1527 769 1607 796 dictis
1624 769 1742 795 aliorum
1763 776 1828 795 con-

1038 816 1160 843 ﬁrmasse
1177 815 1217 842 Vt‘l
1233 815 1397 842 declarasse.

201 851 283 895 ὲλαία,
295 851 485 899 Πκύπάρισσος,
511 864 634 899 κερατία,
646 851 873 900 ’πίτνα-πρῖνος,
893 851 985 897 πύξος,
1003 851 1023 879 Β
1073 861 1139 889 Ibid.
1152 862 1199 888 lin.
1212 861 1257 888 23.
1272 860 1306 886 Τὸ
1319 860 1412 894 ῥόδον
1425 859 1498 887 ἄνευ
1520 858 1575 893 τῆς
1592 859 1734 892 ἀκάνθης.
1751 858 1827 884 Basi-

201 910 327 945 μυρσίνη,
352 910 455 944 κέδρος,
480 909 546 941 ἰτέα,
571 910 616 936 καὶ
633 909 774 945 ἄρκευθος.
800 910 987 938 Artemidorus

200 953 336 982 Otuirocr.
369 955 416 981 lib.
442 962 460 985 l.
483 962 544 989 cap.
567 954 601 981 79
624 964 630 981 :
650 955 770 986 Φοίνικος
786 955 814 982 δὲ
836 956 881 982 καὶ
895 955 987 988 ἐλαίας

200 1000 323 1034 στέφανοι
354 1000 458 1035 γάμους
487 1000 637 1036 ἐλευθέρων
661 1001 830 1037 περιποιοῦσι
851 1003 987 1036 γυναικῶν

199 1044 241 1071 διὰ
262 1045 310 1080 τὴν
330 1045 442 1080 πλοκήν.
471 1045 525 1071 Καὶ
544 1045 627 1072 τέκνα
651 1048 882 1082 προσαγορεύουσι
908 1049 988 1075 πολυ-

199 1091 292 1126 χρόνια
308 1090 351 1117 διὰ
366 1090 397 1117 τὸ
411 1090 543 1122 ἀειθαλὲς,
561 1091 617 1117 υἱὸν
639 1092 687 1126 μὲν
701 1093 714 1118 ὁ
738 1093 834 1126 φοίνιξ,
854 1093 988 1130 θυγατέρα

199 1136 226 1162 δὲ
241 1136 257 1170 ἡ
271 1135 357 1162 ὲλαία.
374 1135 536 1163 Plutarchus
551 1137 576 1163 in
591 1135 710 1171 Sympos.
731 1136 758 1168 8,
775 1143 870 1172 quiest.
880 1139 906 1170 9,
925 1140 990 1174 pal—

201 1189 272 1208 mam
297 1189 358 1208 esse
386 1182 424 1208 ait
455 1182 616 1217 μακρόόιον,
641 1183 854 1218 ὲμπεδόψυλλον,
876 1185 990 1220 βεϐαίως

200 1227 352 1262 ἀείφυλλον,
370 1227 486 1263 ideoque
501 1236 562 1256 esse
578 1229 690 1256 victoris
706 1232 857 1264 praemium.
877 1231 937 1258 ’Ότι
951 1232 990 1258 δεῖ

200 1271 249 1307 τὴν
268 1272 322 1298 τῶν
345 1273 497 1308 νικηφόρων
517 1273 594 1305 δόξαν
621 1273 732 1308 ἄφθιτον
754 1276 799 1301 καὶ
824 1275 917 1312 ἀγήρω
933 1276 990 1303 δια-

202 1317 300 1353 μένειν.
318 1318 484 1350 Phornutus,
500 1320 582 1354 capit.
605 1319 639 1347 de
665 1319 759 1352 Musis,
781 1322 806 1347 in
821 1329 852 1348 ea
868 1323 990 1357 agnoscit

202 1363 365 1396 τὸάείςωον.
388 1363 416 1390 In
443 1363 510 1400 Tylo
530 1364 629 1397 insula,
657 1364 762 1393 Plinius
789 1366 836 1394 lib.
861 1375 910 1399 xu,
928 1375 988 1402 cap.

204 1407 247 1439 ll,
262 1408 328 1434 nulli
344 1408 471 1435 arborum
490 1408 552 1435 folia
568 1409 695 1436 decidere
713 1410 812 1442 tradit;
826 1414 851 1437 et
869 1411 914 1438 lib.
933 1419 989 1442 xw,

204 1459 264 1488 cap.
282 1453 313 1480 2|
332 1462 339 1480 :
357 1453 388 1480 In
410 1453 525 1481 Tlturiuo
541 1463 614 1489 agro,
635 1455 680 1481 ubi
693 1455 802 1491 Sybaris
812 1456 875 1490 fuit,
888 1464 920 1483 ea:
934 1457 991 1491 ipsa

204 1497 266 1524 urbe
282 1499 489 1533 prospiciebatur
502 1508 612 1534 quercus
635 1509 697 1532 una.
723 1510 856 1536 nunquam
871 1502 936 1536 folia
950 1503 991 1529 di-

204 1545 319 1575 mittens,
336 1553 380 1571 nec
398 1551 458 1572 ante
475 1546 586 1573 me'liam
603 1551 719 1574 testatth
734 1548 894 1582 germinans.
909 1548 991 1584 quue

204 1591 299 1617 mirum
323 1596 372 1623 est.
389 1591 488 1619 Graecis
514 1593 666 1620 auctoribus
691 1594 833 1628 proditum.
856 1595 925 1628 apud
944 1604 990 1623 nos

203 1641 292 1670 postea
315 1637 399 1664 sileri.
418 1637 489 1665 Nam
512 1639 629 1666 locorum
653 1645 727 1666 tanta
748 1641 784 1666 vis
806 1646 854 1670 est,
876 1646 904 1667 ut
921 1642 992 1668 circa

205 1681 346 1716 Memphim
362 1683 482 1718 .Egypti,
499 1689 523 1711 et
539 1685 566 1710 in
581 1684 755 1719 EIep/lantiue
771 1685 911 1713 Thebaidis
926 1687 992 1713 nulli

205 1727 293 1754 arbori
307 1728 438 1761 decidant,
457 1738 488 1756 ne
511 1730 604 1756 vitibus
622 1731 735 1765 quidem.
753 1730 819 1758 Vide
840 1731 990 1760 Varronem

206 1774 252 1800 lilii.
274 1781 294 1806 ι,
313 1781 371 1810 cap.
391 1775 416 1807 7,
435 1774 472 1801 De
490 1784 516 1802 re
532 1776 647 1807 rustica,‘
670 1780 697 1802 et
715 1775 933 1811 Theophrastum
956 1778 993 1805 De

206 1820 298 1848 histor.
324 1821 408 1855 plant.
427 1821 473 1848 lib.
493 1829 512 1854 I,
534 1821 618 1856 capit.
635 1822 678 1853 15,
707 1822 752 1849 ubi
775 1827 801 1850 et
825 1824 858 1851 de
884 1824 993 1859 platano

205 1865 361 1894 Gortineusi
375 1870 401 1893 et
417 1867 450 1894 de
469 1866 650 1902 Elephantino
668 1875 741 1902 agro.
763 1869 831 1904 Περὶ
848 1870 902 1905 γὰρ
923 1870 992 1897 Ἐλε-

207 1913 335 1947 φαντίνην
357 1912 415 1939 οὐδὲ
432 1912 480 1944 τὰς
504 1912 651 1947 ἀμπέλους,
670 1913 729 1940 οὐδὲ
753 1915 802 1946 τὰς
827 1917 911 1947 συκᾶς
930 1924 994 1950 φασι

206 1957 387 1992 φυλλοϐολεϊν.
406 1957 436 1985 ln
455 1958 554 1993 quibus
571 1957 641 1985 sicut
662 1964 689 1986 et
710 1960 737 1986 in
760 1960 820 1988 aliis
837 1969 871 1988 an
889 1961 994 1990 Plinius

207 2003 293 2031 ﬁdelis
314 2003 471 2039 interpretis
487 2012 599 2032 munere
613 2005 722 2033 iunctus
745 2006 780 2033 sit
797 2007 994 2042 aliisjudican-

206 2049 270 2075 dum
288 2049 431 2084 relinquo:
450 2050 501 2077 hoc
516 2058 608 2078 verum
624 2055 678 2085 est,
691 2052 813 2086 quadam
833 2053 866 2081 de
882 2061 932 2080 suo
947 2054 996 2081 ad-

206 2094 330 2126 didisse,
359 2096 411 2122 alia
437 2096 571 2124 omisisse.
601 2097 635 2124 At
664 2106 717 2124 non
744 2107 775 2126 ex
808 2099 995 2134 Theophrasto

207 2141 357 2173 transtulit,
371 2141 417 2169 sed
436 2150 467 2169 ex
484 2143 555 2176 aliis,
574 2143 722 2180 Graecaque
739 2148 769 2171 ut
791 2149 868 2172 erant
894 2146 921 2172 in
942 2145 995 2174 illis

1037 907 1101 937 lius,
1118 906 1191 934 hom.
1204 907 1221 934 5
1237 915 1243 933 :
1260 906 1334 941 Πλὴν
1348 914 1379 940 γε
1393 906 1433 932 ὅτι
1449 906 1479 932 τὸ
1495 905 1569 940 ῥόδον
1580 905 1640 932 τότε
1655 906 1720 932 ἄνευ
1743 904 1827 930 ἀκάν-

1037 953 1086 989 θης
1103 951 1146 988 ἦν.
1163 953 1294 988 ’Ὕστερον
1308 952 1336 979 δὲ
1351 951 1387 987 τῷ
1404 952 1497 978 κάλλει
1510 951 1556 978 τοῦ
1575 951 1672 982 ἄνθους
1689 952 1705 986 ἠ
1722 950 1830 977 ἄκανθα

1038 999 1219 1035 παρεζεύχθη,
1235 1000 1277 1026 ἵνα
1288 999 1317 1025 τὸ
1330 998 1444 1034 τερπνὸν
1462 999 1511 1034 τῆς
1523 997 1698 1029 ἀπολαύσεως
1714 996 1827 1031 ἐγγύθεν

1038 1045 1143 1080 ἔχωμεν
1163 1045 1366 1081 παρακειμένην
1389 1045 1438 1080 τὴν
1460 1045 1558 1080 λύπην,
1586 1044 1756 1079 μεμνημένοι
1778 1045 1828 1078 τῆς

1038 1091 1183 1126 ἁμαρτίας,
1198 1090 1230 1116 δι’
1247 1090 1279 1125 ἣν
1298 1091 1416 1123 ἀκάνθας
1441 1091 1488 1118 καὶ
1512 1090 1652 1126 τριϐόλους
1674 1091 1741 1125 ἡμῖν
1761 1091 1827 1117 ἀνα-

1038 1137 1138 1163 τέλλειν
1160 1137 1340 1172 κατεδικάσθη
1358 1138 1374 1172 ἡ
1394 1137 1440 1172 γῆ.
1461 1137 1507 1164 Pia
1524 1141 1551 1164 et
1568 1137 1691 1172 prudens
1704 1144 1827 1163 commo-

1039 1183 1168 1214 nclactio,
1187 1187 1216 1210 ut
1231 1183 1358 1210 videlicet
1374 1184 1454 1211 homo
1481 1183 1508 1210 in
1533 1190 1622 1210 rosam
1649 1186 1762 1216 aspectu
1783 1182 1826 1208 in-

1037 1227 1121 1262 jecto,
1144 1228 1235 1255 statim
1261 1228 1369 1262 pristini
1383 1233 1409 1255 et
1428 1227 1533 1262 antiqui
1553 1227 1633 1262 primi
1651 1228 1785 1262 parentis,
1799 1232 1827 1253 et

1040 1274 1082 1301 sui
1103 1274 1195 1308 lapsus
1219 1275 1376 1302 memoriam
1404 1278 1529 1309 repetat;
1557 1279 1584 1301 et
1606 1274 1763 1300 calamitate
1779 1273 1827 1300 in—

1041 1325 1144 1356 specta,
1164 1322 1191 1348 in
1211 1329 1290 1356 quam
1306 1325 1418 1356 propter
1439 1325 1580 1356 peccatum
1610 1321 1725 1353 incidit,
1746 1321 1828 1348 corde

1041 1365 1137 1394 fremat
1150 1371 1177 1394 et
1194 1367 1288 1394 intime
1304 1368 1402 1398 doleat.
1419 1368 1516 1402 suique
1532 1368 1664 1395 creatoris
1680 1375 1760 1402 opem
1779 1375 1827 1394 ex-

1040 1419 1145 1448 poscat.
1159 1419 1186 1440 et
1201 1414 1253 1441 sibi
1268 1419 1371 1440 caveat.
1388 1413 1550 1440 Continuata
1567 1414 1639 1440 enim
1652 1417 1827 1448 peccatorum

1042 1459 1173 1486 memoria
1185 1460 1288 1486 nullum
1306 1459 1455 1486 remedium
1472 1460 1562 1494 aptius
1578 1459 1611 1486 ad
1625 1460 1733 1486 veniam
1750 1459 1831 1493 impc-

1042 1505 1178 1536 trandam,
1195 1513 1245 1532 nec
1262 1505 1345 1532 ullum
1366 1505 1437 1532 aliud
1456 1505 1492 1531 ita
1508 1513 1616 1540 segnem
1636 1504 1728 1531 reddit
1743 1504 1830 1530 homi—

1043 1559 1103 1578 nem
1128 1551 1161 1577 ad
1185 1551 1333 1585 nequitiam
1350 1551 1569 1586 perpetrandam,
1586 1555 1615 1578 ut
1630 1551 1730 1578 scribit
1744 1550 1830 1585 Chry-

1041 1600 1178 1623 sostomus
1194 1597 1221 1622 in
1237 1596 1321 1630 Epist.
1339 1596 1372 1622 ad
1391 1596 1530 1627 Ilebra’os,
1547 1604 1607 1630 cap.
1626 1605 1677 1626 xu.
1695 1597 1770 1623 hom.
1785 1596 1828 1628 5i,

1042 1646 1068 1668 et
1082 1642 1108 1668 in
1123 1642 1253 1669 calenain
1269 1650 1326 1676 cap.
1342 1650 1384 1668 xw
1402 1641 1544 1668 Hieremire
1559 1650 1567 1668 :
1584 1642 1646 1668 Ἐπὶ
1658 1642 1688 1668 τὸ
1701 1642 1829 1676 λειπόμε-

1042 1696 1086 1714 νον
1097 1687 1239 1723 φάρμακον
1251 1687 1415 1722 καταφεύγει
1426 1688 1477 1714 τῶν
1489 1688 1694 1723 ἁμαρτημάτων
1704 1687 1756 1722 τὴν
1766 1687 1831 1720 γνῶ-

1044 1742 1093 1760 σιν.
1108 1732 1162 1760 Nec
1176 1733 1299 1760 dissentit
1309 1733 1422 1768 August.
1434 1734 1480 1760 lib.
1491 1742 1510 1766 ι,
1522 1733 1556 1760 De
1568 1733 1631 1760 Gen.
1641 1738 1734 1759 contra
1749 1732 1832 1759 Mani-

1044 1781 1137 1811 chams,
1152 1787 1176 1806 σε.
1192 1780 1244 1806 15;
1258 1779 1309 1806 Per
1324 1785 1457 1813 peccatum
1477 1780 1587 1806 hominis
1603 1784 1674 1806 terra
1690 1779 1833 1806 maledicta

1043 1830 1093 1855 est,
1110 1829 1137 1851 ut
1160 1825 1249 1858 spinas
1263 1829 1376 1859 pareret,
1399 1833 1451 1851 non
1471 1830 1499 1851 ut
1521 1826 1577 1859 ipsa
1598 1833 1689 1860 paruas
1709 1826 1831 1857 sentiret.

1044 1879 1102 1905 qua:
1121 1871 1175 1897 sine
1195 1879 1271 1898 sensu
1292 1875 1347 1902 est,
1372 1870 1416 1898 sed
1438 1876 1466 1897 ut
1486 1871 1585 1905 peccati
1606 1871 1716 1897 humani
1734 1872 1832 1898 crimen

1045 1924 1144 1950 semper
1158 1916 1305 1943 hominibus
1319 1922 1379 1943 ante
1398 1916 1486 1943 oculos
1505 1921 1618 1950 poneret,
1635 1924 1686 1951 quo
1705 1916 1833 1943 admone-

1045 1969 1134 1990 rentur
1154 1963 1298 1998 aliquando
1313 1964 1398 1998 .at'crti
1419 1972 1435 1990 a
1458 1963 1580 1998 peccatis,
1596 1968 1620 1989 et
1644 1963 1679 1989 ad
1696 1963 1747 1990 Dei
1765 1971 1833 1997 pra--

1045 2016 1120 2044 cepta
1135 2010 1258 2037 conuerti.
1279 2010 1374 2036 Herba:
1389 2015 1488 2040 autem.
1503 2015 1556 2036 etc.
1583 2009 1646 2036 llaec
1662 2013 1756 2036 tamen
1770 2017 1832 2036 sen-

1045 2056 1131 2082 tentia
1147 2054 1257 2082 Pererio
1270 2054 1289 2082 l.
1303 2062 1322 2087 l,
1338 2055 1364 2081 in
1387 2054 1451 2081 Gen.
1470 2062 1524 2081 non
1546 2054 1658 2081 arridet.
1681 2053 1737 2081 Nec
1760 2054 1832 2080 enim

1047 2104 1135 2135 potest
1154 2100 1250 2126 adduci
1276 2103 1304 2125 ut
1319 2098 1413 2126 credat
1435 2106 1525 2126 rosam
1548 2103 1611 2125 ante
1626 2102 1773 2133 peccatum
1794 2098 1833 2125 l’a-

1046 2151 1115 2172 ctam
1130 2145 1215 2172 fuisse
1232 2145 1334 2179 absque
1351 2145 1448 2179 spinis.
1468 2144 1538 2172 Deus
1553 2145 1625 2171 enim
1641 2144 1712 2171 tales
1733 2143 1833 2170 condi-

207 2187 364 2215 auctoribus
386 2187 481 2215 Latina
495 2188 565 2216 fecit.
580 2189 645 2218 Esto
659 2200 665 2218 :
684 2194 773 2218 tamen
791 2195 934 2225 suspectus
947 2191 993 2218 ad-
1008 2194 1030 2220 D
1045 2191 1085 2219 dit
1107 2199 1151 2218 res
1167 2191 1262 2225 quales
1282 2194 1346 2217 sunt
1362 2191 1512 2217 secundum
1527 2194 1653 2218 naturam
1672 2197 1764 2222 suam,
1782 2197 1833 2216 nec

207 2233 260 2260 huc
275 2237 318 2260 est
337 2241 398 2260 cum
412 2238 438 2261 et
457 2235 484 2262 in
502 2236 563 2263 aliis
580 2236 674 2264 eodem
688 2237 770 2264 modo
787 2244 816 2264 se
830 2240 924 2272 gerat;
947 2237 994 2264 sed

207 2286 261 2305 non
274 2282 316 2306 est
334 2280 475 2313 praesentis
488 2281 600 2315 negotii.

242 2325 301 2352 Col.
316 2325 378 2358 7l6,
390 2326 488 2354 No.22.
497 2327 550 2354 Kal
563 2327 749 2361 ἣνἋρκάὃες
760 2327 915 2362 φίλοδρυν.
930 2327 996 2354 Cor-

206 2372 264 2406 rige
279 2379 311 2399 ex
328 2371 526 2406 Theophrasto,
541 2373 694 2408 φελλόδρυν.
720 2372 806 2407 Hujus
827 2377 954 2400 naturam
969 2377 995 2400 et

207 2420 363 2444 accuratam
383 2418 594 2454 descriptionem
609 2419 691 2447 habet
708 2419 775 2446 idem
789 2419 995 2454 Theophrastus

206 2463 245 2490 De
259 2464 343 2490 histor
367 2464 451 2499 plant.
466 2465 513 2492 lio.
537 2473 577 2497 lu,
597 2466 680 2500 capit.
700 2466 733 2492 16
749 2474 755 2492 :
775 2466 807 2491 Ὃ
822 2465 850 2491 δὲ
868 2464 995 2492 καλοῦσιν

213 2509 341 2544 Ἀρκάδες
355 2509 499 2545 φελλόδρυν
519 2510 621 2537 τοιάνδε
645 2510 701 2545 ἔχει
723 2511 772 2544 τὴν
788 2511 878 2544 φύσιν,
893 2509 930 2542 ὡς
947 2510 995 2545 μὲν

206 2554 298 2586 ἁπλῶς
314 2555 411 2586 εἰπεῖν,
427 2555 478 2582 ἀνὰ
494 2555 575 2590 μέσον
591 2555 685 2590 πρίνου
701 2555 746 2582 καὶ
760 2555 840 2591 δρυός
853 2556 920 2581 ἐστι.
941 2555 996 2581 Καὶ

205 2599 270 2627 ἔνιοι
297 2600 533 2636 ὑπολαμϐάνουσιν
562 2599 629 2628 εἶναι
653 2601 735 2637 θῆλυν
757 2603 860 2636 πρῖνον.
885 2601 925 2628 διὸ
949 2601 995 2628 καὶ

205 2643 270 2669 ὅπου
293 2644 330 2680 μὴ
353 2644 448 2678 φύεται
475 2646 578 2680 πρῖνος,
603 2645 689 2680 τούτῳ
712 2645 828 2681 χρῶνται
857 2645 924 2680 πρὸς
947 2645 996 2676 τὰς

206 2689 324 2723 ἁμάξας,
345 2690 393 2716 καὶ
413 2690 447 2716 τὰ
465 2691 586 2722 τοιαῦτα,
603 2691 728 2727 καθάπερ
743 2693 759 2727 ή
786 2692 850 2726 περὶ
866 2690 996 2718 Λακεδαί-

206 2742 276 2768 μονα
301 2735 347 2760 καὶ
367 2735 482 2761 Ἠλείαν.
510 2735 628 2762 Καλοῦσι
653 2736 681 2762 δὲ
709 2736 735 2762 οῖ
759 2744 790 2770 γε
815 2737 926 2770 Δωριεῖς
950 2736 996 2762 καὶ

205 2779 304 2814 ἀγρίαν
319 2779 350 2805 τὺ
369 2779 485 2814 δένδρον.
502 2781 578 2806 Ἔστι
602 2780 630 2807 δὲ
655 2781 846 2816 μαλακώτερον
871 2781 918 2808 τοῦ
935 2781 996 2817 πρί-

205 2831 260 2855 νου,
279 2824 458 2860 σκληρότερον
476 2825 504 2851 δὲ
525 2825 570 2852 καὶ
592 2827 755 2854 πυκνότερον
770 2827 818 2862 τῆς
835 2827 923 2862 δρυός.
941 2827 995 2854 Καὶ

1046 2241 1186 2272 peccatum
1202 2235 1265 2263 Atla:
1290 2236 1406 2262 mutavit
1421 2243 1516 2263 earum
1542 2236 1725 2270 proprietates
1752 2240 1834 2269 atque

1046 2282 1228 2313 conditiones,
1253 2289 1315 2308 cum
1339 2288 1388 2308 nec
1409 2288 1442 2307 ea
1465 2280 1586 2316 quidem,
1603 2288 1665 2315 qua:
1688 2287 1754 2307 vera
1769 2283 1834 2307 sunt

1046 2327 1196 2356 secundum
1223 2331 1352 2353 naturam
1375 2326 1495 2353 hominis
1518 2331 1659 2362 peccatum
1681 2326 1743 2360 ejus
1757 2325 1834 2360 quid-

1046 2380 1126 2408 quam
1151 2372 1307 2399 variaverit.
1333 2371 1434 2399 Rosam
1452 2379 1516 2399 vero
1539 2371 1615 2398 nasci
1638 2371 1711 2398 inter
1740 2371 1834 2405 spinas

1046 2418 1199 2445 naturalem
1228 2425 1298 2444 rosa:
1322 2417 1547 2444 constitutionem
1571 2421 1653 2451 atque
1678 2417 1834 2451 generatio-

1046 2470 1107 2489 nem
1126 2462 1314 2497 consequitur.
1337 2461 1426 2495 Quarc
1444 2461 1496 2489 etsi
1521 2466 1586 2489 ante
1607 2466 1753 2496 peccatum
1770 2462 1835 2487 Adae

1046 2511 1124 2534 erant
1141 2508 1199 2535 haec
1219 2508 1345 2534 humana:
1361 2512 1465 2534 naturae
1486 2507 1577 2537 noxia.
1601 2514 1656 2533 non
1675 2506 1795 2534 luissem
1811 2505 1834 2531 ci

1046 2554 1073 2580 in
1089 2560 1208 2588 plenam,
1230 2553 1253 2580 si
1276 2560 1330 2580 non
1350 2557 1502 2587 peccasset.
1519 2551 1567 2579 sed
1591 2551 1629 2578 ita
1643 2556 1718 2579 esset
1743 2551 1835 2577 animo

1047 2607 1217 2634 corporcque
1233 2599 1357 2630 cll‘ectus,
1379 2603 1407 2626 ut
1429 2598 1558 2625 facillime
1577 2598 1634 2625 haec
1656 2597 1777 2625 exitiosa
1794 2598 1834 2623 in-

1047 2650 1201 2672 ternoscere
1218 2648 1242 2671 et
1258 2644 1343 2671 vitare
1356 2648 1459 2678 posset.
1476 2643 1575 2671 Verum
1595 2647 1648 2674 est,
1666 2642 1751 2670 Deum
1768 2642 1835 2668 tales

1047 2700 1091 2719 res
1116 2691 1273 2719 condidisse
1300 2693 1395 2726 quales
1423 2696 1487 2719 sunt
1515 2690 1667 2718 secundum
1695 2694 1833 2716 naturam.

1049 2737 1127 2765 Sanaa
1142 2739 1243 2765 mentis
1259 2742 1301 2765 est
1322 2737 1402 2765 lateri
1426 2745 1517 2765 rerum
1539 2736 1725 2772 proprietates
1745 2740 1772 2762 et
1787 2742 1834 2761 na-

1047 2787 1124 2812 turas
1134 2786 1246 2818 peccato
1259 2784 1409 2819 primorum
1420 2788 1562 2818 parentum
1573 2782 1723 2810 nonl‘uisse
1737 2782 1834 2808 immn-

1048 2833 1129 2857 talas.
1153 2829 1329 2864 Exploratum
1346 2833 1399 2862 est,
1419 2834 1482 2856 ante
1506 2833 1648 2863 peccatum
1677 2836 1740 2855 cum
1761 2825 1835 2854 nulla
