1903 3068
65 113 112 141 849

63 171 135 205 cutpa
150 176 236 203 neque
250 177 348 203 corpus
360 178 447 205 neque.
462 171 582 198 animum
605 170 734 203 alliceret,
753 180 842 206 neque
857 177 877 201 Α

65 223 161 252 ptenam
178 215 258 242 ullam
276 215 359 243 fuisse
376 216 500 244 inditam.
514 216 584 245 Vero
599 219 696 245 verius.
709 222 751 245 est
765 218 838 245 Ada-

66 269 130 289 mum
144 265 207 288 tunc
221 261 258 287 ita
269 260 359 288 animo
373 265 400 288 et
415 269 529 296 corpore
550 262 635 290 fuisse
651 262 787 294 effectum,
808 267 838 290 ut

65 312 87 335 et
99 308 207 334 exitiosa
219 313 407 342 cognosceret.
421 313 448 335 et
464 312 554 343 po~sct
568 309 664 336 vitare.
680 308 743 336 ltleo
757 313 783 336 et
797 317 842 336 ro--

65 361 115 382 sam
133 361 191 380 cum
214 353 300 388 spinis
323 359 414 381 natam
436 355 642 386 adirmabinius,
661 360 688 382 ct
707 356 735 382 in
757 356 844 390 spinis

66 400 142 433 nasci,
155 400 304 427 naturalem
320 408 389 428 rosae
403 402 624 430 constitutionem
639 406 666 429 et
692 402 845 438 generatio-

66 454 120 474 nem
138 446 288 481 consequi?
305 446 363 473 Alia
382 447 462 474 nobis
478 447 588 475 aliunde
608 452 634 475 ei.
658 456 727 475 rosa:
747 452 845 475 natura

65 497 88 520 et
102 492 230 519 naturalis
242 493 404 519 constitutio
418 493 576 528 quazrenda.
597 493 674 526 Quod
693 499 789 521 natura
804 494 846 520 in-

66 539 141 566 situm
165 542 207 565 est
226 543 308 574 atque
324 539 429 571 datum,
444 544 471 567 et
492 541 645 568 naturalem
670 541 846 568 constitutio-

67 592 121 612 nem
133 585 318 619 consequitur,
335 585 376 612 lex
391 589 440 616 est,
456 593 515 619 quae
528 586 601 613 nullo
613 586 753 614 hominum
769 586 845 621 inge-

67 630 117 658 nio.
140 630 211 656 nulla
240 634 393 665 temporum
419 631 625 664 vicissitudine,
653 633 727 659 nulla
753 640 845 660 rerum

66 679 198 710 varietate,
215 679 291 706 nullo
302 679 383 706 etiam
401 679 487 714 ipsius
501 685 614 713 natum,
631 681 653 707 si
670 681 726 707 ﬁeri
744 684 844 715 posset,

67 726 170 760 impetu,
186 725 319 758 violatur;
340 725 387 753 sed
398 733 505 761 semper
517 726 641 753 eamdem
663 735 719 754 rem
738 726 770 753 ad
786 727 845 753 exi-

68 775 118 798 tum
132 779 215 805 usque
229 771 417 806 consequitur.
435 771 511 804 Quod
526 772 547 798 si
561 772 651 803 tollas,
669 773 709 799 vel
728 773 754 799 in
772 772 845 799 aliud

68 820 243 844 transmittare
257 818 416 845 tentavcris.
432 825 488 844 rem
507 822 533 844 et
556 818 640 852 ipsam
658 819 765 852 perdes,
782 823 808 846 et
819 819 845 845 in

69 863 139 890 aliam
162 864 330 891 iminutabis.
347 863 380 890 Et
398 864 501 891 scimus
520 864 601 891 etiam
623 865 740 892 dubitari
767 873 800 891 an
819 865 844 892 id
863 852 881 878 Β

69 909 158 936 virtute
174 913 199 935 ct
218 908 346 936 facultate
371 909 462 936 divitia
491 909 548 936 tieri
572 915 673 944 posset,
689 915 715 937 et
734 911 844 938 conclu-

69 955 127 981 dunt
151 962 182 982 ex
206 959 304 982 natura
330 955 368 982 rei
393 954 420 981 id
440 955 588 990 implicare.
617 956 650 981 At
672 964 721 983 nos
744 957 845 984 nostris

69 1001 135 1028 hisce
158 1001 329 1036 temporibus
344 1001 524 1036 agricolarum
551 1001 684 1028 industria
708 1002 743 1028 ita
769 1010 847 1030 rosas

69 1047 162 1073 lns:itui
177 1047 325 1079 cernimus,
339 1052 368 1073 ut
379 1047 480 1082 absque
495 1048 583 1082 spinis
592 1052 745 1082 erumpant,
758 1055 845 1082 neque

69 1092 151 1119 minus
166 1092 346 1124 vermstiores,
364 1100 451 1126 neque
469 1092 560 1119 minus
576 1092 751 1119 0.!oratiorcs.
771 1091 844 1124 Quo-

70 1138 141 1165 motio
156 1145 219 1172 ergo
236 1146 252 1164 a
272 1142 369 1164 natura
389 1138 425 1164 ita
442 1142 626 1172 comparatum
648 1145 708 1164 esse
723 1137 842 1164 afﬁrma-

71 1184 166 1211 bimus?
182 1184 254 1210 Idem
270 1188 311 1211 est
329 1184 397 1210 inter
412 1185 504 1218 spinas
518 1183 594 1211 nasci
612 1184 760 1211 naturalem
777 1191 845 1210 rosa:

71 1229 284 1256 constitutionem
296 1230 424 1264 consequi
437 1229 580 1260 adii-mare.
596 1229 705 1256 acinter
715 1229 846 1256 domesti-

71 1282 112 1301 cus
128 1274 243 1308 parietes
268 1274 404 1301 hominem
437 1275 524 1305 nasci,
552 1274 702 1301 naturalem
727 1274 845 1301 hominis

71 1322 296 1349 constitutionem.
322 1321 353 1347 Et
375 1322 475 1348 mirum
501 1325 555 1352 est,
575 1321 647 1356 quod
664 1329 724 1349 cum
743 1321 770 1348 in
794 1321 845 1348 hoc

72 1366 129 1393 ﬂore
139 1368 261 1394 omnium
279 1367 463 1402 pulcherrimo
487 1367 563 1402 plura
585 1371 699 1402 possunt
720 1367 846 1395 conside-

71 1413 119 1440 rari
135 1421 192 1448 qua:
208 1413 270 1448 ejus
285 1417 409 1440 naturam
426 1414 555 1448 consequi
575 1422 628 1441 non
645 1415 762 1441 absurde
774 1413 846 1441 dice-

72 1466 165 1489 remus.
180 1459 315 1495 neglectis
328 1459 392 1490 illis,
404 1459 436 1486 ad
451 1460 556 1494 spinas,
566 1467 625 1494 quae
641 1460 757 1494 pessima
772 1463 845 1492 sunt,

73 1505 180 1531 animum
200 1505 390 1532 attendamus.
406 1504 444 1532 Ex
463 1505 704 1539 Peripateticorum
728 1509 754 1532 et
775 1505 847 1540 inge-

72 1558 178 1577 nuurum
200 1551 428 1586 philosophorum
450 1551 543 1578 schola
563 1555 657 1578 notum
680 1551 718 1582 id,
735 1558 767 1578 ac
781 1552 847 1579 satis

72 1602 168 1624 certum
187 1598 333 1630 habemus,
354 1598 391 1624 ita
406 1598 516 1632 propria
530 1605 592 1625 esse
611 1598 649 1625 rei
667 1598 723 1630 illa,
739 1605 798 1632 qua:
815 1598 848 1625 ad

71 1645 211 1671 naturalem
225 1645 449 1672 constitutionem
459 1649 673 1678 consequuntur,
694 1648 723 1670 ut
738 1644 771 1672 de
789 1645 849 1672 aliis

72 1689 132 1722 dici,
150 1694 176 1718 et
197 1691 259 1717 aliis
285 1691 479 1717 communicari
504 1690 616 1717 minime
645 1691 751 1726 possint
775 1691 849 1718 salva

73 1741 244 1772 utrorumque
269 1741 377 1765 natura.
400 1737 435 1764 At
457 1738 528 1764 inter
545 1737 638 1772 spinas
663 1737 739 1764 nasci
763 1737 850 1765 soline

72 1790 135 1810 rosa:
145 1783 289 1811 convenit?
312 1783 381 1818 Ergo
397 1783 468 1810 inter
481 1783 574 1818 spinas
585 1783 660 1810 nasci
678 1791 732 1810 non
752 1791 851 1810 conse-

73 1830 158 1863 quitur
179 1830 333 1856 naturalem
358 1837 428 1856 rosa:
440 1829 674 1856 constitutionem.
691 1828 726 1856 At
744 1837 797 1856 non
814 1829 851 1856 ita

73 1875 172 1910 propria
193 1879 222 1902 ut
241 1875 276 1902 sit
292 1875 353 1902 aliis
377 1875 564 1909 inconjuncta,
587 1883 652 1910 ergo
675 1883 730 1902 non
755 1879 851 1901 natura

72 1921 139 1953 data,
151 1929 215 1956 ergo
232 1925 322 1956 potest
338 1922 461 1955 generari
479 1929 552 1952 rosa.
569 1926 596 1948 et
622 1922 682 1948 sine
703 1920 789 1955 spinis
804 1928 852 1955 ge-

73 1968 165 1994 nerari.
190 1967 244 1994 Sed
267 1967 363 1993 demus
386 1967 468 1993 etiam
490 1975 546 1995 rem
572 1967 609 1993 ita
639 1975 668 1994 se
688 1967 806 1999 habere,
826 1971 852 1993 et

74 2012 138 2039 inter
149 2014 242 2047 spinas
253 2013 340 2044 nasci,
356 2013 485 2047 consequi
499 2020 568 2040 rosae
584 2013 736 2040 naturalem
752 2013 852 2040 consti-

73 2058 205 2085 tutionem.
234 2058 304 2091 Quid
325 2058 406 2085 inde?
427 2057 562 2089 Culturae,
590 2059 658 2090 soli,
681 2066 768 2093 aquae,
789 2058 850 2085 creti

71 2107 166 2130 tantam
178 2112 242 2132 esse
261 2104 316 2138 jam
332 2108 358 2131 et
376 2103 531 2132 facultatem
547 2105 574 2131 in
591 2104 702 2139 plantis,
716 2105 738 2132 si
762 2104 853 2131 Theo-

73 2151 177 2184 phrasto
205 2151 323 2185 aliisque
342 2150 498 2181 credimus,
517 2154 547 2176 ut
566 2150 650 2177 miras
679 2150 854 2178 alterationes

566 114 600 141 ΙΝ
620 113 806 142 EUSTATllil
826 114 1063 144 liEXAEMERON
1082 117 1193 146 NOTAE.

1628 124 1681 152 850

895 181 965 199 mum
983 179 1118 205 utaturut;
1139 179 1166 202 et
1183 183 1243 210 cap.
1260 176 1306 210 26,
1327 176 1445 204 Perdunt
1467 178 1595 212 fat-illim:
1621 185 1682 208 ante

896 219 1087 251 maturitatem,
1114 221 1214 254 palma,
1233 222 1312 256 ﬁcus,
1336 223 1488 259 amygdala,
1507 226 1602 257 malus,
1634 234 1682 260 py-

895 273 951 296 ras,
967 265 1028 292 item
1042 266 1148 300 punica,
1162 275 1220 301 qua:
1239 268 1319 294 etiam
1335 269 1437 296 roribus
1453 270 1553 302 nimiis,
1568 276 1592 298 et
1607 272 1681 304 prui-

894 311 935 338 nis
962 311 1054 346 ﬂorem
1080 313 1186 340 amittit.
1205 313 1264 346 Qua
1282 313 1314 340 de
1336 323 1416 341 causa
1438 316 1574 350 inﬂectunt
1594 325 1681 344 ramos

895 358 952 393 ejus
970 367 1001 385 ne
1016 359 1126 393 subjecti
1142 360 1278 387 humorem
1292 361 1416 395 infestum
1441 363 1583 397 excipiant,
1605 368 1682 398 atque

896 407 1055 432 contineant.
1073 405 1160 441 Pgrus
1180 412 1203 433 et
1228 407 1380 442 amygdala,
1392 408 1472 434 etiam
1487 409 1510 435 si
1531 417 1582 436 non
1595 409 1680 444 pt'uat,

896 452 940 478 sed
958 452 1006 486 ﬁat
1031 453 1180 479 austrinum
1204 453 1307 485 uelum,
1334 459 1380 480 aut
1402 454 1531 488 nubilum,
1557 456 1682 482 amittunt

896 498 999 532 ﬂorem,
1022 504 1046 526 et
1062 500 1160 533 primos
1182 500 1302 534 fructus,
1322 501 1344 526 si
1368 509 1426 527 cum
1448 501 1592 535 deﬂoruere
1616 502 1681 528 tatu

896 544 951 572 dies
966 544 1074 578 fuerint.
1097 546 1169 572 Idem
1185 545 1266 573 refert
1284 547 1330 574 lib.
1349 555 1415 578 xv”,
1433 555 1493 582 cap.
1509 547 1536 579 2,
1557 555 1616 582 qua:
1631 548 1680 575 ha-

896 590 955 617 buit
976 599 1008 618 cx
1032 591 1230 626 Theophrasto,
1250 593 1285 619 De
1306 593 1394 619 causis
1408 593 1491 625 plant.
1509 594 1557 622 lib.
1576 603 1604 627 II,
1621 603 1681 630 cap.

897 636 946 663 1'1:
963 636 1144 672 Ἀποὸλητικὰ
1164 637 1192 663 δὲ
1215 637 1331 672 μάλιστα
1346 637 1400 665 τῶν
1417 638 1531 674 καρπῶν
1552 640 1615 674 πρὶν
1636 648 1684 666 πε-

896 682 978 708 πᾶναι
998 681 1076 716 συκῆ,
1099 682 1145 708 καὶ
1161 681 1257 715 φοίνιξ,
1283 682 1329 708 καὶ
1344 683 1497 718 ἀμυγδαλῆ,
1515 684 1561 710 χαὶ
1585 684 1682 719 μηλέαι,

896 728 944 754 καὶ
967 728 1054 759 ἄπιος.
1078 727 1179 754 Ἱκανὸν
1203 728 1257 763 γὰρ
1275 729 1320 756 καὶ
1345 729 1432 756 ὁτιοῦν
1457 729 1615 766 διυγρᾶναι,
1638 732 1684 758 καὶ

897 773 1008 805 ἀσθενὲς
1024 774 1145 808 ποιῆσαι,
1160 773 1206 800 καὶ
1221 775 1278 809 ἅμα
1295 774 1399 807 τούτοις
1415 784 1446 810 γε
1462 777 1508 802 καὶ
1523 777 1684 812 πνευμάτων

897 819 1043 854 ἐπιγίνεται
1061 819 1182 854 μέγεθος.
1209 820 1240 846 Ἡ
1254 820 1281 846 δὲ
1301 821 1350 855 ῥόα
1371 823 1427 853 τοῖς
1446 822 1494 856 μὲν
1517 822 1623 849 ἄνθεσιν
1639 823 1684 849 εὑ-

898 865 1084 896 κατάπτωτος.
1110 864 1236 899 Ἀσοενὴς
1250 864 1304 900 γὰρ
1321 865 1410 891 αὐτῶν
1428 866 1444 900 ἡ
1460 866 1628 902 πρόσφυσις·
1647 867 1685 899 ὡς

898 911 919 937 δῗ
943 911 1006 937 ὅταν
1030 910 1162 945 ψεκάδια,
1189 910 1235 936 καὶ
1254 910 1342 946 δρόσοι
1366 911 1494 944 πέσωσιν,
1525 912 1685 948 εἰσδυόμενα

899 955 968 982 κατὰ
984 955 1013 981 τὸ
1032 955 1111 986 ἄνθος
1127 955 1282 990 ἀνυγραίνει
1305 956 1351 982 καὶ
1373 958 1445 982 ποιεῖ
1460 955 1508 992 τὴν
1529 956 1616 993 βολήν.
1640 959 1685 984 Διὸ

898 1002 945 1028 καὶ
961 1001 1107 1035 κατάγουσι
1123 1001 1157 1028 τὰ
1170 1001 1275 1037 δένδρα,
1292 1002 1338 1028 καὶ
1358 1002 1408 1029 οὐκ
1423 1003 1533 1037 ἀφιᾶσιν
1555 1003 1595 1035 εἰς
1607 1002 1683 1038 ὕψος,

898 1048 971 1079 ὅπως
999 1048 1023 1074 ot
1049 1048 1151 1074 κύτινοι
1180 1048 1216 1083 μὴ
1242 1047 1317 1084 ὀρθοὶ
1342 1048 1481 1083 γενόμενοι
1506 1048 1636 1084 δέχωνται
1655 1049 1686 1076 τὸ

899 1095 989 1129 ὑγρόν.
1007 1095 1038 1120 0i
1054 1093 1081 1120 δὲ
1104 1094 1150 1121 καὶ
1169 1094 1301 1121 ἀνάπαλιν
1325 1094 1463 1121 κελεύουσι
1485 1095 1610 1129 φυτεύειν
1635 1096 1685 1128 τὰς

900 1140 1013 1175 ράῦδους
1033 1139 1127 1166 τούτου
1158 1141 1248 1175 χάριν,
1275 1141 1350 1172 ὅπως
1369 1141 1448 1172 εὐθὺς
1470 1140 1684 1170 κατανεύσωσιν.

900 1186 959 1212 Ὅτι
974 1185 996 1211 δ’
1011 1185 1128 1221 ὑγρότης
1142 1186 1215 1212 αἰτία
1231 1186 1280 1221 τῆς
1299 1185 1443 1220 ἁποὸολῆς,
1456 1186 1581 1213 κάκεῖθεν
1596 1185 1684 1221 δῆλον.

898 1233 930 1258 At
946 1231 999 1267 γὰρ
1021 1232 1096 1258 ἄπιοι
1109 1232 1156 1258 καὶ
1173 1231 1337 1266 ἀμυγδαλαῖ,
1354 1231 1406 1258 κᾶν
1428 1232 1465 1267 μὴ
1489 1231 1582 1268 βρέχῃ,
1600 1231 1684 1264 νότιος

898 1278 924 1304 δὲ
977 1279 991 1304 ὀ
1008 1277 1061 1312 ἀὴρ
1077 1278 1124 1304 καὶ
1141 1278 1281 1312 ὲπινεφὴς,
1299 1277 1479 1304 ὰποὸἀλλουσι
1501 1278 1548 1303 καὶ
1568 1277 1602 1304 τὰ
1618 1276 1685 1312 ἄνθη

899 1330 946 1350 και
970 1324 1033 1355 τοὺς
1057 1323 1183 1358 πρώτους
1209 1323 1345 1358 καρποὺς,
1372 1323 1420 1349 ὲὰν
1443 1322 1522 1354 εὐθὺς
1546 1322 1615 1358 μετὰ
1638 1322 1687 1358 τὴν

899 1368 1050 1403 ὰπάνθησιν
1140 1367 1326 1395 Theodoretus
1353 1368 1381 1395 in
1406 1368 1511 1402 C(1pil;.l
1536 1367 1686 1400 Ηιεηηιὶω,

905 1414 1010 1446 ¹Ιστέον,
1027 1415 1067 1441 ὅτι
1090 1415 1105 1440 ὸ
1124 1414 1247 1450 Ἐϐραῖος
1264 1414 1325 1440 ἀντὶ
1348 1415 1481 1449 καρυῗνης
1503 1413 1687 1449 ἀμυγδαλενην

900 1460 990 1496 φησίν.
1015 1461 1045 1486 'H
1065 1460 1093 1486 δὲ
1110 1459 1279 1495 ἀμυγδαλίνη
1297 1460 1328 1486 τὺ
1348 1460 1416 1495 ταχὺ
1432 1460 1481 1494 τῆς
1500 1459 1634 1495 τιμωρίας
1648 1460 1690 1486 αι-

876 1534 881 1542 .
899 1506 1015 1532 νὶττεται
1025 1514 1032 1521 ·
1048 1506 1101 1541 πρὸ
1115 1506 1168 1541 γὰρ
1181 1506 1234 1532 τῶν
1254 1505 1340 1532 ἄλλων
1353 1506 1469 1541 δένδρων
1483 1505 1567 1532 ἀνθεῖ.

935 1552 1015 1583 ibid.,
1032 1553 1081 1579 lin.
1097 1552 1141 1579 50.
1161 1553 1191 1580 Ἠ
1204 1551 1238 1579 δὲ
1257 1552 1347 1586 πικρὰ
1362 1551 1530 1586 ἀμυγδαλῆ.
1559 1551 1687 1582 Basilius,

899 1598 978 1625 Hom.
988 1598 1005 1624 5
1021 1607 1027 1624 :
1045 1598 1112 1625 Τινὰ
1125 1598 1153 1625 δὲ
1173 1599 1220 1624 καὶ
1235 1598 1284 1633 τὴν
1299 1598 1330 1624 ὲκ
1352 1597 1458 1632 φύσεως
1474 1597 1572 1624 κακίαν
1594 1598 1690 1633 ἐπιμε-

899 1643 985 1675 λείαις
1008 1644 1139 1679 γεωργῶν
1163 1643 1368 1679 θεραπευόμενα
1393 1643 1530 1678 ἔγνωμεν·
1558 1640 1614 1670 οἷον
1639 1643 1689 1675 τὰς

900 1689 988 1721 ὀξείας
1011 1689 1096 1725 ῥοιὰς,
1120 1689 1165 1716 καὶ
1186 1689 1240 1716 τῶν
1265 1689 1425 1724 ἀμυγδαλῶν
1447 1688 1496 1721 τὰς
1513 1689 1687 1725 πικροτέρας,

901 1737 964 1763 ὅταν
979 1736 1165 1771 διατρηθεῖσαι
1181 1736 1211 1762 τὸ
1232 1735 1300 1770 πρὸς
1316 1737 1354 1770 τῇ
1374 1735 1436 1771 ῥίζῃ
1461 1735 1585 1770 στέλεχος
1601 1736 1690 1770 σφῆνα

902 1783 1005 1818 πεύκης
1031 1782 1146 1817 λιπαρὸν
1163 1782 1212 1817 τῆς
1235 1781 1396 1817 ὲντεριώνης
1422 1782 1507 1817 μέσης
1532 1781 1690 1809 διελαθέντα

901 1829 1038 1862 δέξωνται,
1057 1829 1097 1860 εἰς
1109 1828 1271 1864 εὐχρηστίαν
1288 1827 1484 1863 μεταϐάλλουσι
1496 1828 1557 1854 τότε
1577 1827 1623 1854 τοῦ
1641 1836 1689 1863 χυ-

904 1874 954 1910 μοῦ
979 1874 1030 1909 τὴν
1054 1874 1221 1909 δυσχέρειαν.
1235 1873 1449 1907 Theophrastus,
1470 1872 1571 1900 Histor.
1600 1872 1689 1906 plant.

902 1922 950 1948 lib.
965 1929 994 1951 ιι.
1017 1928 1077 1954 cap.
1093 1920 1120 1951 8,
1142 1919 1310 1955 amygdalam
1332 1927 1365 1947 ex
1386 1926 1478 1946 amara
1500 1919 1605 1947 dulcem
1617 1919 1687 1947 emci

903 1968 970 1998 vult,
987 1967 1009 1994 si
1034 1968 1095 2001 quis
1117 1966 1230 1993 caudice
1249 1965 1432 1993 circumfosso
1450 1966 1690 2000 pratert‘oratoque

904 2021 1032 2041 mensura
1054 2012 1208 2040 dodrantali
1227 2012 1348 2047 undique
1367 2013 1513 2047 lacrymam
1538 2011 1690 2039 afﬂuentem

904 2061 932 2087 in
959 2060 1029 2087 idem
1059 2059 1178 2086 detinere
1202 2058 1284 2086 sinat.
1305 2057 1373 2086 Vide
1394 2058 1530 2093 ejusdem,
1551 2057 1591 2084 De
1604 2057 1692 2084 causis

903 2105 987 2138 ptum.
1007 2104 1053 2131 lib.
1071 2112 1090 2136 ι,
1105 2104 1187 2139 capit.
1204 2103 1249 2135 21,
1264 2111 1320 2138 quo
1334 2103 1394 2130 loco
1415 2103 1583 2138 amygdalam
1596 2103 1692 2130 humo-

906 2151 944 2178 ris
964 2150 1129 2178 abundantia
1153 2150 1273 2177 sterilem
1301 2149 1342 2176 sic
1360 2149 1487 2184 castigari
1512 2148 1597 2175 tradit
1619 2147 1690 2175 Plin.

73 2197 285 2231 mutationesque
296 2197 331 2229 _in
352 2196 386 2223 iis
399 2196 521 2230 quotidie
532 2200 689 2227 cernantur,
705 2199 732 2222 et
744 2195 850 2231 Hippon
869 2205 890 2232 ι)
906 2197 952 2224 lib.
971 2204 1036 2227 xvn.
1052 2203 1112 2231 cap.
1127 2196 1175 2223 9.7:
1187 2195 1343 2231 Amygdalw
1354 2203 1387 2223 ex
1401 2195 1500 2222 amaris
1516 2194 1604 2221 dulce:
1626 2195 1692 2228 fiunt

37 2252 39 2255 -
73 2247 161 2269 auctor
170 2247 223 2274 est,
235 2250 344 2269 omnem
362 2242 493 2276 plantam,
509 2246 535 2269 ct
549 2242 712 2274 silvestrem,
728 2247 754 2268 et
770 2242 852 2268 urba-

73 2295 130 2315 nam
146 2289 248 2316 cultum
266 2289 401 2323 adoptanti,
418 2293 464 2315 aut
476 2297 530 2315 non
546 2290 671 2324 adeptam
684 2288 750 2316 eiiici
761 2296 851 2323 posse,

73 2340 97 2360 et
121 2339 261 2369 peccatum
287 2335 313 2361 id
339 2342 392 2361 non
412 2334 509 2361 faciet?
532 2342 610 2369 poena
638 2334 759 2368 peccati?
783 2333 855 2361 Deus

73 2381 145 2415 ipse?
173 2381 262 2414 Adde,
278 2383 372 2416 spinas
387 2385 413 2408 et
432 2381 548 2408 tribulos
565 2380 726 2415 gerniinabit
751 2380 809 2406 tibi.
825 2379 853 2406 Si

71 2429 121 2463 jam
137 2435 212 2458 erant
229 2431 323 2466 spinae,
342 2431 364 2458 si
384 2430 440 2464 jam
458 2429 562 2460 tribuli,
580 2429 670 2456 inania
686 2428 775 2455 divina
793 2436 855 2455 ver-

71 2475 113 2506 ba.
125 2476 214 2504 inanis
225 2484 305 2511 pmna
317 2480 343 2503 et
357 2475 658 2509 maledictio,quanwis
668 2474 744 2501 dicas
759 2473 852 2504 fuisse,

74 2521 116 2548 Sed
138 2531 191 2549 non
215 2523 244 2549 in
262 2529 382 2557 poenam.
400 2521 463 2548 Haec
482 2524 556 2551 sunt,
579 2519 681 2551 Pereri,
697 2527 767 2554 quae,
785 2523 812 2547 et
831 2519 854 2546 si

74 2573 122 2592 non
134 2571 206 2595 esset
221 2567 371 2596 Eustalbii.
389 2566 494 2596 Basilii,
510 2564 666 2600 Augustini,
679 2572 794 2599 quorum
809 2571 855 2599 pa-

75 2615 160 2640 troni!
176 2614 337 2645 auctoxitas,
363 2613 496 2640 inducunt
515 2617 543 2639 ut
558 2612 666 2639 credam
690 2619 779 2638 rosam
793 2615 856 2637 ante

75 2665 209 2691 peccatum
223 2659 322 2686 factam
338 2667 400 2686 esse
416 2659 518 2693 absque
534 2658 631 2693 spinis.

107 2706 162 2733 Col.
177 2706 239 2733 716.
250 2707 297 2733 lin.
309 2707 354 2732 9.8.
370 2706 400 2732 Ἠ
420 2705 453 2732 δὲ
465 2704 622 2739 ἀμυγδαλῆ
635 2704 741 2738 πρώτη.
751 2703 856 2731 Piinius

75 2751 133 2779 lilr.
151 2760 207 2783 xw,
226 2751 325 2779 Natur.
345 2751 430 2782 llisL.
447 2759 506 2785 cap.
522 2750 567 2781 25,
585 2749 626 2776 Er
648 2750 689 2777 Itis
702 2759 760 2785 quw
774 2750 857 2778 hieme

77 2798 161 2830 aquila
177 2799 319 2828 exoriente.
329 2803 356 2824 ut
372 2798 498 2830 diximus,
512 2797 671 2830 concipiunt,
684 2797 759 2830 ﬂoret
770 2798 856 2831 prima

79 2845 188 2870 omnium
205 2845 345 2879 amygdala
367 2852 453 2871 mense
466 2843 609 2876 Januario,
628 2842 727 2869 Martio
742 2851 800 2870 vero
811 2851 857 2877 po-

904 2243 927 2270 si
942 2243 1115 2277 circumfosso
1139 2243 1237 2276 stipite,
1252 2247 1276 2269 et
1290 2242 1322 2269 ab
1343 2243 1398 2268 ima
1415 2246 1489 2275 parte
1504 2241 1692 2274 circumferam

904 2289 1019 2323 deﬂuens
1034 2289 1130 2324 pituita
1154 2289 1330 2323 abstergatur.
1353 2288 1499 2315 Africanus
1518 2287 1588 2322 apud
1607 2286 1692 2314 Geor-

904 2337 1019 2370 gicorum
1038 2335 1210 2363 collectorem
1226 2335 1272 2361 lib.
1297 2343 1324 2364 x,
1346 2333 1487 2361 medicinae
1500 2332 1583 2368 hujus
1597 2333 1694 2360 memi-

905 2381 945 2407 nit
961 2385 988 2408 et
1002 2381 1070 2407 alias
1088 2380 1180 2407 subdit
1196 2380 1342 2407 εΓλυκεῖαν
1357 2379 1385 2406 δὲ
1403 2380 1435 2405 ὲκ
1451 2379 1552 2415 πικρᾶς
1571 2379 1694 2414 ποιήσεις

905 2429 939 2460 et,
960 2429 1133 2464 ὲκτρυπήσας
1146 2429 1176 2454 τὸ
1192 2428 1312 2464 πρέμνον
1325 2427 1370 2453 ἐπὶ
1383 2426 1535 2462 παλαιστὴν
1548 2427 1576 2453 ὲν
1592 2434 1692 2461 τετρα-

905 2475 994 2511 γώνῳ,
1016 2475 1047 2502 τὸ
1066 2475 1182 2507 δάκρυον
1200 2474 1295 2510 ἐκδέξῃ
1318 2474 1348 2501 τὸ
1365 2474 1424 2500 κατ’
1446 2473 1578 2505 ἐνιαυτὸν,
1593 2473 1645 2504 ἕως
1660 2472 1694 2499 ἂν

905 2522 1052 2557 γλυκανθῇ.
1068 2521 1182 2548 Κάλλιον
1197 2521 1225 2547 δέ
1239 2529 1310 2551 τινες
1322 2519 1461 2552 ποιοῦντες
1475 2518 1692 2555 περισρύττουσι,

906 2567 952 2593 καὶ
975 2567 1165 2602 περιϐάλλουσι
1180 2567 1280 2602 κόπρον
1302 2567 1377 2592 ὑείαν
1402 2566 1561 2601 ἐπιχέαντες
1586 2564 1632 2591 καὶ
1649 2561 1694 2590 σῦ-

907 2622 963 2648 ρον,
988 2611 1048 2639 εἶτα
1075 2613 1283 2649 προσχώσαντες
1309 2613 1451 2648 ἀρδεύουσι
1480 2612 1540 2638 κατ’
1561 2610 1693 2641 ἐνιαυτὸνς

906 2660 958 2690 ἓως
970 2655 999 2685 οὗ
1019 2659 1201 2693 γλυκανθῶσι.
1220 2659 1277 2685 Πᾶν
1291 2659 1319 2684 δὲ
1339 2658 1464 2692 στέλεχος
1479 2656 1635 2692 ἀμυγδαλῆς
1649 2656 1694 2682 ὲκ-

907 2705 989 2732 κοπὲν
1009 2704 1153 2731 ἀποϐάλλει
1172 2705 1216 2731 τὸν
1240 2704 1354 2739 καρπόν.
1377 2704 1494 2739 Ἀπαλὴν
1517 2704 1545 2730 δὲ
1568 2703 1614 2730 καὶ
1628 2702 1694 2736 γλυ-

907 2753 991 2778 κεῖαν
1004 2752 1036 2777 ὲκ
1051 2750 1171 2786 σκληρᾶς
1191 2751 1238 2777 καὶ
1263 2751 1364 2786 πικρᾶς
1379 2750 1511 2785 ποιήσεις,
1533 2750 1557 2775 εἰ
1574 2749 1608 2775 τὰ
1630 2757 1656 2774 ιιι
1668 2748 1705 2784 ρι’

906 2798 936 2823 τὺ
954 2797 1077 2832 στέλεχος
1093 2797 1145 2828 ἕως
1160 2797 1213 2824 τῶν
1232 2797 1278 2823 ἐπὶ
1294 2796 1393 2831 πολλῆς
1408 2795 1490 2831 ῥιζῶν
1509 2793 1693 2829 γυμνώοειας,

908 2844 954 2870 καὶ
979 2843 1137 2879 ἀρδεύσειας
1162 2843 1280 2878 συνεχῶς
1306 2842 1382 2869 ὕδατι
1398 2840 1492 2878 θερμῷ
1508 2841 1561 2876 πρὸ
1584 2840 1633 2875 τῆς
1650 2839 1697 2866 ἀιμ
1716 2875 1720 2878 .
