1903 3068
73 79 121 108 8’35

575 87 609 114 IN
630 87 815 116 EUSTATHII
831 89 1067 117 HEXAEMERON
1082 89 1196 117 ΝΟΤΑΞ.

1634 87 1686 114 854

70 143 157 166 oraclo
173 139 280 174 frigore,
300 141 331 168 ob
354 142 380 168 id
396 142 468 171 dicta
494 145 691 179 sapientissime
712 148 846 175 arborum.

904 158 966 184 τρυς
977 149 1087 184 ἀντέχῃ,
1110 150 1156 175 καὶ
1170 149 1218 184 τὴν
1229 150 1325 176 ἀκτῖνα
1332 149 1377 176 τοῦ
1386 149 1460 185 ήλίου
1472 149 1516 176 διὰ
1527 147 1576 183 τῆς
1591 147 1684 174 ἀραιό-

73 183 118 211 Sed
133 192 190 211 cum
202 186 288 220 carpit,
303 187 330 213 in
343 192 444 215 tantum
456 191 576 218 uniuersa
588 193 745 226 germinatio
760 202 847 220 arum-

71 231 113 265 pit,
137 235 165 256 ut
181 239 236 257 una
261 237 335 259 nocte
359 240 468 270 peragat
494 237 574 264 etiam
590 247 650 265 cum
669 241 798 274 strepitu;
814 249 846 268 ex

71 275 254 311 Theophrasto
269 277 307 305 De
316 281 405 307 causis
418 282 514 315 plouth
528 283 574 310 lib.
590 292 607 316 I,
619 292 680 320 cap.
698 285 743 317 2t),
756 287 847 313 Ταῦτα

73 321 116 356 μὲν
135 322 300 359 πρωῖκαρπα
316 325 441 363 καθάπερ
468 328 597 363 ἄμπελος,
619 331 666 356 καὶ
688 331 766 366 συκῆ,
794 332 847 367 μά-

72 367 143 393 λιστα
156 368 184 394 δὲ
200 369 359 405 συκάμινος.
376 372 448 407 Αὕτη
473 375 521 408 μὲν
544 375 598 411 γὰρ
608 376 710 411 γυμνὸν
727 376 783 412 ἔχει
802 378 847 404 τὸν

71 413 181 458 καρπόν·
211 413 277 441 ὥσθ’
301 417 364 444 ὅταν
389 419 403 445 ὁ
415 419 487 454 ἥλιος
497 421 588 457 ἐπιθῇ,
601 423 670 457 ταχὺ
683 423 848 458 προηλλοὶω-

72 466 108 489 σε,
124 457 251 494 βραχείας
268 461 394 497 δεόμενος
419 463 594 500 θερμότητος.
620 467 695 502 ’Ἅμα
707 457 737 493 δὲ
748 457 804 495 καὶ
819 469 847 494 ὲν

71 504 139 540 αὐτῷ
170 507 366 542 ουνεργάζεται
392 509 506 546 δύναμις
530 512 638 548 ἰσχυρὰ,
673 514 720 539 καὶ
744 514 848 550 ἀθρόως

72 550 177 578 ὶπιοῦσα
206 553 334 591 καθάπερ
362 556 408 582 καὶ
427 557 496 593 πρὸς
517 558 566 593 τὴν
591 559 747 595 βλάστησιν,
764 561 848 596 ἡγὰρ

71 596 173 633 ὀψιότης
198 600 324 637 ἐποίησεν
347 602 504 639 ἀθροισμὸν.
518 605 599 632 Ὅθεν
622 606 669 633 ἆτε
689 607 848 642 βλαστήσεις

71 643 169 678 ἀθρόαι,
185 646 233 672 καὶ
247 647 316 682 μετὰ
332 650 417 684 φορᾶς
432 650 551 684 γίνονται
565 653 700 688 νεανικῆς,
716 653 786 679 ὥστε
802 653 849 680 καὶ

70 689 146 723 ψόφον
162 693 259 724 ποιεῖν,
286 694 412 731 καθάπερ
432 696 504 728 τινές
525 706 601 732 φασι,
627 698 673 724 καὶ
690 698 786 733 πέψεις
799 707 847 726 τα-

72 737 131 771 χεῖς.
145 736 177 764 Ει
189 745 249 773 cap.
267 739 297 766 9.!
310 751 316 767 :
339 741 370 768 Ἡ
383 742 431 777 μὲν
445 741 491 770 οὖν
505 745 554 779 τῆς
568 745 717 780 συκαμίνου
734 745 777 772 διὰ
789 746 849 773 τοῦ·

71 790 98 808 το
115 783 215 818 πρώῐος
231 794 237 800 ·
252 785 289 818 ὡς
301 786 328 813 δὲ
340 788 485 825 Μενέστωρ
500 791 591 824 φησὶν,
608 791 623 825 ή
641 791 689 825 μὲν
705 791 848 826 βλάστησις

72 828 147 864 αὐτῆς
165 830 229 864 ὀψία
243 832 286 858 διὰ
300 834 349 869 τῆς
362 834 530 871 ψυχρότητος
543 836 590 862 τοῦ
601 837 692 871 τόπου,
707 838 758 873 ἡδὲ
770 838 850 872 πέψις

71 877 156 909 ταχεῖα
171 876 214 904 διὰ
228 878 276 913 τὴν
290 879 443 908 ἀσθένειαν.

101 920 157 949 Col.
175 922 238 956 716,
261 925 311 952 lin.
324 925 370 954 41.
393 927 429 954 Ἡ
443 927 478 954 δὲ
492 928 587 956 ἐλαία,
601 928 680 957 Olcas
694 934 721 956 et
730 929 848 965 reliquas

71 967 184 1002 arbores,
206 977 323 1004 quarum
339 971 385 999 hic
403 973 507 1001 mentio
524 973 562 1006 ﬁt,
580 979 641 1010 post
654 976 778 1003 aestivum
794 976 849 1004 sol-

72 1013 167 1041 stitium
191 1014 257 1043 folia
275 1023 434 1045 convertere
448 1023 543 1046 narrat
571 1021 705 1048 cnllector
730 1021 846 1057 Geopon.

71 1066 99 1085 ex
116 1058 242 1094 Florent.,
258 1069 318 1098 cap.
329 1063 356 1095 2,
372 1064 556 1100 Προσημαίνει
569 1066 598 1092 δὲ
615 1067 662 1094 καὶ
675 1067 724 1099 τὰς
745 1067 848 1104 τροπὰς

71 1104 170 1140 θερινὰς
185 1109 339 1143 στραφέντα
353 1109 387 1136 τὰ
404 1110 491 1145 φύλλα
505 1113 553 1147 τῆς
564 1112 668 1144 ἐλαίας,
679 1112 797 1149 ὥσπερὴ
808 1122 848 1148 φι-

71 1149 130 1185 λύρα
144 1153 190 1179 καὶ
213 1155 232 1189 ἡ
253 1154 352 1182 πτελέα
367 1157 441 1192 καὶὴ
462 1157 555 1194 λεύκη.
577 1158 654 1191 Quod
679 1160 847 1193 experientia

70 1202 164 1225 certum
178 1207 238 1227 esse
251 1201 396 1229 conﬁrmat
409 1203 545 1231 Antonius
557 1204 689 1232 Mizaldus
705 1205 741 1232 De
753 1211 846 1233 secret.

71 1251 196 1277 agrorum,
209 1245 259 1272 lib.
280 1254 321 1278 ιιι,
334 1254 394 1282 cap.
408 1248 452 1279 17,
468 1252 495 1275 et
510 1247 614 1276 Gellius
632 1250 679 1277 lib.
694 1259 729 1284 Ix,
747 1257 807 1286 cap.
820 1251 846 1285 Ἰ,

76 1286 149 1323 Vulgo
164 1294 188 1316 et
205 1292 334 1326 scriptum
355 1298 378 1319 et
407 1293 535 1321 creditum
553 1300 604 1328 est,
634 1295 700 1330 folia
728 1297 847 1324 olearum

71 1335 187 1363 arborum
212 1337 330 1366 brumali
342 1344 366 1366 et
382 1341 520 1368 solstitiali
535 1341 578 1368 die
591 1344 715 1375 converti,
741 1348 766 1371 et
789 1353 847 1380 qua:

70 1387 125 1414 pars
139 1391 227 1410 eorum
244 1384 330 1418 fuerat
347 1386 466 1421 inferior,
478 1392 554 1422 atque
565 1389 705 1422 occultior,
721 1398 780 1416 eam
801 1399 847 1417 su-

69 1429 173 1462 perﬁeri,
190 1435 270 1466 alque
286 1433 382 1466 exponi
403 1433 437 1460 ad
451 1435 551 1466 oculos,
568 1440 594 1462 et
617 1436 652 1461 ad
669 1436 761 1469 solem,
773 1437 846 1472 quod

70 1473 136 1501 nobis
147 1484 248 1511 quoque
264 1478 344 1505 semel
364 1483 441 1514 atque
455 1480 551 1508 iterum
572 1483 686 1516 experiri
702 1483 846 1511 volentibus

152 1502 158 1509 ,
202 1502 220 1511 ,ν
237 1502 243 1503 ,
364 1502 439 1514 -..ην
455 1502 551 1508 ..-......
572 1502 683 1516 νην...
703 1502 846 1511 unum”.

70 1519 103 1546 ita
112 1529 164 1548 esse
175 1524 365 1558 propemodum
382 1526 465 1553 visum
486 1532 535 1554 est.
861 1502 882 1529 C

99 1576 173 1611 lbid.,
195 1580 247 1607 lin.
268 1581 311 1608 M.
331 1582 388 1616 Τῆς
407 1583 441 1609 δὲ
462 1583 574 1618 ἡμέρου
590 1586 698 1620 συκῆς.
719 1586 846 1621 Basilius,

71 1622 135 1651 hom.
148 1626 181 1653 5:
197 1627 240 1653 Τὰ
256 1628 326 1654 αὐτὰ
342 1628 369 1655 δὲ
384 1629 470 1656 ταῦτα
485 1631 532 1657 καὶ
543 1632 607 1667 περ).
619 1632 672 1659 τῶν
691 1633 781 1661 συκῶν
797 1643 848 1668 φα-

71 1677 108 1696 σιν
123 1679 130 1685 ⁸
145 1671 204 1699 ὅθεν
232 1675 256 1700 οἱ
279 1675 327 1709 μὲν
343 1674 392 1706 τὰς
417 1676 515 1711 ἀγρίας
531 1678 615 1709 συκᾶς
629 1679 849 1714 παραφυτεύουσι

69 1717 123 1748 ταῖς
146 1719 271 1755 ἡμέροις,
287 1721 311 1747 οἱ
325 1721 354 1747 δὲ
369 1722 433 1753 τοὺς
456 1722 582 1754 ὀλύνθους
600 1724 774 1760 ἐκθήσαντες,
796 1727 849 1753 τῶν

70 1764 206 1801 εὐκάρπων
239 1768 285 1794 καὶ
311 1768 426 1804 ἡμέρων
448 1769 537 1795 συκῶν
561 1769 610 1805 τὴν
625 1770 744 1797 ἀτονίαν
759 1771 850 1799 ἰῶνται

72 1813 158 1848 ῥέοντα
174 1816 237 1852 ἤδη,
255 1817 301 1843 καὶ
311 1817 524 1852 σκεδαννύμενον
536 1818 581 1844 τὸν
595 1819 700 1854 καρπὸν
708 1820 764 1850 τοῖς
774 1819 850 1846 ὀλύν-

71 1858 123 1892 θοις
138 1861 291 1897 ἐπέχοντες.
304 1862 521 1898 Theophrastus,
531 1863 604 1890 Hist.
618 1864 702 1898 plant.
727 1865 789 1892 libr.
818 1872 848 1898 ιι,

71 1913 126 1941 cap.
140 1907 166 1939 9,
184 1909 224 1934 ait
236 1909 466 1943 caprilioationem
479 1914 647 1945 compertam
663 1910 696 1937 ad
706 1910 848 1943 auxilium,

71 1960 102 1980 ne
109 1953 172 1982 licus
185 1954 296 1982 fruetus
303 1956 441 1983 amittant.
457 1955 574 1992 Ideoque
589 1957 615 1983 in
630 1957 850 1992 regionibusillis

72 1998 96 2025 in
119 2001 216 2035 quibus
246 2001 383 2028 fructuum
408 2002 515 2036 jactura
545 2011 598 2029 non
618 2003 655 2036 lit,
673 2003 849 2038 caprilicandi

72 2051 144 2071 usum
159 2047 266 2073 nullum
280 2047 388 2082 petiit/us
397 2055 470 2079 esse,
482 2052 512 2074 ut
522 2048 548 2074 in
565 2047 652 2079 Italia,
669 2048 694 2074 in
709 2048 775 2075 locis
786 2048 850 2076 item

72 2091 209 2125 aquiloniis
228 2097 256 2121 et
271 2095 381 2126 macris,
394 2099 423 2121 ut
438 2094 464 2121 in
473 2094 584 2122 Pbalcio
605 2093 771 2129 Megarensis
781 2095 850 2130 agri.

72 2140 96 2162 et
113 2138 274 2172 quibusdam
291 2141 416 2174 partibus
442 2140 589 2173 Corinthii,
607 2144 634 2167 ct
650 2141 678 2167 in
693 2141 788 2168 eodem
804 2148 851 2167 ca-

73 2182 122 2215 pite
134 2185 310 2219 capriﬁcandi
322 2186 455 2213 rationem
464 2186 557 2213 multis
569 2186 756 2221 prosequitur,
769 2193 850 2220 quem

73 2227 129 2256 vide
138 2230 207 2258 sicut
220 2235 248 2258 et
260 2231 379 2259 Plinium
393 2232 440 2259 lib.
453 2240 509 2265 xiv,
522 2239 582 2267 cap.
595 2231 638 2265 l9,
651 2235 678 2259 et
686 2230 850 2265 Palladium,

72 2271 116 2301 Mi.
131 2283 160 2307 ιι,
176 2284 237 2311 cap.
254 2277 297 2305 l0.

106 2331 182 2366 lbid.,
196 2335 245 2361 lin.
259 2335 302 2363 51.
322 2335 442 2371 Ἐπειδὴ
462 2335 497 2362 δὲ
520 2337 638 2369 ἁπαλός
669 2336 745 2363 ἐστι.
776 2335 853 2363 Basi-

74 2377 131 2410 lius,
147 2381 218 2408 lmm.
235 2382 262 2413 5,
279 2382 334 2408 Καὶ
353 2379 390 2408 ὧν
418 2382 467 2418 μὲν
483 2382 586 2414 ἁπαλὸς
603 2384 617 2409 ὁ
635 2383 740 2419 καρπός
757 2391 764 2398 ο
781 2382 852 2418 τιατ)

74 2425 115 2452 τοῦ
126 2426 222 2460 φύλλου
236 2429 266 2455 τὸ
282 2430 491 2464 σκεπαστήριον,
511 2429 548 2460 ὠς
568 2429 613 2455 ἐπὶ
635 2429 684 2464 τῆς
699 2428 782 2463 συκῆς
794 2437 800 2442 ·
816 2426 854 2454 ὧν

74 2468 98 2496 δὲ
113 2472 136 2497 οἰ
163 2474 264 2510 καρποὶ
287 2473 483 2509 στεγανώτεροι
512 2473 616 2510 ἐλαφρὰ
640 2473 693 2500 τῶν
711 2473 816 2508 φύλλων
836 2474 854 2508 ἡ

75 2519 216 2556 προσϐολὴ,
237 2520 274 2553 ὡς
297 2521 344 2547 ἐπὶ
367 2521 418 2555 τῆς
446 2520 562 2556 καρύας.
595 2521 657 2547 Ὀτι
690 2521 783 2547 ἐκεῖνα
805 2519 854 2556 μὲν

75 2562 114 2590 διὰ
129 2566 158 2592 τὸ
180 2566 291 2599 ἀσθενὲς
308 2567 430 2599 πλείονος
445 2567 530 2594 ἐδεῖτο
554 2567 604 2602 τῆς
628 2567 754 2603 βοηθείας
767 2575 774 2583 ⁶
792 2566 854 2593 τού-

75 2615 126 2641 τοις
141 2610 162 2636 δ’
173 2612 206 2638 ἂν
222 2612 397 2648 προσὸλαϐὴς
412 2613 519 2646 ἐγένετο
569 2613 709 2648 παχυτέρα
725 2611 855 2648 περιϐολὴ

76 2654 105 2681 ἐκ
113 2655 161 2691 τῆς
175 2657 220 2684 ἀπ’
228 2658 317 2685 αὐτῶν
329 2659 418 2690 σκιᾶς.

868 2172 890 2199 1)

109 2711 184 2746 Ibid.,
203 2715 249 2742 lin.
275 2716 310 2742 55
338 2715 389 2743 Διὰ
399 2715 437 2751 δὴ
453 2716 541 2743 τοῦτο
557 2716 648 2744 καὶτὸ
656 2718 785 2751 φύλλον.
804 2716 855 2744 Ba-

79 2757 160 2791 silius,
181 2760 255 2788 hom.
273 2762 300 2793 5,
319 2761 381 2793 Πῶς
409 2762 585 2798 κατέσχισται
615 2763 665 2798 τῆς
690 2761 856 2798 ἁμπέλουτὸ

79 2803 179 2839 φύλλον,
197 2808 239 2834 ἵνα
251 2809 296 2834 καὶ
314 2809 381 2844 πρὸς
396 2809 444 2840 τὰς
460 2810 491 2835 ὲκ
511 2809 557 2835 τοῦ
577 2809 656 2844 ἀέρος
668 2809 768 2844 βλόιῆας
784 2810 797 2835 ὀ
809 2808 854 2843 βά-

899 204 978 231 τητος
985 194 1102 229 δαψιλῶς
1115 195 1274 230 ὑποδέχηται
1289 204 1296 228 ;

938 240 1003 268 lbid.
1035 242 1082 268 lin.
1110 241 1154 268 57.
1187 240 1282 274 Οὗτος
1305 242 1395 269 οὐδὲν
1422 243 1524 277 ἀργόν.
1555 242 1682 273 Basilius.

899 286 973 314 hom.
989 287 1015 319 5,
1032 287 1113 314 Οὐδὲν
1127 288 1245 314 ἀναίτιον
1258 288 1332 315 οὐδὲν
1346 289 1399 316 ἀπὸ
1406 290 1585 324 ταύτομάτου,
1597 289 1684 316 πάντα

899 333 956 368 ἔχει
971 333 1030 360 τινὰ
1048 334 1141 368 σοφίαν
1157 334 1322 370 ἀπόρρητον.
1353 335 1522 370 Augustinus
1546 337 1593 363 lib.
1612 345 1630 369 l,
1644 337 1684 364 De

903 379 1006 412 Geues.,
1025 386 1117 407 contra
1130 381 1303 412 Manio/unos.
1316 390 1377 417 cap.
1399 383 1442 415 16,
1452 384 1574 411 canfutat
1588 392 1683 412 eorum

900 426 1046 457 inScitiam,
1075 428 1120 462 qui
1133 435 1248 463 quarum
1268 436 1360 456 rerum
1376 429 1427 463 ipsi
1441 438 1520 456 usum
1545 430 1683 465 ignorant.

900 479 946 499 eas
959 479 1073 506 prorsus
1103 472 1236 499 inutiliter
1250 477 1277 500 et
1289 482 1458 509 supervacue
1480 476 1603 503 conditas
1618 485 1684 504 ccn-

900 521 970 544 sent.
986 517 1145 545 Aristoteles
1159 519 1282 553 pluribus
1295 519 1321 546 in
1335 520 1402 547 locis
1424 520 1507 547 Deum
1519 527 1545 549 et
1558 527 1682 550 naturam

899 563 967 590 nihil
984 571 1065 598 agere
1077 564 1178 591 frustra
1194 565 1345 597 contendit,
1358 570 1384 592 et
1399 567 1534 602 prrecipue
1547 575 1565 599 ι,
1581 567 1618 594 De
1633 577 1684 595 cae-

900 609 937 640 lo,
949 612 1014 636 text.
1029 610 1073 641 5|,
1088 610 1168 636 etlib.
1189 618 1219 643 ιι,
1238 614 1303 637 text.
1318 611 1361 643 50,
1376 616 1403 639 et
1417 616 1482 640 text.
1497 613 1549 646 59;
1564 618 1590 640 et
1607 614 1682 646 |ib.|,

901 653 996 686 Polit.,
1013 662 1073 689 cap.
1091 654 1117 686 ὅ,
1136 659 1163 682 et
1184 655 1266 689 alibi;
1284 660 1310 683 et
1321 656 1527 692 Theophrastus
1544 659 1580 686 De
1595 661 1683 688 causis

899 699 995 732 plant.,
1008 699 1096 730 initio,
1109 699 1177 726 Οὔτε
1195 700 1248 736 γὰρ
1265 702 1281 736 ἡ
1295 701 1375 735 φύσις
1383 703 1458 729 οὐδὲν
1476 704 1563 739 μάτην
1574 706 1653 736 ποιεῖ,
1666 706 1683 741 ἥ

900 754 930 772 τε
938 745 1041 772 διάνοια
1049 745 1154 781 βοηθεῖν
1168 746 1294 782 ἐθέλειτῇ
1307 747 1395 781 φύσει.
1411 748 1442 774 Et
1454 748 1557 777 Plinius
1568 744 1682 785 procem,

901 793 948 820 lib.
959 793 995 820 22
1010 802 1017 820 :
1033 792 1107 819 Nihil
1124 802 1140 819 a
1160 801 1245 820 rerum
1258 800 1353 821 natura
1365 795 1421 822 sine
1438 797 1528 830 aliqua
1541 798 1684 826 occultiore

868 831 888 858 Β
901 848 983 866 causa
1002 840 1084 874 gigni,
1110 840 1221 873 scribit;
1241 844 1267 868 et
1292 841 1339 868 lib.
1358 849 1523 878 xxvm,cap.
1546 844 1591 877 ﬁt,
1612 842 1684 872 Adeo

900 886 966 913 nihil
976 894 1069 920 parens
1085 886 1133 913 illa
1153 888 1366 914 rerumomnium
1384 888 1440 915 sine
1456 889 1604 924 ingentibus
1620 899 1684 917 cau-

899 934 936 960 sis
947 934 1051 968 genuit;
1063 937 1089 961 et
1103 933 1278 969 Palingenius
1296 936 1322 961 in
1337 934 1402 962 Vitae
1419 936 1540 968 zodiaca,

936 990 1023 1028 Quam
1039 990 1107 1028 nihil
1119 990 1253 1016 incassum
1270 990 1353 1025 faciat
1370 997 1477 1023 natura,
1496 992 1623 1028 Deusque,

935 1024 987 1060 Qui
997 1033 1083 1052 secum
1098 1024 1152 1052 lucc
1167 1030 1271 1059 reputat
1289 1035 1340 1052 non
1360 1035 1434 1059 casu,
1448 1027 1492 1054 sed
1505 1024 1616 1060 ratione,

934 1059 1052 1087 Consilio
1065 1060 1194 1095 jussuque
1207 1060 1256 1087 Dei
1270 1061 1329 1095 ﬁeri
1343 1063 1430 1088 omnia
1443 1062 1510 1089 dicet

934 1126 1072 1158 (ΣΟΙνῊἹ,
1093 1126 1142 1153 lin.
1157 1127 1181 1154 1.
1203 1128 1258 1154 Ἓν
1278 1127 1332 1162 γὰρ
1356 1128 1433 1163 ὕδωρ
1457 1129 1504 1156 διὰ
1521 1129 1576 1165 τῆς
1588 1130 1683 1166 plan.

899 1172 1025 1205 Basilius,
1042 1173 1115 1201 hom.
1130 1174 1165 1206 5,
1186 1174 1233 1200 Ἓν
1245 1173 1326 1210 ὕδωρ,
1343 1176 1387 1202 διὰ
1409 1177 1457 1212 τῆς
1478 1175 1556 1212 ῥίζης
1572 1177 1685 1213 ἑλκόμε-

898 1229 952 1252 νον,
966 1220 1053 1252 ἄλλως
1071 1220 1120 1256 μὲν
1130 1220 1224 1256 τρέφει
1237 1220 1285 1256 τὴν
1303 1221 1379 1256 ῥίζαν
1392 1222 1485 1257 αὐτὴν,
1501 1222 1587 1254 ἄλλως
1599 1223 1627 1250 δὲ
1638 1223 1685 1251 τὸν

898 1267 988 1301 φλοιὸν
1002 1267 1048 1293 τοῦ
1071 1267 1223 1302 στελέχους,
1238 1268 1284 1294 καὶ
1303 1268 1389 1300 ἄλλως
1404 1269 1435 1295 τὸ
1458 1268 1544 1301 ξύλον,
1564 1270 1610 1296 καὶ
1634 1270 1685 1306 τὴν

897 1313 1058 1349 ἐντεριώνην
1073 1314 1183 1350 ἑτέρως.
1203 1313 1240 1340 Τὸ
1254 1314 1319 1340 αὐτὸ
1336 1315 1382 1341 καὶ
1397 1315 1494 1349 φύλλον
1510 1316 1624 1350 γίνεται,
1639 1317 1686 1343 καὶ

897 1361 936 1392 εἰς
956 1360 1119 1395 ἀκρέμουας,
1138 1360 1184 1386 καὶ
1211 1360 1324 1392 κλάδους
1340 1361 1542 1396 κατασχίζεται,
1567 1362 1614 1389 καὶ
1630 1362 1685 1394 τοῖς

897 1409 1014 1442 καρποῖς
1035 1407 1149 1442 παρέχει
1169 1407 1218 1443 τὴν
1233 1406 1357 1442 αὔξησιν,
1384 1408 1431 1434 καὶ
1444 1407 1560 1443 δάκρυον
1574 1409 1620 1435 τοῦ
1641 1417 1688 1444 φυ-

896 1454 956 1485 τοῦ,
973 1454 1018 1480 καὶ
1035 1452 1100 1484 ὀπὸς
1116 1454 1148 1479 ἐκ
1164 1453 1214 1488 τῆς
1237 1453 1322 1487 αὐτῆς
1345 1454 1434 1485 αἰτίας
1461 1455 1634 1490 προέρχεται.
1657 1454 1686 1483 1η

898 1498 1020 1526 eamdem
1040 1498 1203 1526 sententiam
1230 1497 1328 1525 Sextus
1346 1497 1448 1533 Empir.
1478 1498 1612 1534 Pyrrhon.
1630 1500 1686 1536 llg-

898 1545 970 1580 polii.
987 1545 1035 1572 lib.
1052 1553 1071 1574 ι.
1097 1545 1152 1571 Καὶ
1179 1544 1273 1580 ὥσπερ
1296 1545 1326 1571 τὸ
1341 1545 1412 1581 ὕδωρ
1428 1545 1456 1572 ἓν
1477 1547 1525 1573 καὶ
1553 1547 1687 1582 μονοειδὲς

898 1591 1052 1626 διαδόμενον
1068 1592 1107 1622 εἰς
1129 1590 1164 1617 τὰ
1185 1590 1280 1626 δένδρα
1303 1591 1370 1617 ὅπου
1389 1591 1437 1625 μὲν
1458 1591 1561 1625 γίνεται
1587 1592 1686 1626 φλοιὸς,

899 1637 964 1663 ὅπου
977 1636 1005 1663 δὲ
1026 1636 1130 1668 κλάδος,
1147 1636 1212 1663 ὅπου
1235 1635 1263 1662 δὲ
1279 1636 1393 1671 καρπὸς,
1410 1637 1456 1662 uel.
1468 1637 1518 1673 ἤδη
1533 1637 1624 1670 σῦκον,
1640 1639 1688 1665 καὶ

901 1682 960 1719 ῥοιὰ
973 1683 1020 1709 καὶ
1040 1682 1094 1709 τῶν
1108 1682 1195 1709 ἄλλων
1208 1682 1322 1709 ἕκαστον
1332 1690 1338 1695 ·
1358 1682 1409 1709 hoc
1424 1682 1556 1717 siquidem
1574 1684 1610 1711 ita
1625 1692 1687 1712 eve-

900 1729 941 1756 nit
953 1727 1182 1763 quemadmodum
1199 1727 1269 1754 idem
1284 1727 1362 1754 cibus
1377 1732 1525 1756 concoctus
1542 1729 1687 1764 aliquando

901 1775 931 1802 lit
954 1782 1033 1807 vena,
1055 1774 1190 1802 interdum
1213 1774 1324 1804 arteria.
1342 1774 1476 1801 interdum
1499 1782 1540 1807 os,
1560 1783 1687 1803 nonnun-

900 1829 982 1857 quam
999 1829 1099 1849 nervus
1116 1825 1143 1848 et
1155 1821 1368 1856 unumquodque
1390 1821 1521 1855 aliorum;
1543 1826 1569 1849 et
1584 1822 1610 1849 in
1627 1831 1688 1849 mu-

901 1868 968 1896 sicis
983 1876 1055 1899 unus
1075 1871 1103 1895 et
1119 1868 1189 1895 idem
1214 1867 1381 1894 musicorum
1397 1867 1477 1896 ﬂatus
1494 1868 1521 1895 in
1536 1868 1628 1895 tibiam
1645 1869 1688 1896 in-

901 1916 1033 1950 spiratus,
1050 1915 1130 1942 modo
1145 1919 1243 1942 acutus
1266 1916 1305 1946 lit,
1322 1914 1402 1942 modo
1419 1915 1529 1950 gravis;
1543 1919 1569 1943 et
1588 1924 1687 1943 manus

902 1961 967 1996 lyre
992 1961 1125 1996 impressa
1141 1968 1337 1995 nonnunquam
1361 1968 1471 1996 gravem
1495 1969 1603 1992 sonum,
1619 1970 1688 1988 nun-

902 2014 1042 2042 nunquam
1054 2011 1165 2034 acutum
1178 2006 1283 2040 reddit;
1295 2010 1322 2034 et
1336 2006 1362 2033 in
1375 2007 1438 2034 aliis
1451 2007 1531 2034 rebus
1544 2007 1614 2034 idem
1627 2015 1690 2034 con-

902 2056 1009 2091 tingere
1023 2056 1162 2083 cernimus

937 2101 1018 2132 lbid..
1038 2101 1086 2128 lin.
1104 2101 1131 2128 4.
1150 2101 1203 2128 Kal
1220 2101 1254 2128 ἐκ
1271 2101 1327 2136 τῆς
1349 2101 1443 2135 αὐτῆς
1458 2101 1586 2134 νοτίδος.
1612 2101 1690 2129 Basi-

903 2145 967 2177 lius,
983 2145 1056 2172 liom.
1070 2146 1098 2178 5,
1113 2146 1175 2177 Πῶς
1187 2146 1268 2172 πάλιν
1278 2148 1310 2173 ὲκ
1324 2147 1373 2182 τῆς
1386 2144 1471 2180 αὐτῆς
1483 2145 1583 2176 νοτίδος
1597 2146 1626 2171 ἐν
1642 2145 1691 2180 μὲν

902 2194 936 2229 τῇ
949 2192 1064 2228 ἀμπέλῳ
1075 2191 1145 2224 οἶνος
1156 2193 1322 2225 συνίσταται,
1333 2194 1361 2219 ὲν
1372 2192 1400 2218 δὲ
1409 2193 1441 2227 τῇ
1458 2192 1535 2227 ἐλαίᾳ
1542 2191 1572 2218 τὸ
1585 2190 1673 2217 ἔλαιον
1681 2199 1690 2206 ·

903 2239 951 2266 καὶ
966 2240 996 2265 οὐ
1013 2238 1092 2266 τοῦτο
1109 2239 1190 2274 μόνον
1207 2239 1372 2274 Θαυμαστὸν,
1389 2238 1447 2270 πῶς
1471 2235 1521 2264 ὦδε
1542 2237 1589 2273 μὲν
1614 2237 1644 2264 τὺ
1661 2238 1692 2263 ὑ-

903 2287 969 2322 γρὸν
985 2285 1187 2321 ἀπγλυκάνθη,
1211 2286 1269 2312 ἐκεῖ
1283 2286 1311 2312 δὲ
1327 2285 1440 2320 λιπαρὸν
1450 2284 1569 2319 γέγονεν,
1584 2283 1640 2310 ἀλλ’
1651 2283 1692 2310 ὅτι

904 2334 951 2360 καὶ
969 2334 998 2360 ἐν
1009 2334 1066 2365 τοῖς
1078 2332 1188 2367 γλυκέσι
1205 2333 1320 2368 καρποῖς
1341 2331 1480 2367 ἀμύθητος
1495 2332 1511 2366 ἡ
1533 2329 1692 2366 παραλλαγὴ

904 2380 953 2415 τῆς
970 2380 1119 2415 ποιότητος.
1140 2379 1220 2405 Ἀλλο
1233 2379 1285 2414 γὰρ
1302 2377 1332 2403 τὸ
1354 2378 1383 2403 ὲν
1400 2377 1514 2412 ἀμπέλῳ
1535 2376 1631 2410 γλυκὺ,
1647 2377 1693 2402 καὶ

905 2427 968 2454 ἄλλο
983 2427 1013 2453 τὸ
1028 2427 1056 2452 ἐν
1070 2425 1166 2462 μηλέᾳ,
1183 2426 1229 2453 καὶ
1245 2425 1329 2460 σύκῳ,
1352 2424 1398 2450 καὶ
1414 2423 1524 2458 φοίνικι.
1540 2422 1577 2450 De
1596 2430 1694 2450 sucen-

905 2481 966 2500 rum
981 2473 1007 2500 in
1025 2473 1125 2508 plantis
1145 2470 1305 2498 dill'erentiis
1317 2469 1407 2497 adesis
1419 2467 1639 2503 Theophrastum
1655 2467 1694 2494 De

908 2519 1011 2546 llistor.
1029 2519 1112 2553 plant.
1131 2518 1180 2545 lib.
1197 2525 1215 2549 ι,
1229 2525 1288 2551 cap.
1314 2515 1359 2547 19',
1383 2519 1409 2541 et.
1432 2515 1492 2549 ejus
1517 2514 1693 2548 interpretem

906 2566 1024 2593 Plinium
1049 2565 1097 2592 lib.
1114 2573 1159 2595 xv,
1183 2572 1245 2599 cup.
1267 2563 1312 2595 28,
1331 2562 1377 2598 qui
1401 2561 1578 2589 diﬂusissime
1595 2560 1694 2587 horum

908 2611 1067 2638 varietatem
1080 2613 1258 2646 pertractant.

943 2657 1023 2689 lbid.,
1037 2657 1085 2684 lin.
1105 2657 1132 2685 9.
1148 2658 1203 2685 Kal
1220 2657 1297 2684 αὐτὰ
1318 2656 1352 2682 δὲ
1376 2654 1436 2682 τῶν
1457 2654 1598 2689 δένδρων.
1616 2652 1695 2681 Basi-

907 2705 970 2736 lius,
989 2703 1063 2730 hom.
1081 2703 1108 2736 5,
1126 2703 1206 2729 ’Άλλο
1217 2703 1271 2738 γὰρ
1287 2702 1334 2729 τοῦ
1358 2702 1448 2737 σχίνου
1462 2702 1492 2728 τὸ
1505 2701 1632 2737 δάκρυον,
1647 2700 1695 2727 καὶ

907 2750 985 2782 ἄλλος
1000 2751 1014 2777 ὸ
1030 2749 1095 2781 ὀπὸς
1112 2748 1158 2775 τοῦ
1178 2748 1327 2784 βαλσάμου,
1347 2749 1394 2775 καὶ
1407 2748 1542 2783 νάρθηκές
1560 2755 1632 2778 τινες
1650 2747 1697 2773 ὲπὶ

907 2797 957 2832 τῆς
973 2795 1121 2830 Αἰγύπτου,
1134 2794 1181 2821 καὶ
1195 2794 1297 2829 Λιϐύης
1308 2794 1400 2829 ἕτερον
1413 2793 1486 2820 ὀπῶν
1500 2794 1578 2828 γένος
1595 2792 1696 2820 ἀποδα-
