1903 3068
53 86 103 114 857

565 85 597 112 ΙΝ
617 86 801 114 EL‘STATIIII
815 87 1049 114 llEXAEMERON
1065 88 1179 115 NOTAE.

1628 89 1679 117 858

54 147 189 182 Aigypto;
211 146 316 173 Strabo
333 145 380 174 lib.
402 154 446 174 xvr
469 146 596 174 silvestre
620 148 697 175 nasci
721 147 804 174 tradit
820 147 846 174 in
863 152 886 177 Α
901 147 1008 174 saeculis
1021 153 1166 179 excoctum,
1179 147 1281 182 glebam
1294 148 1373 174 habui
1387 154 1489 174 erutam
1507 155 1585 183 prope
1608 147 1681 174 Nar-

55 193 202 220 marititnis
221 191 404 226 Sabaeorum;
427 192 632 228 Theophrastus
647 193 772 221 silvestre
788 193 846 220 bal-

56 246 159 267 samum
177 238 289 265 nullum
310 246 424 274 usquam
446 243 584 274 repertum
602 239 722 273 accepit;
745 237 848 266 Pausa—

57 285 114 310 nias
131 284 159 309 in
174 282 306 310 Bacticis
322 284 434 311 arbores
451 284 478 311 in
497 285 596 311 Arabia
613 284 755 315 describit,
773 292 846 319 myr—

56 334 143 356 torum
168 331 375 365 magnitudine,
394 331 466 358 foliis
483 330 612 357 amaraci.
634 329 702 357 Vide
715 330 847 365 reliquam

55 376 199 403 historiam
219 377 379 411 viperarum
405 377 456 404 sub
476 377 536 410 ejus
556 376 651 403 fronde
671 376 845 403 lalitantium.

58 422 159 449 Plinius
173 423 266 450 incidi
282 423 363 454 vitro,
377 423 464 458 lapide
479 423 619 457 osseisque
630 423 760 453 cultellis,
777 422 848 449 ferro

58 468 124 499 laedi,
138 467 354 503 Theophrastus
371 469 466 496 ferreis
486 469 623 503 unguibus
640 469 706 496 ca:di
719 489 726 500 ,
744 467 848 495 Plinius

58 516 171 550 primam
190 515 313 550 gratiam
335 523 396 542 esse
418 515 555 550 lacrymte,
578 514 726 542 secundam
740 513 847 544 setnini,

59 560 163 587 tertiam
184 561 301 592 cortici,
317 561 456 588 minimam
482 561 555 595 ligno
566 561 623 593 ait;
645 560 849 594 Theophrastus

60 606 172 642 primam
190 606 315 638 fructus,
335 606 482 634 secundum
500 607 639 641 lacrymaa,
656 606 780 632 ultimam
793 606 849 632 vir-

59 660 161 686 garum.
177 651 325 679 Diversum
342 652 425 686 hujus
448 653 563 680 balsami
590 652 736 687 colligendi
762 652 848 678 ratio-

61 706 117 725 nem
135 697 198 725 sine
224 706 346 726 censura
371 702 466 725 narrat
483 698 638 725 Brocardus
657 698 806 724 monachus
822 701 849 724 et

61 751 87 771 se
101 744 207 771 vidisse
232 744 344 777 fatetur,
365 745 393 771 in
417 745 600 778 descriptione
615 748 694 771 terrae
722 748 823 771 sancte
840 753 846 770 :

62 789 105 816 Est
120 791 202 817 etiam
221 790 262 817 ibi
279 791 370 817 hortus
386 790 516 822 Balsami,
532 791 577 825 qui
601 791 730 825 irrigatur
746 799 761 816 a
777 790 849 824 fonte

60 843 144 869 paruo,
158 836 295 863 uberrime
318 842 403 863 tamen
423 837 529 870 ﬂuente,
543 837 568 862 in
582 844 632 870 quo
653 837 727 863 aiunt
744 836 847 863 beatam

66 881 197 916 Virginem
212 891 326 917 puerum
340 882 431 909 Jesum
450 882 542 908 lavisse
555 891 563 909 :
574 882 604 908 ab
622 881 649 908 id
664 882 774 908 habetur
788 883 846 917 fons

62 927 103 953 ille
121 928 147 953 in
162 928 344 959 veneratione,
356 927 451 954 nedum
473 936 489 954 tt
506 926 675 957 Christianis.
690 936 777 954 verum
791 932 815 954 et
831 936 848 954 α

63 971 212 1000 Saracenis.
232 973 343 1000 Modum
366 973 505 1008 colligendi
527 972 675 999 balsamum
698 973 766 999 hunc
785 973 848 999 mihi

65 1017 190 1044 Saraceni
200 1018 384 1046 ostenderunt.
400 1018 549 1052 Carpebant
564 1018 658 1052 folium
673 1026 753 1044 unum
768 1027 783 1044 a
798 1018 847 1044 sti-

64 1064 122 1097 pile,
145 1064 286 1091 adiicerent
303 1065 371 1092 enim
388 1065 453 1098 folio
479 1064 573 1098 stipiti,
591 1069 614 1090 et
630 1069 724 1091 contra
744 1062 846 1090 radium

67 1110 127 1136 ralis
143 1110 212 1136 illud
229 1110 416 1143 discerpentea,
432 1115 531 1145 guttam
555 1109 745 1135 lucidissimam
767 1113 792 1135 et
808 1117 850 1135 su-

66 1163 110 1189 pra
134 1155 243 1182 modum
264 1156 423 1190 odoriferam
439 1156 584 1182 elicuerunt
602 1163 610 1181 :
627 1159 650 1181 et
666 1156 688 1181 is
710 1160 748 1181 est
775 1163 848 1181 verus

67 1202 147 1235 liquor
166 1202 307 1229 balsami:
323 1202 367 1237 qui
381 1203 407 1229 in
427 1202 532 1235 phialas
552 1202 647 1228 vitreas
666 1201 809 1236 colligitur,
824 1206 849 1227 et

67 1247 97 1272 ad
107 1248 224 1274 diversas
242 1248 334 1274 mundi
347 1253 435 1281 partes
446 1248 571 1278 mittitur.
589 1248 694 1274 tametsi
711 1255 773 1273 raro
793 1247 849 1273 sine

68 1293 179 1319 mixtura
197 1293 233 1320 ad
250 1294 365 1328 regiones
381 1298 483 1320 nostras
504 1293 645 1326 perveniat.
661 1292 739 1319 Aiunt
757 1292 848 1323 etiam,

67 1339 88 1365 si
103 1339 196 1372 [aliam
217 1339 287 1366 illud
302 1345 393 1366 contra
409 1340 511 1366 radiant
526 1339 589 1366 solis
605 1347 656 1366 non
671 1338 848 1373 frangeretur,

69 1382 167 1409 minime
182 1391 292 1410 succum
310 1384 385 1410 illum
401 1384 527 1411 stillaret.

99 1428 156 1455 Col.
171 1430 237 1462 7l7,
260 1430 308 1456 lin.
328 1430 370 1457 i3.
386 1429 546 1464 Ἱστοροῦσι
556 1429 589 1456 δέ
597 1438 675 1463 τινες
683 1428 771 1456 καὶτὸ
779 1428 849 1462 ἢλε-

70 1482 162 1508 κτρον.
181 1475 312 1507 Basilius.
335 1475 408 1502 hom.
430 1476 457 1507 5,
478 1475 563 1510 Λόγος
580 1475 608 1501 δέ
630 1475 671 1506 τίς
687 1476 745 1502 ἐστι
760 1475 806 1502 καὶ
819 1475 849 1501 τὸ
864 1493 885 1522 C

69 1520 194 1556 ἤλεκτρον
204 1522 273 1548 ὀπὸν
285 1520 354 1548 εἶναι
366 1522 456 1556 φυτῶν
467 1522 506 1553 εἰς
518 1521 591 1548 λίθου
603 1521 682 1556 φύσιν
695 1521 853 1557 ἀποπηγνύς

72 1574 154 1600 μενον.
168 1565 278 1594 Psellus
302 1567 334 1594 de
349 1566 481 1601 lapidibus
495 1567 594 1601 duplex
609 1567 739 1593 electrum
753 1567 853 1593 consti-

72 1615 130 1644 tuit,
152 1621 239 1640 unum
258 1613 392 1645 Indicum,
418 1613 534 1639 alterum
561 1612 725 1648 Libyticum.
747 1617 773 1639 et
787 1611 852 1638 dicit

72 1659 178 1692 reperiri
192 1659 273 1693 juxta
288 1658 399 1685 ﬂuvium
420 1658 577 1688 Eridanum,
603 1657 706 1690 subdit,
724 1658 809 1683 Ἔνιοι
824 1657 851 1683 δὲ

71 1705 114 1730 καὶ
123 1704 242 1739 δάκρυον
250 1705 316 1732 αὐτό
326 1714 389 1739 φασι
397 1705 502 1741 δένδρου
515 1705 595 1736 τινός.
611 1704 718 1738 Κοῦφον
731 1703 785 1739 γάρ
796 1705 852 1730 ἐστι

72 1750 113 1776 καὶ
123 1749 264 1786 θυμιᾶται,
279 1751 316 1783 ὼς
330 1753 344 1778 ὁ
360 1750 504 1782 λιῦανωτὺς
520 1751 566 1778 καὶ
581 1751 596 1785 ἡ
614 1751 740 1786 μαστίχη.
756 1749 852 1777 Varias

74 1800 208 1826 auctorum
236 1798 384 1824 sententias
409 1797 442 1824 de
469 1797 600 1828 succino,
617 1801 654 1823 .cl.
675 1798 735 1831 ejus
748 1797 852 1832 origine

73 1842 175 1877 collegit
198 1843 315 1876 Plinius,
343 1843 390 1871 lib.
416 1850 521 1874 xxxvrt,
549 1850 607 1877 cap.
634 1842 652 1870 2
679 1847 706 1870 et
731 1843 758 1874 5,
784 1850 868 1877 quas‘

72 1884 112 1912 hic
125 1895 268 1915 recensere
281 1888 402 1922 ineptum
425 1895 485 1915 esse
504 1887 579 1914 duxi.
598 1887 625 1915 Si
637 1889 699 1923 quis
714 1887 852 1915 eruditio-

75 1939 131 1963 nem
147 1936 216 1961 tanti
242 1936 294 1962 viri
308 1940 335 1962 et
361 1934 490 1962 admirari
506 1938 532 1963 et
554 1935 679 1962 venerari
702 1935 849 1968 desiderat,

75 1978 147 2007 adeat
167 1981 258 2009 locum
276 1982 374 2008 mirum
396 1989 473 2010 sane.
488 1985 514 2008 et
527 1981 683 2008 omnimoda
708 1981 851 2016 prudentia

75 2023 249 2062 doctrinaque
277 2027 498 2055 refertissimum.
523 2026 578 2054 Nos
607 2026 704 2054 miselli
730 2027 794 2053 item
824 2030 851 2052 ct

75 2077 201 2105 pauperes
217 2073 250 2102 ad
274 2073 350 2100 illum
369 2073 435 2108 quid
452 2072 603 2099 addemus?
619 2071 783 2099 Aristoteles
802 2071 850 2098 lib.

78 2114 112 2142 De
130 2118 294 2146 mirabilibus
317 2119 506 2147 auscultation.
530 2118 563 2147 ad
589 2118 683 2145 ﬁctilia
709 2122 852 2152 poetarum

899 193 991 220 boncm
1007 195 1033 220 in
1062 193 1119 228 ejus
1138 193 1235 228 lapidis
1260 195 1357 228 fodinis
1373 194 1483 222 dimidia
1499 202 1531 221 ex
1543 199 1618 228 parte
1640 195 1680 220 ni-

898 249 971 276 gram
986 260 993 272 ,
1021 241 1107 266 altera
1134 240 1241 273 flavam,
1267 241 1367 266 ειη-εἱηί
1395 240 1578 275 modo:quad
1601 248 1680 275 argu-

897 291 985 313 mento
1013 286 1159 312 certissima
1180 291 1231 317 est,
1250 286 1383 312 succinum
1404 294 1432 312 co
1451 286 1527 312 modo
1539 287 1609 321 gigni
1628 294 1679 322 quo

897 332 1023 358 diximus.

935 378 1014 410 lbid.,
1036 378 1085 405 lin.
1104 378 1147 405 19.
1165 379 1255 405 Τοῦτο
1270 378 1302 404 τὸ
1319 378 1445 410 ἡλιακὸν
1458 378 1530 412 φῶς.
1550 379 1678 411 Quaenam

901 424 982 451 fuerit
1000 425 1044 451 lux
1062 425 1107 450 illa
1128 425 1216 459 prima
1243 424 1341 458 priscis
1367 424 1420 450 illis
1442 425 1608 458 temporibus
1627 433 1677 451 nec

900 477 952 496 non
968 470 1042 497 hisce
1055 470 1157 496 nostris
1173 473 1383 496 controversum
1399 462 1487 496 adhuc
1504 473 1562 496 est:
1579 470 1611 496 dc
1622 477 1675 504 qua

900 516 960 542 fuse
975 520 1002 542 et
1025 516 1165 542 enucleate
1180 515 1259 550 mulli
1283 515 1466 550 disputarunt.
1493 515 1676 543 Damasccnus

902 562 949 589 lib.
967 570 997 594 tt,
1018 561 1080 587 Fid.
1099 561 1213 595 orthod.,
1231 569 1256 588 c.
1276 562 1301 592 7,
1321 562 1467 594 existimat,
1492 561 1579 589 lucem
1605 563 1678 589 illam

900 607 985 635 fuisse
996 608 1159 634 elementum
1182 607 1262 642 ignis.
1278 607 1439 634 Ambrosius
1458 607 1620 635 Calharinus
1643 609 1680 635 ait

900 653 986 680 lucem
1005 653 1077 679 illam
1094 652 1176 680 fuisse
1192 653 1278 679 lucem
1303 653 1369 679 solis
1385 653 1543 687 perfectam,
1557 661 1633 688 aeque
1648 662 1680 680 ac

900 705 973 724 nunc
986 699 1043 730 est;
1061 697 1142 731 cujus
1158 697 1335 731 perfectionis
1351 704 1374 724 et
1398 698 1610 732 pulchritudinis
1624 707 1681 726 ma-

899 752 981 779 gnum
998 752 1059 771 esse
1071 748 1271 778 argumentum.
1286 744 1358 778 quod
1374 752 1405 771 ea
1421 744 1490 772 Deus
1506 745 1564 779 ipse
1573 754 1624 773 suo
1637 746 1682 780 ju-

900 790 973 817 dicio
989 789 1186 824 comprobavit.
1201 788 1272 815 Beda
1298 789 1324 815 in
1336 788 1477 822 Heraean,
1492 789 1620 818 Nicolaus
1643 791 1682 818 De

905 835 973 871 lyra,
989 835 1137 865 Testatus,
1154 838 1181 861 et
1210 834 1255 860 alii
1281 834 1448 861 arbitrantur
1472 836 1586 870 primam
1608 836 1682 864 illam

903 881 991 908 lucem
1017 888 1070 907 non
1087 880 1172 907 fuisse
1188 880 1283 911 solem,
1302 880 1349 908 sed
1366 888 1466 915 corpus
1488 882 1624 915 quoddam
1640 883 1682 909 lu-

901 926 991 953 cidum
1016 925 1050 952 ad
1079 925 1284 953 similitudinem
1300 925 1391 952 densae
1414 926 1584 962 lucentisque
1601 929 1682 956 nubis

903 972 930 999 in
951 971 1086 1007 superiori
1101 975 1177 1006 parte
1192 972 1285 999 mundi
1307 972 1445 1003 videlicet,
1462 973 1489 1000 in
1512 981 1565 1008 qua
1588 980 1682 1009 postea

903 1018 944 1045 sol
958 1022 1000 1045 est
1014 1018 1131 1051 positus,
1147 1018 1219 1053 quod
1228 1018 1301 1045 circa
1318 1018 1471 1046 densioretn
1486 1020 1605 1046 materize
1617 1028 1681 1055 par-

903 1069 967 1096 tem,
981 1071 1041 1098 qum
1053 1063 1171 1090 medium
1186 1064 1278 1091 mundi
1290 1065 1378 1091 locum
1396 1065 1681 1099 circumplectebatur,

901 1109 930 1135 in
947 1109 1040 1135 orbem
1059 1116 1234 1142 conversum,
1250 1109 1355 1136 dierum
1382 1114 1409 1136 et
1425 1110 1547 1137 noctium
1573 1111 1682 1138 vicissi-

902 1154 1012 1181 tudines
1028 1153 1171 1184 eﬂiciebat.
1186 1158 1213 1182 ct
1227 1162 1258 1181 ex
1274 1155 1320 1181 illo
1337 1155 1427 1182 lucido
1444 1163 1559 1190 corpore
1576 1160 1681 1191 postea,

901 1206 999 1235 quarto
1015 1199 1058 1227 die
1075 1199 1208 1226 formatus
1226 1205 1267 1226 cst
1288 1200 1328 1227 sol
1342 1200 1482 1234 amplioris
1512 1201 1684 1235 praestantio-

903 1246 996 1280 risque
1007 1246 1077 1273 lucis
1088 1245 1240 1272 additione.
1250 1245 1397 1281 Dionysius
1407 1247 1570 1282 Areopagita
1582 1251 1651 1281 part.
1662 1255 1682 1279 ι,

902 1299 962 1327 cap.
978 1292 1004 1323 ι,
1021 1292 1058 1319 Dc
1073 1293 1154 1320 divin.
1168 1293 1282 1323 nomin.,
1299 1300 1378 1327 quem
1397 1297 1548 1328 sequuntur
1563 1293 1594 1321 D.
1611 1294 1684 1321 Tim-

902 1346 961 1365 mas
984 1338 1070 1373 prima
1087 1343 1163 1373 parte
1182 1342 1279 1373 quasi.
1298 1338 1344 1367 67.
1364 1343 1416 1366 art.
1436 1339 1464 1369 4.
1481 1343 1507 1365 et
1523 1343 1619 1374 quiest.
1639 1339 1683 1372 70,

903 1389 955 1412 art.
972 1385 983 1410 l
997 1393 1004 1417 ;
1018 1384 1164 1419 Dionysius
1180 1384 1380 1411 Cartltusianus
1393 1391 1474 1419 super
1487 1385 1603 1419 primum
1621 1392 1684 1419 cap.

902 1430 1001 1457 Cenes.
1027 1434 1080 1457 art.
1103 1430 1136 1462 9;
1154 1429 1281 1457 Pererius
1308 1435 1335 1458 ct
1362 1431 1407 1457 alii
1433 1430 1600 1464 existimant,
1629 1438 1685 1458 non

903 1477 982 1503 aliam
998 1476 1091 1508 fuisse.
1107 1484 1187 1511 quam
1214 1476 1301 1503 lucem
1314 1477 1390 1509 solis,
1406 1477 1453 1504 sed
1474 1477 1562 1512 primo
1575 1477 1684 1511 quidem

902 1521 946 1548 die
960 1521 1041 1547 veluti
1066 1520 1221 1552 informem,
1240 1524 1266 1548 et
1287 1521 1472 1556 imperfectam
1491 1529 1551 1549 esse
1568 1522 1683 1554 factam,

902 1571 1000 1602 quarto
1013 1570 1102 1594 autem
1112 1567 1154 1594 die
1163 1566 1247 1594 fuisse
1255 1567 1406 1594 absolutam
1417 1571 1443 1594 et
1455 1572 1683 1594 consummatam.

901 1613 972 1640 Αὐτὸ
986 1613 1040 1649 γάρ
1055 1614 1112 1639 ἐστι
1127 1613 1158 1639 τὸ
1171 1613 1236 1648 φῶς,
1251 1614 1274 1640 εἰ
1292 1614 1337 1640 καὶ
1351 1613 1409 1639 τότε
1425 1613 1625 1648 ἀσχημάτιστον
1638 1611 1682 1648 ἦν,

902 1661 969 1695 ὅπερ
986 1661 999 1686 ὁ
1016 1659 1087 1691 θεῖος
1112 1660 1165 1694 ἔφη
1187 1659 1299 1694 Μωσῆς,
1324 1660 1370 1685 καὶ
1393 1659 1476 1694 αὐτὴν
1502 1659 1609 1693 ἐκείνην
1635 1659 1687 1695 τὴν

902 1705 1012 1742 πρώτην
1031 1706 1119 1742 ὁρίσαι
1136 1706 1190 1732 τῶν
1209 1705 1269 1732 καθ’
1290 1706 1362 1740 ἡμᾶς
1377 1705 1487 1741 ἡμερῶν
1506 1705 1611 1741 τριάδα.
1630 1705 1684 1732 Καὶ

902 1752 1005 1788 ὥσπερ,
1022 1756 1075 1779 etc.
1091 1751 1188 1779 Noster
1200 1756 1305 1784 auctor,
1317 1756 1344 1778 et
1361 1751 1476 1778 Basilius
1487 1758 1548 1778 cum
1564 1759 1596 1778 eo
1610 1751 1684 1778 hom.

903 1799 930 1831 6,
949 1799 1028 1833 cujus
1043 1798 1125 1826 verba
1143 1798 1187 1825 hic
1198 1798 1345 1828 ascribam,
1363 1805 1396 1824 ne
1411 1797 1504 1825 eadem
1521 1798 1621 1832 saepius
1638 1805 1682 1824 co-

902 1852 951 1879 gar
966 1844 1188 1879 repetere,tradit
1202 1845 1315 1879 primam
1328 1844 1397 1871 hanc
1410 1844 1496 1872 lucem
1510 1843 1594 1871 fuisse
1608 1851 1685 1871 crea-

902 1893 956 1916 tam
984 1898 1031 1924 per
1056 1897 1095 1921 se,
1123 1894 1150 1916 et
1167 1889 1385 1921 imlnatcrialem,
1403 1893 1500 1924 quarto
1524 1893 1615 1915 autent
1639 1888 1684 1915 dic

903 1931 1004 1958 factum
1021 1940 1081 1959 csse
1096 1939 1196 1966 corpus
1209 1932 1288 1963 solis,
1308 1937 1435 1966 tanquam
1454 1931 1513 1965 ejus
1530 1930 1682 1957 vehiculum

902 1977 945 2004 cui
963 1977 1044 2004 insita
1064 1981 1090 2004 et
1107 1977 1240 2012 impressa
1268 1981 1320 2005 est.
1337 1978 1403 2004 Τότε
1421 1977 1470 2012 μὲν
1485 1976 1538 2013 γὰρ
1554 1976 1622 2012 αὑτὴ
1637 1976 1683 2003 τοῦ

902 2023 990 2058 φωτὸς
1000 2024 1015 2058 ἡ
1027 2023 1105 2057 φύσις
1119 2023 1256 2059 παρήχθη,
1270 2024 1316 2050 νῦν
1327 2024 1355 2050 δὲ
1367 2024 1395 2050 τὸ
1402 2023 1512 2059 ἡλιακὸν
1518 2023 1595 2049 τοῦτο
1607 2023 1684 2058 σῶμα

902 2070 994 2106 ὄχημα
1006 2068 1073 2096 εἶναι
1089 2070 1126 2105 τῷ
1140 2070 1302 2105 πρωτογόνῳ
1316 2070 1413 2105 ἐκείνῳ
1431 2070 1499 2104 φωτὶ
1519 2068 1682 2105 παρεςτκεύα.⁸
1720 2069 1723 2073 ’

902 2125 972 2144 παι.
989 2116 1033 2147 Ὠς
1048 2115 1101 2151 γὰρ
1111 2115 1173 2142 ἄλλο
1184 2115 1213 2142 τὸ
1229 2115 1282 2150 πῦρ
1301 2115 1348 2142 καὶ
1362 2116 1424 2142 ἄλλο
1438 2116 1451 2141 ὁ
1468 2115 1571 2150 λύχνος,
1587 2115 1617 2141 τδ
1636 2114 1687 2150 μὲν

77 2169 222 2192 commenta
239 2165 349 2200 refugit.
364 2165 554 2199 Dalecampius
571 2165 651 2191 aliam
674 2164 780 2191 succini
796 2164 838 2191 ori

903 2162 951 2197 τὴν
964 2162 1009 2188 τοῦ
1021 2161 1146 2196 φωτίζειν
1154 2161 1268 2196 δύναμιν
1282 2161 1352 2196 ἕχον,
1366 2161 1395 2187 τὸ
1407 2161 1434 2187 δὲ
1443 2161 1622 2196 παραφαίνειν
1631 2161 1688 2191 τοῖς

77 2207 159 2241 ginem
174 2215 272 2242 contra
289 2211 405 2238 Plinium
419 2211 456 2237 ita
471 2214 566 2238 narrat
583 2220 589 2237 :
611 2209 644 2236 In
657 2210 771 2244 regione,
795 2217 853 2245 qua:

77 2255 202 2283 succinum
225 2258 315 2289 mittit,
340 2257 486 2292 cesiniferre
509 2257 589 2284 nulla:
604 2261 665 2283 sunt
681 2256 797 2283 arbores.
817 2256 853 2282 At

78 2301 102 2326 in
119 2304 358 2336 septentrionalium
384 2304 504 2330 littorum
524 2309 610 2330 tractu
630 2303 764 2330 bituminis
785 2307 856 2329 certe-

78 2355 151 2380 gmus
173 2351 271 2385 ﬂauum
293 2355 331 2378 est
354 2356 382 2377 ut
396 2351 499 2386 nigrum
516 2350 586 2385 apud
610 2359 657 2377 nos
677 2350 704 2376 in
730 2350 851 2381 Areruis,

77 2392 176 2428 eiusque
190 2397 306 2430 naphtha
319 2397 399 2431 flava,
414 2397 517 2432 qualem
534 2405 548 2424 α
563 2395 712 2425 Saxonibus
728 2396 856 2430 afferunt,

79 2441 100 2462 ει
120 2441 259 2473 petroleum
284 2446 388 2473 uocant,
412 2448 440 2468 ut
458 2442 527 2476 apud
548 2450 593 2470 nos
610 2448 680 2468 atra.
702 2441 769 2468 Cum
793 2449 853 2476 ergo

81 2485 143 2516 fante
157 2496 203 2515 suo
217 2489 328 2515 scaturit
350 2488 465 2515 bitumen
484 2488 511 2514 id
526 2488 604 2519 molle
620 2488 715 2520 adhuc,
731 2493 755 2515 et
777 2488 854 2524 liqui—

81 2530 147 2563 dum,
164 2533 236 2561 obuia
260 2542 368 2569 qua‘quc
397 2534 577 2568 amplectitur,
600 2536 704 2566 retinet,
728 2534 850 2562 includit.

82 2575 172 2606 Fluctu
191 2589 250 2608 vero
273 2581 404 2608 lambe-nte
426 2581 453 2607 in
473 2581 561 2607 altum.
582 2581 748 2615 provolutum
768 2581 853 2616 magis

83 2625 208 2659 vertigine,
225 2632 249 2654 ct
264 2628 407 2663 salsugine,
424 2628 597 2662 temporisque
609 2627 785 2655 diuturnitate
801 2627 852 2654 du-

83 2671 161 2701 rescit.
177 2677 205 2699 ut
224 2673 294 2708 apud
314 2682 361 2700 nos
375 2673 591 2707 pissaspltaltum,
609 2677 633 2700 et
643 2673 702 2708 jam
725 2679 779 2700 tum
794 2682 852 2701 suc-

85 2713 162 2742 ﬂ'mtm
178 2723 226 2750 est,
244 2719 331 2754 sicque
350 2723 500 2746 concretum
519 2718 546 2744 in
566 2718 652 2745 littore
667 2719 724 2753 ejus
744 2719 854 2746 scaturi-

85 2759 133 2791 Elini
152 2765 266 2798 opposito
288 2765 405 2792 aduersis
427 2765 507 2792 ventis
528 2764 644 2799 ejicitur.
661 2764 781 2800 Gagatis,
809 2766 854 2800 qui

88 2809 168 2841 procul
182 2810 258 2838 dubio
276 2811 388 2839 bitumen
404 2816 441 2839 cst
459 2811 485 2839 in
509 2810 648 2839 uisceribus
664 2816 740 2838 terra:
764 2810 854 2838 multis

903 2207 1039 2243 δεομένοις
1064 2207 1255 2242 πεποιημένον·
1276 2206 1346 2233 οὕτω
1370 2207 1417 2233 καὶ
1438 2206 1476 2240 τῷ
1502 2205 1689 2241 καθαρωτάτῳ

906 2254 1002 2289 ἐκεινῳ
1024 2253 1070 2280 καὶ
1088 2253 1237 2288 εἰλικρινεῖ,
1251 2252 1297 2279 καὶ
1320 2252 1393 2287 ἁΰλῳ
1417 2252 1495 2286 φωτὶ,
1523 2251 1612 2287 ὖχημα
1638 2251 1689 2278 νῦν

903 2301 927 2326 ol
942 2300 1084 2336 φωστῆρες
1098 2299 1362 2333 κατεσκευάσθησαν.
1379 2298 1451 2325 ldcm
1467 2298 1571 2325 videtur
1585 2297 1688 2324 sentire

905 2346 1053 2381 Gregorius
1076 2345 1277 2378 Nazianzenus,
1298 2348 1324 2371 et.
1350 2344 1406 2375 alii.
1430 2351 1499 2379 quos
1523 2351 1606 2378 supra
1627 2343 1684 2369 lau-

904 2393 1043 2420 davimus.
1061 2391 1137 2419 Hanc
1152 2392 1274 2419 ultimam
1294 2391 1466 2422 sententiam,
1488 2389 1612 2424 quamvis
1634 2389 1684 2415 mi-

905 2447 963 2466 ram
977 2447 991 2466 a
1008 2439 1170 2475 quibusdam
1188 2438 1382 2467 existimatam.
1396 2441 1422 2464 et
1439 2444 1537 2463 novum
1554 2435 1683 2462 inducen-

903 2491 957 2514 tem
973 2486 1135 2512 miraculum
1147 2484 1218 2519 quod
1231 2484 1342 2511 minitnc
1356 2482 1549 2510 admittendum
1559 2482 1586 2508 in
1601 2482 1685 2508 histo-

903 2532 943 2559 ria
960 2532 1107 2559 creationis
1120 2551 1127 2564 ,
1145 2535 1174 2558 ut
1189 2531 1282 2558 multis
1308 2530 1424 2561 videtur,
1443 2530 1470 2556 in
1495 2536 1543 2556 sua
1560 2528 1688 2556 doctrina

905 2579 941 2605 ita
970 2578 1127 2605 defenderet
1154 2576 1330 2611 Palingcnius
1361 2584 1394 2603 cx
1419 2575 1461 2602 sui
1485 2574 1595 2601 Zodiaci
1618 2574 1685 2601 Vita:

905 2625 966 2651 libr.
982 2631 1030 2656 xu,
1042 2623 1160 2650 aiter-im
1181 2622 1262 2649 Deum
1279 2630 1328 2649 sua
1348 2621 1542 2657 omnipotentia
1553 2629 1584 2648 ac
1597 2621 1688 2648 δείρῃ-

905 2672 941 2698 tia
956 2675 1031 2697 extra
1051 2670 1149 2696 cmlum
1166 2670 1243 2704 plura
1263 2673 1289 2696 et
1306 2669 1410 2703 majora
1426 2675 1543 2699 creasse,
1563 2667 1691 2703 quinith

904 2725 965 2745 cum
985 2717 1102 2752 potuerit

1054 2787 1089 2793 ——
1102 2772 1200 2798 Facere
1216 2773 1331 2806 inﬁnita.
1347 2771 1491 2805 putandum
1508 2776 1545 2796 est

959 2809 1065 2837 Fecisse
1080 2808 1183 2842 inﬁnita
1200 2816 1351 2843 omnemque
1364 2806 1481 2841 explesse
1493 2806 1621 2840 rigorem,
