1903 3068
243 87 296 114 859

926 83 1050 112 LEONIS
1070 83 1205 111 ALLATII

1821 82 1870 110 880

298 144 353 171 Nec
364 153 481 171 servasse
498 144 524 170 in
538 152 565 170 se
581 152 687 174 vanum,
705 143 743 170 ul
766 143 859 170 inutile
877 143 1032 178 quidquam.
1048 144 1070 171 Α
1084 141 1158 168 ἱκνιιςι
1168 142 1195 168 in
1210 140 1315 176 Eclogis
1324 141 1449 176 physicis,
1464 139 1590 168 Julianus
1604 139 1736 175 Apostata
1749 159 1757 171 ,
1773 141 1868 176 hymno

279 200 335 228 lloc
352 204 441 228 autem
455 200 589 227 infinitum
600 208 662 228 esse

260 257 372 287 Puram,
394 257 563 288 immensam,
580 262 605 284 et
633 258 689 284 sine
708 265 816 290 corpore
832 258 926 288 lucem,

295 292 401 328 Lucem,
415 301 468 327 qua
480 293 564 320 nostri
581 292 645 319 solis
662 293 735 328 longe
748 294 833 319 minor
847 299 885 319 est
901 294 958 322 lux,

295 327 402 360 Lucem,
420 336 500 362 quam
525 328 620 354 terreni
637 327 713 354 oculi
726 336 776 355 non
796 336 901 354 cernere
913 332 1028 362 passenl,

296 363 402 394 Lucem,
416 372 495 398 quam
513 371 546 390 es:
560 371 616 390 sese
630 363 740 397 e/fundit
765 363 834 390 Deus
850 364 1003 398 irt/iuitanl..

277 419 311 446 Et
327 420 401 446 illam
423 419 512 446 lucem
529 427 591 447 esse
615 420 674 446 sine
695 427 810 454 corpore
833 419 904 454 quod
919 419 1030 447 minime

242 465 350 492 videtur
367 465 576 496 inconveniens,
589 472 650 491 cum
663 465 709 492 lux
723 472 776 492 non
793 465 934 500 proveniat
946 473 960 491 a
972 472 1029 491 mtr-

241 511 320 544 teria,
333 511 380 539 sed
396 519 411 538 a
427 510 512 538 forma
525 532 532 544 ,

363 573 398 578 —
410 557 451 583 Es:
462 566 515 592 qua
531 557 568 584 vis
585 562 609 583 et
623 557 701 584 decor
720 557 799 592 efﬂuit
810 558 905 584 omnis.

276 602 342 636 Quae
358 611 419 630 cum
437 603 625 630 concedantur
648 603 742 630 formis
767 604 923 638 corporeis.
941 603 1027 631 multo

239 648 328 683 magis
344 649 547 676 concedendum
559 653 601 676 est
614 648 709 676 formis
726 649 906 683 iucorporeis.

295 693 448 721 Pra'serlim
461 703 519 720 cum
535 695 587 721 sint
607 702 680 727 pura:
695 695 789 728 magis,
810 699 834 721 et
850 699 948 723 tenues,
966 700 991 722 et

293 729 441 761 Participes
458 731 539 756 multo
557 730 661 756 uberius
682 730 834 764 pulchrique
852 729 972 765 bonique.

296 765 355 791 Ima
365 765 433 791 inter
443 765 518 791 divos
534 773 584 799 quo
599 765 707 799 quisque
722 766 854 797 potentior
867 771 918 797 est,
931 771 956 792 et

293 800 402 834 Dignior
416 800 464 826 Ιιοε
482 801 561 827 etiam
573 800 669 833 majori
683 801 781 827 lumine
794 801 883 834 fulget.

299 834 382 870 thue
394 836 460 861 inter
474 835 563 868 stellas
575 835 664 861 'mullo
682 835 857 862 nitidissimus
871 841 910 863 est
923 836 974 868 sol,

296 870 341 897 Sic
352 871 420 897 inter
436 871 509 896 diuos
528 871 593 897 lucet
611 879 656 897 res:
673 871 717 897 ille
731 870 850 897 deorum.

295 905 357 932 Non
376 910 463 932 tamen
480 906 601 932 obscurat
619 906 742 941 reliquos,
753 907 816 941 quin
836 907 938 941 perﬁcit
953 907 1023 934 illos.

242 950 296 978 Nec
307 951 456 986 requiritur
470 959 526 984 aer,
540 953 567 979 in
581 960 635 987 quo
651 957 780 987 tanquam
799 953 826 979 in
844 953 969 988 subjecto
983 954 1025 980 lu-

234 1006 299 1025 men
319 998 386 1025 illud
407 999 548 1031 inhaereat,
568 1007 630 1026 cum
657 1007 704 1027 aer
724 1000 836 1027 minime
851 1001 886 1028 sit
913 1001 1024 1029 luminis

234 1043 402 1078 subjectum,
424 1053 511 1079 neque
528 1045 618 1072 lumen
636 1045 673 1072 sit
686 1046 713 1072 in
724 1053 787 1073 aere
803 1055 808 1072 :
826 1045 884 1072 Ima
900 1054 945 1072 αρν
960 1055 1023 1073 con-

239 1095 281 1116 tra
296 1094 334 1116 est
355 1091 381 1117 in
398 1090 505 1122 lumine,
525 1095 551 1118 et
566 1091 623 1124 lux,
642 1096 714 1118 stare
735 1096 819 1126 potest
837 1092 933 1127 absque
953 1093 1022 1119 aeris

237 1137 302 1163 visu.
312 1135 369 1164 Lux
382 1145 444 1164 vero
457 1145 518 1171 qua:
532 1142 574 1164 est
589 1137 615 1164 iu
632 1137 747 1168 sole.est
757 1138 889 1172 particula
906 1138 974 1166 lucis
985 1139 1023 1166 di-

236 1183 315 1214 vinae,
334 1182 450 1218 ideoque
465 1184 492 1211 in
510 1184 567 1211 sole
580 1183 700 1216 nitescit,
711 1185 836 1219 quamvis
856 1185 883 1212 in
902 1185 956 1212 Deo
967 1193 1022 1212 non

235 1228 483 1263 comprehendatur
499 1234 609 1265 propter
628 1231 767 1258 materiam
793 1231 885 1263 illius,
900 1239 959 1266 qua:
980 1236 1021 1259 est

235 1273 290 1301 luci
308 1274 460 1309 aptissima.

270 1320 326 1356 illa
338 1322 417 1348 etiam
432 1321 479 1348 lux
495 1322 584 1349 diuina
599 1327 637 1349 est
654 1323 780 1356 impressa
795 1323 910 1350 aliorum

270 1355 396 1393 l_)_ivorum
413 1357 517 1390 formis.
534 1358 652 1392 quamvis
671 1355 722 1385 non
740 1359 859 1385 erunibus
876 1367 947 1393 irque
959 1380 974 1390 ,,

273 1389 306 1427 ἷίί
323 1400 373 1418 non
389 1393 473 1419 sle/la:
489 1389 577 1419 omnes
593 1393 690 1427 a'l/uuli
704 1394 801 1420 lumine
816 1389 912 1423 lucent,

271 1425 324 1463 ﬁed
342 1427 426 1462 magis
439 1425 676 1463 uunralia.qua'nlo
690 1428 744 1455 ha'c
758 1429 897 1463 perfectior
911 1429 958 1455 illa
969 1434 1018 1456 est.

271 1460 355 1500 (lique
368 1460 419 1488 una
435 1462 544 1489 candela
558 1463 626 1490 alias
640 1460 780 1490 accendere
798 1460 896 1499 plures.

271 1495 327 1523 Nec
344 1501 430 1524 tamen
447 1506 505 1530 ipsa
520 1506 596 1525 suurn
614 1499 723 1528 amittit.
744 1495 869 1526 ntin'uitue
884 1500 996 1526 nitorem
1010 1507 1018 1530 ,'
1033 1497 1056 1526 C

270 1531 351 1570 {laud
365 1541 439 1560 secus
454 1533 501 1570 illa
516 1534 564 1560 Dei
580 1534 626 1560 lus:
639 1535 783 1566 inuiolata,
798 1535 914 1570 nihilque

270 1567 426 1594 Dccresceus
442 1568 509 1596 alios
524 1570 638 1604 impertit
654 1570 750 1596 lumine
764 1570 846 1596 divos.

235 1611 410 1648 Palingenius
423 1614 515 1649 itaque
530 1616 764 1650 oppugnatoribus
778 1615 860 1651 hujus
878 1615 1020 1643 sententiae

233 1660 272 1686 ita
286 1660 461 1695 responderet
477 1670 483 1688 :
497 1660 598 1689 Lucem
615 1662 689 1688 illam
705 1663 741 1689 ita
755 1666 874 1689 creatam
892 1662 952 1690 sine
965 1662 1020 1689 ulla

234 1707 348 1734 materia
364 1707 486 1741 potuisse
497 1716 545 1743 per
562 1716 592 1735 se
603 1709 754 1736 subsistere
771 1710 831 1737 sine
846 1717 918 1742 aere,
937 1709 964 1735 in
977 1717 1020 1736 se-

234 1751 350 1786 metipsa
366 1753 449 1779 veluti
462 1753 488 1779 in
508 1754 617 1788 propria
635 1754 733 1786 forma,
749 1763 810 1789 qua:
824 1759 882 1782 erat
898 1754 931 1782 ab
945 1755 1019 1782 omni

233 1805 348 1833 corpore
363 1802 390 1825 et
402 1801 524 1826 materia
547 1806 683 1835 separata,
699 1805 725 1828 et
737 1801 779 1828 sic
802 1801 905 1828 nullum
919 1809 1017 1828 novum

234 1843 373 1871 inducitur
388 1845 561 1879 miraculum;
574 1846 618 1873 illa
632 1851 727 1882 postea
748 1847 792 1874 lux
805 1851 902 1882 quarto
913 1847 958 1874 die
969 1848 1019 1875 fuit

233 1890 284 1917 soli
300 1892 513 1922 communicata.
536 1901 590 1919 non
604 1901 651 1928 per
661 1894 838 1921 mutationem
848 1893 1018 1922 substantia.-

231 1936 296 1969 lem,
312 1937 358 1964 sed
374 1945 422 1972 per
433 1938 568 1965 diversam
592 1940 814 1974 applicationem,
838 1934 1017 1975 quemadmo-

228 1982 296 2009 dum
323 1983 412 2010 lumcn
439 1983 561 2012 divinum
588 1986 808 2013 communicatur
836 1987 936 2018 beatis,
963 1994 1017 2022 qua

229 2030 480 2058 communicatione
498 2032 566 2058 tiuut
587 2032 727 2064 luminosi,
745 2033 826 2060 sicuti
845 2033 936 2060 multae
951 2040 1017 2059 can-

229 2074 298 2101 dela:
312 2083 434 2103 accensae
447 2085 461 2103 a
474 2078 559 2111 prima
575 2078 697 2106 candela.
716 2078 767 2106 Sed
779 2079 812 2106 de
824 2079 875 2106 hac
891 2079 1017 2114 Paliuge-

229 2121 270 2148 nii
291 2123 426 2149 sententia
449 2123 565 2150 aliorum
580 2129 639 2152 esto
652 2125 804 2160 judicium;
816 2125 939 2161 quzedam
954 2134 1015 2154 esse

1084 187 1112 214 in
1129 187 1228 219 Solem,
1239 192 1266 214 et
1281 186 1405 215 Proclus;

1116 232 1197 263 lbid..
1215 233 1262 260 lin.
1275 233 1320 259 ‘7.
1339 233 1372 259 Τὸ
1387 233 1413 258 δ’
1427 232 1500 259 αὐτὸ
1515 232 1709 267 παράδειγμα.
1727 231 1786 259 Hoc
1802 233 1867 260 idem

1080 273 1193 306 uberius
1215 279 1391 313 prosequitur
1404 278 1522 306 Basilius
1539 279 1613 305 hom.
1638 279 1664 305 6.
1681 278 1790 304 Lunam
1807 286 1868 306 vero

1080 324 1149 351 solis
1162 323 1268 358 fulgore
1285 324 1349 358 tegi,
1366 328 1392 351 et
1411 324 1437 351 in
1455 328 1541 351 totum
1553 328 1675 351 mutual:
1692 324 1726 350 ab
1757 332 1791 351 oo
1811 324 1868 351 luce

1081 368 1194 404 fulgere,
1220 369 1304 396 refert
1321 369 1426 396 Plinius
1449 369 1496 397 lib.
1515 377 1545 401 ιι,
1561 377 1621 404 cap.
1643 369 1671 399 9,
1688 370 1771 404 cujus
1788 371 1866 397 verba

1079 423 1140 442 cum
1153 414 1186 441 ad
1201 422 1256 442 rem
1271 415 1373 441 faciant
1385 415 1429 442 hic
1443 415 1589 442 ascribam.
1602 415 1673 442 Solis
1689 416 1866 450 [ulgoreeam,

1079 467 1108 488 ul
1122 462 1224 494 reliqua
1239 462 1395 496 sidcra.tegi
1415 470 1424 488 :
1442 463 1466 488 si
1481 463 1586 497 quidem
1604 463 1630 488 in
1645 467 1729 489 totum
1747 468 1867 489 mutuatu

1079 506 1111 533 ab
1133 515 1163 534 eo
1180 507 1236 533 luce
1257 506 1367 541 fulgere,
1381 507 1485 542 qualem
1500 509 1527 534 in
1542 515 1696 541 repercussu
1713 516 1791 542 aqua:
1804 508 1868 534 Uoli<

1079 558 1135 580 tare
1161 554 1348 588 conspicimus.
1379 553 1445 581 Ideo
1464 554 1584 581 molliore
1609 559 1635 580 et
1662 554 1819 588 imperfecta
1845 555 1867 580 ri

1077 598 1186 631 solt-ere,
1206 604 1308 626 tantum
1323 599 1469 631 humorem,
1487 605 1564 635 atque
1577 600 1657 626 etiam
1669 608 1777 633 augere,
1795 608 1866 634 quem

1076 644 1141 671 solis
1153 644 1224 671 radii
1241 650 1389 672 assumant.
1407 645 1469 672 Ideo
1481 651 1504 672 et
1517 645 1642 680 itta'quali
1654 645 1754 671 lumine
1766 645 1864 678 aspici:

1076 691 1138 726 quin
1154 698 1186 717 es:
1199 690 1309 717 adverso
1325 691 1428 717 domum
1437 692 1524 726 plena,
1537 691 1645 726 reliquis
1655 691 1750 717 diebus
1763 696 1865 717 tantum

1075 744 1108 763 ea:
1124 745 1150 764 se
1165 737 1240 763 terris
1257 737 1389 771 ostendat,
1402 742 1528 772 quantum
1539 746 1571 764 ex
1585 738 1639 764 sole
1650 738 1709 772 ipsa
1726 738 1863 770 concipiat.

1079 782 1111 809 In
1126 784 1196 809 coitu
1215 783 1318 818 quidem
1335 792 1386 810 non
1411 785 1482 810 cerni
1497 792 1505 810 .'
1525 785 1651 819 quoniam
1666 785 1864 810 lmuslunhom-

1076 836 1134 855 nem
1158 829 1224 856 lucis
1247 838 1338 856 aversa
1359 830 1406 856 illo
1435 835 1534 865 regem!
1552 830 1620 857 unde
1636 832 1778 865 acceperit.
1794 831 1864 864 Apu-

1078 876 1149 903 leius
1167 876 1214 902 lib.
1230 875 1268 902 De
1286 876 1337 903 Deo
1351 876 1470 904 Socratis
1489 885 1498 904 .'
1516 877 1591 903 Luna
1605 877 1669 904 solis
1687 877 1801 908 wmula.
1816 885 1861 904 no-

1075 922 1125 948 ctis
1141 921 1216 952 deus,
1233 930 1279 949 seu
1295 923 1470 954 corniculum,
1482 932 1527 950 seu
1543 924 1662 954 dividua.
1675 931 1722 950 seu
1737 924 1863 957 protumi-

1075 967 1120 997 da,
1136 976 1181 994 seu
1197 967 1274 1002 plena
1289 969 1334 999 sit,
1353 969 1541 1003 variavignium
1557 969 1624 1003 face,
1640 973 1742 1004 quanto
1762 967 1862 1002 longius

1075 1012 1144 1039 absit
1161 1021 1177 1039 α
1197 1014 1261 1044 sole,
1282 1019 1357 1040 lauto
1384 1013 1486 1049 largius
1509 1014 1663 1040 illumiuala
1692 1022 1758 1048 pars
1782 1014 1862 1039 incre-

1074 1065 1159 1086 mento
1178 1061 1279 1087 itineris
1294 1065 1317 1087 et
1334 1060 1441 1087 luminis
1453 1069 1565 1088 mensem
1581 1061 1637 1088 suis
1652 1061 1758 1088 aclibus
1776 1069 1807 1087 ac
1818 1068 1862 1095 po-

1074 1105 1147 1132 ribus
1162 1106 1307 1140 dispendiis
1321 1107 1446 1133 ηισιὶηιαι.
1461 1106 1492 1133 Et
1512 1107 1582 1134 hanc
1598 1107 1633 1134 ob
1647 1114 1764 1134 causam
1777 1106 1860 1134 Graeci

1074 1158 1154 1187 ptette
1175 1154 1243 1180 solis
1259 1153 1341 1180 filiam
1366 1158 1474 1184 vocant,
1494 1153 1639 1188 Euripides
1653 1155 1681 1181 in
1706 1153 1860 1184 Plimnissis.

1127 1197 1162 1225 Ὤ
1191 1199 1393 1234 λιπαροζώνου
1426 1200 1551 1234 θύγατερ

1130 1246 1245 1273 Ἠελίου
1254 1266 1262 1278 ,

1124 1293 1273 1319 Σελαναία
1282 1313 1289 1324 ,
1312 1293 1673 1328 χρυσεόκυκλον-φέγγος.

1125 1337 1258 1366 Hesiodus
1272 1347 1338 1366 vero
1352 1343 1379 1366 et
1390 1339 1521 1374 Virgilius
1538 1347 1659 1367 sororem
1675 1348 1681 1365 :

1107 1382 1164 1410 Nec
1179 1383 1272 1418 fratris
1286 1385 1371 1412 radiis
1382 1385 1496 1412 obnoxia
1509 1393 1613 1419 surgere
1621 1385 1697 1412 luna.

1072 1429 1171 1458 Thales
1198 1430 1267 1457 dixit
1283 1438 1342 1458 eam
1367 1439 1382 1458 a
1409 1431 1467 1459 sole
1493 1431 1655 1462 illustrari,
1677 1430 1755 1465 quod
1780 1430 1858 1457 etiam

1071 1475 1252 1512 Pythagoras,
1270 1476 1459 1510 Parmenides,
1473 1477 1664 1512 Empedocles,
1681 1477 1859 1512 Anaxagoras

1072 1526 1099 1549 et
1115 1521 1287 1550 Metrodorus
1314 1527 1471 1550 senserunt.-
1489 1524 1626 1550 Aviccnna
1653 1527 1681 1550 et
1706 1523 1858 1551 Macro-bini

1071 1568 1164 1594 lunam
1178 1575 1193 1595 a
1207 1569 1265 1596 sole
1280 1569 1401 1596 mutuari
1419 1569 1509 1596 lumen
1521 1570 1637 1597 credunt
1653 1578 1659 1596 :
1674 1569 1791 1604 reliqua
1800 1577 1858 1596 verr

1071 1618 1146 1641 astra
1159 1614 1193 1641 de
1205 1622 1256 1642 suo
1269 1615 1416 1643 collucere.
1429 1615 1551 1651 Antipho
1566 1616 1678 1651 proprio
1690 1623 1752 1643 cam
1769 1616 1857 1643 lucere

1070 1659 1182 1691 lumine,
1195 1664 1286 1695 partes
1299 1665 1389 1688 autem
1406 1661 1466 1696 ejus
1478 1661 1654 1688 absconditas
1666 1669 1784 1689 accessu
1796 1661 1856 1688 solii

1069 1706 1224 1738 obscurari,
1242 1710 1373 1742 tanquam
1387 1707 1551 1734 imbecillius
1564 1714 1578 1733 a
1592 1707 1711 1738 fortiori,
1727 1707 1857 1742 quemad-

1070 1753 1181 1780 modum
1209 1757 1236 1781 et
1263 1754 1326 1781 aliis
1357 1753 1445 1781 stellis
1476 1753 1856 1788 contingit;Anaximandcr.

1070 1797 1254 1835 Xenophanes
1270 1800 1411 1835 proprium
1428 1800 1520 1826 lunam
1542 1799 1644 1826 habere
1666 1799 1760 1826 lumen
1785 1799 1857 1825 dise-

1068 1850 1153 1880 rnnt;
1178 1846 1340 1873 Aristoteles
1370 1846 1512 1881 proprium
1541 1845 1659 1879 quidem,
1681 1845 1729 1872 sed
1750 1845 1855 1875 rarius;

1070 1893 1156 1920 Stoici
1179 1893 1391 1925 subobscurum,
1408 1896 1434 1920 et
1451 1900 1580 1923 aereum;
1603 1890 1723 1919 Berosus
1745 1896 1856 1918 auctore

1068 1938 1224 1971 Cleomede,
1238 1944 1318 1974 atque
1329 1939 1410 1966 etiam
1421 1938 1546 1966 Vitruvio
1556 1938 1602 1965 lib.
1618 1946 1655 1969 ix,
1668 1946 1730 1973 cap.
1741 1938 1767 1969 4,
1779 1946 1855 1974 quem

1069 1984 1141 2015 vide,
1157 1985 1265 2020 putavit
1295 1985 1366 2011 luna:
1380 1992 1481 2019 c0rpus
1500 1984 1581 2019 pilam
1597 1991 1658 2011 esse
1673 1984 1760 2010 altera
1783 1987 1857 2018 parte

1068 2030 1245 2063 candentem,
1261 2030 1346 2056 altera
1364 2030 1508 2057 caeruleam
1522 2050 1529 2061 ,
1544 2029 1659 2063 ejusque
1677 2030 1854 2056 multationem

1068 2076 1137 2108 fieri,
1157 2079 1238 2111 prout
1253 2075 1341 2110 magis
1363 2075 1488 2102 minusve
1502 2082 1517 2101 a
1530 2075 1587 2102 sole
1605 2075 1764 2109 corripitur.
1785 2075 1854 2102 Cau-

1068 2129 1113 2148 sas
1125 2120 1296 2148 diversitatis
1313 2120 1536 2155 apparentiarum
1560 2120 1587 2146 in
1606 2120 1670 2146 luna
1688 2120 1794 2154 optime
1810 2127 1854 2147 ex-

227 2175 290 2202 quaa
316 2172 343 2195 et
369 2173 449 2196 caute
469 2170 530 2205 legiV
546 2175 573 2197 οι
589 2171 737 2206 prudenter
755 2172 887 2207 explicari
917 2172 1018 2201 debere
1033 2175 1053 2202 ο
1069 2168 1145 2202 ponit
1158 2166 1277 2194 Iacobus
1291 2166 1441 2198 Milichius,
1455 2170 1603 2193 comment.
1622 2166 1650 2192 in
1665 2167 1757 2193 locum
1778 2166 1853 2193 Plinii

227 2222 338 2242 censeo.
353 2214 452 2242 Verum
470 2216 535 2243 mibi
549 2218 692 2252 semperin
708 2218 750 2245 his
766 2218 858 2250 rebus,
874 2218 901 2245 in
915 2218 1014 2253 quibus

229 2265 333 2288 natum
347 2261 388 2289 vis
417 2265 443 2289 et
460 2261 587 2294 facultas.
600 2271 691 2290 rerum
708 2263 867 2291 difﬁcultate
883 2271 1014 2299 oppressa

227 2308 378 2342 decumbit,
394 2312 422 2336 ct
436 2310 535 2336 mentis
550 2309 677 2338 humanm
698 2311 788 2343 acies,
808 2310 935 2345 oculique
951 2311 1014 2337 cali-

225 2357 302 2389 gant,
316 2362 366 2381 nec
387 2355 441 2381 nisi
470 2354 560 2381 afﬂatu
588 2355 682 2383 divino
705 2356 863 2383 confirmari
886 2360 1011 2391 possunt,

227 2404 384 2426 sanctorum
409 2399 520 2426 Patrum
545 2401 682 2428 sententia
700 2401 808 2428 videtur
835 2401 1011 2435 probabilior,

227 2446 391 2480 minimeque
408 2446 534 2473 curiosus
552 2446 720 2474 intellectum
748 2447 867 2482 captivo,
882 2447 934 2474 etsi
957 2455 1010 2474 non

225 2491 319 2519 cadem
335 2500 396 2527 QIItE
408 2498 434 2520 et
449 2501 512 2528 ego,
527 2494 676 2520 sentientes
689 2493 830 2521 invenero.

259 2538 389 2571 (101.717,
403 2539 450 2566 lin.
461 2540 506 2567 9.5.
523 2539 577 2566 Kal
590 2541 629 2573 ὠς
641 2540 743 2574 ἔτερόν
752 2548 787 2566 τι.
800 2539 927 2570 Basilius,
936 2539 1009 2567 hom.

222 2584 240 2607 fi
254 2591 260 2608 :
275 2583 318 2615 Ὠς
332 2581 378 2610 οὖν
389 2584 482 2620 ἕτερον
496 2585 545 2620 μέν
556 2594 581 2611 τι
596 2587 627 2620 τῇ
644 2585 723 2620 φύσει
734 2586 750 2620 ὴ
763 2585 903 2620 λευκότης,
919 2585 1010 2621 ἕτερον

222 2629 251 2654 δέ
264 2638 289 2655 τι
303 2629 333 2655 τὸ
349 2629 561 2665 λελευκωμένον
574 2631 661 2666 σῶμα·
675 2630 745 2657 οὕτω
759 2631 806 2657 καὶ
821 2630 855 2656 τὰ
869 2631 917 2656 νῦν
933 2632 1009 2666 εἰρη-

224 2674 303 2708 μένα,
314 2675 431 2711 διάφορα
442 2676 506 2703 ὄντα
516 2677 618 2712 ἥνωται
627 2679 659 2712 τῇ
673 2677 787 2712 δυνάμει
797 2677 843 2703 τοῦ
858 2678 1007 2709 κτίσαντος.

260 2717 338 2748 lbid.,
354 2719 401 2746 lin.
418 2719 462 2747 98.
480 2721 599 2747 Ἔπειτα
616 2721 668 2747 τὸν
682 2721 771 2755 ἣλιον
785 2721 818 2748 ἐκ
835 2722 888 2748 τοῦ
904 2722 1006 2754 Jt’vpo'c.

225 2761 261 2789 De
275 2764 341 2790 solis
361 2769 469 2795 natura,
489 2766 688 2801 magnitudine,
709 2767 804 2801 figura,
821 2768 1008 2795 conversioni-

225 2807 285 2833 bus.
305 2808 423 2841 defectu,
439 2810 535 2845 signis,
552 2817 577 2839 et
596 2818 681 2844 motu,
696 2814 755 2840 vide
771 2821 830 2848 qua‘
848 2814 930 2841 relctt
947 2813 1009 2842 Sto-

1066 2221 1080 2239 a
1105 2212 1184 2239 nobis
1201 2219 1285 2247 supra
1305 2212 1437 2247 positum.
1455 2211 1555 2238 Verum
1574 2219 1670 2238 eorum
1689 2212 1798 2247 opinio,
1811 2213 1853 2247 qui

1065 2258 1157 2285 lunam
1174 2262 1200 2285 et
1213 2258 1353 2292 proprium
1374 2258 1464 2284 lumen
1487 2257 1598 2289 habere,
1613 2258 1735 2292 itemque
1759 2265 1775 2284 a
1801 2258 1853 2285 sole

1066 2307 1198 2338 mutuari,
1218 2314 1300 2341 quam
1317 2307 1398 2333 etiam
1425 2306 1549 2340 sequitur
1570 2310 1666 2333 noster
1682 2305 1850 2337 Eustathius,

1067 2353 1159 2380 verior
1184 2357 1224 2380 est
1243 2357 1269 2380 et
1282 2353 1465 2387 probabilior;
1484 2352 1564 2379 habet
1581 2353 1655 2378 enim
1683 2360 1764 2379 suum
1794 2360 1852 2387 pro-

1064 2400 1154 2434 prium
1188 2400 1336 2426 obscurum
1367 2398 1569 2434 quodammodo
1596 2406 1646 2426 nec
1672 2399 1849 2428 luminosum.

1063 2446 1212 2473 carbonum
1244 2446 1342 2478 instar,
1373 2446 1470 2480 recipit
1496 2453 1561 2472 vero
1583 2442 1673 2472 solare
1693 2446 1849 2480 splendens,

1062 2493 1166 2519 clarum
1187 2499 1241 2526 quo
1259 2499 1320 2519 sese
1343 2492 1480 2522 ostendat,
1496 2491 1614 2525 aliisque
1641 2490 1676 2518 ad
1705 2490 1849 2518 videndum

1061 2537 1291 2573 quemadmodum
1322 2537 1442 2564 interdiu
1467 2537 1508 2564 sol
1536 2538 1609 2564 viam
1637 2538 1738 2572 aperit.
1769 2536 1848 2563 Plura

1061 2585 1094 2612 de
1111 2584 1154 2612 his
1181 2584 1341 2612 Cleomedes
1366 2584 1415 2611 lib.
1441 2592 1460 2610 ιι
1483 2583 1606 2617 Meteon,
1631 2584 1704 2611 inter
1733 2588 1846 2611 uetera:

1062 2631 1179 2667 ᾝδεσαν
1201 2631 1227 2658 δὲ
1253 2632 1300 2658 καὶ
1322 2632 1345 2657 ol
1362 2631 1522 2657 παλαίτατοι
1541 2630 1595 2657 τῶν
1612 2629 1738 2664 φυσικῶν
1757 2638 1788 2655 τε
1807 2628 1846 2655 καὶ

1060 2677 1242 2712 ἀστρολόγων.
1255 2678 1296 2704 ὅτι
1310 2677 1363 2704 ἀπὸ
1375 2677 1421 2703 τοῦ
1435 2677 1511 2712 ἡλίου
1525 2677 1541 2712 ὴ
1558 2676 1654 2711 σελήνη
1666 2676 1697 2702 τὸ
1710 2676 1770 2710 φῶς
1784 2675 1846 2710 ἔχει,

1059 2723 1096 2754 ὡς
1111 2723 1189 2758 δῆλόν
1213 2724 1270 2750 ἐστι
1291 2723 1399 2759 πρῶτον
1421 2723 1470 2758 μὲν
1492 2723 1524 2749 ἐκ
1545 2723 1593 2757 τῆς
1609 2722 1790 2757 ἐτυμολογίας
1804 2720 1846 2747 τοῦ

1059 2769 1188 2804 ὀνόματος
1211 2770 1305 2805 αὐτῆς,
1331 2769 1416 2800 οὕτως
1436 2769 1632 2804 ὠνομασμένης
1655 2769 1688 2795 ὲκ
1710 2769 1758 2795 τοῦ
1774 2768 1845 2795 σέὶις

1059 2814 1141 2849 αὐτὴν
1157 2814 1214 2841 νέον
1231 2814 1300 2850 ἔχειν
1321 2815 1374 2847 ἀεὶ,
1396 2815 1442 2841 καὶ
1465 2815 1494 2840 ὲκ
1513 2814 1559 2840 τοῦ
1581 2813 1748 2841 ἑπιδίδοσθαι
1769 2813 1846 2849 δᾷδας
