  <div class='ocr_page' id='page_1' title='image "/cluster/home/n/w/nwhite01/storage/ocr_20150623/18/njp.32101077772455/710.png"; bbox 0 0 1903 3068; ppageno 0'>
   <div class='ocr_carea' id='block_1_1' title="bbox 70 90 1160 123">
    <p class='ocr_par' dir='ltr' id='par_1_1' title="bbox 70 90 1160 123">
     <span class='ocr_line' id='line_1_1' title="bbox 70 90 1160 123; baseline 0 -3"><span class='ocrx_word' id='word_1_1' title='bbox 70 94 114 123; x_wconf 79' lang='lat' dir='ltr'><strong>SOI</strong></span> <span class='ocrx_word' id='word_1_2' title='bbox 537 90 571 118; x_wconf 80' lang='lat' dir='ltr'><strong>IN</strong></span> <span class='ocrx_word' id='word_1_3' title='bbox 591 90 776 118; x_wconf 80' lang='lat' dir='ltr'><strong>EUSTATHH</strong></span> <span class='ocrx_word' id='word_1_4' title='bbox 790 90 1027 119; x_wconf 73' lang='lat' dir='ltr'><strong>HEXAEMERON</strong></span> <span class='ocrx_word' id='word_1_5' title='bbox 1045 91 1160 120; x_wconf 66' lang='lat' dir='ltr'><strong>NOTAE.</strong></span> 
     </span>
    </p>
   </div>
   <div class='ocr_carea' id='block_1_2' title="bbox 1628 86 1680 112">
    <p class='ocr_par' dir='ltr' id='par_1_2' title="bbox 1628 86 1680 112">
     <span class='ocr_line' id='line_1_2' title="bbox 1628 86 1680 112; baseline 0 0"><span class='ocrx_word' id='word_1_6' title='bbox 1628 86 1680 112; x_wconf 65' lang='lat'><strong>863</strong></span> 
     </span>
    </p>
   </div>
   <div class='ocr_carea' id='block_1_3' title="bbox 69 149 839 186">
    <p class='ocr_par' dir='ltr' id='par_1_3' title="bbox 69 149 839 186">
     <span class='ocr_line' id='line_1_3' title="bbox 69 149 839 186; baseline -0.001 -8"><span class='ocrx_word' id='word_1_7' title='bbox 69 154 119 182; x_wconf 70' lang='grc' dir='ltr'><strong>τοῖς</strong></span> <span class='ocrx_word' id='word_1_8' title='bbox 131 152 167 182; x_wconf 77' lang='grc' dir='ltr'><strong>εἰς</strong></span> <span class='ocrx_word' id='word_1_9' title='bbox 182 150 217 176; x_wconf 78' lang='grc' dir='ltr'><strong>τὰ</strong></span> <span class='ocrx_word' id='word_1_10' title='bbox 239 150 398 185; x_wconf 69' lang='grc' dir='ltr'><strong>’Δρτεμίσια</strong></span> <span class='ocrx_word' id='word_1_11' title='bbox 413 150 535 176; x_wconf 52' lang='lat' dir='ltr'><strong>simsim.</strong></span> <span class='ocrx_word' id='word_1_12' title='bbox 552 149 637 177; x_wconf 70' lang='grc' dir='ltr'><strong>Τοῦτο</strong></span> <span class='ocrx_word' id='word_1_13' title='bbox 648 151 702 186; x_wconf 65' lang='grc' dir='ltr'><strong>γὰρ</strong></span> <span class='ocrx_word' id='word_1_14' title='bbox 717 152 766 186; x_wconf 75' lang='grc' dir='ltr'><strong>μὲν</strong></span> <span class='ocrx_word' id='word_1_15' title='bbox 782 151 839 186; x_wconf 52' lang='lat' dir='ltr'><strong>orpr</strong></span> 
     </span>
    </p>
   </div>
   <div class='ocr_carea' id='block_1_4' title="bbox 894 149 1685 186">
    <p class='ocr_par' dir='ltr' id='par_1_4' title="bbox 902 151 1685 186">
     <span class='ocr_line' id='line_1_4' title="bbox 902 151 1685 186; baseline 0.006 -9"><span class='ocrx_word' id='word_1_16' title='bbox 902 158 965 186; x_wconf 88' lang='lat' dir='ltr'><strong>gere</strong></span> <span class='ocrx_word' id='word_1_17' title='bbox 990 155 1017 178; x_wconf 86' lang='lat' dir='ltr'><strong>et</strong></span> <span class='ocrx_word' id='word_1_18' title='bbox 1038 151 1160 178; x_wconf 78' lang='lat' dir='ltr'><strong>roborari</strong></span> <span class='ocrx_word' id='word_1_19' title='bbox 1188 153 1335 180; x_wconf 86' lang='lat' dir='ltr'><strong>cernimus.</strong></span> <span class='ocrx_word' id='word_1_20' title='bbox 1357 152 1511 180; x_wconf 78' lang='lat' dir='ltr'><strong>Ludovicus</strong></span> <span class='ocrx_word' id='word_1_21' title='bbox 1535 153 1633 181; x_wconf 79' lang='lat' dir='ltr'><strong>Fidelis</strong></span> <span class='ocrx_word' id='word_1_22' title='bbox 1647 155 1685 183; x_wconf 81' lang='lat' dir='ltr'><strong>De</strong></span> 
     </span>
    </p>
   </div>
   <div class='ocr_carea' id='block_1_5' title="bbox 70 195 775 231">
    <p class='ocr_par' dir='ltr' id='par_1_5' title="bbox 70 195 775 231">
     <span class='ocr_line' id='line_1_5' title="bbox 70 195 775 231; baseline 0 -8"><span class='ocrx_word' id='word_1_23' title='bbox 70 198 138 224; x_wconf 63' lang='grc' dir='ltr'><strong>ὼλόν</strong></span> <span class='ocrx_word' id='word_1_24' title='bbox 152 198 208 223; x_wconf 74' lang='grc' dir='ltr'><strong>ἐστι</strong></span> <span class='ocrx_word' id='word_1_25' title='bbox 222 195 269 222; x_wconf 80' lang='grc' dir='ltr'><strong>τοῦ</strong></span> <span class='ocrx_word' id='word_1_26' title='bbox 283 195 381 228; x_wconf 68' lang='grc' dir='ltr'><strong>ἔξωθεν</strong></span> <span class='ocrx_word' id='word_1_27' title='bbox 394 195 465 231; x_wconf 76' lang='grc' dir='ltr'><strong>ἔχειν</strong></span> <span class='ocrx_word' id='word_1_28' title='bbox 478 195 525 231; x_wconf 79' lang='grc' dir='ltr'>τὴν</span> <span class='ocrx_word' id='word_1_29' title='bbox 537 196 650 231; x_wconf 71' lang='grc' dir='ltr'><strong>σελήνην</strong></span> <span class='ocrx_word' id='word_1_30' title='bbox 664 197 694 223; x_wconf 81' lang='grc' dir='ltr'><strong>τὸ</strong></span> <span class='ocrx_word' id='word_1_31' title='bbox 709 197 775 231; x_wconf 76' lang='grc' dir='ltr'><strong>φῶς.</strong></span> 
     </span>
    </p>
   </div>
   <div class='ocr_carea' id='block_1_6' title="bbox 102 241 845 278">
    <p class='ocr_par' dir='ltr' id='par_1_6' title="bbox 102 241 845 278">
     <span class='ocr_line' id='line_1_6' title="bbox 102 241 845 278; baseline 0.001 -8"><span class='ocrx_word' id='word_1_32' title='bbox 102 242 176 273; x_wconf 69' lang='grc' dir='ltr'><strong>ιωα..</strong></span> <span class='ocrx_word' id='word_1_33' title='bbox 193 242 242 269; x_wconf 85' lang='lat' dir='ltr'><strong>litt.</strong></span> <span class='ocrx_word' id='word_1_34' title='bbox 256 242 303 268; x_wconf 86' lang='lat' dir='ltr'><strong>ult.</strong></span> <span class='ocrx_word' id='word_1_35' title='bbox 323 241 381 276; x_wconf 75' lang='grc' dir='ltr'><strong>Τῆς</strong></span> <span class='ocrx_word' id='word_1_36' title='bbox 392 242 505 276; x_wconf 69' lang='grc' dir='ltr'><strong>ἡμέρας</strong></span> <span class='ocrx_word' id='word_1_37' title='bbox 519 243 636 276; x_wconf 78' lang='grc' dir='ltr'><strong>ἐκείνης</strong></span> <span class='ocrx_word' id='word_1_38' title='bbox 651 243 727 278; x_wconf 81' lang='grc' dir='ltr'><strong>μήτε</strong></span> <span class='ocrx_word' id='word_1_39' title='bbox 740 244 845 277; x_wconf 78' lang='grc' dir='ltr'><strong>οὔσης.</strong></span> 
     </span>
    </p>
   </div>
   <div class='ocr_carea' id='block_1_7' title="bbox 70 287 845 324">
    <p class='ocr_par' dir='ltr' id='par_1_7' title="bbox 70 287 845 324">
     <span class='ocr_line' id='line_1_7' title="bbox 70 287 845 324; baseline 0.004 -11"><span class='ocrx_word' id='word_1_40' title='bbox 70 290 134 324; x_wconf 83' lang='lat' dir='ltr'><strong>Lego</strong></span> <span class='ocrx_word' id='word_1_41' title='bbox 150 287 337 322; x_wconf 71' lang='grc' dir='ltr'><strong>μὴκαιούσης,</strong></span> <span class='ocrx_word' id='word_1_42' title='bbox 357 288 425 324; x_wconf 84' lang='grc' dir='ltr'><strong>μήτε</strong></span> <span class='ocrx_word' id='word_1_43' title='bbox 442 292 508 319; x_wconf 82' lang='lat' dir='ltr'><strong>etc.,</strong></span> <span class='ocrx_word' id='word_1_44' title='bbox 525 288 556 314; x_wconf 89' lang='lat' dir='ltr'><strong>ad</strong></span> <span class='ocrx_word' id='word_1_45' title='bbox 572 291 690 315; x_wconf 89' lang='lat' dir='ltr'><strong>mentem</strong></span> <span class='ocrx_word' id='word_1_46' title='bbox 714 290 845 320; x_wconf 85' lang='lat' dir='ltr'><strong>auctoris,</strong></span> 
     </span>
    </p>
   </div>
   <div class='ocr_carea' id='block_1_8' title="bbox 70 332 846 369">
    <p class='ocr_par' dir='ltr' id='par_1_8' title="bbox 70 332 846 369">
     <span class='ocr_line' id='line_1_8' title="bbox 70 332 846 369; baseline -0.001 -8"><span class='ocrx_word' id='word_1_47' title='bbox 70 334 113 369; x_wconf 84' lang='lat' dir='ltr'><strong>qui</strong></span> <span class='ocrx_word' id='word_1_48' title='bbox 126 333 180 360; x_wconf 58' lang='lat' dir='ltr'><strong>haec</strong></span> <span class='ocrx_word' id='word_1_49' title='bbox 198 333 254 359; x_wconf 92' lang='lat' dir='ltr'><strong>duo</strong></span> <span class='ocrx_word' id='word_1_50' title='bbox 274 332 300 358; x_wconf 90' lang='lat' dir='ltr'><strong>in</strong></span> <span class='ocrx_word' id='word_1_51' title='bbox 319 332 377 359; x_wconf 89' lang='lat' dir='ltr'><strong>sole</strong></span> <span class='ocrx_word' id='word_1_52' title='bbox 397 333 590 363; x_wconf 71' lang='lat' dir='ltr'><strong>consideravit.</strong></span> <span class='ocrx_word' id='word_1_53' title='bbox 614 332 704 360; x_wconf 90' lang='lat' dir='ltr'><strong>lumen</strong></span> <span class='ocrx_word' id='word_1_54' title='bbox 723 337 749 360; x_wconf 89' lang='lat' dir='ltr'><strong>et</strong></span> <span class='ocrx_word' id='word_1_55' title='bbox 772 334 846 360; x_wconf 83' lang='lat' dir='ltr'><strong>calo-</strong></span> 
     </span>
    </p>
   </div>
   <div class='ocr_carea' id='block_1_9' title="bbox 70 378 846 412">
    <p class='ocr_par' dir='ltr' id='par_1_9' title="bbox 70 378 846 412">
     <span class='ocr_line' id='line_1_9' title="bbox 70 378 846 412; baseline -0.001 -5"><span class='ocrx_word' id='word_1_56' title='bbox 70 388 131 412; x_wconf 84' lang='lat' dir='ltr'><strong>rem,</strong></span> <span class='ocrx_word' id='word_1_57' title='bbox 149 380 240 406; x_wconf 87' lang='lat' dir='ltr'><strong>lumen</strong></span> <span class='ocrx_word' id='word_1_58' title='bbox 257 379 332 406; x_wconf 86' lang='lat' dir='ltr'><strong>dedit</strong></span> <span class='ocrx_word' id='word_1_59' title='bbox 348 378 400 406; x_wconf 88' lang='lat' dir='ltr'><strong>diei</strong></span> <span class='ocrx_word' id='word_1_60' title='bbox 413 399 420 410; x_wconf 95' lang='lat'><strong>,</strong></span> <span class='ocrx_word' id='word_1_61' title='bbox 442 379 560 406; x_wconf 84' lang='lat' dir='ltr'><strong>calorem</strong></span> <span class='ocrx_word' id='word_1_62' title='bbox 576 379 627 406; x_wconf 90' lang='lat' dir='ltr'><strong>soli</strong></span> <span class='ocrx_word' id='word_1_63' title='bbox 645 389 651 406; x_wconf 89' lang='lat'>:</span> <span class='ocrx_word' id='word_1_64' title='bbox 668 383 695 406; x_wconf 89' lang='lat' dir='ltr'><strong>et</strong></span> <span class='ocrx_word' id='word_1_65' title='bbox 718 379 779 406; x_wconf 86' lang='lat' dir='ltr'><strong>ideo</strong></span> <span class='ocrx_word' id='word_1_66' title='bbox 802 379 846 406; x_wconf 91' lang='lat' dir='ltr'><strong>hic</strong></span> 
     </span>
    </p>
   </div>
   <div class='ocr_carea' id='block_1_10' title="bbox 70 424 846 461">
    <p class='ocr_par' dir='ltr' id='par_1_10' title="bbox 70 424 846 461">
     <span class='ocr_line' id='line_1_10' title="bbox 70 424 846 461; baseline -0.001 -7"><span class='ocrx_word' id='word_1_67' title='bbox 70 427 103 454; x_wconf 82' lang='lat' dir='ltr'><strong>ait</strong></span> <span class='ocrx_word' id='word_1_68' title='bbox 125 426 207 453; x_wconf 87' lang='lat' dir='ltr'><strong>solem</strong></span> <span class='ocrx_word' id='word_1_69' title='bbox 227 429 333 452; x_wconf 91' lang='lat' dir='ltr'><strong>tantum</strong></span> <span class='ocrx_word' id='word_1_70' title='bbox 351 425 386 451; x_wconf 88' lang='lat' dir='ltr'><strong>ab</strong></span> <span class='ocrx_word' id='word_1_71' title='bbox 407 424 451 451; x_wconf 84' lang='lat' dir='ltr'><strong>illa</strong></span> <span class='ocrx_word' id='word_1_72' title='bbox 472 425 516 451; x_wconf 87' lang='lat' dir='ltr'><strong>die</strong></span> <span class='ocrx_word' id='word_1_73' title='bbox 531 433 618 460; x_wconf 90' lang='lat' dir='ltr'><strong>neque</strong></span> <span class='ocrx_word' id='word_1_74' title='bbox 636 429 741 456; x_wconf 84' lang='lat' dir='ltr'><strong>urente.</strong></span> <span class='ocrx_word' id='word_1_75' title='bbox 758 434 846 461; x_wconf 83' lang='lat' dir='ltr'><strong>neque</strong></span> 
     </span>
    </p>
   </div>
   <div class='ocr_carea' id='block_1_11' title="bbox 69 471 844 507">
    <p class='ocr_par' dir='ltr' id='par_1_11' title="bbox 69 471 844 507">
     <span class='ocr_line' id='line_1_11' title="bbox 69 471 844 507; baseline 0 -7"><span class='ocrx_word' id='word_1_76' title='bbox 69 472 248 503; x_wconf 77' lang='lat' dir='ltr'><strong>calefaciente,</strong></span> <span class='ocrx_word' id='word_1_77' title='bbox 265 472 311 498; x_wconf 88' lang='lat' dir='ltr'><strong>sed</strong></span> <span class='ocrx_word' id='word_1_78' title='bbox 325 471 412 498; x_wconf 89' lang='lat' dir='ltr'><strong>solum</strong></span> <span class='ocrx_word' id='word_1_79' title='bbox 427 471 596 498; x_wconf 87' lang='lat' dir='ltr'><strong>illuminante</strong></span> <span class='ocrx_word' id='word_1_80' title='bbox 607 472 697 498; x_wconf 73' lang='lat' dir='ltr'><strong>lumen</strong></span> <span class='ocrx_word' id='word_1_81' title='bbox 709 473 844 507; x_wconf 88' lang='lat' dir='ltr'><strong>accipere.</strong></span> 
     </span>
    </p>
   </div>
   <div class='ocr_carea' id='block_1_12' title="bbox 97 517 844 552">
    <p class='ocr_par' dir='ltr' id='par_1_12' title="bbox 97 517 844 552">
     <span class='ocr_line' id='line_1_12' title="bbox 97 517 844 552; baseline 0 -7"><span class='ocrx_word' id='word_1_82' title='bbox 97 518 150 545; x_wconf 84' lang='lat' dir='ltr'><strong>Col.</strong></span> <span class='ocrx_word' id='word_1_83' title='bbox 168 517 228 550; x_wconf 74' lang='lat'><strong>720,</strong></span> <span class='ocrx_word' id='word_1_84' title='bbox 247 518 294 544; x_wconf 92' lang='lat' dir='ltr'><strong>liu.</strong></span> <span class='ocrx_word' id='word_1_85' title='bbox 308 517 334 544; x_wconf 75' lang='lat'><strong>2.</strong></span> <span class='ocrx_word' id='word_1_86' title='bbox 351 517 414 543; x_wconf 78' lang='grc' dir='ltr'><strong>Ὀτι</strong></span> <span class='ocrx_word' id='word_1_87' title='bbox 431 517 465 543; x_wconf 79' lang='grc' dir='ltr'><em>δὲ</em></span> <span class='ocrx_word' id='word_1_88' title='bbox 480 517 513 544; x_wconf 82' lang='grc' dir='ltr'><em>ἐκ</em></span> <span class='ocrx_word' id='word_1_89' title='bbox 529 517 624 552; x_wconf 77' lang='grc' dir='ltr'><strong>πυρὸς</strong></span> <span class='ocrx_word' id='word_1_90' title='bbox 645 518 844 552; x_wconf 80' lang='grc' dir='ltr'><strong>συνέστηκεν.</strong></span> 
     </span>
    </p>
   </div>
   <div class='ocr_carea' id='block_1_13' title="bbox 68 563 846 599">
    <p class='ocr_par' dir='ltr' id='par_1_13' title="bbox 68 563 846 599">
     <span class='ocr_line' id='line_1_13' title="bbox 68 563 846 599; baseline 0 -7"><span class='ocrx_word' id='word_1_91' title='bbox 68 565 160 592; x_wconf 83' lang='lat' dir='ltr'><strong>Omnes</strong></span> <span class='ocrx_word' id='word_1_92' title='bbox 175 563 232 592; x_wconf 86' lang='lat' dir='ltr'><strong>fere</strong></span> <span class='ocrx_word' id='word_1_93' title='bbox 251 569 356 592; x_wconf 89' lang='lat' dir='ltr'><strong>veteres</strong></span> <span class='ocrx_word' id='word_1_94' title='bbox 377 563 533 599; x_wconf 75' lang='lat' dir='ltr'><strong>philosophi</strong></span> <span class='ocrx_word' id='word_1_95' title='bbox 554 572 609 591; x_wconf 91' lang='lat' dir='ltr'><strong>uno</strong></span> <span class='ocrx_word' id='word_1_96' title='bbox 625 572 673 591; x_wconf 87' lang='lat' dir='ltr'><strong>ore</strong></span> <span class='ocrx_word' id='word_1_97' title='bbox 699 565 783 592; x_wconf 87' lang='lat' dir='ltr'><strong>solem</strong></span> <span class='ocrx_word' id='word_1_98' title='bbox 801 572 846 592; x_wconf 79' lang='lat' dir='ltr'><strong>ea-</strong></span> 
     </span>
    </p>
   </div>
   <div class='ocr_carea' id='block_1_14' title="bbox 68 607 844 642">
    <p class='ocr_par' dir='ltr' id='par_1_14' title="bbox 68 607 844 642">
     <span class='ocr_line' id='line_1_14' title="bbox 68 607 844 642; baseline 0.003 -8"><span class='ocrx_word' id='word_1_99' title='bbox 68 607 142 634; x_wconf 83' lang='lat' dir='ltr'><strong>lidum</strong></span> <span class='ocrx_word' id='word_1_100' title='bbox 168 612 194 635; x_wconf 91' lang='lat' dir='ltr'><strong>et</strong></span> <span class='ocrx_word' id='word_1_101' title='bbox 220 608 342 635; x_wconf 91' lang='lat' dir='ltr'><strong>candens</strong></span> <span class='ocrx_word' id='word_1_102' title='bbox 366 608 430 642; x_wconf 87' lang='lat' dir='ltr'><strong>quid</strong></span> <span class='ocrx_word' id='word_1_103' title='bbox 456 616 518 636; x_wconf 88' lang='lat' dir='ltr'><strong>esse</strong></span> <span class='ocrx_word' id='word_1_104' title='bbox 539 609 717 640; x_wconf 86' lang='lat' dir='ltr'><strong>alIirmarunt,</strong></span> <span class='ocrx_word' id='word_1_105' title='bbox 742 609 792 636; x_wconf 88' lang='lat' dir='ltr'><strong>etsi</strong></span> <span class='ocrx_word' id='word_1_106' title='bbox 818 610 844 636; x_wconf 90' lang='lat' dir='ltr'><strong>in</strong></span> 
     </span>
    </p>
   </div>
   <div class='ocr_carea' id='block_1_15' title="bbox 67 653 845 690">
    <p class='ocr_par' dir='ltr' id='par_1_15' title="bbox 67 653 845 690">
     <span class='ocr_line' id='line_1_15' title="bbox 67 653 845 690; baseline 0.003 -10"><span class='ocrx_word' id='word_1_107' title='bbox 67 654 148 680; x_wconf 75' lang='lat' dir='ltr'><strong>calido</strong></span> <span class='ocrx_word' id='word_1_108' title='bbox 161 653 211 680; x_wconf 90' lang='lat' dir='ltr'><strong>hoc</strong></span> <span class='ocrx_word' id='word_1_109' title='bbox 229 653 408 688; x_wconf 82' lang='lat' dir='ltr'><strong>exprimendo</strong></span> <span class='ocrx_word' id='word_1_110' title='bbox 427 662 481 681; x_wconf 92' lang='lat' dir='ltr'><strong>non</strong></span> <span class='ocrx_word' id='word_1_111' title='bbox 495 654 682 682; x_wconf 87' lang='lat' dir='ltr'><strong>convenerint.</strong></span> <span class='ocrx_word' id='word_1_112' title='bbox 703 654 845 690; x_wconf 78' lang='lat' dir='ltr'><strong>Euripides</strong></span> 
     </span>
    </p>
   </div>
   <div class='ocr_carea' id='block_1_16' title="bbox 67 699 502 736">
    <p class='ocr_par' dir='ltr' id='par_1_16' title="bbox 67 699 502 736">
     <span class='ocr_line' id='line_1_16' title="bbox 67 699 502 736; baseline 0.005 -10"><span class='ocrx_word' id='word_1_113' title='bbox 67 700 90 726; x_wconf 89' lang='lat' dir='ltr'><strong>ln</strong></span> <span class='ocrx_word' id='word_1_114' title='bbox 105 699 247 727; x_wconf 58' lang='lat' dir='ltr'><strong>Phoenissis</strong></span> <span class='ocrx_word' id='word_1_115' title='bbox 265 701 352 736; x_wconf 86' lang='lat' dir='ltr'><strong>ignem</strong></span> <span class='ocrx_word' id='word_1_116' title='bbox 374 702 479 728; x_wconf 79' lang='lat' dir='ltr'><strong>vocavit</strong></span> <span class='ocrx_word' id='word_1_117' title='bbox 494 721 502 732; x_wconf 66' lang='grc' dir='ltr'><strong><em>ο</em></strong></span> 
     </span>
    </p>
   </div>
   <div class='ocr_carea' id='block_1_17' title="bbox 115 746 733 781">
    <p class='ocr_par' dir='ltr' id='par_1_17' title="bbox 115 746 733 781">
     <span class='ocr_line' id='line_1_17' title="bbox 115 746 733 781; baseline 0.003 -8"><span class='ocrx_word' id='word_1_118' title='bbox 115 746 192 773; x_wconf 70' lang='grc' dir='ltr'><strong>Ἥλιε</strong></span> <span class='ocrx_word' id='word_1_119' title='bbox 211 747 295 780; x_wconf 81' lang='grc' dir='ltr'><em>θοαῖς</em></span> <span class='ocrx_word' id='word_1_120' title='bbox 315 748 453 774; x_wconf 78' lang='grc' dir='ltr'><strong>ἵπποισιν</strong></span> <span class='ocrx_word' id='word_1_121' title='bbox 468 747 612 774; x_wconf 68' lang='lat' dir='ltr'><strong>sulcator</strong></span> <span class='ocrx_word' id='word_1_122' title='bbox 621 748 733 781; x_wconf 54' lang='lat' dir='ltr'><strong>gldra,</strong></span> 
     </span>
    </p>
   </div>
   <div class='ocr_carea' id='block_1_18' title="bbox 112 793 358 827">
    <p class='ocr_par' dir='ltr' id='par_1_18' title="bbox 112 793 358 827">
     <span class='ocr_line' id='line_1_18' title="bbox 112 793 358 827; baseline 0 -6"><span class='ocrx_word' id='word_1_123' title='bbox 112 798 137 821; x_wconf 81' lang='lat' dir='ltr'><strong>et</strong></span> <span class='ocrx_word' id='word_1_124' title='bbox 149 794 176 820; x_wconf 91' lang='lat' dir='ltr'><strong>in</strong></span> <span class='ocrx_word' id='word_1_125' title='bbox 194 793 341 821; x_wconf 77' lang='lat' dir='ltr'><strong>Phaetonte</strong></span> <span class='ocrx_word' id='word_1_126' title='bbox 351 816 358 827; x_wconf 86' lang='lat'><strong>,</strong></span> 
     </span>
    </p>
   </div>
   <div class='ocr_carea' id='block_1_19' title="bbox 113 849 404 883">
    <p class='ocr_par' dir='ltr' id='par_1_19' title="bbox 113 849 404 883">
     <span class='ocr_line' id='line_1_19' title="bbox 113 849 404 883; baseline 0.003 -7"><span class='ocrx_word' id='word_1_127' title='bbox 113 849 205 883; x_wconf 80' lang='grc' dir='ltr'><strong>Θερμὴ</strong></span> <span class='ocrx_word' id='word_1_128' title='bbox 227 849 262 876; x_wconf 79' lang='grc' dir='ltr'><strong>δὲ</strong></span> <span class='ocrx_word' id='word_1_129' title='bbox 275 850 404 883; x_wconf 75' lang='grc' dir='ltr'><em>ἄνακτος</em></span> 
     </span>
    </p>
   </div>
   <div class='ocr_carea' id='block_1_20' title="bbox 112 896 506 932">
    <p class='ocr_par' dir='ltr' id='par_1_20' title="bbox 112 896 506 932">
     <span class='ocr_line' id='line_1_20' title="bbox 112 896 506 932; baseline 0.005 -10"><span class='ocrx_word' id='word_1_130' title='bbox 112 896 189 927; x_wconf 61' lang='lat' dir='ltr'><strong>mut:</strong></span> <span class='ocrx_word' id='word_1_131' title='bbox 200 897 431 930; x_wconf 69' lang='grc' dir='ltr'><strong>ὑπερτέλλονσα</strong></span> <span class='ocrx_word' id='word_1_132' title='bbox 443 896 506 932; x_wconf 73' lang='grc' dir='ltr'><strong>γῆς.</strong></span> 
     </span>
    </p>
   </div>
   <div class='ocr_carea' id='block_1_21' title="bbox 97 942 843 976">
    <p class='ocr_par' dir='ltr' id='par_1_21' title="bbox 97 942 843 976">
     <span class='ocr_line' id='line_1_21' title="bbox 97 942 843 976; baseline 0.003 -8"><span class='ocrx_word' id='word_1_133' title='bbox 97 942 278 976; x_wconf 78' lang='lat' dir='ltr'><strong>Anaxagoras,</strong></span> <span class='ocrx_word' id='word_1_134' title='bbox 293 946 320 969; x_wconf 88' lang='lat' dir='ltr'><strong>et</strong></span> <span class='ocrx_word' id='word_1_135' title='bbox 328 942 496 970; x_wconf 74' lang='lat' dir='ltr'><strong>Democritus</strong></span> <span class='ocrx_word' id='word_1_136' title='bbox 507 943 618 976; x_wconf 86' lang='lat' dir='ltr'><strong>ferrum,</strong></span> <span class='ocrx_word' id='word_1_137' title='bbox 626 944 768 970; x_wconf 78' lang='lat' dir='ltr'><strong>velsaxum</strong></span> <span class='ocrx_word' id='word_1_138' title='bbox 778 951 843 970; x_wconf 87' lang='lat' dir='ltr'><strong>can—</strong></span> 
     </span>
    </p>
   </div>
   <div class='ocr_carea' id='block_1_22' title="bbox 65 988 842 1021">
    <p class='ocr_par' dir='ltr' id='par_1_22' title="bbox 65 988 842 1021">
     <span class='ocr_line' id='line_1_22' title="bbox 65 988 842 1021; baseline 0.004 -7"><span class='ocrx_word' id='word_1_139' title='bbox 65 988 140 1021; x_wconf 85' lang='lat' dir='ltr'><strong>dens;</strong></span> <span class='ocrx_word' id='word_1_140' title='bbox 157 988 334 1016; x_wconf 89' lang='lat' dir='ltr'><strong>Parmenides</strong></span> <span class='ocrx_word' id='word_1_141' title='bbox 349 989 433 1016; x_wconf 87' lang='lat' dir='ltr'><strong>solem</strong></span> <span class='ocrx_word' id='word_1_142' title='bbox 450 993 476 1016; x_wconf 88' lang='lat' dir='ltr'><strong>et</strong></span> <span class='ocrx_word' id='word_1_143' title='bbox 486 990 576 1016; x_wconf 85' lang='lat' dir='ltr'><strong>lunam</strong></span> <span class='ocrx_word' id='word_1_144' title='bbox 592 989 625 1017; x_wconf 90' lang='lat' dir='ltr'><strong>de</strong></span> <span class='ocrx_word' id='word_1_145' title='bbox 635 990 739 1017; x_wconf 87' lang='lat' dir='ltr'><strong>circulo</strong></span> <span class='ocrx_word' id='word_1_146' title='bbox 755 989 842 1017; x_wconf 91' lang='lat' dir='ltr'><strong>lacteo</strong></span> 
     </span>
    </p>
   </div>
   <div class='ocr_carea' id='block_1_23' title="bbox 65 1035 839 1070">
    <p class='ocr_par' dir='ltr' id='par_1_23' title="bbox 65 1035 839 1070">
     <span class='ocr_line' id='line_1_23' title="bbox 65 1035 839 1070; baseline 0.001 -9"><span class='ocrx_word' id='word_1_147' title='bbox 65 1035 141 1061; x_wconf 88' lang='lat' dir='ltr'><strong>voluit</strong></span> <span class='ocrx_word' id='word_1_148' title='bbox 153 1035 357 1067; x_wconf 82' lang='lat' dir='ltr'><strong>excerni,il|um</strong></span> <span class='ocrx_word' id='word_1_149' title='bbox 374 1035 483 1070; x_wconf 80' lang='lat' dir='ltr'><strong>quidem</strong></span> <span class='ocrx_word' id='word_1_150' title='bbox 490 1043 504 1062; x_wconf 82' lang='lat' dir='ltr'><strong>a</strong></span> <span class='ocrx_word' id='word_1_151' title='bbox 512 1036 616 1064; x_wconf 91' lang='lat' dir='ltr'><strong>rariore</strong></span> <span class='ocrx_word' id='word_1_152' title='bbox 624 1036 703 1063; x_wconf 84' lang='lat' dir='ltr'><strong>calidi</strong></span> <span class='ocrx_word' id='word_1_153' title='bbox 715 1037 839 1067; x_wconf 84' lang='lat' dir='ltr'><strong>mistura,</strong></span> 
     </span>
    </p>
   </div>
   <div class='ocr_carea' id='block_1_24' title="bbox 65 1081 840 1117">
    <p class='ocr_par' dir='ltr' id='par_1_24' title="bbox 65 1081 840 1117">
     <span class='ocr_line' id='line_1_24' title="bbox 65 1081 840 1117; baseline 0.004 -10"><span class='ocrx_word' id='word_1_154' title='bbox 65 1082 128 1108; x_wconf 85' lang='lat' dir='ltr'><strong>hanc</strong></span> <span class='ocrx_word' id='word_1_155' title='bbox 141 1089 155 1108; x_wconf 84' lang='lat' dir='ltr'><strong>a</strong></span> <span class='ocrx_word' id='word_1_156' title='bbox 171 1081 301 1108; x_wconf 88' lang='lat' dir='ltr'><strong>densiore</strong></span> <span class='ocrx_word' id='word_1_157' title='bbox 315 1081 406 1117; x_wconf 83' lang='lat' dir='ltr'><strong>frigidi</strong></span> <span class='ocrx_word' id='word_1_158' title='bbox 418 1081 619 1117; x_wconf 74' lang='lat' dir='ltr'><strong>;Xenophanes</strong></span> <span class='ocrx_word' id='word_1_159' title='bbox 628 1082 662 1109; x_wconf 89' lang='lat' dir='ltr'><strong>de</strong></span> <span class='ocrx_word' id='word_1_160' title='bbox 671 1082 790 1110; x_wconf 91' lang='lat' dir='ltr'><strong>nubibus</strong></span> <span class='ocrx_word' id='word_1_161' title='bbox 800 1083 840 1110; x_wconf 90' lang='lat' dir='ltr'><strong>in-</strong></span> 
     </span>
    </p>
   </div>
   <div class='ocr_carea' id='block_1_25' title="bbox 65 1128 841 1164">
    <p class='ocr_par' dir='ltr' id='par_1_25' title="bbox 65 1128 841 1164">
     <span class='ocr_line' id='line_1_25' title="bbox 65 1128 841 1164; baseline 0.005 -10"><span class='ocrx_word' id='word_1_162' title='bbox 65 1128 146 1156; x_wconf 76' lang='lat' dir='ltr'><strong>censis</strong></span> <span class='ocrx_word' id='word_1_163' title='bbox 160 1132 252 1155; x_wconf 92' lang='lat' dir='ltr'><strong>ortum</strong></span> <span class='ocrx_word' id='word_1_164' title='bbox 275 1129 360 1157; x_wconf 84' lang='lat' dir='ltr'><strong>solem</strong></span> <span class='ocrx_word' id='word_1_165' title='bbox 387 1133 474 1164; x_wconf 81' lang='lat' dir='ltr'><strong>putat,</strong></span> <span class='ocrx_word' id='word_1_166' title='bbox 485 1134 513 1157; x_wconf 85' lang='lat' dir='ltr'><strong>et</strong></span> <span class='ocrx_word' id='word_1_167' title='bbox 530 1129 663 1158; x_wconf 87' lang='lat' dir='ltr'><strong>defectum</strong></span> <span class='ocrx_word' id='word_1_168' title='bbox 676 1129 772 1158; x_wconf 88' lang='lat' dir='ltr'><strong>iisdem</strong></span> <span class='ocrx_word' id='word_1_169' title='bbox 794 1138 841 1158; x_wconf 81' lang='lat' dir='ltr'><strong>ex-</strong></span> 
     </span>
    </p>
   </div>
   <div class='ocr_carea' id='block_1_26' title="bbox 65 1173 839 1210">
    <p class='ocr_par' dir='ltr' id='par_1_26' title="bbox 65 1173 839 1210">
     <span class='ocr_line' id='line_1_26' title="bbox 65 1173 839 1210; baseline 0.005 -11"><span class='ocrx_word' id='word_1_170' title='bbox 65 1173 160 1200; x_wconf 73' lang='lat' dir='ltr'><strong>stinctis</strong></span> <span class='ocrx_word' id='word_1_171' title='bbox 168 1174 289 1204; x_wconf 84' lang='lat' dir='ltr'><strong>evenire.</strong></span> <span class='ocrx_word' id='word_1_172' title='bbox 299 1178 326 1201; x_wconf 86' lang='lat' dir='ltr'><strong>et</strong></span> <span class='ocrx_word' id='word_1_173' title='bbox 335 1175 417 1201; x_wconf 87' lang='lat' dir='ltr'><strong>alium</strong></span> <span class='ocrx_word' id='word_1_174' title='bbox 427 1182 523 1202; x_wconf 85' lang='lat' dir='ltr'><strong>rursus</strong></span> <span class='ocrx_word' id='word_1_175' title='bbox 532 1175 598 1202; x_wconf 91' lang='lat' dir='ltr'><strong>oriri</strong></span> <span class='ocrx_word' id='word_1_176' title='bbox 609 1184 616 1208; x_wconf 86' lang='lat'><strong>;</strong></span> <span class='ocrx_word' id='word_1_177' title='bbox 626 1175 839 1210; x_wconf 74' lang='lat' dir='ltr'><strong>Theophrastus.</strong></span> 
     </span>
    </p>
   </div>
   <div class='ocr_carea' id='block_1_27' title="bbox 65 1218 838 1254">
    <p class='ocr_par' dir='ltr' id='par_1_27' title="bbox 65 1218 838 1254">
     <span class='ocr_line' id='line_1_27' title="bbox 65 1218 838 1254; baseline 0.003 -10"><span class='ocrx_word' id='word_1_178' title='bbox 65 1218 174 1253; x_wconf 81' lang='lat' dir='ltr'><strong>physicis</strong></span> <span class='ocrx_word' id='word_1_179' title='bbox 191 1219 322 1253; x_wconf 79' lang='lat' dir='ltr'><strong>igniculis</strong></span> <span class='ocrx_word' id='word_1_180' title='bbox 333 1219 367 1246; x_wconf 89' lang='lat' dir='ltr'><strong>de</strong></span> <span class='ocrx_word' id='word_1_181' title='bbox 383 1219 493 1246; x_wconf 85' lang='lat' dir='ltr'><strong>humida</strong></span> <span class='ocrx_word' id='word_1_182' title='bbox 508 1219 679 1247; x_wconf 73' lang='lat' dir='ltr'><strong>exhalatione</strong></span> <span class='ocrx_word' id='word_1_183' title='bbox 694 1219 838 1254; x_wconf 85' lang='lat' dir='ltr'><strong>componi;</strong></span> 
     </span>
    </p>
   </div>
   <div class='ocr_carea' id='block_1_28' title="bbox 63 1265 841 1301">
    <p class='ocr_par' dir='ltr' id='par_1_28' title="bbox 63 1265 841 1301">
     <span class='ocr_line' id='line_1_28' title="bbox 63 1265 841 1301; baseline 0.003 -10"><span class='ocrx_word' id='word_1_184' title='bbox 63 1265 250 1292; x_wconf 73' lang='lat' dir='ltr'><strong>Anaximandri</strong></span> <span class='ocrx_word' id='word_1_185' title='bbox 274 1269 301 1292; x_wconf 88' lang='lat' dir='ltr'><strong>et</strong></span> <span class='ocrx_word' id='word_1_186' title='bbox 323 1265 437 1292; x_wconf 73' lang='lat' dir='ltr'><strong>aliorum</strong></span> <span class='ocrx_word' id='word_1_187' title='bbox 456 1265 599 1301; x_wconf 88' lang='lat' dir='ltr'><strong>opiniones</strong></span> <span class='ocrx_word' id='word_1_188' title='bbox 616 1265 678 1292; x_wconf 87' lang='lat' dir='ltr'><strong>vide</strong></span> <span class='ocrx_word' id='word_1_189' title='bbox 695 1266 766 1300; x_wconf 82' lang='lat' dir='ltr'><strong>apud</strong></span> <span class='ocrx_word' id='word_1_190' title='bbox 779 1265 841 1293; x_wconf 85' lang='lat' dir='ltr'><strong>Sto-</strong></span> 
     </span>
    </p>
   </div>
   <div class='ocr_carea' id='block_1_29' title="bbox 65 1309 839 1346">
    <p class='ocr_par' dir='ltr' id='par_1_29' title="bbox 65 1309 839 1346">
     <span class='ocr_line' id='line_1_29' title="bbox 65 1309 839 1346; baseline 0.001 -10"><span class='ocrx_word' id='word_1_191' title='bbox 65 1310 142 1336; x_wconf 63' lang='lat' dir='ltr'><strong>baeum</strong></span> <span class='ocrx_word' id='word_1_192' title='bbox 157 1309 184 1336; x_wconf 93' lang='lat' dir='ltr'><strong>in</strong></span> <span class='ocrx_word' id='word_1_193' title='bbox 208 1309 318 1345; x_wconf 79' lang='lat' dir='ltr'><strong>Eclogis</strong></span> <span class='ocrx_word' id='word_1_194' title='bbox 331 1310 458 1345; x_wconf 77' lang='lat' dir='ltr'><strong>physicis,</strong></span> <span class='ocrx_word' id='word_1_195' title='bbox 472 1318 530 1346; x_wconf 87' lang='lat' dir='ltr'><strong>pag.</strong></span> <span class='ocrx_word' id='word_1_196' title='bbox 548 1311 600 1344; x_wconf 81' lang='lat'><strong>55;</strong></span> <span class='ocrx_word' id='word_1_197' title='bbox 617 1314 643 1338; x_wconf 88' lang='lat' dir='ltr'><strong>et</strong></span> <span class='ocrx_word' id='word_1_198' title='bbox 660 1309 755 1338; x_wconf 82' lang='lat' dir='ltr'><strong>Patres</strong></span> <span class='ocrx_word' id='word_1_199' title='bbox 767 1311 839 1337; x_wconf 90' lang='lat' dir='ltr'><strong>anti-</strong></span> 
     </span>
    </p>
   </div>
   <div class='ocr_carea' id='block_1_30' title="bbox 64 1354 840 1392">
    <p class='ocr_par' dir='ltr' id='par_1_30' title="bbox 64 1354 840 1392">
     <span class='ocr_line' id='line_1_30' title="bbox 64 1354 840 1392; baseline 0.005 -12"><span class='ocrx_word' id='word_1_200' title='bbox 64 1355 114 1389; x_wconf 83' lang='lat' dir='ltr'><strong>qui,</strong></span> <span class='ocrx_word' id='word_1_201' title='bbox 133 1354 265 1385; x_wconf 79' lang='lat' dir='ltr'><strong>Basilius,</strong></span> <span class='ocrx_word' id='word_1_202' title='bbox 289 1355 362 1382; x_wconf 87' lang='lat' dir='ltr'><strong>hom.</strong></span> <span class='ocrx_word' id='word_1_203' title='bbox 375 1356 406 1390; x_wconf 86' lang='lat'><strong>6;</strong></span> <span class='ocrx_word' id='word_1_204' title='bbox 424 1355 594 1391; x_wconf 78' lang='lat' dir='ltr'><strong>Augustinus</strong></span> <span class='ocrx_word' id='word_1_205' title='bbox 609 1357 732 1392; x_wconf 87' lang='lat' dir='ltr'><strong>pluribus</strong></span> <span class='ocrx_word' id='word_1_206' title='bbox 757 1357 785 1384; x_wconf 92' lang='lat' dir='ltr'><strong>in</strong></span> <span class='ocrx_word' id='word_1_207' title='bbox 800 1357 840 1384; x_wconf 90' lang='lat' dir='ltr'><strong>lo-</strong></span> 
     </span>
    </p>
   </div>
   <div class='ocr_carea' id='block_1_31' title="bbox 64 1400 841 1433">
    <p class='ocr_par' dir='ltr' id='par_1_31' title="bbox 64 1400 841 1433">
     <span class='ocr_line' id='line_1_31' title="bbox 64 1400 841 1433; baseline 0.005 -6"><span class='ocrx_word' id='word_1_208' title='bbox 64 1401 114 1433; x_wconf 83' lang='lat' dir='ltr'><strong>cis;</strong></span> <span class='ocrx_word' id='word_1_209' title='bbox 143 1400 308 1428; x_wconf 81' lang='lat' dir='ltr'><strong>Ambrosius</strong></span> <span class='ocrx_word' id='word_1_210' title='bbox 328 1401 375 1428; x_wconf 87' lang='lat' dir='ltr'><strong>lib.</strong></span> <span class='ocrx_word' id='word_1_211' title='bbox 392 1410 421 1428; x_wconf 92' lang='grc' dir='ltr'>ιι.</span> <span class='ocrx_word' id='word_1_212' title='bbox 439 1401 565 1429; x_wconf 74' lang='lat' dir='ltr'><strong>Hexaem.</strong></span> <span class='ocrx_word' id='word_1_213' title='bbox 586 1407 613 1429; x_wconf 89' lang='lat' dir='ltr'><strong>et</strong></span> <span class='ocrx_word' id='word_1_214' title='bbox 627 1403 682 1429; x_wconf 86' lang='lat' dir='ltr'><strong>alii.</strong></span> <span class='ocrx_word' id='word_1_215' title='bbox 699 1402 731 1430; x_wconf 85' lang='lat' dir='ltr'><strong>Et</strong></span> <span class='ocrx_word' id='word_1_216' title='bbox 753 1411 784 1430; x_wconf 81' lang='lat' dir='ltr'><strong>ex</strong></span> <span class='ocrx_word' id='word_1_217' title='bbox 801 1411 841 1431; x_wconf 81' lang='lat' dir='ltr'><strong>re-</strong></span> 
     </span>
    </p>
   </div>
   <div class='ocr_carea' id='block_1_32' title="bbox 63 1446 838 1482">
    <p class='ocr_par' dir='ltr' id='par_1_32' title="bbox 63 1446 838 1482">
     <span class='ocr_line' id='line_1_32' title="bbox 63 1446 838 1482; baseline 0.005 -10"><span class='ocrx_word' id='word_1_218' title='bbox 63 1447 233 1479; x_wconf 88' lang='lat' dir='ltr'><strong>centioribus,</strong></span> <span class='ocrx_word' id='word_1_219' title='bbox 252 1447 330 1482; x_wconf 84' lang='lat' dir='ltr'><strong>Hugo</strong></span> <span class='ocrx_word' id='word_1_220' title='bbox 345 1447 379 1474; x_wconf 91' lang='lat' dir='ltr'><strong>dc</strong></span> <span class='ocrx_word' id='word_1_221' title='bbox 394 1446 421 1475; x_wconf 92' lang='lat' dir='ltr'><strong>S.</strong></span> <span class='ocrx_word' id='word_1_222' title='bbox 444 1447 551 1475; x_wconf 82' lang='lat' dir='ltr'><strong>Victore</strong></span> <span class='ocrx_word' id='word_1_223' title='bbox 577 1448 672 1475; x_wconf 78' lang='lat' dir='ltr'><strong>Adnot.</strong></span> <span class='ocrx_word' id='word_1_224' title='bbox 691 1449 718 1476; x_wconf 86' lang='lat' dir='ltr'><strong>in</strong></span> <span class='ocrx_word' id='word_1_225' title='bbox 735 1448 815 1476; x_wconf 79' lang='lat' dir='ltr'><strong>Cenes</strong></span> <span class='ocrx_word' id='word_1_226' title='bbox 831 1470 838 1482; x_wconf 93' lang='lat'><strong>,</strong></span> 
     </span>
    </p>
   </div>
   <div class='ocr_carea' id='block_1_33' title="bbox 63 1492 838 1528">
    <p class='ocr_par' dir='ltr' id='par_1_33' title="bbox 63 1492 838 1528">
     <span class='ocr_line' id='line_1_33' title="bbox 63 1492 838 1528; baseline 0.003 -9"><span class='ocrx_word' id='word_1_227' title='bbox 63 1500 116 1526; x_wconf 85' lang='lat' dir='ltr'><strong>cap.</strong></span> <span class='ocrx_word' id='word_1_228' title='bbox 134 1492 166 1526; x_wconf 84' lang='lat'><strong>6,</strong></span> <span class='ocrx_word' id='word_1_229' title='bbox 182 1493 286 1525; x_wconf 88' lang='lat' dir='ltr'><strong>solum,</strong></span> <span class='ocrx_word' id='word_1_230' title='bbox 304 1493 402 1528; x_wconf 89' lang='lat' dir='ltr'><strong>inquit,</strong></span> <span class='ocrx_word' id='word_1_231' title='bbox 424 1494 508 1520; x_wconf 86' lang='lat' dir='ltr'><strong>solem</strong></span> <span class='ocrx_word' id='word_1_232' title='bbox 529 1494 665 1528; x_wconf 83' lang='lat' dir='ltr'><strong>proprium</strong></span> <span class='ocrx_word' id='word_1_233' title='bbox 682 1494 781 1521; x_wconf 84' lang='lat' dir='ltr'><strong>habere</strong></span> <span class='ocrx_word' id='word_1_234' title='bbox 799 1495 838 1521; x_wconf 95' lang='lat' dir='ltr'><strong>lu-</strong></span> 
     </span>
    </p>
   </div>
   <div class='ocr_carea' id='block_1_34' title="bbox 62 1539 838 1575">
    <p class='ocr_par' dir='ltr' id='par_1_34' title="bbox 62 1539 838 1575">
     <span class='ocr_line' id='line_1_34' title="bbox 62 1539 838 1575; baseline 0.003 -10"><span class='ocrx_word' id='word_1_235' title='bbox 62 1546 124 1571; x_wconf 87' lang='lat' dir='ltr'><strong>cem,</strong></span> <span class='ocrx_word' id='word_1_236' title='bbox 139 1544 167 1566; x_wconf 85' lang='lat' dir='ltr'><strong>et</strong></span> <span class='ocrx_word' id='word_1_237' title='bbox 179 1540 273 1574; x_wconf 87' lang='lat' dir='ltr'><strong>ipsum</strong></span> <span class='ocrx_word' id='word_1_238' title='bbox 295 1547 326 1568; x_wconf 80' lang='lat' dir='ltr'><strong>ex</strong></span> <span class='ocrx_word' id='word_1_239' title='bbox 345 1541 407 1575; x_wconf 87' lang='lat' dir='ltr'><strong>igne</strong></span> <span class='ocrx_word' id='word_1_240' title='bbox 423 1547 484 1568; x_wconf 85' lang='lat' dir='ltr'><strong>esse</strong></span> <span class='ocrx_word' id='word_1_241' title='bbox 504 1539 617 1571; x_wconf 86' lang='lat' dir='ltr'><strong>factum,</strong></span> <span class='ocrx_word' id='word_1_242' title='bbox 641 1540 760 1574; x_wconf 87' lang='lat' dir='ltr'><strong>reliquas</strong></span> <span class='ocrx_word' id='word_1_243' title='bbox 775 1548 838 1568; x_wconf 85' lang='lat' dir='ltr'><strong>vero</strong></span> 
     </span>
    </p>
   </div>
   <div class='ocr_carea' id='block_1_35' title="bbox 62 1585 838 1621">
    <p class='ocr_par' dir='ltr' id='par_1_35' title="bbox 62 1585 838 1621">
     <span class='ocr_line' id='line_1_35' title="bbox 62 1585 838 1621; baseline 0.003 -10"><span class='ocrx_word' id='word_1_244' title='bbox 62 1585 203 1613; x_wconf 76' lang='lat' dir='ltr'><strong>stellasex.</strong></span> <span class='ocrx_word' id='word_1_245' title='bbox 223 1593 304 1613; x_wconf 86' lang='lat' dir='ltr'><strong>aerea</strong></span> <span class='ocrx_word' id='word_1_246' title='bbox 332 1587 447 1614; x_wconf 87' lang='lat' dir='ltr'><strong>materia</strong></span> <span class='ocrx_word' id='word_1_247' title='bbox 478 1587 598 1613; x_wconf 86' lang='lat' dir='ltr'><strong>relucere</strong></span> <span class='ocrx_word' id='word_1_248' title='bbox 628 1586 729 1620; x_wconf 89' lang='lat' dir='ltr'><strong>potius,</strong></span> <span class='ocrx_word' id='word_1_249' title='bbox 758 1594 838 1621; x_wconf 83' lang='lat' dir='ltr'><strong>quam</strong></span> 
     </span>
    </p>
   </div>
   <div class='ocr_carea' id='block_1_36' title="bbox 62 1630 840 1663">
    <p class='ocr_par' dir='ltr' id='par_1_36' title="bbox 62 1630 840 1663">
     <span class='ocr_line' id='line_1_36' title="bbox 62 1630 840 1663; baseline 0.005 -7"><span class='ocrx_word' id='word_1_250' title='bbox 62 1630 154 1657; x_wconf 85' lang='lat' dir='ltr'><strong>lucere.</strong></span> <span class='ocrx_word' id='word_1_251' title='bbox 178 1630 272 1658; x_wconf 87' lang='lat' dir='ltr'><strong>Solem</strong></span> <span class='ocrx_word' id='word_1_252' title='bbox 295 1635 397 1663; x_wconf 88' lang='lat' dir='ltr'><strong>tamen,</strong></span> <span class='ocrx_word' id='word_1_253' title='bbox 422 1631 494 1659; x_wconf 85' lang='lat' dir='ltr'><strong>sicut</strong></span> <span class='ocrx_word' id='word_1_254' title='bbox 518 1635 544 1658; x_wconf 86' lang='lat' dir='ltr'><strong>et</strong></span> <span class='ocrx_word' id='word_1_255' title='bbox 567 1637 664 1659; x_wconf 63' lang='lat' dir='ltr'><strong>caetera</strong></span> <span class='ocrx_word' id='word_1_256' title='bbox 687 1637 760 1659; x_wconf 84' lang='lat' dir='ltr'><strong>astra</strong></span> <span class='ocrx_word' id='word_1_257' title='bbox 785 1640 840 1660; x_wconf 82' lang='lat' dir='ltr'><strong>non</strong></span> 
     </span>
    </p>
   </div>
   <div class='ocr_carea' id='block_1_37' title="bbox 61 1677 840 1713">
    <p class='ocr_par' dir='ltr' id='par_1_37' title="bbox 61 1677 840 1713">
     <span class='ocr_line' id='line_1_37' title="bbox 61 1677 840 1713; baseline 0.003 -10"><span class='ocrx_word' id='word_1_258' title='bbox 61 1684 116 1703; x_wconf 85' lang='lat' dir='ltr'><strong>esse</strong></span> <span class='ocrx_word' id='word_1_259' title='bbox 130 1677 239 1709; x_wconf 75' lang='lat' dir='ltr'><strong>calidae,</strong></span> <span class='ocrx_word' id='word_1_260' title='bbox 257 1685 306 1704; x_wconf 90' lang='lat' dir='ltr'><strong>nec</strong></span> <span class='ocrx_word' id='word_1_261' title='bbox 323 1678 408 1713; x_wconf 63' lang='lat' dir='ltr'><strong>igneae</strong></span> <span class='ocrx_word' id='word_1_262' title='bbox 421 1681 525 1705; x_wconf 60' lang='lat' dir='ltr'><strong>naturae</strong></span> <span class='ocrx_word' id='word_1_263' title='bbox 545 1678 623 1704; x_wconf 90' lang='lat' dir='ltr'><strong>multi</strong></span> <span class='ocrx_word' id='word_1_264' title='bbox 638 1678 776 1710; x_wconf 78' lang='lat' dir='ltr'><strong>doctores,</strong></span> <span class='ocrx_word' id='word_1_265' title='bbox 795 1687 840 1705; x_wconf 74' lang='lat' dir='ltr'><strong>va—</strong></span> 
     </span>
    </p>
   </div>
   <div class='ocr_carea' id='block_1_38' title="bbox 63 1722 838 1752">
    <p class='ocr_par' dir='ltr' id='par_1_38' title="bbox 63 1722 838 1752">
     <span class='ocr_line' id='line_1_38' title="bbox 63 1722 838 1752; baseline 0.005 -4"><span class='ocrx_word' id='word_1_266' title='bbox 63 1722 195 1751; x_wconf 87' lang='lat' dir='ltr'><strong>lidissimis</strong></span> <span class='ocrx_word' id='word_1_267' title='bbox 213 1724 369 1751; x_wconf 80' lang='lat' dir='ltr'><strong>rationibus</strong></span> <span class='ocrx_word' id='word_1_268' title='bbox 387 1724 564 1752; x_wconf 88' lang='lat' dir='ltr'><strong>concludunt.</strong></span> <span class='ocrx_word' id='word_1_269' title='bbox 592 1723 637 1751; x_wconf 88' lang='lat' dir='ltr'><strong>Sol</strong></span> <span class='ocrx_word' id='word_1_270' title='bbox 655 1725 726 1752; x_wconf 87' lang='lat' dir='ltr'><strong>enim</strong></span> <span class='ocrx_word' id='word_1_271' title='bbox 748 1725 838 1752; x_wconf 85' lang='lat' dir='ltr'><strong>incor-</strong></span> 
     </span>
    </p>
   </div>
   <div class='ocr_carea' id='block_1_39' title="bbox 62 1769 837 1805">
    <p class='ocr_par' dir='ltr' id='par_1_39' title="bbox 62 1769 837 1805">
     <span class='ocr_line' id='line_1_39' title="bbox 62 1769 837 1805; baseline 0.004 -11"><span class='ocrx_word' id='word_1_272' title='bbox 62 1769 190 1802; x_wconf 80' lang='lat' dir='ltr'><strong>ruptibilis</strong></span> <span class='ocrx_word' id='word_1_273' title='bbox 205 1772 262 1800; x_wconf 86' lang='lat' dir='ltr'><strong>est,</strong></span> <span class='ocrx_word' id='word_1_274' title='bbox 285 1777 334 1796; x_wconf 85' lang='lat' dir='ltr'><strong>nec</strong></span> <span class='ocrx_word' id='word_1_275' title='bbox 355 1769 475 1796; x_wconf 86' lang='lat' dir='ltr'><strong>admittit</strong></span> <span class='ocrx_word' id='word_1_276' title='bbox 494 1769 639 1804; x_wconf 78' lang='lat' dir='ltr'><strong>qualitates</strong></span> <span class='ocrx_word' id='word_1_277' title='bbox 654 1771 837 1805; x_wconf 87' lang='lat' dir='ltr'><strong>corruptivas,</strong></span> 
     </span>
    </p>
   </div>
   <div class='ocr_carea' id='block_1_40' title="bbox 62 1814 840 1852">
    <p class='ocr_par' dir='ltr' id='par_1_40' title="bbox 62 1814 840 1852">
     <span class='ocr_line' id='line_1_40' title="bbox 62 1814 840 1852; baseline 0.005 -12"><span class='ocrx_word' id='word_1_278' title='bbox 62 1814 123 1841; x_wconf 83' lang='lat' dir='ltr'><strong>tales</strong></span> <span class='ocrx_word' id='word_1_279' title='bbox 143 1819 207 1841; x_wconf 89' lang='lat' dir='ltr'><strong>sunt</strong></span> <span class='ocrx_word' id='word_1_280' title='bbox 223 1815 297 1842; x_wconf 89' lang='lat' dir='ltr'><strong>calor</strong></span> <span class='ocrx_word' id='word_1_281' title='bbox 311 1819 338 1842; x_wconf 89' lang='lat' dir='ltr'><strong>et</strong></span> <span class='ocrx_word' id='word_1_282' title='bbox 353 1815 447 1850; x_wconf 79' lang='lat' dir='ltr'><strong>frigus.</strong></span> <span class='ocrx_word' id='word_1_283' title='bbox 464 1816 544 1843; x_wconf 85' lang='lat' dir='ltr'><strong>Astra</strong></span> <span class='ocrx_word' id='word_1_284' title='bbox 571 1822 599 1843; x_wconf 90' lang='lat' dir='ltr'><strong>et</strong></span> <span class='ocrx_word' id='word_1_285' title='bbox 613 1817 653 1844; x_wconf 89' lang='lat' dir='ltr'><strong>sol</strong></span> <span class='ocrx_word' id='word_1_286' title='bbox 669 1824 719 1844; x_wconf 82' lang='lat' dir='ltr'><strong>nec</strong></span> <span class='ocrx_word' id='word_1_287' title='bbox 743 1821 840 1852; x_wconf 73' lang='lat' dir='ltr'><strong>praeter</strong></span> 
     </span>
    </p>
   </div>
   <div class='ocr_carea' id='block_1_41' title="bbox 63 1861 840 1898">
    <p class='ocr_par' dir='ltr' id='par_1_41' title="bbox 63 1861 840 1898">
     <span class='ocr_line' id='line_1_41' title="bbox 63 1861 840 1898; baseline 0.003 -12"><span class='ocrx_word' id='word_1_288' title='bbox 63 1863 190 1892; x_wconf 75' lang='lat' dir='ltr'><strong>natm-am,</strong></span> <span class='ocrx_word' id='word_1_289' title='bbox 204 1868 258 1888; x_wconf 89' lang='lat' dir='ltr'><strong>nec</strong></span> <span class='ocrx_word' id='word_1_290' title='bbox 275 1861 410 1889; x_wconf 76' lang='lat' dir='ltr'><strong>violenter</strong></span> <span class='ocrx_word' id='word_1_291' title='bbox 422 1867 566 1889; x_wconf 76' lang='lat' dir='ltr'><strong>moventur</strong></span> <span class='ocrx_word' id='word_1_292' title='bbox 582 1872 588 1889; x_wconf 88' lang='lat'>:</span> <span class='ocrx_word' id='word_1_293' title='bbox 607 1863 679 1898; x_wconf 86' lang='lat' dir='ltr'><strong>quod</strong></span> <span class='ocrx_word' id='word_1_294' title='bbox 700 1863 722 1890; x_wconf 89' lang='lat' dir='ltr'><strong>si</strong></span> <span class='ocrx_word' id='word_1_295' title='bbox 748 1867 840 1890; x_wconf 83' lang='lat' dir='ltr'><strong>essent</strong></span> 
     </span>
    </p>
   </div>
   <div class='ocr_carea' id='block_1_42' title="bbox 61 1905 839 1942">
    <p class='ocr_par' dir='ltr' id='par_1_42' title="bbox 61 1905 839 1942">
     <span class='ocr_line' id='line_1_42' title="bbox 61 1905 839 1942; baseline 0.006 -11"><span class='ocrx_word' id='word_1_296' title='bbox 61 1905 132 1940; x_wconf 77' lang='lat' dir='ltr'><strong>ignea</strong></span> <span class='ocrx_word' id='word_1_297' title='bbox 144 1907 168 1934; x_wconf 91' lang='lat' dir='ltr'><strong>id</strong></span> <span class='ocrx_word' id='word_1_298' title='bbox 182 1907 331 1940; x_wconf 83' lang='lat' dir='ltr'><strong>accideret,</strong></span> <span class='ocrx_word' id='word_1_299' title='bbox 343 1907 413 1942; x_wconf 81' lang='lat' dir='ltr'><strong>ignis</strong></span> <span class='ocrx_word' id='word_1_300' title='bbox 426 1908 498 1935; x_wconf 91' lang='lat' dir='ltr'><strong>enim</strong></span> <span class='ocrx_word' id='word_1_301' title='bbox 514 1916 624 1936; x_wconf 85' lang='lat' dir='ltr'><strong>sursum</strong></span> <span class='ocrx_word' id='word_1_302' title='bbox 644 1913 778 1936; x_wconf 82' lang='lat' dir='ltr'><strong>movetur.</strong></span> <span class='ocrx_word' id='word_1_303' title='bbox 794 1908 839 1936; x_wconf 80' lang='lat' dir='ltr'><strong>Sic</strong></span> 
     </span>
    </p>
   </div>
   <div class='ocr_carea' id='block_1_43' title="bbox 61 1947 838 1987">
    <p class='ocr_par' dir='ltr' id='par_1_43' title="bbox 61 1947 838 1987">
     <span class='ocr_line' id='line_1_43' title="bbox 61 1947 838 1987; baseline 0.004 -9"><span class='ocrx_word' id='word_1_304' title='bbox 61 1953 134 1979; x_wconf 87' lang='lat' dir='ltr'><strong>etiam</strong></span> <span class='ocrx_word' id='word_1_305' title='bbox 163 1953 269 1980; x_wconf 90' lang='lat' dir='ltr'><strong>nullum</strong></span> <span class='ocrx_word' id='word_1_306' title='bbox 299 1958 371 1981; x_wconf 81' lang='lat' dir='ltr'><strong>esset</strong></span> <span class='ocrx_word' id='word_1_307' title='bbox 403 1961 529 1981; x_wconf 88' lang='lat' dir='ltr'><strong>securum</strong></span> <span class='ocrx_word' id='word_1_308' title='bbox 557 1947 583 1981; x_wconf 70' lang='lat' dir='ltr'><strong>ei</strong></span> <span class='ocrx_word' id='word_1_309' title='bbox 617 1958 722 1987; x_wconf 87' lang='lat' dir='ltr'><strong>tutum,</strong></span> <span class='ocrx_word' id='word_1_310' title='bbox 749 1955 838 1982; x_wconf 89' lang='lat' dir='ltr'><strong>omnia</strong></span> 
     </span>
    </p>
   </div>
   <div class='ocr_carea' id='block_1_44' title="bbox 61 1998 838 2035">
    <p class='ocr_par' dir='ltr' id='par_1_44' title="bbox 61 1998 838 2035">
     <span class='ocr_line' id='line_1_44' title="bbox 61 1998 838 2035; baseline 0.005 -11"><span class='ocrx_word' id='word_1_311' title='bbox 61 1998 127 2025; x_wconf 79' lang='lat' dir='ltr'><strong>enim</strong></span> <span class='ocrx_word' id='word_1_312' title='bbox 144 2004 282 2026; x_wconf 88' lang='lat' dir='ltr'><strong>astrorum</strong></span> <span class='ocrx_word' id='word_1_313' title='bbox 302 1999 349 2026; x_wconf 91' lang='lat' dir='ltr'><strong>illo</strong></span> <span class='ocrx_word' id='word_1_314' title='bbox 368 2000 431 2034; x_wconf 92' lang='lat' dir='ltr'><strong>igne</strong></span> <span class='ocrx_word' id='word_1_315' title='bbox 454 1999 682 2035; x_wconf 85' lang='lat' dir='ltr'><strong>conﬂagrassent,</strong></span> <span class='ocrx_word' id='word_1_316' title='bbox 706 2009 767 2028; x_wconf 89' lang='lat' dir='ltr'><strong>cum</strong></span> <span class='ocrx_word' id='word_1_317' title='bbox 784 2008 838 2028; x_wconf 88' lang='lat' dir='ltr'><strong>non</strong></span> 
     </span>
    </p>
   </div>
   <div class='ocr_carea' id='block_1_45' title="bbox 62 2045 837 2080">
    <p class='ocr_par' dir='ltr' id='par_1_45' title="bbox 62 2045 837 2080">
     <span class='ocr_line' id='line_1_45' title="bbox 62 2045 837 2080; baseline 0.004 -10"><span class='ocrx_word' id='word_1_318' title='bbox 62 2051 106 2078; x_wconf 85' lang='lat' dir='ltr'><strong>per</strong></span> <span class='ocrx_word' id='word_1_319' title='bbox 121 2045 207 2073; x_wconf 89' lang='lat' dir='ltr'><strong>lucem</strong></span> <span class='ocrx_word' id='word_1_320' title='bbox 225 2045 314 2073; x_wconf 87' lang='lat' dir='ltr'><strong>solum</strong></span> <span class='ocrx_word' id='word_1_321' title='bbox 327 2046 375 2073; x_wconf 89' lang='lat' dir='ltr'><strong>sed</strong></span> <span class='ocrx_word' id='word_1_322' title='bbox 395 2046 476 2073; x_wconf 89' lang='lat' dir='ltr'><strong>etiam</strong></span> <span class='ocrx_word' id='word_1_323' title='bbox 495 2053 542 2080; x_wconf 89' lang='lat' dir='ltr'><strong>per</strong></span> <span class='ocrx_word' id='word_1_324' title='bbox 558 2046 687 2078; x_wconf 82' lang='lat' dir='ltr'><strong>calorem,</strong></span> <span class='ocrx_word' id='word_1_325' title='bbox 704 2046 837 2074; x_wconf 84' lang='lat' dir='ltr'><strong>caleface-</strong></span> 
     </span>
    </p>
   </div>
   <div class='ocr_carea' id='block_1_46' title="bbox 62 2091 838 2127">
    <p class='ocr_par' dir='ltr' id='par_1_46' title="bbox 62 2091 838 2127">
     <span class='ocr_line' id='line_1_46' title="bbox 62 2091 838 2127; baseline 0.004 -10"><span class='ocrx_word' id='word_1_326' title='bbox 62 2093 117 2117; x_wconf 86' lang='lat' dir='ltr'><strong>rent</strong></span> <span class='ocrx_word' id='word_1_327' title='bbox 134 2096 160 2118; x_wconf 83' lang='lat' dir='ltr'><strong>et</strong></span> <span class='ocrx_word' id='word_1_328' title='bbox 174 2095 321 2118; x_wconf 75' lang='lat' dir='ltr'><strong>torrerent.</strong></span> <span class='ocrx_word' id='word_1_329' title='bbox 338 2091 468 2119; x_wconf 88' lang='lat' dir='ltr'><strong>Dicamus</strong></span> <span class='ocrx_word' id='word_1_330' title='bbox 483 2092 576 2127; x_wconf 84' lang='lat' dir='ltr'><strong>igitur,</strong></span> <span class='ocrx_word' id='word_1_331' title='bbox 589 2093 706 2119; x_wconf 83' lang='lat' dir='ltr'><strong>solarem</strong></span> <span class='ocrx_word' id='word_1_332' title='bbox 720 2095 838 2120; x_wconf 88' lang='lat' dir='ltr'><strong>calorem</strong></span> 
     </span>
    </p>
   </div>
   <div class='ocr_carea' id='block_1_47' title="bbox 61 2136 837 2174">
    <p class='ocr_par' dir='ltr' id='par_1_47' title="bbox 61 2136 837 2174">
     <span class='ocr_line' id='line_1_47' title="bbox 61 2136 837 2174; baseline 0.005 -12"><span class='ocrx_word' id='word_1_333' title='bbox 61 2136 124 2163; x_wconf 78' lang='lat' dir='ltr'><strong>nihil</strong></span> <span class='ocrx_word' id='word_1_334' title='bbox 140 2138 213 2164; x_wconf 88' lang='lat' dir='ltr'><strong>aliud</strong></span> <span class='ocrx_word' id='word_1_335' title='bbox 230 2145 292 2165; x_wconf 87' lang='lat' dir='ltr'><strong>esse</strong></span> <span class='ocrx_word' id='word_1_336' title='bbox 311 2146 394 2173; x_wconf 88' lang='lat' dir='ltr'><strong>quam</strong></span> <span class='ocrx_word' id='word_1_337' title='bbox 411 2139 529 2166; x_wconf 87' lang='lat' dir='ltr'><strong>calorem</strong></span> <span class='ocrx_word' id='word_1_338' title='bbox 545 2139 624 2174; x_wconf 85' lang='lat' dir='ltr'><strong>ignis,</strong></span> <span class='ocrx_word' id='word_1_339' title='bbox 642 2139 708 2166; x_wconf 88' lang='lat' dir='ltr'><strong>solis</strong></span> <span class='ocrx_word' id='word_1_340' title='bbox 723 2139 837 2174; x_wconf 81' lang='lat' dir='ltr'><strong>fulgore.</strong></span> 
     </span>
    </p>
   </div>
   <div class='ocr_carea' id='block_1_48' title="bbox 900 197 1685 233">
    <p class='ocr_par' dir='ltr' id='par_1_48' title="bbox 900 197 1685 233">
     <span class='ocr_line' id='line_1_48' title="bbox 900 197 1685 233; baseline 0.005 -10"><span class='ocrx_word' id='word_1_341' title='bbox 900 197 994 223; x_wconf 86' lang='lat' dir='ltr'><strong>mundi</strong></span> <span class='ocrx_word' id='word_1_342' title='bbox 1008 202 1102 224; x_wconf 76' lang='lat' dir='ltr'><strong>struat.</strong></span> <span class='ocrx_word' id='word_1_343' title='bbox 1122 197 1169 224; x_wconf 86' lang='lat' dir='ltr'><strong>lib.</strong></span> <span class='ocrx_word' id='word_1_344' title='bbox 1188 206 1214 229; x_wconf 84' lang='grc' dir='ltr'><strong>ν,</strong></span> <span class='ocrx_word' id='word_1_345' title='bbox 1232 206 1293 232; x_wconf 72' lang='lat' dir='ltr'><strong>cap.</strong></span> <span class='ocrx_word' id='word_1_346' title='bbox 1311 199 1337 230; x_wconf 88' lang='lat'><strong>5,</strong></span> <span class='ocrx_word' id='word_1_347' title='bbox 1352 200 1529 233; x_wconf 82' lang='lat' dir='ltr'><strong>quaestionem</strong></span> <span class='ocrx_word' id='word_1_348' title='bbox 1544 199 1577 226; x_wconf 88' lang='lat' dir='ltr'><strong>de</strong></span> <span class='ocrx_word' id='word_1_349' title='bbox 1594 200 1685 228; x_wconf 78' lang='lat' dir='ltr'><strong>calore</strong></span> 
     </span>
    </p>
   </div>
   <div class='ocr_carea' id='block_1_49' title="bbox 899 243 1683 279">
    <p class='ocr_par' dir='ltr' id='par_1_49' title="bbox 899 243 1683 279">
     <span class='ocr_line' id='line_1_49' title="bbox 899 243 1683 279; baseline 0.005 -10"><span class='ocrx_word' id='word_1_350' title='bbox 899 243 966 270; x_wconf 88' lang='lat' dir='ltr'><strong>solis</strong></span> <span class='ocrx_word' id='word_1_351' title='bbox 989 244 1131 279; x_wconf 83' lang='lat' dir='ltr'><strong>proponit,</strong></span> <span class='ocrx_word' id='word_1_352' title='bbox 1147 248 1171 270; x_wconf 91' lang='lat' dir='ltr'><strong>et</strong></span> <span class='ocrx_word' id='word_1_353' title='bbox 1192 244 1225 271; x_wconf 86' lang='lat' dir='ltr'><strong>ad</strong></span> <span class='ocrx_word' id='word_1_354' title='bbox 1249 249 1365 271; x_wconf 88' lang='lat' dir='ltr'><strong>meutem</strong></span> <span class='ocrx_word' id='word_1_355' title='bbox 1393 246 1479 272; x_wconf 79' lang='lat' dir='ltr'><strong>nostri</strong></span> <span class='ocrx_word' id='word_1_356' title='bbox 1503 247 1623 273; x_wconf 85' lang='lat' dir='ltr'><strong>auctoris</strong></span> <span class='ocrx_word' id='word_1_357' title='bbox 1647 246 1683 274; x_wconf 85' lang='lat' dir='ltr'><strong>ita</strong></span> 
     </span>
    </p>
   </div>
   <div class='ocr_carea' id='block_1_50' title="bbox 898 289 1684 325">
    <p class='ocr_par' dir='ltr' id='par_1_50' title="bbox 898 289 1684 325">
     <span class='ocr_line' id='line_1_50' title="bbox 898 289 1684 325; baseline 0.003 -9"><span class='ocrx_word' id='word_1_358' title='bbox 898 289 1023 316; x_wconf 85' lang='lat' dir='ltr'><strong>dissolvit</strong></span> <span class='ocrx_word' id='word_1_359' title='bbox 1038 299 1045 317; x_wconf 91' lang='lat'><strong>:</strong></span> <span class='ocrx_word' id='word_1_360' title='bbox 1063 290 1157 316; x_wconf 79' lang='lat' dir='ltr'><strong>Verum</strong></span> <span class='ocrx_word' id='word_1_361' title='bbox 1175 290 1227 323; x_wconf 78' lang='lat' dir='ltr'><strong>llic,</strong></span> <span class='ocrx_word' id='word_1_362' title='bbox 1243 291 1341 325; x_wconf 81' lang='lat' dir='ltr'><strong>inquit,</strong></span> <span class='ocrx_word' id='word_1_363' title='bbox 1358 292 1476 318; x_wconf 85' lang='lat' dir='ltr'><strong>nonnihil</strong></span> <span class='ocrx_word' id='word_1_364' title='bbox 1490 293 1626 318; x_wconf 84' lang='lat' dir='ltr'><strong>suboritur</strong></span> <span class='ocrx_word' id='word_1_365' title='bbox 1635 301 1684 318; x_wconf 85' lang='lat' dir='ltr'><strong>an-</strong></span> 
     </span>
    </p>
   </div>
   <div class='ocr_carea' id='block_1_51' title="bbox 897 337 1684 372">
    <p class='ocr_par' dir='ltr' id='par_1_51' title="bbox 897 337 1684 372">
     <span class='ocr_line' id='line_1_51' title="bbox 897 337 1684 372; baseline 0.006 -10"><span class='ocrx_word' id='word_1_366' title='bbox 897 337 1017 368; x_wconf 79' lang='lat' dir='ltr'><strong>:rictatis,</strong></span> <span class='ocrx_word' id='word_1_367' title='bbox 1037 345 1070 364; x_wconf 87' lang='lat' dir='ltr'><strong>an</strong></span> <span class='ocrx_word' id='word_1_368' title='bbox 1089 337 1140 363; x_wconf 86' lang='lat' dir='ltr'><strong>soli</strong></span> <span class='ocrx_word' id='word_1_369' title='bbox 1161 343 1300 372; x_wconf 81' lang='lat' dir='ltr'><strong>perpetuus</strong></span> <span class='ocrx_word' id='word_1_370' title='bbox 1319 338 1416 365; x_wconf 76' lang='lat' dir='ltr'><strong>lucreat</strong></span> <span class='ocrx_word' id='word_1_371' title='bbox 1433 339 1517 370; x_wconf 85' lang='lat' dir='ltr'><strong>calor,</strong></span> <span class='ocrx_word' id='word_1_372' title='bbox 1537 348 1572 366; x_wconf 87' lang='lat' dir='ltr'><strong>an</strong></span> <span class='ocrx_word' id='word_1_373' title='bbox 1595 340 1684 367; x_wconf 68' lang='lat' dir='ltr'><strong>calore</strong></span> 
     </span>
    </p>
   </div>
   <div class='ocr_carea' id='block_1_52' title="bbox 896 383 1684 421">
    <p class='ocr_par' dir='ltr' id='par_1_52' title="bbox 896 383 1684 421">
     <span class='ocr_line' id='line_1_52' title="bbox 896 383 1684 421; baseline 0.005 -11"><span class='ocrx_word' id='word_1_374' title='bbox 896 391 1006 418; x_wconf 78' lang='lat' dir='ltr'><strong>prorsus</strong></span> <span class='ocrx_word' id='word_1_375' title='bbox 1030 385 1064 410; x_wconf 92' lang='lat' dir='ltr'><strong>sit</strong></span> <span class='ocrx_word' id='word_1_376' title='bbox 1084 384 1250 412; x_wconf 73' lang='lat' dir='ltr'><strong>destitutus?</strong></span> <span class='ocrx_word' id='word_1_377' title='bbox 1263 383 1341 411; x_wconf 87' lang='lat' dir='ltr'><strong>Circa</strong></span> <span class='ocrx_word' id='word_1_378' title='bbox 1363 385 1389 411; x_wconf 84' lang='lat' dir='ltr'><strong>id</strong></span> <span class='ocrx_word' id='word_1_379' title='bbox 1405 387 1478 412; x_wconf 82' lang='lat' dir='ltr'><strong>varia</strong></span> <span class='ocrx_word' id='word_1_380' title='bbox 1494 387 1684 421; x_wconf 79' lang='lat' dir='ltr'><strong>circumferun-</strong></span> 
     </span>
    </p>
   </div>
   <div class='ocr_carea' id='block_1_53' title="bbox 899 430 1683 460">
    <p class='ocr_par' dir='ltr' id='par_1_53' title="bbox 899 430 1683 460">
     <span class='ocr_line' id='line_1_53' title="bbox 899 430 1683 460; baseline 0.005 -4"><span class='ocrx_word' id='word_1_381' title='bbox 899 435 942 456; x_wconf 90' lang='lat' dir='ltr'><strong>tur</strong></span> <span class='ocrx_word' id='word_1_382' title='bbox 954 438 1048 460; x_wconf 85' lang='lat' dir='ltr'><strong>sensa;</strong></span> <span class='ocrx_word' id='word_1_383' title='bbox 1064 430 1128 456; x_wconf 84' lang='lat' dir='ltr'><strong>nihil</strong></span> <span class='ocrx_word' id='word_1_384' title='bbox 1145 435 1231 456; x_wconf 82' lang='lat' dir='ltr'><strong>tamen</strong></span> <span class='ocrx_word' id='word_1_385' title='bbox 1254 431 1371 457; x_wconf 83' lang='lat' dir='ltr'><strong>alienant</strong></span> <span class='ocrx_word' id='word_1_386' title='bbox 1386 440 1401 457; x_wconf 95' lang='lat' dir='ltr'><strong>a</strong></span> <span class='ocrx_word' id='word_1_387' title='bbox 1416 433 1523 459; x_wconf 74' lang='lat' dir='ltr'><strong>veritate</strong></span> <span class='ocrx_word' id='word_1_388' title='bbox 1544 433 1683 460; x_wconf 73' lang='lat' dir='ltr'><strong>existima-</strong></span> 
     </span>
    </p>
   </div>
   <div class='ocr_carea' id='block_1_54' title="bbox 898 475 1678 509">
    <p class='ocr_par' dir='ltr' id='par_1_54' title="bbox 898 475 1678 509">
     <span class='ocr_line' id='line_1_54' title="bbox 898 475 1678 509; baseline 0.006 -9"><span class='ocrx_word' id='word_1_389' title='bbox 898 475 988 505; x_wconf 78' lang='lat' dir='ltr'><strong>ucrim,</strong></span> <span class='ocrx_word' id='word_1_390' title='bbox 1001 476 1026 501; x_wconf 96' lang='lat' dir='ltr'><strong>si</strong></span> <span class='ocrx_word' id='word_1_391' title='bbox 1043 478 1070 500; x_wconf 88' lang='lat' dir='ltr'><strong>ul</strong></span> <span class='ocrx_word' id='word_1_392' title='bbox 1085 475 1135 500; x_wconf 80' lang='lat' dir='ltr'><strong>soli</strong></span> <span class='ocrx_word' id='word_1_393' title='bbox 1146 475 1269 508; x_wconf 75' lang='lat' dir='ltr'><strong>splendor</strong></span> <span class='ocrx_word' id='word_1_394' title='bbox 1288 483 1389 508; x_wconf 83' lang='lat' dir='ltr'><strong>semper</strong></span> <span class='ocrx_word' id='word_1_395' title='bbox 1412 476 1523 509; x_wconf 64' lang='lat' dir='ltr'><strong>haereus,</strong></span> <span class='ocrx_word' id='word_1_396' title='bbox 1546 478 1626 504; x_wconf 82' lang='lat' dir='ltr'><strong>etiam</strong></span> <span class='ocrx_word' id='word_1_397' title='bbox 1640 479 1678 506; x_wconf 83' lang='lat' dir='ltr'><strong>in-</strong></span> 
     </span>
    </p>
   </div>
   <div class='ocr_carea' id='block_1_55' title="bbox 898 521 1681 558">
    <p class='ocr_par' dir='ltr' id='par_1_55' title="bbox 898 521 1681 558">
     <span class='ocr_line' id='line_1_55' title="bbox 898 521 1681 558; baseline 0.005 -11"><span class='ocrx_word' id='word_1_398' title='bbox 898 526 986 548; x_wconf 86' lang='lat' dir='ltr'><strong>ternus</strong></span> <span class='ocrx_word' id='word_1_399' title='bbox 1012 521 1146 547; x_wconf 87' lang='lat' dir='ltr'><strong>tribuatur</strong></span> <span class='ocrx_word' id='word_1_400' title='bbox 1163 521 1256 547; x_wconf 81' lang='lat' dir='ltr'><strong>calor:</strong></span> <span class='ocrx_word' id='word_1_401' title='bbox 1272 523 1318 556; x_wconf 90' lang='lat' dir='ltr'><strong>qui</strong></span> <span class='ocrx_word' id='word_1_402' title='bbox 1342 522 1542 558; x_wconf 75' lang='lat' dir='ltr'><strong>circumquaque</strong></span> <span class='ocrx_word' id='word_1_403' title='bbox 1568 524 1681 558; x_wconf 77' lang='lat' dir='ltr'><strong>di/fustu</strong></span> 
     </span>
    </p>
   </div>
   <div class='ocr_carea' id='block_1_56' title="bbox 896 566 1681 602">
    <p class='ocr_par' dir='ltr' id='par_1_56' title="bbox 896 566 1681 602">
     <span class='ocr_line' id='line_1_56' title="bbox 896 566 1681 602; baseline 0.005 -10"><span class='ocrx_word' id='word_1_404' title='bbox 896 566 951 593; x_wconf 72' lang='lat' dir='ltr'><strong>lucc</strong></span> <span class='ocrx_word' id='word_1_405' title='bbox 967 566 1108 600; x_wconf 77' lang='lat' dir='ltr'><strong>calcfaciat</strong></span> <span class='ocrx_word' id='word_1_406' title='bbox 1125 566 1262 600; x_wconf 76' lang='lat' dir='ltr'><strong>inferiora.</strong></span> <span class='ocrx_word' id='word_1_407' title='bbox 1280 566 1348 592; x_wconf 79' lang='lat' dir='ltr'><strong>llinc</strong></span> <span class='ocrx_word' id='word_1_408' title='bbox 1356 573 1455 601; x_wconf 85' lang='lat' dir='ltr'><strong>quanto</strong></span> <span class='ocrx_word' id='word_1_409' title='bbox 1468 569 1575 602; x_wconf 87' lang='lat' dir='ltr'><strong>propius</strong></span> <span class='ocrx_word' id='word_1_410' title='bbox 1590 570 1624 595; x_wconf 85' lang='lat' dir='ltr'><strong>ad</strong></span> <span class='ocrx_word' id='word_1_411' title='bbox 1635 578 1681 596; x_wconf 83' lang='lat' dir='ltr'><strong>nos</strong></span> 
     </span>
    </p>
   </div>
   <div class='ocr_carea' id='block_1_57' title="bbox 897 611 1682 648">
    <p class='ocr_par' dir='ltr' id='par_1_57' title="bbox 897 611 1682 648">
     <span class='ocr_line' id='line_1_57' title="bbox 897 611 1682 648; baseline 0.005 -10"><span class='ocrx_word' id='word_1_412' title='bbox 897 611 998 638; x_wconf 79' lang='lat' dir='ltr'><strong>accedit</strong></span> <span class='ocrx_word' id='word_1_413' title='bbox 1015 611 1065 641; x_wconf 83' lang='lat' dir='ltr'><strong>sol,</strong></span> <span class='ocrx_word' id='word_1_414' title='bbox 1080 616 1104 638; x_wconf 72' lang='lat' dir='ltr'><strong>et</strong></span> <span class='ocrx_word' id='word_1_415' title='bbox 1117 617 1208 638; x_wconf 86' lang='lat' dir='ltr'><strong>nostro</strong></span> <span class='ocrx_word' id='word_1_416' title='bbox 1227 612 1315 638; x_wconf 82' lang='lat' dir='ltr'><strong>zenith</strong></span> <span class='ocrx_word' id='word_1_417' title='bbox 1337 613 1454 640; x_wconf 77' lang='lat' dir='ltr'><strong>t-icinior&#39;</strong></span> <span class='ocrx_word' id='word_1_418' title='bbox 1471 619 1588 648; x_wconf 84' lang='lat' dir='ltr'><strong>apparet,</strong></span> <span class='ocrx_word' id='word_1_419' title='bbox 1610 619 1682 642; x_wconf 86' lang='lat' dir='ltr'><strong>tanto</strong></span> 
     </span>
    </p>
   </div>
   <div class='ocr_carea' id='block_1_58' title="bbox 896 657 1684 691">
    <p class='ocr_par' dir='ltr' id='par_1_58' title="bbox 896 657 1684 691">
     <span class='ocr_line' id='line_1_58' title="bbox 896 657 1684 691; baseline 0.006 -9"><span class='ocrx_word' id='word_1_420' title='bbox 896 657 969 683; x_wconf 86' lang='lat' dir='ltr'><strong>illius</strong></span> <span class='ocrx_word' id='word_1_421' title='bbox 986 658 1123 687; x_wconf 83' lang='lat' dir='ltr'><strong>inteusior,</strong></span> <span class='ocrx_word' id='word_1_422' title='bbox 1146 662 1170 684; x_wconf 89' lang='lat' dir='ltr'><strong>et</strong></span> <span class='ocrx_word' id='word_1_423' title='bbox 1193 666 1242 691; x_wconf 85' lang='lat' dir='ltr'><strong>quo</strong></span> <span class='ocrx_word' id='word_1_424' title='bbox 1257 659 1384 684; x_wconf 86' lang='lat' dir='ltr'><strong>remotior</strong></span> <span class='ocrx_word' id='word_1_425' title='bbox 1397 667 1412 685; x_wconf 79' lang='grc' dir='ltr'><em>α</em></span> <span class='ocrx_word' id='word_1_426' title='bbox 1426 659 1516 691; x_wconf 86' lang='lat' dir='ltr'><strong>nobis,</strong></span> <span class='ocrx_word' id='word_1_427' title='bbox 1530 668 1559 686; x_wconf 85' lang='lat' dir='ltr'><strong>eo</strong></span> <span class='ocrx_word' id='word_1_428' title='bbox 1573 660 1684 687; x_wconf 78' lang='lat' dir='ltr'><strong>debilior</strong></span> 
     </span>
    </p>
   </div>
   <div class='ocr_carea' id='block_1_59' title="bbox 895 703 1684 739">
    <p class='ocr_par' dir='ltr' id='par_1_59' title="bbox 895 703 1684 739">
     <span class='ocr_line' id='line_1_59' title="bbox 895 703 1684 739; baseline 0.005 -11"><span class='ocrx_word' id='word_1_429' title='bbox 895 703 1058 737; x_wconf 79' lang='lat' dir='ltr'><strong>percipiatur</strong></span> <span class='ocrx_word' id='word_1_430' title='bbox 1072 703 1155 730; x_wconf 84' lang='lat' dir='ltr'><strong>calor.</strong></span> <span class='ocrx_word' id='word_1_431' title='bbox 1176 703 1211 729; x_wconf 85' lang='lat' dir='ltr'><strong>Et</strong></span> <span class='ocrx_word' id='word_1_432' title='bbox 1222 704 1332 738; x_wconf 77' lang='lat' dir='ltr'><strong>proinde</strong></span> <span class='ocrx_word' id='word_1_433' title='bbox 1352 705 1396 739; x_wconf 90' lang='lat' dir='ltr'><strong>qui</strong></span> <span class='ocrx_word' id='word_1_434' title='bbox 1416 713 1489 731; x_wconf 74' lang='lat' dir='ltr'><strong>zonw</strong></span> <span class='ocrx_word' id='word_1_435' title='bbox 1503 705 1612 732; x_wconf 81' lang='lat' dir='ltr'><strong>subsunt</strong></span> <span class='ocrx_word' id='word_1_436' title='bbox 1629 711 1684 732; x_wconf 67' lang='lat' dir='ltr'><strong>toro</strong></span> 
     </span>
    </p>
   </div>
   <div class='ocr_carea' id='block_1_60' title="bbox 895 749 1682 785">
    <p class='ocr_par' dir='ltr' id='par_1_60' title="bbox 895 749 1682 785">
     <span class='ocr_line' id='line_1_60' title="bbox 895 749 1682 785; baseline 0.005 -11"><span class='ocrx_word' id='word_1_437' title='bbox 895 749 961 775; x_wconf 68' lang='lat' dir='ltr'><strong>rida&#39;</strong></span> <span class='ocrx_word' id='word_1_438' title='bbox 969 749 1150 775; x_wconf 71' lang='lat' dir='ltr'><strong>vehementiori</strong></span> <span class='ocrx_word' id='word_1_439' title='bbox 1165 754 1312 775; x_wconf 74' lang='lat' dir='ltr'><strong>exuruntur</strong></span> <span class='ocrx_word' id='word_1_440' title='bbox 1325 755 1400 781; x_wconf 75' lang='lat' dir='ltr'><strong>testu,</strong></span> <span class='ocrx_word' id='word_1_441' title='bbox 1419 751 1488 785; x_wconf 86' lang='lat' dir='ltr'><strong>quod</strong></span> <span class='ocrx_word' id='word_1_442' title='bbox 1503 751 1556 777; x_wconf 82' lang='lat' dir='ltr'><strong>illis</strong></span> <span class='ocrx_word' id='word_1_443' title='bbox 1573 752 1606 778; x_wconf 80' lang='lat' dir='ltr'><strong>sit</strong></span> <span class='ocrx_word' id='word_1_444' title='bbox 1618 752 1682 779; x_wconf 81' lang='lat' dir='ltr'><strong>solis</strong></span> 
     </span>
    </p>
   </div>
   <div class='ocr_carea' id='block_1_61' title="bbox 895 794 1684 833">
    <p class='ocr_par' dir='ltr' id='par_1_61' title="bbox 895 794 1684 833">
     <span class='ocr_line' id='line_1_61' title="bbox 895 794 1684 833; baseline 0.006 -13"><span class='ocrx_word' id='word_1_445' title='bbox 895 794 1118 829; x_wconf 78' lang='lat' dir='ltr'><strong>perpendicularis</strong></span> <span class='ocrx_word' id='word_1_446' title='bbox 1137 795 1221 826; x_wconf 78' lang='lat' dir='ltr'><strong>calor,</strong></span> <span class='ocrx_word' id='word_1_447' title='bbox 1235 800 1259 822; x_wconf 77' lang='lat' dir='ltr'><strong>et</strong></span> <span class='ocrx_word' id='word_1_448' title='bbox 1271 797 1316 831; x_wconf 86' lang='lat' dir='ltr'><strong>qui</strong></span> <span class='ocrx_word' id='word_1_449' title='bbox 1336 797 1430 823; x_wconf 81' lang='lat' dir='ltr'><strong>absunt</strong></span> <span class='ocrx_word' id='word_1_450' title='bbox 1451 798 1565 832; x_wconf 79' lang='lat' dir='ltr'><strong>lmrgius,</strong></span> <span class='ocrx_word' id='word_1_451' title='bbox 1587 799 1684 833; x_wconf 81' lang='lat' dir='ltr'><strong>majori</strong></span> 
     </span>
    </p>
   </div>
   <div class='ocr_carea' id='block_1_62' title="bbox 861 834 1683 873">
    <p class='ocr_par' dir='ltr' id='par_1_62' title="bbox 861 834 1683 873">
     <span class='ocr_line' id='line_1_62' title="bbox 861 834 1683 873; baseline 0.005 -10"><span class='ocrx_word' id='word_1_452' title='bbox 861 834 881 861; x_wconf 81' lang='grc' dir='ltr'><strong>Β</strong></span> <span class='ocrx_word' id='word_1_453' title='bbox 896 838 980 872; x_wconf 82' lang='lat' dir='ltr'><strong>rigent</strong></span> <span class='ocrx_word' id='word_1_454' title='bbox 997 837 1106 872; x_wconf 75' lang='lat' dir='ltr'><strong>frigore.</strong></span> <span class='ocrx_word' id='word_1_455' title='bbox 1129 837 1199 864; x_wconf 86' lang='lat' dir='ltr'><strong>Hinc</strong></span> <span class='ocrx_word' id='word_1_456' title='bbox 1215 839 1256 872; x_wconf 83' lang='lat' dir='ltr'><strong>ﬁt,</strong></span> <span class='ocrx_word' id='word_1_457' title='bbox 1273 844 1301 864; x_wconf 88' lang='lat' dir='ltr'><strong>ut</strong></span> <span class='ocrx_word' id='word_1_458' title='bbox 1317 840 1361 873; x_wconf 85' lang='lat' dir='ltr'><strong>qui</strong></span> <span class='ocrx_word' id='word_1_459' title='bbox 1381 839 1427 865; x_wconf 90' lang='lat' dir='ltr'><strong>sub</strong></span> <span class='ocrx_word' id='word_1_460' title='bbox 1442 840 1502 873; x_wconf 88' lang='lat' dir='ltr'><strong>polo</strong></span> <span class='ocrx_word' id='word_1_461' title='bbox 1514 842 1623 871; x_wconf 85' lang='lat' dir='ltr'><strong>arctico,</strong></span> <span class='ocrx_word' id='word_1_462' title='bbox 1644 841 1683 868; x_wconf 75' lang='lat' dir='ltr'><strong>vel</strong></span> 
     </span>
    </p>
   </div>
   <div class='ocr_carea' id='block_1_63' title="bbox 897 882 1682 918">
    <p class='ocr_par' dir='ltr' id='par_1_63' title="bbox 897 882 1682 918">
     <span class='ocr_line' id='line_1_63' title="bbox 897 882 1682 918; baseline 0.005 -10"><span class='ocrx_word' id='word_1_463' title='bbox 897 883 1044 909; x_wconf 81' lang='lat' dir='ltr'><strong>antarctico</strong></span> <span class='ocrx_word' id='word_1_464' title='bbox 1058 882 1170 909; x_wconf 67' lang='lat' dir='ltr'><strong>resident</strong></span> <span class='ocrx_word' id='word_1_465' title='bbox 1185 883 1319 910; x_wconf 86' lang='lat' dir='ltr'><strong>immensis</strong></span> <span class='ocrx_word' id='word_1_466' title='bbox 1333 884 1478 918; x_wconf 77' lang='lat' dir='ltr'><strong>algoribus,</strong></span> <span class='ocrx_word' id='word_1_467' title='bbox 1494 886 1561 911; x_wconf 78' lang='lat' dir='ltr'><strong>sicut</strong></span> <span class='ocrx_word' id='word_1_468' title='bbox 1580 887 1682 918; x_wconf 73' lang='lat' dir='ltr'><strong>quisub</strong></span> 
     </span>
    </p>
   </div>
   <div class='ocr_carea' id='block_1_64' title="bbox 897 928 1682 963">
    <p class='ocr_par' dir='ltr' id='par_1_64' title="bbox 897 928 1682 963">
     <span class='ocr_line' id='line_1_64' title="bbox 897 928 1682 963; baseline 0.006 -9"><span class='ocrx_word' id='word_1_469' title='bbox 897 937 963 955; x_wconf 83' lang='lat' dir='ltr'><strong>zona</strong></span> <span class='ocrx_word' id='word_1_470' title='bbox 971 928 1070 955; x_wconf 84' lang='lat' dir='ltr'><strong>torrida</strong></span> <span class='ocrx_word' id='word_1_471' title='bbox 1080 930 1208 955; x_wconf 82' lang='lat' dir='ltr'><strong>continuis</strong></span> <span class='ocrx_word' id='word_1_472' title='bbox 1216 929 1369 963; x_wconf 81' lang='lat' dir='ltr'><strong>subjuceant</strong></span> <span class='ocrx_word' id='word_1_473' title='bbox 1383 931 1532 957; x_wconf 85' lang='lat' dir='ltr'><strong>ardoribus.</strong></span> <span class='ocrx_word' id='word_1_474' title='bbox 1548 930 1682 959; x_wconf 55' lang='lat' dir='ltr'><strong>“italiam</strong></span> 
     </span>
    </p>
   </div>
   <div class='ocr_carea' id='block_1_65' title="bbox 896 975 1688 1012">
    <p class='ocr_par' dir='ltr' id='par_1_65' title="bbox 896 975 1688 1012">
     <span class='ocr_line' id='line_1_65' title="bbox 896 975 1688 1012; baseline 0.006 -12"><span class='ocrx_word' id='word_1_475' title='bbox 896 980 924 1000; x_wconf 89' lang='lat' dir='ltr'><strong>ut</strong></span> <span class='ocrx_word' id='word_1_476' title='bbox 939 975 994 1001; x_wconf 78' lang='lat' dir='ltr'><strong>sole</strong></span> <span class='ocrx_word' id='word_1_477' title='bbox 1014 975 1176 1001; x_wconf 77' lang='lat' dir='ltr'><strong>horizontem</strong></span> <span class='ocrx_word' id='word_1_478' title='bbox 1199 980 1318 1002; x_wconf 86' lang='lat' dir='ltr'><strong>nostrum</strong></span> <span class='ocrx_word' id='word_1_479' title='bbox 1331 981 1473 1010; x_wconf 83' lang='lat' dir='ltr'><strong>occupante</strong></span> <span class='ocrx_word' id='word_1_480' title='bbox 1488 985 1533 1004; x_wconf 85' lang='lat' dir='ltr'><strong>aer</strong></span> <span class='ocrx_word' id='word_1_481' title='bbox 1542 977 1688 1012; x_wconf 55' lang='lat' dir='ltr'><strong>fervidior,</strong></span> 
     </span>
    </p>
   </div>
   <div class='ocr_carea' id='block_1_66' title="bbox 894 1020 1442 1056">
    <p class='ocr_par' dir='ltr' id='par_1_66' title="bbox 894 1020 1442 1056">
     <span class='ocr_line' id='line_1_66' title="bbox 894 1020 1442 1056; baseline 0.004 -9"><span class='ocrx_word' id='word_1_482' title='bbox 894 1025 919 1047; x_wconf 79' lang='lat' dir='ltr'><strong>et</strong></span> <span class='ocrx_word' id='word_1_483' title='bbox 935 1020 1087 1048; x_wconf 82' lang='lat' dir='ltr'><strong>abscedente</strong></span> <span class='ocrx_word' id='word_1_484' title='bbox 1099 1021 1210 1056; x_wconf 84' lang='lat' dir='ltr'><strong>rigidior</strong></span> <span class='ocrx_word' id='word_1_485' title='bbox 1224 1021 1442 1056; x_wconf 79' lang='lat' dir='ltr'><strong>deprehendatur.</strong></span> 
     </span>
    </p>
   </div>
   <div class='ocr_carea' id='block_1_67' title="bbox 930 1065 1680 1102">
    <p class='ocr_par' dir='ltr' id='par_1_67' title="bbox 930 1065 1680 1102">
     <span class='ocr_line' id='line_1_67' title="bbox 930 1065 1680 1102; baseline 0.004 -10"><span class='ocrx_word' id='word_1_486' title='bbox 930 1065 1009 1097; x_wconf 89' lang='lat' dir='ltr'><strong>lbid.,</strong></span> <span class='ocrx_word' id='word_1_487' title='bbox 1026 1067 1073 1093; x_wconf 86' lang='lat' dir='ltr'><strong>lin.</strong></span> <span class='ocrx_word' id='word_1_488' title='bbox 1089 1067 1114 1094; x_wconf 71' lang='lat' dir='ltr'><strong>tl.</strong></span> <span class='ocrx_word' id='word_1_489' title='bbox 1137 1066 1191 1093; x_wconf 85' lang='grc' dir='ltr'><strong>Τοῦ</strong></span> <span class='ocrx_word' id='word_1_490' title='bbox 1210 1066 1389 1100; x_wconf 75' lang='grc' dir='ltr'><strong>διαχωρίζειν</strong></span> <span class='ocrx_word' id='word_1_491' title='bbox 1403 1068 1462 1094; x_wconf 81' lang='grc' dir='ltr'><strong>ἀνὰ</strong></span> <span class='ocrx_word' id='word_1_492' title='bbox 1476 1068 1581 1102; x_wconf 82' lang='grc' dir='ltr'><strong>μέσον.</strong></span> <span class='ocrx_word' id='word_1_493' title='bbox 1601 1068 1680 1096; x_wconf 62' lang='lat' dir='ltr'><strong>BasiL</strong></span> 
     </span>
    </p>
   </div>
   <div class='ocr_carea' id='block_1_68' title="bbox 894 1112 1681 1150">
    <p class='ocr_par' dir='ltr' id='par_1_68' title="bbox 894 1112 1681 1150">
     <span class='ocr_line' id='line_1_68' title="bbox 894 1112 1681 1150; baseline 0.001 -11"><span class='ocrx_word' id='word_1_494' title='bbox 894 1112 958 1144; x_wconf 83' lang='lat' dir='ltr'><strong>lius,</strong></span> <span class='ocrx_word' id='word_1_495' title='bbox 972 1113 1044 1139; x_wconf 89' lang='lat' dir='ltr'><strong>hom.</strong></span> <span class='ocrx_word' id='word_1_496' title='bbox 1058 1112 1085 1144; x_wconf 82' lang='lat'><strong>6,</strong></span> <span class='ocrx_word' id='word_1_497' title='bbox 1101 1113 1158 1139; x_wconf 75' lang='grc' dir='ltr'><strong>Νῦν</strong></span> <span class='ocrx_word' id='word_1_498' title='bbox 1174 1113 1201 1139; x_wconf 84' lang='grc' dir='ltr'><strong>δὲ</strong></span> <span class='ocrx_word' id='word_1_499' title='bbox 1215 1113 1291 1148; x_wconf 75' lang='grc' dir='ltr'><strong>ἣλιον</strong></span> <span class='ocrx_word' id='word_1_500' title='bbox 1306 1113 1420 1146; x_wconf 72' lang='grc' dir='ltr'>ἐπέταξε</span> <span class='ocrx_word' id='word_1_501' title='bbox 1435 1115 1491 1146; x_wconf 83' lang='grc' dir='ltr'><strong>τοῖς</strong></span> <span class='ocrx_word' id='word_1_502' title='bbox 1509 1115 1617 1150; x_wconf 80' lang='grc' dir='ltr'><strong>μέτροις</strong></span> <span class='ocrx_word' id='word_1_503' title='bbox 1629 1114 1681 1150; x_wconf 75' lang='grc' dir='ltr'><strong>τῆς</strong></span> 
     </span>
    </p>
   </div>
   <div class='ocr_carea' id='block_1_69' title="bbox 894 1158 1681 1195">
    <p class='ocr_par' dir='ltr' id='par_1_69' title="bbox 894 1158 1681 1195">
     <span class='ocr_line' id='line_1_69' title="bbox 894 1158 1681 1195; baseline 0.003 -11"><span class='ocrx_word' id='word_1_504' title='bbox 894 1158 1008 1194; x_wconf 82' lang='grc' dir='ltr'><strong>ἡμέρας,</strong></span> <span class='ocrx_word' id='word_1_505' title='bbox 1021 1159 1067 1185; x_wconf 70' lang='grc' dir='ltr'><strong>καὶ</strong></span> <span class='ocrx_word' id='word_1_506' title='bbox 1083 1159 1280 1194; x_wconf 74' lang='grc' dir='ltr'><strong>σελήνην,ὂταν</strong></span> <span class='ocrx_word' id='word_1_507' title='bbox 1293 1160 1357 1186; x_wconf 82' lang='grc' dir='ltr'><strong>ποτὲ</strong></span> <span class='ocrx_word' id='word_1_508' title='bbox 1369 1160 1436 1195; x_wconf 82' lang='grc' dir='ltr'><strong>πρὸς</strong></span> <span class='ocrx_word' id='word_1_509' title='bbox 1450 1160 1494 1186; x_wconf 81' lang='grc' dir='ltr'><strong>τὸν</strong></span> <span class='ocrx_word' id='word_1_510' title='bbox 1508 1160 1571 1186; x_wconf 80' lang='grc' dir='ltr'>ἴδιον</span> <span class='ocrx_word' id='word_1_511' title='bbox 1582 1161 1681 1188; x_wconf 78' lang='grc' dir='ltr'><strong>κύκλον</strong></span> 
     </span>
    </p>
   </div>
   <div class='ocr_carea' id='block_1_70' title="bbox 894 1205 1677 1242">
    <p class='ocr_par' dir='ltr' id='par_1_70' title="bbox 894 1205 1677 1242">
     <span class='ocr_line' id='line_1_70' title="bbox 894 1205 1677 1242; baseline 0.005 -11"><span class='ocrx_word' id='word_1_512' title='bbox 894 1205 1059 1241; x_wconf 80' lang='grc' dir='ltr'><strong>ἀπαρτισθῇ,</strong></span> <span class='ocrx_word' id='word_1_513' title='bbox 1074 1206 1194 1241; x_wconf 76' lang='grc' dir='ltr'><strong>ἀρχηγὸν</strong></span> <span class='ocrx_word' id='word_1_514' title='bbox 1217 1206 1328 1242; x_wconf 75' lang='grc' dir='ltr'><strong>ἐποίησε</strong></span> <span class='ocrx_word' id='word_1_515' title='bbox 1346 1207 1394 1242; x_wconf 78' lang='grc' dir='ltr'><strong>τῆς</strong></span> <span class='ocrx_word' id='word_1_516' title='bbox 1413 1208 1518 1239; x_wconf 79' lang='grc' dir='ltr'><strong>νυκτός.</strong></span> <span class='ocrx_word' id='word_1_517' title='bbox 1537 1207 1677 1235; x_wconf 87' lang='lat' dir='ltr'><strong>Constant.</strong></span> 
     </span>
    </p>
   </div>
   <div class='ocr_carea' id='block_1_71' title="bbox 893 1250 1126 1278">
    <p class='ocr_par' dir='ltr' id='par_1_71' title="bbox 893 1250 1126 1278">
     <span class='ocr_line' id='line_1_71' title="bbox 893 1250 1126 1278; baseline -0.004 0"><span class='ocrx_word' id='word_1_518' title='bbox 893 1250 967 1278; x_wconf 83' lang='lat' dir='ltr'><strong>Man.</strong></span> <span class='ocrx_word' id='word_1_519' title='bbox 983 1252 1010 1278; x_wconf 91' lang='lat' dir='ltr'><strong>in</strong></span> <span class='ocrx_word' id='word_1_520' title='bbox 1027 1252 1126 1278; x_wconf 77' lang='lat' dir='ltr'><strong>Annal.</strong></span> 
     </span>
    </p>
   </div>
   <div class='ocr_carea' id='block_1_72' title="bbox 895 1295 1643 1332">
    <p class='ocr_par' dir='ltr' id='par_1_72' title="bbox 895 1295 1643 1332">
     <span class='ocr_line' id='line_1_72' title="bbox 895 1295 1643 1332; baseline 0.003 -9"><span class='ocrx_word' id='word_1_521' title='bbox 895 1297 976 1324; x_wconf 80' lang='grc' dir='ltr'><em>οὕτω</em></span> <span class='ocrx_word' id='word_1_522' title='bbox 989 1296 1048 1332; x_wconf 80' lang='grc' dir='ltr'><strong>μὲν</strong></span> <span class='ocrx_word' id='word_1_523' title='bbox 1062 1295 1117 1324; x_wconf 84' lang='grc' dir='ltr'><strong>οὗν</strong></span> <span class='ocrx_word' id='word_1_524' title='bbox 1130 1297 1265 1324; x_wconf 83' lang='grc' dir='ltr'><strong>τετέλετο</strong></span> <span class='ocrx_word' id='word_1_525' title='bbox 1283 1298 1320 1324; x_wconf 85' lang='grc' dir='ltr'><em>τὰ</em></span> <span class='ocrx_word' id='word_1_526' title='bbox 1335 1298 1408 1324; x_wconf 77' lang='grc' dir='ltr'><strong>κατὰ</strong></span> <span class='ocrx_word' id='word_1_527' title='bbox 1424 1298 1494 1331; x_wconf 86' lang='grc' dir='ltr'><em>τοὺς</em></span> <span class='ocrx_word' id='word_1_528' title='bbox 1515 1298 1643 1332; x_wconf 83' lang='grc' dir='ltr'><strong>ἀστέρας</strong></span> 
     </span>
    </p>
   </div>
   <div class='ocr_carea' id='block_1_73' title="bbox 892 1331 1608 1368">
    <p class='ocr_par' dir='ltr' id='par_1_73' title="bbox 892 1331 1608 1368">
     <span class='ocr_line' id='line_1_73' title="bbox 892 1331 1608 1368; baseline 0.003 -10"><span class='ocrx_word' id='word_1_529' title='bbox 892 1332 947 1368; x_wconf 71' lang='lat' dir='ltr'><strong>Kal</strong></span> <span class='ocrx_word' id='word_1_530' title='bbox 959 1331 1083 1368; x_wconf 58' lang='grc' dir='ltr'><strong>τέτακτρ</strong></span> <span class='ocrx_word' id='word_1_531' title='bbox 1099 1332 1159 1366; x_wconf 80' lang='grc' dir='ltr'><strong>μὲν</strong></span> <span class='ocrx_word' id='word_1_532' title='bbox 1172 1333 1258 1366; x_wconf 73' lang='grc' dir='ltr'><em>ἥλιος</em></span> <span class='ocrx_word' id='word_1_533' title='bbox 1270 1332 1367 1366; x_wconf 81' lang='grc' dir='ltr'><strong>ἀστὴρ</strong></span> <span class='ocrx_word' id='word_1_534' title='bbox 1387 1333 1592 1368; x_wconf 71' lang='grc' dir='ltr'><strong>ἡμεροκράτωρ</strong></span> <span class='ocrx_word' id='word_1_535' title='bbox 1602 1343 1608 1349; x_wconf 70' lang='grc'><strong>⁸</strong></span> 
     </span>
    </p>
   </div>
   <div class='ocr_carea' id='block_1_74' title="bbox 896 1367 1679 1402">
    <p class='ocr_par' dir='ltr' id='par_1_74' title="bbox 896 1367 1679 1402">
     <span class='ocr_line' id='line_1_74' title="bbox 896 1367 1679 1402; baseline 0.004 -9"><span class='ocrx_word' id='word_1_536' title='bbox 896 1367 931 1394; x_wconf 79' lang='grc' dir='ltr'><strong>Τὸ</strong></span> <span class='ocrx_word' id='word_1_537' title='bbox 952 1367 986 1393; x_wconf 82' lang='grc' dir='ltr'><strong>δὲ</strong></span> <span class='ocrx_word' id='word_1_538' title='bbox 999 1367 1132 1401; x_wconf 61' lang='grc' dir='ltr'><strong>σελήνης</strong></span> <span class='ocrx_word' id='word_1_539' title='bbox 1141 1367 1300 1402; x_wconf 64' lang='grc' dir='ltr'><strong>,βλέφαρον</strong></span> <span class='ocrx_word' id='word_1_540' title='bbox 1314 1369 1485 1402; x_wconf 68' lang='grc' dir='ltr'><strong>ὲπύρσειεσε</strong></span> <span class='ocrx_word' id='word_1_541' title='bbox 1503 1369 1558 1401; x_wconf 78' lang='grc' dir='ltr'><strong>τὴν</strong></span> <span class='ocrx_word' id='word_1_542' title='bbox 1573 1367 1679 1397; x_wconf 49' lang='grc' dir='ltr'><strong>νύκτα.</strong></span> 
     </span>
    </p>
   </div>
   <div class='ocr_carea' id='block_1_75' title="bbox 927 1416 1679 1451">
    <p class='ocr_par' dir='ltr' id='par_1_75' title="bbox 927 1416 1679 1451">
     <span class='ocr_line' id='line_1_75' title="bbox 927 1416 1679 1451; baseline 0.001 -8"><span class='ocrx_word' id='word_1_543' title='bbox 927 1416 1007 1448; x_wconf 84' lang='lat' dir='ltr'><strong>lbid.,</strong></span> <span class='ocrx_word' id='word_1_544' title='bbox 1025 1417 1073 1444; x_wconf 85' lang='lat' dir='ltr'><strong>lin.</strong></span> <span class='ocrx_word' id='word_1_545' title='bbox 1091 1417 1116 1444; x_wconf 87' lang='lat' dir='ltr'><strong>&#39;i.</strong></span> <span class='ocrx_word' id='word_1_546' title='bbox 1133 1417 1221 1443; x_wconf 78' lang='grc' dir='ltr'><strong>Ἔστι</strong></span> <span class='ocrx_word' id='word_1_547' title='bbox 1237 1417 1271 1443; x_wconf 81' lang='grc' dir='ltr'><strong>δὲ</strong></span> <span class='ocrx_word' id='word_1_548' title='bbox 1283 1417 1302 1450; x_wconf 70' lang='grc' dir='ltr'>ἡ</span> <span class='ocrx_word' id='word_1_549' title='bbox 1319 1417 1376 1449; x_wconf 75' lang='grc' dir='ltr'><strong>νὺξ</strong></span> <span class='ocrx_word' id='word_1_550' title='bbox 1392 1417 1537 1451; x_wconf 76' lang='grc' dir='ltr'><strong>σκίασμα.</strong></span> <span class='ocrx_word' id='word_1_551' title='bbox 1550 1417 1679 1450; x_wconf 85' lang='lat' dir='ltr'><strong>Basilius,</strong></span> 
     </span>
    </p>
   </div>
   <div class='ocr_carea' id='block_1_76' title="bbox 893 1462 1680 1497">
    <p class='ocr_par' dir='ltr' id='par_1_76' title="bbox 893 1462 1680 1497">
     <span class='ocr_line' id='line_1_76' title="bbox 893 1462 1680 1497; baseline 0.001 -8"><span class='ocrx_word' id='word_1_552' title='bbox 893 1462 966 1489; x_wconf 82' lang='lat' dir='ltr'><strong>hom.</strong></span> <span class='ocrx_word' id='word_1_553' title='bbox 981 1462 1007 1494; x_wconf 88' lang='lat'><strong>6,</strong></span> <span class='ocrx_word' id='word_1_554' title='bbox 1024 1462 1079 1488; x_wconf 68' lang='grc' dir='ltr'><strong>Καὶ</strong></span> <span class='ocrx_word' id='word_1_555' title='bbox 1090 1463 1106 1497; x_wconf 83' lang='grc' dir='ltr'><strong>ἠ</strong></span> <span class='ocrx_word' id='word_1_556' title='bbox 1116 1462 1163 1495; x_wconf 78' lang='grc' dir='ltr'>νὺξ</span> <span class='ocrx_word' id='word_1_557' title='bbox 1177 1463 1224 1488; x_wconf 75' lang='grc' dir='ltr'><strong>ἐπὶ</strong></span> <span class='ocrx_word' id='word_1_558' title='bbox 1237 1462 1267 1488; x_wconf 82' lang='grc' dir='ltr'><strong>τὸ</strong></span> <span class='ocrx_word' id='word_1_559' title='bbox 1285 1463 1404 1489; x_wconf 73' lang='grc' dir='ltr'><strong>ἐναντίον</strong></span> <span class='ocrx_word' id='word_1_560' title='bbox 1418 1464 1478 1494; x_wconf 76' lang='grc' dir='ltr'>ταῖς</span> <span class='ocrx_word' id='word_1_561' title='bbox 1492 1462 1598 1491; x_wconf 71' lang='grc' dir='ltr'><strong>ἀκτῖσιν</strong></span> <span class='ocrx_word' id='word_1_562' title='bbox 1613 1464 1680 1490; x_wconf 82' lang='grc' dir='ltr'><strong>ὐπο-</strong></span> 
     </span>
    </p>
   </div>
   <div class='ocr_carea' id='block_1_77' title="bbox 854 1506 1680 1544">
    <p class='ocr_par' dir='ltr' id='par_1_77' title="bbox 854 1506 1680 1544">
     <span class='ocr_line' id='line_1_77' title="bbox 854 1506 1680 1544; baseline 0.001 -10"><span class='ocrx_word' id='word_1_563' title='bbox 854 1515 875 1544; x_wconf 78' lang='lat' dir='ltr'><strong>c</strong></span> <span class='ocrx_word' id='word_1_564' title='bbox 892 1506 984 1544; x_wconf 70' lang='grc' dir='ltr'><strong>χώρεί,</strong></span> <span class='ocrx_word' id='word_1_565' title='bbox 1006 1508 1081 1535; x_wconf 73' lang='grc' dir='ltr'>οὐδὲν</span> <span class='ocrx_word' id='word_1_566' title='bbox 1093 1508 1186 1543; x_wconf 73' lang='grc' dir='ltr'><strong>ἕτερον</strong></span> <span class='ocrx_word' id='word_1_567' title='bbox 1202 1506 1268 1534; x_wconf 75' lang='grc' dir='ltr'><strong>οὖσα</strong></span> <span class='ocrx_word' id='word_1_568' title='bbox 1282 1507 1352 1534; x_wconf 76' lang='grc' dir='ltr'><strong>κατὰ</strong></span> <span class='ocrx_word' id='word_1_569' title='bbox 1362 1508 1410 1543; x_wconf 84' lang='grc' dir='ltr'><strong>τὴν</strong></span> <span class='ocrx_word' id='word_1_570' title='bbox 1423 1508 1502 1542; x_wconf 79' lang='grc' dir='ltr'>φύσιν</span> <span class='ocrx_word' id='word_1_571' title='bbox 1526 1508 1542 1543; x_wconf 81' lang='grc' dir='ltr'><strong>ἢ</strong></span> <span class='ocrx_word' id='word_1_572' title='bbox 1559 1508 1680 1543; x_wconf 74' lang='grc' dir='ltr'><strong>σκίασμα</strong></span> 
     </span>
    </p>
   </div>
   <div class='ocr_carea' id='block_1_78' title="bbox 890 1553 1678 1590">
    <p class='ocr_par' dir='ltr' id='par_1_78' title="bbox 890 1553 1678 1590">
     <span class='ocr_line' id='line_1_78' title="bbox 890 1553 1678 1590; baseline -0.001 -10"><span class='ocrx_word' id='word_1_573' title='bbox 890 1554 952 1588; x_wconf 87' lang='grc' dir='ltr'><strong>γῆς.</strong></span> <span class='ocrx_word' id='word_1_574' title='bbox 977 1554 1020 1585; x_wconf 84' lang='grc' dir='ltr'><strong>Ὧς</strong></span> <span class='ocrx_word' id='word_1_575' title='bbox 1037 1553 1091 1589; x_wconf 82' lang='grc' dir='ltr'><strong>γὰρ</strong></span> <span class='ocrx_word' id='word_1_576' title='bbox 1105 1554 1134 1580; x_wconf 81' lang='grc' dir='ltr'><strong>ἐν</strong></span> <span class='ocrx_word' id='word_1_577' title='bbox 1148 1554 1240 1590; x_wconf 67' lang='grc' dir='ltr'><strong>ἡμέρᾳ</strong></span> <span class='ocrx_word' id='word_1_578' title='bbox 1256 1554 1272 1588; x_wconf 83' lang='grc' dir='ltr'>ἡ</span> <span class='ocrx_word' id='word_1_579' title='bbox 1287 1554 1350 1580; x_wconf 81' lang='grc' dir='ltr'><strong>σκιὰ</strong></span> <span class='ocrx_word' id='word_1_580' title='bbox 1358 1553 1396 1588; x_wconf 84' lang='grc' dir='ltr'>τῷ</span> <span class='ocrx_word' id='word_1_581' title='bbox 1411 1554 1617 1588; x_wconf 71' lang='grc' dir='ltr'><strong>ἀντιφράσςοντι</strong></span> <span class='ocrx_word' id='word_1_582' title='bbox 1629 1554 1678 1589; x_wconf 77' lang='grc' dir='ltr'><strong>τὴν</strong></span> 
     </span>
    </p>
   </div>
   <div class='ocr_carea' id='block_1_79' title="bbox 890 1599 1678 1636">
    <p class='ocr_par' dir='ltr' id='par_1_79' title="bbox 890 1599 1678 1636">
     <span class='ocr_line' id='line_1_79' title="bbox 890 1599 1678 1636; baseline -0.001 -10"><span class='ocrx_word' id='word_1_583' title='bbox 890 1600 976 1636; x_wconf 78' lang='grc' dir='ltr'><strong>αὐγὴν</strong></span> <span class='ocrx_word' id='word_1_584' title='bbox 1003 1600 1216 1635; x_wconf 77' lang='grc' dir='ltr'><strong>παρυφὶσταται,</strong></span> <span class='ocrx_word' id='word_1_585' title='bbox 1234 1599 1320 1631; x_wconf 68' lang='grc' dir='ltr'><strong>οὕτως</strong></span> <span class='ocrx_word' id='word_1_586' title='bbox 1371 1599 1428 1631; x_wconf 79' lang='grc' dir='ltr'><strong>νὺξ,</strong></span> <span class='ocrx_word' id='word_1_587' title='bbox 1439 1599 1615 1634; x_wconf 72' lang='grc' dir='ltr'><strong>σκιαζομένου</strong></span> <span class='ocrx_word' id='word_1_588' title='bbox 1631 1600 1678 1626; x_wconf 76' lang='grc' dir='ltr'><strong>τοῦ</strong></span> 
     </span>
    </p>
   </div>
   <div class='ocr_carea' id='block_1_80' title="bbox 890 1644 1677 1681">
    <p class='ocr_par' dir='ltr' id='par_1_80' title="bbox 890 1644 1677 1681">
     <span class='ocr_line' id='line_1_80' title="bbox 890 1644 1677 1681; baseline -0.003 -9"><span class='ocrx_word' id='word_1_589' title='bbox 890 1647 954 1681; x_wconf 78' lang='grc' dir='ltr'>περὶ</span> <span class='ocrx_word' id='word_1_590' title='bbox 968 1647 1020 1681; x_wconf 78' lang='grc' dir='ltr'><strong>γῆν</strong></span> <span class='ocrx_word' id='word_1_591' title='bbox 1036 1646 1128 1681; x_wconf 79' lang='grc' dir='ltr'><strong>ἀέρος,</strong></span> <span class='ocrx_word' id='word_1_592' title='bbox 1146 1644 1320 1671; x_wconf 75' lang='grc' dir='ltr'><strong>συνίστασθαι</strong></span> <span class='ocrx_word' id='word_1_593' title='bbox 1337 1644 1469 1679; x_wconf 70' lang='grc' dir='ltr'><strong>πέφυκεν.</strong></span> <span class='ocrx_word' id='word_1_594' title='bbox 1499 1644 1604 1671; x_wconf 84' lang='lat' dir='ltr'><strong>Plinius</strong></span> <span class='ocrx_word' id='word_1_595' title='bbox 1619 1644 1636 1670; x_wconf 92' lang='lat' dir='ltr'><strong>l.</strong></span> <span class='ocrx_word' id='word_1_596' title='bbox 1647 1652 1677 1673; x_wconf 85' lang='lat' dir='ltr'><strong>tt,</strong></span> 
     </span>
    </p>
   </div>
   <div class='ocr_carea' id='block_1_81' title="bbox 890 1689 1677 1727">
    <p class='ocr_par' dir='ltr' id='par_1_81' title="bbox 890 1689 1677 1727">
     <span class='ocr_line' id='line_1_81' title="bbox 890 1689 1677 1727; baseline -0.005 -8"><span class='ocrx_word' id='word_1_597' title='bbox 890 1699 950 1727; x_wconf 82' lang='lat' dir='ltr'><strong>cap.</strong></span> <span class='ocrx_word' id='word_1_598' title='bbox 966 1692 1008 1723; x_wconf 79' lang='grc'><strong>10,</strong></span> <span class='ocrx_word' id='word_1_599' title='bbox 1027 1691 1110 1718; x_wconf 84' lang='lat' dir='ltr'><strong>Terra</strong></span> <span class='ocrx_word' id='word_1_600' title='bbox 1127 1692 1255 1718; x_wconf 80' lang='lat' dir='ltr'><strong>subeunte</strong></span> <span class='ocrx_word' id='word_1_601' title='bbox 1271 1692 1421 1725; x_wconf 79' lang='lat' dir='ltr'><strong>repentinas</strong></span> <span class='ocrx_word' id='word_1_602' title='bbox 1438 1689 1531 1716; x_wconf 86' lang='lat' dir='ltr'><strong>obduci</strong></span> <span class='ocrx_word' id='word_1_603' title='bbox 1547 1689 1677 1721; x_wconf 73' lang='lat' dir='ltr'><strong>tenebras,</strong></span> 
     </span>
    </p>
   </div>
   <div class='ocr_carea' id='block_1_82' title="bbox 890 1734 1677 1771">
    <p class='ocr_par' dir='ltr' id='par_1_82' title="bbox 890 1734 1677 1771">
     <span class='ocr_line' id='line_1_82' title="bbox 890 1734 1677 1771; baseline -0.001 -9"><span class='ocrx_word' id='word_1_604' title='bbox 890 1744 1045 1771; x_wconf 77' lang='lat' dir='ltr'><strong>rursumque</strong></span> <span class='ocrx_word' id='word_1_605' title='bbox 1060 1736 1133 1763; x_wconf 83' lang='lat' dir='ltr'><strong>illius</strong></span> <span class='ocrx_word' id='word_1_606' title='bbox 1151 1737 1244 1763; x_wconf 33' lang='lat' dir='ltr'><strong>untltra</strong></span> <span class='ocrx_word' id='word_1_607' title='bbox 1260 1736 1333 1762; x_wconf 81' lang='lat' dir='ltr'><strong>sidus</strong></span> <span class='ocrx_word' id='word_1_608' title='bbox 1351 1735 1477 1762; x_wconf 79' lang='lat' dir='ltr'><strong>hebetari.</strong></span> <span class='ocrx_word' id='word_1_609' title='bbox 1496 1734 1586 1770; x_wconf 82' lang='lat' dir='ltr'><strong>Neque</strong></span> <span class='ocrx_word' id='word_1_610' title='bbox 1604 1735 1677 1762; x_wconf 81' lang='lat' dir='ltr'><strong>aliud</strong></span> 
     </span>
    </p>
   </div>
   <div class='ocr_carea' id='block_1_83' title="bbox 889 1779 1676 1815">
    <p class='ocr_par' dir='ltr' id='par_1_83' title="bbox 889 1779 1676 1815">
     <span class='ocr_line' id='line_1_83' title="bbox 889 1779 1676 1815; baseline -0.001 -7"><span class='ocrx_word' id='word_1_611' title='bbox 889 1789 945 1808; x_wconf 73' lang='lat' dir='ltr'><strong>esse</strong></span> <span class='ocrx_word' id='word_1_612' title='bbox 965 1786 1066 1807; x_wconf 79' lang='lat' dir='ltr'><strong>noctem</strong></span> <span class='ocrx_word' id='word_1_613' title='bbox 1088 1789 1166 1815; x_wconf 82' lang='lat' dir='ltr'><strong>quant</strong></span> <span class='ocrx_word' id='word_1_614' title='bbox 1189 1786 1266 1808; x_wconf 79' lang='lat' dir='ltr'><strong>terra:</strong></span> <span class='ocrx_word' id='word_1_615' title='bbox 1292 1780 1423 1808; x_wconf 84' lang='lat' dir='ltr'><strong>umbram.</strong></span> <span class='ocrx_word' id='word_1_616' title='bbox 1449 1779 1624 1815; x_wconf 82' lang='lat' dir='ltr'><strong>Palingenius</strong></span> <span class='ocrx_word' id='word_1_617' title='bbox 1649 1781 1676 1807; x_wconf 90' lang='lat' dir='ltr'><strong>in</strong></span> 
     </span>
    </p>
   </div>
   <div class='ocr_carea' id='block_1_84' title="bbox 890 1826 1194 1859">
    <p class='ocr_par' dir='ltr' id='par_1_84' title="bbox 890 1826 1194 1859">
     <span class='ocr_line' id='line_1_84' title="bbox 890 1826 1194 1859; baseline 0.003 -6"><span class='ocrx_word' id='word_1_618' title='bbox 890 1826 1005 1854; x_wconf 80' lang='lat' dir='ltr'><strong>Zodiaco</strong></span> <span class='ocrx_word' id='word_1_619' title='bbox 1018 1828 1087 1859; x_wconf 75' lang='lat' dir='ltr'><strong>vitm,</strong></span> <span class='ocrx_word' id='word_1_620' title='bbox 1101 1827 1149 1854; x_wconf 91' lang='lat' dir='ltr'><strong>lib.</strong></span> <span class='ocrx_word' id='word_1_621' title='bbox 1164 1835 1194 1854; x_wconf 89' lang='grc' dir='ltr'>ιι.</span> 
     </span>
    </p>
   </div>
   <div class='ocr_carea' id='block_1_85' title="bbox 999 1872 1553 1907">
    <p class='ocr_par' dir='ltr' id='par_1_85' title="bbox 999 1872 1553 1907">
     <span class='ocr_line' id='line_1_85' title="bbox 999 1872 1553 1907; baseline -0.002 -8"><span class='ocrx_word' id='word_1_622' title='bbox 999 1887 1033 1892; x_wconf 83' lang='lat'><strong>-——</strong></span> <span class='ocrx_word' id='word_1_623' title='bbox 1050 1873 1101 1900; x_wconf 72' lang='lat' dir='ltr'><strong>Sed</strong></span> <span class='ocrx_word' id='word_1_624' title='bbox 1115 1880 1167 1899; x_wconf 62' lang='lat' dir='ltr'><strong>non:</strong></span> <span class='ocrx_word' id='word_1_625' title='bbox 1183 1872 1292 1899; x_wconf 61' lang='lat' dir='ltr'><strong>adversa</strong></span> <span class='ocrx_word' id='word_1_626' title='bbox 1307 1873 1332 1898; x_wconf 87' lang='lat' dir='ltr'><strong>in</strong></span> <span class='ocrx_word' id='word_1_627' title='bbox 1348 1877 1423 1907; x_wconf 87' lang='lat' dir='ltr'><strong>parte</strong></span> <span class='ocrx_word' id='word_1_628' title='bbox 1438 1877 1553 1903; x_wconf 80' lang='lat' dir='ltr'><strong>creatur,</strong></span> 
     </span>
    </p>
   </div>
   <div class='ocr_carea' id='block_1_86' title="bbox 891 1906 1674 1942">
    <p class='ocr_par' dir='ltr' id='par_1_86' title="bbox 891 1906 1674 1942">
     <span class='ocr_line' id='line_1_86' title="bbox 891 1906 1674 1942; baseline 0.001 -9"><span class='ocrx_word' id='word_1_629' title='bbox 891 1906 990 1942; x_wconf 83' lang='lat' dir='ltr'><strong>Quippe</strong></span> <span class='ocrx_word' id='word_1_630' title='bbox 1002 1907 1076 1934; x_wconf 72' lang='lat' dir='ltr'><strong>aliud</strong></span> <span class='ocrx_word' id='word_1_631' title='bbox 1083 1916 1134 1934; x_wconf 85' lang='lat' dir='ltr'><strong>non</strong></span> <span class='ocrx_word' id='word_1_632' title='bbox 1143 1913 1180 1934; x_wconf 86' lang='lat' dir='ltr'><strong>est</strong></span> <span class='ocrx_word' id='word_1_633' title='bbox 1192 1917 1268 1942; x_wconf 80' lang='lat' dir='ltr'><strong>quant</strong></span> <span class='ocrx_word' id='word_1_634' title='bbox 1278 1906 1354 1934; x_wconf 50' lang='lat' dir='ltr'><strong>terrar</strong></span> <span class='ocrx_word' id='word_1_635' title='bbox 1363 1912 1439 1942; x_wconf 85' lang='lat' dir='ltr'><strong>atque</strong></span> <span class='ocrx_word' id='word_1_636' title='bbox 1448 1907 1559 1942; x_wconf 66' lang='lat' dir='ltr'><strong>loquaris</strong></span> <span class='ocrx_word' id='word_1_637' title='bbox 1572 1907 1674 1934; x_wconf 87' lang='lat' dir='ltr'><strong>umbra.</strong></span> 
     </span>
    </p>
   </div>
   <div class='ocr_carea' id='block_1_87' title="bbox 925 1951 1676 1988">
    <p class='ocr_par' dir='ltr' id='par_1_87' title="bbox 925 1951 1676 1988">
     <span class='ocr_line' id='line_1_87' title="bbox 925 1951 1676 1988; baseline 0.001 -9"><span class='ocrx_word' id='word_1_638' title='bbox 925 1952 1004 1984; x_wconf 83' lang='lat' dir='ltr'><strong>lbid.,</strong></span> <span class='ocrx_word' id='word_1_639' title='bbox 1021 1953 1069 1980; x_wconf 89' lang='lat' dir='ltr'><strong>lin.</strong></span> <span class='ocrx_word' id='word_1_640' title='bbox 1086 1953 1129 1979; x_wconf 79' lang='grc' dir='ltr'><strong>Η.</strong></span> <span class='ocrx_word' id='word_1_641' title='bbox 1143 1953 1197 1980; x_wconf 76' lang='grc' dir='ltr'><strong>Καὶ</strong></span> <span class='ocrx_word' id='word_1_642' title='bbox 1213 1953 1298 1988; x_wconf 80' lang='grc' dir='ltr'><em>ὁμὲν</em></span> <span class='ocrx_word' id='word_1_643' title='bbox 1313 1953 1398 1987; x_wconf 77' lang='grc' dir='ltr'><strong>ἣλιος</strong></span> <span class='ocrx_word' id='word_1_644' title='bbox 1421 1951 1532 1986; x_wconf 79' lang='grc' dir='ltr'><strong>ὥσπερ.</strong></span> <span class='ocrx_word' id='word_1_645' title='bbox 1555 1952 1591 1979; x_wconf 89' lang='lat' dir='ltr'><strong>De</strong></span> <span class='ocrx_word' id='word_1_646' title='bbox 1610 1953 1676 1984; x_wconf 80' lang='lat' dir='ltr'><strong>solis</strong></span> 
     </span>
    </p>
   </div>
   <div class='ocr_carea' id='block_1_88' title="bbox 891 1997 1675 2032">
    <p class='ocr_par' dir='ltr' id='par_1_88' title="bbox 891 1997 1675 2032">
     <span class='ocr_line' id='line_1_88' title="bbox 891 1997 1675 2032; baseline 0.001 -9"><span class='ocrx_word' id='word_1_647' title='bbox 891 1998 1060 2030; x_wconf 62' lang='lat' dir='ltr'><strong>praestantia,</strong></span> <span class='ocrx_word' id='word_1_648' title='bbox 1081 1997 1230 2032; x_wconf 83' lang='lat' dir='ltr'><strong>dignitate.</strong></span> <span class='ocrx_word' id='word_1_649' title='bbox 1256 1999 1281 2024; x_wconf 78' lang='lat' dir='ltr'><strong>vi</strong></span> <span class='ocrx_word' id='word_1_650' title='bbox 1309 1997 1481 2028; x_wconf 86' lang='lat' dir='ltr'><strong>admiranda,</strong></span> <span class='ocrx_word' id='word_1_651' title='bbox 1506 2002 1532 2024; x_wconf 84' lang='lat' dir='ltr'><strong>et</strong></span> <span class='ocrx_word' id='word_1_652' title='bbox 1557 1998 1675 2032; x_wconf 87' lang='lat' dir='ltr'><strong>potentia</strong></span> 
     </span>
    </p>
   </div>
   <div class='ocr_carea' id='block_1_89' title="bbox 890 2042 1675 2079">
    <p class='ocr_par' dir='ltr' id='par_1_89' title="bbox 890 2042 1675 2079">
     <span class='ocr_line' id='line_1_89' title="bbox 890 2042 1675 2079; baseline -0.001 -9"><span class='ocrx_word' id='word_1_653' title='bbox 890 2043 1039 2079; x_wconf 85' lang='lat' dir='ltr'><strong>Dionysius</strong></span> <span class='ocrx_word' id='word_1_654' title='bbox 1056 2044 1220 2078; x_wconf 81' lang='lat' dir='ltr'><strong>Areopagita</strong></span> <span class='ocrx_word' id='word_1_655' title='bbox 1238 2043 1276 2070; x_wconf 87' lang='lat' dir='ltr'><strong>De</strong></span> <span class='ocrx_word' id='word_1_656' title='bbox 1290 2044 1371 2070; x_wconf 78' lang='lat' dir='ltr'><strong>dit-in.</strong></span> <span class='ocrx_word' id='word_1_657' title='bbox 1388 2042 1548 2075; x_wconf 88' lang='lat' dir='ltr'><strong>nominibus,</strong></span> <span class='ocrx_word' id='word_1_658' title='bbox 1563 2050 1624 2078; x_wconf 90' lang='lat' dir='ltr'><strong>cap.</strong></span> <span class='ocrx_word' id='word_1_659' title='bbox 1642 2043 1675 2075; x_wconf 65' lang='lat'><strong>4;</strong></span> 
     </span>
    </p>
   </div>
   <div class='ocr_carea' id='block_1_90' title="bbox 889 2087 1675 2124">
    <p class='ocr_par' dir='ltr' id='par_1_90' title="bbox 889 2087 1675 2124">
     <span class='ocr_line' id='line_1_90' title="bbox 889 2087 1675 2124; baseline -0.005 -7"><span class='ocrx_word' id='word_1_660' title='bbox 889 2089 1014 2117; x_wconf 78' lang='lat' dir='ltr'><strong>Julianus</strong></span> <span class='ocrx_word' id='word_1_661' title='bbox 1027 2089 1167 2124; x_wconf 78' lang='lat' dir='ltr'><strong>Apostata,</strong></span> <span class='ocrx_word' id='word_1_662' title='bbox 1177 2088 1312 2124; x_wconf 76' lang='lat' dir='ltr'><strong>Orpheus,</strong></span> <span class='ocrx_word' id='word_1_663' title='bbox 1326 2089 1449 2120; x_wconf 81' lang='lat' dir='ltr'><strong>l&#39;roclus,</strong></span> <span class='ocrx_word' id='word_1_664' title='bbox 1463 2087 1572 2123; x_wconf 84' lang='lat' dir='ltr'><strong>Lycius.</strong></span> <span class='ocrx_word' id='word_1_665' title='bbox 1583 2089 1675 2122; x_wconf 84' lang='lat' dir='ltr'><strong>liymn.</strong></span> 
     </span>
    </p>
   </div>
   <div class='ocr_carea' id='block_1_91' title="bbox 890 2134 1675 2170">
    <p class='ocr_par' dir='ltr' id='par_1_91' title="bbox 890 2134 1675 2170">
     <span class='ocr_line' id='line_1_91' title="bbox 890 2134 1675 2170; baseline -0.004 -7"><span class='ocrx_word' id='word_1_666' title='bbox 890 2135 918 2162; x_wconf 88' lang='lat' dir='ltr'><strong>in</strong></span> <span class='ocrx_word' id='word_1_667' title='bbox 944 2136 1042 2168; x_wconf 89' lang='lat' dir='ltr'><strong>solem,</strong></span> <span class='ocrx_word' id='word_1_668' title='bbox 1065 2135 1171 2162; x_wconf 85' lang='lat' dir='ltr'><strong>Plinius</strong></span> <span class='ocrx_word' id='word_1_669' title='bbox 1191 2135 1229 2162; x_wconf 77' lang='lat' dir='ltr'><strong>lib</strong></span> <span class='ocrx_word' id='word_1_670' title='bbox 1260 2143 1291 2165; x_wconf 89' lang='lat' dir='ltr'><strong>ll,</strong></span> <span class='ocrx_word' id='word_1_671' title='bbox 1313 2143 1373 2170; x_wconf 85' lang='lat' dir='ltr'><strong>cap.</strong></span> <span class='ocrx_word' id='word_1_672' title='bbox 1400 2135 1428 2167; x_wconf 88' lang='lat'><strong>6,</strong></span> <span class='ocrx_word' id='word_1_673' title='bbox 1448 2134 1651 2170; x_wconf 84' lang='lat' dir='ltr'><strong>elegantissime</strong></span> <span class='ocrx_word' id='word_1_674' title='bbox 1669 2142 1675 2147; x_wconf 86' lang='lat'>&#39;</span> 
     </span>
    </p>
   </div>
   <div class='ocr_carea' id='block_1_92' title="bbox 61 2176 1676 2219">
    <p class='ocr_par' dir='ltr' id='par_1_92' title="bbox 61 2176 1676 2219">
     <span class='ocr_line' id='line_1_92' title="bbox 61 2176 1676 2219; baseline -0.001 -11"><span class='ocrx_word' id='word_1_675' title='bbox 61 2190 110 2216; x_wconf 88' lang='lat' dir='ltr'><strong>quo</strong></span> <span class='ocrx_word' id='word_1_676' title='bbox 121 2183 280 2210; x_wconf 86' lang='lat' dir='ltr'><strong>naturaliter</strong></span> <span class='ocrx_word' id='word_1_677' title='bbox 294 2184 429 2214; x_wconf 89' lang='lat' dir='ltr'><strong>trahatur,</strong></span> <span class='ocrx_word' id='word_1_678' title='bbox 439 2183 764 2219; x_wconf 81' lang='lat' dir='ltr'><strong>modiﬁcatum.Namque</strong></span> <span class='ocrx_word' id='word_1_679' title='bbox 774 2193 842 2212; x_wconf 78' lang='lat' dir='ltr'><strong>cum.</strong></span> <span class='ocrx_word' id='word_1_680' title='bbox 855 2184 874 2210; x_wconf 93' lang='lat' dir='ltr'><strong>D</strong></span> <span class='ocrx_word' id='word_1_681' title='bbox 891 2182 990 2209; x_wconf 80' lang='lat' dir='ltr'><strong>Eorum</strong></span> <span class='ocrx_word' id='word_1_682' title='bbox 1008 2182 1108 2208; x_wconf 83' lang='lat' dir='ltr'><strong>medius</strong></span> <span class='ocrx_word' id='word_1_683' title='bbox 1117 2176 1259 2215; x_wconf 75' lang='lat' dir='ltr'><strong>solfertur,</strong></span> <span class='ocrx_word' id='word_1_684' title='bbox 1279 2181 1443 2215; x_wconf 82' lang='lat' dir='ltr'><strong>amplissima</strong></span> <span class='ocrx_word' id='word_1_685' title='bbox 1452 2179 1632 2215; x_wconf 78' lang='lat' dir='ltr'><strong>magnitudine</strong></span> <span class='ocrx_word' id='word_1_686' title='bbox 1646 2188 1676 2206; x_wconf 70' lang='lat' dir='ltr'><strong>ac</strong></span> 
     </span>
    </p>
   </div>
   <div class='ocr_carea' id='block_1_93' title="bbox 61 2226 837 2263">
    <p class='ocr_par' dir='ltr' id='par_1_93' title="bbox 61 2226 837 2263">
     <span class='ocr_line' id='line_1_93' title="bbox 61 2226 837 2263; baseline 0.001 -10"><span class='ocrx_word' id='word_1_687' title='bbox 61 2226 126 2254; x_wconf 90' lang='lat' dir='ltr'><strong>inter</strong></span> <span class='ocrx_word' id='word_1_688' title='bbox 141 2228 312 2255; x_wconf 85' lang='lat' dir='ltr'><strong>alimentaria</strong></span> <span class='ocrx_word' id='word_1_689' title='bbox 329 2235 445 2263; x_wconf 89' lang='lat' dir='ltr'><strong>corpora</strong></span> <span class='ocrx_word' id='word_1_690' title='bbox 465 2228 573 2263; x_wconf 83' lang='lat' dir='ltr'><strong>igneum</strong></span> <span class='ocrx_word' id='word_1_691' title='bbox 591 2228 679 2256; x_wconf 90' lang='lat' dir='ltr'><strong>solum</strong></span> <span class='ocrx_word' id='word_1_692' title='bbox 697 2228 837 2255; x_wconf 76' lang='lat' dir='ltr'><strong>caelestem</strong></span> 
     </span>
    </p>
   </div>
   <div class='ocr_carea' id='block_1_94' title="bbox 62 2272 833 2309">
    <p class='ocr_par' dir='ltr' id='par_1_94' title="bbox 62 2272 833 2309">
     <span class='ocr_line' id='line_1_94' title="bbox 62 2272 833 2309; baseline 0.003 -11"><span class='ocrx_word' id='word_1_693' title='bbox 62 2272 175 2300; x_wconf 80' lang='lat' dir='ltr'><strong>imitatur</strong></span> <span class='ocrx_word' id='word_1_694' title='bbox 199 2274 344 2308; x_wconf 76' lang='lat' dir='ltr'><strong>fulgorem,</strong></span> <span class='ocrx_word' id='word_1_695' title='bbox 367 2275 456 2309; x_wconf 84' lang='lat' dir='ltr'><strong>ipsum</strong></span> <span class='ocrx_word' id='word_1_696' title='bbox 473 2282 539 2301; x_wconf 87' lang='lat' dir='ltr'><strong>vero</strong></span> <span class='ocrx_word' id='word_1_697' title='bbox 561 2274 598 2300; x_wconf 78' lang='lat' dir='ltr'><strong>ita</strong></span> <span class='ocrx_word' id='word_1_698' title='bbox 620 2278 650 2300; x_wconf 91' lang='lat' dir='ltr'><strong>ut</strong></span> <span class='ocrx_word' id='word_1_699' title='bbox 663 2273 774 2308; x_wconf 88' lang='lat' dir='ltr'><strong>plurimi</strong></span> <span class='ocrx_word' id='word_1_700' title='bbox 793 2281 833 2300; x_wconf 86' lang='lat' dir='ltr'><strong>ve-</strong></span> 
     </span>
    </p>
   </div>
   <div class='ocr_carea' id='block_1_95' title="bbox 60 2319 838 2355">
    <p class='ocr_par' dir='ltr' id='par_1_95' title="bbox 60 2319 838 2355">
     <span class='ocr_line' id='line_1_95' title="bbox 60 2319 838 2355; baseline 0.001 -11"><span class='ocrx_word' id='word_1_701' title='bbox 60 2323 142 2346; x_wconf 87' lang='lat' dir='ltr'><strong>terum</strong></span> <span class='ocrx_word' id='word_1_702' title='bbox 160 2320 395 2355; x_wconf 85' lang='lat' dir='ltr'><strong>philosophorum,</strong></span> <span class='ocrx_word' id='word_1_703' title='bbox 411 2320 446 2347; x_wconf 86' lang='lat' dir='ltr'><strong>ob</strong></span> <span class='ocrx_word' id='word_1_704' title='bbox 462 2327 521 2347; x_wconf 88' lang='lat' dir='ltr'><strong>eam</strong></span> <span class='ocrx_word' id='word_1_705' title='bbox 541 2319 746 2347; x_wconf 86' lang='lat' dir='ltr'><strong>similitudinem</strong></span> <span class='ocrx_word' id='word_1_706' title='bbox 764 2322 838 2346; x_wconf 84' lang='lat' dir='ltr'><strong>astra</strong></span> 
     </span>
    </p>
   </div>
   <div class='ocr_carea' id='block_1_96' title="bbox 60 2365 837 2401">
    <p class='ocr_par' dir='ltr' id='par_1_96' title="bbox 60 2365 837 2401">
     <span class='ocr_line' id='line_1_96' title="bbox 60 2365 837 2401; baseline 0 -11"><span class='ocrx_word' id='word_1_707' title='bbox 60 2365 131 2399; x_wconf 88' lang='lat' dir='ltr'><strong>ignea</strong></span> <span class='ocrx_word' id='word_1_708' title='bbox 147 2374 207 2394; x_wconf 87' lang='lat' dir='ltr'><strong>esse</strong></span> <span class='ocrx_word' id='word_1_709' title='bbox 225 2366 358 2401; x_wconf 81' lang='lat' dir='ltr'><strong>suspicati</strong></span> <span class='ocrx_word' id='word_1_710' title='bbox 384 2365 439 2393; x_wconf 88' lang='lat' dir='ltr'><strong>sint</strong></span> <span class='ocrx_word' id='word_1_711' title='bbox 450 2385 457 2397; x_wconf 95' lang='lat'><strong>,</strong></span> <span class='ocrx_word' id='word_1_712' title='bbox 473 2365 502 2392; x_wconf 92' lang='lat' dir='ltr'><strong>lit</strong></span> <span class='ocrx_word' id='word_1_713' title='bbox 517 2365 594 2392; x_wconf 83' lang='lat' dir='ltr'><strong>valde</strong></span> <span class='ocrx_word' id='word_1_714' title='bbox 612 2369 837 2396; x_wconf 85' lang='lat' dir='ltr'><strong>consentaneum,</strong></span> 
     </span>
    </p>
   </div>
   <div class='ocr_carea' id='block_1_97' title="bbox 60 2410 838 2445">
    <p class='ocr_par' dir='ltr' id='par_1_97' title="bbox 60 2410 838 2445">
     <span class='ocr_line' id='line_1_97' title="bbox 60 2410 838 2445; baseline 0.001 -9"><span class='ocrx_word' id='word_1_715' title='bbox 60 2415 86 2436; x_wconf 91' lang='lat' dir='ltr'><strong>ut</strong></span> <span class='ocrx_word' id='word_1_716' title='bbox 102 2411 289 2439; x_wconf 84' lang='lat' dir='ltr'><strong>similitudinis</strong></span> <span class='ocrx_word' id='word_1_717' title='bbox 315 2411 389 2438; x_wconf 85' lang='lat' dir='ltr'><strong>illius</strong></span> <span class='ocrx_word' id='word_1_718' title='bbox 413 2419 496 2440; x_wconf 83' lang='lat' dir='ltr'><strong>causa</strong></span> <span class='ocrx_word' id='word_1_719' title='bbox 522 2411 602 2438; x_wconf 84' lang='lat' dir='ltr'><strong>facile</strong></span> <span class='ocrx_word' id='word_1_720' title='bbox 617 2411 743 2438; x_wconf 90' lang='lat' dir='ltr'><strong>trahatur</strong></span> <span class='ocrx_word' id='word_1_721' title='bbox 767 2410 838 2445; x_wconf 80' lang='lat' dir='ltr'><strong>ignis</strong></span> 
     </span>
    </p>
   </div>
   <div class='ocr_carea' id='block_1_98' title="bbox 60 2456 837 2493">
    <p class='ocr_par' dir='ltr' id='par_1_98' title="bbox 60 2456 837 2493">
     <span class='ocr_line' id='line_1_98' title="bbox 60 2456 837 2493; baseline -0.001 -10"><span class='ocrx_word' id='word_1_722' title='bbox 60 2457 158 2485; x_wconf 72' lang='lat' dir='ltr'><strong>coelesti</strong></span> <span class='ocrx_word' id='word_1_723' title='bbox 184 2458 297 2491; x_wconf 89' lang='lat' dir='ltr'><strong>lumine,</strong></span> <span class='ocrx_word' id='word_1_724' title='bbox 323 2458 396 2493; x_wconf 84' lang='lat' dir='ltr'><strong>quod</strong></span> <span class='ocrx_word' id='word_1_725' title='bbox 422 2459 504 2485; x_wconf 79' lang='lat' dir='ltr'><strong>etiam</strong></span> <span class='ocrx_word' id='word_1_726' title='bbox 533 2457 676 2492; x_wconf 84' lang='lat' dir='ltr'><strong>vestigium</strong></span> <span class='ocrx_word' id='word_1_727' title='bbox 702 2456 837 2491; x_wconf 89' lang='lat' dir='ltr'><strong>quoddam</strong></span> 
     </span>
    </p>
   </div>
   <div class='ocr_carea' id='block_1_99' title="bbox 60 2501 838 2539">
    <p class='ocr_par' dir='ltr' id='par_1_99' title="bbox 60 2501 838 2539">
     <span class='ocr_line' id='line_1_99' title="bbox 60 2501 838 2539; baseline 0 -11"><span class='ocrx_word' id='word_1_728' title='bbox 60 2501 204 2531; x_wconf 80' lang='lat' dir='ltr'><strong>divinitatis</strong></span> <span class='ocrx_word' id='word_1_729' title='bbox 219 2504 279 2538; x_wconf 90' lang='lat' dir='ltr'><strong>ejus</strong></span> <span class='ocrx_word' id='word_1_730' title='bbox 294 2504 419 2539; x_wconf 89' lang='lat' dir='ltr'><strong>corporis</strong></span> <span class='ocrx_word' id='word_1_731' title='bbox 436 2507 487 2530; x_wconf 85' lang='lat' dir='ltr'><strong>est.</strong></span> <span class='ocrx_word' id='word_1_732' title='bbox 501 2502 529 2530; x_wconf 91' lang='lat' dir='ltr'><strong>Si</strong></span> <span class='ocrx_word' id='word_1_733' title='bbox 548 2503 625 2538; x_wconf 82' lang='lat' dir='ltr'><strong>plura</strong></span> <span class='ocrx_word' id='word_1_734' title='bbox 643 2502 732 2538; x_wconf 88' lang='lat' dir='ltr'><strong>cupis,</strong></span> <span class='ocrx_word' id='word_1_735' title='bbox 749 2502 838 2529; x_wconf 87' lang='lat' dir='ltr'><strong>adesis</strong></span> 
     </span>
    </p>
   </div>
   <div class='ocr_carea' id='block_1_100' title="bbox 61 2546 837 2583">
    <p class='ocr_par' dir='ltr' id='par_1_100' title="bbox 61 2546 837 2583">
     <span class='ocr_line' id='line_1_100' title="bbox 61 2546 837 2583; baseline 0 -10"><span class='ocrx_word' id='word_1_736' title='bbox 61 2546 230 2576; x_wconf 74' lang='lat' dir='ltr'><strong>Franciscum</strong></span> <span class='ocrx_word' id='word_1_737' title='bbox 249 2549 385 2577; x_wconf 82' lang='lat' dir='ltr'><strong>Valesium</strong></span> <span class='ocrx_word' id='word_1_738' title='bbox 401 2549 439 2576; x_wconf 79' lang='lat' dir='ltr'><strong>De</strong></span> <span class='ocrx_word' id='word_1_739' title='bbox 450 2557 527 2575; x_wconf 84' lang='lat' dir='ltr'><strong>sacra</strong></span> <span class='ocrx_word' id='word_1_740' title='bbox 546 2548 721 2583; x_wconf 84' lang='lat' dir='ltr'><strong>philosophia,</strong></span> <span class='ocrx_word' id='word_1_741' title='bbox 734 2555 794 2582; x_wconf 85' lang='lat' dir='ltr'><strong>cap.</strong></span> <span class='ocrx_word' id='word_1_742' title='bbox 813 2548 837 2573; x_wconf 87' lang='lat' dir='ltr'><strong>l.</strong></span> 
     </span>
    </p>
   </div>
   <div class='ocr_carea' id='block_1_101' title="bbox 61 2592 838 2630">
    <p class='ocr_par' dir='ltr' id='par_1_101' title="bbox 61 2592 838 2630">
     <span class='ocr_line' id='line_1_101' title="bbox 61 2592 838 2630; baseline -0.001 -10"><span class='ocrx_word' id='word_1_743' title='bbox 61 2592 175 2630; x_wconf 86' lang='lat' dir='ltr'><strong>Denique</strong></span> <span class='ocrx_word' id='word_1_744' title='bbox 191 2596 327 2623; x_wconf 85' lang='lat' dir='ltr'><strong>sententia</strong></span> <span class='ocrx_word' id='word_1_745' title='bbox 348 2599 391 2622; x_wconf 87' lang='lat' dir='ltr'><strong>est</strong></span> <span class='ocrx_word' id='word_1_746' title='bbox 414 2595 672 2630; x_wconf 82' lang='lat' dir='ltr'><strong>Peripateticorum,</strong></span> <span class='ocrx_word' id='word_1_747' title='bbox 695 2595 778 2622; x_wconf 88' lang='lat' dir='ltr'><strong>solem</strong></span> <span class='ocrx_word' id='word_1_748' title='bbox 792 2602 838 2628; x_wconf 76' lang='lat' dir='ltr'><strong>per</strong></span> 
     </span>
    </p>
   </div>
   <div class='ocr_carea' id='block_1_102' title="bbox 61 2639 839 2675">
    <p class='ocr_par' dir='ltr' id='par_1_102' title="bbox 61 2639 839 2675">
     <span class='ocr_line' id='line_1_102' title="bbox 61 2639 839 2675; baseline 0 -9"><span class='ocrx_word' id='word_1_749' title='bbox 61 2640 145 2668; x_wconf 85' lang='lat' dir='ltr'><strong>lumen</strong></span> <span class='ocrx_word' id='word_1_750' title='bbox 163 2642 250 2669; x_wconf 84' lang='lat' dir='ltr'><strong>facere</strong></span> <span class='ocrx_word' id='word_1_751' title='bbox 265 2646 320 2668; x_wconf 83' lang='lat' dir='ltr'><strong>tam</strong></span> <span class='ocrx_word' id='word_1_752' title='bbox 334 2642 465 2671; x_wconf 83' lang='lat' dir='ltr'><strong>calorem,</strong></span> <span class='ocrx_word' id='word_1_753' title='bbox 489 2645 544 2667; x_wconf 91' lang='lat' dir='ltr'><strong>tam</strong></span> <span class='ocrx_word' id='word_1_754' title='bbox 563 2641 661 2675; x_wconf 85' lang='lat' dir='ltr'><strong>frigus,</strong></span> <span class='ocrx_word' id='word_1_755' title='bbox 677 2639 783 2667; x_wconf 83' lang='lat' dir='ltr'><strong>diversa</strong></span> <span class='ocrx_word' id='word_1_756' title='bbox 797 2643 839 2666; x_wconf 84' lang='lat' dir='ltr'><strong>ta-</strong></span> 
     </span>
    </p>
   </div>
   <div class='ocr_carea' id='block_1_103' title="bbox 61 2687 839 2723">
    <p class='ocr_par' dir='ltr' id='par_1_103' title="bbox 61 2687 839 2723">
     <span class='ocr_line' id='line_1_103' title="bbox 61 2687 839 2723; baseline -0.001 -10"><span class='ocrx_word' id='word_1_757' title='bbox 61 2694 118 2714; x_wconf 89' lang='lat' dir='ltr'><strong>men</strong></span> <span class='ocrx_word' id='word_1_758' title='bbox 139 2689 254 2720; x_wconf 88' lang='lat' dir='ltr'><strong>ratione,</strong></span> <span class='ocrx_word' id='word_1_759' title='bbox 274 2689 349 2715; x_wconf 92' lang='lat' dir='ltr'><strong>illum</strong></span> <span class='ocrx_word' id='word_1_760' title='bbox 365 2688 474 2723; x_wconf 87' lang='lat' dir='ltr'><strong>quidem</strong></span> <span class='ocrx_word' id='word_1_761' title='bbox 493 2695 540 2722; x_wconf 88' lang='lat' dir='ltr'><strong>per</strong></span> <span class='ocrx_word' id='word_1_762' title='bbox 561 2695 599 2719; x_wconf 90' lang='lat' dir='ltr'><strong>se,</strong></span> <span class='ocrx_word' id='word_1_763' title='bbox 617 2687 668 2714; x_wconf 90' lang='lat' dir='ltr'><strong>hoe</strong></span> <span class='ocrx_word' id='word_1_764' title='bbox 686 2690 776 2714; x_wconf 85' lang='lat' dir='ltr'><strong>autem</strong></span> <span class='ocrx_word' id='word_1_765' title='bbox 792 2694 839 2721; x_wconf 87' lang='lat' dir='ltr'><strong>per</strong></span> 
     </span>
    </p>
   </div>
   <div class='ocr_carea' id='block_1_104' title="bbox 62 2733 838 2769">
    <p class='ocr_par' dir='ltr' id='par_1_104' title="bbox 62 2733 838 2769">
     <span class='ocr_line' id='line_1_104' title="bbox 62 2733 838 2769; baseline 0 -10"><span class='ocrx_word' id='word_1_766' title='bbox 62 2733 197 2768; x_wconf 81' lang='lat' dir='ltr'><strong>accidens;</strong></span> <span class='ocrx_word' id='word_1_767' title='bbox 216 2743 278 2762; x_wconf 84' lang='lat' dir='ltr'><strong>nam</strong></span> <span class='ocrx_word' id='word_1_768' title='bbox 305 2734 449 2769; x_wconf 67' lang='lat' dir='ltr'><strong>praesentia</strong></span> <span class='ocrx_word' id='word_1_769' title='bbox 473 2734 584 2760; x_wconf 82' lang='lat' dir='ltr'><strong>luminis</strong></span> <span class='ocrx_word' id='word_1_770' title='bbox 612 2733 677 2760; x_wconf 85' lang='lat' dir='ltr'><strong>facit</strong></span> <span class='ocrx_word' id='word_1_771' title='bbox 705 2733 838 2763; x_wconf 79' lang='lat' dir='ltr'><strong>calorem,</strong></span> 
     </span>
    </p>
   </div>
   <div class='ocr_carea' id='block_1_105' title="bbox 62 2779 839 2816">
    <p class='ocr_par' dir='ltr' id='par_1_105' title="bbox 62 2779 839 2816">
     <span class='ocr_line' id='line_1_105' title="bbox 62 2779 839 2816; baseline 0 -13"><span class='ocrx_word' id='word_1_772' title='bbox 62 2779 177 2807; x_wconf 83' lang='lat' dir='ltr'><strong>absentia</strong></span> <span class='ocrx_word' id='word_1_773' title='bbox 204 2789 268 2809; x_wconf 84' lang='lat' dir='ltr'><strong>vero</strong></span> <span class='ocrx_word' id='word_1_774' title='bbox 288 2782 461 2816; x_wconf 83' lang='lat' dir='ltr'><strong>frigus-.quo</strong></span> <span class='ocrx_word' id='word_1_775' title='bbox 484 2779 556 2807; x_wconf 89' lang='lat' dir='ltr'><strong>enim</strong></span> <span class='ocrx_word' id='word_1_776' title='bbox 579 2779 669 2806; x_wconf 88' lang='lat' dir='ltr'><strong>lumen</strong></span> <span class='ocrx_word' id='word_1_777' title='bbox 693 2779 770 2810; x_wconf 82' lang='lat' dir='ltr'><strong>solis.</strong></span> <span class='ocrx_word' id='word_1_778' title='bbox 793 2782 839 2804; x_wconf 87' lang='lat' dir='ltr'><strong>aut</strong></span> 
     </span>
    </p>
   </div>
   <div class='ocr_carea' id='block_1_106' title="bbox 67 2825 838 2862">
    <p class='ocr_par' dir='ltr' id='par_1_106' title="bbox 67 2825 838 2862">
     <span class='ocr_line' id='line_1_106' title="bbox 67 2825 838 2862; baseline 0 -11"><span class='ocrx_word' id='word_1_779' title='bbox 67 2826 137 2853; x_wconf 83' lang='lat' dir='ltr'><strong>nullo</strong></span> <span class='ocrx_word' id='word_1_780' title='bbox 155 2827 233 2855; x_wconf 65' lang='lat' dir='ltr'><strong>modo</strong></span> <span class='ocrx_word' id='word_1_781' title='bbox 262 2831 307 2852; x_wconf 70' lang='grc' dir='ltr'><strong>’διεί</strong></span> <span class='ocrx_word' id='word_1_782' title='bbox 325 2828 443 2855; x_wconf 89' lang='lat' dir='ltr'><strong>tenuiter</strong></span> <span class='ocrx_word' id='word_1_783' title='bbox 459 2825 596 2862; x_wconf 77' lang='lat' dir='ltr'><strong>pertingit,</strong></span> <span class='ocrx_word' id='word_1_784' title='bbox 616 2825 681 2852; x_wconf 86' lang='lat' dir='ltr'><strong>inibi</strong></span> <span class='ocrx_word' id='word_1_785' title='bbox 698 2825 785 2862; x_wconf 87' lang='lat' dir='ltr'><strong>frigus</strong></span> <span class='ocrx_word' id='word_1_786' title='bbox 800 2825 838 2851; x_wconf 77' lang='lat' dir='ltr'><strong>vi-</strong></span> 
     </span>
    </p>
   </div>
   <div class='ocr_carea' id='block_1_107' title="bbox 887 2226 1675 2263">
    <p class='ocr_par' dir='ltr' id='par_1_107' title="bbox 887 2226 1675 2263">
     <span class='ocr_line' id='line_1_107' title="bbox 887 2226 1675 2263; baseline -0.003 -8"><span class='ocrx_word' id='word_1_787' title='bbox 887 2234 1015 2263; x_wconf 75' lang='lat' dir='ltr'><strong>potestate</strong></span> <span class='ocrx_word' id='word_1_788' title='bbox 1027 2237 1036 2255; x_wconf 92' lang='lat'><strong><em>:</em></strong></span> <span class='ocrx_word' id='word_1_789' title='bbox 1048 2236 1093 2255; x_wconf 82' lang='lat' dir='ltr'><strong>nec</strong></span> <span class='ocrx_word' id='word_1_790' title='bbox 1103 2233 1246 2262; x_wconf 87' lang='lat' dir='ltr'><strong>temporum</strong></span> <span class='ocrx_word' id='word_1_791' title='bbox 1258 2227 1344 2260; x_wconf 86' lang='lat' dir='ltr'><strong>modo,</strong></span> <span class='ocrx_word' id='word_1_792' title='bbox 1355 2233 1544 2262; x_wconf 84' lang='lat' dir='ltr'><strong>terrarumque,</strong></span> <span class='ocrx_word' id='word_1_793' title='bbox 1554 2226 1599 2252; x_wconf 83' lang='lat' dir='ltr'><strong>sed</strong></span> <span class='ocrx_word' id='word_1_794' title='bbox 1606 2226 1675 2253; x_wconf 80' lang='lat' dir='ltr'><strong>side—</strong></span> 
     </span>
    </p>
   </div>
   <div class='ocr_carea' id='block_1_108' title="bbox 889 2272 1675 2308">
    <p class='ocr_par' dir='ltr' id='par_1_108' title="bbox 889 2272 1675 2308">
     <span class='ocr_line' id='line_1_108' title="bbox 889 2272 1675 2308; baseline -0.001 -8"><span class='ocrx_word' id='word_1_795' title='bbox 889 2283 947 2301; x_wconf 88' lang='lat' dir='ltr'><strong>rum</strong></span> <span class='ocrx_word' id='word_1_796' title='bbox 958 2275 1037 2301; x_wconf 81' lang='lat' dir='ltr'><strong>etiam</strong></span> <span class='ocrx_word' id='word_1_797' title='bbox 1052 2275 1168 2308; x_wconf 86' lang='lat' dir='ltr'><strong>ipsorum</strong></span> <span class='ocrx_word' id='word_1_798' title='bbox 1188 2272 1294 2308; x_wconf 73' lang='lat' dir='ltr'><strong>aa’lique</strong></span> <span class='ocrx_word' id='word_1_799' title='bbox 1315 2278 1410 2299; x_wconf 81' lang='lat' dir='ltr'><strong>rector.</strong></span> <span class='ocrx_word' id='word_1_800' title='bbox 1425 2272 1502 2298; x_wconf 86' lang='lat' dir='ltr'><strong>Ilunc</strong></span> <span class='ocrx_word' id='word_1_801' title='bbox 1513 2272 1604 2299; x_wconf 86' lang='lat' dir='ltr'><strong>mundi</strong></span> <span class='ocrx_word' id='word_1_802' title='bbox 1618 2280 1675 2299; x_wconf 72' lang='lat' dir='ltr'><strong>esse</strong></span> 
     </span>
    </p>
   </div>
   <div class='ocr_carea' id='block_1_109' title="bbox 890 2317 1675 2354">
    <p class='ocr_par' dir='ltr' id='par_1_109' title="bbox 890 2317 1675 2354">
     <span class='ocr_line' id='line_1_109' title="bbox 890 2317 1675 2354; baseline -0.004 -8"><span class='ocrx_word' id='word_1_803' title='bbox 890 2320 969 2347; x_wconf 83' lang='lat' dir='ltr'><strong>totius</strong></span> <span class='ocrx_word' id='word_1_804' title='bbox 987 2320 1114 2351; x_wconf 86' lang='lat' dir='ltr'><strong>animum,</strong></span> <span class='ocrx_word' id='word_1_805' title='bbox 1132 2328 1165 2346; x_wconf 76' lang='lat' dir='ltr'><strong>ac</strong></span> <span class='ocrx_word' id='word_1_806' title='bbox 1178 2319 1283 2354; x_wconf 82' lang='lat' dir='ltr'><strong>planius</strong></span> <span class='ocrx_word' id='word_1_807' title='bbox 1304 2323 1436 2344; x_wconf 77' lang='lat' dir='ltr'><strong>mentem:</strong></span> <span class='ocrx_word' id='word_1_808' title='bbox 1452 2317 1519 2344; x_wconf 82' lang='lat' dir='ltr'><strong>hunc</strong></span> <span class='ocrx_word' id='word_1_809' title='bbox 1530 2317 1675 2352; x_wconf 75' lang='lat' dir='ltr'><strong>principale</strong></span> 
     </span>
    </p>
   </div>
   <div class='ocr_carea' id='block_1_110' title="bbox 890 2364 1674 2400">
    <p class='ocr_par' dir='ltr' id='par_1_110' title="bbox 890 2364 1674 2400">
     <span class='ocr_line' id='line_1_110' title="bbox 890 2364 1674 2400; baseline -0.004 -8"><span class='ocrx_word' id='word_1_810' title='bbox 890 2370 994 2392; x_wconf 68' lang='lat' dir='ltr'><strong>natura?</strong></span> <span class='ocrx_word' id='word_1_811' title='bbox 1009 2366 1123 2400; x_wconf 78' lang='lat' dir='ltr'><strong>regimen</strong></span> <span class='ocrx_word' id='word_1_812' title='bbox 1146 2374 1177 2391; x_wconf 86' lang='lat' dir='ltr'><strong>ac</strong></span> <span class='ocrx_word' id='word_1_813' title='bbox 1191 2373 1285 2392; x_wconf 87' lang='lat' dir='ltr'><strong>numen</strong></span> <span class='ocrx_word' id='word_1_814' title='bbox 1301 2364 1404 2391; x_wconf 81' lang='lat' dir='ltr'><strong>credere</strong></span> <span class='ocrx_word' id='word_1_815' title='bbox 1418 2364 1501 2394; x_wconf 58' lang='lat' dir='ltr'><strong>decet,</strong></span> <span class='ocrx_word' id='word_1_816' title='bbox 1523 2371 1599 2397; x_wconf 78' lang='lat' dir='ltr'><strong>opera</strong></span> <span class='ocrx_word' id='word_1_817' title='bbox 1617 2365 1674 2397; x_wconf 71' lang='lat' dir='ltr'><strong>ejus</strong></span> 
     </span>
    </p>
   </div>
   <div class='ocr_carea' id='block_1_111' title="bbox 891 2409 1673 2444">
    <p class='ocr_par' dir='ltr' id='par_1_111' title="bbox 891 2409 1673 2444">
     <span class='ocr_line' id='line_1_111' title="bbox 891 2409 1673 2444; baseline -0.004 -5"><span class='ocrx_word' id='word_1_818' title='bbox 891 2413 1063 2439; x_wconf 74' lang='lat' dir='ltr'><strong>wstimantes.</strong></span> <span class='ocrx_word' id='word_1_819' title='bbox 1093 2411 1144 2438; x_wconf 80' lang='lat' dir='ltr'><strong>Hic</strong></span> <span class='ocrx_word' id='word_1_820' title='bbox 1165 2412 1248 2438; x_wconf 86' lang='lat' dir='ltr'><strong>lucem</strong></span> <span class='ocrx_word' id='word_1_821' title='bbox 1278 2411 1354 2438; x_wconf 81' lang='lat' dir='ltr'><strong>rebus</strong></span> <span class='ocrx_word' id='word_1_822' title='bbox 1379 2411 1512 2437; x_wconf 88' lang='lat' dir='ltr'><strong>ministrat</strong></span> <span class='ocrx_word' id='word_1_823' title='bbox 1540 2409 1673 2444; x_wconf 76' lang='lat' dir='ltr'><strong>aufertque</strong></span> 
     </span>
    </p>
   </div>
   <div class='ocr_carea' id='block_1_112' title="bbox 890 2457 1673 2494">
    <p class='ocr_par' dir='ltr' id='par_1_112' title="bbox 890 2457 1673 2494">
     <span class='ocr_line' id='line_1_112' title="bbox 890 2457 1673 2494; baseline -0.005 -8"><span class='ocrx_word' id='word_1_824' title='bbox 890 2460 1024 2491; x_wconf 81' lang='lat' dir='ltr'><strong>tenebras;</strong></span> <span class='ocrx_word' id='word_1_825' title='bbox 1036 2459 1077 2486; x_wconf 81' lang='lat' dir='ltr'><strong>hic</strong></span> <span class='ocrx_word' id='word_1_826' title='bbox 1096 2459 1197 2494; x_wconf 89' lang='lat' dir='ltr'><strong>reliqua</strong></span> <span class='ocrx_word' id='word_1_827' title='bbox 1210 2458 1298 2485; x_wconf 78' lang='lat' dir='ltr'><strong>sidera</strong></span> <span class='ocrx_word' id='word_1_828' title='bbox 1315 2457 1428 2484; x_wconf 86' lang='lat' dir='ltr'><strong>occultat</strong></span> <span class='ocrx_word' id='word_1_829' title='bbox 1444 2466 1452 2484; x_wconf 88' lang='lat'><strong><em>:</em></strong></span> <span class='ocrx_word' id='word_1_830' title='bbox 1469 2457 1510 2483; x_wconf 83' lang='lat' dir='ltr'><strong>hic</strong></span> <span class='ocrx_word' id='word_1_831' title='bbox 1529 2458 1594 2484; x_wconf 70' lang='lat' dir='ltr'><strong>rice:</strong></span> <span class='ocrx_word' id='word_1_832' title='bbox 1610 2461 1673 2482; x_wconf 66' lang='grc' dir='ltr'>Ιειιις</span> 
     </span>
    </p>
   </div>
   <div class='ocr_carea' id='block_1_113' title="bbox 888 2507 1674 2540">
    <p class='ocr_par' dir='ltr' id='par_1_113' title="bbox 888 2507 1674 2540">
     <span class='ocr_line' id='line_1_113' title="bbox 888 2507 1674 2540; baseline -0.004 -9"><span class='ocrx_word' id='word_1_833' title='bbox 888 2513 980 2539; x_wconf 84' lang='lat' dir='ltr'><strong>porum</strong></span> <span class='ocrx_word' id='word_1_834' title='bbox 997 2513 1145 2540; x_wconf 86' lang='lat' dir='ltr'><strong>annumque</strong></span> <span class='ocrx_word' id='word_1_835' title='bbox 1159 2513 1259 2538; x_wconf 79' lang='lat' dir='ltr'><strong>setnper</strong></span> <span class='ocrx_word' id='word_1_836' title='bbox 1273 2508 1449 2530; x_wconf 83' lang='lat' dir='ltr'><strong>renascen!em</strong></span> <span class='ocrx_word' id='word_1_837' title='bbox 1463 2510 1495 2529; x_wconf 71' lang='lat' dir='ltr'><strong>ea:</strong></span> <span class='ocrx_word' id='word_1_838' title='bbox 1508 2511 1557 2529; x_wconf 85' lang='lat' dir='ltr'><strong>usu</strong></span> <span class='ocrx_word' id='word_1_839' title='bbox 1571 2507 1674 2529; x_wconf 74' lang='lat' dir='ltr'><strong>natura!</strong></span> 
     </span>
    </p>
   </div>
   <div class='ocr_carea' id='block_1_114' title="bbox 890 2547 1673 2584">
    <p class='ocr_par' dir='ltr' id='par_1_114' title="bbox 890 2547 1673 2584">
     <span class='ocr_line' id='line_1_114' title="bbox 890 2547 1673 2584; baseline -0.004 -8"><span class='ocrx_word' id='word_1_840' title='bbox 890 2554 1030 2584; x_wconf 78' lang='lat' dir='ltr'><strong>temperat;</strong></span> <span class='ocrx_word' id='word_1_841' title='bbox 1055 2549 1097 2575; x_wconf 87' lang='lat' dir='ltr'><strong>hic</strong></span> <span class='ocrx_word' id='word_1_842' title='bbox 1113 2549 1171 2576; x_wconf 62' lang='lat' dir='ltr'><strong>calli</strong></span> <span class='ocrx_word' id='word_1_843' title='bbox 1193 2549 1330 2575; x_wconf 83' lang='lat' dir='ltr'><strong>tristitiam</strong></span> <span class='ocrx_word' id='word_1_844' title='bbox 1355 2548 1474 2580; x_wconf 69' lang='lat' dir='ltr'><strong>distulit,</strong></span> <span class='ocrx_word' id='word_1_845' title='bbox 1493 2553 1570 2582; x_wconf 87' lang='lat' dir='ltr'><strong>atque</strong></span> <span class='ocrx_word' id='word_1_846' title='bbox 1592 2547 1673 2574; x_wconf 80' lang='lat' dir='ltr'><strong>etiam</strong></span> 
     </span>
    </p>
   </div>
   <div class='ocr_carea' id='block_1_115' title="bbox 888 2593 1672 2624">
    <p class='ocr_par' dir='ltr' id='par_1_115' title="bbox 888 2593 1672 2624">
     <span class='ocr_line' id='line_1_115' title="bbox 888 2593 1672 2624; baseline -0.004 -3"><span class='ocrx_word' id='word_1_847' title='bbox 888 2595 997 2621; x_wconf 80' lang='lat' dir='ltr'><strong>humani</strong></span> <span class='ocrx_word' id='word_1_848' title='bbox 1013 2594 1105 2621; x_wconf 85' lang='lat' dir='ltr'><strong>nubila</strong></span> <span class='ocrx_word' id='word_1_849' title='bbox 1126 2595 1208 2621; x_wconf 89' lang='lat' dir='ltr'><strong>animi</strong></span> <span class='ocrx_word' id='word_1_850' title='bbox 1224 2599 1345 2624; x_wconf 76' lang='lat' dir='ltr'><strong>serenat;</strong></span> <span class='ocrx_word' id='word_1_851' title='bbox 1366 2594 1407 2619; x_wconf 86' lang='lat' dir='ltr'><strong>hic</strong></span> <span class='ocrx_word' id='word_1_852' title='bbox 1427 2601 1503 2619; x_wconf 72' lang='lat' dir='ltr'><strong>suum</strong></span> <span class='ocrx_word' id='word_1_853' title='bbox 1523 2593 1608 2619; x_wconf 86' lang='lat' dir='ltr'><strong>lumen</strong></span> <span class='ocrx_word' id='word_1_854' title='bbox 1622 2601 1672 2619; x_wconf 70' lang='lat' dir='ltr'><strong>ctu-</strong></span> 
     </span>
    </p>
   </div>
   <div class='ocr_carea' id='block_1_116' title="bbox 890 2639 1671 2675">
    <p class='ocr_par' dir='ltr' id='par_1_116' title="bbox 890 2639 1671 2675">
     <span class='ocr_line' id='line_1_116' title="bbox 890 2639 1671 2675; baseline 0 -9"><span class='ocrx_word' id='word_1_855' title='bbox 890 2641 952 2666; x_wconf 79' lang='lat' dir='ltr'><strong>tcrt&#39;s</strong></span> <span class='ocrx_word' id='word_1_856' title='bbox 970 2649 1070 2675; x_wconf 82' lang='lat' dir='ltr'><strong>quoque</strong></span> <span class='ocrx_word' id='word_1_857' title='bbox 1087 2640 1216 2667; x_wconf 86' lang='lat' dir='ltr'><strong>sideribus</strong></span> <span class='ocrx_word' id='word_1_858' title='bbox 1232 2641 1355 2674; x_wconf 65' lang='lat' dir='ltr'><strong>frenarat.</strong></span> <span class='ocrx_word' id='word_1_859' title='bbox 1375 2639 1534 2670; x_wconf 70' lang='lat' dir='ltr'><strong>Pru&#39;clarus,</strong></span> <span class='ocrx_word' id='word_1_860' title='bbox 1549 2639 1671 2669; x_wconf 70' lang='lat' dir='ltr'><strong>eximius.</strong></span> 
     </span>
    </p>
   </div>
   <div class='ocr_carea' id='block_1_117' title="bbox 890 2685 1674 2718">
    <p class='ocr_par' dir='ltr' id='par_1_117' title="bbox 890 2685 1674 2718">
     <span class='ocr_line' id='line_1_117' title="bbox 890 2685 1674 2718; baseline -0.003 -6"><span class='ocrx_word' id='word_1_861' title='bbox 890 2687 978 2712; x_wconf 83' lang='lat' dir='ltr'><strong>omnia</strong></span> <span class='ocrx_word' id='word_1_862' title='bbox 999 2686 1113 2717; x_wconf 80' lang='lat' dir='ltr'><strong>intuens,</strong></span> <span class='ocrx_word' id='word_1_863' title='bbox 1136 2686 1224 2712; x_wconf 85' lang='lat' dir='ltr'><strong>omnia</strong></span> <span class='ocrx_word' id='word_1_864' title='bbox 1242 2687 1323 2712; x_wconf 88' lang='lat' dir='ltr'><strong>etiam</strong></span> <span class='ocrx_word' id='word_1_865' title='bbox 1345 2685 1498 2717; x_wconf 72' lang='lat' dir='ltr'><strong>exaudiens,</strong></span> <span class='ocrx_word' id='word_1_866' title='bbox 1519 2690 1547 2711; x_wconf 90' lang='lat' dir='ltr'><strong>ut</strong></span> <span class='ocrx_word' id='word_1_867' title='bbox 1561 2685 1674 2718; x_wconf 76' lang='lat' dir='ltr'><strong>principi</strong></span> 
     </span>
    </p>
   </div>
   <div class='ocr_carea' id='block_1_118' title="bbox 889 2731 1672 2766">
    <p class='ocr_par' dir='ltr' id='par_1_118' title="bbox 889 2731 1672 2766">
     <span class='ocr_line' id='line_1_118' title="bbox 889 2731 1672 2766; baseline -0.003 -8"><span class='ocrx_word' id='word_1_868' title='bbox 889 2732 1039 2759; x_wconf 82' lang='lat' dir='ltr'><strong>litterarum</strong></span> <span class='ocrx_word' id='word_1_869' title='bbox 1065 2731 1181 2758; x_wconf 87' lang='lat' dir='ltr'><strong>llomero</strong></span> <span class='ocrx_word' id='word_1_870' title='bbox 1205 2732 1335 2766; x_wconf 71' lang='lat' dir='ltr'><strong>placuisse</strong></span> <span class='ocrx_word' id='word_1_871' title='bbox 1355 2733 1381 2758; x_wconf 87' lang='lat' dir='ltr'><strong>in</strong></span> <span class='ocrx_word' id='word_1_872' title='bbox 1408 2741 1459 2758; x_wconf 89' lang='lat' dir='ltr'><strong>uno</strong></span> <span class='ocrx_word' id='word_1_873' title='bbox 1485 2740 1514 2758; x_wconf 76' lang='lat' dir='ltr'><strong>eo</strong></span> <span class='ocrx_word' id='word_1_874' title='bbox 1531 2731 1613 2758; x_wconf 78' lang='lat' dir='ltr'><strong>video.</strong></span> <span class='ocrx_word' id='word_1_875' title='bbox 1636 2731 1672 2757; x_wconf 81' lang='lat' dir='ltr'><strong>De</strong></span> 
     </span>
    </p>
   </div>
   <div class='ocr_carea' id='block_1_119' title="bbox 889 2777 1670 2812">
    <p class='ocr_par' dir='ltr' id='par_1_119' title="bbox 889 2777 1670 2812">
     <span class='ocr_line' id='line_1_119' title="bbox 889 2777 1670 2812; baseline -0.003 -7"><span class='ocrx_word' id='word_1_876' title='bbox 889 2779 955 2805; x_wconf 81' lang='lat' dir='ltr'><strong>solis</strong></span> <span class='ocrx_word' id='word_1_877' title='bbox 980 2778 1111 2805; x_wconf 86' lang='lat' dir='ltr'><strong>cucotniis</strong></span> <span class='ocrx_word' id='word_1_878' title='bbox 1141 2778 1197 2812; x_wconf 82' lang='lat' dir='ltr'><strong>lege</strong></span> <span class='ocrx_word' id='word_1_879' title='bbox 1226 2778 1401 2804; x_wconf 78' lang='lat' dir='ltr'><strong>Plutarchum</strong></span> <span class='ocrx_word' id='word_1_880' title='bbox 1426 2778 1471 2804; x_wconf 96' lang='lat' dir='ltr'><strong>lrb.</strong></span> <span class='ocrx_word' id='word_1_881' title='bbox 1494 2777 1531 2804; x_wconf 82' lang='lat' dir='ltr'><strong>De</strong></span> <span class='ocrx_word' id='word_1_882' title='bbox 1551 2778 1670 2804; x_wconf 77' lang='lat' dir='ltr'><strong>doctrina</strong></span> 
     </span>
    </p>
   </div>
   <div class='ocr_carea' id='block_1_120' title="bbox 889 2823 1676 2859">
    <p class='ocr_par' dir='ltr' id='par_1_120' title="bbox 889 2823 1676 2859">
     <span class='ocr_line' id='line_1_120' title="bbox 889 2823 1676 2859; baseline -0.001 -8"><span class='ocrx_word' id='word_1_883' title='bbox 889 2824 1050 2859; x_wconf 78' lang='lat' dir='ltr'><strong>principum;</strong></span> <span class='ocrx_word' id='word_1_884' title='bbox 1069 2823 1233 2851; x_wconf 75' lang='lat' dir='ltr'><strong>Macrobium</strong></span> <span class='ocrx_word' id='word_1_885' title='bbox 1253 2823 1472 2850; x_wconf 72' lang='lat' dir='ltr'><strong>tSaturnalium&#39;</strong></span> <span class='ocrx_word' id='word_1_886' title='bbox 1497 2823 1676 2850; x_wconf 70' lang='lat' dir='ltr'><strong>Ambrosium</strong></span> 
     </span>
    </p>
   </div>
  </div>
