1903 3068
63 121 116 149 8ῧό

82 181 186 216 I'c‘rrs:
192 192 222 216 ιιι
238 180 363 215 ἀμϐολίη
377 180 475 208 διόθεν
486 180 750 216 χειμῶνοςίόντος.

82 215 120 242 ει
132 223 166 249 τε
174 215 233 250 μὲν
243 217 277 242 et.
290 216 400 250 βορέαο
413 216 455 251 μί’
471 217 518 250 οἴη
531 215 721 251 φοινΙσσοιτο
734 237 741 248 ,

90 250 138 286 Ἐκ
147 250 245 284 ,βορέω
259 251 365 284 πνοιάς
379 259 413 278 κε
427 251 520 286 φέροιο
532 253 616 286 νοτΙη
633 251 666 278 δὲ
678 252 784 279 rotato.

84 285 119 321 Ἦ
136 286 188 312 καί
199 294 259 312 που
271 286 450 321 ῥαθάμιγγες
462 287 653 321 ἐπιτροχόωσ’
668 287 775 318 ὐετοῑο,

89 320 255 356 ῘΕσπερίοις
265 322 312 348 καὶ
325 321 445 355 μᾶλλον
455 320 616 356 ἐπιπρεπὲς
627 322 715 356 ἤματι
726 323 851 355 τούτοις⁸

89 354 271 390 Ἐσπερόθεν
286 354 341 390 γὰρ
357 357 434 391 ὁμῶς
450 354 626 391 σημαίνεται
640 354 769 392 ἐμμενὲς
784 354 852 384 alel.

63 412 104 439 De
125 412 271 444 antheliis,
289 413 346 440 sive
361 413 487 448 pareiiis,
508 413 679 444 Aristoteles,
695 412 808 446 Plinius,
826 418 854 441 et

63 459 122 485 alii.

100 504 161 532 Col.
172 504 234 535 7‘20.
248 505 295 532 lin.
308 505 343 532 33
359 515 365 532 ε
378 504 432 532 Καὶ
443 504 535 531 πάλιν
551 503 780 538 ὴνίκαρἁὃοις.
793 505 854 532 Ari-

63 552 180 579 stoteles
199 551 309 578 Heteor.
327 552 374 578 lib.
390 559 430 582 ιιι,
447 551 547 586 parelia
560 551 799 586 scribit,.et\irgas
807 559 854 579 ea-

61 597 126 625 dem
139 605 172 625 ex
185 606 268 625 causa
281 598 349 629 ﬁeri,
363 598 410 625 sed
426 597 508 625 nubis
519 597 613 625 habitu
628 598 747 630 diverso,
766 598 853 633 siqui.

60 641 125 670 dem
143 650 204 669 cum
224 643 268 669 illa
294 643 455 678 caliginosa,
478 647 502 670 et
523 643 645 677 aequalis,
669 650 700 669 ac
723 647 852 678 praterea

61 695 168 723 aquosa
181 689 321 724 densaque
335 689 426 720 fuerit.
444 693 500 716 tum
515 691 604 716 visum
621 694 751 724 tanquam
769 697 784 716 a
800 689 852 717 levi

60 736 178 769 speculo
202 736 236 762 ad
262 737 346 763 sulem
376 735 505 763 reﬂexum
533 735 680 763 candorem
698 736 850 770 concipere.

61 780 156 809 Solem
178 783 250 810 enim
267 787 294 810 et
318 784 408 810 colore
430 786 456 809 et
474 783 559 818 ﬁgura
583 782 685 810 referre
709 782 851 817 parelium,

60 834 96 855 ac
113 828 195 856 nubis
210 829 317 863 quidem
334 828 516 864 aequalitatem
532 828 632 855 coloris
651 835 712 855 csse
726 835 850 856 causam.

61 873 240 901 reﬂexiouem
253 878 342 901 autem
357 875 432 901 visus
449 874 481 901 ad
499 874 597 901 nubem
616 877 744 908 tanquam
757 881 852 908 specu-
869 869 888 896 Β

60 921 120 947 lum
142 920 244 953 figuras,
261 928 322 948 cum
337 921 383 948 illa
403 924 432 948 ut
451 921 570 948 nondum
585 921 621 948 sit
638 927 717 955 aqua,
735 921 772 947 ita
786 928 852 947 con-

61 966 155 995 festim
171 967 206 995 sit
224 968 250 995 in
263 975 294 995 ea
315 968 456 1000 mutanda,
473 967 588 1002 ideoque
610 968 728 1002 pluviam
743 972 851 1001 portenv

60 1013 129 1040 dere
146 1014 279 1048 parelium
295 1015 381 1049 magis
400 1015 434 1041 ad
452 1019 575 1041 austrum
592 1021 672 1048 quam
687 1013 721 1040 ad
741 1014 850 1040 boream

61 1060 157 1091 silum.
172 1061 243 1094 quod
255 1060 328 1087 illius
342 1068 389 1087 aer
404 1060 511 1087 facilius
521 1067 602 1095 quam
618 1060 700 1094 hujus
715 1060 741 1086 iu
754 1066 851 1094 aquam

61 1109 198 1132 transeat.
216 1104 337 1140 Denique
354 1105 459 1133 oriente
480 1110 506 1132 et
528 1106 669 1132 occidente
690 1105 747 1132 sole
763 1105 850 1136 cerui.

61 1158 117 1177 non
131 1151 185 1178 alte
196 1151 243 1178 scd
261 1151 369 1185 oblique
386 1151 449 1182 sita.
466 1154 495 1177 ut
511 1154 538 1178 et
553 1151 652 1186 virgas,
667 1158 727 1186 qua:
740 1154 852 1185 propter

61 1196 178 1223 nubium
195 1196 406 1239 inaequalitatem
419 1197 459 1223 sic
471 1201 613 1223 vocantur.

98 1241 182 1273 lbid.,
209 1243 257 1269 lin.
274 1242 317 1269 58.
346 1242 376 1269 Ἡ
396 1242 429 1269 δὲ
459 1242 574 1276 σελήνη
605 1242 726 1269 ἐπειδὰν
751 1242 787 1268 ὲν
814 1241 851 1276 τῇ

61 1287 156 1320 τρίτῃ.
175 1286 303 1319 Basilius,
326 1289 399 1315 hom.
416 1288 444 1320 6,
463 1289 555 1325 Λεπτὴ
576 1289 623 1324 μὲν
637 1289 691 1324 γὰρ
706 1286 773 1315 οὖσα
788 1288 851 1323 περὶ

60 1333 157 1369 τρίτην
183 1334 288 1369 ἡμέραν
312 1334 358 1361 καὶ
379 1334 496 1370 καθαρὰ,
522 1335 654 1370 σταθερὰν
678 1335 767 1362 εὐδίαν
787 1343 851 1362 κατ-

59 1379 270 1412 επαγγέλλεται·
280 1381 378 1414 παχεῖα
386 1380 413 1406 δὲ
425 1382 483 1411 ταῖς
495 1380 628 1416 κεραίαις,
641 1382 687 1408 καὶ
700 1380 851 1416 ὑπέρυθρος

59 1425 223 1459 φαινομένη,
241 1425 257 1460 ἢ
272 1425 317 1451 καὶ
339 1425 411 1461 ὕδωρ
440 1426 540 1462 λάϐρον
553 1427 606 1453 ἀπὸ
622 1426 719 1460 νεφῶν,
741 1427 757 1462 ἢ
773 1427 849 1453 νότου

57 1469 152 1504 βιαίαν
175 1471 282 1505 κίνησιν
305 1471 420 1498 ἀπειλεῖ.
447 1472 484 1498 Ex
506 1473 606 1507 quibus
623 1473 731 1507 corrigo
746 1476 849 1500 textum

55 1515 210 1547 Eustaihii,
228 1516 298 1553 ὕδωρ
313 1517 422 1552 λάϐρον,
437 1518 539 1553 ἢνὸτον
551 1518 645 1553 βίαιον.
661 1519 760 1546 Aratus
772 1519 850 1546 lucu-

57 1562 152 1589 lenter
165 1562 222 1589 haec
239 1563 329 1589 omnia
343 1573 349 1589 :

74 1607 179 1641 Λεπτὴ
192 1607 251 1643 μὲν
265 1608 377 1642 καθαρὴ
397 1617 428 1635 τε
442 1609 508 1642 περὶ
523 1610 621 1643 τρίτον
636 1607 712 1643 ἦμαρ
725 1609 829 1641 ἐοῦσα,

76 1643 188 1675 Εὐδιος
205 1643 230 1669 κ’
245 1643 300 1676 εἴη.
316 1644 411 1676 λεπτὴ
426 1644 459 1670 δὲ
472 1645 519 1671 καὶ
536 1646 570 1670 οὐ
582 1644 788 1679 μάλ’ἐρευθὴς

76 1679 260 1714 Πνευλίατίη.
274 1679 369 1712 ΙΙαχίη
386 1679 419 1705 δὲ
437 1680 484 1706 καὶ
501 1680 660 1713 ἀμϐλείῃσι
675 1681 806 1714 κεραίαις

78 1713 225 1747 Τέτριιτον
237 1714 270 1740 ἐκ
286 1713 448 1747 τριατὰτοιο
460 1715 539 1748 φάος
552 1713 833 1749 ἀμενηνὸν-ἔχουσα

79 1749 115 1775 Ἦ
130 1748 207 1781 νότῳ
217 1749 406 1782 ἀμϐλύνεται,
418 1750 436 1783 ἣ
449 1749 556 1782 ὕδατος
565 1749 652 1784 ἐγγὺς
664 1748 777 1782 ἐόντος.

59 1804 177 1832 Varro:
196 1804 225 1832 Si
250 1811 344 1840 quarto
373 1806 415 1833 die
442 1807 505 1833 {uita
525 1807 575 1833 erit
599 1806 710 1839 dirccta,
727 1815 849 1842 magnam

58 1856 242 1885 tempestatem
259 1852 285 1878 in
302 1853 370 1878 mari
391 1854 540 1888 prwsagiet,
556 1854 607 1879 nisi
620 1854 642 1879 si
657 1861 781 1880 coronam
796 1854 849 1880 cir-

57 1904 92 1923 ca
113 1905 143 1924 se
156 1897 271 1928 Imbcbit,
287 1902 312 1924 et
328 1906 385 1924 eam
402 1898 533 1924 sinceram
549 1906 558 1924 :
575 1899 699 1933 quoniam
710 1898 757 1925 illo
772 1899 848 1926 modo

57 1951 113 1969 non
127 1948 188 1969 ante
202 1942 310 1976 planam
323 1943 414 1970 lunam
427 1944 603 1970 Itiematurum
619 1944 742 1977 ostendit,
758 1945 782 1971 si
794 1945 849 1978 ple-

59 1988 167 2014 nilunio
186 1996 231 2022 per
248 1989 385 2015 dimidium
403 1997 469 2023 pura
484 1990 544 2020 erit,
560 1989 614 2016 dies
627 1998 731 2017 serenos
747 1990 850 2024 signiﬁ-

58 2035 132 2061 cabtt
141 2043 151 2061 .'
159 2034 182 2061 si
197 2035 288 2065 rutila.
305 2040 392 2062 ventos
408 2043 416 2061 .'
429 2036 587 2070 nigrescens,
598 2036 704 2062 imbres.
721 2035 749 2063 Si
763 2037 848 2070 caligo

57 2081 133 2107 orbis
146 2079 240 2107 nubem
258 2081 402 2113 incluserit,
420 2086 506 2108 ventos
523 2089 574 2116 qua
588 2090 615 2108 se
635 2082 733 2115 ruperit
747 2089 755 2108 :
773 2082 796 2108 si
809 2090 849 2116 ge-

59 2125 212 2153 miniorbes
223 2126 372 2160 junxerint,
389 2127 516 2161 majorem
527 2132 716 2161 tempestatem,
729 2132 753 2154 et
765 2129 848 2162 magis

57 2173 84 2198 si
98 2177 152 2199 tres
165 2179 252 2205 erunt,
264 2178 309 2199 aut
330 2174 408 2208 nigri.
429 2178 475 2199 aut
490 2173 640 2207 interrupti,
659 2178 736 2208 atque
747 2173 847 2200 distra-

570 122 604 149 lN
625 121 810 150 EUSTATHII
825 122 1062 151 HEXAI'IMC'IRON
1081 124 1194 153 ΝΟΤΛΕ.

1639 126 1694 155 δϐῧ

870 193 892 220 Α
908 191 955 210 ηοε
968 191 1111 211 concedant
1128 193 1209 211 oculis
1221 189 1329 216 ηιδΙνιε,
1344 192 1371 210 ιιι
1383 193 1413 211 ea
1426 192 1478 211 auo
1491 191 1589 215 διαονα,
1599 185 1693 211 mani-

904 229 998 264 festum
1014 231 1049 256 sit
1069 230 1182 265 amplius
1202 231 1303 257 ca'teris
1323 231 1409 258 lucere
1423 239 1499 266 super
1519 236 1625 261 terram.
1646 239 1695 258 nec

903 276 971 303 diem
982 277 1126 303 clarescere
1143 277 1195 304 nisi
1209 277 1264 303 luce
1278 277 1354 308 solis,
1368 285 1414 303 nec
1430 283 1531 304 noctem
1549 282 1587 303 tot
1606 277 1693 304 stellis

904 322 1075 357 fulgentibus.
1093 324 1131 350 ita
1149 323 1232 350 lucere
1250 324 1273 350 si
1289 323 1352 350 luna
1374 323 1452 356 desit,
1468 323 1691 359 quemadmodum

903 369 1042 402 praesentia
1058 369 1128 395 illius
1145 370 1311 396 illustratur.

938 413 1018 447 lbid.,
1035 415 1082 442 liu.
1097 415 1141 442 Η.
1162 415 1200 441 Τὰ
1219 414 1252 441 δὲ
1265 415 1361 449 ἄστρα
1376 415 1424 441 καὶ
1435 414 1547 449 μηνῶν.
1564 415 1601 442 De
1616 416 1691 442 varia

903 465 1038 486 astrorum
1056 460 1296 487 obscrvatione'in
1314 467 1440 495 agrorum
1464 461 1580 492 cultura,
1605 461 1690 487 multa

903 510 1019 536 veteres.
1036 505 1152 537 Plinius,
1171 505 1388 542 Theophrastus,
1406 505 1503 538 Varro,
1517 511 1611 534 auctor
1625 506 1690 533 Gea-

903 551 1067 585 ponicorum,
1084 555 1111 578 et
1127 552 1185 579 alii.

938 596 1017 628 lbid.,
1043 597 1090 624 lin.
1111 597 1156 624 i6.
1175 596 1232 624 Kal
1253 598 1283 624 al
1300 597 1438 630 πλειάδες
1458 597 1689 624 ἀνατέλλουσαι.

902 641 1039 670 Hesiodus
1051 643 1078 670 in
1096 643 1210 678 Ἔργοις
1223 643 1272 670 καὶ
1285 644 1418 678 ἡμέραις,
1438 644 1455 670 1.
1472 651 1502 670 ιι.

920 699 1077 732 Πληϊάδων
1100 700 1297 734 Ἀτλαγενέων
1310 699 1576 732 ἐπιτελλομενάων,

922 735 1056 795 Ἄὶρχεσν
1067 735 1191 769 ἀμητοῦθ
1206 736 1323 769 ἀρότοιο
1339 735 1372 761 δὲ
1384 735 1610 769 ὃυσσομενάων·

922 773 940 795 Α
970 769 1007 795 δή
1022 779 1065 795 τοι
1077 771 1188 795 νύκτίιρ
1199 779 1231 795 τε
1247 770 1295 795 καὶ
1307 770 1403 795 ﬂuam
1415 770 1610 795 rsccandxom

920 769 957 796 Αἳ
970 769 1007 802 δή
1022 779 1065 796 τοι
1077 771 1188 802 νύκτας
1199 779 1231 797 τε
1247 770 1295 796 καὶ
1307 770 1403 804 ἤματα
1415 770 1640 804 τεσσαράκοντα

919 806 1113 839 Κεκρύφατιιι·
1132 803 1216 838 αὖτις
1229 805 1262 831 δὲ
1275 805 1493 840 περιπλομένου
1508 803 1648 832 ἐνιαυτοῦ

920 841 1087 873 φαίνονται,
1100 840 1135 867 τὰ
1151 840 1251 874 πρῶτα
1265 842 1503 875 χαρασσομένοιο
1518 841 1654 875 motu/0v.

903 896 935 923 Et
953 897 1114 928 Columella,
1128 896 1166 923 De
1184 905 1211 923 re
1223 897 1333 929 rustica,
1352 896 1398 923 lib.
1420 904 1450 928 ιι,
1471 904 1532 930 cap.
1553 896 1580 928 8,
1601 895 1691 923 l'lacet

903 947 993 970 nostro
1014 947 1096 977 poetce
1117 943 1253 974 adoreum,
1283 948 1360 978 atque
1392 943 1471 969 etiam
1494 943 1610 969 triticum
1639 950 1692 969 non

902 993 962 1016 ante
978 990 1107 1016 seminare
1118 997 1195 1023 quam
1210 988 1351 1016 occiderint
1367 988 1485 1023 Virgilio:
1497 996 1507 1014 :
1517 988 1585 1023 quod
1603 989 1690 1022 ipsum

902 1036 1017 1062 numeris
1037 1036 1074 1062 sic
1093 1036 1237 1062 edisserit:

946 1082 979 1107 At
995 1082 1018 1108 si
1034 1082 1162 1108 triticeam
1180 1082 1206 1108 in
1223 1090 1342 1113 messem,
1359 1081 1516 1116 robustaque
1530 1082 1605 1115 farra

943 1116 1082 1144 Exercebis
1095 1117 1202 1143 humum
1218 1117 1330 1150 solisque
1343 1117 1452 1143 instabis
1468 1118 1558 1144 aristis
1570 1138 1578 1150 ,

944 1153 1011 1178 Ante
1029 1151 1075 1178 tibi
1090 1151 1153 1179 an:
1167 1152 1316 1178 Atlantides
1333 1152 1538 1180 abscondantur.

901 1208 1104 1235 Absconduntur
1118 1214 1204 1236 autent
1220 1209 1302 1235 altero
1325 1214 1348 1236 et
1361 1209 1492 1236 tricesimo
1510 1208 1552 1235 die
1568 1213 1626 1243 post
1644 1217 1690 1235 au-

902 1255 1018 1281 tunmale
1043 1255 1246 1289 ωἰιιὶιιοειὶιιηι,
1270 1255 1344 1289 quod
1370 1255 1424 1289 fere
1451 1255 1591 1290 con/icitur
1620 1263 1691 1286 nono

901 1298 1016 1327 Kalend.
1031 1299 1152 1327 Octobris
1167 1307 1175 1326 :
1189 1304 1296 1334 propter
1308 1300 1376 1335 quod
1391 1300 1501 1334 intelligi
1518 1300 1591 1327 debet
1607 1301 1691 1326 tritici

905 1347 974 1374 satio
989 1347 1091 1374 dierum
1111 1355 1156 1373 sea:
1167 1351 1192 1374 et
1212 1346 1387 1382 quadraginta
1408 1347 1440 1373 ab
1454 1355 1548 1373 occasu
1565 1346 1689 1382 Virgilia-

901 1402 959 1420 rum
977 1394 1020 1427 qui
1038 1394 1067 1427 ﬁt
1085 1398 1146 1420 ante
1158 1393 1226 1419 diem
1242 1402 1268 1420 is
1285 1391 1400 1420 Kalend.
1413 1393 1568 1420 Novembris
1581 1393 1614 1420 ad
1627 1393 1689 1420 bru-

901 1447 951 1466 mre
969 1443 1086 1473 tempora
1104 1439 1163 1465 :sic
1178 1439 1247 1465 enim
1264 1443 1368 1465 servant
1392 1439 1531 1473 prudentes
1553 1438 1687 1474 agricola',

901 1489 930 1512 ut
946 1485 1093 1519 quindecim
1113 1485 1203 1512 diebus
1222 1486 1295 1516 prius
1318 1493 1395 1520 quam
1409 1486 1565 1520 conficiatur
1584 1485 1688 1516 bruma,

902 1530 1060 1564 totidemque
1079 1535 1137 1564 post
1161 1538 1219 1556 eam
1243 1529 1388 1564 confectam
1407 1539 1487 1565 neque
1509 1535 1594 1562 arent,
1608 1539 1690 1558 neque

902 1577 978 1603 vitem
996 1581 1042 1602 aut
1060 1577 1180 1603 arborem
1193 1580 1296 1610 putent.

935 1621 1014 1653 ΙΙ)ἰά.,
1031 1622 1132 1649 1ίιι.54.
1147 1621 1206 1656 Πρὸ
1221 1621 1255 1648 δὲ
1272 1622 1383 1648 τούτων
1396 1622 1513 1656 χρόνος.
1539 1621 1622 1656 ldquc
1636 1621 1688 1649 de-

901 1668 1049 1695 monstrari
1068 1672 1156 1703 potest
1172 1672 1331 1703 argumento
1346 1667 1513 1694 validissimo
1529 1675 1560 1695 ex
1582 1668 1689 1695 Aristo-

901 1714 962 1741 telis
975 1714 1110 1744 doctriua,
1127 1713 1327 1748 prasupposilo
1341 1717 1447 1748 tempus
1464 1721 1525 1741 esse
1541 1721 1686 1741 numerum

901 1765 1001 1787 motus.
1031 1760 1059 1786 lu
1086 1768 1140 1793 quo
1167 1762 1257 1786 autent
1285 1759 1391 1786 dilI‘crat
1418 1767 1504 1786 :evum
1528 1766 1542 1785 a
1566 1763 1690 1794 tempore

901 1808 979 1842 plura
995 1806 1108 1833 Proclus
1130 1805 1283 1833 Diadeclius
1299 1806 1325 1832 iu
1342 1805 1481 1841 Tlieologia
1498 1805 1650 1833 Platonica.

935 1853 1014 1884 lbid.,
1034 1852 1081 1879 lin.
1098 1852 1141 1879 57.
1160 1851 1287 1886 Καιροὺς
1298 1851 1332 1877 δὲ
1343 1851 1443 1886 λέγειν
1458 1852 1616 1886 ἡγούμεθα.
1635 1852 1688 1879 Βεμ

901 1899 991 1930 silius,
1006 1899 1079 1925 liam.
1098 1897 1125 1929 6,
1143 1898 1262 1933 Καιροὺς
1276 1897 1304 1923 δὲ
1320 1897 1408 1930 λέγειν
1423 1897 1562 1933 ἡγούμεθα
1571 1897 1621 1929 τὰς
1633 1897 1688 1925 τῶν

900 1944 979 1980 ὡρῶν
1001 1943 1163 1978 ἐναλλαγὰς,
1181 1944 1324 1979 χειμῶνος,
1342 1943 1390 1970 καὶ
1406 1943 1495 1978 ἔαρος,
1515 1944 1562 1970 καὶ
1581 1943 1687 1980 θέρους,

900 1990 946 2016 καὶ
961 1988 1128 2024 μετοπώρουε
1140 1989 1173 2020 εις
1187 1989 1324 2021 εὐτάκτως
1337 1988 1502 2024 περιοδεύων
1519 1989 1591 2024 ἡμᾶς
1602 1990 1633 2016 τὸ
1643 1999 1687 2016 τε-

898 2035 1033 2069 ταγμένον
1051 2035 1100 2070 τῆς
1119 2035 1251 2070 κινήσεως
1266 2034 1320 2061 τῶν
1335 2036 1485 2071 φωστήρων
1499 2035 1623 2071 παρέχει.
1650 2036 1686 2062 De

899 2086 1018 2116 quatuor
1031 2082 1094 2108 anui
1112 2085 1264 2115 temporum
1278 2082 1469 2109 vicissitudine
1482 2083 1622 2115 nonnulla,
1635 2077 1686 2110 etsi

900 2128 1040 2162 pueriliter
1053 2127 1278 2162 philosophatur,
1294 2131 1321 2154 et
1337 2128 1414 2162 quasi
1429 2128 1543 2162 plasticc
1560 2129 1686 2163 proponit

900 2174 1071 2206 Eustathius,
1095 2174 1153 2200 sive
1177 2172 1341 2200 Eumatliius
1365 2173 1568 2201 Macretubolita
1589 2174 1637 2202 lib.
1658 2183 1685 2201 tv

57 2218 104 2245 eti.
126 2218 245 2246 Nascens
261 2220 324 2246 luna
343 2220 366 2246 si
386 2227 467 2246 cornu
485 2220 619 2253 superiore
635 2220 728 2246 obatro
749 2225 848 2254 surget,
866 2223 887 2250 υ
902 2219 940 2247 De
955 2215 1089 2246 amoribus
1108 2218 1224 2245 Ismenes
1239 2223 1262 2245 et
1276 2218 1407 2246 lsmeniw.

56 2265 163 2298 pluvius
181 2265 329 2292 decrescens
348 2265 433 2295 dabit.
458 2266 481 2292 si
504 2266 638 2300 inferiore,
659 2271 719 2292 ante
734 2266 847 2300 plenilu-

57 2310 146 2342 nium,
164 2310 188 2336 si
202 2310 228 2336 in
243 2310 328 2336 media
346 2310 454 2345 nigritie
466 2311 513 2337 illa
528 2310 618 2345 fuerit,
630 2311 738 2337 imbrem
754 2311 780 2337 it:
793 2311 848 2344 ple-

58 2356 175 2382 ttilunio.
197 2355 227 2383 Si
249 2357 324 2389 plena
351 2357 422 2383 circa
444 2364 471 2382 se
492 2355 596 2383 habebit
620 2356 718 2388 orbem,
739 2364 772 2383 ex
795 2364 849 2391 qua

57 2406 135 2435 parte
150 2401 190 2427 liis
205 2404 320 2428 maxime
338 2401 492 2435 splendebit,
507 2410 539 2428 ea:
552 2411 584 2429 ea
596 2408 698 2429 sentum
713 2403 847 2436 ostendet;

58 2448 82 2474 si
101 2449 130 2473 in
150 2452 209 2474 ortu
233 2455 333 2473 cornua
352 2449 486 2474 crassiora
506 2448 616 2481 fuerint,
632 2448 768 2476 horridam
784 2454 846 2476 tem-

57 2497 198 2521 pestatem.
213 2492 243 2520 Si
258 2498 319 2520 ante
329 2499 451 2528 quartam
465 2502 516 2520 non
528 2495 661 2528 apparuit,
676 2499 749 2522 vento
764 2494 848 2521 Fauo-

58 2539 104 2565 niu
118 2539 210 2572 ﬂante,
226 2539 348 2566 hiemalis
363 2544 418 2566 toto
435 2538 521 2566 mense
533 2541 592 2567 erit.
611 2541 641 2567 Si
655 2541 756 2567 deciate
772 2545 848 2567 sexta

59 2586 235 2612 teltenientius
251 2585 374 2619 ﬂammea
394 2586 558 2619 apparuerit.
577 2594 686 2620 asperas
709 2591 848 2620 tempesta-

60 2636 98 2657 tes
119 2631 268 2666 prasagiet.
284 2630 331 2658 llis
347 2631 446 2658 similia
464 2632 545 2658 habet
555 2631 660 2658 Plinius
677 2632 747 2658 libro
761 2632 846 2664 dicto,

58 2681 86 2704 et
107 2682 204 2704 auctor
227 2676 444 2712 Geoponicarum,
468 2677 515 2703 lib.
538 2685 564 2710 ι;
592 2676 714 2705 Ruellius
732 2675 845 2705 collect.

60 2721 99 2748 De
113 2722 252 2748 nativitate
263 2722 395 2754 stirpium.
415 2721 462 2748 lib.
480 2729 511 2753 ιι,
522 2729 583 2756 cap.
604 2722 640 2748 De
653 2723 790 2758 pra-sagiis
804 2731 848 2750 so-

59 2766 93 2792 lis
107 2771 131 2793 et
148 2766 236 2798 (unm;
251 2770 278 2794 et
293 2766 511 2801 Theophrastus.

95 2812 177 2843 lbid.,
196 2812 245 2839 lin.
262 2811 307 2838 42.
325 2813 451 2846 Ὄργανα
466 2809 522 2839 οὖν
538 2812 664 2846 χρόνων.
679 2812 847 2848 Augustinus

59 2859 99 2886 De
112 2857 208 2886 Genesi
225 2858 259 2886 ad
276 2858 328 2886 litt.
342 2858 389 2885 lib.
406 2865 436 2890 ιι,
454 2865 515 2893 cap.
533 2858 576 2893 16,
592 2857 677 2892 Certe,
694 2860 792 2894 inquit,
808 2859 847 2886 vel

934 2266 992 2292 Col.
1008 2265 1069 2297 721,
1088 2265 1136 2291 lin.
1156 2264 1180 2291 i.
1202 2265 1257 2291 Kal
1277 2264 1386 2299 χειμὼν
1397 2265 1456 2298 μὲν
1469 2265 1588 2300 γίνεται.
1606 2265 1684 2292 Basi—

899 2311 963 2342 lius,
981 2311 1053 2336 hom.
1068 2310 1094 2340 6.
1111 2308 1220 2344 Χειμὼν
1244 2310 1294 2344 μὲν
1315 2309 1368 2345 γὰρ
1386 2309 1488 2343 γίνεται
1510 2311 1566 2340 τοῖς
1588 2309 1684 2342 νοτίοις

900 2357 993 2392 μέρεσι
1012 2356 1059 2382 τοῦ
1077 2356 1150 2391 ἡλίου
1166 2355 1428 2391 προσδιατρίϐοντος,
1447 2357 1493 2381 καὶ
1512 2355 1577 2382 πολὺ
1591 2355 1621 2382 τὸ
1638 2364 1684 2382 νυ-

898 2402 1021 2437 κτερινὴν
1038 2401 1158 2436 σκίασμα
1175 2401 1238 2436 περὶ
1254 2401 1299 2426 τὸν
1313 2400 1372 2427 καθ’
1392 2401 1465 2435 ἡμᾶς
1485 2401 1566 2426 τόπον
1583 2401 1683 2427 ἀποτε-

897 2448 1015 2479 λοῦντος,
1031 2447 1100 2474 ὥστε
1114 2446 1315 2482 καταψύχεσθαι
1330 2446 1379 2482 μὲν
1395 2447 1439 2472 τὸν
1455 2446 1519 2482 περὶ
1535 2447 1585 2481 γῆν
1604 2447 1682 2482 ἀέρα.

899 2494 986 2523 πάσας
1010 2493 1038 2519 δὲ
1063 2494 1111 2524 τὰς
1136 2492 1222 2528 ὑγρὰς
1249 2491 1458 2526 ἀναθυμιάσεις,
1487 2491 1683 2526 συνισταμένας

898 2539 962 2575 περὶ
978 2540 1062 2574 ἡμᾶς,
1078 2538 1188 2574 ὄμϐρων
1201 2546 1230 2564 τε
1243 2537 1331 2564 αἰτίαν
1350 2538 1394 2564 καὶ
1408 2536 1531 2572 κρυμῶν,
1544 2537 1590 2563 κα)⁸
1605 2538 1684 2571 νιφά-

897 2585 942 2616 δος
965 2585 1105 2619 ἀμυθήτου
1129 2583 1269 2618 παρέχειν.
1295 2584 1402 2610 Gentio.
1428 2583 1464 2610 De
1481 2588 1616 2617 apparent.
1632 2592 1683 2610 cm-

899 2631 969 2661 lest.,
988 2625 1081 2665 Τροπὴ
1096 2631 1124 2657 δέ
1139 2633 1196 2658 ἐστι
1214 2629 1364 2666 χειμερινὴ,
1383 2630 1445 2656 ὅταν
1459 2631 1472 2656 ὸ
1485 2629 1558 2665 ἥλιος
1575 2631 1683 2665 πορῤω-

898 2675 972 2710 τάτῳ
986 2675 1065 2709 ἡμῶν
1081 2676 1129 2710 τῆς
1146 2676 1277 2711 οἰκήσεως
1296 2674 1419 2709 γένηται,
1435 2675 1480 2701 καὶ
1494 2675 1684 2706 ταπεινότατος

897 2721 934 2753 ὡς
949 2721 1016 2756 πρὸς
1027 2721 1073 2748 τὸν
1087 2722 1221 2756 ὁρίζοντα,
1237 2721 1283 2748 καὶ
1299 2720 1458 2748 νοτιὼτατον
1473 2720 1570 2747 κύκλον
1579 2721 1683 2757 γράψῃ,

899 2768 946 2794 καὶ
963 2769 1094 2803 μεγίστην
1111 2767 1204 2794 πασῶν
1224 2767 1277 2794 τῶν
1294 2768 1323 2793 ὲν
1342 2767 1457 2802 ἐνιαυτῷ
1475 2767 1560 2794 νύκτα
1573 2768 1677 2803 ποιήσηι

897 2821 952 2844 ται,
969 2812 1112 2848 ἐλαχίστην
1126 2813 1154 2839 δὲ
1169 2813 1286 2848 ἡμέραν.

934 2859 1014 2891 lbid.,
1041 2858 1087 2887 lin.
1114 2859 1139 2887 7.
1171 2858 1306 2886 Ἐπειδὰν
1330 2858 1363 2886 δὲ
1389 2859 1528 2886 ἐπανιών.
1555 2859 1683 2892 Basilius,
