1903 3068
41 137 96 163 869

550 139 583 165 IN
603 139 787 167 EUSTATIHI
802 139 1039 168 HEXAEMERON
1060 140 1175 168 NOTAE.

1619 142 1672 169 870

42 197 119 233 παρὰ
148 198 246 233 μικρὸν
277 198 305 224 ἐν
327 198 377 234 μιᾷ
393 198 483 234 ἡμέρᾳ
508 199 604 234 μοῖραν
631 200 762 226 κινεῖσθαι
789 200 825 226 rbi

885 208 929 226 sus
951 200 990 227 uel
1006 209 1120 226 recessus
1145 200 1244 235 liquido
1266 206 1424 229 monstrant.
1443 186 1548 228 Nurunt
1572 201 1673 235 pariter

40 243 128 278 ἥλιον.

77 290 138 318 Col.
149 289 209 320 721.
222 290 268 316 lin.
278 289 322 318 59.
336 290 392 323 Τῆς
400 290 434 316 δὲ
444 291 577 325 σελήνης
583 292 747 326 ληγούσης.
757 291 834 319 Basi-

40 336 107 366 lius.
127 336 201 362 hom.
217 335 244 368 6,
256 334 338 371 Οῑμαι
352 336 379 362 δὲ
395 337 441 363 καὶ
455 338 488 372 τῇ
505 337 558 363 τῶν
573 336 649 369 ζώων
665 340 831 374 κατασκευῇ,

41 381 89 408 καὶ
103 383 160 412 τοῖς
170 381 223 408 ἀπὺ
242 381 293 416 γῆς
313 383 467 416 φυομένοις,
484 381 520 417 μὴ
539 382 639 418 μικρὰν
659 383 789 418 ὑπάρχειν
801 384 832 409 ἐκ

42 428 91 462 τῆς
117 427 189 454 κατὰ
208 427 257 463 τὴν
281 428 395 463 σελήνην
421 428 570 464 μεταϐολῆς
593 429 641 464 τὴν
667 430 830 457 συντέλειαν.

41 473 150 505 Ἄλλως
166 474 221 510 γὰρ
234 473 381 501 διατίθεται
395 475 558 510 μειουμένης
573 476 667 511 αὐτῆς,
683 477 729 503 καὶ
746 476 832 508 ἄλλως

40 520 196 555 αὐξομένης
211 520 245 546 τὰ
256 519 380 555 σώματα,
395 520 442 548 νῦν
456 521 505 556 μὲν
517 521 653 558 ληγούσης
663 522 746 558 ἀραιὰ
760 523 832 557 γενό-

42 575 126 601 μενα,
142 567 189 593 καὶ
205 566 281 600 κενὰ,
293 567 340 593 νῦν
356 567 384 594 δὲ
400 567 562 604 αὐξομένης,
574 569 620 596 καὶ
637 569 704 605 πρὸς
715 569 745 595 τὸ
763 570 832 605 πλῆ-

42 621 89 648 ρες
115 613 313 649 ἐπειγομένης,
329 614 376 640 καὶ
403 613 473 640 αὐτὰ
498 614 578 641 πάλιν
593 615 830 651 ἀναπληρούμενα.

41 660 145 687 Sextus
172 659 386 696 Eiiipyricus-in
416 662 539 693 eamdem
565 663 830 695 scntentiamLVIii,

39 706 108 732 Adv.
128 706 252 732 mat/tem.
266 726 274 738 ,
290 706 374 733 -Κατὰ
403 706 457 742 γὰρ
476 706 525 739 τὰς
541 707 589 742 τῆς
609 708 723 744 σελήνης
747 708 830 744 αὐξή-

40 761 99 786 σεις
122 754 170 779 καὶ
187 753 293 788 φθίσεις
308 753 392 780 πολλὰ
414 753 468 779 τῶν
490 762 519 780 τε
538 753 665 788 ἐπιγείων
686 754 762 786 ζώων
784 755 831 781 καὶ

39 799 198 826 θαλασσίων
215 799 301 834 φθίνει
317 807 346 825 τε
371 799 416 826 καὶ
431 798 506 832 αὕξει
521 820 528 832 ,
553 799 693 835 ἀμπώτεις
722 809 751 827 τε
783 800 830 826 καὶ

40 845 235 883 πλημμυρίδες
249 846 311 880 περὶ
330 854 389 871 τινα
405 845 475 881 μέρη
491 846 539 881 τῆς
553 845 689 881 θαλάσσης
700 846 828 881 γίνονται.

40 893 105 920 Haec
118 895 213 920 eadem
225 892 393 919 incremento
403 892 524 926 ejusdem
539 893 643 928 augeri.
656 884 830 920 decremeii'lo
847 884 867 912 ῧ

38 940 128 967 minui
145 939 214 967 dicit
226 939 331 966 Plinius
348 939 395 966 lib.
420 947 449 970 ii,
467 946 528 973 cap.
543 939 588 971 41,
604 943 631 967 et
645 947 704 974 cap.
719 939 763 971 99,
784 939 829 966 ubi

38 992 203 1020 potestatem
220 986 291 1013 lunae
306 990 333 1013 et
360 990 494 1012 tvri'eiiam
509 989 535 1012 et
550 985 682 1012 marinam
700 985 827 1020 explicat.

37 1032 160 1059 Consule
171 1032 235 1059 item
251 1031 390 1059 .Elianum
404 1031 439 1058 De
453 1031 514 1058 liist.
530 1031 668 1058 anim.lib.
680 1039 718 1062 ix,
730 1039 790 1066 cap.
803 1032 828 1064 4,

37 1079 85 1114 qui
103 1079 186 1105 etiam
203 1078 249 1105 lib.
267 1086 316 1110 Ill,
339 1086 399 1113 cap.
416 1078 458 1108 15,
475 1082 578 1110 narrat,
599 1077 712 1114 physam
727 1077 830 1113 Egyp-

38 1126 109 1151 tiiim
124 1125 239 1159 piscem,
267 1132 374 1152 necnon
391 1129 418 1151 et
433 1124 507 1152 illius
525 1124 604 1158 jecur
618 1132 679 1151 cum
703 1125 766 1152 luna
782 1132 829 1159 pa-

37 1171 106 1198 riter
121 1170 294 1201 decrescere,
313 1170 470 1205 pariterque
489 1178 652 1198 recrescere.
671 1169 751 1197 Plura
770 1178 829 1205 quae

38 1215 215 1251 συμπάθειαν
233 1216 333 1243 habent
345 1224 406 1242 eum
426 1216 489 1243 luna
507 1219 681 1251 augescente,
697 1220 724 1244 et
752 1223 830 1243 sene-

36 1266 134 1289 scente
153 1266 295 1290 enumerat
310 1261 413 1289 Gellius
435 1262 482 1290 lib.
503 1270 550 1294 ιτ,
574 1270 633 1297 cap.
649 1263 676 1294 8,
693 1262 830 1297 refertque

36 1308 136 1336 Lucilii
166 1316 262 1336 versus
285 1308 337 1335 huc
363 1308 540 1343 pertinentes.
561 1308 689 1337 Manilius
713 1316 827 1344 promtu.

36 1355 84 1382 lib.
106 1363 139 1387 ii,
154 1355 194 1382 sic
207 1356 254 1387 ait,

71 1412 121 1440 Sic
131 1412 268 1440 submersa
285 1413 371 1447 fretis,
387 1413 545 1440 conc/tarum
561 1417 585 1440 et
596 1422 699 1441 carcere
709 1413 803 1441 clausa

70 1449 114 1474 Ad
131 1448 203 1475 (una:
216 1453 314 1475 motum
331 1450 434 1475 variant
450 1448 578 1476 animalia
592 1457 695 1483 corpus.

33 1505 233 1540 Hippocrates.
249 1506 308 1534 sive
324 1507 386 1541 quis
405 1507 475 1534 alius
490 1506 581 1534 libello
597 1506 633 1534 Dc
646 1507 826 1540 Astrouomia,

882 245 982 279 experti
995 245 1089 272 medici
1101 245 1215 277 morbos,
1226 247 1424 281 morborumque
1432 247 1564 281 periodos,
1579 252 1602 274 et
1615 248 1672 281 ipso

883 291 952 318 Ιιιηιι·
962 292 1130 323 incremento.
1141 292 1293 326 plcnilunio,
1301 295 1337 320 vel
1346 293 1507 321 deci'emento
1520 302 1571 320 nau
1584 303 1606 322 ω
1615 294 1671 321 vela

882 337 1066 368 committunt;
1092 337 1215 372 agricola:
1242 339 1430 372 aspeclulunw
1457 340 1559 366 diverso
1575 339 1669 367 'terrus

883 387 974 410 aratra
991 383 1107 418 ﬁndunt,
1127 384 1190 418 ﬁmo
1217 385 1392 419 impingitant,
1409 387 1509 413 semina
1532 391 1669 422 spargunt.

882 434 978 464 segetes
995 435 1104 462 metunt,
1121 437 1266 465 mitemque
1278 432 1349 466 agris
1365 440 1395 458 ac
1408 432 1491 459 [tortis
1502 433 1616 460 colendis
1628 433 1670 459 di-

882 474 992 509 ligenter
1008 474 1149 510 adoptant,
1162 481 1187 502 et
1202 476 1229 502 id
1241 478 1342 511 generis
1354 477 1469 511 plurima
1481 483 1614 505 astrorum
1629 487 1669 505 re-

882 520 947 556 ferri
961 526 1065 555 possent
1087 522 1173 558 signa.
1191 521 1332 558 Oppianus
1355 524 1543 552 Ἀλιευτικῶν
1563 525 1669 560 quinto,

882 575 963 594 versu
981 567 1032 594 589
1046 577 1053 594 :

883 624 992 661 Ἔθνεα
1005 624 1031 661 δξ
1046 625 1218 659 ὀστράκινα,
1234 625 1269 653 τά
1288 627 1314 653 θ’
1329 626 1487 660 ἐρπύζουσι
1511 626 1653 661 θαλάσσῃ

880 659 983 686 Πάντα
990 659 1192 694 φάτις-,μήνης
1200 661 1257 696 μὲν
1271 659 1436 695 ἀεξομένης
1451 662 1526 688 κατὰ
1539 659 1666 695 κύκλον,

881 695 972 727 Σαρκὶ
988 695 1190 731 περιπλήϐειν,
1207 697 1254 723 καὶ
1269 697 1395 724 πλείονα
1406 696 1526 731 ναιέμεν
1536 695 1638 724 οἶκον·

881 731 1049 766 Φθι-νούο-ης
1059 730 1085 756 δ’
1097 731 1217 764 ἐξαῦτις
1228 732 1440 766 ἀραιιοοτέροις
1448 730 1538 766 μελέε
1544 740 1594 759 7m

885 765 1075 793 Ῥικνοῦσθαι
1088 774 1095 780 ·
1110 767 1174 800 τοίη
1189 775 1234 799 τις
1249 766 1294 793 ἐνὶ
1312 768 1422 800 σφίσιν
1438 765 1523 794 ἐστὶν
1542 768 1668 802 ἀνάγκη.

881 819 913 846 EI.
928 819 1034 848 Plinius
1048 821 1095 848 lih.
1109 829 1147 854 ll,
1161 829 1221 857 cap.
1240 822 1284 853 51.
1301 821 1399 849 Cancri
1413 828 1436 849 et
1449 823 1538 850 omnia
1555 823 1611 858 ejus
1625 832 1668 858 ge-

881 867 950 894 neris
964 867 1049 895 hieme
1069 867 1211 900 laeduntur,
1230 874 1357 895 autumno
1370 873 1394 895 et
1416 877 1474 896 vere
1497 869 1667 904 pinguescunt

880 917 904 939 et
924 913 1068 947 plenilunio
1087 914 1182 948 magis,
1202 915 1265 948 quia
1286 918 1359 940 nocte
1376 914 1448 941 sidus
1468 914 1552 948 tepido
1567 914 1668 949 fulgore

880 960 1014 994 miti/ient.
1029 959 1135 994 Quibus
1152 960 1326 988 manifestum
1341 965 1393 993 est,
1407 969 1462 988 non
1481 965 1585 988 tantum
1601 969 1668 989 eon-

879 1006 974 1039 chilia,
1000 1007 1048 1034 sed
1076 1007 1217 1039 animalia,
1239 1011 1266 1034 et
1289 1007 1390 1034 multos
1409 1011 1539 1042 praeterea
1563 1007 1668 1042 lapides

880 1052 987 1088 aliaque
1006 1052 1186 1080 diversissimi
1203 1053 1311 1088 generis
1327 1060 1389 1080 cum
1407 1053 1470 1080 luna
1491 1061 1626 1086 crescere.
1639 1057 1668 1080 et

880 1097 1047 1126 decrescere.
1067 1098 1180 1126 Nonnus
1197 1099 1371 1134 Dionysincon
1387 1107 1414 1132 v,
1437 1099 1470 1126 de
1487 1099 1606 1127 selencte
1626 1098 1667 1126 la-

880 1143 941 1179 pide

1193 1218 1228 1222 —
1242 1201 1281 1236 Τῇ
1295 1202 1329 1229 δὲ
1347 1203 1483 1237 σελήνης

877 1233 947 1270 Εἶχε
959 1235 1046 1273 λίᾷον
1059 1236 1244 1269 πάλλευκον,
1261 1233 1295 1270 ὃς
1308 1233 1462 1273 εὐκεράοιο
1471 1233 1596 1272 θεαῖν-ης

879 1271 1062 1309 ᾼειπομένῃς
1071 1273 1198 1309 μινύθει,
1213 1273 1261 1309 καὶ
1276 1271 1393 1305 ἀέξετάι
1408 1275 1520 1302 ὁππότε
1529 1271 1611 1309 μήνη

886 1306 1059 1343 Ἀρτιφανὴς
1073 1307 1166 1343 σέλας
1178 1308 1271 1341 ὑγρὸν
1285 1309 1513 1336 ἀποστίλϐουσα
1526 1306 1646 1343 ἆεραίης

885 1340 1000 1368 Ἠελίου
1013 1342 1171 1377 γενετῆρος
1189 1340 1348 1378 ἀμέλγεται
1369 1345 1534 1379 αὺτόγονον
1543 1340 1612 1378 τὲῦρ.

914 1407 1020 1436 Pselliis
1034 1409 1068 1436 de
1092 1409 1247 1444 lapidibus:
1267 1411 1295 1437 ’0
1311 1410 1462 1447 σεληνίτης.
1487 1411 1615 1438 Keilii-cat
1637 1411 1666 1438 δὲ

879 1455 975 1487 οὕτως,
989 1456 1029 1482 ὅτι
1048 1456 1186 1492 ὀφθαλμὸν
1206 1454 1262 1484 οἷόν
1276 1466 1336 1484 τινα
1361 1457 1557 1494 συναυξόμενον
1574 1458 1666 1486 τοῦτον

880 1502 926 1528 καὶ
944 1502 1162 1538 συμμειούμενον
1184 1504 1246 1535 ταῖς
1265 1503 1315 1538 τῆς
1332 1504 1446 1540 σελήνης
1466 1504 1597 1540 αὑξήσεσι
1620 1505 1666 1531 καὶ

33 1560 66 1578 ex
81 1552 312 1586 interpretatione
332 1551 466 1580 Gulideoli
490 1552 601 1580 Mordici
615 1553 725 1587 :Aspice
739 1554 825 1580 lunam

881 1547 1064 1583 συμμειώσεσι
1080 1548 1225 1576 δείκνυται.
1239 1548 1304 1577 Vide
1322 1549 1475 1586 Philippum
1494 1550 1666 1578 Maussacum

32 1600 147 1632 quando
167 1602 205 1624 est
231 1598 309 1632 plena
330 1598 437 1630 lumine,
453 1599 515 1633 quia
532 1605 586 1625 tum
605 1599 696 1626 crescit
708 1599 827 1635 sanguis,

31 1649 57 1670 et
71 1643 194 1671 medulla
206 1645 231 1670 iii
248 1643 318 1671 omni
332 1643 446 1675 homine,
458 1649 482 1671 et
498 1644 588 1671 bestiis
606 1645 736 1672 omnibus.
756 1644 829 1673 Idem

31 1691 64 1724 ﬁt
75 1691 106 1716 in
122 1690 192 1716 mari
205 1695 229 1717 et
245 1691 347 1717 eunetis
359 1691 385 1717 in
401 1690 476 1717 rebus
490 1691 641 1718 mundanis.
656 1690 827 1723 Ptolemmus,

33 1737 73 1763 Ἥ
90 1745 121 1762 τε
141 1736 239 1771 σελήνη
263 1737 300 1768 ὼς
317 1737 507 1772 περιγειοτάτη
527 1737 618 1763 δίδωσι
634 1738 689 1769 τοῖς
709 1737 778 1773 πρὸς
795 1739 828 1773 τῇ

32 1783 70 1818 γῇ
84 1782 137 1817 τὴν
155 1783 315 1819 ἀπόρροιαν,
329 1782 543 1818 συμπαθούντων
558 1783 636 1818 αὐτῇ,
652 1783 698 1809 καὶ
719 1791 830 1819 συντρε-

32 1828 167 1864 πομένων
188 1828 242 1855 τῶν
259 1828 402 1860 πλείστων,
424 1829 470 1855 καὶ
489 1829 618 1864 ἐμψύχων
637 1829 684 1856 καὶ
703 1829 826 1865 ἀψύχων⁸

32 1876 83 1902 καὶ
108 1874 241 1910 ποταμῶν
268 1875 453 1908 συναυξόντων
474 1876 522 1902 καὶ
544 1875 747 1911 συμμειούντων
773 1878 829 1908 τοῖς

33 1920 125 1954 φωσὶν
141 1920 226 1955 αὐτῆς
239 1919 273 1946 τὰ
283 1920 415 1956 ῥεύματα,
429 1921 568 1948 θαλασσῶν
580 1922 608 1948 δὲ
624 1923 828 1958 συντρεπουσῶν

32 1967 98 1996 ταῖς
113 1965 274 1998 ἀνατολαῖς·
293 1970 318 1993 et
333 1966 467 2002 interpres
495 1961 647 2002 anonymus
676 1967 741 1996 Tab.
766 1968 829 1996 Pto-

34 2013 115 2040 lem..
125 2011 196 2047 Ὀρῶ
211 2012 260 2047 μὲν
275 2012 330 2048 γὰρ
344 2013 390 2038 καὶ
403 2012 437 2038 τὰ
451 2012 580 2039 θαλάττια
592 2013 650 2045 ζῶα
665 2014 824 2047 συναυξανό-

35 2065 107 2092 μενα
130 2057 178 2083 καὶ
205 2057 409 2093 συμμειούμενα
433 2059 466 2093 τῇ
486 2059 595 2094 σελήνῃ,
620 2060 667 2086 καὶ
695 2060 772 2095 ἡμῶν
799 2061 828 2088 δὲ

34 2101 130 2128 αὐτῶν
149 2110 210 2128 τινα
239 2102 309 2137 μέρη
332 2102 378 2128 τοῦ
404 2102 542 2139 σώματος,
570 2101 625 2130 οἷον
655 2105 753 2140 ὄνυχας
780 2106 827 2132 καὶ.

33 2147 149 2182 τρίχας·
170 2145 204 2182 ἦν
223 2148 252 2174 δέ
272 2157 298 2174 τι
317 2149 362 2175 καὶ
389 2149 459 2184 ἱερὸν
484 2148 552 2180 ζῶον
576 2150 605 2176 ὲν
631 2151 664 2185 τῇ
698 2151 827 2187 Αἰγύπτῳ

33 2193 138 2229 ταῦρος
160 2194 335 2229 ἀνακείμενος
358 2196 389 2230 τῇ
411 2195 473 2230 θεῷ,
494 2193 524 2223 οὗ
546 2196 640 2232 ὴσόὸη
663 2197 826 2232 συνηύξανεν

880 1593 907 1620 in
923 1597 1008 1621 notat.
1026 1594 1058 1620 ad
1076 1593 1251 1621 Plutarchum
1263 1594 1297 1622 de
1313 1595 1418 1623 fluniin.
1435 1596 1462 1622 in
1479 1595 1616 1631 Hydaspe,
1634 1600 1662 1622 et

879 1639 1014 1667 Caesarem
1033 1639 1161 1667 [Evoliim
1189 1639 1396 1672 Neapolitanum
1417 1641 1457 1669 De
1480 1642 1567 1668 causis
1593 1643 1664 1668 anti-

878 1685 976 1720 patltia'
999 1691 1022 1713 et
1043 1686 1197 1721 sympatltiw
1221 1695 1308 1714 rerum
1329 1688 1491 1715 naturalium
1510 1689 1537 1715 in
1557 1688 1618 1716 fine.
1633 1689 1665 1716 Et

880 1732 1040 1766 liodulphus
1063 1731 1210 1760 Goclenius
1232 1733 1258 1759 iii
1281 1732 1450 1768 Morosopliia
1473 1733 1586 1762 Joannis
1608 1733 1664 1761 Bo-

879 1778 947 1805 bei-ti
964 1786 1024 1813 pag.
1040 1777 1102 1810 171,
1116 1782 1143 1806 et
1157 1784 1292 1814 sequent.,
1310 1779 1387 1814 plura
1399 1788 1432 1807 ex
1444 1779 1560 1807 laudatis
1572 1785 1665 1807 aucto-

880 1826 955 1853 ribus
972 1825 1105 1860 congerit,
1120 1826 1154 1854 de
1173 1826 1199 1854 vi
1213 1830 1240 1854 et
1257 1825 1376 1853 eflicacia
1403 1827 1473 1854 luna:
1487 1826 1515 1853 in
1536 1826 1578 1854 liis
1592 1826 1664 1855 infe-

879 1872 1009 1899 rioribus.
1027 1873 1126 1899 Mirum
1152 1873 1216 1900 item
1234 1876 1275 1899 est
1291 1872 1362 1908 quod
1383 1873 1409 1899 iii
1430 1871 1555 1900 Herbarii
1570 1873 1664 1908 cujus-

879 1917 941 1944 dam
958 1917 1066 1946 scliedis
1082 1918 1191 1953 legitur,
1215 1918 1349 1945 lunariam
1371 1918 1482 1946 herbam
1502 1919 1530 1945 in
1550 1920 1664 1947 summio

877 1961 992 1996 Alpibus
1008 1962 1083 1990 nasci
1096 1971 1180 1998 prope
1200 1963 1290 1990 fontes
1304 1968 1349 1990 aut
1369 1963 1491 1996 flumina,
1510 1963 1583 1992 foliis
1601 1972 1663 1999 par-

878 2008 950 2035 vulis
966 2027 973 2038 ,
1005 2008 1130 2035 rotundis
1155 2008 1243 2035 instar
1263 2009 1395 2035 nummuli
1414 2009 1447 2035 ad
1473 2010 1591 2037 amaraci
1608 2010 1664 2038 fere

878 2054 1095 2088 similitudinem,
1116 2054 1189 2081 caesii
1213 2055 1254 2081 vel
1276 2055 1383 2082 caerulei
1396 2055 1508 2087 coloris,
1528 2056 1606 2083 caule
1618 2064 1664 2082 rii-

878 2100 938 2131 bro,
954 2105 980 2127 et
1007 2100 1131 2132 odorato,
1158 2101 1250 2128 radice
1269 2108 1381 2134 crocea;
1409 2101 1598 2137 lunariaiiique
1623 2102 1665 2129 id-

878 2147 952 2174 circo
970 2147 1111 2181 appellari,
1133 2146 1205 2182 quod
1224 2147 1257 2174 ad
1275 2147 1346 2175 luna:
1362 2152 1469 2181 auctus,
1479 2149 1522 2176 vel
1537 2149 1664 2176 imminu-

878 2194 967 2220 tiones
981 2201 1105 2220 crescere
1129 2201 1161 2220 ac
1173 2192 1332 2221 decrescere
1343 2194 1525 2222 consueverit.
1542 2194 1664 2222 totidem-

34 2240 120 2274 αὐτῇ,
140 2239 187 2267 καὶ
216 2240 397 2276 συνεμειοῦτο.
424 2241 484 2267 Εἰσὶ
508 2241 536 2267 δὲ
560 2242 606 2268 καὶ
630 2241 677 2268 νῦν
706 2243 825 2278 συμφθέ-

880 2247 930 2274 que
947 2239 1009 2266 folia
1024 2240 1123 2267 habere
1142 2240 1252 2272 dicitur,
1269 2244 1335 2275 quot
1350 2240 1413 2267 luna
1428 2241 1509 2268 habet
1521 2241 1590 2269 dies.

34 2295 140 2318 νον-τες,
155 2287 202 2313 καὶ
217 2287 409 2319 συναυξοῦντες
424 2287 490 2316 λίοοι
507 2288 578 2320 τινὲς
591 2289 624 2325 τῇ
651 2288 712 2324 θεῷ.
731 2289 824 2316 Horat.

33 2338 65 2363 ii,
80 2337 239 2359 sermonum
254 2332 271 2358 4
284 2341 290 2358 :

105 2387 224 2415 Lubrica
239 2395 373 2417 irascentes
390 2390 496 2424 implent
512 2391 641 2418 concliilia
656 2391 735 2419 lunw.

31 2456 159 2484 Isidorus
176 2456 238 2484 libr.
263 2465 311 2489 xu,
329 2464 389 2492 cap.
404 2456 430 2490 6,
451 2457 575 2486 Omnium
602 2458 753 2485 clausorum
767 2467 825 2485 ma-

32 2505 71 2531 ris
89 2505 260 2536 animalium,
287 2510 364 2540 atque
392 2506 549 2532 concharum
574 2507 730 2532 incremento
755 2506 825 2534 luna:

32 2551 155 2578 membra
166 2556 333 2586 turgescunt;
348 2552 447 2586 defectu
460 2557 630 2578 evacuantur.
647 2551 728 2579 Lumc
743 2553 823 2585 enim,

31 2605 93 2623 cum
111 2597 139 2623 in
161 2603 300 2632 augmento
315 2599 406 2632 fuerit,
427 2603 503 2633 auget
521 2601 666 2630 limitarem,
686 2607 745 2626 eum
765 2608 823 2626 vero

31 2644 58 2669 in
76 2643 210 2678 defectum
221 2645 328 2675 venerit,
343 2644 464 2670 [tumores
480 2645 644 2676 minuuntur,
660 2650 712 2672 etc.
732 2645 824 2672 Ludo-

31 2691 111 2717 vicus
135 2689 237 2717 Fidelis
262 2690 299 2716 De
326 2690 416 2717 mund.
449 2695 542 2717 struet.
572 2691 632 2718 libr.
653 2699 679 2722 ν,
702 2699 762 2726 cap.
795 2691 822 2724 5,

31 2736 127 2769 Lume,
142 2737 242 2771 inquit,
257 2736 418 2771 diversitate,
429 2739 587 2764 incremento
599 2738 637 2764 vel
649 2738 821 2770 decrementa,

31 2787 164 2818 augentur
180 2783 219 2810 vel
251 2785 414 2816 minuuntur,
438 2785 646 2819 impinguantur,
662 2785 700 2811 vel
720 2793 822 2811 marce-

31 2836 110 2857 scunt
124 2839 237 2865 corpora
248 2831 386 2865 inferiora,
409 2832 478 2866 quod
493 2832 642 2858 animantia
657 2831 746 2863 bruta,
764 2840 822 2858 aves

34 2885 65 2903 ac
81 2878 179 2911 pisces,
203 2877 359 2912 illorumque
376 2878 508 2911 medulla’,
527 2880 578 2906 into
593 2884 617 2906 et
638 2879 719 2905 maris
736 2886 822 2905 acces-

913 2283 994 2315 lliid..
1008 2285 1057 2311 lin.
1073 2285 1117 2311 42.
1139 2285 1215 2312 Διότι
1231 2286 1386 2320 ὑγρότητα.
1404 2285 1531 2317 Basilius,
1545 2286 1616 2313 hom.
1634 2287 1661 2315 6.

877 2331 949 2357 Διότι
976 2331 1112 2367 ὑγρότητα
1132 2341 1192 2358 τινα
1213 2331 1358 2368 Θερμότητι
1381 2333 1552 2368 κεκραμένην
1567 2332 1614 2359 ἐπὶ
1633 2333 1662 2359 τὸ

878 2376 959 2412 βάθος
986 2377 1138 2411 φθάνουσαν
1164 2377 1314 2413 λεληθότως
1341 2378 1452 2412 ἐνίησιν.
1481 2377 1661 2410 Aristoteles.

877 2422 923 2450 lib.
940 2431 967 2454 v,
983 2422 1022 2449 De
1032 2428 1101 2458 part.
1119 2423 1239 2451 animal..
1253 2431 1313 2458 cap.
1333 2423 1360 2455 5,
1376 2423 1508 2450 rationein
1523 2425 1662 2459 augmenti

875 2468 959 2495 tradit
976 2476 1037 2496 esse
1050 2474 1142 2496 noctes
1158 2469 1314 2503 lepidiores.
1327 2468 1552 2504 quemadmodum
1568 2474 1594 2496 et
1612 2470 1662 2497 de-

876 2515 1006 2541 crementi
1030 2515 1196 2549 frigidiores;
1215 2522 1276 2542 cum
1296 2515 1368 2542 enim
1391 2515 1519 2542 animalia
1539 2515 1595 2542 haec
1612 2523 1661 2542 ex-

875 2559 1000 2593 sanguia,
1016 2565 1042 2586 ut
1054 2564 1161 2591 ostreae,
1174 2559 1325 2595 conchylia,
1339 2565 1364 2587 et
1376 2560 1401 2586 id
1416 2561 1523 2594 generis
1539 2561 1591 2587 alia
1607 2561 1662 2588 sitit

876 2604 1024 2638 frigidioris
1046 2609 1161 2635 natiirm,
1187 2605 1286 2640 frigore
1304 2609 1399 2632 vexata
1416 2605 1533 2633 calorem
1554 2605 1662 2633 deside-

874 2652 946 2681 rant,
964 2649 1043 2682 cujus
1055 2657 1105 2683 ope
1127 2649 1248 2684 pleniora
1262 2650 1390 2680 evadunt,
1407 2654 1517 2684 propter
1532 2650 1602 2677 enini
1620 2650 1662 2678 lu-

875 2699 932 2719 ceiii
952 2692 1098 2726 pleniorem
1122 2699 1216 2720 noctes
1231 2698 1295 2721 sunt
1312 2694 1471 2729 lepidiores.
1486 2700 1512 2722 et
1529 2703 1581 2722 non
1597 2695 1661 2730 quiti

874 2745 923 2772 per
935 2738 959 2765 id
980 2742 1086 2773 tempus
1109 2740 1247 2774 eopiosiiis
1273 2745 1423 2775 pascuntur
1438 2745 1467 2768 ut
1494 2742 1569 2768 iiiiilti
1585 2742 1662 2770 dixe-

875 2787 948 2810 runt.
966 2784 1093 2817 Qiiiiiiiiio
1108 2785 1165 2820 ipse
1177 2787 1336 2814 Aristoteles
1351 2787 1369 2814 ι.
1387 2795 1424 2817 ιν,
1439 2787 1477 2814 De
1496 2789 1662 2822 generatione

875 2831 999 2864 animal.,
1018 2839 1078 2866 cap.
1099 2831 1126 2864 ‘2,
1140 2831 1218 2859 docet
1235 2832 1314 2859 sicuti
1330 2833 1370 2860 sol
1390 2841 1439 2868 per
1460 2837 1545 2860 totum
1559 2841 1660 2862 aiiiium

875 2881 996 2905 aestatem
1017 2882 1098 2914 atque
1118 2877 1232 2906 hiemem
1251 2879 1324 2913 facit,
1348 2879 1384 2906 ita
1402 2879 1491 2906 lunam
1519 2887 1565 2914 per
1585 2887 1660 2906 men-
