1903 3068
233 120 282 149 ετι

911 116 1034 144 LEONlS
1052 116 1189 144 ALLATll

1822 117 1869 144 873

232 186 301 210 sem,
327 182 381 205 non
402 177 511 212 quidem
534 184 657 207 accessu.
675 177 845 212 decessuque
868 181 898 204 ut
923 177 1020 208 solent.
1036 180 1056 207 Α
1073 176 1187 204 rlizeum.
1205 175 1262 202 Sita
1283 179 1373 203 autem
1399 175 1504 211 Pyrrha
1528 179 1587 203 erat
1606 176 1632 202 in
1649 175 1772 202 occiduo
1794 174 1870 204 Lesbi

233 224 282 252 sed
295 224 474 255 incremento,
491 227 517 250 et
533 223 709 251 decremento
720 223 843 251 luminis.
860 223 936 251 Luna
948 225 1020 251 enim

232 268 311 302 plena
329 268 460 298 calorem,
480 275 560 303 quem
583 268 687 303 reliquo
699 273 821 304 tempore
838 269 919 297 habet
931 270 1022 297 minus

233 315 381 345 inteusum.
403 313 519 341 intendit
533 323 540 346 ;
557 315 627 342 sicut
643 319 670 342 et
684 315 726 342 sol
740 320 833 344 a-state
845 316 907 351 plus
923 317 1023 344 calefa-

232 360 280 391 cit,
297 360 385 387 hieme
401 360 502 386 minus.

268 407 327 435 Col.
345 407 405 437 7'31,
419 407 467 434 lin.
479 407 522 433 45.
542 408 574 433 υὶ
595 406 649 442 γὰρ
672 407 877 441 καθεύδοντες.
892 408 1019 440 Basilius.

217 447 220 451 ’
234 453 331 480 hom.6
345 463 351 480 :
368 453 481 488 Δηλοῦσι
498 453 525 479 δὲ
541 454 564 480 οἱ
578 453 753 485 καθευδοντες
766 454 818 481 ὑπὸ
833 455 947 490 σελήνην
956 456 1022 491 ὐγρὸ

231 508 312 536 τητος
325 500 457 535 περισσῆς
470 499 517 531 τὰς
530 500 578 535 τῆς
595 501 712 536 κεφαλῆς
725 501 892 538 εὐρυχωρίας
907 503 1023 538 πληρού-

234 554 318 580 μενοι,
336 546 382 572 καὶ
397 546 430 572 τὰ
450 546 585 581 νεοσφαγῆ
605 546 658 572 τῶν
677 547 764 582 κρεῶν
781 549 847 582 ταχὺ
869 550 1023 584 τρεπόμενα

231 592 264 626 τῇ
283 591 418 627 προσΰολῇ
433 592 482 627 τῆς
503 592 626 628 σελήνης,
644 594 691 620 καὶ
708 593 784 625 ζώων
799 595 955 630 ἐγκέφαλοι,
976 597 1023 622 καὶ

231 636 286 664 τῶν
299 637 448 664 Θαλαττεων
460 638 493 665 τὰ
510 638 655 674 ὑγρότατα,
670 640 716 666 καὶ
730 641 757 666 αἱ
773 640 827 666 τῶν
845 641 960 676 δένδρων
978 643 1023 668 ὲν-

231 683 368 719 τεριῶναι.
392 683 511 712 Galenus
536 685 582 712 lib.
614 693 643 712 Ill
671 685 710 712 De
737 686 805 713 dieb.
827 686 968 719 decretam,
989 688 1023 716 de

232 730 296 757 luna
314 739 320 756 :
338 729 429 756 Πάντα
446 731 494 765 μὲν
509 731 562 766 γὰρ
574 730 591 758 ἃ
605 731 670 767 δρᾷν
690 732 812 766 πέφυκεν
831 733 937 770 ἀμυδρὰ
951 734 1024 768 γίνε-

230 784 285 807 1ται1
307 775 462 811 μηνοειδοῦς
473 777 621 812 γενομένης
635 777 734 813 αὐτῆς
749 778 857 805 ἅπαντα
877 780 906 807 δὲ
925 781 1022 817 ισχυρὰ

233 822 458 858 πεπληρωμένης,
476 822 546 849 ὥστε
559 824 606 850 καὶ
624 824 687 856 τοὺς
707 826 830 860 καρποὺς
843 827 872 852 ὲν
889 826 956 862 eos:
972 837 1021 854 πε-

232 869 322 895 παίνει
352 869 398 895 καὶ
421 868 529 901 αὐξάνει
552 870 676 904 τάχιστα,
692 872 739 897 καὶ
756 872 790 898 τὰ
804 872 888 908 νεκρὰ
909 873 1022 909 σώματα

231 915 368 951 διασήπει,
379 915 424 942 καὶ
435 916 496 947 τοὺς
510 916 561 942 ὑπὸ
573 916 622 951 τὴν
635 917 721 953 αὐγὴν
732 917 816 953 αὐτῆς
830 919 1019 954 κοιμηθέντας,

230 960 247 996 ἢ
264 962 310 987 καὶ
322 961 408 992 ἄλλως
423 962 468 987 ἐπὶ
483 961 561 988 πλέον
577 962 778 998 διατρίψαντας,
793 964 898 1000 ὠχροὺς
915 965 961 992 καὶ
978 975 1022 994 κα-

232 1006 397 1043 ρηϐαρικοὺς
411 1007 608 1042 ἀπεργάζεται.
630 1007 728 1036 Omnia
750 1010 883 1045 siquidem
900 1019 960 1046 quae
981 1011 1022 1038 fa-

230 1060 292 1081 cere
315 1057 378 1080 nata
395 1059 445 1085 est,
464 1054 510 1081 ubi
527 1053 604 1082 falcis
625 1054 738 1089 figuram
758 1061 946 1091 repraesentat,
963 1058 1021 1085 lau-

230 1098 311 1134 guida
327 1101 415 1131 liuut;
439 1100 528 1126 valida
544 1100 647 1131 omnia.
663 1108 725 1128 cum
743 1101 822 1136 plena
837 1101 928 1130 fuerit.
946 1102 1021 1135 Qua-

230 1149 341 1180 propter
355 1150 383 1172 et
398 1145 490 1181 fruges
507 1149 573 1172 tunc
597 1145 724 1181 adauget.
739 1151 912 1183 maturatque
933 1149 1020 1176 celer-

229 1192 308 1222 rime.
326 1195 432 1218 mortua
446 1199 561 1226 corpora
575 1191 602 1218 in
614 1191 704 1218 tabem
719 1191 854 1225 dissolvit,
870 1201 1021 1229 somnoque

229 1237 327 1272 sopitis
342 1237 394 1264 sub
411 1237 471 1271 ejus
486 1237 598 1268 lumine.
617 1237 659 1264 vel
679 1237 759 1265 aliter
772 1238 876 1266 diutius
890 1239 1021 1268 immora-

228 1284 264 1311 tis
279 1284 420 1318 pallorem,
435 1287 461 1310 et
479 1284 577 1318 capitis
591 1283 713 1311 dolorem
728 1285 867 1313 conciliat.

264 1329 345 1361 lbid.,
362 1330 411 1356 lin.
428 1329 473 1356 46,
495 1330 613 1364 Ὁμοίως
628 1329 662 1356 δὲ
679 1330 727 1356 καὶ
745 1330 781 1357 τὰ
795 1332 872 1366 περί.
889 1332 1019 1366 Basilius,

228 1375 303 1403 hom.
319 1376 336 1402 6
351 1385 358 1402 :
376 1376 430 1402 Καὶ
442 1376 476 1402 τὰ
497 1376 561 1411 περὶ
577 1375 622 1401 τδν
639 1375 708 1412 ἀέρα
724 1376 752 1403 δὲ
771 1378 843 1414 πάθη
862 1381 921 1411 ταῖς
939 1389 1020 1415 μετα-

227 1421 319 1454 ϐολαῖς
338 1422 438 1457 ταύτης
459 1421 671 1455 συνδιατίθεται,
693 1422 730 1454 ὡς
756 1426 938 1461 μαρτυροῦσιν
954 1428 1020 1462 ἡμῖν

229 1469 259 1495 αἴ
271 1477 300 1495 τε
315 1469 385 1495 κατὰ
403 1469 451 1504 τὴν
463 1468 611 1504 νουμηνίαν
625 1470 753 1503 πολλάκις
767 1471 821 1497 ἀπὸ
837 1471 955 1508 γαλήνης
974 1475 1021 1500 καὶ

227 1515 358 1550 νηνεμίας
381 1515 507 1550 αἱφνίδιοι
527 1515 645 1551 ταραχαὶ
658 1515 749 1551 ’νεφῶν
766 1517 962 1554 κλονουμένων,
975 1521 1020 1547 καὶ
1033 1532 1054 1560 C

229 1560 440 1596 συμπιπτόντων
454 1560 588 1596 ἀλλήλοις.

264 1607 331 1634 Ibid.
349 1607 396 1633 lin.
412 1607 456 1635 50.
474 1607 528 1635 Kal
545 1608 677 1643 γίνονται
694 1609 760 1644 περὶ
780 1609 850 1642 τοὺς
865 1611 1017 1646 εὐρίπους.

228 1654 356 1684 Basilius.
376 1654 448 1681 hom.
472 1654 488 1681 6
511 1664 518 1682 :
545 1655 599 1682 Kai
620 1655 648 1681 αἱ
668 1656 732 1691 περὶ
748 1657 810 1687 τοὺς
823 1657 952 1693 εὑρίπους
966 1667 1019 1685 πα-

226 1700 355 1736 λίρροιαι,
369 1701 416 1726 καὶ
428 1701 444 1735 ἡ
460 1701 522 1736 περὶ
538 1701 582 1727 τὸν
592 1701 737 1737 λεγόμενον
749 1702 868 1729 ὠκεανὸν
882 1703 1018 1739 ἄμπωτις,

227 1746 261 1780 ἢν
275 1747 335 1776 ταῖς
348 1745 481 1780 περιόδοις
496 1747 545 1781 τῆς
561 1746 674 1783 σελήνης
690 1749 863 1784 τεταγμένως
883 1750 1019 1786 ἑπομένην

229 1790 339 1826 ἐξεῦρον
351 1791 376 1817 οἱ
385 1792 602 1826 προσοικοῦντες.
613 1794 644 1819 Ui
664 1793 713 1828 μὲν
727 1795 782 1830 γὰρ
797 1794 904 1831 εὔριποι
919 1797 1020 1832 μεταρ-

228 1837 335 1872 ῥέουσιν
350 1837 393 1872 ἐφ’
408 1837 525 1873 ἑκάτερα
545 1839 616 1866 κατὰ
639 1839 674 1866 τὰ
690 1839 772 1867 λοιπὰ
788 1841 837 1876 τῆς
852 1842 974 1879 σελήνης,
991 1845 1019 1871 ὲν

227 1883 256 1909 δὲ
271 1882 310 1918 τῷ
325 1883 414 1918 καιρῷ
425 1884 476 1918 τῆς
490 1884 623 1918 γενέσεως
637 1885 697 1912 οὐδὲ
711 1886 741 1912 τὸ
758 1887 926 1923 βραχύτατον
940 1890 1019 1925 ἀτρε-

229 1930 335 1965 μοῦσιν,
354 1929 411 1956 ἀλλ’
428 1931 458 1956 ἐν
479 1930 550 1965 σάλῳ
567 1932 614 1958 καὶ
627 1932 793 1960 ταλαντώσει
805 1934 923 1971 διηνεκεῖ
937 1936 1018 1963 καθε-

228 1976 370 2012 στήκασιν,
389 1976 452 2008 ἕως,
479 1977 626 2010 ὲκφανεῖσα
651 1977 741 2010 πάλιν,
768 1980 928 2008 ἀκολουθίαν
959 1983 1019 2009 τινὰ

227 2022 261 2057 τῇ
288 2021 434 2058 παλιρροία
454 2023 636 2058 παράσχηται.
657 2025 687 2051 'H
711 2025 740 2052 δὲ
763 2027 876 2063 ἑσπερία
898 2027 1019 2056 θάλασσα

227 2066 276 2099 ’τὰς
301 2067 442 2101 ἀμπώτεις
467 2068 632 2102 ὑφίσταται,
658 2069 704 2096 νῦν
736 2071 784 2106 μὲν
812 2072 1017 2108 ὑπονοστοῦσα,

228 2113 308 2140 πάλιν
323 2113 350 2140 δὲ
366 2114 557 2146 ἐπικλύζουσα,
571 2115 665 2150 ὥσπερ
681 2118 828 2151 ἀναπνοαῖς
839 2120 888 2155 τῆς
905 2121 1019 2158 σελήνης

227 2158 398 2194 ὑφέλκομένη
416 2159 483 2195 πρὸς
495 2160 525 2187 τὸ
543 2161 640 2192 ὀπίσω,
655 2164 701 2189 καὶ
725 2164 806 2191 πάλιν
827 2167 887 2197 ταῖς
906 2167 953 2193 ἀπ’
969 2169 1019 2194 αὑ-

1074 223 1159 250 latere
1181 223 1202 249 C
1220 230 1235 250 a
1252 223 1329 250 Malia
1345 222 1450 254 stadiis,
1468 223 1504 249 ita
1520 223 1654 250 referente
1669 222 1812 250 Strabone
1828 223 1870 250 lib.

1073 277 1141 301 xm;
1157 273 1184 296 et
1204 276 1279 295 mare
1302 268 1373 295 inter
1388 267 1520 295 Eubmam
1540 272 1568 296 et
1597 268 1774 298 Chalcidem.
1801 268 1870 302 quod

1073 319 1155 349 ponte
1181 315 1264 342 duum
1282 315 1410 349 jugcrum
1431 314 1607 350 iungebatur.
1638 315 1718 348 Quod
1747 320 1778 342 et
1814 316 1873 343 aliis

1073 360 1160 388 fuisse
1173 368 1318 387 commune
1339 361 1406 388 satis
1427 361 1602 388 manifestum
1620 366 1662 388 est
1686 361 1716 388 in
1742 361 1871 393 historia,

1072 410 1099 433 ct
1112 407 1238 442 quamvis
1261 406 1421 434 Eustathius
1439 407 1560 435 videatur
1585 407 1719 435 reflumm
1740 408 1832 434 maris
1847 407 1872 434 in

1074 450 1181 486 Euripis
1213 455 1317 478 tantum
1347 452 1499 485 allirmare;
1534 456 1624 479 tamen
1650 453 1674 479 si
1703 456 1784 479 recte
1813 452 1872 487 ejus

1073 497 1155 524 verba
1171 497 1383 532 perpendautur,
1396 498 1430 525 de
1441 498 1568 525 universa
1582 498 1666 525 totius
1682 499 1772 525 maris
1790 499 1870 529 mole.

1074 543 1131 570 sive
1147 547 1187 577 (ut
1206 544 1242 570 ita
1259 543 1360 578 dicam)
1378 544 1506 571 barathro
1530 544 1733 579 intelliguntur.
1753 544 1873 579 Euripo-

1073 596 1133 614 rum
1153 593 1242 616 autem
1266 590 1431 616 mentionem
1456 589 1572 620 induxit,
1587 590 1659 624 quod
1682 591 1709 617 in
1731 590 1790 617 illis
1807 598 1872 625 prae-

1073 635 1152 670 cipue
1168 634 1257 662 fluxus
1273 636 1323 663 iste
1343 642 1482 664 cernatur.
1500 636 1534 663 Et
1555 637 1627 663 circa
1650 637 1757 668 littora,
1778 643 1810 663 ut
1834 637 1872 663 in-

1073 681 1131 716 quit
1147 681 1262 714 Plinius,
1279 683 1362 717 magis
1378 691 1457 717 quam
1474 683 1500 709 in
1523 683 1578 709 alto
1597 683 1624 709 lii
1647 683 1767 718 (aquari:
1787 689 1871 710 motus

1073 727 1307 761 deprehenduntur.
1337 727 1388 762 Qui
1411 736 1467 763 quo
1491 729 1662 756 manifestior
1685 729 1781 757 oculis
1813 737 1870 764 spc-

1073 774 1205 802 ctantium
1223 778 1274 806 est,
1295 782 1328 801 eo
1352 775 1506 810 perplexior
1532 777 1606 811 angit
1629 775 1869 803 considerantium

1073 821 1198 853 animos,
1229 825 1257 849 et
1283 821 1424 849 veritatem
1454 830 1536 850 sensu
1568 827 1706 858 patentem
1741 822 1870 850 deturbat

1074 871 1155 902 atque
1183 868 1337 896 confundit.
1363 868 1479 901 Quidam
1505 868 1710 900 existimarunt.
1734 875 1830 901 nocte,
1846 872 1870 896 et

1072 912 1192 940 interdiu
1224 913 1358 949 reciproci
1390 914 1509 948 mquoris
1536 913 1609 941 fluxu
1636 919 1805 941 azstuantem
1829 921 1870 941 re-

1072 959 1125 986 labi
1141 961 1256 995 septies.
1275 960 1379 988 Seneca
1395 960 1422 987 in
1440 959 1555 988 llercule
1572 959 1665 988 (Elaea
1680 969 1689 988 :

1146 1016 1261 1052 Euripus
1274 1017 1360 1044 undas
1375 1017 1457 1052 ﬂectit
1473 1017 1608 1044 instabiles
1623 1026 1706 1052 vagas

1143 1051 1295 1088 Septemque
1310 1051 1403 1080 cursus
1418 1054 1468 1088 [ert
1482 1058 1506 1080 et
1525 1054 1630 1080 totidem
1644 1051 1737 1087 refert.

1143 1088 1213 1115 Dum
1227 1089 1330 1122 lapsum
1348 1088 1426 1115 Titan
1444 1094 1543 1124 mergat
1558 1088 1664 1116 Oceano
1681 1089 1776 1123 iubar.

1072 1143 1165 1172 Livius
1179 1145 1228 1172 lib.
1246 1153 1320 1172 xxvii
1333 1153 1388 1172 non
1403 1146 1554 1173 assentitur
1569 1145 1633 1172 huic
1647 1146 1797 1173 sententiae
1814 1155 1821 1172 :
1838 1145 1867 1172 Et

1071 1191 1169 1225 fretum
1184 1192 1281 1225 ipsum,
1300 1191 1398 1226 inquit,
1413 1190 1507 1225 Euripi
1529 1199 1581 1218 non
1605 1192 1699 1225 septies
1725 1191 1781 1223 die,
1803 1193 1867 1218 sicut

1071 1236 1146 1272 fama
1171 1237 1232 1272 fert,
1257 1237 1415 1270 temporibus
1439 1238 1517 1264 statis
1535 1239 1692 1271 reciprocat,
1712 1237 1759 1265 sed
1775 1243 1867 1265 temere

1071 1284 1100 1310 in
1124 1283 1231 1310 modum
1258 1284 1336 1315 venti,
1363 1292 1432 1310 nunc
1454 1283 1514 1316 huc,
1532 1292 1602 1311 nunc
1623 1285 1689 1311 illuc
1706 1293 1782 1312 verso
1801 1286 1867 1312 mari

1070 1330 1139 1358 velut
1156 1335 1243 1357 monte
1266 1330 1398 1364 pracipiti
1410 1330 1546 1357 devolutus
1561 1335 1664 1358 torrens
1681 1332 1797 1366 rapitur.
1812 1333 1864 1358 An-

1071 1377 1184 1412 tiphilus
1201 1376 1344 1412 Byzantius
1366 1377 1426 1412 ejus
1450 1377 1693 1413 reciprocationem
1720 1378 1865 1414 Ant/iotog.

1072 1422 1147 1458 Epig.
1161 1423 1209 1450 lib.
1227 1431 1246 1455 ι,
1264 1431 1325 1458 cap.
1343 1423 1389 1456 56,
1405 1423 1610 1459 elegantissime
1624 1425 1765 1459 expreSsit
1783 1434 1790 1452 :

1106 1479 1252 1506 Εὑϐοῑκοῦ
1270 1479 1395 1515 κόλποιο
1410 1479 1606 1515 παλινὸίνητε
1623 1480 1781 1511 θάλασσα,

1141 1514 1298 1549 [May-uror
1309 1514 1397 1549 ὕδωρ.
1411 1515 1495 1548 ἰδίοις
1501 1516 1652 1550 ῥεύμασιν
1662 1517 1834 1544 ἀντίπαλον

1116 1549 1217 1582 Ἠελίῳ
1229 1558 1289 1586 amr
1303 1550 1389 1577 νυκτὶ
1404 1549 1585 1586 τεταγμένον
1593 1552 1625 1584 ἐς
1636 1552 1698 1586 τρὶς
1711 1553 1842 1579 ἄπιστον
1850 1562 1857 1567 ·

1143 1585 1262 1622 Navali!
1277 1585 1353 1612 ὅσον
1372 1585 1498 1622 πέμπεις
1509 1587 1604 1621 χεῦμα
1616 1587 1828 1622 ὃανειζὶῖμενον
1839 1609 1847 1619 .

1110 1619 1211 1658 earl?an
1219 1620 1291 1658 ﬁlov
1307 1619 1455 1658 augeam
1466 1624 1498 1648 τι)
1509 1619 1644 1658 Intuitur,
1658 1619 1857 1658 οῠδὲματεύω

1144 1655 1208 1689 Σὴν
1219 1655 1339 1683 στάσιν.
1358 1656 1486 1690 Ἀρῤήτῳ
1503 1655 1595 1684 ταῦτα
1608 1657 1730 1692 μέμηλε
1740 1655 1847 1693 ῥύσει.

1074 1711 1123 1738 Diu
1139 1711 1202 1739 item
1221 1713 1366 1747 qmesitum
1382 1721 1397 1740 a
1412 1713 1593 1749 philosophis,
1608 1723 1730 1750 quanam
1746 1718 1865 1748 ratione.

1072 1760 1098 1783 et
1114 1764 1168 1791 quo
1181 1757 1337 1792 impellente
1354 1765 1429 1785 mare
1444 1759 1598 1791 accederet,
1619 1768 1776 1795 rursusque
1792 1770 1865 1790 recc.

1073 1803 1165 1836 deret;
1180 1811 1275 1830 eorum
1301 1804 1401 1839 placita
1423 1804 1506 1832 refert
1525 1805 1701 1835 Plutarchus.
1721 1807 1865 1843 Euripides

1073 1850 1100 1877 in
1114 1849 1251 1886 Iphigenia
1269 1851 1384 1878 Taurica
1396 1859 1411 1879 a
1424 1853 1512 1880 ventis
1521 1854 1688 1888 quibusdam
1706 1856 1763 1884 illic
1778 1857 1866 1885 ﬂanti-

1073 1896 1124 1923 bus
1141 1897 1177 1923 ita
1201 1897 1260 1932 rapi
1284 1898 1381 1925 credit.
1407 1899 1490 1931 Quid,
1515 1900 1537 1926 si
1561 1900 1587 1927 id
1609 1901 1679 1929 idem
1707 1902 1768 1930 ﬁeri
1791 1906 1865 1931 nulla

1072 1942 1156 1969 ﬂante
1180 1950 1247 1969 aura
1263 1947 1434 1978 compertum
1450 1945 1512 1972 est?
1524 1945 1714 1979 Aristotelem,
1733 1950 1808 1984 quod
1827 1952 1864 1978 rei

1073 1987 1155 2021 hujus
1170 1993 1296 2015 naturain
1315 1989 1438 2017 invenire
1455 1999 1508 2018 non
1527 1998 1630 2026 posset,
1646 1993 1729 2020 taedio
1743 1996 1864 2023 animam

1072 2033 1178 2061 elllasse
1193 2034 1316 2069 perhibet
1332 2034 1552 2069 Nanzianzenus,
1565 2037 1692 2067 Justinus
1710 2047 1817 2078 martyr
1838 2044 1865 2070 in

1073 2080 1145 2107 illius
1160 2080 1326 2115 profundum
1342 2090 1372 2109 se
1386 2083 1555 2118 prazcipitem
1566 2085 1689 2117 dedisse,
1707 2087 1806 2124 sicque
1816 2090 1865 2118 de-

1072 2133 1191 2154 mersum
1204 2127 1324 2154 animum
1341 2128 1484 2163 abjeeisse.
1500 2130 1679 2160 (lommuuior
1692 2137 1786 2162 tamen
1801 2143 1863 2163 sen-

1071 2173 1156 2199 tentia
1171 2177 1198 2199 et
1212 2173 1319 2200 veritati
1335 2175 1422 2210 magis
1442 2183 1564 2204 consona
1580 2177 1700 2210 videtur,
1717 2188 1802 2215 quam
1821 2191 1863 2210 sc-

227 2205 276 2240 τῆς
290 2205 429 2237 ἐκπνοίαις
449 2206 488 2238 εἰς
511 2207 541 2233 τὸ
564 2209 664 2234 οἰκεῖον
681 2209 779 2246 μέτρον
795 2212 1015 2248 προωθουμένης.

228 2252 260 2260 .-.
289 2252 295 2260 ρ
424 2252 430 2260 .
461 2251 472 2260 ..
614 2255 651 2260 ,η
683 2259 687 2260 ,
829 2257 835 2260 _

1077 2217 1123 2243 :uti
1141 2222 1205 2244 sunt
1225 2218 1349 2246 nonnulli
1369 2205 1474 2254 aintiqui
1489 2220 1643 2256 philosophi
1663 2205 1699 2250 et.
1716 2205 1768 2251 viri
1795 2205 1862 2260 prie-

227 2252 374 2287 Εὐριπους.
390 2252 431 2278 vel
445 2251 567 2288 εΰριπος,
580 2258 622 2281 est
640 2255 738 2282 fretum
753 2264 801 2284 seu
820 2257 919 2286 ductus
933 2267 1018 2293 aqua‘

227 2306 286 2325 rum
314 2302 414 2325 terram
440 2304 555 2334 utraque
583 2305 659 2335 parte
686 2301 854 2336 adjacentem
881 2305 1016 2333 dividens.

225 2343 322 2370 (licem
348 2343 395 2370 lib.
423 2352 449 2375 v,
469 2343 508 2371 De
533 2345 653 2380 legibus:
672 2346 773 2374 Ductus
799 2357 929 2383 aquarum
953 2360 1017 2386 quos

227 2389 272 2415 isti
290 2388 367 2416 Nilos
384 2388 546 2425 Euriposque
563 2396 666 2422 vocant,
682 2393 740 2427 quis
764 2401 823 2420 cum
849 2394 940 2422 viderit
965 2405 1017 2424 nan

227 2434 359 2461 irriserit?
373 2434 468 2462 Pollux
486 2436 532 2463 lib.
552 2445 590 2466 ix.
606 2445 665 2472 cap.
686 2439 697 2465 l
718 2448 723 2466 :
741 2439 798 2466 Ἵνα
814 2440 841 2466 δὲ
858 2442 874 2476 ή
896 2441 1018 2470 θάλασσα

227 2480 396 2518 ἑκατέρωθεν
414 2479 496 2508 οὖσαν
516 2483 565 2518 τὴν
585 2484 636 2518 γῆν
656 2484 764 2520 διαιρεῖ,
785 2486 862 2513 τοῦτο
881 2487 1018 2524 Θαλάσσης

226 2524 343 2555 αὐλῶνα,
359 2526 405 2552 καὶ
421 2526 543 2561 εὔριπον,
561 2529 608 2554 καὶ
622 2529 743 2564 πορθμὸν
758 2530 798 2556 δεῖ
815 2531 916 2560 καλεῖν.
933 2533 1017 2569 Magis

227 2570 336 2605 proprie
351 2574 440 2598 tamen
456 2571 482 2598 id
498 2580 597 2600 nomen
615 2572 666 2600 fuit
682 2575 838 2609 impositum
855 2578 888 2605 ad
908 2578 952 2605 illa
969 2588 1018 2607 ex-

227 2615 352 2650 plicanda
369 2624 429 2650 (luas
449 2623 593 2645 moventur
610 2623 692 2654 atque
715 2627 881 2655 recurrunt,
909 2624 1017 2653 ﬂuendo

226 2661 268 2688 vel
285 2661 431 2689 retinendo.
451 2663 559 2700 Longus
581 2665 702 2694 Ptemcn.
722 2675 729 2694 ι
751 2677 758 2694 :
778 2669 858 2702 Πόλις
886 2672 944 2698 ἐστὶ
967 2673 1018 2699 Λέ-

227 2706 291 2756 σξου
316 2708 454 2745 Μιτυλήνη
481 2711 584 2746 μεγάλη
610 2713 656 2739 καὶ
679 2713 764 2749 καλή’
786 2715 938 2753 διείληπται
963 2719 1016 2756 γὰρ

226 2751 356 2786 εὑρίποις,
368 2754 564 2792 ὑπεςσρεούσης
582 2758 632 2793 τῆς
648 2759 792 2796 θαλάττης,
809 2763 855 2789 καὶ
870 2751 1015 2801 ,κεκόσμηζ

226 2804 270 2822 ται
284 2798 416 2833 γεφύραις
430 2800 522 2832 ξεστοῦ
539 2804 585 2829 καὶ
607 2804 704 2832 λευκοῦ
720 2806 804 2834 λίθου.
823 2798 1016 2844 Propriissime

227 2844 317 2868 tamen
334 2842 450 2878 Euripus
464 2846 607 2875 dicebatur
622 2851 692 2884 apud
710 2856 814 2882 veteres
836 2842 933 2883 fretum
949 2855 1016 2891 Pyr-

1069 2263 1254 2295 stautissimi,
1283 2265 1330 2291 sed
1354 2265 1436 2292 etiam
1459 2266 1537 2293 multi
1567 2268 1710 2296 catholicre
1731 2269 1862 2299 Ecclesia

1069 2308 1176 2341 Patres,
1196 2315 1223 2337 et
1233 2319 1314 2345 quam
1336 2313 1510 2347 amplectitur
1526 2319 1619 2342 noster
1632 2315 1805 2350 Eustathius,
1821 2321 1861 2346 lu-

1069 2362 1131 2382 nam
1151 2355 1258 2383 scilicet
1279 2364 1341 2384 cssc
1369 2365 1480 2386 causam
1497 2359 1580 2394 hujus
1597 2365 1700 2393 motus,
1722 2365 1861 2398 quomodo

1069 2407 1159 2428 autem
1176 2402 1202 2428 id
1221 2402 1276 2433 ﬁat.
1293 2404 1448 2438 explicatur
1462 2413 1476 2432 a
1489 2406 1659 2442 philosophis
1674 2409 1701 2436 in
1719 2412 1859 2445 meteoris,

1068 2452 1095 2474 et
1116 2455 1166 2475 nos
1188 2448 1259 2475 infra
1282 2450 1406 2485 quaedam
1425 2451 1558 2480 dicemus.
1580 2454 1619 2481 Ila
1640 2462 1755 2484 sensere
1772 2457 1861 2485 Ptole.

1070 2500 1165 2525 mauis,
1187 2494 1295 2528 Cicero,
1313 2495 1430 2530 Plinius,
1450 2497 1560 2532 Strabo,
1579 2500 1720 2531 Marsilius
1734 2503 1858 2533 Ficinus.

1070 2538 1186 2567 Levinus
1210 2540 1349 2575 Lemnius,
1369 2547 1396 2570 et
1417 2544 1474 2571 alii.
1497 2544 1569 2573 Idem
1590 2547 1693 2581 placuit
1713 2549 1859 2578 Ambrosio

1069 2585 1115 2611 lib.
1131 2593 1157 2612 iv
1173 2585 1315 2620 ΙΙεαςιιρεηι.⁷
1333 2596 1393 2624 cap.
1413 2589 1439 2621 7,
1457 2590 1570 2624 Basilio,
1587 2593 1661 2621 hom.
1679 2593 1707 2622 6.

1072 2648 1074 2651 ι
1103 2630 1184 2664 lbid.,
1203 2632 1251 2661 lin.
1273 2634 1317 2661 51.
1341 2635 1395 2662 Kal
1413 2637 1481 2670 περὶ
1497 2638 1551 2665 τὸν
1572 2639 1719 2669 ὠκεανόν.
1735 2640 1774 2670 De
1791 2648 1856 2670 aestu

1068 2678 1163 2711 maris,
1177 2683 1204 2705 et
1219 2680 1279 2714 ejus
1295 2681 1526 2716 consideratione,
1543 2689 1570 2713 et
1588 2693 1685 2720 causa,
1699 2694 1727 2716 et
1742 2691 1856 2718 aliorum

1068 2723 1141 2750 circa
1167 2724 1217 2751 hoc
1238 2727 1414 2760 opinionibus
1442 2730 1520 2764 plura
1543 2731 1626 2759 habes
1650 2734 1726 2768 apud
1747 2735 1853 2763 Franci-

1068 2777 1145 2817 scum
1163 2769 1320 2805 Vallcsium,
1340 2773 1378 2801 De
1394 2783 1472 2803 sacra
1489 2777 1666 2813 philosophia.
1691 2789 1754 2817 cap.
1772 2784 1816 2813 εἰ.
1830 2788 1855 2810 et

1068 2815 1200 2844 adversus
1218 2817 1504 2858 Eratosthenem-qui
1520 2825 1570 2852 soli
1586 2815 1763 2861 ἀνωμαλίας
1776 2829 1854 2864 hujus

1068 2868 1180 2889 causata
1211 2871 1273 2892 esse
1290 2865 1407 2901 volebat,
1426 2872 1452 2896 et
1472 2870 1556 2899 maris
1573 2871 1699 2906 ejusdem
1719 2875 1801 2902 aliam
1815 2880 1854 2903 at-
