1903 3068
58 113 117 147 873

575 116 608 144 lN
628 114 813 144 EUSTATllll
829 113 1068 142 llEXAEMERON
1089 114 1202 143 ΝΟΤᾹἹ.

1641 118 1692 145 ετι

61 182 118 210 que
131 175 213 202 aliam
230 173 403 210 superficiem
420 174 603 202 disertissime
616 173 738 209 disputat
754 172 852 200 Strabo
869 176 889 203 Λ
907 173 1041 199 volantem
1067 173 1143 208 sequi
1174 181 1228 199 non
1256 174 1372 208 possint,
1402 173 1492 200 ﬂuxus
1525 174 1633 208 quidem
1665 177 1693 201 Iit

62 221 114 249 lib.
132 229 151 249 ι.
173 220 292 248 Consule
310 225 440 255 praeterea
463 220 639 248 Laurentium
653 219 802 247 Corvinum
823 218 854 245 iu

61 274 114 295 sua
126 266 283 302 Geograpln,
297 274 321 294 e.
338 267 385 300 ll;
401 266 532 295 Joannem
550 265 728 293 Franciscum
746 264 852 295 Picum,

60 314 106 341 l.t
133 313 171 340 De
205 314 326 340 examine
349 314 445 345 vanit.,
471 321 495 340 c.
521 312 571 344 12;
590 312 724 339 Joannem
745 310 850 341 Picum,

59 359 113 386 lib.
130 367 161 386 Ill
177 358 277 386 Contra
298 359 411 390 Astrol.,
434 366 494 393 cap.
517 359 567 391 15;
586 357 720 387 Ficinum,
742 364 803 391 cap.
825 355 851 387 6,

59 405 98 432 ad
113 403 213 432 PIOIin.
231 405 277 432 lib.
298 412 343 436 ιιι,
361 404 479 431 Ennead.
492 404 525 436 9;
552 404 748 432 Contarenum,
770 401 817 428 lib.
833 407 851 427 ιι

60 451 102 478 De
114 451 266 482 elementis;
284 454 311 478 ct.
329 451 458 478 Levinum
476 449 619 477 Lemnium
631 448 669 475 De
680 447 775 475 occult.
795 451 852 474 nat.

58 497 171 528 miram,
194 496 241 524 lib.
266 504 294 528 ιι,
311 503 371 531 cap.
391 497 436 528 ll,
459 496 538 531 cujus
554 496 650 527 verba,
666 494 730 530 quia
747 497 854 521 contro-

57 541 160 568 versi-c
181 540 264 576 hujus
284 541 387 568 nodum
409 541 529 568 dilucide
547 540 706 576 expediunt,
723 543 750 567 et
771 545 852 565 omne

57 586 177 614 dubium
200 591 337 618 amovent.
359 588 503 622 lucemque
525 587 643 614 alii-runt
666 585 784 617 auctori,
806 585 850 612 hic

57 631 220 659 describere
237 640 291 658 non
316 633 450 668 gravabor
468 641 474 659 :
497 632 595 667 Magna
608 639 682 662 sane,
706 630 805 666 inquit,
825 635 850 656 et

57 677 132 704 (ante
152 685 242 712 opera,
258 678 285 705 in
300 686 387 704 rerum
405 685 501 705 natura
522 683 647 712 apparent
663 685 671 704 :
686 685 774 704 verum
786 677 849 703 solis

55 724 196 758 effectibus
207 724 364 758 posteriora.
378 724 449 752 Solis
460 726 528 752 enim
541 724 663 758 bene/icio
678 723 726 750 illa
740 722 848 757 fruitur,

56 770 196 806 lucemque
211 771 244 797 ab
259 771 306 798 illo
324 772 447 804 sortitur,
465 773 504 798 sic
518 776 546 798 ut
563 774 637 798 tanta
650 770 723 797 illius
737 777 800 803 pars
815 769 849 795 il-

55 816 199 848 lustretur,
217 820 343 852 quantam
353 817 394 844 sol
409 825 455 843 suo
467 815 603 850 splendore
615 815 745 846 irradiat;
760 813 849 848 deﬁcit

55 867 148 889 autem
167 862 284 897 lucisque
298 870 388 897 expers
403 862 533 895 redditur,
550 862 595 889 ubi
612 866 689 888 terra:
702 861 848 888 interventu

55 908 105 934 lux
117 909 160 935 illi
176 909 352 943 intercipitur.
370 909 443 936 Tunc
458 914 546 936 autem
558 908 692 943 potissima
704 908 733 934 in
744 912 848 934 terrena

54 955 126 981 vires
143 963 207 981 suas
218 955 343 990 explicat,
362 962 421 981 cum
437 954 475 981 vel
491 954 541 981 soli
556 961 588 980 ea:
605 953 713 980 adverso
729 952 848 986 opposita

54 1002 193 1036 impletur,
213 1006 291 1037 atque
312 1001 461 1028 orbiculata
481 1001 600 1036 eﬁicilur,
618 999 655 1026 vel
672 999 716 1026 ubi
735 999 848 1032 primum

53 1048 99 1074 illi
116 1048 297 1083 cunjnngitur.
320 1047 370 1074 llis
384 1048 453 1074 enim
466 1047 568 1074 dierum
588 1046 683 1080 spatiis
704 1049 849 1080 augescunt

53 1099 175 1129 segetes,
194 1094 323 1121 conchilia
345 1098 506 1128 turgescunt,
523 1100 593 1119 vente
611 1091 749 1126 sanguine,
771 1098 846 1116 ossa-

52 1148 105 1174 que
117 1139 241 1168 medullis
257 1140 408 1175 implentur.
422 1139 480 1172 Quo
492 1140 521 1174 ﬁt
535 1143 563 1165 ut
574 1137 727 1165 concubitus
739 1137 773 1163 iis
786 1141 849 1162 tem-

53 1186 166 1220 poribus
188 1186 275 1212 ntinus
295 1186 400 1220 oﬂiciat.
428 1184 462 1211 Et
482 1184 606 1219 quoniam
631 1183 719 1210 omnia
739 1182 848 1208 hutnore

54 1232 164 1264 imbuit,
181 1232 210 1267 ﬁt
228 1237 257 1258 ut
272 1240 364 1258 carnes
376 1231 460 1258 radiis
473 1231 546 1258 illius
561 1230 687 1264 exposita:
700 1228 845 1260 tabescant,

55 1283 135 1313 atque
148 1278 266 1304 homines
283 1286 374 1304 somno
391 1278 499 1311 vinoque
515 1277 604 1312 sopiti,
628 1276 756 1311 pallorem
772 1276 847 1309 capi-

54 1325 142 1360 tisque
164 1324 330 1360 gravedinem
349 1324 524 1355 contrahant,
546 1332 577 1351 ac
600 1323 690 1350 morbo
717 1323 848 1350 comitiali

52 1372 208 1406 aﬂiciantur
223 1371 349 1398 :rclaxat
371 1371 439 1398 enim
463 1378 565 1403 nervos,
587 1378 617 1396 ac
636 1369 768 1396 cerebrum
785 1369 845 1403 plus

50 1418 123 1444 satis
140 1417 285 1449 humectal,
301 1418 430 1452 mentique
446 1417 470 1444 vi
486 1416 594 1452 algiﬁca
608 1421 740 1450 stuporem
754 1414 845 1449 infert.

51 1464 158 1492 Oceani
176 1472 277 1499 quoque
299 1469 379 1491 cestus
404 1465 530 1495 excitare,
553 1471 711 1498 causamque
731 1463 846 1497 recipro-

49 1509 135 1537 candi
150 1509 192 1536 illi
204 1508 320 1544 prtebere
333 1517 385 1535 non
394 1514 433 1536 est
448 1508 516 1544 quod
531 1509 587 1543 quis
601 1508 727 1542 ambigat.
747 1507 777 1534 Si
792 1507 847 1541 qui-

49 1555 112 1582 dem
144 1564 205 1582 cum
230 1555 402 1589 perspicimus
424 1554 513 1581 silenti
535 1559 611 1588 atque
634 1553 745 1580 obscura
764 1552 844 1583 luna;

48 1609 135 1636 eaque
151 1600 190 1627 vel
205 1600 290 1627 medio
306 1599 367 1627 orbe
382 1599 508 1632 dissecta,
529 1599 568 1626 vel
584 1599 610 1625 in
628 1606 726 1624 cornua
742 1597 845 1632 falcata

48 1648 107 1674 sive
133 1651 275 1682 augescat,
307 1651 353 1673 aut
374 1646 520 1677 minuatur,
547 1645 634 1671 nullos
658 1644 844 1679 propemodum

48 1694 113 1728 ﬁeri
136 1701 266 1728 aquarum
287 1700 441 1724 concursus,
467 1699 512 1718 nec
528 1691 555 1718 in
578 1691 662 1717 ullam
677 1690 843 1717 altitudinem

48 1739 143 1767 attolli
166 1747 310 1771 oceanum,
336 1746 496 1774 quacunque
526 1737 606 1764 etiam
639 1737 731 1763 littora
753 1737 841 1763 alluit.

48 1784 171 1812 Rursum
188 1784 234 1811 ubi
256 1792 316 1810 cum
341 1783 395 1810 sole
423 1782 600 1818 congreditur,
627 1787 703 1816 atque
723 1781 844 1808 innovari

48 1832 156 1866 incipit,
170 1836 216 1857 aut
235 1832 262 1857 in
280 1830 367 1857 orbem
387 1829 566 1856 circumducta
581 1828 659 1863 plena
681 1828 844 1862 conspicitur

50 1877 188 1903 maximos
203 1876 315 1903 excitari
325 1880 416 1905 (estus.
427 1875 574 1909 ﬂuctusque
590 1873 677 1900 attolli
692 1873 718 1899 in
733 1873 843 1899 immen-

48 1929 124 1953 sum,
149 1923 207 1957 quis
229 1922 282 1948 alio
306 1929 384 1956 quant
411 1921 438 1947 in
454 1921 524 1947 [ante
541 1924 649 1949 motum,
664 1919 777 1953 ﬂuxum,
801 1925 841 1944 re-

48 1969 209 2003 ﬂuxumque
230 1967 320 1994 oceani
342 1965 457 2000 referat?
482 1965 516 1992 Ut
531 1966 599 1992 enim
617 1971 722 1998 magnes
741 1963 842 1997 ferrum

50 2014 151 2045 allicit,
171 2014 209 2040 sic
227 2013 300 2039 sidus
315 2012 362 2039 hoc
385 2017 461 2038 terrm
474 2011 623 2046 proximum
639 2018 711 2037 mare
731 2009 841 2036 attrahit

49 2060 228 2094 concitatque.
248 2058 319 2086 Nam
343 2066 400 2085 cum
422 2057 484 2084 luna
507 2058 609 2088 oritur,
636 2064 748 2083 oceanus
770 2055 841 2082 circa

49 2107 115 2134 illas
136 2107 230 2142 plagas
248 2105 403 2135 devolvitur,
425 2111 514 2138 nempe
533 2103 684 2135 orientales,
704 2107 842 2138 partesque

50 2151 230 2179 occidentales
250 2150 356 2178 deserit.
365 2149 477 2183 Quando
493 2157 551 2176 vero
566 2148 600 2175 ad
615 2156 737 2175 accasum
750 2148 840 2182 vergit,

907 218 1006 245 Oceani
1023 219 1075 246 sub
1090 219 1194 245 torrida
1213 219 1240 246 in
1252 220 1433 252 occidentem,
1452 220 1542 256 quoad
1567 221 1693 256 impingit

907 264 941 290 ad
952 264 1089 291 contraria
1113 265 1215 297 littora,
1238 270 1422 300 eurvaturque
1442 267 1476 293 ab
1492 267 1525 294 iis
1543 277 1549 294 :
1564 267 1693 294 dissolvi—

907 314 951 336 tur
966 317 1031 337 vero
1049 309 1175 338 discessu
1194 312 1264 338 luna:
1285 311 1429 338 concilium
1450 320 1595 347 aquarum,
1618 313 1690 348 quod

906 359 947 382 est
963 355 991 382 in
1007 355 1106 382 itinere
1120 363 1217 384 versus
1239 356 1382 389 torridam,
1401 365 1461 391 qua:
1475 358 1619 393 desertteja
1636 364 1692 385 tra-

906 405 950 428 clu
964 402 1012 437 qui
1036 402 1095 429 illas
1110 403 1260 434 exciverat,
1288 403 1389 437 impetu
1414 408 1503 439 capto,
1525 408 1637 436 remeat,
1663 410 1702 432 ct.

906 449 1021 476 assultat
1045 449 1080 476 ad
1105 449 1196 476 littora
1219 457 1286 483 sua;
1305 455 1332 477 et
1354 449 1398 477 hic
1416 450 1532 484 impetus
1549 455 1591 478 est
1618 451 1690 478 alius

905 497 1050 527 generatus
1062 502 1110 528 per
1130 494 1282 521 absentiam
1300 495 1381 526 lnum,
1400 495 1486 522 donec
1506 496 1564 530 ipsa
1580 496 1689 524 rediens

905 539 980 566 frena
1001 539 1118 574 impetus
1133 539 1216 574 hujus
1232 540 1346 575 recipiat
1359 541 1453 568 modcr
1471 545 1580 576 turque,
1594 547 1621 569 et
1636 551 1689 569 una

904 593 966 612 cum
988 593 1038 613 suo
1064 590 1139 613 motu
1167 587 1344 623 circumagat.
1370 588 1408 615 lta
1433 589 1524 616 littora
1549 590 1689 624 aequaliter

905 633 1023 666 patentia
1045 632 1140 659 iisdem
1157 632 1233 660 horis
1250 633 1398 668 implentur
1413 635 1515 667 omnia,
1533 636 1689 662 reductiora

904 684 970 704 vero
999 676 1115 709 tardius,
1140 678 1270 705 nonnulla
1298 679 1479 707 (livet-simode
1506 680 1542 707 ob
1564 680 1688 709 diversos

904 723 999 750 oceani
1013 723 1114 750 aditus.

939 769 1018 802 lbid.,
1036 770 1081 796 lin.
1098 770 1143 796 55.
1162 769 1299 797 Κάτωθεν
1313 771 1368 805 γὰρ
1388 771 1407 804 ἠ
1429 772 1556 806 σελήνη.
1579 772 1606 800 ln
1621 773 1689 800 ecli-

903 815 998 850 psibus
1013 816 1160 848 solarilius,
1175 824 1293 850 quanam
1308 817 1415 844 ratione
1430 818 1496 845 solis
1512 818 1581 845 radii
1594 819 1686 846 lunam

901 869 956 888 uun
964 865 1116 895 penetrem,
1129 866 1156 889 et
1170 863 1307 896 quomodo
1325 862 1401 894 luna,
1415 871 1478 890 cum
1491 865 1527 891 sit
1542 864 1622 900 longe
1637 866 1688 892 mi-

892 916 963 940 ‘nor,
981 913 1066 935 totum
1084 912 1175 936 tamen
1191 909 1277 936 solem
1293 909 1434 942 obscuret,
1453 911 1554 939 diserte
1568 912 1686 946 explicat

899 953 1068 987 Gleomedcs,
1082 953 1191 982 Meteor.
1206 954 1252 982 lib.
1266 963 1296 987 ιι,
1316 963 1377 991 pug.
1396 956 1431 983 80
1448 956 1576 984 editionis
1596 956 1684 984 Paris.

935 998 1015 1031 lbid.,
1044 1000 1091 1026 lin.
1117 999 1162 1026 55.
1187 1000 1270 1034 Μέγα
1289 1000 1323 1026 δὲ
1343 1001 1393 1027 καὶ
1412 1001 1488 1035 αὺτὴ
1515 1002 1534 1035 ἡ
1556 1001 1683 1035 σελήνη.

901 1045 938 1073 De
953 1046 1140 1081 magnitudine
1157 1046 1237 1078 lunae,
1250 1050 1278 1073 et
1293 1046 1409 1073 aliorum
1422 1047 1592 1081 planetarum
1606 1047 1686 1082 plura

899 1092 1059 1120 Cleomedes
1088 1093 1148 1119 loco
1172 1093 1200 1120 d.
1232 1097 1258 1120 et
1285 1093 1341 1120 alii.
1366 1093 1542 1128 Anaxagoras
1573 1098 1686 1121 auctore

900 1138 1048 1166 Plutarcho
1062 1139 1154 1166 lunam
1171 1139 1280 1167 dicebat
1296 1146 1358 1166 esse
1378 1147 1470 1174 parem
1483 1139 1683 1175 Peloponneso.

899 1185 1054 1212 Ludovicus
1066 1184 1168 1213 Fidelis
1185 1185 1223 1213 De
1238 1194 1311 1212 man.
1324 1190 1384 1217 str.,
1401 1185 1420 1213 l.
1432 1193 1459 1217 ν,
1475 1193 1500 1214 c.
1521 1185 1548 1218 7,
1563 1193 1685 1220 quzerere

899 1235 981 1266 atque
1001 1231 1119 1259 scrutari
1137 1231 1171 1258 de
1186 1231 1372 1266 magnitudine
1387 1235 1414 1258 et
1445 1232 1599 1266 quantitate
1618 1232 1685 1259 solis

898 1281 925 1304 et
940 1277 1009 1304 lunae
1020 1284 1152 1312 arrogans
1170 1284 1232 1304 esse
1248 1277 1401 1308 contendit,
1420 1285 1524 1313 nosque
1538 1281 1684 1304 contentos

899 1330 960 1350 esse
973 1322 1072 1350 debere
1091 1322 1230 1356 descripto
1244 1321 1321 1353 solis,
1346 1326 1374 1349 et
1393 1321 1473 1353 litum,
1490 1328 1522 1348 ac
1542 1321 1684 1348 stellarum

898 1367 950 1395 hoc
963 1376 1085 1400 munere,
1103 1372 1133 1395 ut
1151 1368 1192 1396 sol
1208 1367 1274 1398 diei,
1293 1371 1319 1395 et
1335 1368 1400 1394 luna
1418 1367 1491 1395 nocti
1503 1367 1627 1402 praesint,
1645 1367 1684 1394 di-

898 1410 1046 1449 vidantque
1059 1415 1130 1441 inter
1141 1414 1228 1441 lucem
1244 1416 1272 1440 et.
1292 1413 1430 1444 tenebras,
1442 1412 1513 1440 diem
1525 1416 1551 1439 et
1563 1417 1684 1439 noctem.

903 1459 1006 1486 Vanum
1020 1465 1058 1487 est
1079 1460 1158 1491 enim,
1176 1459 1274 1495 inquit,
1293 1459 1452 1493 pra'clarum
1473 1463 1553 1486 terere
1572 1463 1683 1493 tempus,

897 1511 922 1533 et
943 1506 1039 1534 sudore
1065 1506 1148 1533 multo
1167 1507 1312 1540 exquirere,
1343 1513 1401 1533 oua:
1421 1505 1491 1532 Deus
1518 1505 1607 1540 ignota
1628 1512 1684 1531 esse

897 1552 988 1580 voluit.

932 1599 999 1626 Ibid.
1020 1599 1114 1626 Μῦθοι
1133 1598 1167 1625 δὲ
1181 1598 1323 1633 ληρώδεις
1336 1597 1395 1625 ὑπὸ
1405 1598 1586 1632 μεθυόντων.
1606 1596 1683 1623 Basi-

897 1644 959 1675 lius,
977 1645 1050 1672 hont.
1067 1644 1083 1671 6
1101 1654 1107 1671 :
1123 1645 1209 1671 Μῦθοί
1226 1653 1297 1675 τινες
1313 1643 1520 1678 καταγέλαστοι,
1537 1642 1588 1669 ὑπὸ
1605 1644 1683 1677 γραῖ-

895 1691 958 1718 δίων
975 1691 1202 1726 κωθωνιζομένων
1225 1690 1472 1726 παραληρούμενοι,
1500 1688 1635 1723 πανταχοῦ
1647 1687 1683 1714 δι-

895 1738 1040 1773 εδόθησαν,
1069 1739 1110 1764 ὅτι
1129 1737 1307 1773 μαγγανείαις
1324 1737 1379 1763 τισὶ
1393 1737 1443 1772 τῆς
1467 1735 1570 1766 οἰκείας
1602 1734 1682 1769 ἕδρας

895 1784 1089 1819 ἀποκινηθεῖσα
1111 1784 1208 1819 σελήνη
1235 1783 1303 1818 πρδς
1324 1782 1376 1817 γῆν
1399 1781 1590 1817 καταφέρεται.
1618 1781 1682 1811 Πῶς

896 1832 944 1866 μὲν
966 1829 1011 1857 οὖν
1025 1831 1118 1865 κινήσε
1150 1830 1255 1865 γοήτων
1267 1828 1390 1863 ἐπαοιδὴ,
1399 1828 1432 1863 ἢν
1449 1827 1528 1859 αὐτὸς
1539 1825 1682 1861 ἐθεμελίω-

895 1885 940 1902 σεν
955 1876 1201 1910 ὁὝψισ-ιοςὴποίος
1217 1875 1239 1901 δ’
1249 1875 1280 1902 ἂν
1293 1875 1340 1902 καὶ
1349 1875 1430 1906 τόπος
1444 1873 1681 1900 κατασπασθείσαν

894 1923 977 1957 αὐτὴν
996 1922 1159 1954 bneﬁcium;
1183 1922 1279 1957 Sagas,
1303 1928 1450 1956 magosquc
1471 1921 1569 1947 coelum
1597 1919 1682 1953 depo-

894 1976 970 2000 nere,
992 1973 1091 1996 tcrram
1114 1968 1292 2002 suspendere,
1316 1972 1345 1994 ut
1359 1967 1450 1994 verbis
1476 1961 1583 2001 Apuleii
1607 1969 1680 1998 utar,

895 2015 983 2042 fontes
999 2015 1109 2045 durare,
1128 2020 1234 2042 montes
1263 2014 1377 2045 diluere,
1402 2020 1497 2040 manes
1521 2012 1679 2044 sublimare,

893 2063 958 2090 deos
976 2061 1123 2093 infirmare,
1139 2061 1228 2088 sidera
1242 2061 1426 2095 exstinguere,
1442 2063 1575 2087 tartarum
1590 2058 1681 2094 ipsum

893 2108 1059 2139 illuminare,
1073 2115 1149 2134 mare
1162 2107 1269 2142 pigrum
1289 2106 1428 2142 colligare,
1444 2106 1529 2133 solem
1546 2105 1679 2136 inhibere,

893 2154 986 2181 lunam
1017 2153 1162 2187 deducere,
1190 2153 1283 2180 stellas
1311 2153 1436 2183 evellere,
1458 2156 1485 2179 et
1515 2151 1567 2178 alia
1594 2152 1680 2178 multa

49 2200 79 2227 in
96 2199 153 2226 illis
168 2197 286 2232 partibus
302 2197 466 2224 crebrescunt
483 2195 592 2230 ﬂuctus,
616 2195 641 2221 in
658 2195 691 2221 iis
711 2202 769 2221 vero
782 2201 840 2228 qua:

901 2200 967 2227 lictu
983 2200 1085 2235 gravia,
1101 2204 1128 2227 et
1143 2199 1267 2226 maxima:
1284 2198 1481 2230 admirationis,
1499 2197 1557 2225 suis
1573 2196 1680 2231 magnis

50 2244 88 2272 ad
100 2248 189 2270 ortum
201 2247 317 2277 spectant
330 2242 520 2271 detumescunt,
535 2240 611 2275 idque
625 2238 788 2274 afﬂuentibus
802 2238 840 2265 vel

49 2291 161 2326 parcius
178 2297 225 2324 pro
240 2289 398 2315 incremento
424 2287 574 2321 defectuque
591 2285 656 2312 lucis
668 2293 747 2320 quam
763 2284 842 2311 luna-

50 2345 94 2364 res
111 2336 182 2362 radii
195 2334 326 2362 exhibent.
343 2334 446 2360 Caetera
470 2333 503 2359 ad
522 2333 574 2359 hoc
598 2331 669 2358 idem
689 2331 840 2365 spectantia

48 2385 112 2419 lege
131 2383 202 2418 apud
223 2382 322 2417 ipsum.
345 2380 464 2408 Joannes
480 2379 631 2414 Kepplerus
662 2377 689 2404 in
713 2377 840 2404 Introdu-

50 2432 146 2458 ctione
173 2428 206 2455 ad
234 2435 312 2456 suam
338 2426 516 2460 Astrologiam
540 2433 632 2452 noram
657 2424 841 2458 αἱτιολόγητον

51 2476 177 2503 rationes
199 2474 288 2501 lluxus
304 2477 331 2501 et
351 2472 471 2500 relluxus
492 2471 575 2498 maris
595 2471 631 2498 ita
647 2471 767 2498 insinuat
783 2479 789 2496 :
803 2469 842 2495 lu-

51 2529 118 2549 nam
131 2521 234 2549 scilicet
249 2528 298 2547 sua
322 2518 482 2546 attractoria
496 2518 533 2550 vi,
554 2525 615 2553 qua:
635 2517 667 2544 ad
688 2521 776 2544 terras
797 2523 840 2543 us-

51 2576 108 2604 que
131 2567 289 2602 porrigitur,
306 2574 391 2602 aquas
415 2565 466 2593 sub
481 2572 577 2591 zonam
597 2564 730 2594 torridam
751 2563 841 2598 prole-

52 2619 142 2645 ctare,
160 2621 214 2649 quo
234 2613 306 2640 facto
319 2612 416 2639 nudari
433 2612 526 2638 littora
550 2618 692 2644 zonarum,
707 2615 734 2637 et
750 2610 842 2637 clima-

53 2666 112 2688 tum
131 2660 294 2688 lateralium.
313 2659 406 2694 Itaque
421 2658 499 2693 aquis
520 2658 548 2684 in
563 2657 653 2684 latiori
670 2657 747 2684 alveo
760 2663 841 2683 ocea-

54 2708 83 2735 ni
101 2706 322 2742 assurgentibus,
351 2704 408 2731 ﬁeri
427 2707 527 2739 potest,
549 2707 580 2729 ut
595 2702 622 2729 in
636 2701 841 2737 angustioribus

53 2754 115 2789 ejus
129 2752 256 2783 sinubus,
269 2751 348 2778 modo
359 2758 412 2778 non
426 2749 507 2777 nimis
519 2751 593 2776 arcte
603 2748 751 2780 conclusis,
763 2754 841 2782 aqua:

53 2804 190 2836 praesente
215 2799 278 2825 luna
301 2798 383 2825 etiam
410 2796 541 2831 aufugere
567 2795 601 2822 ab
627 2802 658 2822 ea
684 2794 838 2822 videantur.

54 2847 123 2875 Cum
141 2850 233 2874 autem
251 2852 326 2879 aqua:
346 2844 438 2871 lunam
460 2843 590 2870 verticem
609 2841 733 2870 celeriter
748 2846 839 2869 trans-

216 2892 347 2921 ΡΑτιιοι.
364 2884 422 2920 Gn.
438 2889 552 2921 XVlll.

893 2246 1139 2279 susurraminibus,
1160 2245 1390 2280 quandocunque.
1416 2247 1442 2271 ct;
1465 2243 1621 2277 ubicunque
1649 2243 1680 2268 li-

893 2293 983 2320 bucrit
997 2293 1074 2319 multi
1097 2292 1247 2324 credidere,
1264 2295 1291 2319 et
1309 2292 1427 2318 maxime
1444 2290 1565 2317 omnium
1582 2293 1676 2323 poetae.

892 2338 960 2366 Dido
986 2338 1018 2365 ad
1045 2339 1150 2365 Annam
1168 2346 1289 2365 sororem
1307 2338 1355 2368 ait,
1387 2337 1433 2364 lib.
1449 2343 1476 2363 tv
1491 2334 1597 2362 lEncid.
1614 2334 1677 2361 Vir-

891 2385 997 2420 gilianze
1013 2394 1019 2411 :

893 2443 962 2470 Hinc
977 2443 1041 2470 mihi
1057 2442 1180 2478 Massyla‘
1200 2441 1281 2477 gentis
1294 2444 1441 2478 monstrata
1457 2439 1578 2466 sacerdos
1594 2445 1604 2464 :

895 2479 957 2505 "(vc
974 2487 1000 2505 se
1017 2476 1178 2504 carminibus
1197 2477 1327 2511 promittit
1343 2476 1440 2502 solvere
1455 2480 1551 2501 utentes

892 2514 965 2546 Quas
981 2514 1049 2545 velit,
1066 2518 1108 2540 ast
1125 2513 1186 2539 aliis
1200 2512 1282 2538 duras
1295 2512 1434 2538 immittere
1445 2518 1534 2541 curas,

892 2549 991 2575 Sistere
1005 2557 1100 2583 aquam
1114 2548 1213 2582 ﬂuviis,
1227 2552 1251 2574 et
1269 2547 1380 2583 [turnina
1395 2551 1491 2583 uertere
1504 2549 1584 2575 retro,

892 2580 1094 2618 Nocturndsquc
1109 2580 1157 2610 ciet
1169 2591 1259 2609 manes
1269 2580 1280 2609 7:
1293 2582 1392 2616 mugire
1405 2580 1500 2618 videbis

891 2619 945 2646 Sub
961 2616 1068 2653 pedibus
1085 2623 1192 2650 terram,
1208 2618 1394 2644 etdescenderc
1410 2616 1539 2642 montibus
1549 2623 1636 2642 ornos.

890 2674 1058 2710 Propertius,
1076 2675 1148 2710 Eleg.
1163 2675 1209 2702 lib.
1230 2683 1249 2706 ι,
1267 2675 1333 2709 eleg.
1351 2675 1362 2700 l
1383 2684 1389 2702 :

890 2733 925 2760 At
939 2741 982 2760 vos
997 2732 1112 2759 deductio
1127 2732 1219 2767 quibus
1230 2736 1267 2759 est
1283 2731 1392 2766 fallacia
1407 2730 1476 2767 luna:

926 2769 960 2795 Et
976 2768 1051 2795 labor
1064 2768 1091 2794 in
1108 2766 1217 2802 magicis
1231 2775 1309 2794 sacra
1322 2767 1395 2800 piare
1409 2766 1485 2800 focis.

892 2804 932 2831 En
945 2803 1055 2839 agedum
1067 2801 1180 2829 domina:
1194 2807 1303 2839 mentem
1321 2801 1459 2839 convertite
1474 2805 1584 2830 nastra',

929 2837 1054 2873 Etrfacite
1065 2839 1112 2865 illa
1125 2846 1181 2865 nico
1195 2837 1292 2872 palleat
1304 2845 1348 2863 ore
1366 2837 1458 2871 magis.

1517 2880 1555 2910 ‘28
