1903 3068
205 126 265 155 875

212 185 286 213 Tunc
300 192 345 219 ego
362 183 513 210 crediderim
530 183 611 214 vobis,
628 187 650 208 et
659 182 760 219 sidera,
781 185 804 214 et
820 187 908 206 amnes

249 217 331 247 Pone
347 219 466 254 Cytaawis
478 218 571 245 ducere
582 217 752 244 carminibus.

216 288 348 320 Tibullus,
369 286 443 322 Eleg.
459 287 486 319 2,
501 286 548 313 lib.
564 293 572 312 ι
590 295 595 311 :

217 355 292 391 Hanc
303 364 349 391 ego
359 355 391 382 de
405 355 468 381 caelo
485 354 620 391 ducentem
633 353 720 391 sidera
735 351 797 391 vidi,

247 387 380 418 Fluminis
397 391 450 417 hwc
464 389 552 424 rapidi
566 389 681 415 carmine
696 387 770 414 vertit
784 387 843 412 iter.

215 458 386 494 Apollonius,
403 458 502 493 Argon.
521 457 568 483 lib.
584 464 615 482 ιιι
631 465 637 482 :

216 515 272 543 Καὶ
290 514 442 549 ποταμοὺς
457 513 557 549 laena"
575 512 678 549 l€pgit¢_
689 509 845 549 κεᾼαὸεινὰ
855 509 981 549 peperat;
992 516 998 523 -

219 552 331 584 Ἄστρα
349 545 381 576 τε
395 545 443 576 καὶ
456 545 556 583 μήνης
573 545 653 582 ἱερῆς
667 546 795 580 ἐπέδησε
814 545 986 576 κελεύθους.

219 607 356 638 Lucanus,
369 605 417 632 lib.
440 612 465 631 vI
482 614 488 631 :

219 665 253 692 Et
264 665 364 701 patitur
377 668 464 701 tantos
479 666 557 701 cantu
572 660 692 701 depressa
709 660 822 701 labores,

219 694 306 728 Donec
318 700 465 734 suppositas
481 697 586 733 propior
601 696 733 730 despumet
749 695 775 722 in
792 694 895 721 herbas.

219 757 312 789 0vid.,
328 764 367 783 xu
387 754 563 789 Metamorph.
580 762 588 780 :

220 813 308 840 Mater
321 817 376 840 erat
389 811 501 847 Mycale,
516 819 593 847 quam
609 810 748 847 deduxisse
762 809 878 836 canendo

220 849 296 884 Swpe
307 845 458 875 reluctantis
474 845 609 873 constabat
621 853 720 872 cornua
734 845 814 872 lunae.

221 905 359 937 Horatius,
371 904 422 932 oda
437 911 464 935 v,
478 902 563 937 Epod.
573 911 582 929 :

222 963 288 997 Qut:
301 963 389 991 sidera
407 965 546 997 excantata
561 968 619 997 voce
636 959 760 986 Thessala

274 998 426 1034 Lunamque
438 996 500 1024 εαιίο
514 996 615 1029 diripit.

222 1056 305 1083 Plura
320 1054 430 1090 collegit
440 1053 559 1081 Joannes
574 1051 744 1079 Passeratius
756 1050 782 1077 in
797 1049 901 1077 dictum
916 1049 1005 1077 locum

223 1101 368 1137 Propertii.
392 1100 459 1132 Quae
473 1098 566 1127 omnia
591 1098 631 1125 uti
648 1096 756 1128 stolida,
782 1095 919 1127 fabulosa,
945 1094 1007 1129 quis

223 1153 296 1174 same
310 1145 410 1172 mentis
432 1151 487 1170 non
511 1142 625 1177 rejiciet,
649 1148 712 1168 cum
736 1144 862 1167 auctores
880 1139 944 1174 ipsi,
960 1138 1007 1175 qui

223 1192 268 1220 illa
283 1190 421 1219 mentibus
430 1188 572 1216 hominum
584 1188 705 1222 ingerere
719 1185 810 1213 conati
824 1189 897 1218 sunt,
909 1191 940 1211 ea
955 1184 1008 1212 sibi

223 1235 444 1264 contradicentes
469 1233 642 1268 vituperant?
669 1231 784 1265 Medea,
814 1231 836 1258 si
863 1230 1007 1266 potuisset,

224 1291 279 1311 non
292 1283 330 1310 ita
344 1282 501 1315 clamasset,
519 1279 548 1307 Si
567 1287 668 1313 possem
681 1278 772 1305 sanior
786 1286 879 1309 essem.
894 1277 938 1304 sed
951 1281 1009 1303 ινα-

225 1330 263 1357 hit
277 1330 388 1356 invitam
402 1336 469 1355 nova
484 1327 531 1354 vis.
541 1325 620 1353 Circe
627 1332 688 1360 quae
696 1323 826 1359 quidquid
837 1323 915 1350 vellet
928 1329 1009 1358 posse

224 1375 397 1407 credebatur,
409 1381 488 1401 suum
502 1371 623 1406 nequivit
638 1371 762 1406 Ulyssem
781 1369 913 1396 remorari
927 1378 932 1396 :
950 1376 1010 1404 qua

226 1421 266 1448 sic
281 1420 380 1448 cecinit
394 1418 517 1451 Ovidius,
530 1418 577 1445 lib.
595 1425 614 1450 I,
631 1416 669 1444 De
686 1415 783 1444 remed.
795 1423 880 1442 amor.
894 1423 904 1442 :

228 1472 327 1500 Omnia
342 1471 428 1506 fecisti
443 1479 474 1498 ne
489 1470 602 1498 callidus
616 1470 698 1497 hostis
711 1470 804 1506 abiret,

279 1507 331 1535 Ille
343 1505 414 1534 dedit
429 1511 506 1534 certa:
524 1507 603 1532 lintea
618 1505 695 1536 plena
709 1505 789 1540 fugae.

229 1543 325 1571 Ontnia
340 1542 436 1577 fecisti,
452 1550 482 1568 ne
496 1547 519 1568 te
531 1541 601 1576 {erus
620 1545 704 1567 ureret
717 1541 799 1575 ignis;

280 1576 385 1614 Longus
398 1578 425 1604 in
440 1577 519 1604 invito
532 1580 633 1611 pectore
647 1576 712 1603 sedit
728 1583 813 1602 amor.

228 1636 357 1671 Sciteque
367 1634 401 1663 ab
414 1633 576 1669 llippocrate
591 1633 705 1661 diluitur
718 1633 809 1661 libello
822 1632 1010 1667 Deepilepsta:

229 1683 261 1710 Si
279 1683 359 1713 enim,
377 1681 475 1716 inquit,
500 1680 575 1707 homo
590 1679 752 1706 carminibus
769 1678 861 1706 lunam
887 1678 1013 1706 deducere

229 1728 293 1755 caelo
307 1732 405 1762 posset,
425 1731 480 1753 tum
495 1731 563 1753 certe
586 1725 668 1757 Deus,
681 1730 706 1752 et
724 1733 796 1752 mens
811 1724 909 1757 divina,
927 1730 1013 1752 astro-

229 1781 289 1801 rum
307 1773 428 1801 conditor
448 1777 473 1800 ct
494 1776 590 1805 rector,
607 1771 742 1798 hominum
756 1771 892 1803 potestati,
904 1779 1013 1806 magno-

230 1828 339 1855 rumque
355 1819 569 1850 incantamentis,
590 1817 659 1853 quod
673 1817 759 1844 dicere
780 1817 854 1852 nefas
877 1821 926 1849 est,
947 1821 1013 1844 esset

230 1865 370 1894 obnoxius.
385 1865 494 1892 Fabulae
506 1869 535 1892 et
547 1864 648 1892 erroris
663 1863 777 1898 hujusce
789 1863 865 1899 origo
879 1868 940 1890 nata
962 1867 1013 1896 est,

232 1915 262 1941 ut
275 1912 357 1940 refert
378 1910 540 1938 Plutarchus
555 1909 618 1938 libr.
638 1909 677 1936 De
702 1914 824 1944 prtecept.
850 1909 1014 1942 connubial.,

232 1957 305 1993 quod
319 1956 444 1984 homines
467 1956 537 1983 lunae
551 1955 699 1990 deliquium
715 1955 881 1990 ignorarent,
902 1955 1015 1990 ejusque

233 2001 345 2030 luminis
374 2001 402 2028 in
421 2000 516 2035 eclipsi
531 1999 678 2027 defectum.
702 2000 828 2036 Aganice,
848 2001 929 2028 verba
951 2005 1016 2028 sunt

232 2046 383 2079 Plutarchi,
401 2045 535 2081 Hegetort's
549 2045 668 2072 Thessali
681 2046 749 2080 filia,
764 2046 880 2074 siderum
896 2047 923 2074 in
933 2047 1015 2081 pleni-

234 2092 315 2119 luniis
329 2091 444 2126 defectus
461 2091 555 2126 perita,
572 2099 603 2118 ac
614 2092 737 2126 temporis
757 2100 808 2127 quo
830 2092 894 2118 luna
914 2092 1017 2126 objectu

234 2141 311 2164 teme
324 2136 418 2163 umbra
433 2136 630 2164 obnubilaretur
644 2145 738 2172 gnara,
759 2145 818 2164 cum
837 2137 891 2164 hazc
909 2137 1018 2164 mulier-

887 117 1009 147 LEONIS
1029 115 1164 145 ALLATII

1015 180 1038 208 Α
1051 177 1189 210 νόμενον.
1204 173 1329 205 Basilius,
1345 172 1418 199 hom.
1433 170 1462 204 6,
1479 170 1515 198 De
1528 170 1600 198 sole:
1616 169 1662 204 Μὴ
1677 168 1838 202 ἐξαπατάτω

1788 109 1838 136 876

1051 231 1080 249 σε
1096 222 1126 248 τὸ
1141 221 1311 256 φαινόμενον,
1334 219 1395 254 μήδ’
1414 219 1454 244 ὃτι
1476 217 1608 252 πηχυαῖος
1622 216 1678 246 τοῖς
1692 214 1778 250 ὁρῶσι
1802 213 1839 239 δο-

1049 267 1102 297 κεῖ,
1116 265 1242 291 τοσοῦτον
1261 263 1343 290 αὑτὸν
1357 261 1425 289 εἶναι
1446 261 1550 296 λογίσῃ.
1575 259 1766 295 Συναιρεῖσϐαι
1785 258 1837 293 γὰρ

1050 311 1172 345 πέφυκεν
1183 311 1212 336 ἐν
1229 311 1284 340 τοῖς
1301 308 1428 344 μεγάλοις
1440 307 1605 342 διαστήμασι
1618 307 1651 333 τὰ
1668 305 1773 341 μεγὲοη
1785 305 1838 331 τῶν

1050 355 1206 392 ὁρωμένων.
1220 355 1271 390 τῆς
1289 354 1418 390 ὁρατικῆς
1438 353 1579 388 δυνάμεως
1594 352 1644 378 οὐκ
1668 351 1839 387 ὲξαρκουμέ-

1051 412 1099 438 νης
1111 403 1155 428 τὸν
1176 401 1276 437 μεταξὺ
1292 401 1372 427 τόπον
1390 399 1532 435 διαπερᾷν,
1548 398 1611 425 ἀλλ’
1624 397 1708 424 οἱονεὶ
1723 397 1839 423 Evt-3.1m-

1051 448 1174 484 νωμένης
1201 447 1240 482 τῷ
1265 447 1350 482 μέσῳ,
1372 447 1419 473 καὶ
1439 445 1509 472 κατὰ
1534 444 1622 478 ὀλίγον
1649 443 1736 478 αὐτῆς
1758 443 1839 478 μέρος

1052 493 1274 530 προσϐαλλούσης
1281 494 1336 524 τοῖς
1351 493 1467 527 ὁρατοῖς.
1476 489 1578 526 οΜικρὰ
1592 487 1638 516 οὖν
1652 490 1669 524 ἡ
1683 489 1745 524 ὄψις
1761 488 1839 523 ἡμῶν

1051 540 1194 575 γενομένη,
1212 538 1297 574 μικρὰ
1312 537 1421 573 ἐποίησε
1429 535 1586 572 νομίζεσθαι
1602 535 1636 562 τὰ
1649 535 1791 570 ὁρώμενα,
1810 534 1839 559 τὸ

1052 587 1151 613 οίκεῐον
1179 585 1265 616 πάθος
1290 585 1346 615 τοῖς
1369 584 1478 619 ὁρατοῖς
1505 582 1682 618 ἐπιφέρουσα.
1709 580 1793 606 Ὥστε
1817 581 1839 605 εἰ

1052 632 1206 668 ψεύδεταιὴ
1224 631 1295 666 hinc,
1314 630 1426 657 ἄπιστον
1439 628 1469 655 τὺ
1483 629 1631 664 κριτήριον.
1647 628 1727 655 Multi
1750 631 1839 653 tamen

1053 685 1086 705 ex
1112 677 1232 712 antiquis
1262 675 1431 711 philosophis
1457 675 1541 701 etiam
1568 674 1652 702 solem
1679 673 1755 700 illius
1779 681 1841 700 esse

1054 722 1262 758 magnitudinis,
1276 729 1330 756 qua
1343 729 1372 748 se
1397 721 1535 748 hominum
1552 719 1641 747 oculis
1653 718 1786 750 ostendit,
1802 718 1842 746 ai-

1055 769 1208 801 ﬁrmarunt,
1224 767 1294 795 inter
1307 774 1356 794 eos
1370 767 1496 802 princeps
1514 765 1600 793 fuisse
1614 765 1724 793 videtur
1741 764 1841 799 Epicu-

1055 822 1115 847 rus,
1128 820 1208 848 quem
1222 811 1434 847 elegantissime,
1446 816 1474 839 et
1489 817 1544 838 non
1560 810 1689 838 invalidis
1699 817 1842 845 argumen-

1018 851 1043 882 Β
1057 861 1092 888 tis
1110 858 1209 887 refellit
1222 857 1390 890 Cleomedes,
1406 856 1456 884 lib.
1471 864 1490 883 ιι
1507 855 1616 883 Meteor.

1091 905 1150 933 Col.
1176 904 1238 935 724.
1253 904 1302 931 lin.
1326 903 1353 930 4.
1369 903 1483 937 ’Ὠσπερ
1508 902 1564 937 γὰρ
1580 902 1610 928 εἴ
1632 911 1687 935 τις.
1713 901 1841 933 Basilius,

1056 951 1129 980 hom.
1145 950 1162 978 6
1177 961 1184 978 :
1208 949 1410 986 ’Υπομνήσθητι
1423 948 1452 975 δὲ
1475 948 1528 975 τῶν
1544 947 1652 975 οίκείων
1671 947 1778 980 παθῶν,
1797 948 1843 974 καὶ

1057 998 1133 1034 παρὰ
1155 996 1267 1024 σεαυτοῦ
1288 996 1358 1029 ἔξεις
1376 995 1431 1022 τῶν
1445 995 1598 1030 λεγομένων
1614 994 1663 1030 τὴν
1682 994 1784 1021 πίστιν.
1811 994 1843 1020 Εἰ

1058 1051 1123 1070 ποτε
1137 1041 1191 1069 ἀπὸ
1214 1041 1367 1077 ἀκρωρείας
1389 1040 1510 1075 μεγάλης
1531 1040 1620 1066 πεδίον
1642 1038 1712 1071 εἶδες
1732 1038 1800 1066 πολύ
1815 1048 1843 1065 τε

1058 1089 1105 1114 καὶ
1132 1087 1237 1119 ὕπτιον,
1254 1087 1336 1123 ἡλίκα
1360 1086 1409 1122 μέν
1428 1095 1468 1113 σοι
1482 1085 1620 1121 κατεφάνη
1635 1085 1669 1112 τὰ
1685 1085 1781 1120 ζεύγη,
1797 1094 1846 1121 πη-

1057 1134 1127 1161 λίκοι
1148 1134 1176 1160 δὲ
1190 1135 1214 1160 οί
1236 1133 1366 1169 ἀρωῆρες
1383 1131 1476 1164 ait-col;
1500 1133 1524 1158 εί
1546 1132 1583 1167 μὴ
1610 1131 1763 1167 μυρμήκων
1786 1131 1846 1157 τινα

1059 1188 1099 1206 σοι
1118 1179 1252 1214 παρέσχον
1267 1177 1426 1212 φαντασίαν.
1444 1177 1475 1203 Et
1491 1176 1519 1203 δὲ
1535 1177 1582 1204 καὶ
1597 1177 1652 1204 ἀπὸ
1668 1177 1784 1208 σκοπιᾶς
1800 1177 1845 1202 καὶ

1060 1224 1131 1260 μέγα
1152 1224 1269 1258 πέλαγος
1290 1223 1481 1258 τετραμμένης
1557 1222 1679 1258 θαλάσσῃ
1697 1222 1748 1253 τὰς
1770 1222 1845 1256 ὃψεις

1059 1269 1200 1301 ὲπέὸαλες,
1216 1269 1306 1304 ἡλίκαι
1324 1268 1373 1304 μέν
1388 1276 1430 1294 σοι
1449 1267 1541 1301 ἔδοξαν
1557 1265 1625 1294 εἶναι
1644 1267 1698 1294 τῶν
1713 1268 1802 1302 νήσων
1818 1268 1844 1293 ai

1061 1315 1197 1350 μέγισται,
1214 1313 1315 1349 πηλίκη
1336 1312 1364 1339 δέ
1380 1321 1420 1339 σοι
1437 1312 1575 1347 κατεφάνη
1593 1312 1641 1347 μία
1652 1310 1705 1337 τῶν
1717 1310 1846 1346 μυριοφὸ-

1061 1369 1115 1396 ρων
1126 1359 1245 1387 ὁλκάδων
1259 1360 1366 1390 λευκοῖς
1381 1358 1474 1390 ἱστίοις
1488 1358 1557 1393 ὑπὲρ
1569 1358 1671 1392 κυανῆς
1680 1357 1844 1393 κομιζομένη

1061 1406 1214 1442 Galae-ang;
1232 1406 1256 1432 εἰ
1281 1405 1319 1441 μὴ
1343 1404 1432 1440 πάσης
1445 1404 1609 1440 περιστερᾶς
1624 1403 1788 1440 μικροτέραν
1807 1411 1846 1428 σοι

1062 1452 1215 1488 παρέσχετο
1230 1451 1280 1487 τὴν
1294 1451 1452 1486 φαντασίαν.

1096 1498 1175 1531 lbid.,
1202 1498 1249 1525 lin.
1278 1497 1303 1524 'l.
1340 1495 1596 1530 Ἐνδαπανηθεῖσα
1625 1495 1691 1530 γάρ.
1715 1495 1846 1526 Basilius,

1062 1545 1136 1572 hom.
1152 1545 1192 1572 6:
1210 1544 1293 1577 Διότι,
1317 1543 1442 1578 καθάπερ
1466 1542 1547 1577 ἔφην,
1570 1540 1786 1575 ὲνδαπανηθείσα
1811 1540 1848 1574 τῷ

1062 1591 1122 1626 ἀέρι
1144 1592 1161 1626 ἡ
1186 1590 1257 1625 ὄψις,
1281 1589 1402 1625 ἐξίτηλος
1421 1588 1564 1623 γενομένη,
1585 1588 1655 1623 πρὸς
1676 1587 1726 1623 τὴν
1749 1587 1848 1623 ἀκριῧῆ

1062 1636 1212 1671 κατάληψιν
1228 1635 1282 1662 τῶν
1301 1634 1446 1671 ὁρωμένων
1469 1633 1519 1660 οὐκ
1542 1633 1660 1668 ἐξαρκεῖ.
1681 1632 1784 1661 Eadem
1804 1640 1848 1660 ra-

1063 1683 1137 1710 tione
1158 1681 1317 1710 Aristoteles
1347 1680 1385 1708 De
1407 1684 1521 1716 generat.
1540 1679 1621 1706 anim.
1638 1679 1686 1707 lib.
1702 1687 1731 1712 ν,
1748 1686 1809 1713 cap,
1824 1678 1848 1709 l,

1063 1728 1101 1756 ait
1109 1735 1140 1755 ea
1149 1735 1210 1763 qua:
1228 1727 1316 1754 oculis
1335 1727 1552 1762 prominentibus
1561 1729 1624 1754 sunt
1632 1726 1729 1761 procul
1739 1733 1849 1752 cernere

1063 1777 1212 1810 nequeunt,
1221 1781 1281 1809 qua:
1289 1778 1383 1801 contra
1394 1773 1467 1800 intus
1477 1773 1505 1800 in
1514 1780 1580 1800 cavo
1591 1772 1686 1800 oculos
1696 1772 1796 1799 habent
1810 1780 1852 1807 po-

1063 1820 1143 1853 sitos,
1160 1820 1239 1855 longe
1253 1819 1375 1854 aspicere
1391 1823 1516 1853 possunt,
1529 1818 1573 1845 διὰ
1584 1818 1616 1845 τὸ
1630 1818 1681 1854 τὴν
1695 1818 1805 1853 κίνησιν
1816 1818 1852 1853 μὴ

1064 1864 1302 1893 διασκεδάννυσθαι
1313 1865 1352 1896 εἰς
1368 1864 1476 1900 ἀχανὲς,
1488 1864 1546 1891 ἀλλ’
1557 1863 1731 1898 εὐθυπορεῖν.
1749 1863 1852 1896 Quibus

1064 1911 1154 1939 verbis
1167 1911 1321 1946 opinionem
1333 1909 1455 1937 Platonis
1470 1910 1612 1945 amplexus
1628 1911 1738 1938 videtur
1753 1910 1855 1938 Aristo-

1065 1957 1143 1989 teles,
1157 1956 1384 1992 quemadmodum
1402 1960 1429 1984 et
1449 1964 1479 1983 Ill
1505 1956 1614 1984 Meteor.
1631 1964 1693 1992 cap.
1709 1957 1737 1990 5,
1751 1957 1769 1984 4
1786 1961 1814 1984 et
1828 1956 1853 1986 6.

1065 2005 1093 2029 et
1109 2001 1242 2029 Problem.
1261 2002 1381 2029 sectione
1391 2002 1435 2034 5i,
1449 2002 1581 2037 problem.
1598 2002 1643 2035 i6,
1655 2002 1690 2029 ad
1706 2002 1854 2030 dubitatio-

1066 2055 1116 2075 nes
1133 2047 1264 2082 quasdam
1275 2047 1465 2075 dissolvendas
1477 2048 1528 2074 hac
1539 2047 1633 2075 eadem
1652 2048 1752 2081 utitur,
1764 2056 1855 2083 quam-

1066 2093 1108 2120 vis
1126 2092 1291 2120 contrariam
1315 2097 1425 2120 secutus
1440 2092 1574 2120 videatur.
1591 2092 1630 2121 De
1645 2093 1778 2128 opinione
1800 2093 1856 2131 Pla-

1067 2137 1153 2169 tonis,
1176 2142 1316 2173 aspectum
1334 2138 1438 2166 scilicet
1454 2138 1523 2166 alIlci
1547 2138 1665 2174 imagine
1679 2140 1774 2175 aliqua
1794 2147 1809 2166 ιι
1829 2148 1855 2166 re

233 2183 302 2210 culis
317 2181 430 2209 credulis
452 2189 572 2217 prwsaga
587 2182 670 2217 futuri
684 2182 846 2217 prwdicerct,
863 2188 1014 2217 prtccanta-
1030 2190 1053 2217 ι)
1067 2184 1126 2211 visa
1142 2183 1277 2218 ellluente,
1300 2185 1348 2212 sed
1371 2185 1488 2212 emicare
1511 2193 1545 2212 ex
1569 2186 1657 2213 oculis
1676 2186 1778 2218 lucem,
1804 2195 1855 2221 qua

235 2227 304 2253 tione
319 2226 409 2253 lunam
425 2225 567 2253 subducere
588 2227 651 2254 caelo
673 2226 837 2255 credebatur.
860 2227 916 2254 Hoc
943 2227 1015 2254 idem

235 2272 378 2300 conﬁrmat
402 2271 582 2308 fragmentum
605 2273 703 2300 veteris
721 2277 806 2308 poetae
821 2273 891 2308 apud
909 2273 1017 2300 Turne-

235 2318 310 2351 bum,
328 2317 469 2344 Adversar.
490 2317 534 2344 lib.
551 2326 607 2350 xu,
623 2325 684 2352 cap.
704 2319 737 2351 5;
753 2322 779 2345 et
790 2319 938 2346 Martinum
956 2319 1018 2346 Del-

234 2363 307 2390 rium
324 2362 551 2398 Disquisitionuin
571 2363 734 2399 magicarum
747 2363 793 2391 lib.
814 2371 844 2396 ιι,
858 2369 956 2399 quaest.
972 2365 1016 2397 Η,

235 2414 263 2436 ct
276 2413 372 2444 praeter
387 2409 455 2436 alios
471 2408 629 2436 Cleomedes
647 2409 706 2436 loco
719 2409 802 2436 dicto.
827 2409 936 2441 Τούτοις
955 2410 1019 2445 ἑξῆς

236 2455 282 2481 τὸν
304 2455 367 2490 περὶ
389 2455 437 2490 τῆς
458 2454 603 2488 ἐκλείψεως
627 2455 710 2490 αὐτῆς
731 2455 907 2490 ποιησώμεθα
928 2456 1016 2490 λόγον,

235 2501 311 2532 ὅπως
341 2501 378 2536 μὴ
402 2500 598 2536 παραπλησίως
625 2502 681 2532 τοῖς
707 2501 837 2536 γραῖδίοις
867 2503 913 2528 καὶ
940 2504 1020 2538 ἡμεῖς

237 2545 403 2580 δοξάσωμεν,
420 2546 518 2572 ὁπόταν
539 2545 659 2572 ἐκλείπει
676 2547 692 2581 ή
706 2546 813 2581 σελήνη,
828 2547 868 2573 ὅτι
881 2549 1020 2583 φαρμακί-

237 2592 281 2623 δες
297 2591 365 2618 εἰσὶν
382 2592 410 2618 at
423 2591 600 2627 καθαιροῦσαι
621 2592 716 2627 αὑτήν.
736 2591 818 2619 Multa
834 2594 861 2620 in
874 2594 943 2621 hanc
959 2602 1020 2622 sen—

238 2637 350 2664 tentiam
366 2638 446 2674 habet
457 2636 576 2665 Joannes
588 2637 698 2665 Wierus
714 2638 751 2665 De
765 2640 903 2674 pra'stigiis
923 2639 1022 2667 dwmo-

239 2690 302 2709 num
318 2682 365 2709 lib.
393 2690 423 2714 ιι,
448 2690 508 2718 cap.
527 2683 578 2714 47;
602 2689 629 2711 et
652 2683 758 2711 Delrius
782 2685 856 2712 dicto
878 2686 946 2718 loco,
962 2687 1019 2721 qui,

217 2726 306 2781 fQua:
322 2727 356 2753 sit
374 2735 510 2762 magorum
519 2733 634 2763 potestas
652 2729 679 2756 in
694 2729 768 2757 orbes
793 2730 918 2764 salutes,
933 2731 1022 2759 sidera

240 2777 264 2797 et
280 2771 415 2804 elementa,
432 2773 554 2808 pluribus
568 2775 697 2809 explicat.

277 2815 355 2849 lbid.,
371 2817 420 2846 liti.
438 2819 481 2846 59.
503 2819 552 2854 Μὴ
574 2821 628 2855 γὰρ
646 2821 819 2853 ἐξαπατάτω
844 2831 880 2850 σε
902 2823 935 2850 τὸ
957 2833 1022 2858 gat-

1067 2229 1203 2263 objectum
1229 2230 1449 2265 comprehendat,
1475 2235 1592 2258 tractant
1617 2230 1780 2259 Priscianus
1806 2231 1856 2267 Ly-

1067 2273 1119 2301 dus
1135 2273 1182 2300 lib.
1199 2273 1238 2300 De
1249 2274 1407 2308 phantasia;
1427 2275 1584 2303 Cltalcidius
1605 2275 1756 2304 Comment.
1772 2278 1799 2304 in
1812 2277 1855 2304 Ti-

1069 2327 1163 2346 maeum
1177 2319 1320 2352 Platonis;
1335 2321 1464 2349 Alcinous
1480 2321 1506 2348 in
1524 2321 1731 2350 lntroductione
1742 2324 1777 2350 ad
1797 2323 1854 2350 Pla-

1069 2368 1126 2391 ton.
1143 2364 1359 2399 Philosophiam:
1376 2365 1518 2394 Nemcsius
1530 2366 1569 2393 Dc
1583 2372 1639 2393 nat.
1654 2367 1740 2401 hom.,
1751 2376 1812 2404 cap.
1827 2369 1853 2401 7;

1069 2409 1237 2441 Macrobius,
1256 2410 1364 2436 Saturn.
1390 2411 1436 2437 lib.
1461 2419 1498 2442 νι,
1514 2419 1574 2446 cap.
1591 2411 1639 2444 14;
1662 2411 1790 2441 Plotinus
1809 2414 1853 2440 lib.

1070 2453 1109 2481 De
1124 2454 1222 2482 visione
1235 2454 1380 2487 ;Euclides
1399 2456 1489 2483 libello
1512 2456 1550 2483 De
1562 2458 1737 2491 prospectiva,
1758 2464 1786 2486 et
1802 2460 1855 2485 alii.

1106 2497 1190 2530 lbid.,
1214 2499 1262 2526 lin.
1290 2498 1317 2526 9.
1349 2499 1405 2526 Καὶ
1432 2499 1477 2526 ὅτι
1503 2500 1698 2536 παμμέγεθες.
1730 2502 1855 2532 Basilius.

1072 2542 1144 2570 hom.
1161 2543 1177 2571 6
1192 2553 1200 2571 :
1217 2544 1311 2571 Βούλει
1329 2545 1383 2571 ἀπὸ
1397 2545 1502 2580 μικρῶν
1527 2542 1683 2582 τεκμηρίων
1700 2547 1794 2575 λαϐεῖν
1814 2549 1856 2575 τοῦ

1072 2589 1203 2623 μεγέθους
1219 2586 1303 2626 ἆὺτῆς
1319 2590 1366 2626 τὴν
1382 2591 1572 2625 ὰπόδειξιν;Αί
1589 2593 1658 2620 κατὰ
1674 2593 1724 2629 τὴν
1740 2595 1858 2630 οἰκουμέ-

1072 2641 1120 2668 νην
1137 2634 1228 2666 πόλεις
1244 2635 1369 2662 πλεῖστον
1385 2636 1506 2672 ἀλλήλων
1519 2636 1712 2673 ἀπῳκισμέναι
1728 2641 1798 2667 κατὰ
1811 2641 1857 2675 τὴν

1072 2679 1202 2715 ἀνατολὴν
1218 2682 1419 2717 τετραμμέναις
1436 2684 1615 2719 ῥυμοτομίαις
1638 2685 1669 2718 ἐξ
1695 2686 1755 2713 [σου
1777 2687 1856 2714 πᾶσαι

1072 2725 1103 2751 τὸ
1120 2724 1258 2760 σεληναῖον
1285 2727 1342 2761 φῶς
1359 2728 1543 2763 ὑποδέχονται.
1568 2729 1651 2758 Plura
1675 2732 1711 2760 de
1734 2732 1786 2760 hoc
1802 2734 1857 2760 vide

1072 2770 1144 2806 apud
1159 2770 1330 2800 Cleomedem
1347 2773 1406 2802 loco
1422 2775 1507 2802 dicto.

1110 2815 1190 2850 lbid.,
1218 2817 1264 2844 lin.
1294 2818 1335 2845 Μ.
1361 2820 1414 2848 Kal
1439 2821 1545 2856 ὁμοίως
1561 2822 1669 2856 αὐτήν.
1696 2823 1799 2851 Similia
1821 2824 1855 2851 le<
