1903 3068
44 126 99 153 877

563 121 596 148 ΙΝ
614 119 801 148 ΕΙᾸΞΤΛΤΗΠ
817 117 1052 146 HEXAEMERON
1070 117 1183 146 NOTAE.

1627 113 1678 140 878

45 188 152 219 guntur
170 184 242 219 apud
257 183 398 215 Basilium,
411 182 485 209 hom.
499 182 516 207 6
531 189 537 207 :
557 181 672 216 Ὁμοίως
690 181 744 216 γὰρ
761 179 842 214 αὐτῆς

901 178 933 205 Ξνι
946 178 979 204 τὰ
993 177 1120 211 πελάγιοι,
1130 176 1165 203 τὰ
1179 175 1335 210 αἰγιαλώδη,
1348 174 1380 201 τὰ
1395 174 1485 210 βύοια,
1497 173 1532 200 τὰ
1542 173 1680 210 πετρώδη.

45 231 104 259 ἀπὸ
129 231 185 257 τῶν
211 229 375 266 ίσημερινῶν
398 229 486 255 τόπων
518 227 732 263 ἀνατελλούσης,
758 227 785 253 οἵ
812 235 843 254 τε

47 276 263 313 προσοικοῦντες
286 278 318 312 τῇ
343 275 549 310 κατεψυγμένη,
566 275 613 302 καὶ
628 274 679 300 ὑπὸ
694 274 741 305 τὰς
765 282 838 308 περι-

49 325 175 360 ςτροφὰς
195 323 246 358 τῆς
270 323 370 358 ἄρκτου
391 322 512 356 κείμενοι
529 319 776 356 μεταλαμϐάνουσι,
796 319 843 345 καὶ

47 372 73 397 οἱ
89 370 165 397 κατὰ
176 369 210 395 τὰ
226 369 303 395 κοῖλα
318 368 367 403 τῆς
385 367 557 403 μεσημϐρίας
566 367 614 402 τῆς
627 365 844 402 διακεκαυμένης

47 418 175 452 γείτονες
187 424 193 431 ·
221 414 261 448 οἷς
281 416 347 442 πᾶσι
361 414 432 441 κατὰ
450 414 480 440 τὸ
496 413 596 444 πλάτος
611 411 842 447 ὰντιπαρήκουσα,

49 463 227 498 σαφεστάτην
243 461 395 497 μαρτυρίαν
403 460 448 487 τοῦ
479 459 608 495 μεγέθους
624 458 780 494 παρέχεται.

86 508 174 540 Ibid.,
188 509 236 535 lin.
254 508 297 534 '18.
318 506 373 534 Kal
389 506 497 538 εὐθέως
519 506 538 539 ἡ
554 504 612 540 μὲν
626 503 776 531 θάλασσα.
794 503 846 530 Ba-

49 554 144 585 silius,
174 554 246 580 hom.
275 553 307 580 7:
322 550 407 578 Ἦλθε
432 552 607 587 πρόσταγμα,
623 550 670 577 καὶ
699 550 779 581 εὐθὺς
798 550 845 576 καὶ

49 600 173 634 ποταμοὶ
194 599 310 634 ἐνεργοὶ,
337 598 382 624 καὶ
408 597 501 632 λίμναι
518 597 635 632 γόνιμοι,
662 596 716 622 τῶν
738 596 845 622 οἰκείων

48 645 168 671 ἕκαστον
184 644 273 671 αὐτῶν
302 643 348 670 καὶ
372 643 443 670 κατὰ
469 643 549 677 φύσιν
573 642 669 677 γενῶν·
688 641 736 669 καὶ
761 642 777 677 ἡ
799 641 847 668 θά-

49 691 141 718 λασσα
164 691 198 717 τὰ
222 690 382 717 παντοδαπὰ
397 690 462 725 γένη
486 689 540 716 τῶν
554 689 667 716 πλωτῶν
693 688 780 721 ὥδινε,
799 689 845 715 καὶ

49 735 113 762 οὐδὲ
134 736 196 762 ὅσον
211 736 239 762 ὲν
264 735 333 761 ἰλύσι
355 735 403 762 καὶ
418 735 533 769 τέλμασι
547 733 593 760 τοῦ
616 734 711 765 ὓδατος
727 732 771 768 ἦν,
786 734 845 760 οὐδὲ

49 782 132 808 τοῦτο
145 782 232 817 ἀργὸν
244 781 432 817 οὺδὲ’ἅμοιρον
452 781 500 816 τῆς
517 780 587 807 κατὰ
605 780 654 816 τὴν
671 781 758 807 κτίσιν
782 789 844 807 συν-

50 827 161 859 τελείας
177 827 319 863 ἀπέμεινε.

87 884 172 917 Ibid.,
190 885 239 912 lin.
255 885 298 912 ιι).
318 885 378 911 Τῶν
391 884 447 919 γὰρ
465 884 602 911 ἐναλίων.
619 884 748 918 Basilius,
769 885 842 911 hom.
859 863 881 890 Β

52 931 67 957 7
87 940 94 958 :
117 931 244 958 Μάλιστα
267 931 316 966 μὲν
339 930 457 966 ἀμφίϐια
483 930 516 956 τὰ
537 929 620 956 πολλὰ
635 930 736 956 τούτων
761 931 833 956 ἐστὶν

51 974 108 1004 οἷον
123 976 228 1011 φῶκαι,
244 977 290 1004 καὶ
305 976 480 1012 κροκόδειλοι,
498 977 544 1003 καὶ
567 977 591 1003 οἱ
613 977 740 1010 ποτάμιοι
756 976 843 1008 ἵπποι,

52 1023 100 1050 καὶ
118 1023 260 1059 βάτραχοι,
280 1024 327 1050 καὶ
342 1024 481 1059 καρκῐνοι·
501 1022 557 1049 ἀλλ’
574 1020 619 1049 οὖν
640 1022 844 1058 προηγούμενον

51 1069 109 1105 ἔχει
125 1070 158 1095 τὸ
173 1070 311 1105 νηκτικόν.
327 1068 442 1102 Plinius,
466 1069 514 1096 lib.
532 1077 618 1100 xxx",
634 1076 695 1104 cap.
713 1069 742 1095 11
761 1077 767 1095 :
785 1067 843 1094 iam

51 1115 197 1147 caniculzc,
217 1114 374 1146 dronlones,
391 1119 521 1146 cornuta,
544 1114 636 1149 gladii,
664 1121 747 1141 Sarrae
772 1121 846 1141 com-

52 1168 209 1196 munesque
226 1161 306 1192 mari.
322 1165 412 1193 terrae,
439 1162 512 1187 amni
530 1160 726 1196 bippopotami,
751 1167 845 1187 croco-

51 1206 101 1234 «ιιι
119 1216 125 1234 :
143 1211 170 1234 et
186 1207 258 1234 amni
276 1211 393 1238 tantum,
410 1214 443 1234 ac
459 1207 538 1238 mari,
551 1206 666 1242 thymni,
679 1206 844 1240 thymnides,

52 1253 145 1285 siuti,
171 1253 303 1285 coracini,
329 1261 434 1288 percaa;
462 1257 489 1280 et
505 1252 552 1279 lib.
583 1260 620 1284 Ix,
636 1259 696 1287 cap.
713 1252 740 1285 5,
758 1252 791 1279 de
804 1253 846 1279 In-

52 1298 109 1326 dici
131 1298 218 1325 maris
239 1298 336 1326 belluis
354 1305 507 1325 sermonem
519 1297 642 1325 habens:
658 1296 774 1330 Exeunt,
797 1298 844 1329 ait,

51 1349 76 1371 et
94 1344 184 1378 pecori
197 1344 297 1371 similes
317 1344 409 1371 bellua:
428 1344 464 1370 ibi
479 1344 505 1371 in
522 1349 630 1376 terram,
647 1348 779 1378 pastwque
799 1352 845 1370 ra-

53 1391 127 1418 dices
142 1391 277 1426 fructuum
294 1396 420 1423 remeant,
432 1395 457 1417 et
471 1391 592 1426 quaedam
606 1398 742 1423 equorum,
756 1391 847 1417 asino-

53 1446 127 1470 rum,
143 1443 282 1464 taurorum
293 1437 422 1472 capitibus
434 1445 492 1472 qua:
505 1436 682 1472 depascuntur
696 1442 767 1465 sata.
778 1436 846 1464 Vide

54 1485 177 1513 Plinium
196 1485 242 1512 lib.
259 1493 298 1515 ιιι,
318 1493 377 1519 cap.
395 1484 437 1517 19,
453 1488 479 1511 et
494 1492 553 1519 cap.
572 1484 616 1518 57,
631 1487 658 1511 et
673 1484 844 1516 Athenaeum,

54 1532 103 1560 lib.
122 1538 254 1566 vni,pag.
271 1531 334 1558 248.
351 1530 530 1562 Onesicritus,
548 1530 620 1565 apud
632 1530 805 1562 Strabonem,
818 1538 843 1558 c.
860 1547 883 1578 ο

56 1578 101 1611 15,
117 1581 213 1605 narrat
228 1578 303 1604 circa
317 1576 506 1611 Taprobanem
515 1576 597 1603 india:
609 1576 713 1604 belluas
725 1577 846 1604 marinas

58 1623 196 1658 ancipites
211 1623 271 1650 vita
285 1622 371 1654 nasci.
386 1623 453 1649 alias
464 1622 551 1649 bobus
562 1621 674 1654 similes,
684 1621 751 1649 alias
758 1621 845 1656 equis,

56 1669 126 1697 alias
137 1669 222 1697 variis
230 1668 392 1696 animalibus
407 1667 593 1695 terrestribus.
605 1667 683 1702 Κήτη
690 1667 718 1693 δὲ
730 1667 846 1702 ἀμφίϐια

55 1716 121 1751 περὶ
131 1715 215 1750 αὐτὴν
222 1714 394 1748 γίνεσθαι,τὰ
404 1714 452 1750 μὲν
460 1714 545 1749 βουσὶ,
552 1714 585 1740 τὰ
591 1713 611 1739 δ’
623 1714 725 1745 ἵπποις,
735 1713 768 1739 τὰ
777 1713 848 1740 δ’ἄλ-

56 1760 259 1796 λοιςχερσαίοις
277 1761 393 1787 ἐοικότα.
407 1761 569 1787 Ambrosius
585 1760 648 1787 item
667 1759 714 1786 lib.
733 1767 749 1786 v
764 1758 819 1787 Hex
837 1769 843 1787 :

57 1805 130 1838 Quin
152 1805 234 1831 etiam
257 1813 316 1831 cum
342 1805 465 1840 pleraque
490 1804 566 1838 pedes
591 1803 712 1835 habeant,
739 1808 764 1830 et
787 1812 846 1830 am‘

57 1851 169 1879 bulamli
179 1860 267 1883 usum,
277 1860 306 1878 eo
314 1851 382 1887 quod
393 1853 444 1878 sint
454 1851 595 1885 amp/tibia,
604 1859 662 1885 qua:
673 1850 711 1878 vel
725 1851 752 1877 in
761 1850 846 1885 aquis,

56 1898 97 1925 cel
109 1899 138 1924 in
153 1902 226 1924 terra
236 1898 333 1930 vivunt,
348 1903 402 1925 etc.
414 1897 511 1930 Varro,
522 1905 549 1924 tv
567 1897 605 1924 De
621 1897 711 1932 lingua
734 1895 847 1922 Latina:

58 1944 146 1971 (ἕναιοὶ
161 1953 193 1971 ea
208 1953 267 1978 qme
279 1945 305 1971 in
323 1952 392 1979 aqua
405 1949 429 1971 et
440 1944 466 1971 in
482 1948 552 1970 terra
568 1947 677 1978 possunt
698 1943 778 1970 virere
801 1950 847 1968 vo-

57 1994 121 2017 cant
137 1990 279 2024 amphibia.
295 1990 455 2023 Columella,
471 1990 518 2016 lib.
540 1997 600 2022 vni,
616 1996 678 2023 cap.
696 1988 746 2015 12:
768 1987 848 2014 Venio

57 2044 130 2062 nunc
143 2035 178 2063 ad
193 2044 238 2062 eas
258 2044 316 2062 aves
329 2044 394 2071 quas
407 2035 493 2062 Graeci
507 2035 654 2070 ἀμφιῦίους
669 2038 772 2066 vocant,
786 2033 848 2068 quia

57 2092 112 2110 non
132 2088 238 2110 tantum
262 2085 407 2116 terrestria,
423 2083 467 2110 sed
485 2082 615 2118 aquatilia
630 2090 729 2117 quoque
746 2080 848 2108 deside-

58 2137 121 2158 rant
136 2130 251 2165 pabula;
266 2139 311 2157 nec
336 2130 419 2165 magis
439 2129 517 2156 humo
532 2137 611 2164 quam
626 2133 719 2163 stagno
740 2136 848 2154 consue-

59 2181 123 2203 runt
136 2184 145 2203 .'
157 2176 265 2211 ejusque
279 2176 381 2211 generis
396 2183 474 2202 anser
492 2175 622 2209 prwcipue
636 2173 742 2200 rusticis
756 2177 847 2207 gratus

894 223 928 250 τὰ
937 223 1062 257 ἀγελαῖα,
1075 222 1108 249 τὰ
1118 220 1276 258 σποραδικὰ,
1290 220 1324 247 τὰ
1339 222 1419 256 κήτη,
1433 220 1467 247 τὰ
1482 219 1633 255 ὑπέρογκα,
1646 218 1682 244 τὰ

893 269 1044 296 λεπτότατα
1068 268 1123 294 τῶν
1149 266 1256 303 ἰχθύων.
1272 266 1312 302 Τῇ
1331 266 1384 302 γὰρ
1401 266 1468 301 αὐτῇ
1491 265 1605 300 δυνάμει
1632 263 1682 291 καὶ

893 316 932 351 τῷ
945 316 994 351 ἴσῳ
1010 315 1200 350 προστάγματι
1214 314 1244 340 τό
1259 322 1288 340 τε
1305 313 1376 349 μέγα
1402 313 1448 339 καὶ
1464 312 1493 339 τὸ
1518 311 1614 348 μικρὸν
1633 319 1680 346 με-

894 360 1058 396 ταλαγχάνει
1073 361 1119 386 τοῦ
1134 357 1212 386 εἶναι.

930 407 1010 439 Ibid.,
1024 407 1071 434 lin.
1089 405 1135 433 27.
1153 405 1190 432 Τὰ
1203 404 1339 440 ἀγελαῖα,
1357 403 1393 431 τὰ
1408 402 1585 438 σποραδικά.
1604 402 1680 430 Cice-

895 461 936 486 ro,
966 452 1074 480 Tuscul.
1088 461 1115 483 v,
1136 451 1305 486 Congregata
1318 448 1353 478 Vel
1370 450 1500 484 solivaga.
1519 449 1679 476 Theodorus

895 498 978 530 Gaza,
995 497 1122 533 Gregalia
1145 501 1172 524 et
1189 497 1325 529 incivilia;
1342 504 1404 523 nam
1420 500 1447 522 ct
1458 495 1619 522 Aristoteles
1634 495 1680 522 do-

896 548 938 571 cet
970 551 978 570 ι
997 543 1033 570 De
1045 543 1106 570 hist.
1119 542 1214 574 anim.,
1237 549 1296 576 cap.
1315 542 1384 575 Lex
1403 541 1568 577 gregalibus,
1585 548 1680 576 quem-

896 589 1042 617 admodum
1066 593 1092 616 et
1107 595 1140 615 ex
1171 587 1301 615 solitariis
1324 587 1450 622 qumdam
1469 595 1530 615 esse
1543 587 1678 619 πολιτικά,

896 635 997 669 civilia,
1011 635 1135 670 quaedam
1149 635 1310 670 σποραδικά.

930 691 1010 723 lbid.,
1026 691 1074 718 lin.
1091 691 1137 718 28.
1158 691 1339 726 Συγγένειαν
1354 691 1429 726 πρὸς
1443 691 1476 718 τὸ
1493 691 1581 724 ὕδωρ.
1603 690 1680 717 Basi—

896 737 960 769 lius,
977 737 1051 764 hom.
1068 736 1082 762 7
1098 745 1104 763 :
1120 736 1304 771 Ἐξαγαγέτω
1321 737 1358 763 τὰ
1367 737 1471 764 ὕδατα.
1487 736 1615 769 Ἐξείξεσι
1630 737 1680 772 τὴν

897 781 1013 816 φυσικὴν
1026 781 1080 808 τῶν
1093 781 1200 818 νηκτῶν
1214 782 1282 817 πρὸς
1295 782 1325 808 τὸ
1345 781 1416 817 ὕδωρ
1441 782 1600 816 συγγένειαν
1617 790 1624 796 ·
1640 781 1681 808 διὸ

898 827 994 862 μικρὸν
1010 828 1034 853 οἱ
1049 826 1138 862 ἰχθύες
1147 827 1327 863 χωρισθέντες
1344 826 1390 853 τοῦ
1405 826 1499 858 ὕδατος
1512 826 1680 862 διαφθείρον-

895 883 951 901 ται.
969 874 1036 901 Οὐδὲ
1051 873 1106 909 γὰρ
1126 874 1233 909 ἔχουσιν
1255 874 1403 909 ἀναπνοὴν,
1432 873 1502 904 ὥστε
1522 874 1611 900 ἕλκειν
1633 873 1679 899 τὸν

896 920 965 956 ἀέρα
981 919 1075 947 τοῦτον
1093 928 1100 936 ·
1117 920 1174 946 ἀλλ’
1196 921 1266 956 ὅπερ
1285 921 1341 951 τοῖς
1363 920 1501 956 χερσαίοις
1522 920 1595 946 ἐστὶν
1614 920 1678 956 ἀὴρ,

895 965 975 992 τοῦτο
985 965 1024 1000 τῷ
1040 965 1138 1000 πλωτῷ
1154 965 1228 1000 γένει
1247 966 1277 992 τὸ
1293 965 1374 1001 ὕδωρ.

931 1021 1011 1053 Ibid.,
1024 1022 1074 1048 lin.
1095 1022 1139 1048 50.
1161 1022 1193 1049 Ἡ
1203 1022 1259 1056 γὰρ
1273 1022 1331 1049 τῶν
1342 1022 1522 1057 βραγχείων.
1551 1021 1678 1053 Basilius.

897 1067 970 1094 hom.
986 1067 1001 1093 7
1017 1077 1023 1094 :
1041 1067 1122 1103 Καὶὴ
1143 1067 1217 1094 αἰτία
1237 1067 1314 1104 δήλη,
1332 1069 1372 1094 ὅτι
1384 1069 1450 1103 ἡμῖν
1469 1067 1483 1093 ό
1496 1067 1622 1101 πνεύμων
1636 1067 1680 1101 ἑγ-

897 1120 985 1139 κειται
999 1113 1094 1148 ἀραιὸν
1108 1113 1154 1140 καὶ
1171 1113 1322 1148 πολύπορον
1347 1112 1509 1148 σπλάγχνον,
1534 1112 1549 1138 ὃ
1569 1112 1612 1139 διὰ
1630 1112 1680 1147 τῆς

896 1157 944 1184 τοῦ
962 1157 1086 1193 θώρακος
1103 1158 1245 1194 υιαστολῆς
1267 1158 1313 1185 τὸν
1340 1158 1409 1193 ἀέρα
1423 1158 1576 1194 δεχόμενον,
1593 1159 1623 1185 τὺ
1638 1157 1680 1184 ἔν-

896 1203 941 1230 δον
951 1203 1030 1239 ὴμῶν
1046 1203 1147 1239 θερμὸν
1164 1204 1340 1240 διαῤῥιπίζει,
1363 1205 1410 1231 καὶ
1426 1204 1570 1240 ἀναψύχει.
1594 1205 1680 1231 Ἐκεί-

897 1258 953 1282 νοις
964 1250 992 1277 δὲ
1006 1251 1022 1286 ἡ
1040 1250 1094 1277 τῶν
1108 1250 1243 1286 βραγχίων
1253 1251 1377 1286 διαστολὴ
1389 1251 1436 1278 καὶ
1451 1251 1593 1284 ἐπιπτυξις
1605 1253 1680 1287 δεχο-

900 1297 987 1332 μένων
998 1297 1028 1323 τὸ
1039 1296 1111 1332 ὕδωρ
1127 1297 1174 1324 καὶ
1192 1297 1312 1324 διῖέντων
1329 1297 1374 1323 τὸν
1385 1297 1435 1332 τῆς
1450 1297 1586 1332 ἀναπνοῆς
1600 1297 1680 1332 λόγον

897 1342 1059 1378 ἀναπληροῖ,
1084 1341 1142 1370 Hoc
1151 1342 1221 1369 idem
1233 1344 1315 1370 sentit
1326 1343 1497 1376 Aristoteles,
1512 1350 1542 1369 ιιι
1555 1342 1594 1369 De
1607 1348 1679 1377 part,

898 1385 997 1417 anim.,
1015 1393 1076 1420 cap.
1102 1384 1130 1418 6,
1153 1385 1217 1412 dum
1236 1386 1284 1419 ait,
1308 1385 1424 1420 piscium
1447 1385 1551 1412 nullum
1582 1385 1683 1412 habere

898 1431 1066 1466 pulmonem,
1088 1431 1136 1459 sed
1163 1438 1214 1466 pro
1235 1439 1268 1459 eo
1294 1431 1441 1458 branchias
1458 1430 1598 1463 obtinere;
1611 1437 1682 1465 aqua

897 1477 970 1504 enim
981 1477 1072 1511 pisces
1081 1477 1287 1512 refrigerantur,
1305 1480 1335 1503 ut
1360 1484 1422 1504 aere
1439 1484 1500 1511 qum
1520 1476 1636 1511 spirant.
1650 1476 1682 1502 Et

897 1521 946 1548 lib.
958 1530 996 1554 iv,
1014 1529 1074 1556 cap.
1091 1522 1117 1554 i,
1131 1521 1221 1556 pisces
1231 1521 1361 1556 pulmone
1369 1529 1472 1553 carere,
1491 1526 1518 1549 et
1534 1521 1681 1548 branchias

899 1567 960 1594 vice
975 1567 1113 1602 pulmonis
1131 1568 1235 1595 sortiri.
1253 1568 1426 1602 Ambrosius,
1438 1567 1485 1596 lib.
1507 1577 1524 1596 v
1541 1560 1681 1602 lienem,

899 1620 961 1648 cap.
972 1613 999 1646 4,
1015 1614 1078 1641 item
1102 1614 1150 1646 ait,
1163 1613 1235 1648 quod
1249 1613 1354 1641 caeteris
1369 1613 1555 1640 animantibus
1565 1617 1606 1641 est
1622 1621 1680 1646 aer,

898 1657 951 1684 hoc
962 1657 1085 1692 piscibus
1111 1665 1173 1686 esse
1191 1665 1302 1692 aquam,
1324 1661 1402 1684 extra
1421 1664 1502 1692 quam
1523 1657 1613 1684 vivere
1630 1666 1681 1684 nc-

897 1706 1002 1738 queunt
1011 1702 1083 1730 sicut
1096 1704 1244 1731 intercluso
1256 1703 1368 1738 spiritus
1385 1707 1538 1731 commeatu
1552 1703 1681 1730 animalia

899 1749 985 1776 emori
998 1756 1109 1776 necesse
1121 1754 1172 1776 est.
1189 1748 1328 1784 Oppianus
1348 1748 1473 1776 Ἀλιευτ.
1493 1756 1512 1775 ιι
1530 1757 1537 1776 :

929 1795 984 1823 Καὶ
998 1796 1053 1830 γὰρ
1067 1796 1115 1822 καὶ
1131 1795 1295 1823 νεπόδεσσι
1309 1795 1471 1830 παλιρῤοος
1482 1795 1600 1822 ἕλκεται
1612 1795 1680 1829 ἀήρ.

898 1841 936 1870 De
946 1843 998 1869 hac
1017 1843 1166 1877 quaestione
1180 1840 1296 1873 Plinius,
1313 1842 1360 1869 lib.
1377 1849 1415 1874 Ix,
1426 1849 1487 1876 cap.
1502 1841 1527 1874 7,
1546 1845 1573 1869 et
1583 1841 1681 1870 Caelius

898 1888 1081 1923 Rhodiginus,
1098 1888 1146 1915 lih.
1160 1896 1196 1921 IV,
1209 1894 1270 1923 cap.
1289 1887 1334 1914 15.

932 1945 1012 1977 lbid.,
1024 1945 1072 1972 lin.
1084 1945 1128 1971 5'5.
1139 1944 1214 1972 Οὐδὲ
1221 1946 1289 1978 παρ’
1305 1944 1406 1978 αὐτοῖς
1413 1944 1447 1977 ἐξ
1462 1945 1611 1979 ἡμισείας.
1631 1943 1682 1971 Ba-

899 1991 988 2023 silius,
1001 1991 1074 2018 hom.
1090 1991 1105 2016 7
1117 2000 1123 2018 :
1135 1990 1217 2017 υὺδὲν
1233 1990 1309 2026 παρὰ
1320 1992 1376 2022 τοῖς
1390 1990 1493 2026 ἰχθύσιν
1510 1991 1539 2023 ἐξ
1556 1991 1682 2026 ἡμισείας

899 2035 1034 2062 ὥπλισται
1049 2037 1106 2067 τοῖς
1119 2035 1234 2068 ὀδοῦσιν,
1250 2036 1287 2067 ὠς
1307 2036 1370 2071 βοῦς
1382 2036 1445 2070 παρ’
1461 2037 1526 2071 ἡμῖν
1552 2036 1599 2062 καὶ
1615 2036 1684 2071 πρό-

900 2082 990 2108 ϐατον.
1008 2081 1074 2108 Οὐδὲ
1089 2081 1143 2116 γὰρ
1153 2081 1304 2117 μηρυκάζει
1318 2090 1344 2108 τι
1359 2081 1425 2117 παρ’
1440 2081 1540 2113 αὐτοῖς,
1553 2082 1577 2108 εί
1590 2081 1628 2118 μὴ
1637 2081 1684 2108 τὸν

899 2128 999 2164 σκάρον
1011 2128 1089 2163 μόνον
1113 2127 1248 2162 ἱστοροῦσί
1270 2136 1352 2159 τινες.
1376 2128 1467 2154 Πάντα
1488 2128 1516 2155 δὲ
1543 2128 1684 2160 ὀξυτάταις

899 2174 1001 2209 ἀκμαῖς
1015 2173 1126 2200 ὀδόντων
1150 2174 1408 2206 καταπεπύκνωται,
1431 2175 1474 2200 ἵνα
1489 2174 1525 2209 μὴ
1541 2175 1574 2209 τῇ
1590 2172 1686 2208 χρονίᾳ

58 2227 111 2250 εει.
134 2221 198 2249 Ηωο
212 2221 309 2249 Cicero
323 2222 429 2249 vocavit
449 2221 573 2255 ancipites
592 2220 700 2252 bestias,
718 2219 766 2246 lib.
787 2227 794 2246 ι
812 2218 842 2245 Di

902 2221 1018 2255 μασήσει
1030 2221 1046 2255 ή
1057 2220 1144 2256 τροφὴ
1165 2220 1278 2257 διαρρέῃ
1296 2229 1303 2235 υ
1322 2219 1418 2255 ἔμελλε
1428 2219 1494 2255 γὰρ,
1511 2220 1535 2245 εἰ
1548 2219 1586 2254 μὴ
1601 2217 1685 2250 ὀξέως

60 2272 118 2294 nat.
140 2268 250 2294 deorum
269 2267 443 2293 :Bestiarum
453 2271 541 2293 autem
558 2270 668 2292 terrena:
680 2268 751 2297 _sunt
775 2263 847 2294 alite,

59 2314 161 2349 partim
188 2313 335 2348 aquatiles,
358 2313 420 2340 alite
440 2313 516 2348 quasi
539 2312 664 2346 ancipites
690 2311 718 2337 in
739 2315 850 2345 utraque

60 2361 123 2388 sede
144 2360 265 2387 viventes.

98 2416 180 2447 lbid.,
203 2417 252 2443 lin.
265 2417 308 2444 25.
329 2417 366 2443 Τὰ
377 2416 411 2442 δὲ
426 2415 562 2446 ζωοτόκιι.
579 2414 707 2446 Basilius,
727 2413 801 2440 hom.
814 2413 847 2441 7:

68 2457 257 2492 Ἐξαγαγέτω
270 2460 306 2485 τὰ
320 2459 415 2484 ὕδατα
425 2457 543 2492 ἑρπετά.
565 2458 608 2483 Ἐν
619 2456 721 2486 τούτοις
732 2457 787 2486 τοῖς
808 2464 851 2490 μι-

62 2504 140 2540 κροῖς
157 2503 260 2538 ῥήμασι
281 2503 306 2530 τί
329 2505 456 2539 παρεῖται
473 2503 565 2537 γένος;
593 2502 618 2528 τί
644 2502 694 2528 οὐκ
710 2500 851 2536 ἐμπεριεί-

62 2548 165 2584 ληπται
185 2548 224 2583 τῷ
243 2550 433 2585 προστάγματι
457 2549 508 2584 τῆς
529 2548 728 2583 δημιουργίας;
757 2547 793 2573 Ού
817 2546 852 2573 τὰ

63 2594 260 2627 ζωνκτοκοῦντα,
277 2593 333 2622 οἷον
356 2595 458 2630 φῶκαι,
474 2596 521 2622 καὶ
539 2594 669 2628 δελφῖνες,
683 2593 730 2619 καὶ
740 2593 851 2628 νάρκαι,

63 2643 112 2669 καὶ
123 2643 158 2669 τὰ
169 2643 251 2678 ὃμοια
263 2642 367 2675 τούτοις
377 2643 411 2669 τὰ
425 2642 526 2678 σελάχη
536 2642 670 2677 λεγόμενα
681 2649 687 2673 ;
702 2640 732 2666 οὐ
747 2639 782 2665 τὰ
802 2639 853 2665 ὼο-

62 2690 143 2721 τόκα,
159 2689 231 2726 ἅπερ
243 2691 300 2717 ἐστὶ
314 2690 403 2717 πάντα
418 2688 510 2725 σχεδὸν
529 2688 584 2715 τῶν
600 2687 698 2722 ἰχθύων
716 2686 750 2712 τὰ
765 2685 830 2720 γένη
845 2693 852 2715 ;

63 2735 115 2770 οὐχ
136 2735 187 2762 ὅσα
208 2735 350 2770 φολιδωτὰ,
378 2736 427 2770 οὐχ
454 2733 494 2766 οἷς
508 2735 566 2760 ἐστι
590 2732 734 2768 πτερύγια,
753 2731 800 2758 καὶ
813 2727 853 2762 οἷς

67 2782 105 2816 μή
121 2782 212 2815 ἑστινς

104 2825 183 2860 lbid.,
205 2827 253 2854 lin.
349 2829 451 2855 Μόνον
461 2826 494 2853 δὲ
511 2823 708 2859 προσέταξεν.
725 2823 852 2853 Basilius,

65 2873 142 2901 hom.
155 2873 170 2899 7
189 2883 194 2900 :
213 2873 393 2908 Ὲξαγαγέτω
405 2873 439 2900 τὰ
454 2873 549 2900 ὕδατα
558 2869 677 2905 ἑρπετά.
687 2870 731 2896 Ἐν
748 2868 853 2899 τούτοις

901 2266 1125 2302 κατατεμνομένη
1136 2267 1168 2302 τῇ
1183 2266 1280 2302 γαστρὶ
1290 2266 1495 2301 παρεπέμπετο,
1510 2266 1538 2291 ὲν
1548 2266 1580 2300 τῇ
1589 2265 1686 2291 λεπτο-

901 2314 1009 2349 ποιήσει
1028 2312 1214 2349 διαφορεῖσθαι
1241 2312 1287 2339 τοῦ
1313 2312 1417 2343 ὓδατος.
1437 2311 1600 2340 Aristoteles
1631 2310 1684 2338 hoo

901 2359 983 2392 idem,
993 2366 1043 2386 nec
1056 2357 1180 2392 ejusdem
1196 2365 1307 2385 causam
1318 2357 1440 2384 eamdem
1449 2363 1511 2383 cum
1523 2355 1574 2382 hoc
1588 2358 1678 2382 nostri

903 2409 1015 2433 auctore
1041 2404 1140 2437 reddit,
1167 2404 1214 2431 lib.
1240 2412 1268 2430 ιιι
1292 2403 1327 2430 De
1343 2407 1414 2438 part.
1430 2402 1525 2433 anim..
1555 2409 1579 2428 c.
1599 2401 1612 2427 l
1628 2410 1635 2427 :
1653 2401 1674 2426 0

901 2451 922 2477 δ’
936 2451 1025 2486 ἰχθύες
1038 2450 1138 2482 πάντες
1161 2451 1214 2476 εἰσὶ
1237 2449 1459 2485 καρχαρόδοντες,
1477 2447 1545 2483 πλὴν
1563 2447 1610 2473 τοῦ
1627 2446 1684 2478 ἑνὸς

901 2497 948 2524 τοῦ
965 2497 1131 2532 καλουμένου
1150 2497 1262 2532 σκάρου.
1283 2495 1377 2522 Πολλοὶ
1391 2495 1412 2520 δ’
1425 2494 1515 2529 ἔχουσι
1529 2492 1575 2519 καί
1585 2493 1613 2518 ἐν
1627 2493 1686 2522 ταῖς

902 2543 1035 2578 γλώτταις
1048 2543 1156 2574 ὀδόντας
1166 2542 1213 2569 καὶ
1230 2543 1258 2568 ὲν
1271 2543 1327 2573 τοῖς
1339 2541 1473 2576 οὐρανοῖς.
1486 2538 1586 2565 Τούτου
1605 2537 1626 2564 δ’
1643 2537 1686 2564 αῖ-

903 2597 958 2615 τιον
973 2589 1014 2616 ὅτι
1027 2589 1173 2623 ἀναγκαῖον
1187 2589 1216 2615 ὲν
1234 2588 1327 2624 ὑγροῖς
1341 2584 1399 2614 οὖσι
1421 2583 1644 2621 παρεισδέχεσθαι
1656 2582 1686 2609 τὰ

905 2634 986 2669 ὑγρὸν
999 2635 1057 2670 ἅμα
1073 2636 1106 2670 τῇ
1126 2636 1224 2671 τροφῇ,
1247 2634 1294 2660 καὶ
1307 2632 1386 2660 τοῦτο
1401 2632 1506 2667 ταχέως
1522 2630 1687 2665 ὲκπὲμπειν.

904 2681 941 2707 Οὺ
967 2680 1021 2716 γὰρ
1042 2680 1177 2716 ἐνδέχεται
1206 2679 1359 2710 λεαίνοντας
1386 2678 1533 2713 διατρίϐειν
1552 2685 1558 2691 ·
1586 2674 1687 2710 εἰσρέει

904 2726 958 2761 γὰρ
974 2725 1005 2752 τὸ
1019 2725 1100 2761 ὑγρὸν
1124 2726 1153 2752 ὲν
1176 2727 1209 2761 τῇ
1234 2725 1323 2761 κοιλίᾳ
1338 2734 1344 2739 ·
1356 2724 1399 2751 διὰ
1412 2723 1491 2750 τοῦτο
1505 2722 1604 2752 πάντες
1617 2720 1686 2746 εἰσιν

905 2773 974 2805 ὀξεῖς
986 2773 1053 2808 πρὸς
1062 2773 1110 2808 τὴν
1126 2772 1256 2808 διαίρεσιν
1268 2780 1274 2786 ·
1291 2771 1370 2799 πάλιν
1387 2771 1435 2798 καὶ⁹
1451 2770 1552 2801 πολλοὶ,
1563 2769 1610 2796 καὶ
1624 2767 1688 2794 πολ·-

905 2821 986 2856 λαχῆ,
997 2821 1040 2847 ἵνα
1055 2820 1114 2853 ἀντὶ
1127 2819 1175 2846 τοῦ
1188 2818 1303 2846 λεαίνειν
1311 2819 1350 2851 εἰς
1359 2817 1443 2845 πολλὰ
1455 2816 1639 2853 κερματίζωσι
1649 2815 1688 2850 τῷ

907 2865 1012 2901 πλήθει.
1031 2865 1049 2891 Γ
1051 2864 1134 2900 αμψοὶ
1153 2863 1181 2890 δὲ
1194 2865 1238 2891 διὰ
1254 2864 1284 2891 τὸ
1299 2865 1347 2891 τὴν
1365 2864 1449 2897 ἀλκὴν
1467 2863 1558 2895 σχεδὸν
1578 2861 1686 2888 ἃπασαν
