1903 3068
209 129 260 158 879

879 123 1001 152 LEONIS
1020 121 1157 150 ALLATII

1799 117 1849 145 880

210 191 300 221 αὐτοῖς
315 189 359 215 διὰ
370 188 471 215 τούτων
489 184 567 213 εἶναι.
593 185 710 217 Plinius,
734 184 780 212 lib.
807 191 846 215 ιι,
862 191 923 218 cap.
948 183 993 213 57,

1074 186 1136 208 Item
1160 180 1197 208 sit
1217 180 1268 208 hoc
1292 178 1460 215 μηρυκάζειν
1484 178 1585 213 optime
1605 176 1728 211 explicat
1748 174 1848 210 Oppia.

209 243 259 263 sua
272 235 306 262 ab
317 234 463 262 Aristotele
479 237 631 264 mutuatus,
645 232 672 258 in
685 238 768 258 causa
781 234 873 258 tamen
885 229 995 256 traden~

209 283 241 309 da
251 283 285 310 ab
297 290 329 310 eo
341 282 489 316 discrepat,
498 279 625 308 convenit
636 286 698 306 cum
709 277 865 305 Eustathio.
880 276 999 303 Piscium

209 329 329 356 omnibus
341 328 558 361 serrati,.prtzter
569 331 695 353 scarum:
707 323 767 350 huic
778 323 825 349 uni
839 321 999 357 aquatilium

207 375 291 410 plani.
305 374 436 403 Caeterum
446 373 537 400 multis
548 381 638 400 eorum
654 372 681 398 in
693 371 794 405 lingua,
803 374 827 397 et
845 373 900 396 toto
911 377 956 395 ore
969 373 999 394 ut

210 421 288 448 turba
310 421 449 448 uulnerant
467 419 601 451 molliant,
618 426 677 454 quae
702 417 797 444 attritu
813 415 931 451 subigere
946 423 998 441 non

208 472 315 504 queant.
330 466 425 493 Multis
437 470 461 492 et
482 465 510 497 ἱιι
530 465 633 499 palato,
655 469 732 498 atque
748 463 829 489 etiam
854 461 881 488 in
901 461 996 487 cauda.

209 514 344 542 Prteterea
354 513 381 540 in
399 521 427 539 os
439 516 579 547 vergentes,
590 519 620 538 ne
634 510 758 537 excidant
771 509 815 535 ubi
830 507 934 534 nttllum
950 507 999 533 ha-

210 558 328 586 bentibus
346 556 478 584 retinendi
493 555 696 583 adminiculum.

243 648 324 681 Ibid.,
337 648 386 675 lin.
400 647 444 674 57.
462 644 632 680 Μηρυχάζει
646 643 680 670 δὲ
697 642 787 669 οὐδὲν
806 641 893 670 ἄλλο.
920 641 998 669 Basi-

209 695 272 727 lius,
289 694 362 721 hom.
381 693 407 724 7,
420 692 534 719 Aristot.
552 699 569 717 ιι
585 690 621 717 De
637 690 699 716 hist.
713 689 809 718 anim.,
832 695 893 722 cap.
913 687 958 719 l7,
971 692 998 714 et

208 742 258 770 lib.
270 749 329 774 vni,
345 748 406 776 cap.
425 739 452 766 2.
466 739 548 769 Idem,
565 745 595 765 ιιι
611 737 650 764 De
661 741 730 770 part.
747 736 871 767 animal.,
888 742 950 770 cap.
963 735 998 762 I4

209 793 237 816 et
248 788 323 816 alibi.
336 787 454 818 Plinius,
469 786 515 813 lib.
533 793 570 817 ix,
585 792 644 819 cap.
659 784 691 810 17
710 793 716 810 :
733 782 813 811 Solus
829 782 942 817 piscium
956 781 998 809 di—

209 836 277 862 citur
297 834 440 865 ruminare,
458 831 594 866 herbisque
614 831 692 863 vesci,
710 839 763 856 nun
787 830 849 856 aliis
868 829 996 862 piscibus,

208 882 277 908 mari
287 879 431 915 Carpathio
443 878 557 905 maxime
571 877 705 912 frequens.
721 875 779 904 Etsi
795 875 885 903 Horus
898 875 996 911 Apollo
1012 872 1032 899 Β

208 927 287 954 aliter
302 926 413 957 sentiat,
437 924 475 951 ait
494 924 569 952 enim
597 923 670 950 hunc
696 930 791 950 omnes
815 926 996 950 occursantes

207 973 355 1010 pisciculos
382 971 521 998 devorare.
547 967 630 1001 Οὗτος
656 969 710 1005 γὰρ
728 969 808 1005 μόνος
822 968 878 995 τῶν
896 968 996 1004 ἰχθύων

208 1020 365 1056 μηρυκᾶται
394 1018 441 1045 καὶ
467 1017 557 1044 πάιτα
587 1017 622 1044 τὰ
653 1016 858 1051 προσπίπτοντα
885 1015 991 1051 ἰχθύδια

207 1067 301 1095 ἐσθίει.
313 1065 382 1093 Vide
398 1065 538 1092 [Elianum
548 1063 586 1091 De
594 1063 688 1091 histor.
708 1064 804 1096 anim,
821 1063 869 1090 lib.
888 1070 909 1096 ι,
925 1070 950 1089 c.
967 1062 994 1094 2,

206 1113 256 1143 lib.
282 1121 314 1144 ιι,
341 1119 402 1147 cap.
419 1111 466 1142 54,
489 1110 539 1137 lib.
563 1117 613 1141 xu,
644 1117 705 1145 cap.
731 1109 784 1142 42;
819 1109 995 1136 Ambrosium

209 1160 336 1188 Hexaem.
357 1158 406 1186 lib.
430 1165 458 1189 v,
475 1157 583 1191 cap.5;
606 1156 765 1183 Athenmum
790 1155 838 1183 lib.
863 1163 919 1188 vn;
940 1154 996 1181 Ma-

206 1206 342 1237 crobium,
371 1212 401 1231 ιιι
418 1203 542 1234 Saturn,
567 1209 628 1237 cap.
651 1201 701 1235 I6;
730 1201 852 1229 Isidorus
874 1201 923 1228 lib.
944 1208 995 1231 xu,

205 1261 266 1289 cap.
275 1253 303 1285 6,
311 1259 437 1280 escarum
447 1255 526 1278 vocat
534 1249 674 1280 :Escarus,
686 1247 785 1282 inquit,
794 1247 879 1274 dictus
888 1255 918 1274 eo
927 1246 996 1282 quod

206 1300 278 1328 solus
293 1307 380 1327 escam
403 1298 539 1325 ruminare
557 1295 716 1330 perhibetur.
735 1294 853 1329 Denique
879 1293 928 1319 alii
951 1293 995 1327 pi-

205 1355 261 1375 sces
277 1355 329 1373 non
339 1345 485 1372 ruminant.
502 1343 576 1370 Idem
602 1346 693 1368 tamen
712 1340 836 1368 scribunt
860 1339 945 1366 Arist.
968 1346 996 1365 rx

206 1392 279 1420 Hist.
294 1391 389 1421 anim,
407 1398 469 1425 cap.
486 1389 549 1419 ult.,
564 1388 598 1415 de
611 1390 729 1423 quodam
745 1387 830 1422 pisce,
845 1386 891 1421 qui
907 1385 996 1421 μήρυξ

205 1442 331 1468 vocatur,
345 1436 392 1472 qui
406 1443 441 1462 an
453 1443 525 1462 unus
545 1441 608 1461 cum
623 1440 704 1461 scaro
722 1440 777 1459 non
797 1435 840 1459 est
853 1431 996 1466 praesentis

206 1484 318 1520 negotii.
345 1481 412 1510 Illud
433 1489 500 1510 sane
522 1480 670 1508 ridiculnrn
697 1482 749 1509 est,
765 1486 780 1505 a
796 1477 995 1508 Rittershusio,

206 1538 311 1559 murem
320 1529 459 1566 ponticum
466 1528 537 1555 inter
547 1527 637 1562 pisces
646 1525 821 1552 adnumerari
828 1525 901 1552 notis
911 1525 938 1551 in
945 1524 996 1559 0p-
1009 1543 1031 1573 α

206 1577 281 1612 pian.
295 1575 418 1603 Ἁλιευτ.
428 1574 475 1606 1.ι,
488 1580 561 1600 vers.
572 1572 622 1599 155
633 1593 640 1605 ,
652 1571 808 1599 Aristotelis
822 1571 913 1598 verbis
926 1571 997 1598 male

208 1622 353 1652 intellectis
367 1622 490 1656 decepto.
502 1619 578 1647 Dicto
589 1619 662 1647 enim
683 1618 744 1646 loco
763 1618 801 1644 ait
821 1617 998 1644 Aristoteles:

207 1675 352 1706 postquam
375 1667 602 1696 determinaverat
618 1664 763 1696 animalia,
779 1671 839 1699 qua:
859 1663 1001 1698 superiore

207 1715 304 1743 ordine
339 1713 461 1741 dentium
489 1715 600 1744 carent,
619 1711 758 1738 ruminare
771 1713 800 1736 ut
819 1709 912 1739 boves.
923 1717 999 1741 oves,

207 1767 297 1796 caprae
327 1763 354 1787 et
383 1759 447 1792 alia,
461 1757 575 1786 dubium
602 1756 693 1784 adhuc
719 1755 888 1787 remanebat,
912 1762 947 1781 an
967 1762 1000 1782 ex

208 1807 327 1835 dentatis
347 1806 477 1841 utrinque
488 1805 524 1832 sit
540 1803 642 1831 animal
665 1802 776 1838 aliquod
797 1802 952 1834 ruminans,
974 1806 1003 1829 et

208 1851 398 1888 respondendo
412 1851 450 1878 ait
462 1857 523 1879 esse
533 1849 677 1881 nonnulla,
690 1852 721 1875 ut
732 1855 824 1876 mures
841 1847 963 1878 Pontici.
974 1852 1002 1875 et

208 1900 308 1935 pisces,
329 1903 356 1926 ct
380 1898 427 1934 qui
444 1898 480 1925 ob
501 1905 561 1925 eam
589 1903 646 1923 rem
671 1894 815 1922 ruminalis
843 1902 858 1921 a
885 1894 1000 1929 quibus-

208 1947 271 1974 dam
288 1944 449 1980 appellatur.
466 1942 506 1970 Ita
521 1942 594 1970 enim
609 1942 687 1969 locus
707 1940 752 1968 ille
770 1940 918 1968 vertendus
930 1944 1001 1972 erat,

208 1991 405 2027 Μηρυκάζουσι
414 1990 443 2017 δὲ
454 1990 501 2017 καὶ
513 1989 567 2016 τῶν
583 1987 757 2023 ἀμφοδόντων
772 1987 840 2019 ἔνια,
850 1988 876 2013 οῖ
892 1995 921 2013 τε
936 1986 1002 2022 μύες

207 2039 232 2065 οἱ
245 2037 382 2068 Ποντικοὶ,
394 2037 441 2064 καὶ
456 2037 482 2062 οἱ
501 2035 602 2071 ἰχθύες,
617 2035 664 2061 καὶ
676 2034 705 2061 ὃν
722 2034 850 2061 καλοῦσιν
868 2033 933 2060 ἔνιοι
948 2033 1002 2060 ἀπὸ

184 2119 187 2124 1
208 2082 255 2110 τοῦ
270 2082 350 2118 ἔργου
364 2080 566 2118 Μήρυκαριιω
579 2079 672 2111 verba,
686 2079 813 2114 quamvis
827 2078 864 2105 ita
876 2078 1002 2113 legantur

209 2130 244 2157 ab
262 2129 401 2160 omnibus,
424 2131 554 2161 corrupta
569 2133 632 2154 esse
648 2125 761 2152 minime
780 2124 941 2155 dubitarim,
959 2123 1001 2150 vel

208 2180 284 2204 certe
298 2174 454 2202 Aristotelis
474 2173 593 2200 maxima
607 2170 856 2205 deprehenderetur
879 2169 1000 2197 inscitia.

1049 235 1114 259 nus,
1139 227 1298 254 '.\.1tevrm.
1315 235 1322 254 r
1341 235 1348 253 :

1050 285 1103 313 Καὶ
1129 284 1256 320 σκάρον,
1280 286 1314 319 ὃς
1343 285 1380 319 δὴ
1400 283 1514 318 μοῦνος
1537 283 1571 309 ἐν
1593 281 1720 316 meum
1754 278 1847 306 πᾶσιν

1509 353 1515 356 .
1613 352 1618 356 .
1691 314 1847 356 vimvim

1703 323 1847 346 αναυσοις

1050 361 1208 396 Φθέγυγεται
1233 356 1379 393 ὶκμαλέην
1405 353 1554 387 λαλαγὴν,
1573 352 1621 379 καὶ
1646 349 1847 419 μοῦνοςῐέἦῖ

1052 433 1204 467 Ἀψοῤῥον
1231 429 1372 467 προΐησιν
1394 425 1453 467 (ira
1475 424 1572 467 στρμα
1583 423 1743 467 periret)?"
1761 418 1847 453 αὖθις

1049 458 1393 502 Ᾰάἷνῦᾑενοςάιήλὶπισιν
1404 461 1565 488 ἀναπτύων
1582 459 1635 484 ἶσα
1646 458 1775 492 φορϐὴν.

1050 513 1083 540 Et
1100 513 1226 540 [Elianus
1247 509 1331 538 Suida
1348 509 1459 539 citante,
1475 507 1563 537 Μόνος
1580 505 1595 530 ὀ
1613 503 1763 534 θαλάσσιος
1781 502 1846 528 exci-

1051 568 1096 595 ρος
1113 559 1162 594 τὴν
1175 556 1278 594 τροφὴν
1295 554 1424 582 ἀνα-πολεῖ
1452 553 1546 587 ὥσπερ
1572 551 1619 577 xa‘t
1639 549 1674 576 τὰ
1701 549 1844 584 βλήχοντι.

1049 606 1067 633 ἆ
1083 606 1115 641 δὴ
1127 605 1295 641 μηρυκᾶται.
1305 602 1392 635 IIujus
1404 600 1525 628 nominis
1539 597 1715 634 ignoratione
1728 595 1846 622 maxime

1050 653 1234 680 ballucinatus
1244 654 1286 678 est
1301 648 1431 676 Billiusin
1439 647 1563 674 versione
1575 645 1686 672 illorum
1702 643 1845 670 verborum

1049 698 1146 727 lsidori
1162 697 1307 727 Pelusiota:
1331 696 1393 722 libr.
1411 702 1442 726 ιι,
1458 693 1539 728 epist.
1557 690 1698 718 H9:Tt’uv
1716 689 1794 721 ζώων
1812 687 1848 714 τὰ

1051 746 1099 781 μὲν
1115 742 1329 780 διαμασσώμενα
1349 741 1398 777 τὴν
1415 739 1520 776 τροφὴν
1535 738 1680 771 ζωοτοκεῖ,
1699 735 1735 762 τὰ
1752 735 1781 762 δὲ
1798 743 1847 761 κα-

1048 791 1195 819 ταπίνοντα
1210 790 1333 817 ὼοτοκεῖ.
1352 787 1398 815 Sic
1419 787 1492 815 enim
1516 785 1617 812 vertit:
1634 783 1677 810 Ea:
1696 783 1845 809 animanti-

1049 838 1097 866 bus
1109 846 1146 865 ea:
1157 840 1215 873 qua:
1231 836 1318 863 cibum
1334 834 1481 865 ruminant,
1498 831 1627 859 animalia
1642 830 1774 864 pariunt;
1788 837 1845 863 qua:

1048 890 1136 912 autem
1153 884 1254 915 bibunt,
1267 891 1315 910 ova
1328 878 1624 916 procreant.Multiplex
1640 875 1822 903 hallucinatio
1836 885 1843 902 :

1047 932 1141 966 plures
1168 931 1321 958 animantes
1351 931 1415 956 sunt
1435 926 1565 960 viviparm
1577 931 1659 959 quam
1679 930 1742 958 qua:
1759 921 1847 948 rumi-

1048 982 1124 1005 nant.
1142 977 1170 1004 Si
1201 983 1298 1004 omnes
1324 981 1385 1010 quae
1415 973 1513 1001 bibunt
1545 971 1701 998 animantes
1726 968 1846 1003 ovipara:

1048 1029 1123 1057 sunt,
1148 1028 1175 1052 et
1190 1030 1281 1051 vaccae
1304 1022 1399 1057 igitur,
1413 1024 1441 1048 et
1465 1018 1540 1054 equi,
1557 1022 1583 1045 et
1597 1024 1673 1050 oves,
1687 1019 1756 1047 ctc.;
1772 1014 1844 1041 aliud

1047 1077 1090 1100 est
1102 1069 1304 1106 διαμασσᾶσθαι
1321 1068 1370 1103 τὴν
1392 1066 1508 1102 τροφήν,
1523 1064 1596 1091 aliud
1613 1063 1752 1099 μηρυκᾷν,
1770 1060 1844 1088 aliud

1047 1118 1204 1147 masticare.
1221 1114 1296 1142 aliud
1316 1114 1467 1144 ruminare,
1483 1111 1557 1138 aliud
1581 1109 1681 1140 πίνειν,
1700 1106 1777 1135 aliud
1796 1115 1846 1133 χα-

1047 1163 1170 1190 ταπίνειν
1186 1180 1194 1192 ,
1219 1159 1287 1187 illud
1321 1159 1416 1187 bibere
1440 1156 1595 1192 signiﬁcat,
1619 1154 1672 1181 hoc
1697 1153 1843 1188 deglutire.

1047 1210 1138 1243 Quare
1155 1208 1257 1243 optime
1273 1204 1469 1233 animadvertit
1493 1204 1522 1230 in
1547 1201 1675 1230 eumdem
1693 1200 1798 1230 locum,
1818 1203 1845 1226 et

1047 1253 1129 1282 vertit
1155 1250 1361 1279 Rittershusius
1379 1259 1385 1276 :
1400 1249 1584 1276 Animantium
1615 1255 1645 1273 ea
1674 1253 1734 1281 qua:
1759 1244 1845 1271 cibum

1048 1300 1201 1331 masticanl,
1214 1303 1292 1333 atque
1307 1297 1488 1324 comminuunt
1502 1294 1626 1328 vivipara:
1634 1297 1708 1325 sunt,
1717 1299 1776 1326 quin
1786 1299 1844 1318 tero

1047 1346 1193 1382 deglutiunt
1218 1346 1362 1379 integrum,
1374 1343 1504 1376 σώματος.
1519 1340 1557 1368 De
1583 1339 1770 1367 ruminatione
1786 1338 1845 1364 ani-

1047 1393 1159 1419 malium
1191 1391 1276 1418 multa
1304 1389 1445 1417 adnotavit
1473 1387 1633 1422 Hieronym.
1651 1385 1842 1415 Mercurialis,

1048 1438 1109 1464 libr.
1134 1445 1150 1464 v
1171 1436 1277 1463 Variar.
1304 1435 1455 1466 lectionum,
1481 1440 1542 1468 cap.
1567 1432 1612 1464 l5,
1633 1435 1662 1458 et
1686 1431 1777 1458 tribus
1802 1437 1845 1458 se-

1047 1485 1145 1517 quem.

1083 1527 1151 1554 Ibid.
1172 1527 1221 1554 lin.
1251 1525 1294 1553 58.
1326 1525 1413 1552 Ἔστι
1432 1524 1466 1551 δὲ
1483 1523 1533 1550 καὶ
1549 1524 1568 1557 ἡ
1586 1521 1696 1557 τροφή.
1713 1521 1843 1553 Basilius,

1051 1573 1125 1600 hom.
1147 1573 1162 1599 7
1176 1582 1182 1599 :
1196 1572 1290 1608 Τροφὴ
1312 1571 1341 1597 δὲ
1365 1570 1463 1605 ἰχθύων
1478 1570 1567 1601 ἄλλοις
1583 1568 1650 1603 ἄλλη
1674 1567 1748 1595 κατὰ
1768 1567 1846 1601 γένος

1051 1619 1229 1656 διωρισμένη.
1249 1619 1282 1646 Ol
1313 1618 1362 1653 μὲν
1384 1617 1439 1653 γὰρ
1455 1616 1508 1643 ἰλύί
1520 1616 1679 1651 τρέφονται,
1697 1615 1723 1641 οἱ
1743 1613 1772 1640 δὲ
1791 1615 1846 1644 τοῖς

1052 1666 1169 1702 φυχίοις,
1188 1665 1262 1693 ἄλλοι
1278 1664 1307 1692 δὲ
1327 1666 1388 1696 ταῖς
1403 1663 1529 1699 βοτάναις
1551 1663 1611 1694 ταῖς
1631 1660 1847 1697 ἐντρεφομέναις

1051 1713 1090 1749 τῷ
1102 1713 1179 1740 ὕδατι
1195 1711 1352 1748 ἀρκοῦνται.
1374 1709 1569 1746 ’Δλληλοφάγοι
1588 1709 1616 1735 δὲ
1632 1708 1690 1734 τῶν
1709 1707 1810 1743 ἰχθύων
1823 1707 1847 1733 οἱ

1052 1760 1186 1786 πλεῖστοι·
1199 1758 1245 1785 καὶ
1257 1758 1272 1784 ὁ
1288 1757 1448 1793 μικρότερος
1460 1756 1525 1792 παρ’
1536 1755 1652 1786 ἐκείνοις
1674 1754 1778 1790 βρῶμά
1790 1755 1847 1780 ἐστι

1051 1807 1099 1834 τοῦ
1113 1806 1242 1842 μείζονος.
1255 1805 1314 1832 Κᾶν
1326 1813 1392 1830 ποτε
1405 1803 1495 1839 συμϐῇ
1507 1803 1553 1829 τὸν
1565 1801 1611 1828 τοῦ
1626 1801 1768 1832 ἐλάττονος
1781 1808 1848 1835 κραι-

1051 1853 1173 1888 τήσαντα
1202 1851 1296 1887 ἑτέρου
1321 1849 1449 1885 γενέσθαι
1478 1849 1601 1884 θήραμα,
1625 1847 1680 1874 ὑπὸ
1705 1847 1757 1882 τὴν
1785 1846 1847 1881 μίαν

1052 1899 1164 1933 ἄγονται
1191 1897 1312 1932 γαστέρα
1324 1896 1371 1923 τοῦ
1390 1895 1555 1923 τελευταίου.
1571 1894 1609 1922 De
1623 1893 1744 1929 piscium
1764 1900 1847 1928 gene-

1053 1944 1140 1975 ribus,
1167 1943 1338 1975 dill‘erentiis,
1364 1941 1590 1977 proprietatibus,
1605 1947 1637 1967 ac
1661 1940 1746 1972 cibis,
1770 1940 1847 1975 plura

1053 1988 1225 2020 Aristotcles,
1249 1987 1365 2019 Plinius,
1384 1986 1518 2018 Elianus,
1531 1986 1677 2014 Conradus
1694 1985 1846 2018 Gesnerus,

1053 2035 1173 2062 Achilles
1189 2033 1395 2065 Aldrovandus.
1411 2037 1438 2062 et
1453 2033 1509 2060 alii.

1089 2081 1170 2114 Ibid.,
1187 2082 1236 2109 lin.
1253 2082 1298 2109 42.
1322 2082 1349 2107 Ὁ
1367 2081 1461 2116 πρίων
1476 2079 1634 2115 πτέρυγας.
1659 2079 1724 2107 Haec
1752 2079 1848 2107 eadem

1054 2128 1092 2156 ita
1105 2132 1199 2155 narrat
1216 2128 1314 2156 Petrus
1329 2127 1491 2159 Damianus,
1508 2127 1556 2154 lib.
1572 2135 1603 2158 ιι,
1619 2127 1702 2161 epist.
1718 2127 1772 2154 i8:
1788 2126 1850 2154 Ser-

1054 2183 1096 2206 ra,
1112 2174 1217 2201 marina
1233 2173 1332 2201 scilicet
1346 2173 1444 2205 bellua,
1461 2181 1520 2208 qua:
1541 2181 1599 2200 cum
1616 2173 1739 2206 prolixus
1754 2172 1849 2198 habent

209 2221 352 2257 QuomOdo
376 2221 448 2249 enim
473 2220 563 2254 pisces
590 2218 740 2249 Γυῐηίηίὶηιι
767 2225 828 2244 CUI"
856 2216 927 2243 imor
953 2223 1001 2243 €05
1017 2216 1039 2243 ι)
1053 2229 1163 2255 pennas,
1189 2227 1250 2246 more
1265 2225 1294 2246 ut
1311 2219 1405 2246 uiderit
1425 2228 1516 2246 navem
1538 2219 1727 2253 ueliﬁcantem,
1744 2219 1850 2245 alarum

209 2270 286 2299 solus
309 2275 407 2296 scarus
431 2266 458 2293 id
477 2265 571 2293 faciat.
588 2264 622 2291 Et
637 2265 660 2292 si
676 2265 727 2292 iste
744 2263 834 2300 μήρυξ
847 2263 932 2298 piscis
947 2265 1000 2294 est,

206 2323 272 2344 cum
290 2315 360 2342 inter
376 2314 466 2349 pisces
490 2311 649 2340 includatur
675 2311 774 2337 frustra
805 2311 833 2336 tit
848 2309 909 2343 ejus
926 2316 1003 2335 men-

208 2363 264 2396 tio;
282 2362 306 2389 si
336 2368 392 2388 non
418 2359 514 2395 piscis,
538 2365 625 2393 quare
655 2357 780 2383 muribus
804 2355 925 2383 Ponticis
947 2362 1002 2381 non

209 2407 362 2442 conjunxit.
385 2405 440 2434 Sed
467 2407 591 2434 sinamus
619 2404 686 2431 haec.
700 2403 781 2430 Certe
799 2410 831 2430 ex
848 2403 890 2429 his
910 2402 1002 2429 verbis

209 2461 350 2490 nunquam
366 2459 472 2480 murem
492 2451 636 2478 Ponticum
652 2458 713 2478 esse
729 2450 832 2484 piscem
848 2449 1002 2484 deprehen-

208 2500 317 2532 demus,
327 2506 391 2526 cum
406 2505 468 2525 eum
484 2496 646 2523 Aristoteles
663 2503 678 2522 a
694 2495 816 2529 piscibus
832 2498 1000 2529 separatum,

208 2549 236 2574 et
251 2549 381 2580 tanquam
395 2543 460 2578 quid
480 2543 618 2570 diversum
632 2542 666 2568 ab
683 2542 738 2568 illis
754 2541 780 2567 in
795 2540 915 2568 Historia
931 2540 1003 2567 refe-

196 2595 262 2625 ,νοι-
281 2591 417 2618 Praeterea
441 2589 601 2616 Aristoteles
629 2587 692 2614 libr.
707 2594 755 2613 vni
772 2585 811 2612 De
827 2586 921 2612 histor.
944 2586 1002 2612 ani—

219 2637 288 2671 nal.,
304 2637 384 2672 capit.
404 2636 448 2667 17.
467 2635 562 2663 scribit
589 2641 695 2661 murem
722 2633 867 2660 Ponticum
897 2632 1000 2664 album,

198 2687 199 2690 ‘
216 2682 292 2710 sicuti
302 2686 330 2709 et
339 2682 423 2717 glires
438 2682 466 2708 in
479 2680 626 2708 arboribus
641 2679 768 2707 conditos
781 2679 889 2706 latitare
899 2679 999 2706 hieme.

212 2727 360 2754 Conﬁrmat
381 2727 486 2754 Plinius
506 2727 569 2754 libr.
588 2733 647 2757 vtn,
669 2726 753 2761 capit.
769 2725 822 2758 57;
835 2728 863 2752 et
874 2724 1001 2752 Elianus

211 2773 251 2800 De
272 2773 366 2801 Iristor.
389 2772 500 2800 animal.
516 2773 579 2800 libr.
605 2781 643 2804 vr,
672 2772 754 2806 capit.
775 2772 820 2803 41,
839 2772 866 2799 in
880 2775 1000 2798 montem

203 2820 288 2845 ‘more
307 2818 442 2846 exercitus
459 2818 517 2844 acie
530 2818 664 2845 instructa
679 2817 812 2846 decedere
833 2821 928 2844 narrat
941 2824 1002 2851 qua:

212 2864 304 2891 nullus
323 2863 357 2891 de
378 2864 511 2898 piscibus,
525 2863 579 2890 nisi
601 2864 741 2892 somnians
756 2863 911 2892 ailirmaret.
929 2863 1000 2896 Quid

1053 2271 1078 2293 et
1093 2267 1150 2301 ipsa
1175 2266 1319 2300 pra-cincta
1339 2266 1454 2301 remigiis
1474 2265 1607 2292 contendit
1630 2265 1766 2299 t-eliﬁcare
1792 2269 1850 2299 post

1053 2321 1156 2340 navem.
1173 2313 1224 2340 Sed
1240 2313 1282 2340 via:
1298 2321 1343 2347 per
1359 2313 1538 2348 quadraginta
1550 2312 1640 2339 stadia
1657 2312 1686 2338 in
1703 2312 1784 2346 hujus
1795 2319 1849 2337 cer-

1055 2360 1160 2386 taminis
1177 2359 1266 2386 labore
1283 2360 1426 2391 persistens
1444 2359 1542 2393 deﬁcit,
1564 2364 1588 2386 et
1607 2359 1645 2386 sic
1664 2358 1771 2392 defessa
1792 2358 1849 2384 alas

1054 2405 1122 2432 inter
1147 2405 1305 2432 discrimina
1332 2406 1437 2431 marina
1462 2405 1578 2439 deponit,
1593 2405 1677 2438 ﬂuctu
1701 2405 1792 2438 itaque
1808 2413 1849 2430 ro—

1053 2451 1125 2478 lante
1154 2451 1333 2486 compellitur.
1349 2456 1374 2478 et
1397 2451 1431 2478 ad
1448 2451 1533 2477 locum
1548 2450 1617 2477 unde
1637 2451 1787 2485 remigrare
1800 2458 1849 2477 εαξη

1053 2502 1138 2532 perat,
1165 2498 1262 2524 iterum
1292 2497 1431 2524 relabitur.
1462 2497 1551 2525 Sume
1567 2497 1653 2531 piscis
1676 2497 1807 2524 meminit
1824 2501 1850 2524 et

1053 2543 1158 2571 Plinius
1189 2543 1252 2570 libr.
1280 2551 1355 2571 x-xxtt
1374 2543 1473 2570 Natnr.
1489 2543 1596 2574 ltistor.,
1623 2543 1710 2577 capit.
1734 2543 1777 2570 ll.
1797 2542 1847 2570 Sed

1053 2589 1165 2617 dubium
1181 2594 1234 2621 est,
1251 2597 1285 2616 an
1299 2589 1331 2616 de
1346 2589 1397 2616 hoc
1412 2589 1556 2623 intelligat,
1572 2596 1635 2616 cum
1652 2597 1705 2616 nec
1722 2589 1751 2616 in
1763 2590 1848 2624 expli-

1053 2635 1142 2663 canda
1158 2643 1241 2663 serrae
1257 2635 1341 2670 piscis
1357 2640 1457 2662 natura
1470 2636 1637 2663 conveniant
1655 2640 1799 2664 auctores.

1087 2681 1169 2712 Ibid..
1187 2681 1236 2708 lin.
1252 2683 1296 2709 .50.
1316 2682 1350 2709 Td
1367 2681 1401 2708 δὲ
1425 2682 1516 2716 κῆτος
1530 2681 1545 2708 ὃ
1563 2682 1699 2709 καλεῖται
1712 2683 1781 2718 μέν.
1795 2682 1846 2709 Ba-

1053 2727 1142 2758 silius,
1156 2726 1230 2753 hom.
1245 2727 1260 2753 7
1277 2736 1284 2754 :
1307 2727 1375 2753 Ἀλλ’
1389 2727 1483 2762 ἐπειδὴ
1498 2728 1555 2758 τοῖς
1569 2726 1710 2761 μεγίποις
1723 2727 1799 2762 ὄρεσι

1052 2773 1126 2807 ὄγκῳ
1142 2773 1188 2799 τοῦ
1209 2772 1334 2808 σώματος
1349 2772 1540 2808 παρισᾱιζεται,
1551 2773 1606 2806 ἆγε
1620 2774 1667 2800 καί
1678 2774 1770 2809 νήσων
1785 2773 1846 2799 πο).-

1052 2819 1131 2850 λάκις
1154 2819 1304 2854 ¹φανταπίαν
1331 2820 1491 2854 παρέχεται,
1511 2818 1621 2846 ἐπειδάν
1642 2827 1709 2845 ποτε
1736 2819 1783 2846 ἐπὶ
1799 2818 1845 2853 τὴν

1052 2864 1139 2900 ἄκραν
1167 2865 1326 2899 ἐπιφάνειαν
1350 2865 1396 2891 τοῦ
1413 2865 1521 2902 ﬁlia-tog
1549 2865 1732 2900 ἀνανήχηται-
1762 2864 1845 2892 erit!
