1903 3068
37 118 92 148 εει

564 118 597 145 IN
621 118 809 147 EUSTATHII
822 113 1059 146 HEXAEMERON
1079 113 1192 140 NOTAE.

1628 105 1691 133 882°

39 178 150 213 μέντοι,
169 177 323 213 τηλικαῦτα
342 177 417 207 ἤντα,
438 177 467 203 οὺ
485 176 549 212 περὶ
568 176 666 209 ἀκτὰς,
695 176 754 203 οὐδὲ
780 175 844 211 περὶ
859 182 880 208 Α
895 172 1004 208 χωρίοις
1034 170 1092 205 μεθ’
1115 171 1212 205 ἡδονῆς
1233 169 1455 204 διαθαλπόμενσνν
1468 165 1516 193 καί
1538 164 1607 213 πιέδς
1631 163 1680 199 τὴν

36 224 187 258 αἰγιαλοὺς
204 223 350 257 διατρίϐει,
371 223 439 249 ἀλλὰ
455 223 486 249 τὸ
505 222 677 249 Ἀτλαντικὸν
695 222 840 257 λεγόμενον

36 270 167 303 πέλαγος
193 270 302 296 ἐνοικεῖ.
334 268 432 296 Petrus
456 269 616 301 Damianus,
633 269 680 296 lib.
705 277 736 300 ιι,
757 269 838 303 epist.

36 315 74 342 18
92 325 100 342 :
115 314 197 342 Cetus
220 319 245 342 et
265 314 311 342 ille
332 315 452 342 marinus
468 315 542 342 nobis
559 315 587 341 in
603 315 755 342 memoriam
768 323 840 341 revo-

36 365 123 387 catur
137 367 147 386 :
165 360 209 395 qui
225 361 352 386 nimirum
374 368 452 394 super
474 368 580 387 enorme
601 368 695 395 corpus
718 360 839 387 sabulum

36 411 147 440 portat,
165 414 195 433 ac
211 411 283 441 terga
298 415 347 433 sua
362 414 439 440 super
464 407 549 434 undas
568 408 660 438 elevat,
677 411 840 442 uttanquam

37 452 136 478 insula
148 452 244 486 ﬂuctus
253 453 369 479 marinos
380 453 500 480 excedat.
515 453 538 479 Η
542 461 590 479 anc
601 453 682 487 igitur
690 453 841 480 incunctan-

39 503 82 524 ter
93 499 275 526 insulamesse
284 498 416 526 credentes
429 501 548 534 remiges,
561 500 705 534 applicant,
723 500 838 535 paxillo:

40 545 143 580 figunt,
158 545 245 572 navim
253 546 361 578 sistunt,
372 546 444 580 foros
456 547 608 581 instruunt;
619 546 663 573 sed
674 546 761 573 bellua
778 555 840 574 mox

37 596 69 617 ut
86 592 162 626 ignis
173 592 250 619 sentit
263 592 395 624 ardorem,
407 593 480 619 illico
489 593 617 627 mergitur
631 593 658 619 in
667 593 838 628 profundum,

38 643 64 665 et
86 646 183 666 navem
207 639 287 666 simul
306 647 337 666 ac
354 644 451 666 nautas
469 643 544 666 vorat
563 640 644 674 ferale
657 640 836 676 naufragium.

40 683 117 711 Nam
133 690 161 711 et
183 683 318 712 Gerardus
340 690 430 712 uoster
454 684 572 712 videlicet
584 685 727 712 monachus
749 685 839 712 retulit

38 731 68 757 in
87 729 113 756 Ν
118 730 268 758 ονηιαηιίὶω
283 731 418 758 littoribus
442 736 547 766 captam
561 739 588 758 se
600 730 695 758 vidisse
706 731 838 758 balaenam

39 775 72 803 de
86 777 166 811 cujus
184 777 281 812 linguae
297 778 420 804 carnibus
432 779 631 813 quatuordecim
648 779 762 813 agmarii
776 783 838 805 sunt

40 830 95 848 non
120 821 214 849 leviter
235 823 347 850 onerati.
376 822 492 855 Plinius,
514 823 561 850 lib.
584 831 670 855 χχιιι,
698 823 780 858 capit.
799 823 811 850 i
829 833 836 851 ι

41 867 122 894 Cetos
137 873 320 895 sexcentarum
333 868 427 903 pedum
445 869 617 904 longitudinis
628 874 653 897 et
666 874 838 897 trecentorum

39 914 187 949 sexaginta
218 915 367 942 latitudinis
396 916 423 942 in
450 915 548 949 ﬂumen
577 915 685 943 Arabite
707 917 838 950 intrasse,

38 960 188 995 pinguique
198 960 254 995 ejus
266 961 449 996 negotiatores,
463 967 488 988 et
506 963 624 989 omnium
639 963 751 997 piscium
763 962 840 998 adipe

38 1005 162 1031 camelos
176 1012 318 1040 perungere
332 1006 360 1032 in
373 1014 403 1033 eo
418 1006 482 1038 situ,
494 1011 524 1033 ut
543 1007 627 1034 asilos
642 1007 675 1034 ab
689 1007 729 1035 his
749 1008 838 1043 fugent

38 1050 135 1077 odore.
181 1050 219 1078 De
245 1056 366 1079 cetorum
394 1053 549 1088 generibus,
564 1058 591 1080 et
617 1061 712 1081 eorum
732 1055 839 1083 naturis

36 1100 66 1123 et
84 1096 256 1131 proprietate
280 1096 419 1131 (Elianus,
445 1098 492 1125 lib.
517 1107 547 1132 ιι,
563 1099 602 1126 De
625 1100 719 1127 histor.
743 1101 837 1134 anim.,

37 1150 104 1177 cap.
122 1142 175 1175 i5;
188 1142 238 1170 lib.
250 1150 288 1175 Ix,
303 1150 364 1178 cap.
379 1143 430 1177 L9;
445 1144 492 1172 lib.
503 1152 560 1175 xw,
571 1152 632 1180 cap.
646 1145 695 1179 15;
708 1146 756 1173 lib.
769 1155 837 1180 nu,

37 1196 104 1223 cap.
133 1187 167 1228 6_;
198 1196 231 1215 ex
262 1189 394 1224 opinione
425 1189 589 1223 Onesicriti,
628 1191 788 1228 Orthagoraz
813 1198 839 1221 et

39 1226 317 1270 Τιιεοϐιῖεεθεοκλῆς
330 1235 358 1262 δὲ
374 1236 404 1262 ὲν
418 1237 451 1272 τῇ
465 1237 486 1262 δ’
502 1238 566 1273 περὶ
580 1237 629 1273 τὴν
645 1226 743 1274 Σύρτιν
764 1239 838 1273 λέγει

39 1280 167 1314 γίνεσθαι
186 1281 255 1317 κήτη
269 1282 390 1317 τριήρων
407 1282 526 1318 μείζονα.
546 1284 614 1319 Περὶ
627 1284 656 1310 δὲ
670 1284 718 1320 τὴν
736 1285 838 1320 Γεδρω-

42 1326 107 1353 σίαν
122 1326 217 1362 χώραν
233 1327 300 1362 (ἔστι
323 1327 350 1354 δὲ
373 1329 454 1364 μοῖρα
468 1330 518 1364 τῆς
533 1330 585 1365 γῆς
596 1330 646 1365 τῆς
665 1330 777 1367 Ἰνδικῆς
789 1332 838 1358 οὐκ

41 1371 150 1408 ἄδοξος)
170 1373 355 1409 Ὀνησίκριτος
371 1374 455 1408 λέγει,
470 1375 517 1402 καὶ
526 1376 703 1412 Ὀρθαγόρας,
716 1377 838 1411 γίνεσθαι

42 1420 116 1454 κήτη
124 1419 211 1454 ἥμισυ
222 1418 318 1454 ἔχοντα
334 1419 440 1446 σταδίου
451 1421 482 1447 τὺ
495 1422 590 1456 μῆκος,
609 1422 709 1454 πλάτος
728 1423 757 1450 δὲ
768 1424 838 1450 κατὰ

41 1464 125 1498 λόγον
148 1464 195 1490 τοῦ
221 1465 335 1500 μήκους,
357 1466 405 1492 καὶ
413 1465 490 1492 τοῦτο
504 1466 635 1501 δηλονότι.
656 1468 795 1504 Τοσαύτην
810 1469 838 1495 δέ

43 1519 130 1545 φασιν
146 1510 218 1546 ἔχειν
233 1511 346 1546 δύναμιν
360 1511 440 1544 αὐτὰ,
453 1512 491 1544 ὡς
505 1512 643 1546 πολλάκις,
657 1515 721 1541 ὅταν
736 1516 838 1549 ἀναφυ-

45 1555 118 1592 σήσῃ
127 1557 183 1588 τοῖς
195 1556 357 1592 μυκτῆρσιν,
368 1558 397 1588 ἐς
407 1557 531 1584 τοσοῦτον
544 1558 721 1594 ἀναρρίπτειν
731 1561 781 1596 τῆς
793 1561 841 1587 θα-

44 1601 149 1636 λάττης
181 1602 212 1628 τὸ
238 1602 391 1636 κλυδώνιον,
409 1603 447 1635 ὡς
469 1603 557 1631 δοκεῖν
582 1607 639 1637 τοῖς
662 1606 777 1640 ἀμαθέσι
794 1607 840 1633 καὶ

45 1647 174 1682 ἀπείροις
185 1647 346 1682 πρηστῆρας
357 1644 426 1674 εἶναι
438 1648 532 1675 ταῦτα.
544 1648 576 1675 Ει
593 1650 638 1676 lib.
652 1658 707 1684 xvt,
719 1659 778 1686 cap.
796 1651 838 1684 18,

44 1692 139 1719 varias
154 1696 278 1720 cetorum
290 1693 393 1721 formas
408 1698 435 1721 et.
462 1695 563 1729 ﬁguras
587 1701 756 1724 monstrosas
778 1705 840 1732 per-

44 1736 147 1770 currit,
171 1737 283 1772 vultque
306 1738 425 1773 ἀμφίϐια
442 1747 513 1772 esse,
532 1743 559 1767 et
583 1745 664 1768 noctu
689 1746 794 1777 segetes
813 1746 839 1770 et

46 1783 149 1810 herbas
166 1783 194 1810 in
211 1787 284 1811 terra
294 1784 405 1819 depasci
421 1786 510 1813 instar
525 1787 642 1814 aliorum
668 1789 838 1822 animalium,

46 1829 211 1864 crepusculo
226 1837 297 1859 .vero
322 1831 457 1858 matutino
470 1831 499 1858 in
515 1839 591 1859 mare
607 1833 705 1865 redire,
721 1841 839 1863 mersaS-

46 1882 102 1909 que
118 1874 190 1902 abdi.
207 1874 255 1902 His
270 1883 324 1903 non
338 1876 484 1905 dissimilia
499 1878 584 1906 refert
600 1879 800 1915 Theodoretus,
813 1888 839 1910 et.

47 1921 98 1948 lib.
125 1928 170 1947 ni
195 1920 446 1956 Histor.septentr.,
471 1932 531 1960 cap.
551 1925 598 1958 44,
623 1925 706 1954 Olaus
725 1927 838 1963 Magnus

48 1972 256 1996 commemorat.
283 1968 321 1996 De
336 1977 432 1997 eorum
448 1971 635 2006 magnitudine
648 1978 675 2000 et
689 1974 838 2008 piscatione

48 2012 250 2048 elegantissime
266 2013 407 2049 Oppianus
427 2015 548 2043 Ἁλιευτ.
564 2017 611 2044 lib.
629 2026 655 2044 ν.
670 2017 774 2045 Hebraei
791 2019 839 2047 ba-

48 2060 134 2086 laenas
147 2059 215 2087 duas
230 2064 335 2087 tantum
349 2065 453 2089 creatas
467 2069 528 2089 esse
543 2062 648 2096 dicunt,
658 2071 692 2090 ne
708 2064 731 2090 si
746 2064 838 2099 plures

48 2109 154 2137 essent,
175 2105 265 2140 pisces
284 2114 380 2134 omnes
397 2107 570 2140 devorarent,
587 2112 613 2135 et
639 2116 722 2137 naves
742 2117 838 2138 omnes

48 2151 238 2186 absorberent,
260 2153 365 2181 scilicet
384 2154 525 2188 feminam,
537 2163 618 2190 quam
637 2155 708 2183 Deus
724 2157 835 2189 occidit,

47 2201 77 2225 et
107 2202 227 2225 reservat
251 2199 334 2234 justis
365 2199 399 2226 ad
427 2200 590 2235 epulandum
624 2205 746 2236 tempore
766 2202 837 2230 Mes-
854 2206 874 2233 ι)

49 2245 108 2278 size,
125 2249 151 2272 et
167 2247 318 2273 masculum
337 2254 418 2282 quem
440 2252 563 2275 reservat
580 2253 610 2275 ut
630 2256 691 2275 cum
706 2256 739 2276 eo
753 2250 836 2277 certis

49 2291 126 2319 horis
147 2291 222 2318 ludat
244 2293 361 2327 singulis
382 2292 489 2326 diebus,
504 2299 533 2322 ut
553 2295 650 2330 ps:tlm.
664 2302 732 2322 CIII:
749 2295 836 2323 Draco

48 2338 98 2364 iste
112 2345 185 2372 quem
207 2337 330 2372 formasti
345 2338 388 2364 ad'
400 2338 564 2366 illudendum
575 2340 610 2372 ei,
639 2339 779 2373 Hebrmus,
807 2346 838 2368 ut

50 2383 127 2409 ludas
143 2391 201 2410 eum
212 2383 338 2411 eo.Hanc
348 2384 473 2412 fabellam
485 2391 662 2420 sumpserunt
675 2395 707 2414 ex
732 2387 794 2414 libr.
809 2395 836 2414 ιν

50 2428 154 2461 Esdrae,
171 2437 231 2464 cap.
252 2438 290 2461 Vl,
317 2431 356 2457 uti
379 2430 463 2458 refert
480 2431 614 2466 Lyranus,
632 2437 658 2460 et
678 2433 835 2462 Abulensis.

84 2474 142 2502 Col.
167 2475 228 2508 725,
245 2476 293 2503 lin.
316 2476 342 2504 7.
362 2477 403 2509 Τῷ
422 2477 457 2503 δὲ
470 2479 600 2512 καρκίνῳ
616 2479 634 2512 ἠ
652 2478 740 2513 σάρξ.
759 2479 837 2506 Basi-

49 2520 113 2552 lius,
131 2520 206 2550 hom.
220 2521 253 2548 7:
278 2522 306 2547 Ὀ
320 2523 448 2557 καρκῖνος
463 2522 513 2557 τῆς
524 2523 625 2558 σαρκὸς
648 2523 775 2559 ἐπιθυμεῖ
790 2524 835 2550 τοῦ

49 2565 170 2602 ὀστρέου.
189 2567 268 2593 Ἀλλά
282 2567 433 2600 δυσάλωτος
446 2569 462 2603 ἡ
475 2569 546 2604 ἄγρα
558 2568 631 2604 αὐτῷ
644 2569 687 2596 διὰ
696 2569 745 2605 τὴν
761 2577 837 2605 περι-

50 2610 129 2646 ϐολὴν
141 2611 189 2638 τοῦ
205 2611 338 2648 ὀστράκου
353 2613 468 2647 γίνεται.
489 2614 619 2649 Ἀρραγεῐ
639 2614 694 2650 γὰρ
709 2615 793 2650 ἑρκίῳ
806 2614 837 2641 τὸ

51 2657 150 2684 ἁπαλὸν
168 2658 217 2693 τῆς
238 2659 367 2695 σαρκὸς-ὴ
386 2659 466 2694 φύσις
481 2661 710 2695 κατησφαλίσατο.
727 2661 772 2688 Διὸ
790 2662 837 2688 καὶ

51 2704 263 2741 ὀστρακόδερμον
275 2706 503 2742 προσηγόρευται.
519 2707 574 2734 Καὶ
584 2707 676 2743 ἐπειδὴ
690 2708 736 2734 δύο
750 2708 837 2735 κοιλό-

51 2758 127 2785 τητες
146 2751 269 2787 ἀκριϐῶς
282 2751 411 2788 ἀλλήλαις
429 2754 672 2789 προσηρμοσμέναι
684 2755 714 2781 τὸ
726 2755 836 2790 ὄστρεον

52 2797 288 2832 περιπτύσσονται,
312 2799 467 2833 ἀναγκαίως
485 2799 621 2835 ἄπρακτοί
637 2801 705 2827 εἰσιν
716 2802 744 2827 αἱ
755 2801 836 2837 χηλαὶ

53 2843 96 2870 τοῦ
112 2844 252 2880 καρκίνον.
269 2845 302 2872 Τί
315 2843 360 2873 οὖν
377 2847 462 2879 ποιεῖ;
480 2847 564 2873 Ὅταν
578 2845 618 2881 ἴδῃ
637 2846 666 2873 ὲν
686 2847 835 2883 ἀπηνέμοις

891 219 988 245 ἀκτῖνα
1005 217 1052 243 τοῦ
1075 217 1150 250 ἡλίου
1170 216 1218 248 τὰς
1243 217 1348 252 πτύχας
1367 213 1463 241 ἑαυτοῦ
1479 210 1679 243 διαπλώσαντα,

890 265 951 291 τότε
974 263 1006 299 δὴ
1024 263 1110 298 λάθρα
1131 262 1234 298 ψηφῖδα
1259 260 1440 298 παρεμϐαλὼν
1463 257 1606 286 διακωλύει
1630 257 1686 294 τὴν,

892 309 1044 345 σύμπτυξιν
1068 309 1115 335 καὶ
1138 308 1294 343 εὑρίσκεται
1313 307 1343 334 τὺ
1362 307 1453 333 λεῖπον
1466 307 1515 341 τῆς
1538 306 1679 341 δυνάμεως

890 355 934 383 διά
955 356 1006 391 τῆς
1026 355 1148 386 ἐπινοίας
1173 355 1376 390 περιεχόμενος.
1394 353 1494 380 Eadem
1516 353 1597 380 habet
1611 351 1679 378 Am-

891 401 1011 433 brosius,
1039 401 1086 428 lib.
1114 409 1141 432 v,
1174 407 1235 434 cap.
1249 399 1280 432 8;
1304 398 1424 426 Isidorus
1445 397 1492 425 lib.
1509 405 1559 430 xu,
1573 404 1635 431 cap.
1650 395 1679 423 6.

890 447 1076 475 Disertissime
1089 447 1153 474 item
1168 446 1225 473 haec
1241 446 1333 472 omnia
1347 444 1487 480 Oppianus
1505 444 1629 471 Ἁλιευτ.
1648 450 1678 470 ιι.

890 493 1009 521 Consule
1024 492 1202 520 Plutarchum
1217 496 1244 519 et
1258 491 1386 522 Plinium,
1396 495 1429 518 τοι
1444 489 1554 517 Petrum
1570 489 1680 516 Damia-

890 547 955 566 num
969 539 1016 567 lib.
1031 546 1063 571 ιι,
1081 538 1164 574 epist.
1186 537 1231 565 18.

924 585 1004 617 lbid.,
1028 585 1077 612 lin.
1105 585 1147 612 M.
1169 584 1196 610 '0
1211 584 1245 611 δὲ
1269 583 1369 619 ἐχῖνος
1383 582 1588 618 προγινώσκει.
1603 581 1681 608 Βοιιίς

890 631 954 663 lius,
970 632 1043 658 hom.
1061 631 1076 656 7
1089 640 1096 657 :
1114 630 1235 657 Ἤκουσα
1248 629 1304 664 ἐγὼ
1320 629 1374 656 τῶν
1389 628 1529 664 παραλίων
1544 627 1626 659 τινὸς,
1639 627 1680 654 ὃτι

889 678 903 703 ὁ
919 677 1062 710 θαλάσσιος
1077 679 1174 712 ἐχῖνος,
1188 676 1219 703 τὸ
1239 676 1336 712 μικρὸν
1352 675 1492 707 παντελῶς
1508 676 1555 702 καὶ
1569 674 1681 701 εὐκατα-

890 725 1023 761 φρόνητον
1048 724 1128 757 ζῶον,
1154 723 1313 755 διδάσκαλος
1340 722 1469 754 πολλάκις
1493 721 1612 757 γαλήνης
1634 721 1681 748 καὶ

889 772 1022 803 κλύδωνος
1039 772 1096 803 τοῖς
1108 771 1220 797 πλέουσι
1234 771 1348 804 γίνεται,
1362 769 1391 800 ὃς
1403 769 1466 796 ὅταν
1480 768 1577 804 προῒδῃ
1594 775 1680 802 ταρα-

889 818 938 854 χὴν
966 817 996 852 ἐξ
1021 818 1129 853 ἀνέμων
1144 817 1248 852 ψηφῖδά
1265 825 1326 842 τινα
1341 814 1464 842 ὑπελθὼν
1481 814 1619 849 γενναίαν,
1637 814 1681 840 ὲπ”

890 864 976 900 αὐτῆς
992 864 1086 900 ὥσπερ
1110 864 1153 890 ἐπ’
1168 864 1292 898 ἀγκύρας
1310 861 1418 889 σαλεύει
1444 861 1626 896 κατεχόμενος
1641 859 1687 895 τῷ.

892 911 980 947 βάρει,
1007 910 1076 947 πρὸς
1102 909 1132 937 τὸ
1158 910 1194 946 μὴ
1218 908 1316 945 ῥᾳδίως
1335 909 1392 939 τοῖς
1409 907 1528 943 κύμασιν
1544 907 1681 942 ἀποσύρε-

892 957 963 984 σθαι.
989 956 1096 985 Similia
1113 956 1208 984 scribit
1226 954 1390 982 Ambrosius
1413 954 1487 981 hom.
1503 953 1531 983 5.
1547 953 1630 987 capit.
1643 953 1680 984 9;

890 1004 967 1031 Phile
979 1004 1006 1031 in
1019 1003 1147 1035 lambia.;
1159 1001 1320 1029 Aristoteles
1331 1009 1346 1027 v
1363 1001 1402 1027 De
1415 1005 1531 1036 generat.
1552 999 1680 1027 animal..

891 1057 942 1084 cap
957 1049 988 1082 ὅς
1003 1048 1129 1077 λΕΙίειιιιιε
1146 1047 1185 1074 De
1199 1047 1294 1074 histor.
1308 1045 1432 1079 unimal.,
1448 1045 1512 1072 libr.
1530 1052 1580 1077 vn,
1594 1044 1680 1079 capit.

889 1096 941 1122 53:
960 1095 1123 1122 Plutarchus
1137 1094 1165 1121 in
1178 1094 1290 1129 Dialogo
1302 1113 1309 1125 ,
1322 1093 1420 1121 Utrum
1434 1092 1611 1127 prudentiora
1625 1091 1683 1118 sint

889 1139 1040 1172 terrestria,
1059 1147 1094 1167 an
1118 1139 1265 1175 aquatilia;
1281 1141 1307 1165 et
1321 1137 1428 1164 Plinius
1445 1136 1508 1164 libr.
1527 1144 1554 1163 ιιι
1568 1156 1575 1170 ,
1593 1135 1678 1170 capit.

890 1186 933 1214 5i.
960 1185 1080 1212 Tradunt
1103 1184 1231 1212 stultitiam
1252 1183 1335 1210 maris
1355 1183 1498 1217 prtesagire
1520 1189 1575 1215 eos,
1594 1189 1680 1208 corre-

889 1232 990 1266 ptisque
1011 1231 1115 1266 operari
1128 1230 1237 1264 lapillis,
1267 1228 1443 1256 mobilitatem
1467 1227 1581 1262 pondere
1597 1227 1682 1254 stabi-

890 1276 990 1303 lientec.
1005 1275 1106 1303 Nolunt
1122 1275 1283 1302 volutatione
1294 1274 1384 1308 spinas
1400 1278 1513 1300 atterere
1531 1271 1620 1308 :quod
1635 1272 1680 1299 ubi

889 1322 976 1349 videre
985 1322 1096 1353 nautici,
1105 1321 1197 1348 statim
1213 1320 1334 1355 pluribus
1349 1319 1471 1346 anchoris
1483 1317 1680 1353 navigiqinfrc-

889 1367 1123 1404 nant.0ppianus,
1145 1368 1311 1398 Ἁλιευτικη
1325 1365 1388 1392 libr.
1409 1372 1448 1392 n:

891 1416 979 1442 Ἔστι
993 1415 1042 1441 καί
1058 1414 1235 1448 ὀξυκόμοισι
1250 1414 1330 1445 νόος,
1344 1412 1393 1439 καὶ
1404 1411 1500 1448 μῆτις-γ
1508 1410 1632 1448 ἐχίνοις,

892 1450 924 1476 οῖ
940 1450 964 1476 τ’
979 1445 1096 1484 ἀνέμων
1110 1445 1196 1475 ισὰσι
1205 1448 1287 1481 βίας,
1296 1445 1435 1484 {ageret}
1445 1454 1476 1472 τε
1487 1445 1617 1484 θυέλλας

896 1480 1087 1519 Ὄρνυμένας,
1104 1484 1224 1510 νώτοισι
1242 1480 1271 1510 δῖ
1286 1480 1499 1519 ἀνοχλίζοιπιν
1517 1480 1646 1519 ἕκαστος

891 1515 1071 1551 Λᾶανξόσον
1077 1520 1249 1555 ,ϐαρύθοντα
1263 1518 1331 1555 περί
1340 1515 1532 1555 σφετέροισιν
1537 1515 1682 1555 auctr-0m;

897 1555 1030 1588 Ῥηϊδίως
1044 1551 1189 1588 φορέοιεν,
1205 1553 1249 1580 ἵν’
1263 1551 1351 1581 ἀντία
1363 1551 1498 1588 κύματος
1516 1551 1591 1588 ὁρμῇ

892 1585 1063 1624 Βρίθόμενὸι
1076 1585 1216 1624 λιιμνωσι,
1242 1588 1277 1615 Τὸ
1296 1589 1352 1624 πὰρ
1363 1585 1522 1624 τρομέουσι
1535 1585 1679 1624 μάλιστα,

889 1620 938 1659 Μὴ
949 1620 1030 1660 σέβας
1039 1620 1088 1651 ἐπὶ
1101 1620 1228 1658 ᾖόνεσσι
1243 1620 1419 1658 κυκώμενον
1427 1620 1514 1656 οἶδμα
1532 1621 1678 1655 κυλίσσῃ.

925 1680 1006 1712 lbid.,
1025 1680 1074 1707 lin.
1096 1680 1139 1706 Π.
1161 1680 1192 1706 Ὃ
1207 1679 1241 1705 δὲ
1254 1679 1423 1710 πολύπους.
1447 1676 1578 1708 Basilius,
1604 1676 1678 1704 hom.

890 1726 905 1752 7
921 1735 928 1752 :
945 1726 1001 1753 Οὺκ
1024 1725 1057 1753 ἂν
1087 1725 1251 1761 παρέλθοιμι
1274 1724 1305 1750 τὸ
1325 1723 1373 1751 τοῦ
1398 1722 1547 1755 πολύποδος
1561 1722 1679 1758 δολερὸν,

890 1772 937 1799 καὶ
950 1772 1106 1805 ἐπίκλοπον,
1121 1771 1150 1804 ὃς
1164 1771 1245 1806 ὁποίᾳ
1259 1771 1318 1797 ποτ’
1330 1769 1363 1796 ἂν
1375 1769 1506 1796 ἑκάστοτε
1522 1768 1610 1805 πέτρᾳ
1624 1777 1680 1795 πε-

891 1819 1019 1855 ριπλακῇ,
1035 1818 1084 1854 τὴν
1107 1819 1214 1854 ἐκείνης
1240 1816 1388 1852 ὑπέρχεται
1413 1816 1511 1852 χρόαν·
1532 1814 1603 1841 ὥστε
1617 1814 1680 1845 τοὺς

889 1864 1004 1897 πολλοὺς
1021 1864 1074 1891 τῶν
1096 1864 1193 1899 ἰχθύων
1211 1863 1371 1899 ἀπροόπτως
1386 1861 1553 1898 νηχομένους
1568 1860 1607 1896 τῷ
1631 1869 1679 1888 πο-

889 1908 983 1935 λύποδι
1002 1909 1186 1945 περιπίπτειν,
1202 1908 1240 1940 ὡς
1257 1909 1290 1943 τῇ
1311 1907 1398 1943 πέτρᾳ
1407 1906 1497 1942 δῆθεν,
1511 1906 1558 1933 καὶ
1571 1906 1679 1942 ἕτοιμον

888 1953 1010 1988 γίνεσθαι
1027 1954 1138 1989 θήραμα
1148 1953 1188 1989 τῷ
1203 1952 1358 1988 πανούργῳ.
1371 1951 1537 1988 Polypodem
1554 1951 1588 1978 ad
1602 1951 1679 1979 simi—

889 1998 1030 2026 litudinem
1043 1999 1097 2026 loci
1112 1999 1232 2027 colorem
1248 2002 1354 2026 mutare
1367 2005 1430 2025 cum
1446 1997 1542 2025 iisdem
1554 1997 1680 2024 scribunt

888 2043 1060 2077 Aristoteles,
1084 2044 1124 2070 De
1155 2043 1248 2070 histor.
1275 2042 1399 2074 animal.,
1415 2042 1479 2069 libr.
1500 2050 1537 2075 ix,
1555 2050 1616 2078 cap.
1631 2042 1678 2075 37;

887 2089 1062 2121 Plutarchus,
1082 2089 1184 2122 Quazst.
1200 2095 1289 2116 natur.
1303 2089 1477 2122 19;Plinius,
1494 2088 1557 2117 libr.
1568 2096 1678 2124 1x,cap.

888 2135 939 2168 '29;
954 2135 1030 2163 Philo
1048 2135 1118 2170 Περὶ
1129 2135 1223 2170 μέθης
1232 2143 1239 2150 ’
1252 2135 1450 2169 Nazianzenus,
1464 2135 1538 2162 hom.
1552 2140 1579 2163 et
1591 2142 1677 2163 carm.

888 2182 937 2214 Εἰς
953 2182 1052 2208 αὐτόν·
1071 2181 1199 2210 Clemens
1220 2181 1432 2214 Alexandrinus,
1456 2181 1504 2209 lib.
1527 2189 1558 2208 ιιι
1580 2181 1679 2209 Ριεάα-

888 2228 957 2262 gogi,
970 2228 1053 2262 capit.
1070 2228 1114 2258 ll:
1125 2227 1263 2255 Lucianus
1274 2248 1281 2260 ,
1297 2228 1337 2254 De
1353 2228 1513 2259 saltotione;
1524 2231 1551 2254 et
1564 2226 1677 2262 Dialoga

889 2273 1003 2300 Menelai
1030 2279 1055 2301 et
1085 2274 1195 2306 Protei;
1224 2274 1396 2306 Ambrosius,
1418 2274 1466 2301 lib.
1492 2281 1510 2301 ν
1536 2272 1676 2305 Ηεπαεηι..

887 2320 968 2354 capit.
993 2320 1023 2354 8;
1050 2319 1175 2352 Nonnus,
1200 2320 1390 2355 Dianysiacon.
1416 2320 1520 2355 primo;
1538 2319 1676 2353 Elianus,

892 2365 998 2392 Variar.
1019 2366 1112 2393 histor.
1136 2366 1198 2394 libr.
1222 2374 1242 2396 ι.
1267 2366 1349 2401 capit.
1371 2366 1401 2400 l;
1418 2365 1495 2393 Phile
1511 2365 1540 2392 in
1557 2364 1675 2397 lambis;

887 2411 1027 2447 Oppianus
1042 2413 1167 2440 Ἀλιευτ.
1184 2421 1214 2445 ιι,
1227 2412 1390 2448 Phocylides
1406 2421 1413 2438 :

887 2457 963 2491 Μιξδ²
984 2458 1024 2491 ὡς
1044 2458 1215 2493 πετροερυὴς
1231 2458 1388 2490 πολύπους
1399 2458 1474 2485 κατὰ
1488 2457 1586 2492 χῶρον
1594 2457 1676 2519 (figet-

1627 2501 1674 2519 ου.

1627 2501 1674 2520 ου.

888 2527 987 2554 Πᾶσιν
1001 2527 1026 2554 δ’
1040 2528 1154 2562 ἄπλοος
1169 2529 1239 2561 ἴσθι,
1252 2528 1288 2555 τὰ
1298 2528 1324 2555 δ’
1335 2529 1369 2555 ἐκ
1385 2527 1488 2563 ψυχῆς
1505 2493 1639 2563 (ir-opai):

888 2574 933 2600 Ion
949 2574 1019 2608 apud
1048 2574 1223 2602 Athenzeum:
1240 2574 1294 2601 Kal
1310 2574 1363 2601 τὸν
1383 2574 1523 2609 πετραῖον
1544 2574 1675 2602 πλεκτά-

887 2626 955 2651 ναις
977 2618 1117 2653 ἀναίμοσι
1140 2619 1240 2654 στυγῶ
1256 2619 1487 2654 μεταλλακτῆρα
1517 2620 1675 2647 πολύπουν

887 2663 987 2697 χροός.
998 2662 1161 2690 Plutarchus
1172 2672 1204 2691 ex
1218 2663 1385 2699 Theognide,
1395 2665 1464 2699 Περὶ
1474 2665 1657 2700 πολυφιλίας
1665 2673 1674 2681 ο

889 2708 1106 2744 Theophrastus,
1127 2709 1174 2736 lib.
1193 2710 1262 2744 Περὶ
1282 2709 1342 2736 τῶν
1356 2712 1606 2745 μεταϐαλλόντων
1621 2709 1674 2743 τὰς

887 2756 979 2790 χρόας
989 2764 996 2770 ·
1008 2754 1105 2783 Petrus
1118 2755 1274 2789 Damianus,
1291 2755 1353 2783 libr.
1364 2764 1392 2787 ιι,
1403 2757 1482 2791 epist.
1498 2757 1530 2784 l8
1543 2755 1674 2784 :Ludovi-

887 2809 936 2829 eus
950 2800 1104 2832 FideliSJJc
1119 2805 1213 2828 struet.
1231 2801 1333 2834 mund.,
1350 2802 1412 2829 libr.
1425 2810 1463 2837 \‘l,
1481 2810 1540 2838 cap.
1560 2802 1595 2836 5;
1610 2801 1672 2831 Ovi—

887 2847 948 2876 dius
962 2847 1081 2875 Halieut.
1092 2856 1101 2874 .-
