1903 3068
246 108 298 136 8535

246 167 278 202 ᾼι
297 171 389 193 contra
404 167 517 201 scopulis
532 167 627 194 crinali
642 175 748 202 corpore
766 169 850 202 segnis

244 201 360 237 Polypus
373 202 462 234 hmret,
473 207 498 229 ct
510 202 557 228 hac
568 203 650 230 eludit
664 201 731 230 retia
746 201 850 237 fraude,

244 235 278 277 fit
291 235 338 262 sub
357 237 410 277 lege
417 238 578 277 llocisumit,
594 243 728 277 mutatque
740 235 854 277 colorem

244 269 350 309 Semper
364 269 388 298 ei
399 272 494 309 similis
505 281 584 309 quam
596 269 715 307 contigit,
730 281 806 308 alque
816 274 861 300 ubi
875 275 993 309 pra'dam

246 305 404 344 Pendentem
416 307 477 334 sctis
498 308 590 344 avidus
604 305 684 340 rapit,
700 308 741 334 hic
760 305 859 343 guoque
875 305 958 344 'fullit

245 340 322 367 Elato
335 341 438 368 calamo
451 350 510 368 cum
529 342 633 368 demum
648 340 770 370 emersus
780 344 807 370 in
817 340 904 371 auras

242 375 358 402 Brachia
370 377 501 410 dissolvit,
513 378 717 413 populatumquc
729 379 831 412 eIspuit
847 379 964 407 hamum.

243 432 311 461 Hinc
317 438 381 461 nata
388 434 483 469 adagia
491 434 616 469 Polypus,
625 434 719 470 Polgpi
726 440 813 470 caput,
819 435 911 470 Polypi
918 442 1028 464 mentem

243 479 382 513 obtinere:
401 481 512 508 consule
522 481 678 516 adagiorum
693 481 864 509 collectorcs.
878 481 933 509 Nec
942 483 1027 510 silen-

242 525 307 552 dum
323 529 365 552 est
392 526 540 553 multorttm
554 526 638 554 fuisse
649 527 815 561 opinionem,
831 528 944 563 polypos
959 529 1028 564 seip—

243 579 300 604 sos,
316 572 358 598 vel
373 571 466 606 pedes,
481 572 524 599 vel
540 573 653 608 cyrrhos
670 572 740 600 fame
757 578 867 601 coactos
883 575 1027 603 absumere

242 617 374 645 rodendo.
394 617 538 651 Hesiodus,
556 619 602 646 lib.
625 627 644 650 ι,
662 619 722 646 ”Οτ’
739 620 884 654 ἀνόστεος
899 621 935 648 ὃν
949 622 1028 648 πόδα

240 663 337 690 τένδει
348 671 356 695 ;
369 663 524 692 Carneades
533 664 603 700 apud
619 665 754 693 Stabulum
765 667 832 702 Περὶ
842 667 1025 702 γραμμάτων·

243 709 400 745 Καρνεάδης
414 710 461 745 τὴν
472 710 640 746 διαλεκτικὴν
655 711 730 746 ἔλεγε
747 712 875 739 πολύποδι
893 713 1024 740 ἐοικέναι·

242 755 289 780 καὶ
311 754 365 790 γὰρ
393 756 494 782 ἐκεῖνον
518 756 677 791 αὐξηθείσας
711 757 760 789 τὰς
781 758 932 790 πλεκτάνας
960 767 1026 785 κατ-

241 800 352 832 εσθίειν,
367 801 414 828 καὶ
428 801 536 834 τούτους
549 803 695 838 προϊούσης
703 803 752 838 τῆς
767 804 916 839 δυνάμεως,
933 805 980 831 καὶ
993 804 1027 831 τὰ

917 110 1038 138 LEONIS
1058 112 1195 140 ALLATII
1815 114 1859 141 885

1041 186 1063 213 Α
1078 175 1106 198 et
1119 171 1242 204 inferius,
1261 171 1387 199 Echeneis
1405 180 1466 207 ergo
1483 173 1539 207 ﬁgit
1556 172 1583 198 in
1597 171 1734 206 ﬂuctibus.
1747 166 1860 197 Isidorus

1079 217 1125 244 lib.
1147 225 1178 249 ιι,
1193 225 1252 253 cap.
1280 218 1308 250 2,
1339 218 1476 251 Eclieneis,
1500 218 1598 253 inquit,
1614 225 1714 252 parvus
1741 221 1766 243 et
1788 216 1861 242 semi-

1077 263 1178 296 pedali:
1194 264 1336 298 pisciculus
1352 272 1444 291 nomen
1464 264 1574 298 sumpsit
1589 263 1658 298 quod
1669 270 1763 289 nauem
1777 261 1861 288 adlue—

1078 309 1158 335 rendo
1174 310 1296 337 retineat.
1308 309 1394 336 Ruant
1409 310 1467 336 licet
1478 309 1589 341 renti,et
1603 309 1714 335 sceviant
1731 308 1860 341 procella,

1078 355 1151 381 nauis
1166 359 1253 382 tamen
1276 356 1352 390 quasi
1375 355 1498 382 radicata
1518 356 1546 382 in
1566 355 1636 381 mari
1655 359 1729 381 stare
1752 353 1860 386 videtur,

1078 407 1124 426 nec
1145 401 1254 432 moveri,
1268 409 1319 426 non
1338 400 1484 431 retinendo,
1507 400 1551 427 sed
1572 405 1675 426 tantum
1695 399 1861 425 adluerendo.

1080 441 1157 468 Hunc
1171 441 1260 469 Latini
1275 451 1376 469 moram
1392 443 1568 477 appellarunt,
1582 451 1610 469 eo
1621 442 1691 477 quod
1705 446 1777 468 stare
1789 447 1861 476 cogat

1078 488 1193 523 navigia.
1203 487 1319 520 Plinius,
1334 489 1381 516 lib.
1393 496 1432 520 ix,
1447 496 1507 524 cap.
1520 488 1566 520 ‘25,
1579 487 1649 515 idem
1665 487 1821 519 conﬁrmat,
1835 490 1860 513 et

1079 533 1126 561 lib.
1144 542 1230 566 um,
1246 542 1306 569 cap.
1323 535 1334 561 1
1349 544 1355 561 :
1376 535 1473 562 Tamen
1486 536 1574 561 omnia
1589 534 1644 562 ha‘c
1658 535 1808 569 pariterque
1819 541 1861 560 eo-

1077 579 1135 607 dem
1147 571 1360 614 impellentia,“
1374 589 1470 615 parvus
1481 580 1621 607 admodum
1631 580 1777 614 pisciculus
1791 579 1861 606 eche-

1077 627 1132 652 neis
1148 626 1307 660 appellatus,
1322 627 1350 653 in
1364 635 1392 653 se
1407 631 1485 654 tenet.
1498 626 1586 654 Ruant
1601 627 1668 654 venti
1685 626 1757 658 licet,
1772 631 1796 653 et
1812 634 1861 652 sm-

1077 673 1148 699 viant
1159 674 1290 706 procellis,
1312 673 1421 707 imperat
1438 673 1532 707 furori,
1548 673 1664 708 viresque
1682 677 1773 700 tantas
1792 680 1862 698 com-

1077 719 1169 752 pescit,
1182 723 1207 746 et
1218 719 1286 754 cogit
1297 723 1369 746 stare
1382 719 1485 754 navigia
1497 727 1505 745 :
1519 718 1586 754 quod
1607 727 1659 746 non
1676 718 1782 745 vincula
1796 717 1860 749 ulla,

1078 773 1128 791 non
1149 765 1271 792 anchora:
1295 765 1409 800 pondere
1437 765 1603 792 irrevocabili
1620 765 1716 799 jactaa.
1741 763 1861 797 Infrenat

1078 809 1199 844 imprtus,
1217 816 1241 838 et
1262 811 1353 838 domat
1374 811 1464 838 mundi
1486 811 1583 837 rabiem
1602 810 1676 837 nullo
1692 819 1741 837 suo
1763 810 1860 841 labore,

243 846 349 882 σφέτερ’
364 848 533 882 ἀνατρέπειν.
549 849 666 877 Αιεειιε·
681 849 784 876 ’Ἐδωδα
798 850 914 885 ἐμαυτὸν
924 850 961 882 ὡς
977 859 1016 877 πο

1076 866 1127 884 non
1142 857 1286 891 retinendo,
1303 862 1348 884 aut
1361 857 1414 884 alio
1428 857 1513 889 modo,
1525 865 1603 891 quam
1616 856 1787 884 adltterendo.
1799 856 1861 882 Ha'c

241 892 351 925 λύπους.
365 893 503 928 Oppianus
517 895 641 922 Ἁλιευτ.
653 903 689 928 ιι;
714 895 884 931 Rhodiginus
901 896 947 923 lib.
963 904 1023 929 xui,

241 945 301 974 cap.
319 939 362 966 52.
379 939 436 967 Hoc
452 940 522 967 idem
536 941 660 968 scribunt
680 941 837 974 Atliemeus,
858 941 958 976 Horus,
971 942 1024 970 Eu-

241 985 369 1017 stathius,
389 984 549 1021 Hesychius,
571 987 668 1015 Suidas
685 991 711 1015 et
724 988 781 1015 alii.
798 988 901 1024 Negant
919 988 1025 1017 Aristo-

241 1031 308 1058 teles
331 1031 392 1058 libr.
410 1039 469 1065 vni,
495 1033 579 1067 capit.
602 1033 630 1064 2,
655 1032 694 1060 De
715 1033 809 1061 histor.
827 1035 922 1067 anim.,
949 1036 979 1061 Ol
996 1035 1024 1061 δὲ

239 1075 351 1111 γόγγροι
367 1078 430 1108 τοὺς
455 1077 606 1110 πολύποδας
627 1078 832 1106 κατεσθίουσιν·
853 1084 879 1106 et
899 1088 972 1111 mox.
992 1082 1024 1107 Ὃ

238 1121 266 1148 δὲ
280 1122 387 1157 λέγουσι
396 1132 478 1156 τινες,
489 1125 527 1156 ὡς
540 1125 617 1152 αὐτὸ(
630 1125 710 1151 αὐτὸν
721 1125 804 1152 ἐσθίει
814 1146 821 1158 ,
831 1126 927 1159 ψεῦδός
939 1127 1021 1153 ἐστιν.

245 1167 324 1195 Ἀλλὰ
329 1177 362 1195 πε
365 1169 485 1205 ριεδηδεσ
488 1171 569 1205 μένας
575 1171 682 1206 ἔχουσιν
688 1171 752 1198 ἔνιοι
759 1171 808 1202 τὰς
815 1172 964 1204 πλεκτάνας
972 1172 1024 1199 ὑπὸ

237 1212 292 1239 τῶν
307 1213 442 1250 γόγγρων.
460 1214 623 1244 Plutarchus
638 1215 761 1251 Dialogo,
787 1216 882 1244 Utrum
901 1218 1022 1252 pruden-

237 1259 308 1286 tiora
323 1260 388 1292 sint,
402 1264 468 1292 etc.,
482 1262 614 1297 acongris
625 1266 651 1289 et.
666 1262 795 1290 muraenis
806 1263 902 1290 scribit
915 1264 1022 1292 cirrhos

237 1306 369 1333 consumi.
382 1305 498 1340 Plinius,
515 1307 575 1337 libr.
589 1315 626 1338 ix,
638 1308 720 1343 capit.
735 1308 771 1335 29
787 1318 793 1334 :
807 1307 897 1342 Ipsum
915 1309 1022 1336 brachia

237 1358 286 1376 sua
303 1351 392 1379 rodere
403 1352 474 1386 falsa
490 1353 576 1387 opinio
589 1357 637 1380 est.
655 1352 687 1379 Id
704 1353 773 1380 enim
787 1362 804 1380 a
818 1355 922 1389 congris
937 1355 1021 1382 euenit

236 1394 277 1426 ei;
292 1395 336 1422 sed
351 1398 454 1424 renasci
467 1398 534 1424 sicut
547 1397 650 1430 colatis,
661 1402 686 1424 et
700 1397 805 1425 lacertis
815 1397 938 1432 caudam,
951 1399 1021 1426 haud

236 1445 345 1478 falsum.

270 1491 351 1523 lbid.,
363 1491 412 1518 lin.
425 1490 469 1518 20.
484 1490 669 1524 Μικρότατον
681 1490 715 1517 δὲ
728 1491 766 1525 τῇ
777 1493 877 1526 φύσει.
891 1491 1019 1524 Basilius,

235 1537 309 1564 hom.
325 1537 341 1564 Ἰ
352 1546 359 1564 :
372 1536 435 1563 Ἐὰν
448 1536 477 1563 δὲ
488 1535 616 1572 ἀκούσῃς,
631 1536 670 1563 ὅτι
680 1536 714 1562 τὰ
727 1537 842 1572 μέγιστα
852 1537 905 1564 τῶν
921 1537 1020 1564 πλοίων

234 1582 405 1620 ἠιτλωμένοις
423 1583 516 1614 ἱστίοις
535 1582 564 1615 ἐξ
576 1583 671 1618 οὐρίας
688 1583 825 1619 φερόμενα
837 1583 867 1610 τὸ
889 1584 1019 1619 μικρότα-

233 1637 279 1655 τον
298 1627 412 1663 ἰχθύδιον
436 1629 452 1663 ὴ
477 1627 582 1663 ὲχενηῒς
600 1627 670 1654 οὕτω
692 1629 790 1664 ῥᾳδίως
812 1628 928 1663 ἵστησιν,
949 1628 1019 1655 ὥστε

233 1675 362 1710 ἀκίνητον
373 1674 421 1701 ὲπὶ
435 1674 558 1701 πλεῖστον
573 1674 729 1708 φυλάσσειν.
744 1675 838 1711 ὥσπερ
853 1675 1019 1711 καταῤῥιζω-

234 1720 280 1747 θὲν
296 1721 324 1747 ἐν
337 1719 411 1756 αὺτῷ
431 1720 470 1756 τῷ
487 1720 612 1755 πελάγει·
629 1718 672 1756 ἄρ’
687 1721 748 1756 οὐχὶ
770 1720 816 1747 καὶ
830 1721 858 1747 ἐν
874 1720 913 1756 τῷ
930 1720 1019 1756 μικρῷ

232 1767 320 1802 τούτῳ
342 1767 391 1802 τὴν
406 1767 489 1802 αὐτὴν
503 1766 552 1802 τῆς
569 1767 616 1793 τοῦ
638 1766 780 1799 κτίσαντος
794 1767 934 1802 δυνάμεως
947 1767 1017 1802 λαμ-

234 1813 326 1846 ϐάνεις
340 1813 489 1846 ἀπόδειξιη
504 1813 628 1845 Nonnus,
647 1813 755 1848 Dionys.
769 1813 799 1839 ‘21
817 1823 824 1840 :

236 1871 365 1904 Ἕκλυες
379 1871 516 1904 εἰναλίην
530 1871 679 1905 ἐχενηΐόα,
692 1870 754 1904 πῶς
770 1870 814 1897 ἐν)
829 1871 928 1903 πόντῳ

239 1906 336 1940 Ἰχθὺς
350 1906 449 1938 βαιὸς.
470 1906 592 1940 ἇναγκις
605 1905 732 1940 ὲπέχραε
743 1906 872 1932 πολλάκι
880 1907 1002 1938 ναύταις

234 1942 290 1974 "A11.-
301 1941 511 1974 ἁνασειριίζων.
531 1941 635 1974 Ὀλίγῳ
649 1940 675 1966 δ’
688 1940 747 1967 ὑπὸ
759 1940 888 1974 χάσματι
908 1941 1016 1975 λαιμοῦ

231 1976 412 2010 Μηκεδανὴν
423 1976 552 2009 ἀνέκυψε
569 1975 754 2009 κατάσχετον
773 1975 885 2003 ὁλκάδα
904 1975 1014 2010 δεσμῷ.

669 1942 675 1950 ν

269 2033 368 2060 Eadem
383 2033 522 2068 eleganter
529 2037 556 2060 et
564 2033 673 2068 copiose
680 2032 820 2068 Oppianus
832 2033 952 2060 Ἀλιευτ.
968 2033 1013 2060 lib.

232 2087 261 2111 I;
278 2082 305 2106 et
319 2077 457 2110 Lucanus,
466 2078 513 2105 lib.
529 2086 555 2104 vr
571 2087 577 2104 :

232 2133 294 2161 Non
308 2134 413 2168 puppim
430 2133 542 2160 renitens
556 2141 620 2160 euro
631 2133 749 2161 tendente
771 2133 893 2161 rudentes

231 2169 266 2196 In
283 2169 376 2196 mediis
393 2169 508 2196 echeneis
520 2169 605 2204 aquis.

262 2213 376 2243 Ovidius
394 2223 400 2241 :

230 2269 318 2296 Parva
332 2269 447 2296 echeneis
463 2268 546 2302 adest,
562 2269 669 2301 mirum,
683 2276 758 2295 mora
773 2268 900 2303 puppibus
912 2269 1011 2304 ingens.

228 2328 301 2356 idem
314 2326 409 2354 scribit
430 2325 604 2358 Plutarchus,
625 2334 644 2354 ιι
667 2325 788 2362 Sympos.
806 2330 903 2361 quaest.
921 2327 937 2353 7
952 2330 978 2354 et
993 2335 1011 2353 ιι

230 2374 361 2410 problem.
382 2375 479 2407 quaest.
504 2372 534 2404 'l;
557 2371 730 2403 Ambrosius,
753 2372 802 2400 lib.
820 2380 846 2405 ν,
871 2371 1010 2404 Heraean,

227 2428 289 2456 cap.
306 2419 357 2452 10;
371 2418 534 2446 Franciscus
558 2417 716 2450 Petrarcha,
741 2417 858 2452 praefat.,
875 2418 923 2445 lib.
939 2425 956 2448 ||
973 2417 1012 2444 De

228 2465 325 2493 remed.
343 2469 398 2491 utr.
412 2464 488 2498 fort;
505 2463 591 2490 Lilius
605 2462 745 2493 Giraldus,
763 2462 802 2489 De
816 2463 938 2497 navigiis,
949 2470 1008 2497 cap.

179 2507 183 2546 ζ
228 2511 262 2543 5;
277 2509 397 2537 Joannes
412 2507 566 2535 Sambucus
581 2507 712 2535 Emblem.
725 2507 794 2541 205;
808 2507 884 2534 Phile
896 2507 924 2534 in
937 2507 1011 2534 Iam-

181 2554 182 2558 ‘
227 2555 266 2581 bis
289 2562 337 2582 eas
360 2554 514 2589 ναυκράτας
537 2554 654 2581 vocavit.
684 2552 804 2580 Meminit
827 2552 1010 2580 Cassiodorus

226 2599 296 2627 lih.t
324 2599 387 2627 Var.
402 2598 584 2626 Echeneidem
602 2606 731 2626 remoram
747 2597 835 2626 Latini
858 2601 1008 2632 vocarunt;

176 2645 179 2659 ⁵
226 2645 353 2673 Afranius
368 2649 394 2673 et
408 2645 518 2672 Plautus
533 2644 605 2680 apud
629 2644 738 2672 Festum
753 2645 948 2680 remaliginem:
960 2645 1010 2673 Pe-

227 2696 286 2719 trus
300 2691 458 2722 Damianus,
472 2691 520 2719 lib.
531 2699 563 2724 ll,
577 2691 659 2726 epist.
678 2691 722 2723 18,
744 2692 916 2726 ec/tencidem,
940 2692 1009 2719 echi-

227 2745 289 2763 nam
301 2741 389 2769 vocat,
405 2737 476 2772 quod
494 2742 558 2772 puto
572 2737 679 2764 incuria
702 2738 878 2772 scriptorum,
891 2743 918 2766 et
930 2739 1009 2766 simi-

227 2781 341 2810 litudine
363 2783 482 2810 nominis
504 2783 529 2810 id
547 2783 696 2816 accidisse;
720 2791 784 2818 ergo
800 2783 932 2811 Damiano
946 2792 1008 2818 pro—

227 2827 326 2863 prium,
339 2833 365 2855 et
379 2829 524 2861 scribatur,
539 2829 614 2862 Quod
622 2829 736 2856 echeneis
748 2830 825 2857 etiam
840 2830 931 2862 brevis,
941 2834 1004 2864 ett,

1077 903 1184 930 tantilla
1200 908 1237 930 est
1256 904 1322 930 satis
1337 909 1429 930 contra
1441 907 1477 930 tot
1491 903 1602 937 impetus
1618 908 1646 929 ut
1670 907 1737 929 vetet
1760 903 1799 929 ire
1813 910 1861 928 na—

1076 950 1154 985 vigia.
1180 949 1231 977 Sed
1253 955 1364 977 armata:
1385 950 1483 977 classes
1508 950 1644 984 imponunt
1666 949 1718 976 sibi
1746 949 1860 975 turrium

1075 995 1271 1031 propugnacula
1291 1000 1319 1022 ut
1339 995 1366 1022 in
1394 996 1464 1022 mari
1488 1003 1588 1030 quoque
1608 999 1738 1030 pugnetur
1759 995 1827 1022 celut
1847 1003 1860 1021 ι

1075 1043 1168 1070 muris.
1188 1041 1265 1069 Heu!
1284 1043 1386 1069 vanitas
1402 1043 1527 1074 humana,
1549 1050 1607 1068 curn
1624 1042 1788 1069 rostra~illa
1811 1049 1861 1068 ten

1075 1088 1194 1123 ferroque
1209 1088 1318 1115 edictus
1333 1093 1448 1120 armata,
1461 1087 1627 1122 semipedalis
1643 1088 1759 1115 inhibere
1766 1088 1858 1122 possit,

1075 1142 1106 1161 ac
1119 1139 1204 1162 tenere
1215 1135 1332 1162 devincta
1346 1135 1487 1168 pisciculus
1498 1135 1508 1160 !
1519 1134 1641 1162 Isidorus
1656 1135 1748 1170 itaque
1763 1142 1813 1162 sua
1826 1143 1858 1161 ex

1073 1179 1206 1208 Plinianis
1222 1181 1297 1208 hisce
1308 1184 1448 1208 mutuatus
1461 1184 1513 1212 est,
1526 1181 1577 1207 etsi
1594 1181 1682 1208 mavis
1693 1180 1858 1215 compilavit,

1073 1233 1128 1252 non
1143 1233 1174 1253 ex
1189 1225 1345 1258 Ambrosio,
1356 1229 1385 1252 ut
1399 1224 1590 1252 animadvertit
1606 1224 1809 1252 Rittershusius
1830 1225 1859 1250 in

1076 1270 1191 1306 Oppiani
1205 1271 1325 1298 Ἀλιευτ.
1340 1271 1386 1298 lib.
1402 1279 1421 1298 ι.
1433 1270 1530 1298 Subdit
1540 1270 1761 1297 PliniusAttiaco
1773 1273 1858 1296 marte

1073 1317 1227 1352 praetoriam
1235 1324 1330 1344 navem
1342 1316 1452 1344 Antonii
1464 1316 1626 1351 pisciculum
1635 1315 1709 1343 hunc
1717 1315 1837 1342 tenuisse
1848 1322 1855 1340 ε

1072 1365 1099 1388 et
1116 1369 1166 1389 sua
1180 1361 1311 1389 memoria
1333 1361 1391 1389 Caii
1418 1361 1550 1396 principis
1574 1361 1607 1387 ab
1621 1360 1725 1388 Astura
1749 1360 1857 1387 Antium

1072 1407 1233 1442 remigantis
1249 1416 1255 1433 :
1272 1407 1324 1435 hoc
1337 1412 1364 1436 ct
1380 1408 1558 1443 experientiis
1579 1413 1738 1435 nostrorum
1757 1411 1858 1442 tempo-

1071 1461 1132 1480 rum
1142 1454 1347 1489 comprobatum
1365 1458 1418 1481 est.
1431 1453 1559 1481 Testatur
1569 1453 1721 1481 Guilelmus
1729 1452 1857 1480 Rondele-

1072 1499 1125 1527 tius
1133 1506 1163 1527 se
1173 1500 1332 1535 cognovisse
1338 1500 1486 1532 triremem,
1496 1499 1523 1526 in
1531 1507 1583 1534 qua
1591 1499 1741 1527 cardinalis
1748 1497 1856 1533 quidam

1071 1545 1240 1574 Turonensis
1261 1545 1374 1573 Romam
1390 1550 1485 1574 vectus
1496 1550 1548 1577 est,
1565 1545 1656 1572 medio
1670 1552 1753 1572 cursu
1766 1543 1855 1571 omni-

1070 1592 1122 1620 bus
1137 1592 1336 1620 admirantibus
1350 1592 1503 1620 inhibitam.
1532 1592 1566 1618 Et
1580 1599 1631 1626 ego
1644 1591 1710 1618 dum
1740 1590 1857 1618 Venetiis

1071 1644 1268 1670 commorarer,
1281 1638 1349 1665 alias
1361 1638 1481 1665 conchas
1492 1637 1561 1665 idem
1573 1638 1664 1664 valere
1678 1636 1856 1671 ejusdemque

1069 1691 1128 1711 esse
1148 1683 1275 1719 potentia:
1296 1683 1471 1718 deprehendi.
1489 1683 1554 1716 Qna‘.
1575 1686 1603 1709 et
1619 1683 1698 1710 navis
1725 1682 1854 1717 impetum

1069 1729 1230 1764 impediunt,
1253 1734 1279 1757 et
1297 1737 1408 1756 cursum
1429 1730 1581 1765 segniorem
1607 1729 1738 1760 reddunt,
1764 1729 1788 1755 si
1811 1735 1855 1755 ca-

1068 1775 1135 1802 rina:
1146 1775 1188 1802 vel
1208 1775 1241 1802 iis
1257 1775 1381 1810 partibus
1397 1774 1508 1809 navigii.
1524 1782 1584 1809 qua:
1597 1774 1677 1809 aquis
1697 1781 1797 1801 mersa
1818 1774 1855 1800 ls-

1068 1823 1126 1847 tent
1148 1820 1327 1855 applicentur,
1344 1819 1405 1847 ideo
1420 1820 1511 1847 nautis
1531 1819 1558 1846 in
1578 1826 1665 1857 more.
1677 1819 1799 1853 positum
1814 1822 1854 1846 est

1067 1874 1114 1894 eas
1130 1874 1162 1894 ex
1177 1866 1231 1894 illis
1246 1866 1379 1901 partibus,
1397 1865 1461 1893 dum
1479 1865 1512 1892 ad
1524 1865 1575 1892 iter
1590 1865 1726 1900 agendum
1745 1872 1775 1891 se
1787 1872 1854 1899 pra:-

1067 1914 1174 1947 parant,
1185 1911 1336 1938 extrahere.
1355 1911 1385 1938 In
1406 1911 1457 1938 hoc
1473 1915 1564 1938 tamen
1582 1914 1687 1936 natura:
1704 1917 1852 1941 consensu,

1067 1956 1188 1991 nullique
1199 1956 1281 1983 dubia
1295 1957 1460 1991 experientia
1469 1955 1578 1991 quidam
1590 1963 1652 1983 esse
1660 1955 1758 1983 volunt
1768 1956 1799 1981 οὐ
1809 1965 1852 1981 τα-

1067 2005 1214 2040 χυπειθείς,
1225 2009 1252 2032 et
1269 2013 1301 2032 ea
1315 2012 1375 2039 qua:
1392 2005 1510 2032 diximus
1526 2005 1565 2031 uti
1582 2004 1718 2036 fabulosa,
1738 2008 1765 2031 et
1778 2011 1852 2031 com-

1066 2050 1188 2076 mentitia
1204 2050 1344 2077 damnant.
1360 2051 1433 2077 Inter
1455 2057 1502 2078 eos
1517 2054 1559 2077 est
1574 2049 1707 2077 Gcrartus
1733 2049 1851 2076 Falkcn-

1066 2095 1178 2130 burgius
1191 2095 1218 2122 in
1236 2095 1397 2123 lectionibus
1412 2099 1438 2122 et
1452 2095 1616 2130 conjecturis
1633 2095 1667 2122 ad
1679 2094 1771 2122 Nonni
1789 2095 1852 2121 Dio.

1066 2142 1157 2175 nysica
1170 2150 1179 2168 :
1195 2141 1295 2176 quibus
1318 2141 1460 2176 responsio
1475 2141 1502 2167 in
1525 2145 1651 2175 promptu
1667 2149 1702 2168 ex
1714 2140 1849 2176 Oppiane.

1030 2199 1052 2226 ι)
1069 2185 1140 2218 Quid
1155 2194 1219 2213 vero
1235 2187 1270 2214 sit
1282 2186 1339 2214 hzec
1354 2185 1481 2214 echeneis
1495 2194 1555 2221 quas
1569 2186 1725 2221 cogitstarc
1734 2187 1851 2219 navigia,

1065 2235 1272 2259 controversum
1291 2232 1379 2259 adhuc
1392 2236 1443 2259 est.
1458 2231 1509 2265 Qui
1522 2231 1693 2266 temporibus
1707 2231 1767 2258 Caii
1779 2231 1850 2258 illam

1064 2277 1208 2310 viderunt,
1235 2277 1325 2305 limaci
1350 2285 1454 2313 magna:
1479 2277 1594 2305 similem
1620 2285 1683 2304 esse
1710 2276 1848 2304 dixerunt.

1064 2322 1217 2355 Mutianus,
1243 2324 1368 2350 niuricem
1395 2331 1450 2350 esse
1475 2323 1595 2351 latiorem
1622 2331 1745 2358 purpura
1772 2331 1850 2358 neque

1063 2377 1155 2403 aspero
1166 2378 1246 2405 neque
1261 2371 1372 2397 rotundo
1384 2379 1437 2404 ore,
1450 2379 1529 2406 neque
1544 2371 1570 2397 in
1584 2371 1695 2406 angulos
1706 2371 1850 2405 prodeunte

1063 2420 1161 2447 rostro,
1177 2416 1222 2443 sed
1239 2417 1358 2451 simplice
1371 2417 1469 2444 concha
1484 2422 1594 2452 utroque
1608 2416 1692 2443 latere
1703 2425 1761 2444 sese
1773 2416 1848 2442 colli-

1061 2466 1153 2496 gente,
1165 2462 1300 2490 referente
1323 2462 1422 2490 Plinio.
1446 2463 1574 2490 Straboni
1597 2466 1640 2490 est
1655 2462 1770 2497 βδέλλα;
1789 2462 1848 2488 aliis

1063 2507 1220 2542 pisciculus.
1233 2508 1376 2536 Cardanus
1389 2516 1443 2535 una
1460 2516 1522 2535 cum
1534 2508 1679 2542 torpedine
1691 2507 1846 2538 confundit,

1061 2555 1163 2589 aitque,
1175 2555 1315 2582 nominum
1328 2554 1517 2587 similitudine,
1533 2558 1560 2582 et
1573 2554 1687 2582 ell'ectus
1704 2554 1847 2589 deceptum

1060 2600 1234 2628 Aristotelem
1254 2600 1384 2636 deceptus
1399 2601 1457 2636 ipse
1475 2609 1565 2628 rerum
1582 2601 1755 2627 naturalium
1771 2601 1847 2634 igno-

1061 2646 1178 2677 ratione,
1192 2651 1218 2674 ct
1236 2646 1328 2674 minus
1342 2650 1446 2674 attenta
1462 2646 1644 2674 Aristotelian
1661 2645 1796 2672 doctrinae
1814 2645 1847 2671 lc-

1060 2692 1160 2719 ctione.
1177 2691 1222 2719 Sic
1241 2693 1322 2720 etiam
1350 2692 1466 2720 Trebius
1490 2692 1570 2727 Niger
1585 2691 1710 2726 pedalem
1732 2698 1804 2721 esse,
1821 2693 1846 2715 et

1059 2739 1242 2766 crassitudine
1257 2739 1378 2774 quinque
1397 2739 1545 2774 digitorum
1567 2738 1724 2770 afﬁrmavit,
1742 2737 1844 2763 Plinius

1060 2783 1263 2818 semipedalem.
1279 2785 1419 2820 Oppianus
1443 2785 1582 2819 ἱσόπηχυν,
1610 2783 1706 2818 Neque
1737 2784 1765 2810 in
1792 2787 1844 2808 tra-

1060 2830 1147 2858 denda
1163 2838 1245 2859 causa
1260 2831 1434 2859 conveniunt.
1450 2829 1842 2866 HieronymusFracasturiut,
