1903 3068
32 117 90 146 885

36 177 76 204 De
92 179 249 213 sympathia
264 183 289 206 et
311 179 460 214 antipatltia
483 187 582 211 rerum,
607 187 668 214 cap.
682 179 710 211 8,
727 186 781 205 non
797 178 831 205 ab
844 181 867 208 A

33 224 192 252 echenelde
212 225 301 253 navim
314 225 449 258 cohiberi,
468 225 516 253 sed
531 225 706 252 echeneidem
720 232 782 252 esse
795 224 832 251 si-

34 279 125 307 gnum
144 272 262 307 scopuli,
280 272 327 307 qui
346 272 434 300 subsit
451 271 502 300 sub
515 272 593 307 aquis
620 272 699 306 cujus
715 271 773 299 saxi
791 270 833 298 vis

34 325 141 345 navem
159 319 292 346 remorari
301 319 398 346 valeat.
411 318 487 345 lllum
494 318 582 346 Julius
593 316 714 352 Scaliger
721 319 755 344 de
769 317 834 344 sub-

35 363 140 390 tilitate
148 363 183 390 ad
189 362 356 395 Cardanum,
363 370 454 391 exere.
465 363 528 397 2l9,
537 363 660 398 pluribus
667 363 833 398 argumentis

35 408 155 440 refellit,
170 415 233 435 cum
243 409 309 436 nihil
325 409 382 444 ipse
390 408 423 436 de
435 416 484 436 suo
496 409 522 435 in
537 408 654 436 medium
663 407 767 440 aﬂ'erat,
787 408 834 435 sed

35 454 73 481 ad
97 454 226 482 occultas
240 453 372 489 quasdam
384 454 531 489 qualitates
551 454 585 481 ab
595 453 737 482 clementis
750 454 832 482 rebus

36 501 272 533 communicatas,
282 508 350 535 quas
363 500 485 527 nesciant
492 499 575 527 animi
584 499 726 535 temperati
740 509 746 526 :
762 502 789 527 et
799 499 833 526 ad

36 546 207 575 manifestas
215 547 308 574 omnia
319 547 453 574 deducere
464 546 610 582 qualitates
622 553 727 574 summa
745 546 833 582 impu-

36 592 135 620 dentia
145 596 198 620 est.
211 592 321 620 Scilicet
337 592 389 620 hoc
414 596 454 620 est
467 593 494 619 in
508 592 650 620 sententiis
660 592 835 620 doctissimo-

37 646 102 666 rum
112 646 144 666 se
149 646 287 670 exercere.
293 646 353 674 quae
363 645 420 673 ipse
426 638 533 666 nescias
542 638 675 670 refellere,
684 641 710 664 et
719 637 832 665 aliorum

38 684 69 711 in
78 692 177 711 rerum
192 684 284 712 causis
299 684 459 719 indagandis
472 684 591 711 studium
603 687 630 711 et
645 683 775 718 impetum
786 691 834 718 op-

38 729 204 765 pugnando,
219 730 285 765 quid
299 730 358 765 ipse
373 733 468 765 postea
481 730 579 765 possit,
599 733 731 765 quantum
745 730 834 757 valeat

39 777 68 804 in
82 777 189 812 ingenii
204 777 316 804 humani
332 776 404 804 vires
419 776 580 807 imbecilles.
595 776 638 803 vel
648 775 834 803 occultissima

40 830 153 853 natura
175 829 280 854 secreta
301 819 458 853 amandare.
476 824 499 851 Ο
514 832 579 852 vere
602 824 736 859 lepidum!
753 832 770 851 ο
785 824 834 851 do-

541 119 573 146 lN
594 116 780 148 EUSTATHII
800 116 1036 145 HEXAEMERON
1061 108 1184 146 NOTI‘E.‘

1619 118 1681 148 88f»Z

883 182 965 212 neget.
989 177 1036 206 lib.
1060 185 1100 210 tu,
1124 178 1196 213 quod
1221 178 1299 214 hydri
1319 179 1478 208 Eustathius
1496 179 1683 223 ichneumoni

886 223 993 251 tribuit.
1680 229 1683 237 '

891 280 1051 318 ξιχνεύμων
1072 281 1162 318 ,βᾳιὸς
1184 281 1252 316 μὲν,
1269 282 1341 318 ἀτὰρ
1365 282 1542 318 μεγάλοισιν
1564 284 1671 318 ὁμοίως

884 315 1058 355 Meda-itabat
1073 315 1199 355 θήρεσιζι
1212 315 1356 355 fraudat);-
1365 315 1466 355 eiu-sna
1474 315 1602 355 ,βουλ-ῆξ·1

890 350 998 388 ξᾼῗλκῆς
1012 360 1043 377 τε
1058 352 1204 388 κραζερῆς
1216 352 1279 388 ὑπὸ,
1293 350 1627 388 ηπεὸανοῖςνμελέέὰσι
1679 359 1683 381 ἶ

942 382 998 420 γάῤ
1014 395 1041 423 τι
1056 382 1199 423 κέρξεξγάὶ
1210 382 1371 415 κατέκτὰνε
1383 382 1491 416 aut.de
1507 389 1599 423 φῦλα,

889 420 1096 457 Ἐρπυστῆραξ
1102 422 1184 456 ὄφεις
1190 423 1275 449 τεκαὶ
1282 420 1669 457 ἀργαλέουςκροᾶιοδείλους.

883 456 1181 495 ξείνους-Νεαῴους,
1196 459 1301 495 εριᾴνιον
1315 456 1411 495 γένος’
1424 456 1535 495 ductore
1544 459 1598 493 γάρ
1611 456 1656 493 τιξ-

885 491 987 528 ρηρῶν
1000 492 1174 528 λευγαλέων
1188 491 1273 526 εὕδῃ,
1289 491 1443 528 cpta-coma
1464 491 1618 527 πετάἁσὶις

883 526 999 564 Χοίαζεα,
1011 527 1067 564 real
1071 527 1144 564 χάος
1152 528 1234 564 εὐρὺ,
1243 529 1292 564 acal
1301 526 1546 564 ἄσπετοῇιιὶόλον
1553 526 1636 564 ἕρκος

884 560 923 593 Δτή
932 561 976 599 pq
988 561 1047 599 τοτ’
1056 560 1205 599 ,ἰχνεύμων
1220 562 1326 596 δολίην
1343 563 1392 590 ἐπὶ
1403 563 1492 599 μῆτιν
1503 560 1644 599 ὐφαῖνων,

884 596 990 629 Λοξοῖς
1007 596 1206 631 ὀφθαλμοῖσιν
1215 598 1358 632 ἀπείρονα
1368 596 1449 632 φῦλά
1464 596 1589 631 δοκέύει,

884 631 994 668 Elatiae
1004 631 1043 668 ᾃὴ
1057 632 1158 668 ,βαθύν
1170 633 1269 659 ὕπνον
1283 631 1331 660 ἐπὶ
1344 631 1432 668 φρεσὶ
1446 635 1649 668 πιστεύσητιῑι.

884 664 964 705 ᾼζψα
1000 664 1049 705 dp‘
1058 667 1092 693 ἐν
1099 667 1262 705 ψαμάθοισι
1271 668 1320 705 θέαι
1328 664 1514 705 ἐνίπηλοῖσιν
1522 664 1658 705 ὲνζισθεὶς,

891 701 984 736 Ῥίμφ⁵
996 702 1111 738 ἔθορενῖ
1122 701 1262 738 πυλεῶνα
1275 701 1464 738 διιπτάμὲνος
1477 704 1614 732 θανάτοιο

888 736 1159 774 Τολιιηρῇλκραᾷίῃ,
1174 737 1259 774 διὰγδ⁷
1273 736 1484 774 εὐρέοςίηῆλυθε
1498 739 1616 774 λαιμοῦ.

884 771 983 808 Αὐζὰρ
995 771 1038 808 ὅγ’
1051 772 1085 803 ἐξ
1099 773 1197 800 ὕπνου
1208 771 1476 808 βαρυαέοδὲτλρετο
1492 771 1602 808 δειλὸς,

885 806 940 833 Καὶ
957 806 1051 834 καλὸν
1070 808 1104 834 ὲν
1124 806 1289 843 λαγύνεάσι
1303 806 1504 843 φέρωθτόσον
1518 806 1673 881 ἀπρῖτίελ-

892 876 930 881 __
1084 879 1088 881 _
1241 878 1247 881 Α
1274 879 1280 881 _
1318 879 1324 881 ν
1444 879 1449 881 _
1549 879 1554 881 _
1585 853 1671 878 πτον,

1585 853 1671 878 πτον,

40 877 117 900 ctum
132 872 230 907 caput!
248 872 349 899 habent
359 879 439 907 quem
451 874 601 906 sequantur
616 869 687 906 frugi
702 869 730 897 in
746 870 831 897 scien-

887 876 987 914 ῌάντη
998 879 1188 914 μαινόμενος,
1201 878 1250 906 καὶ
1265 879 1418 914 ἀμήχανος
1433 859 1654 914 ἁμφαλὰλεὶἒᾘ

40 919 89 947 tiis
105 919 245 951 homines,
261 927 321 954 qua:
339 919 476 954 ignorant,
494 918 550 953 jam
567 925 597 945 se
614 917 685 944 scire
709 924 835 952 compro-

41 965 160 997 babunt,
181 965 205 993 si
224 964 258 992 ad
281 965 428 1001 qualitates
448 963 510 991 illas
535 963 668 996 occultas,
690 970 759 999 quas
784 963 836 998 ipsi

41 1011 175 1038 nesciunt
188 1010 304 1044 scilicet,
322 1010 469 1038 deducent.
487 1009 540 1037 Sed
557 1009 638 1037 nobis
659 1009 773 1037 tantillis
783 1009 835 1036 ho-

41 1056 243 1085 muncionibus
265 1057 293 1084 id
314 1057 408 1084 forsan
429 1059 502 1083 esset
527 1056 606 1084 satis.
624 1055 659 1083 At
685 1055 834 1092 Scaligero,

42 1110 125 1138 quem
143 1103 213 1130 nihil
227 1103 256 1130 in
278 1110 371 1130 rerum
392 1107 490 1131 natura
505 1102 574 1137 fugit
593 1109 723 1138 unquam,
741 1105 768 1130 et
789 1101 835 1138 qui

41 1148 114 1177 nihil
131 1157 195 1177 cum
212 1150 274 1177 aliis
293 1157 448 1178 commune.

78 1239 162 1272 lbid.,
177 1240 226 1267 lin.
241 1240 286 1268 25.
306 1240 414 1275 ’Υδρος
434 1240 468 1267 δέ
487 1240 572 1267 ἐστιν
586 1240 620 1267 ἐν·
643 1238 683 1272 τῷ
701 1238 834 1274 ποταμῷ.

42 1286 145 1315 Petrus
161 1286 319 1319 Damianus,
336 1287 382 1314 lib.
400 1295 432 1319 ιι,
448 1287 528 1321 epist.
547 1286 579 1313 18
593 1295 600 1313 :
615 1285 723 1321 Hydrus
736 1285 837 1312 animal

41 1337 82 1359 est
96 1332 223 1360 habitans
241 1333 268 1359 in
283 1332 432 1369 gurgitibus
450 1332 600 1368 ﬂuminum,
613 1331 752 1358 crocodilis
766 1331 837 1365 fera-

41 1378 107 1405 I‘iter
133 1379 283 1405 inimicum.
307 1378 358 1405 Hic
375 1379 463 1413 itaque
486 1386 546 1405 cum
567 1377 662 1405 viderit
676 1375 837 1404 crocodilum

42 1429 136 1460 aperto
153 1433 196 1452 ore
214 1425 241 1452 in
254 1424 384 1459 crepidine
400 1425 517 1460 ﬂuminis
534 1425 716 1456 dormientem,
734 1423 834 1457 provol-

41 1471 116 1498 vitur
132 1471 159 1497 in
173 1470 236 1497 limo
249 1471 310 1504 luti,
327 1475 356 1497 ut
376 1471 497 1505 faucibus
517 1470 590 1497 illius
611 1469 712 1496 lubrico
729 1477 838 1504 corpore

43 1515 154 1550 facilius
165 1516 248 1550 possit
265 1516 350 1542 illabi.
365 1515 438 1542 Tunc
451 1516 481 1542 in
495 1524 524 1543 os
535 1515 662 1543 crocodili
680 1514 834 1541 dormientis
848 1532 873 1563 ο

41 1562 185 1598 perniciter
202 1562 299 1594 insilit,
315 1570 390 1597 quem
402 1562 448 1589 ille
459 1561 622 1589 desubitatus
635 1565 737 1595 repente
745 1560 837 1595 deglu-

43 1609 88 1635 tit.
102 1607 212 1644 Hydrus
232 1617 291 1635 vero
306 1609 406 1636 viscera
425 1608 482 1643 ejus
498 1613 592 1635 cuncta
612 1608 736 1639 dilaniat,
755 1607 836 1634 donec

42 1659 70 1682 et
83 1654 142 1690 jam
158 1663 267 1689 prorsus
282 1655 412 1681 exstincto
432 1654 463 1681 de
478 1653 603 1681 cadavere
622 1654 694 1681 illius
723 1654 794 1681 vivus
811 1657 835 1680 et

43 1701 130 1728 victor
145 1706 274 1735 erumpat.
289 1699 376 1735 Hujus
403 1700 527 1728 animalis
545 1700 668 1727 meminit
685 1699 767 1727 etiam
786 1699 836 1726 Mi-

43 1747 126 1774 chael
135 1746 243 1782 Glycas,
258 1747 305 1774 lib.
323 1755 349 1774 Iv
363 1746 507 1773 Annalium
520 1754 530 1778 ;
552 1745 637 1774 David
653 1746 834 1779 Hmschelius,

43 1796 74 1821 et
94 1792 240 1821 Conradus
267 1792 480 1823 Rittershusius.
506 1792 552 1819 hic
576 1792 649 1820 notis
666 1792 699 1819 ad
720 1792 836 1828 Oppiani

43 1839 171 1874 Cyneget.
186 1839 232 1866 lib.
243 1847 285 1872 tu,
297 1847 352 1867 ver.
366 1839 429 1871 407,
445 1839 491 1866 ille
509 1839 619 1866 notisin
635 1837 734 1866 Horum
746 1838 791 1866 lib.
806 1847 834 1870 ιι,

45 1892 109 1920 cap.
127 1885 179 1918 55,
204 1884 305 1912 animal
331 1884 384 1911 hoc
413 1891 475 1911 cum
500 1884 680 1911 ichneumone
711 1884 836 1912 videntur

46 1931 227 1963 confundere,
256 1934 282 1957 et
311 1930 516 1958 Rittershusius
550 1930 641 1956 locum
676 1929 772 1957 lsidori
803 1938 836 1957 ex

46 1976 98 2004 lib.
110 1984 159 2008 xu,
170 1983 230 2011 cap.
247 1976 273 2007 6,
291 1975 410 2003 adducit.
427 1975 516 2003 Verba
535 1983 596 2010 qua:
613 1975 706 2002 laudat
728 1975 833 2009 lsidori,

48 2026 132 2050 sunt:
148 2022 264 2050 Bestiola
276 2029 308 2049 ex
321 2030 351 2048 eo
366 2025 516 2056 nuncupata
535 2021 603 2056 quod
612 2021 638 2047 in
656 2021 730 2056 aquis
748 2029 833 2048 verse-

49 2073 104 2100 tur,
128 2072 153 2095 et
176 2068 291 2095 maxime
313 2068 342 2094 in
360 2066 425 2094 Nilo
447 2067 558 2102 (nomen
583 2067 705 2095 bestiolae
728 2067 837 2103 ἔνυδρος

48 2114 114 2148 est),
129 2122 187 2149 qua:
196 2115 220 2141 si
232 2114 357 2141 invenerit
366 2113 536 2141 dormientem
552 2113 724 2145 crocodilum,
737 2113 837 2140 volutat

48 2169 78 2187 se
99 2161 126 2186 in
140 2159 223 2186 lutum
237 2161 351 2194 primum
367 2165 392 2187 et
413 2161 495 2187 intrat
509 2161 536 2187 in
554 2169 580 2187 os
599 2160 655 2194 ejus
667 2168 712 2194 per
724 2164 837 2186 ventrem

48 2210 75 2232 et
89 2213 197 2240 carpens
218 2207 307 2232 omnia
326 2207 455 2234 interiora
467 2207 523 2241 ejus
539 2207 592 2233 exit
612 2206 668 2233 viva
687 2206 719 2233 de
731 2206 837 2233 visceri-
852 2207 876 2236 ι)

50 2251 98 2278 bus
110 2251 241 2278 crocodilo
249 2253 306 2286 ipso
318 2252 572 2280 mortuo.Crocodili
583 2260 644 2279 eum
657 2252 836 2280 ichneumone

50 2297 250 2325 internecinum
261 2298 363 2326 bellum
384 2299 475 2326 sciunt
488 2306 593 2331 omnes,
612 2306 662 2326 nec
686 2299 740 2326 alio
757 2299 837 2326 modo

50 2343 105 2371 nisi
119 2352 237 2372 mersum
258 2344 334 2376 limo,
360 2353 448 2380 eoque
473 2346 555 2373 veluti
582 2345 665 2373 coriis
692 2345 836 2372 loricatum

50 2390 80 2417 in
104 2389 306 2418 dimicationem
329 2392 608 2427 pcrgere.Credcrcm
624 2397 714 2419 tamen
729 2391 836 2427 hydrim

51 2436 188 2464 diversum
206 2436 270 2471 quid
291 2445 354 2465 esse
374 2438 408 2465 ab
426 2438 619 2470 ichneumone,
638 2446 699 2466 cum
722 2438 837 2465 inferius

51 2486 144 2510 noster
168 2482 328 2511 Eustathius
351 2484 384 2512 de
407 2485 589 2512 ichneumone
608 2493 760 2513 sermonem
788 2485 837 2511 ha-

52 2528 125 2560 beat,
142 2528 258 2563 ejusque
273 2530 374 2557 bellum
391 2538 453 2557 cum
475 2531 570 2565 aspide
585 2531 737 2558 luettlenter
752 2531 837 2566 expli-

52 2579 106 2605 cet,
120 2573 153 2601 de
169 2583 222 2609 qtta
235 2575 314 2610 hydri
323 2580 350 2604 et
362 2576 443 2604 verba
458 2575 556 2603 lsidori
570 2577 744 2612 intelligenda
761 2580 835 2604 sunt.

53 2619 107 2647 Nec
122 2619 193 2647 aliud
206 2621 379 2649 existimasse
393 2621 515 2649 Solinum
530 2623 677 2656 comperio,
687 2630 760 2654 cum,
775 2630 835 2657 cap.

53 2665 97 2697 35,
111 2665 167 2693 hac
181 2667 294 2698 scribat,
310 2667 388 2700 Quod
403 2667 516 2702 cnydrus
529 2668 706 2702 conspicatus,
726 2668 837 2694 alterum

54 2710 251 2737 ichneumonum
270 2720 360 2746 genus.
378 2717 496 2746 penetrat
516 2712 641 2744 belluam,
655 2713 838 2748 populatisque

53 2756 186 2789 vitalibus,
206 2765 284 2784 erasa
305 2759 360 2784 exit
385 2758 468 2786 alveo.
494 2758 624 2792 Quamvis
652 2758 758 2787 Delrius
781 2759 836 2793 illa,

54 2803 169 2830 Alterum
180 2803 380 2831 ichneumonum
393 2813 483 2840 genus,
495 2809 600 2833 veteres
614 2805 699 2833 libros
711 2814 764 2833 non
772 2813 837 2832 con-

49 2849 136 2891 tinere
152 2848 276 2877 aﬂirmet.
303 2849 360 2877 Non
380 2851 509 2885 permittit
542 2850 681 2886 Oppianus
707 2851 753 2886 qui
786 2849 836 2885 Cy-

889 913 1010 940 Ἀλλοτε
1024 913 1085 948 μὲν
1096 914 1163 941 ποτὶ
1178 913 1293 948 τέρματ⁵
1306 915 1357 941 law
1370 913 1506 948 μυχάτου
1519 915 1672 948 ποταμοῖο,

896 925 1010 940 “unum
1017 925 1082 974 ἑιεν
1096 925 1163 941 non
1178 925 1284 948 τερματ
1306 925 1357 941 ιων
1370 925 1506 948 μυχατου
1519 925 1595 942 ποτα
1617 925 1672 948 οισ,

888 948 1010 985 trudere
1021 984 1025 985 ν
1037 950 1043 957 ‘
1052 946 1091 976 αὖ
1096 948 1258 985 ψαμάθοισι
1267 949 1480 985 κυλινδόμενος
1488 950 1556 985 ποτὶ
1562 925 1674 985 χέιρξσον

888 983 1194 1020 Ἀψιοιςάσθμιιζνῳν,
1209 983 1421 1020 στρωφώέίενος
1432 985 1503 1020 ἀμφ’
1514 983 1671 1019 ὀδύνῂσιν·

886 1018 985 1061 {ipsa};
992 1018 1035 1061 67::
1043 1020 1099 1061 ορκ
1108 1019 1217 1061 ἀλέγειν
1228 1018 1360 1061 γλυκερῇ
1369 1019 1394 1046 δ’
1403 1018 1565 1061 ιιέπιῖτᾷρπι-γτι
1577 1018 1674 1061 ἠοίωδῇ

887 1053 993 1090 illaut;
1001 1053 1034 1090 e'
1047 1053 1117 1089 ἄγχι
1129 1053 1263 1090 μάλιστα
1275 1053 1445 1090 παρήμενος
1455 1053 1644 1087 εὶζλαπινάζει.

893 1088 961 1122 Ὀψὲ
973 1088 1007 1116 δέ
1022 1097 1066 1116 τοι
1077 1089 1232 1123 προλιπὼν
1242 1089 1347 1117 κενεὸν
1354 1088 1449 1125 ’δέμας
1458 1089 1562 1124 ἔκθορε
1572 1090 1671 1125 θηρός.

887 1144 1004 1172 Dubium
1024 1149 1104 1181 auget
1130 1145 1266 1174 Diodorus
1289 1146 1336 1181 qui
1359 1146 1567 1174 ichneumonem
1588 1154 1674 1182 parvo

886 1189 949 1217 cani
969 1190 1085 1218 similem
1104 1190 1181 1224 facit,
1203 1192 1256 1219 etsi
1273 1192 1396 1220 mustela:
1416 1191 1562 1220 Nicander.
1579 1191 1672 1220 Timo-

887 1235 966 1264 theus
982 1236 1039 1265 sive
1057 1236 1226 1272 Theophilus
1241 1238 1455 1272 Alexandrinus,
1469 1239 1593 1266 oratione
1612 1239 1674 1266 Τίνι

887 1283 1037 1318 ὁμοιοῦται
1060 1284 1077 1311 ό
1100 1284 1285 1318 ἀνθρώπινος
1304 1284 1384 1318 βίος,
1403 1285 1502 1312 animal
1527 1285 1578 1312 hoc
1601 1283 1674 1319 quod

886 1335 934 1362 per
948 1335 979 1356 os
995 1329 1126 1356 crocodili
1141 1329 1238 1362 insilit,
1253 1330 1366 1358 subiens
1384 1330 1411 1357 in
1421 1334 1556 1363 ventrem,
1568 1333 1596 1358 et
1615 1330 1673 1357 dis-

887 1377 980 1408 cerpto
1006 1373 1066 1408 ejus
1092 1378 1188 1402 ventre
1210 1374 1267 1402 exit
1289 1375 1379 1402 bellua
1402 1379 1510 1402 mortua
1532 1374 1672 1406 derelicta.

888 1419 980 1455 hylum
997 1421 1125 1456 appellat,
1146 1421 1258 1457 vultque
1275 1421 1367 1450 alitem
1385 1429 1455 1449 esse.
1473 1422 1530 1449 Καὶ
1548 1421 1681 1456 καθάπερ.

887 1466 917 1493 τὸ
928 1467 1020 1502 ὄρνεον
1034 1467 1113 1499 bno;
1126 1469 1206 1503 τηρεῖ
1219 1468 1264 1494 τὸν
1276 1467 1456 1504 κροκόδειλον,
1465 1467 1517 1500 ἕως
1529 1467 1561 1495 ἂν
1572 1468 1613 1504 ἴδῃ
1625 1468 1676 1495 αὺ-

888 1512 933 1539 τὸν
946 1512 1032 1548 ἡδέως
1045 1513 1091 1539 καὶ
1104 1513 1263 1548 ἀμερίμνως
1278 1512 1464 1546 ὑπνώσσοντα,
1483 1514 1530 1541 καὶ
1543 1513 1574 1540 τὸ
1589 1514 1675 1549 στόμα

890 1559 1061 1594 ἀνεῳγμένον
1070 1559 1175 1594 ἔχοντα·
1201 1559 1248 1586 καὶ
1262 1560 1322 1586 τότε
1343 1560 1509 1596 είσπηδῆσαν
1523 1561 1675 1596 εἰσέρχεται

886 1604 930 1631 διὰ
943 1604 989 1631 τοῦ
1010 1605 1142 1641 στόματος
1159 1605 1240 1632 αὑτοῦ
1262 1606 1302 1637 εἰς
1323 1605 1372 1641 τὴν
1394 1606 1496 1633 κοιλίαν
1516 1605 1609 1639 αὑτοῦ,
1627 1606 1675 1633 καὶ

887 1650 1035 1688 διαρῤἧξαν
1049 1651 1098 1687 τὴν
1111 1651 1232 1687 γαστέρα
1247 1651 1327 1679 αὑτοῦ
1345 1651 1496 1688 ἐξέρχεται,
1517 1651 1674 1680 καταλιπὼν

887 1696 967 1723 αὐτὸν
985 1697 1091 1733 νεκρόν.
1111 1696 1164 1724 Sed
1183 1697 1216 1724 de
1233 1697 1414 1725 ichneumone
1430 1697 1555 1725 inferius.

922 1743 1002 1776 Ibid.,
1023 1743 1070 1771 lin.
1090 1744 1133 1770 '50.
1153 1744 1238 1770 Ἔστι
1254 1743 1288 1771 δὲ
1307 1746 1323 1771 ὁ
1346 1744 1544 1780 κροκόδειλος.
1558 1745 1673 1779 Plinius,

887 1790 934 1817 lib.
949 1798 1033 1823 xu",
1050 1797 1110 1826 cap.
1122 1790 1152 1817 Μ
1166 1800 1172 1818 :
1190 1791 1394 1826 Communesque
1410 1796 1496 1824 terrm,
1511 1793 1589 1824 mari,
1602 1793 1675 1819 amni

888 1836 1087 1872 hippopotami,
1119 1838 1254 1865 crocodili.
1286 1837 1464 1865 Eustathiana
1494 1837 1551 1865 haec
1578 1838 1675 1866 eadem

888 1885 921 1911 ad
938 1884 1051 1911 verbum
1062 1884 1192 1920 leguntur
1204 1884 1274 1920 apud
1287 1883 1421 1911 Achillem
1435 1883 1552 1911 Statium
1566 1884 1606 1911 De
1617 1884 1675 1912 Cliu

889 1928 1019 1963 top/tentis
1033 1933 1058 1956 et
1083 1928 1224 1964 Laucippes
1243 1929 1389 1962 amoribus,
1408 1929 1455 1956 lib.
1483 1937 1519 1957 ιν.
1536 1929 1686 1957 (Ζιοεοιιίη

889 1978 1045 2001 accuratam
1067 1974 1279 2010 descriptionem
1303 1975 1387 2002 [tabes
1410 1974 1482 2010 apud
1508 1974 1675 2003 Herodotum

889 2021 916 2047 in
933 2019 1063 2056 Euterpe;
1079 2020 1265 2053 Aristotelem,
1277 2021 1325 2048 lib.
1338 2029 1365 2048 ιχ
1383 2020 1486 2048 Hister.
1506 2021 1600 2053 anim.,
1613 2028 1673 2056 cap.

888 2065 923 2098 6;
942 2066 1127 2099 Heliodorum,
1143 2066 1191 2093 lib.
1206 2075 1252 2100 vi;
1275 2066 1451 2094 Ammianum
1473 2065 1672 2099 Marcellinum,

888 2113 907 2140 l.
921 2121 994 2146 xxu;
1011 2113 1156 2145 Isidorum,
1173 2113 1220 2141 lib.
1236 2121 1287 2146 xu,
1300 2121 1361 2148 cap.
1377 2113 1412 2146 6;
1426 2113 1576 2141 Diodorum
1596 2113 1675 2140 Sicu-

888 2161 955 2194 lum,
973 2161 1020 2188 lib.
1044 2169 1064 2194 ι,
1089 2164 1161 2196 part.
1178 2169 1185 2188 ι
1200 2170 1207 2194 ;
1222 2160 1353 2192 Plinium,
1377 2161 1425 2188 lib.
1447 2168 1508 2192 vut,
1535 2168 1595 2195 cap.
1619 2159 1674 2192 27;

890 2206 1022 2234 Joannem
1043 2206 1160 2234 Leonem
1178 2207 1205 2233 iu
1222 2206 1355 2241 Descript.
1371 2206 1480 2240 Africae,
1495 2205 1543 2232 lib.
1553 2213 1590 2232 ιιι.
1602 2203 1675 2231 Soli-

888 2259 940 2279 nus
959 2252 1017 2279 hac
1033 2252 1066 2279 de
1081 2259 1124 2283 eo,
1136 2259 1197 2286 cap.
1215 2251 1249 2278 55
1261 2261 1267 2278 ;
1280 2250 1434 2278 Crocodilus
1450 2250 1548 2277 malum
1556 2249 1675 2284 quadru—

887 2307 941 2332 pes,
956 2303 981 2325 et
999 2299 1025 2325 in
1042 2303 1121 2330 terra,
1138 2302 1162 2324 et
1179 2298 1206 2324 in
1220 2297 1328 2331 ﬂumine
1343 2297 1443 2331 pariter
1457 2296 1534 2328 valet,
1556 2296 1674 2330 linguam

888 2351 939 2369 non
954 2342 1042 2374 habet,
1061 2341 1199 2369 maxillam
1211 2347 1295 2368 ntovet
1307 2341 1484 2376 superiorem:
1496 2349 1598 2368 morsus
1614 2341 1672 2374 ejus

887 2388 1010 2415 horribili
1027 2388 1166 2414 tenacitate
1189 2388 1353 2419 conveniunt,
1374 2387 1487 2421 stipante
1509 2395 1535 2413 se
1556 2385 1673 2413 dentium

887 2435 952 2462 serie
970 2434 1122 2468 pectinatim
1137 2440 1146 2460 :
1161 2433 1310 2467 plerumque
1327 2432 1361 2459 ad
1377 2433 1466 2468 viginti
1480 2432 1556 2459 ulnas
1571 2432 1674 2467 magni-

890 2480 988 2508 tudinis
1005 2480 1154 2507 coalcscit-:
1171 2480 1262 2514 qualia
1283 2488 1386 2506 anseres
1410 2478 1465 2505 edit
1480 2486 1544 2510 ora;
1560 2483 1674 2505 metatur

890 2527 975 2554 locum
991 2526 1052 2553 nido
1068 2526 1187 2553 naturali
1202 2525 1377 2560 providentia,
1393 2534 1438 2552 nec
1452 2525 1516 2551 alibi
1533 2524 1601 2559 fetus
1614 2532 1673 2558 pre-

887 2573 952 2605 mit,
969 2581 1048 2607 quam
1075 2580 1125 2606 quo
1147 2571 1285 2599 crescentis
1302 2570 1360 2597 Nili
1387 2580 1462 2606 aqua
1483 2579 1535 2598 non
1563 2575 1672 2605 possunt

887 2620 1029 2654 peruenire.
1048 2618 1079 2645 In
1094 2624 1171 2652 partu
1185 2618 1295 2653 fovendo
1308 2627 1364 2645 mas
1375 2623 1400 2645 et
1417 2618 1515 2653 femina
1537 2618 1602 2645 vices
1615 2626 1672 2644 ser-

887 2670 958 2693 vant.
977 2665 1078 2692 Pru'ter
1086 2665 1187 2691 hiatum
1199 2666 1252 2691 oris
1264 2670 1384 2692 armatus
1398 2670 1436 2691 est
1451 2665 1532 2691 etiam
1547 2665 1671 2699 unguium

887 2711 1065 2738 immanitate.
1086 2709 1214 2737 Noctibus
1230 2711 1255 2737 in
1274 2719 1343 2745 aqua
1354 2709 1441 2745 degit;
1458 2719 1503 2744 per
1518 2711 1586 2737 diem
1600 2710 1672 2736 humi

888 2758 1039 2793 acquiescit.
1055 2756 1243 2784 Circumdatur
1265 2757 1383 2783 maxima
1397 2757 1465 2783 cutis
1492 2757 1629 2792 ﬁrmitate,
1646 2757 1673 2783 in

889 2807 1003 2833 tantum,
1021 2807 1048 2829 ut
1064 2803 1131 2829 ictus
1145 2801 1234 2838 quovis
1250 2806 1376 2829 tormento
1393 2801 1501 2829 adactos
1519 2807 1618 2838 tergora
1635 2811 1673 2829 rc-

888 2848 1026 2883 percutiat.
