1903 3068
215 94 266 120 887

886 96 1007 124 LEONIS
1026 96 1161 123 ALLATll

1795 95 1851 122 εδδ

251 149 329 183 lbid.,
346 150 393 177 lin.
407 150 452 177 42.
478 151 544 178 Ἐὰν
558 151 592 177 δὲ
601 151 689 186 χάνῃ.
706 152 803 179 Mirum
817 157 858 180 est
874 153 945 188 quod
961 153 996 180 de
1011 160 1033 188 Α
1048 153 1167 180 Achilles
1194 153 1299 181 Statius
1319 153 1366 180 lib.
1382 161 1419 184 IV,
1440 154 1575 181 et‘simile
1594 153 1672 188 quid,
1690 152 1747 179 etsi
1770 152 1799 178 in
1818 160 1850 179 re

214 205 307 223 eorum
323 197 395 223 victu
423 201 516 223 narrat
539 197 658 225 Joannes
686 198 741 226 Leo
762 200 789 226 in
818 199 997 233 Description:

216 242 323 275 Africus,
339 241 386 269 lib.
400 250 425 269 ιι
445 252 451 269 :
471 243 573 270 [larum
591 244 736 271 belluarum
754 245 867 279 amplius
883 250 997 272 trecenta

215 288 302 320 cupita
313 287 394 314 Cana:
408 288 535 316 moenibus
550 289 657 317 diducto
675 291 744 317 rictu
759 291 837 325 afﬁxa
854 291 915 324 ridi,
932 291 997 317 adeo

215 340 317 367 magna:
343 341 374 359 ac
391 334 526 365 stapendw
548 335 745 369 amplitudinis,
760 340 787 361 ut
807 344 911 362 vaccam
932 336 994 362 inte-

214 386 289 413 gram
313 386 405 412 capere
415 379 572 412 potuissent,
588 380 709 406 dentibus
723 381 808 407 acutis
825 385 849 406 et
864 388 997 415 praegran-

214 424 300 451 dibus.
319 424 408 451 Solent
424 430 510 452 autem
526 425 645 460 .Egyptii
656 427 798 460 piscatores
810 427 939 454 trocodilo
953 436 997 454 ca-

214 475 260 504 put
271 471 453 505 praescindere,
464 471 668 507 oppidorumque
679 472 816 504 mtenibus,
829 472 998 507 quemadmo-

214 517 277 543 dum
292 522 426 544 venatores
442 517 560 551 ferarum
575 518 663 552 capita
680 519 792 553 afﬁgere.

248 562 330 594 Ihid.,
357 563 405 591 lin.
430 563 475 591 45.
495 564 520 590 '0
546 563 579 590 δὲ
600 566 762 600 λεγόμενος
783 566 996 600 ἱπποπόταμος.

214 608 342 636 Eamdcm
367 608 576 643 descriptionem
597 610 693 636 iisdem
715 610 771 638 fere
791 611 883 638 verbis
904 611 998 646 paucis

214 655 366 682 immutatis
389 655 471 682 habes
489 656 560 690 apud
584 655 717 684 Achillem
741 656 871 687 Statium.
888 657 934 684 lib.
951 665 996 683 1v:

217 699 329 734 Ἔτυχον
351 699 483 734 ποτάμιον
496 700 598 736 ιθηρίον
621 701 716 736 ἄνδρες
735 701 917 737 τεθηρακότες
936 702 999 734 θέας

214 745 298 778 ἄξιον.
315 746 411 774 Ἵππον
424 747 452 773 δὲ
471 747 550 773 αὑτὸν
563 746 610 773 τοῦ
628 747 723 774 Νείλου
739 748 852 775 ἐκάλουν
872 750 895 775 οἱ
917 749 999 782 Λιγύ-

214 800 297 818 πτιοι·
313 793 360 819 καὶ
373 792 428 819 ἐστι
445 793 494 828 μὲν
510 793 603 825 ἵππος,
622 793 659 824 ὡς
677 794 691 819 ὁ
707 794 785 828 λόγος
801 793 934 828 βούλεται,
951 795 998 829 τὴν

215 838 334 873 γαστέρα
355 838 400 864 καὶ
419 839 481 870 τοὺς
502 839 594 870 πόδας,
617 838 686 874 πλὴν
705 839 766 866 ὅσον
785 840 813 866 ἐν
828 839 896 875 χηλῇ
912 840 999 875 σχίζει
1015 836 1034 862 Β

214 884 263 919 τὴν
301 883 394 919 ὁπλήν.
416 884 538 918 Μέγεθος
558 884 586 910 δὲ
612 884 682 911 κατὰ
705 884 768 918 βοῦν
789 885 836 911 τὸν
861 884 996 919 μέγιστον.

214 930 288 965 Οὺρὰ
303 929 426 965 βραχεῖα,
444 930 490 957 καὶ
505 930 569 965 ψιλὴ
585 930 695 966 τριχῶν,
715 930 755 956 ὅτι
775 931 822 957 καὶ
839 931 869 957 τὸ
884 931 938 957 πᾶν
952 930 998 957 τοῦ

214 975 338 1011 σώματος
353 977 438 1008 οὕτως
459 977 525 1012 ἔχει·
548 976 651 1012 κεφαλὴ
669 977 818 1013 περιφερὴς
834 977 863 1003 οὺ
885 985 997 1012 σμικρα.

220 1023 317 1056 Ἑγγὺς
327 1022 409 1048 ἵππου
419 1023 540 1058 παρειαὶ,
552 1022 658 1058 μυκτὴρ
672 1023 718 1049 ἐπὶ
731 1022 801 1058 μέγα
813 1022 943 1057 κεχηνὼς,
953 1022 1000 1049 καὶ⁹

213 1068 301 1094 πνέων
323 1067 432 1104 πυρώδη
449 1068 562 1098 καπνὸν,
579 1068 616 1099 ὡς
634 1068 687 1094 ἀπὸ
703 1068 794 1103 πηγῆς
808 1068 901 1103 πυρός·
920 1067 1000 1101 γένυς

214 1113 316 1149 εὐρεῖα,
332 1113 398 1140 ὡσεὶ
411 1114 457 1140 καὶ
470 1113 580 1150 παρειά.
595 1113 683 1149 Μέχρι
699 1113 753 1140 τῶν
770 1113 912 1149 κροτάφων
928 1113 1000 1139 ἀνοί-

213 1167 256 1192 γει
271 1158 301 1185 τὸ
324 1159 421 1194 στόμα.
442 1159 518 1194 Ἔχει
541 1159 629 1185 δὲκαὶ
652 1159 811 1190 κυνόδοντας
830 1158 997 1194 καμπύλους,

213 1204 285 1232 κατὰ
311 1205 358 1240 μὲν
383 1205 432 1240 τὴν
454 1205 525 1231 ἰδέαν
550 1205 596 1231 καὶ
616 1205 664 1240 τὴν
688 1205 762 1232 θέσιν
782 1205 820 1236 ὡς
848 1205 946 1237 ἵππος,
968 1204 999 1231 τὸ

213 1251 242 1277 δὲ
269 1250 384 1286 μέγεθος
412 1252 452 1282 εἰς
475 1251 644 1286 τριπλάσιον.
671 1250 704 1276 Et
730 1249 835 1278 Plinius
861 1250 908 1278 lib.
935 1258 996 1281 vm,

214 1303 275 1331 cap.
288 1296 322 1322 59
338 1303 345 1321 :
360 1295 449 1328 Major
464 1295 604 1322 altitudine
618 1296 644 1322 in
655 1295 744 1323 eodem
758 1295 822 1322 Nilo
837 1295 924 1323 bellua
940 1296 999 1331 Ilip-

213 1346 367 1376 popotamus
393 1341 481 1368 editur
501 1349 509 1369 :
529 1342 636 1377 ungulis
657 1341 756 1376 biﬁdis,
779 1343 870 1377 quales
898 1342 997 1374 bubus,

213 1388 292 1415 dorsa
308 1389 376 1423 equi,
385 1393 410 1415 et
423 1388 497 1420 iuba,
511 1395 535 1416 et
549 1389 662 1421 hinnitu,
680 1394 764 1416 rostro
778 1390 883 1421 resima,
900 1389 997 1421 cauda,

214 1439 238 1460 et
253 1432 374 1460 dentibus
389 1441 524 1467 aprorum,
541 1433 651 1461 aduncis
668 1435 712 1461 sed
725 1435 810 1461 minus
830 1435 918 1462 noxiis
929 1443 939 1464 ;
950 1439 999 1462 ter-

213 1479 285 1514 goris
300 1479 335 1505 ad
347 1484 422 1506 scuta
443 1480 800 1515 galeasque~impenetrabilis
816 1486 997 1516 praeterquam

213 1524 238 1551 si
254 1523 362 1553 humare
377 1524 493 1552 madeat.
522 1525 679 1559 Depascilur
695 1531 804 1561 segetes,
823 1526 997 1553 destinatione

213 1576 283 1604 ante,
301 1576 330 1598 ut
355 1571 453 1606 ferunt,
470 1571 659 1599 determinatus
676 1573 703 1599 in
729 1572 808 1604 diem,
824 1577 848 1599 et
873 1581 906 1599 ex
933 1580 996 1608 agro

214 1618 357 1652 ferentibus
373 1617 499 1653 vestigiis,
516 1626 546 1644 ne
557 1626 614 1653 qua:
625 1618 762 1644 revertenti
772 1618 877 1645 insidiw
891 1626 997 1652 compa-

214 1668 314 1690 rentur.
332 1662 365 1689 Et
391 1663 437 1690 lib.
457 1671 494 1695 ix,
511 1671 571 1698 cap.
594 1663 637 1695 ll,
660 1664 768 1691 diversa
788 1663 822 1690 ab
842 1664 946 1691 Achille
969 1669 996 1691 et

214 1708 357 1736 Eustathio
374 1709 479 1741 scribit,
499 1709 707 1744 hippopotamos
724 1710 866 1741 duntaxat,
884 1711 954 1737 sicut
969 1715 996 1737 ct

213 1754 313 1782 vitulos
325 1754 459 1789 aquatiles
471 1754 545 1782 corio
553 1759 580 1782 et
591 1754 653 1789 pilis
670 1755 763 1789 integi.
780 1754 815 1782 De
828 1754 878 1782 hoc
892 1755 997 1782 Aristo-

213 1799 291 1832 teles,
308 1798 346 1827 De
359 1799 421 1827 Itist.
438 1799 519 1827 anim.
538 1799 584 1827 lib.
598 1807 629 1831 ιι,
645 1807 704 1834 cap.
717 1800 866 1832 7;Strabo,
881 1801 930 1828 lib.
944 1809 995 1833 xv;

212 1846 333 1874 Joannes
361 1846 426 1876 Leo.
454 1842 644 1881 Descriptionis
682 1846 779 1881 Africae
808 1847 854 1873 lib.
882 1855 925 1879 Ix,
949 1847 996 1882 qui

213 1893 296 1919 etiam
313 1900 361 1920 eos
376 1892 480 1928 depiles
497 1899 558 1919 esse
574 1892 679 1919 scribit.
693 1891 731 1919 De
749 1892 809 1927 ejus
825 1893 851 1919 in
869 1897 996 1928 parentes

213 1938 352 1972 impietate
369 1941 396 1965 ct
420 1937 556 1972 injuslitia
573 1937 748 1969 Plutarchus,
764 1939 810 1966 lib.
830 1938 865 1965 De
887 1938 997 1966 solertia

214 1984 312 2014 anim.;
325 1987 352 2011 et
366 1983 503 2018 quomodo
519 1983 668 2018 symbolice
687 1988 763 2011 notet
787 1984 994 2019 impudentiam.

214 2028 298 2061 Idem,
308 2029 356 2056 lib.
373 2030 408 2056 De
418 2029 499 2056 Iside.
512 2029 580 2055 Vide
592 2028 741 2062 ᾹΞΙίίιιιιιιιι,
755 2030 802 2056 lib.
818 2037 867 2062 vn,
880 2037 939 2064 cap.
951 2029 994 2060 l9.

214 2075 252 2102 De
276 2075 338 2103 hist.
361 2076 462 2108 anim.,
476 2081 503 2103 et
530 2079 627 2110 prmter
647 2080 758 2103 cancros
779 2075 892 2108 llorum,
918 2075 956 2103 lib
975 2084 995 2106 ι.

213 2129 273 2156 cap.
294 2122 337 2148 16.

1051 199 1170 232 diversa,
1185 199 1285 235 legitur
1294 199 1366 235 apud
1379 199 1499 235 Longum
1509 200 1672 235 sophistam,
1685 198 1737 226 lib.
1753 206 1763 225 ι
1779 198 1851 224 Ποι-

1049 245 1180 281 μενικῶν,
1197 246 1223 272 in
1239 253 1292 280 quo
1308 246 1390 273 simili
1405 245 1468 272 dolo
1482 250 1605 281 pastores
1616 246 1698 280 lupos
1711 244 1847 279 capiunt.

1083 292 1142 319 Col.
1155 291 1218 323 7‘28,
1230 292 1278 319 lin.
1292 292 1319 319 3.
1330 293 1470 326 Δεύτερον
1478 292 1563 325 βοός.
1573 291 1645 319 Cave
1658 291 1735 318 hunc
1745 290 1848 317 locum

1048 339 1085 365 ita
1101 338 1249 373 intelligas,
1269 343 1299 365 ut
1313 338 1535 374 hippopotamum
1548 337 1741 374 magnitudine
1755 344 1848 371 supe-

1048 384 1104 411 rari
1120 384 1270 417 existimes,
1289 391 1323 411 ea
1344 384 1416 411 enim
1439 384 1586 411 maximum
1601 390 1772 418 quemquem
1789 382 1847 409 bo-

1049 437 1108 457 vem
1131 430 1290 465 tequiparat.
1313 430 1430 457 Achilles
1454 430 1567 462 Statius,
1589 429 1706 465 μέγεθος
1719 428 1749 454 δὲ
1766 428 1847 454 κατὰ

1049 476 1112 511 βοῦν
1128 476 1173 503 τὸν
1190 476 1326 511 μέγιστον.
1341 475 1431 509 Quare
1446 476 1536 502 locum
1554 475 1627 502 hunc
1648 474 1686 501 ita
1706 474 1846 504 restituo.

1048 522 1154 549 vitietur
1169 523 1241 550 eniln
1265 523 1386 553 mutilus,
1409 522 1463 548 Καὶ
1483 523 1506 548 οἱ
1526 521 1655 556 θηρευταὶ
1671 520 1757 550 εὐθὺς
1771 519 1847 545 ἀπθ-

1049 569 1177 594 κλείουσι.
1198 569 1253 595 Καὶ
1273 568 1330 595 ἐστι
1352 568 1400 603 μὲν
1422 569 1462 599 εις
1480 567 1564 602 ἀλκὴν
1585 566 1732 601 ἐλέφαντος
1754 565 1845 591 Ἰνδοῦ

1048 614 1181 650 δεύτερον·
1196 613 1256 648 βοὸς
1269 614 1298 640 δὲ
1311 613 1367 648 ἔχει
1382 613 1412 639 τὸ
1425 613 1518 649 θηρίον
1530 613 1560 639 τὸ
1578 611 1702 648 μέγεθος.

1084 659 1164 691 lbid.,
1180 660 1218 686 lin
1244 660 1270 687 5.
1289 660 1336 686 Ἐν
1345 659 1379 686 δὲ
1388 659 1450 691 τοῖς
1459 659 1559 693 ἰχθύσι
1571 657 1672 690 πολλή
1695 665 1753 689 τις.
1773 656 1845 682 Ari—

1049 705 1161 732 stoteles
1176 709 1267 732 tamen
1279 705 1318 731 De
1333 705 1498 739 generatione
1512 704 1607 734 anim.,
1619 703 1666 730 lib.
1678 710 1722 733 ιιι,
1732 709 1797 736 cap.
1814 701 1844 734 I,

1050 749 1166 784 piscium
1177 754 1302 776 naturam
1315 749 1481 784 lrigidiorem
1496 755 1557 775 esse
1573 747 1700 779 allirmat,
1717 746 1845 780 ideoque

1051 794 1087 820 ita
1102 794 1157 821 illis
1170 794 1242 821 sicut
1261 798 1287 821 et
1310 794 1406 821 avibus
1426 797 1567 820 menstrua
1582 792 1657 819 nulla
1671 791 1798 827 prodire.
1812 795 1844 818 ct.

1050 843 1213 874 conceptum
1237 840 1389 867 consistere
1404 839 1462 866 sine
1481 839 1570 871 coitu;
1586 842 1613 866 et
1628 838 1676 865 lib.
1688 845 1751 870 vnl,
1773 844 1843 872 cap.

1052 886 1094 917 l9,
1112 885 1150 912 De
1163 886 1256 912 histor.
1271 885 1364 916 anim.,
1381 885 1470 919 pisces
1485 884 1512 911 in
1530 884 1597 911 locis
1614 882 1722 918 frigidis
1736 889 1843 917 parum

1050 931 1151 966 vigere.
1170 930 1259 964 Quare
1277 930 1387 957 minime
1403 930 1502 956 mirum
1516 933 1558 957 est
1581 929 1698 964 gelidam
1715 928 1842 954 hiemem

1051 984 1145 1003 omnes
1161 976 1274 1007 sentire,
1291 975 1462 1009 maximeque
1477 982 1536 1006 eos,
1555 974 1601 1009 qui
1617 973 1734 1008 lapidem
1751 972 1843 999 habe-

1050 1030 1078 1049 re
1096 1023 1124 1049 in
1141 1022 1229 1056 capite
1243 1022 1437 1049 existimantur
1453 1030 1460 1048 :
1476 1024 1504 1048 et
1525 1027 1588 1047 cum
1605 1026 1713 1054 asperae
1728 1018 1842 1044 hiemes

1051 1068 1160 1095 luerunt
1185 1067 1286 1095 multos
1311 1075 1398 1095 caecos
1419 1070 1514 1102 captos
1529 1065 1624 1097 fuisse,
1642 1065 1678 1092 ita
1698 1063 1843 1092 referente

1050 1113 1137 1140 Plinio
1148 1113 1195 1140 lib.
1211 1121 1250 1145 ιι,
1266 1121 1326 1148 cap.
1343 1113 1393 1146 16;
1407 1121 1439 1140 ex
1452 1112 1598 1140 Aristotele
1609 1110 1647 1137 De
1659 1110 1722 1136 hist.
1737 1110 1842 1140 anim.,

1051 1160 1098 1186 lib.
1117 1167 1178 1191 vm,
1198 1167 1259 1194 cap.
1280 1159 1329 1192 l9;
1345 1161 1439 1193 sicque
1453 1159 1495 1185 bis
1511 1157 1654 1185 mensibus
1663 1156 1757 1190 jacere
1775 1162 1843 1190 spe-

1051 1205 1139 1232 luncis
1153 1205 1290 1238 conditos,
1312 1205 1381 1232 alios
1397 1204 1499 1236 arenis,
1513 1204 1581 1231 alios
1596 1209 1726 1230 saxorum
1749 1209 1842 1235 angu-

1050 1250 1121 1277 stiis.
1134 1250 1187 1278 Ubi
1202 1257 1266 1277 vero
1278 1249 1435 1284 temperiem
1448 1249 1530 1282 aeris,
1542 1245 1569 1276 οὶ
1582 1248 1667 1276 maris
1678 1246 1842 1282 tranquilli-

1050 1300 1132 1324 tatem
1160 1296 1364 1330 praesenserint,
1386 1295 1516 1322 continuo
1544 1303 1574 1322 se
1595 1294 1694 1322 eﬂ'erre
1709 1294 1842 1321 choreas-

1050 1351 1103 1377 que
1118 1342 1227 1369 ducere.
1242 1342 1417 1370 Cultissimus
1431 1341 1567 1373 Elianus,
1578 1341 1626 1368 lib.
1649 1348 1688 1372 Ix,
1705 1347 1767 1374 cap.
1783 1339 1838 1366 57:

1057 1389 1100 1415 ‘Ev
1114 1388 1143 1415 δὲ
1159 1388 1197 1423 τῷ
1211 1387 1325 1423 χειμῶνι
1340 1387 1496 1422 βιαιοτάτῳ,
1515 1385 1700 1422 κυμαινούσης
1723 1385 1772 1420 μὲν
1786 1385 1840 1419 τῆς

1051 1434 1198 1468 Θαλάσσης,
1214 1433 1330 1469 σκληρόν
1349 1441 1381 1468 γε
1396 1432 1449 1459 τῶν
1464 1433 1571 1468 ἀνέμων
1587 1433 1634 1459 καὶ
1650 1432 1738 1467 βίαιον
1751 1440 1841 1458 κατα-

1051 1480 1194 1512 πνεόντων,
1209 1480 1348 1516 φρίττουσι
1358 1481 1407 1516 τὴν
1420 1480 1566 1515 σύντροφόν
1582 1487 1612 1505 τε
1623 1479 1681 1514 ἅμα
1696 1479 1745 1505 καὶ
1756 1478 1840 1513 φίλην

1048 1528 1071 1553 οἱ
1089 1526 1178 1562 ἰχθύες
1197 1526 1341 1554 Θάλατταν.
1360 1527 1415 1553 Καὶ
1431 1527 1455 1553 οἱ
1478 1526 1527 1561 μὲν
1548 1525 1637 1552 αὐτῶν
1654 1526 1711 1557 τοῖς
1733 1533 1839 1560 πτερυ-

1046 1572 1117 1607 γίοις
1140 1571 1299 1607 ἐπαμῶνται
1321 1571 1370 1607 τὴν
1384 1571 1511 1607 ψάμμον,
1537 1571 1584 1597 καὶ
1605 1570 1720 1602 ἑαυτοὺς
1735 1570 1840 1605 ἐπηλυ-

1047 1619 1181 1652 γάσαντες
1201 1618 1412 1645 ὑποοάλπουσιν·
1431 1618 1456 1644 οἱ
1473 1617 1500 1644 δὲ
1517 1616 1690 1644 ὑπειλοῦνταί
1706 1625 1768 1643 τινα
1787 1616 1839 1641 πέ-

1047 1673 1125 1700 τραν,
1138 1665 1166 1690 ἐν
1178 1664 1266 1700 σκέπῃ
1280 1672 1309 1689 τε
1319 1663 1365 1690 τοῦ
1376 1663 1483 1698 κρύους,
1493 1663 1538 1689 καὶ
1546 1660 1575 1688 εὖ
1586 1662 1658 1697 μάλα
1667 1670 1698 1695 γε
1709 1661 1839 1696 ἀσμένως

1048 1708 1238 1744 ἡσυχάζουσιν·
1257 1709 1280 1735 οἱ
1297 1708 1326 1734 δὲ
1341 1708 1370 1739 ἐς
1383 1708 1445 1739 τοὺς
1461 1707 1561 1743 μυχοὺς
1574 1707 1622 1734 τοῦ
1638 1706 1774 1741 πελάγους
1787 1714 1839 1732 κα-

1046 1756 1196 1786 ταθέοντες,
1217 1753 1276 1781 εἶτα
1291 1754 1341 1789 τὴν
1360 1753 1461 1781 ἄνωθεν
1482 1753 1582 1789 φρίκην
1599 1752 1740 1786 ἐξέκλιναν
1760 1753 1838 1779 κάτω

1047 1801 1094 1828 καὶ
1105 1801 1134 1827 ἐν
1147 1800 1229 1836 βυθῷ.
1242 1801 1297 1835 Οὐχ
1314 1799 1400 1830 οὕτως
1421 1799 1476 1834 γάρ
1490 1807 1582 1833 φασιν,
1600 1798 1694 1834 ὥσπερ
1717 1796 1764 1825 οὖν
1781 1798 1838 1825 ἂνω

1046 1847 1198 1875 διοιδαίνειν
1214 1856 1244 1873 τε
1266 1847 1312 1873 καὶ
1321 1845 1432 1872 τύπτειν
1442 1845 1473 1872 τὸ
1482 1845 1557 1880 κῦμα
1568 1846 1718 1880 ἀγριαῖνον.
1734 1845 1837 1880 Ὑπειρ-

1048 1894 1160 1930 χομένου
1171 1894 1200 1921 δὲ
1216 1893 1263 1920 τοῦ
1281 1891 1357 1929 ἦρος,
1376 1893 1422 1919 καὶ
1437 1891 1484 1918 τοῦ
1501 1892 1550 1926 μὲν
1565 1891 1645 1926 ἀέρος
1662 1891 1776 1926 φαιδροῦ
1790 1899 1837 1924 γε-

1047 1939 1170 1975 νομένου,
1186 1938 1240 1965 τῶν
1259 1938 1287 1964 δὲ
1309 1938 1400 1972 φυτῶν
1414 1937 1520 1964 θάλλειν
1535 1936 1704 1972 ἀρχομένων,
1720 1936 1768 1962 καὶ
1780 1935 1835 1963 ’τῶν

1047 1985 1184 2020 λειμώνων
1200 1984 1234 2011 τὰ
1251 1985 1386 2019 σύντροφα
1401 1983 1556 2019 κομώντων,
1572 1983 1678 2018 γαληνὰ
1692 1991 1722 2008 τε
1738 1981 1775 2009 τὰ
1787 1981 1833 2009 τοῦ

1048 2032 1181 2066 πελάγους
1193 2033 1239 2058 καὶ
1247 2031 1360 2058 ὑπεύδια
1370 2030 1524 2066 αἰσθόμενοι
1534 2030 1558 2056 οἰ
1574 2028 1674 2063 ἰχθύες,
1689 2028 1834 2054 ἀναθέουσι

1047 2079 1095 2105 καὶ
1112 2077 1225 2113 πηδῶσι,
1241 2077 1287 2103 καὶ
1302 2077 1414 2112 πλησίον
1427 2077 1474 2111 τῆς
1485 2076 1535 2110 γῆς
1548 2076 1675 2110 νήχονται
1689 2074 1832 2109 ὠσπεροῦν

1047 2125 1159 2159 ἥκοντες
1182 2124 1210 2156 ἐξ
1235 2123 1400 2159 ἀποδημίας.
1424 2122 1479 2150 Nec
1503 2126 1646 2156 propterea
1670 2121 1832 2147 Aristoteles

249 2166 329 2198 lbid.,
344 2166 391 2193 lin.
407 2167 450 2193 si.
463 2160 518 2193 Kal
538 2167 623 2193 ἐστιν
643 2166 885 2201 ἀδημαγώτατον.
903 2165 994 2192 Achil-

1052 2174 1128 2205 ncgat
1147 2170 1236 2204 pisces
1251 2178 1363 2198 voraces
1375 2177 1436 2197 esse
1446 2172 1474 2196 et
1484 2170 1605 2204 gulosus,
1615 2167 1663 2195 sed
1673 2167 1700 2194 id
1709 2167 1744 2194 ad
1751 2167 1830 2194 aliam

213 2212 253 2240 les
268 2212 383 2245 Statius,
395 2212 442 2239 lib.
459 2220 502 2238 Iv:
518 2212 629 2247 Πρῶτον
648 2212 697 2247 μὲν
713 2212 764 2246 τὴν
780 2212 861 2246 φύσιν
879 2211 926 2238 τοῦ
946 2210 995 2246 θη-

213 2259 271 2296 ρίου
288 2258 456 2292 καταλέγων,
472 2257 533 2285 εἷτα
548 2257 652 2284 καὶτὸν
667 2258 766 2293 τρόπον
780 2259 829 2294 τῆς
843 2258 940 2293 ἄγρας,
959 2257 996 2288 ὥς

211 2305 269 2330 ἐστι
295 2305 344 2338 μὲν
363 2302 585 2338 ἁδηφαγώτατον,
615 2303 662 2328 καὶ⁸
682 2303 798 2328 ποιεῖται
821 2302 923 2338 τροφὴν
937 2300 996 2327 ὅλον

211 2348 295 2385 λήϊον.
309 2348 422 2376 Nonnus
436 2348 615 2384 Dionysiaoon
627 2348 674 2375 lib.
689 2355 750 2374 uri
765 2357 770 2374 :

368 2419 403 2425 —
419 2404 501 2437 ἐώιος
521 2404 611 2436 Ἰνδὸς
623 2403 785 2437 Ὑδάσπης.

211 2439 290 2483 δεῖοι
308 2439 516 2483 mammas.
534 2439 663 2483 6mg”,di
671 2439 746 2483 ρηόον
758 2438 836 2483 (ἐπιβῇ

211 2474 340 2508 Νιᾷχεται
359 2473 494 2507 Martial;-
508 2474 671 2508 ποτίιμιήϊος
687 2474 777 2508 ἵππος
794 2473 908 2507 ἀλήτης

214 2507 280 2541 nios
294 2509 367 2542 ἐμοῦ
387 2510 503 2536 Νείλοιο
518 2507 681 2542 θερειγειηεὲς
691 2507 777 2542 οἶδμα
788 2509 950 2542 χαράσσων

211 2544 344 2571 [ναιετάει
358 2544 477 2576 ,βυθίοιο
490 2544 526 2570 δι’
541 2543 649 2576 ὕδατος
666 2543 757 2577 ὑγρὸς
773 2543 874 2576 ὁδίτης

212 2578 386 2612 Μηκεδανὸς
399 2578 566 2613 τενέεσσιν,
583 2579 627 2605 ἐπ’
643 2578 787 2612 αἰγιαλοῖο
799 2578 832 2604 δὲ
843 2579 944 2610 ,ϐαίνει

212 2613 308 2647 Αἰχμῇ
324 2614 535 2647 καρχαρόδοντι
550 2613 707 2647 διίισχίζων
715 2613 806 2647 ῥάχιν
821 2614 898 2647 ὕλης

214 2650 266 2674 Kal
277 2647 337 2681 διρρ
342 2649 379 2680 ὴν
389 2648 557 2682 ἀχιὶρακτον
568 2648 645 2682 ἔχων
653 2647 743 2682 γένυν
751 2648 866 2682 ἅρπαγα
876 2648 996 2683 καρπῶν

213 2682 333 2716 Μιμηλῇ
347 2683 478 2717 δρεπάνῃ
492 2684 687 2717 σταχυηρόρα
698 2682 769 2715 λήῖα
784 2683 883 2717 τέμνει

220 2717 342 2750 Ὰμητὴρ
353 2717 496 2752 ἀσίδηρος
511 2719 720 2752 ἀμαλλοειιίρου
737 2719 875 2745 mustela.

214 2761 348 2793 Atilianus,
361 2763 408 2790 lib.
422 2771 448 2793 v.
463 2771 522 2798 cap.
539 2764 583 2796 5⁸5,
603 2769 629 2791 et
644 2764 756 2796 Plinius,
771 2765 817 2792 lib.
833 2773 889 2792 rut.

249 2805 329 2840 lbid.,
344 2807 391 2834 lin.
408 2808 450 2835 55.
477 2809 582 2844 Ἀπάτη
598 2809 632 2835 δὲ
648 2810 779 2843 θηρᾶται.
800 2810 899 2838 Eadem
915 2810 995 2838 habet

1048 2223 1170 2246 causam,
1182 2223 1235 2242 non
1247 2216 1278 2242 ad
1288 2215 1407 2242 calorem
1420 2214 1513 2245 refert,
1524 2221 1585 2248 qua:
1594 2218 1622 2241 et
1634 2213 1722 2248 magis
1733 2212 1833 2239 rerosi-

1048 2261 1120 2289 milis
1129 2262 1249 2295 videtur;
1259 2262 1328 2288 libro
1338 2261 1410 2289 enim
1421 2269 1462 2292 ιιι,
1473 2260 1511 2287 De
1521 2263 1591 2294 part.
1599 2260 1696 2290 anim.,
1704 2267 1766 2294 cap.
1778 2258 1809 2284 Η
1826 2280 1830 2284 ,

1049 2307 1134 2334 Genus
1146 2308 1257 2341 piscium
1273 2316 1357 2339 omne,
1370 2308 1493 2342 quoniam
1503 2306 1588 2333 cibum
1602 2306 1689 2332 minus
1705 2305 1830 2339 conﬁcere

1046 2354 1140 2388 possit,
1164 2354 1296 2388 crudaque
1320 2357 1417 2388 egerat,
1433 2357 1457 2379 et
1483 2358 1564 2378 corax
1592 2355 1617 2378 et
1635 2350 1761 2385 gulosum
1783 2354 1828 2376 est.

1048 2397 1151 2425 Ca'tera
1168 2398 1247 2425 etiam
1264 2398 1363 2429 omnia,
1375 2397 1470 2433 quibus
1481 2396 1606 2423 intestina
1622 2400 1685 2422 sunt
1698 2399 1782 2425 recta,
1795 2397 1830 2421 ci-

1048 2445 1138 2470 borum
1155 2444 1232 2471 avida
1242 2449 1311 2470 sunt.
1322 2443 1388 2471 Cum
1399 2444 1466 2470 enim
1478 2442 1551 2469 cibus
1565 2442 1683 2468 celeriter
1699 2446 1826 2476 egeratar,

1049 2490 1207 2525 proindeqae
1223 2490 1305 2516 brevis
1321 2498 1384 2517 usus
1400 2489 1560 2523 fruendis“,
1572 2488 1643 2514 brevi
1659 2492 1779 2522 repetant
1792 2487 1826 2512 ci-

1049 2536 1110 2563 bum
1121 2536 1198 2562 arida
1212 2544 1314 2563 necesse
1328 2540 1377 2564 est.

1082 2581 1160 2614 lbid.,
1179 2583 1228 2609 lin.
1249 2582 1274 2608 9.
1303 2582 1333 2609 ‘H
1350 2582 1383 2608 δὲ
1399 2581 1564 2614 θαλάσσιος
1584 2580 1721 2613 ἀλώπηξ.
1749 2579 1827 2607 Aliter

1047 2628 1098 2655 hoc
1115 2633 1207 2654 narrat
1219 2628 1343 2655 {Elianus
1358 2628 1396 2655 De
1410 2628 1471 2655 hist.
1488 2628 1639 2659 anim.,lib.
1657 2634 1767 2661 ix,cap.
1780 2625 1824 2659 l2;

1047 2673 1085 2700 ait
1094 2673 1165 2699 enim
1182 2673 1287 2707 vulpem
1300 2673 1431 2700 marinam
1448 2673 1527 2700 hamo
1538 2673 1668 2700 devorato
1684 2671 1777 2699 omnia
1792 2671 1826 2697 in-

1048 2719 1148 2745 teriora
1170 2726 1295 2746 evomere
1309 2723 1436 2754 tanquam
1452 2723 1553 2747 vestem
1571 2719 1766 2748 invertentem,
1779 2717 1824 2744 do-

1048 2772 1096 2790 nec
1118 2765 1227 2791 hamum
1254 2769 1356 2800 egerat.
1376 2765 1474 2793 deinde
1489 2765 1641 2794 resorberc.
1664 2765 1704 2792 Ex
1721 2763 1825 2794 Eliano

1046 2810 1191 2842 exscripsit
1206 2810 1282 2838 l‘hilc
1300 2812 1326 2838 in
1338 2811 1394 2838 Ian
1402 2812 1437 2840 'Iis
1451 2820 1459 2838 :
