1903 3068
31 112 79 140 δερ

82 170 138 207 Th}-
155 170 307 207 κερδαλῆν
320 171 353 198 δέ
366 179 439 206 φασι
455 173 512 207 τὴν
524 176 696 204 θαλαττίαν.

80 205 290 244 ῖοῖς-ὲγιςάτοις
304 205 464 244 ἄγκιστρον
471 205 718 244 νέἱσδεὸεγμέτ-ην,

76 240 178 280 ξρρῷς
191 240 305 280 ἐαυτῂν
318 241 376 268 τῶν
387 240 436 280 dif
446 243 481 275 ἐξ
489 240 740 280 ἐνδονρὶρὲῥεικ,

82 276 126 313 ille
139 275 305 313 ἱματισμῶγ
317 277 451 313 λσηρικῶν
463 275 657 313 ύφασμάτωᾶθ,

84 310 128 343 Ὡς
143 310 182 337 ἂν
198 312 215 337 ό
231 311 343 345 χαλκὸς
355 310 496 348 ἐμπαγεὶξ-
512 310 665 349 διὲκπέσῄ.

31 366 78 393 Nec
94 367 183 393 minus
195 367 347 395 oscitanter
362 369 386 395 id
408 369 479 397 idem
506 371 617 406 scripsit
635 370 808 405 Plutarchus,

31 411 145 446 Dialogo,
159 411 258 439 Utrum
280 413 468 448 prudentiora,
487 419 541 443 etc.
559 416 615 444 Hos
631 424 695 452 ergo
711 418 809 445 confu-

31 457 97 484 disse
107 457 209 491 pisces,
226 462 255 485 et
266 459 339 493 quod
353 464 412 486 erat
426 461 507 488 unius
521 462 599 490 alteri
614 463 755 496 tribuisse,
770 472 810 492 sa-

31 504 62 529 tis
79 503 159 538 liquet
194 512 230 531 ex
257 506 298 532 his
314 513 374 540 qua:
390 514 423 533 ex
445 508 591 536 Aristotele
610 509 726 544 aliisque
741 511 810 537 scri-

32 549 146 583 ptoribus
164 549 344 578 adducemus.
364 552 523 580 Aristoteles
537 555 608 580 enim
620 554 809 582 disertissimis

32 594 112 621 verbis
128 594 166 621 De
180 595 277 623 histor.
292 597 386 629 anim.,
403 598 449 625 lib.
463 606 500 629 ix,
516 606 575 634 cap.
591 599 640 626 57:
655 600 705 626 Ἦν
720 600 748 627 δὲ
762 609 811 627 κα-

32 638 98 665 λοῦσι
124 640 335 677 σκολόπενδραν,
359 643 423 669 ὅταν
452 645 571 680 καταπίῃ
598 645 628 671 τὸ
653 645 808 681 ἄγκιστρον,

31 686 183 720 ἐκτρέπεται
196 687 233 714 τὰ
253 689 327 720 ἐντὸς
337 710 344 721 ,
371 690 449 721 ἐκτὸς
468 690 520 722 ἕως
536 690 568 718 ἂν
582 691 699 726 ἐκϐάλλῃ
717 691 747 718 τὸ
762 692 811 726 ἆγ-

32 740 141 767 κιπρον,
168 731 219 759 εἷθ’
246 733 333 766 οὕτως
360 736 532 771 εἰστρὲπεται
556 736 636 763 πάλιν
663 737 747 769 ἐντός.
777 737 811 765 Et

32 775 136 808 Plinius,
156 777 205 804 lib.
223 785 262 811 rx,
287 786 348 814 cap.
368 780 422 806 ὧδε
438 780 623 816 Scolopendrw
642 783 809 810 terrestribus

33 822 130 856 similes,
141 831 209 858 quas
221 825 368 859 centipedes
382 832 484 859 vocant,
497 828 574 856 hamo
588 828 710 856 devorato
722 830 810 856 omnia

33 869 156 896 interanea
169 876 304 905 evomunt,
319 872 400 900 donec
415 873 521 900 hamum
535 880 650 909 egerant,
662 875 754 902 deinde
768 884 810 902 re-

33 913 138 941 sorbent.
151 915 186 942 Αι
202 918 292 950 vulpes
308 918 419 945 marina:
434 919 516 945 simili
530 920 556 946 in
567 920 682 954 periculo
697 920 811 956 glutiunt

33 960 145 993 amplius,
163 970 246 996 usque
268 963 303 989 ad
322 963 429 997 inﬁrma
446 964 523 992 linew
540 973 598 1000 qua:
619 966 698 1000 facile
711 974 811 1000 praero-

33 1005 104 1037 Δαηι;
121 1010 147 1033 et
160 1006 303 1042 Oppianus
324 1009 450 1037 Ἀλιευτ.
468 1011 514 1038 lib.
528 1019 559 1038 ιιι
576 1021 581 1038 :

34 1053 168 1093 έὲαιψηριιὶ
177 1054 203 1080 δ’
214 1055 299 1093 ἀμίαι
309 1056 357 1093 καὶ
370 1056 531 1089 ἀλώπεκες.
545 1056 579 1084 εὖ
588 1059 611 1085 τ’
624 1058 662 1093 ἂν
674 1059 809 1093 ἔχονται,

35 1088 122 1121 Εὐθὺς
140 1088 200 1116 ἂνω
222 1088 412 1118 άπεύὃουσιν
430 1088 616 1127 ὺποφθαδὸν,
633 1088 710 1128 αἷψᾶ
726 1094 760 1120 δὲ

39 1157 146 1203 ρμμιὴν
159 1159 210 1203 ὐζί
227 1160 332 1200 ὀδοῦσ]
350 1160 586 1203 διέτμαγον-,ᾐδὲ
597 1163 647 1203 real
658 1128 810 1203 ‘Jgg‘fggny

34 1192 131 1232 ξιιίζᾳς
141 1195 275 1232 ’τοῦνεκα
292 1195 382 1232 τῇσιν
396 1192 613 1232 ἐάαᾷκεῢάανί
628 1192 729 1232 άλιῆὲς

35 1228 123 1254 sum
134 1229 179 1254 ἐπ’
192 1228 343 1265 ἀγκίστρῴ
358 1228 555 1267 δολίᾇίώτερον
566 1233 659 1268 ἄλγος
669 1228 808 1261 ὀδόν-των.

35 1273 98 1303 Quos
111 1274 191 1301 etiam
206 1279 302 1303 noster
318 1277 362 1304 hic
379 1282 475 1305 auctor
488 1279 630 1313 sequiturf;
650 1283 676 1306 et
690 1279 726 1306 ita
745 1287 811 1307 sane

36 1325 82 1343 rem
99 1318 242 1347 sehabere
262 1325 337 1348 certo
360 1323 462 1350 certius
480 1323 627 1351 tenendum
652 1327 704 1352 est.
727 1323 810 1351 Error

35 1367 114 1390 autem
137 1364 251 1398 IEliani,
273 1366 413 1395 Plutarchi
432 1373 458 1395 et
483 1369 599 1396 aliorum
621 1369 685 1397 inde
702 1370 811 1397 videtur

36 1407 143 1436 lluuisse.
160 1409 228 1437 Nam
245 1418 308 1437 cum
320 1412 348 1438 in
364 1416 440 1440 textu
457 1412 625 1446 Aristotelis,
641 1421 656 1441 a
668 1422 722 1449 quo
736 1422 812 1442 acce-

35 1459 121 1486 perunt
136 1463 195 1488 sua,
213 1456 267 1491 ipsi
284 1457 414 1493 legissent
426 1459 535 1493 vulpem
554 1459 698 1491 marinam,
714 1460 808 1487 eodem

36 1500 106 1527 modo
116 1509 146 1528 ac
155 1503 328 1538 centipedem
341 1504 451 1532 hamum
463 1505 593 1540 ell‘ugere,
607 1505 667 1532 Τῶν
678 1505 700 1532 δ’
712 1505 810 1540 ἰχθύων

36 1544 57 1569 αἱ
77 1546 271 1582 ὀνομαζόμεναι
289 1548 438 1586 ἀλώπεκες,
460 1552 524 1578 ὅταν
544 1551 700 1584 αῐσθωνται,
718 1553 759 1578 ὅτι
778 1552 809 1579 τὺ

37 1590 170 1627 ἄγκιστρον
201 1594 436 1628 καταπεπώκασι,
467 1596 594 1632 βοηθοῦσι
623 1598 690 1633 πρὸς
719 1598 807 1632 τοῦτο,

35 1635 118 1672 ὥσπερ
138 1638 184 1664 καὶ
206 1640 223 1674 ἠ
246 1640 436 1677 σκολόπενδρα,
459 1642 536 1671 hisce
559 1643 649 1671 verbis
674 1645 807 1676 contenti,

36 1683 128 1718 reliqua
147 1686 230 1714 verba
253 1687 409 1715 Aristotelis
435 1689 632 1724 neglexerunt,
657 1690 684 1717 in
709 1691 808 1725 quibus

36 1726 168 1757 discrimen
183 1731 304 1766 explicat
317 1752 325 1765 ,
340 1732 456 1768 ideoque
470 1735 542 1769 quod
558 1739 616 1762 erat
629 1735 808 1763 tribuendum

36 1775 210 1810 centipedibus
226 1778 269 1805 vel
288 1779 487 1814 scolopendris,
502 1781 578 1815 vulpi
602 1782 715 1809 marina:
727 1782 809 1810 dede-

37 1824 100 1854 runt,
115 1826 141 1849 et
155 1823 326 1852 inverterunt
338 1825 482 1853 historiam
496 1835 503 1860 ;
520 1826 563 1854 vel
578 1827 674 1854 saltem
690 1827 808 1861 primum

37 1869 155 1896 memoria
166 1870 273 1906 lapsum
289 1871 494 1905 aﬂirmabimus,
505 1877 620 1901 caeteros
631 1874 722 1901 verbis
734 1873 808 1900 illius

37 1911 143 1944 delusos.
156 1916 213 1944 Huc
224 1918 332 1945 videtur
343 1918 468 1946 allusisse
477 1918 615 1952 Horatius,
624 1918 652 1952 2,
663 1919 807 1947 Serm.sat.

251 1978 286 1983 -—
301 1963 331 1990 Si
343 1964 416 1998 vafer
432 1972 498 1991 unus
514 1969 538 1991 et
550 1964 617 1992 alter

38 2001 209 2034 Insidiatorem
222 2016 338 2042 prwroso
354 2009 448 2044 fugerit
465 2010 585 2038 hamum.

39 2047 184 2081 Theodorus
199 2054 273 2082 Gaza
294 2055 322 2082 in
338 2055 520 2084 Aristotelicis
533 2056 682 2088 vertendis,
697 2056 807 2084 Aristo-

38 2096 89 2124 telis
103 2101 262 2127 sententiam
278 2109 334 2128 non
346 2101 491 2136 expressit,
507 2101 541 2128 de
557 2109 663 2136 suoque
678 2102 807 2129 nonnulla

38 2141 136 2175 addidit}
151 2154 211 2180 qua:
228 2147 255 2174 in
282 2147 428 2174 Aristotele
451 2154 506 2174 non
531 2147 678 2174 habentur.
701 2147 808 2175 Anthia:

536 117 568 144 IN
589 116 774 144 EUSTATHII
796 116 1030 145 HEXAEMERON
1054 117 1167 146 ΝΟΤίΕ.

825 179 849 206 Α
897 175 977 209 lbid.,

1593 121 1644 149 890

1007 177 1056 204 lin.
1073 177 1120 203 τι.
1145 177 1214 211 Περὶ
1230 177 1284 212 γὰρ
1309 177 1367 212 τὴν
1382 178 1519 214 γαστέρα.
1540 164 1661 220 Plinius‘~

862 221 910 248 lib.
934 230 993 254 VIII,
1013 230 1074 257 cap.
1100 223 1153 250 15:
1173 222 1207 249 Et
1233 223 1362 257 unguibus
1391 224 1432 251 hic
1459 229 1578 253 armatus
1593 232 1643 257 eu.
1660 224 1661 227 “

859 273 953 296 contra
967 277 1055 296 omnes
1065 271 1132 297 ictus
1145 275 1202 297 cute
1213 271 1327 303 invicta;
1340 275 1366 299 et
1377 272 1506 301 inferius:
1517 273 1549 300 In
1559 279 1646 301 ventre

860 315 949 342 mollis
972 319 1012 342 est
1028 316 1163 350 tenuisque
1188 316 1256 343 cutis
1279 317 1420 344 crocodilo.
1438 317 1556 346 Consule
1577 318 1645 346 Soli-

859 367 936 391 num,
958 364 983 387 et
1002 360 1071 388 alios
1091 360 1137 395 qui
1156 361 1190 388 de
1214 361 1353 389 crocodilo
1381 363 1512 390 scribunt.
1528 362 1646 399 Ideoque

859 406 980 442 delphini
1005 406 1167 434 immeantes
1191 406 1267 439 Nilo,
1284 415 1401 442 quorum
1420 407 1503 435 dorso
1517 413 1645 444 tanquam

859 451 894 478 ad
920 452 993 479 hunc
1015 460 1096 479 usum
1112 453 1252 480 cultellata
1272 452 1343 480 inest
1367 453 1460 487 pinna,
1486 454 1645 487 subeuntes,

859 498 1061 525 crocodilorum
1090 498 1180 525 alvum
1220 498 1265 525 illa
1292 503 1385 526 secant
1406 499 1494 533 spina.
1522 499 1644 532 Solinus,

859 541 906 569 lib.
925 549 1013 568 xxxv:
1031 541 1078 568 Est
1096 546 1120 569 et
1136 541 1286 576 delphinum
1302 551 1382 577 genus
1400 543 1426 569 in
1447 542 1520 575 Nilo,
1535 552 1647 579 quorum

860 588 940 615 dorsa
955 591 1072 614 serratos
1086 587 1181 615 habent
1204 588 1311 616 cristas.
1329 588 1365 614 Hi
1378 588 1510 623 delphines
1529 591 1646 618 crocodi-

861 634 900 661 los
928 634 1016 661 studio
1036 634 1144 661 eliciunt
1162 634 1197 661 ad
1220 635 1385 667 natandum,
1405 635 1568 671 demersique
1587 642 1647 664 astu

860 680 1028 714 fraudulento
1048 685 1137 708 tenera
1159 681 1288 708 ventrium
1319 681 1531 710 subternatantes
1558 688 1647 710 secant

860 729 884 752 et
906 725 1072 752 interimunt.
1095 725 1127 752 Hi
1147 726 1237 761 capita
1251 725 1402 759 hominum,
1420 735 1489 762 quos
1504 732 1647 763 vorarunt,

860 771 969 805 deﬂent,
981 776 1008 799 et
1021 776 1191 799 mortuorum
1208 772 1339 806 reliquias
1354 773 1507 808 deplorant,
1522 779 1552 801 ut
1566 775 1650 803 tradit

861 817 986 845 Asterius
999 817 1122 846 Amaseae
1145 818 1303 853 episcopus,
1326 827 1381 846 non
1405 819 1470 846 facti
1489 821 1649 855 poenitentia

861 862 994 895 adducti,
1018 862 1065 890 sed
1092 862 1215 891 dolentes
1238 863 1311 898 quod
1336 864 1425 899 ipsum
1457 869 1538 900 caput
1568 874 1650 895 carne

862 913 966 941 careat,
977 916 1059 944 quam
1072 909 1123 944 ipsi
1138 909 1270 936 devorent
1284 918 1291 936 :
1307 909 1419 937 homilia
1435 910 1468 938 de
1480 911 1601 946 jejunio:
1617 913 1649 940 Τί

863 964 904 982 σοι
916 955 1039 990 βούλεται
1053 956 1069 990 ἡ
1081 955 1200 990 νηστεία,
1214 956 1229 991 ἢ
1242 957 1305 988 τοὺς
1317 956 1452 992 Νειλῴους
1464 959 1649 993 κροκοδείλους

863 1001 1021 1037 μιμεῖσθαις
1043 1001 1091 1032 οὓς
1112 1010 1178 1036 φασι
1195 1003 1256 1033 ταῖς
1269 1001 1400 1037 κεφαλαῖς
1419 1003 1574 1039 ἐπιθρηνεῖν
1595 1005 1649 1032 τῶν

862 1047 1023 1083 ἀνθρώπων,
1039 1044 1076 1074 ὧν
1092 1046 1203 1082 ἔφαγον,
1222 1048 1269 1075 καὶ
1282 1048 1410 1085 δακρύειν
1425 1049 1471 1075 ἐπὶ
1487 1051 1543 1082 τοῖς
1558 1050 1646 1085 λειψά-

861 1101 915 1124 νοις
935 1093 988 1119 τῶν
1014 1093 1119 1127 φόνων,
1143 1093 1174 1119 οὐ
1203 1094 1348 1129 μετάνοιαν
1378 1094 1433 1122 τῶν
1459 1096 1649 1132 γεγενημένων

861 1138 1056 1173 λαμϐάνοντας,
1080 1138 1148 1165 ἀλλὰ
1170 1139 1202 1166 τὸ
1224 1139 1343 1175 ἄσαρκον
1365 1140 1415 1175 τῆς
1435 1141 1567 1176 κεφαλῆς,
1588 1143 1647 1178 ἐμοὶ

861 1187 959 1218 δοκεῖν,
975 1186 1164 1221 ὀδυρομένους,
1179 1186 1217 1218 ὡς
1232 1188 1270 1218 εἰς
1290 1187 1390 1223 βρῶσιν
1403 1187 1452 1214 οὐκ
1466 1188 1630 1224 ἐπιτήδειον.

896 1231 976 1264 lbid.,
991 1231 1040 1258 lin.
1057 1231 1102 1259 50.
1121 1231 1230 1258 Ἔδωκε
1243 1232 1276 1258 δὲ
1291 1233 1403 1266 αὐτοῖς.
1423 1233 1552 1266 Basilius,
1574 1234 1648 1261 hom.

862 1278 878 1305 8
889 1278 953 1304 :Atit
964 1278 990 1304 τί
1002 1276 1032 1309 ἐξ
1043 1277 1147 1303 ὑδάτων
1159 1277 1206 1303 καὶ
1219 1279 1276 1309 τοῖς
1287 1279 1397 1313 πτηνοῖς
1409 1279 1459 1314 τὴν
1473 1279 1579 1314 γένεσιν
1589 1279 1641 1306 ἔδω

861 1331 925 1355 κεν;
943 1323 1002 1349 Ὅτι
1019 1322 1113 1357 ὥσπερ
1134 1322 1279 1357 συγγένειά
1297 1325 1338 1355 τις
1352 1325 1410 1350 ἐστι
1423 1326 1478 1356 τοῖς
1492 1325 1649 1360 πετομένοις

861 1368 929 1404 πρὸς
941 1368 976 1395 τὰ
990 1368 1086 1403 νηκτά.
1102 1369 1158 1395 Καὶ
1169 1369 1224 1404 γὰρ
1235 1368 1328 1404 ὥσπερ
1342 1370 1366 1395 οἱ
1383 1369 1459 1405 ἰχθῦς
1472 1370 1501 1397 τὸ
1519 1369 1590 1405 ὕδωρ
1604 1370 1649 1397 τέ-

862 1422 969 1449 μνουσι,
987 1416 1021 1451 τῇ
1037 1414 1085 1449 μὲν
1100 1415 1207 1449 κινήσει
1222 1413 1275 1441 τῶν
1293 1415 1436 1450 πτερύγων
1454 1416 1495 1447 εἰς
1509 1416 1541 1442 τὸ
1557 1416 1650 1451 πρόσω

861 1459 1022 1495 χωροῦντες,
1037 1461 1070 1495 τῇ
1084 1460 1112 1486 δὲ
1123 1460 1170 1487 τοῦ
1185 1460 1294 1496 οὐραίου
1314 1460 1446 1496 μεταὸολῇ
1463 1461 1512 1493 τάς
1529 1470 1558 1488 τε
1575 1470 1638 1498 περι

862 1507 982 1543 στροφὰς
995 1507 1042 1534 καὶ
1056 1507 1104 1538 τὰς
1122 1507 1230 1538 εὐθείας
1247 1506 1336 1542 ὁρμὰς
1351 1507 1457 1538 ἑαυτοῖς
1474 1507 1649 1540 οἶακίζοντες-

860 1552 932 1579 οὓτω
951 1553 998 1579 καὶ
1018 1552 1133 1579 ἐπὶτῶν
1153 1553 1262 1588 πτηνῶν
1280 1553 1353 1580 ἔστιν
1372 1553 1434 1580 ἰδεῖν
1450 1553 1650 1589 διανηχομένων

859 1598 904 1624 τὸν
921 1597 990 1633 ἀέρα
1001 1599 1058 1629 τοῖς
1075 1599 1186 1633 πτεροῖς
1201 1598 1271 1624 κατὰ
1285 1597 1330 1624 τὸν
1344 1599 1436 1634 ὅμοιον
1452 1598 1562 1634 τρόπον·
1579 1598 1649 1625 ὥστε

859 1643 953 1679 ἐπειδὴ
971 1643 999 1670 ἒν
1019 1643 1116 1678 ιδίωμα
1136 1644 1164 1671 ὲν
1184 1644 1324 1679 ἑκατέροις
1337 1644 1368 1670 τὸ
1380 1645 1518 1680 νήχεσθαι,
1540 1645 1588 1680 μία
1608 1651 1649 1676 τις

859 1689 948 1720 αὐτοῖς
964 1689 980 1724 ὴ
993 1689 1136 1723 συγγένεια
1149 1689 1181 1715 ἐκ
1194 1689 1243 1724 τῆς
1254 1689 1306 1716 τῶν
1320 1689 1423 1717 ὑδάτων
1435 1690 1570 1724 γενέσεως
1580 1698 1649 1726 παρ-

859 1734 966 1770 εσχέθη.
988 1733 1090 1762 Praeter
1114 1734 1185 1761 hanc
1209 1735 1342 1762 rationem
1358 1735 1461 1769 optime
1477 1735 1647 1767 Aristoteles,

859 1779 897 1806 De
909 1780 971 1807 hist.
989 1780 1084 1812 anim.,
1099 1780 1147 1807 lib.
1160 1788 1199 1812 vi,
1213 1788 1273 1815 cap.
1287 1780 1331 1813 l0,
1343 1780 1462 1816 explicat
1477 1781 1593 1816 piscium
1605 1789 1648 1816 ge-

859 1826 995 1853 nerationi
1006 1833 1038 1853 ex
1053 1833 1105 1853 ovo
1121 1825 1188 1860 quid
1203 1826 1354 1858 diversum,
1368 1826 1488 1861 quidque
1502 1833 1648 1854 commune

862 1879 924 1899 cum
941 1872 1032 1899 avium
1047 1873 1254 1907 procreatione;
1274 1876 1301 1900 et
1318 1872 1366 1899 lib.
1380 1872 1419 1899 De
1434 1872 1516 1899 anim.
1534 1873 1645 1905 incessu,

859 1925 920 1952 cap.
931 1918 983 1945 i7:
1000 1919 1065 1945 Aves
1080 1923 1167 1945 autem
1181 1918 1384 1954 quodammodo,
1397 1923 1422 1945 et
1431 1919 1514 1953 pisces
1525 1918 1647 1946 similiter

860 1971 886 1990 se
895 1962 999 1989 habent.
1014 1963 1111 1990 Avibus
1120 1972 1231 1999 uanique
1246 1964 1296 1991 alia
1311 1965 1339 1991 in
1349 1965 1478 2000 superiori
1492 1970 1644 2000 suntparte,

860 2006 915 2032 illis
930 2013 989 2032 vero
1011 2005 1099 2040 pinna:
1116 2005 1175 2032 duce
1189 2011 1264 2040 parte
1281 2014 1375 2040 prona,
1392 2011 1416 2033 et
1436 2006 1526 2033 avibus
1543 2006 1647 2042 quidem

859 2049 888 2076 in
905 2050 1001 2084 supina
1014 2050 1132 2084 corporis
1142 2055 1217 2085 parte
1239 2055 1299 2077 sunt
1315 2050 1402 2084 pedes,
1420 2050 1476 2077 illis
1489 2059 1547 2077 vero
1563 2051 1590 2077 in
1601 2059 1647 2078 su-

859 2096 929 2130 pinis
940 2096 1022 2130 juxta
1034 2105 1133 2130 pronas
1147 2098 1234 2131 pinnae
1243 2101 1304 2124 sunt
1317 2096 1448 2131 pluribus,
1463 2101 1488 2124 et
1502 2106 1559 2124 aves
1573 2105 1646 2133 prte-

862 2147 932 2170 terea
948 2144 1105 2179 uropygium
1123 2143 1228 2175 habent,
1244 2142 1284 2169 illi
1300 2150 1358 2169 vero
1374 2143 1496 2170 caudam.
1511 2143 1582 2170 Aves
1598 2151 1648 2170 au-

37 2195 133 2224 quoque
145 2192 248 2225 funem,
263 2194 305 2220 vel
324 2194 423 2221 lineam
440 2194 617 2228 abrumpunt,
629 2201 684 2220 non
701 2202 748 2221 ore
760 2194 807 2221 sed
823 2195 845 2222 D
861 2194 914 2218 tem
931 2198 964 2217 ex
980 2190 1057 2224 aquis
1079 2189 1165 2217 fuisse
1185 2189 1335 2224 productas
1350 2189 1517 2223 probabilior
1539 2188 1647 2216 videtur

37 2233 113 2267 Spinis
132 2239 197 2272 tergi
221 2238 380 2266 dissectum.
398 2238 514 2267 Ovidius
534 2239 561 2266 in
578 2239 730 2274 fragmento
747 2239 804 2266 Ila-

39 2278 111 2313 lieut.,
123 2288 149 2310 et
163 2284 315 2320 Oppianus,
331 2285 379 2312 lib.
397 2293 437 2312 ιιι.
450 2283 527 2312 Phile
541 2286 569 2312 in
588 2284 689 2312 lumbis
707 2285 807 2313 similia

38 2326 109 2354 tradit
122 2328 153 2356 de
167 2334 265 2362 trocta,
284 2334 311 2358 et
324 2330 390 2357 dicit
411 2331 482 2357 hanc
495 2338 551 2358 rem
563 2338 660 2358 nomen
676 2331 745 2365 pisci
758 2331 804 2358 de-

38 2369 109 2399 disse.
123 2374 283 2403 Aristoteles
300 2375 436 2411 glanidem
447 2376 665 2412 ἁγκιστροφάγον
677 2379 767 2407 vocat,
781 2380 808 2402 et

38 2414 137 2447 Plinius.
154 2420 191 2449 De
211 2421 311 2457 mugile
335 2422 387 2448 hoc
406 2421 489 2448 tradit
509 2420 672 2448 Plutarchus
689 2421 716 2448 d.
737 2421 807 2448 loco.

67 2462 138 2498 lbid.,
158 2467 205 2495 lin.
223 2468 266 2495 15.
290 2468 316 2494 '0
333 2466 368 2494 δὲ
392 2467 593 2501 κροκόδειλος.
615 2467 730 2500 Plinius,
745 2468 806 2495 libr.

38 2513 69 2539 VI,
82 2511 156 2545 capit.
171 2513 216 2544 20,
233 2513 283 2541 hos
301 2513 413 2540 humani
425 2513 550 2547 corporis
567 2513 742 2541 avidissimos
753 2521 807 2540 vo-

39 2557 85 2580 rat.
98 2554 210 2585 Joannes
230 2558 284 2586 Leo
305 2559 333 2585 in
358 2558 541 2592 Dcseriptione
559 2557 666 2591 Africre,
685 2559 748 2585 libr.
768 2566 807 2590 Ix,

39 2597 110 2626 refert
119 2608 164 2629 eos
177 2603 252 2630 circa
269 2603 362 2630 littora
377 2603 534 2630 reconditos
558 2609 658 2637 magno
683 2607 744 2630 astu
760 2603 809 2630 ho-

41 2644 115 2674 mines
130 2650 168 2676 vel
182 2650 333 2684 propinqua
356 2648 486 2676 animalia
504 2647 663 2681 observare,
679 2656 749 2683 quos
763 2657 810 2676 su-

41 2688 87 2718 bito
103 2695 184 2723 cauda
206 2697 345 2724 involutos
364 2696 391 2722 in
408 2702 506 2730 aquam
528 2694 695 2730 pertrahere,
714 2702 745 2721 ac
755 2695 809 2736 ‘deo

42 2742 133 2766 vorare.
144 2741 225 2777 quue
248 2743 324 2778 probi
344 2742 418 2770 senis
435 2749 566 2769 successu
578 2741 749 2776 comprobat,
763 2741 808 2776 qui

51 2780 120 2818 longa
139 2788 266 2815 crocodili
286 2788 371 2815 cauda
397 2787 503 2815 cinctus
530 2795 562 2815 ex
592 2787 648 2822 ipsa
672 2788 734 2815 navi
750 2795 808 2816 mo-

47 2832 124 2858 mento
138 2835 264 2868 temporis
280 2834 418 2863 detractus
432 2833 492 2861 fuit.

859 2235 1006 2267 sententia,
1020 2243 1083 2262 cum
1098 2234 1173 2262 nulla
1192 2234 1226 2262 de
1244 2242 1307 2262 aere
1319 2235 1346 2261 in
1364 2234 1453 2261 avium
1469 2233 1647 2269 productione

859 2282 905 2309 ﬁat
916 2281 1027 2309 mentio.
1046 2281 1079 2308 Et
1095 2280 1250 2316 gravissimi
1272 2280 1400 2308 doctores
1424 2280 1450 2307 id
1469 2284 1645 2312 censuerunt,

859 2331 1040 2366 Hieronymus
1054 2350 1061 2362 ,
1081 2329 1251 2365 Augustinus
1268 2349 1275 2361 ,
1303 2328 1456 2363 Rupertus,
1471 2328 1643 2360 Ambrosius,

859 2375 908 2402 lib.
924 2383 940 2403 ν
957 2374 1085 2401 Hexaem.
1099 2382 1159 2409 cap.
1174 2373 1225 2407 M;
1244 2373 1362 2409 Cyrillus
1379 2373 1406 2399 in
1429 2372 1547 2407 primum
1563 2370 1646 2399 Gene-

859 2421 1138 2453 seas;Theodoretus,
1155 2420 1202 2447 lib.
1213 2428 1230 2447 v
1244 2420 1397 2446 Divinarum
1413 2418 1528 2449 decret.;
1543 2417 1647 2446 Marius

859 2466 963 2499 Victor,
976 2467 1022 2494 lib.
1042 2475 1049 2493 ι
1074 2467 1100 2493 in
1114 2465 1219 2498 Genes.;
1235 2465 1430 2496 Damasoenus,
1456 2464 1503 2491 lib.
1527 2471 1546 2490 ιι
1580 2464 1645 2493 Fin.

864 2511 1033 2544 Orthodoxw,
1053 2519 1113 2546 cap.
1130 2510 1162 2544 9;
1180 2510 1267 2545 Hugo,
1283 2508 1446 2540 Richardus,
1464 2513 1491 2536 et
1505 2508 1562 2536 alii.
1585 2508 1644 2536 Non

860 2557 1028 2584 conveniunt
1048 2560 1139 2584 tamen
1164 2556 1235 2583 inter
1245 2562 1285 2587 se,
1304 2562 1364 2590 qua}
1381 2555 1436 2582 sint
1460 2554 1501 2581 hae.
1518 2562 1596 2589 aqua:
1611 2563 1645 2582 ex

860 2602 959 2636 quibus
973 2601 1064 2628 divina
1073 2601 1181 2635 eloquia
1192 2608 1257 2627 aves
1265 2607 1326 2627 esse
1338 2599 1484 2634 productas
1499 2599 1642 2626 affirmant.

860 2648 920 2675 Non
936 2647 1081 2674 defuerunt
1104 2647 1144 2674 uti
1166 2646 1324 2681 Cajetanus,
1351 2646 1516 2673 Catharinus
1531 2649 1558 2673 et
1585 2645 1642 2679 alii,

859 2694 905 2729 qui
919 2701 974 2720 non
989 2700 1022 2721 ex
1036 2692 1115 2727 aquis
1127 2699 1201 2725 aves,
1217 2692 1265 2720 sed
1282 2700 1315 2720 ex
1330 2692 1388 2727 ipsa
1419 2698 1491 2719 terra
1508 2691 1593 2719 fuisse
1609 2691 1644 2718 ia-

859 2744 919 2767 ctas
934 2738 1101 2766 contendunt
1115 2738 1205 2766 verbis
1217 2746 1302 2765 sacrae
1314 2738 1461 2773 Scriptum
1479 2738 1506 2765 in
1526 2738 1644 2766 dialecto

860 2785 996 2813 llebraico
1009 2789 1036 2812 et
1058 2784 1218 2819 paraphrasi
1231 2784 1356 2811 Chaldtea
1371 2785 1438 2812 nixi.

896 2831 976 2865 lbid.,
994 2831 1042 2859 lin.
1059 2831 1103 2858 54.
1124 2831 1206 2858 ’Ἐστι
1219 2830 1253 2857 δὲ
1264 2830 1362 2859 αὐτῶν
1378 2830 1414 2858 τὰ
1432 2830 1497 2859 ιιέν.
1513 2829 1640 2858 Basilius.
