1897 3073
246 103 297 130 89!

247 206 314 242 ἄλλη
330 208 486 244 κατασκευὴ
498 209 640 244 πρέπουσα
652 212 690 247 τῷ
701 213 794 249 τρόπῳ
807 214 856 249 τῆς
868 215 972 252 διαίτης
986 217 1036 243 αὐ-

247 253 311 284 τῶν,
327 253 429 289 ὀνύχων
443 255 541 291 ἀκμαὶ,
560 258 607 284 καὶ
624 258 711 293 χεῖλος
730 260 856 294 ἀγκύλον,
873 263 919 289 καὶ
936 265 1035 300 πτερὸν

246 297 303 330 ὀξὺ,
317 297 387 325 ὥστε
403 300 450 326 καὶ
467 301 652 338 συλληφθῆναι
675 305 774 341 ῥαδίως
793 307 823 334 τὸ
845 309 966 344 θήραμα,
988 297 1035 338 καὶ

245 343 432 380 διασπαραγὲν
451 348 556 384 τροφὴν
574 349 613 384 τῷ
628 350 715 378 ἑλόντι
737 343 887 386 γενέσθαιυη
899 343 964 392 ἄλλη
981 357 1034 385 τῶν

245 391 440 426 σπερμολόγων
453 395 619 431 κατασκευὴ,
635 396 700 432 ἄλλη
716 397 770 425 τῶν
782 400 818 426 ὲκ¹
827 401 927 433 παντὸς
937 391 1034 439 τρεφο-

246 437 334 472 μένων
345 438 392 466 τοῦ
406 442 591 476 συντυχόντος,
604 443 651 470 καὶ
661 445 690 471 ὲν
699 445 804 478 τούτοις
813 447 936 475 πλεῖσται
945 449 1033 485 διαφο-

245 484 300 519 ραι.
330 484 368 512 De
390 486 480 514 avium
505 489 661 522 generibus,
691 491 818 527 ingeniis,
844 492 1030 528 facultatibus,

243 529 404 565 ueterisque
416 531 449 558 ad
458 539 505 559 eas
516 535 703 568 spectantibus
714 536 804 571 plura,
821 541 847 565 et
859 538 1029 573 Aristoteles,

242 579 270 602 et
279 575 394 609 Plinius,
412 581 439 604 et
455 577 593 613 Elianus,
617 585 644 608 et
658 580 786 610 Albertus
802 582 915 619 Magnus
931 589 957 613 et
972 586 1028 619 alii,

243 627 312 655 quos
326 620 350 648 si
372 621 438 649 libet
454 622 508 650 adi.
528 623 616 651 Unum
633 629 738 653 tantum
760 627 916 657 Aristotelis
939 630 1029 658 locum

241 664 270 690 in
285 664 404 692 medium
429 666 540 694 atl‘eram
562 677 594 696 ex
611 669 659 698 lib.
680 679 711 698 lll
739 671 779 700 De
794 674 915 708 partibus
933 676 1027 709 anim.,

241 709 323 743 capit.
350 710 394 744 ll,
420 712 467 746 qui
485 714 576 741 omnia
601 715 659 743 haec
686 724 746 751 quas
765 725 781 744 a
802 722 898 747 nostro
917 725 1029 750 auctore

241 755 345 784 strictis
359 760 386 784 et
402 758 574 792 paucissimis
600 762 691 790 verbis
708 763 889 799 attinguntur,
904 767 1025 802 exponit,

240 808 354 836 quaeque
365 805 555 832 commentarii
568 805 627 834 loco
637 806 776 836 deservire
787 815 917 845 possunt:
926 813 1025 840 Avibus

239 854 279 878 os,
291 846 361 880 quod
378 852 494 875 rostrum
517 855 635 882 vocatur,
658 851 706 879 hoc
723 853 794 880 enim
816 862 864 889 pro
892 855 974 883 labris
1001 861 1026 884 et
1043 850 1064 877 Β

238 891 359 920 dentibus
374 893 479 927 habent,
497 895 543 922 sed
559 897 630 924 varie
647 905 695 930 pro
712 907 762 926 usu
788 904 813 927 et
833 901 954 934 otacilio;
968 911 1026 937 quae

237 938 310 965 enim
329 938 438 967 aduncis
454 941 583 976 unguibus
603 948 675 977 sunt,
692 945 817 979 quoniam
831 955 911 974 carne
925 948 1023 982 vivunt,

236 986 262 1009 et
288 983 363 1010 nullo
387 983 476 1018 fructu
495 991 651 1021 vescuntur,
681 994 798 1017 rostrum
820 992 910 1019 omnia
930 993 1024 1021 habent

236 1027 378 1057 aduncum.
401 1029 465 1058 Tale
487 1032 555 1058 enim
575 1037 630 1060 tum
644 1033 679 1061 ad
699 1036 874 1070 retinendum,
892 1042 946 1065 tum
965 1047 1024 1067 vero

235 1073 270 1101 ad
286 1076 337 1102 vim
353 1076 518 1111 inferendam
538 1081 701 1109 commodius
716 1087 793 1118 atque
811 1084 898 1118 aptius
913 1090 970 1118 est;
986 1087 1023 1113 vis

235 1125 323 1149 autem
339 1122 366 1149 in
386 1122 444 1156 huc,
463 1128 488 1151 et
510 1125 538 1152 in
555 1126 686 1161 unguibus
706 1128 759 1155 sita
779 1134 828 1156 est.
849 1129 922 1158 Unde
937 1132 978 1166 ﬁt,
995 1137 1023 1159 ut

233 1175 332 1202 ungues
348 1169 428 1196 etiam
443 1169 557 1198 habeant
571 1172 737 1201 adunciores.
755 1173 918 1203 Caeterarum
935 1178 1023 1205 avium

233 1217 349 1241 rostrum
378 1214 443 1242 utile
463 1215 498 1242 ad
521 1217 618 1244 victum
636 1218 761 1254 cujusque
783 1225 833 1253 est,
852 1222 922 1248 verbi
936 1224 1022 1258 gratia

233 1258 337 1286 τοίνυνιί
360 1261 473 1295 generis,
499 1266 524 1289 et
545 1264 645 1290 corvini
661 1264 808 1299 robustum,
829 1271 906 1302 atque
916 1268 1023 1302 praedu-

233 1312 293 1331 rum
310 1313 338 1332 os
353 1310 392 1333 est
407 1315 416 1333 :
437 1308 533 1334 minuti
552 1310 653 1344 generis
669 1311 754 1338 latum
772 1311 807 1338 ad
824 1317 901 1340 terrae
919 1314 1021 1349 fructus

232 1350 404 1386 colligendos,
417 1357 443 1379 et
461 1353 496 1380 ad
504 1354 628 1383 bestiolas
644 1357 785 1392 capiendas
805 1358 939 1386 idoneum.
956 1360 1022 1393 Qute

232 1400 320 1423 autem
335 1397 421 1425 herbis
442 1400 540 1433 vivunt,
556 1409 663 1437 quisque
681 1403 751 1435 apud
765 1404 875 1437 paludes
890 1406 1020 1440 victitant,

232 1445 262 1468 ut
278 1447 380 1476 nantes,
400 1448 425 1470 et
445 1445 604 1480 palmipedes
623 1448 721 1481 partim
745 1449 798 1476 alio
814 1448 928 1485 quodam
945 1451 1021 1478 modo

231 1487 313 1514 rostri
343 1489 556 1518 commoditatem
587 1491 726 1526 obtinent,
749 1495 848 1528 partim
883 1497 1022 1525 latitudine

231 1533 313 1559 rostri
331 1533 383 1560 sibi
404 1534 541 1569 sufﬁciunt
559 1543 568 1563 :
589 1538 682 1573 quippe
705 1547 763 1573 quw
782 1545 870 1568 rostro
891 1541 1022 1576 ejusmodi

231 1577 350 1612 infodere
365 1580 478 1613 possint,
496 1582 573 1616 quale
587 1583 654 1610 inter
674 1584 856 1620 quadrupedes
871 1587 952 1614 etiam
966 1588 1021 1615 suis

229 1627 290 1656 est;
306 1632 366 1651 nam
382 1625 405 1652 is
424 1625 494 1660 quod
511 1627 629 1654 radicum
645 1633 766 1664 appetens
782 1635 831 1658 est.
849 1631 919 1664 Quin
939 1633 1021 1660 etiam

230 1679 302 1703 aves,
314 1679 372 1706 qua:
389 1672 444 1700 lato
458 1678 520 1700 sunt
534 1679 621 1702 rostro
636 1675 789 1711 radicesque
801 1677 906 1711 esitant,
918 1683 942 1705 et
958 1679 1021 1706 reli-

229 1724 342 1754 quarum
354 1718 436 1746 victus
449 1719 545 1747 similis
559 1720 693 1748 nonnulla!
702 1726 834 1749 serratum
844 1723 925 1750 rostri
935 1728 1020 1751 estre-

229 1772 302 1791 mum
314 1764 410 1792 habent
422 1773 432 1792 :
449 1765 488 1792 ita
502 1767 571 1793 enim
584 1766 725 1793 herbarum
744 1773 851 1802 carptus
868 1777 918 1804 quo
932 1770 1020 1797 vivunt

229 1810 335 1845 facilius
347 1811 446 1846 agitur.
469 1811 523 1839 Nec
552 1816 658 1839 tantum
683 1813 717 1840 ad
737 1815 891 1842 necessaria
909 1823 1019 1852 compa-

227 1857 314 1884 randa
329 1858 366 1885 ita
382 1862 444 1884 nata
460 1861 526 1885 sunt
551 1858 692 1892 animalia,
715 1860 762 1887 sed
779 1865 809 1886 ut
833 1861 1019 1891 instrumenta

226 1902 356 1937 habeant,
370 1904 472 1938 quibus
491 1912 520 1931 se
539 1904 574 1931 ab
592 1904 764 1932 inimicorum
790 1906 907 1940 insidiis,
925 1908 983 1936 sive
999 1909 1018 1936 ii

227 1948 351 1977 homines
376 1950 442 1982 sint,
468 1950 526 1977 sive
551 1950 647 1978 bellum
662 1951 820 1986 defendant,
841 1961 902 1988 quae
926 1956 1018 1982 omnia

225 1995 328 2029 optime
359 1998 472 2028 norunt,
498 1999 525 2023 et
555 1995 619 2023 dum
656 1998 764 2025 occasio
793 1998 876 2026 fuerit
900 2001 1018 2030 scientes

225 2044 353 2068 utuntur.
364 2040 587 2077 Thcophylacms‘
601 2041 756 2071 Simocatus
776 2044 804 2071 in
820 2044 921 2077 Quaest.
938 2053 1018 2074 natu-

225 2087 337 2119 ralibus,
351 2092 449 2123 quaest.
466 2088 482 2116 5
496 2097 503 2115 :
524 2089 617 2115 Ἔστιν
630 2089 755 2125 αἴσθησις
769 2092 816 2118 καὶ
834 2093 891 2124 τοῖς
909 2092 1017 2127 ἀλόγοις

224 2133 315 2167 ζώοις,
337 2134 521 2170 Πολύκρατες,
545 2135 606 2163 καθ’
628 2137 661 2171 ἣν
683 2138 732 2173 τῆς
754 2139 856 2172 οἰκείας
879 2141 1016 2176 σωτηρίας

899 111 1022 141 LEONIS
1032 113 1169 143 ALLATIl
1827 131 1864 158 891

246 160 322 188 hom.
334 161 367 189 8:
379 160 458 188 Ἀλλο
467 163 517 198 μὲν
529 160 575 191 οὖν
585 164 664 198 γένος
676 166 707 193 τὸ
719 166 773 193 τῶν
786 170 976 204 σαρκοφάγων,
988 171 1034 198 καὶ
1049 176 1072 202 Α

1261 178 1371 217 ῥέρυσι
1390 180 1483 217 χάσμξ
1496 182 1636 217 ὀδόντων,

1261 214 1325 252 ζοζς
1338 216 1438 252 ἰχθύσι
1449 214 1486 243 ’ze
1501 219 1624 252 νηκτόν,

1263 249 1326 286 Τοῖς
1340 250 1454 284 ὀρνέοις
1470 249 1625 286 πέτὰσθαιζ

1263 284 1327 323 ζοῖς
1343 285 1471 323 ἁχδράσι
1481 284 1636 323 φρόγημά.

1259 320 1403 357 [magar
1415 320 1513 357 pone?
1525 320 1617 357 εἶχεν.

1262 355 1292 393 Τί
1308 352 1370 393 οὖνΔ
1379 355 1499 393 diorum;
1512 352 1642 393 Κάίὶλος,

1267 389 1338 416 ’Aw’
1355 390 1493 418 ἀσπίδων
1507 389 1644 422 ἀπασῶὶά

1265 424 1334 460 huc“
1350 425 1461 460 ἐγχέων
1472 428 1622 455 ἁπάντων·

1257 458 1333 497 {litati
1348 458 1389 497 8}
1396 458 1445 488 real
1459 462 1594 497 σίδηρον,

1256 495 1311 521 Kal
1328 495 1388 529 πῦρ
1407 497 1485 530 καλή
1502 495 1546 531 τίς
1561 498 1650 527 οὖσα.

1083 558 1116 586 Ει
1128 559 1304 597 Phocylides:

1082 616 1192 662 ςρπλον
1208 617 1334 662 ἑκάστῳ.
1346 620 1429 662 [eam
1445 623 1516 662 Θεὸς
1541 625 1648 662 φύσινγ
1659 626 1843 662 ὴερόφοιτενι

1081 652 1193 696 ςρργισι
1204 652 1399 696 λέν-πόλλὴῦ
1410 652 1559 696 ταχύζῇττ,
1576 652 1679 696 ἁλκὴῦ
1691 652 1729 688 δέ
1736 652 1849 696 ῖιὲἇρνι,

1082 687 1203 733 Ξειύροις
1210 688 1236 715 δ’
1244 687 1419 733 ιξιξτοχύέρις
1425 687 1576 728 κὲξοάεσσὶ,
1583 687 1861 733 κέτέραῇεῆἶσσρῖξε,

1081 722 1231 757 Ἔμφυτον
1244 722 1340 760 ἄλκάρ
1351 722 1471 755 Etiamsi.

1077 777 1192 813 Plinius,
1208 780 1256 809 lib.
1274 789 1301 814 Σ,
1317 789 1376 817 cap.
1389 783 1434 816 ‘24,
1450 784 1622 814 hirundinem
1640 789 1732 816 solam
1747 797 1821 818 avem
1835 799 1860 818 ex

1078 824 1123 857 iis,
1144 832 1204 860 qua:
1227 826 1350 856 aduncos
1375 836 1482 865 ungues
1507 839 1562 858 non
1595 832 1712 866 habent,
1743 836 1860 864 carnibus

1078 871 1152 899 vesci
1168 876 1255 901 notat.

1112 916 1193 950 lbid.,
1219 919 1268 948 lin.
1287 921 1332 948 40.
1355 921 1410 949 Καὶ
1428 922 1464 949 τὰ
1475 923 1533 958 μὲν
1546 925 1632 952 ἐστιν
1647 926 1780 963 ἇναρχα.
1796 928 1860 956 Basi-

1077 963 1141 996 lits,
1154 964 1229 993 hom.
1243 966 1275 994 8:
1293 967 1378 994 Πάλιν
1396 970 1425 995 ὲν
1441 969 1546 1003 τούτοις
1557 971 1590 998 τὰ
1609 972 1661 1007 μὲν
1676 973 1787 1009 ἄναρχά
1801 976 1858 1006 ἐστι.

1077 1011 1125 1037 καὶ
1140 1008 1195 1038 οἷον
1209 1012 1275 1039 αὐτὸ
1287 1013 1382 1049 ὄνομα,
1398 1015 1432 1042 τὰ
1445 1016 1472 1043 δὲ
1484 1017 1529 1052 ὑφ’
1544 1019 1659 1054 ἡγεμόνι
1675 1008 1807 1057 τετάχθαι
1819 1031 1859 1049 κα-

1076 1055 1252 1092 ταδεχόμενα,
1269 1058 1306 1090 ὼς
1320 1060 1348 1085 al
1363 1060 1483 1096 γέρανοι.
1500 1063 1569 1098 Ἤδη
1583 1064 1612 1090 δέ
1625 1073 1669 1097 τις
1681 1067 1732 1093 καὶ
1746 1055 1824 1103 ἑτέρα
1837 1069 1859 1094 ὲν

1078 1101 1182 1134 τούτοις
1201 1104 1259 1130 ἐστὶ
1275 1104 1401 1142 διαφορὰ,
1424 1108 1484 1134 καθ’
1501 1109 1535 1144 ἥν
1557 1110 1591 1137 τὰ
1608 1112 1658 1146 μὲν
1681 1101 1860 1150 ἐπιδημητικά

1075 1147 1105 1173 τέ
1117 1148 1175 1175 ἐστι
1191 1150 1237 1176 καὶ
1250 1151 1380 1186 ἐγχώρια,
1396 1153 1430 1180 τὰ
1446 1153 1475 1181 δὲ
1489 1155 1617 1192 ἀπαίρειν
1635 1147 1859 1196 πέφυκε

1075 1193 1159 1225 τάτω,
1168 1196 1214 1222 καὶ
1222 1197 1354 1232 χειμῶνος
1360 1198 1514 1232 ἐγγίζοντος
1522 1201 1678 1234 ἐκτοπίζειν
1685 1204 1726 1236 ὡς
1733 1205 1768 1232 τὰ

1109 1250 1189 1283 ΕΜ..
1211 1253 1258 1280 lin.
1281 1253 1326 1281 44.
1349 1256 1469 1290 Γαῦρον
1492 1259 1508 1284 ὁ
1527 1259 1713 1293 ἀλεκτρυών.
1740 1262 1856 1297 Basilius,

1075 1295 1148 1325 hom.
1177 1298 1214 1325 8:
1231 1299 1334 1336 Γαῠρον
1356 1302 1369 1328 ὀ
1391 1302 1558 1339 ἀλεκτρυὼν,
1578 1306 1727 1340 φιλόκαλον
1750 1310 1765 1336 ό
1786 1295 1856 1343 uix,

1074 1341 1166 1376 λάγνοι
1183 1345 1212 1371 at
1229 1348 1387 1383 περιστεραὶ
1405 1349 1451 1375 καὶ
1467 1351 1494 1376 αξ
1514 1352 1674 1380 κατοικίδιοι
1699 1354 1801 1391 ὄρνεις,
1819 1358 1857 1384 ἐπὶ

1076 1388 1176 1421 παντὸς
1190 1390 1286 1426 καιροῦ
1295 1391 1325 1418 τὸ
1341 1395 1561 1422 συνουσιαστικὺν
1576 1396 1700 1432 ἔχουσαι.
1715 1388 1854 1429 Ῐιιιοὶιιὶιιςε

1076 1455 1254 1498 Quiliiiaceus,
1267 1467 1332 1498 cum
1347 1460 1428 1498 victor
1442 1470 1469 1489 se
1481 1464 1567 1498 gallus
1580 1464 1689 1494 honeste

1076 1489 1200 1524 Sustulit,
1216 1493 1242 1520 in
1255 1493 1350 1529 digitos
1363 1489 1765 1539 primoresqueerigit'ungucs.

1035 1531 1057 1559 δ
1108 1546 1176 1575 Ibid.
1201 1548 1227 1575 '0
1245 1549 1280 1576 δὲ
1292 1550 1376 1585 ἱέραξ
1387 1554 1600 1590 εὐνούστατος.
1616 1558 1794 1593 Aristoteles,
1813 1562 1852 1589 lib.

1073 1594 1099 1619 ix
1120 1593 1156 1620 De
1169 1594 1262 1622 histor.
1276 1597 1370 1630 anim.,
1391 1607 1450 1634 cap.
1468 1601 1503 1628 56
1517 1612 1523 1629 :
1543 1602 1586 1630 Ἑν
1603 1604 1631 1631 δὲ
1648 1605 1750 1644 Θρᾴκῃ
1765 1609 1797 1644 τῇ
1813 1618 1854 1635 κα-

1071 1638 1187 1676 λουμένῃ
1207 1642 1272 1668 ποτὲ
1291 1643 1455 1679 Κεδροπόλει
1475 1647 1504 1674 ὲν
1521 1648 1560 1684 τῷ
1578 1649 1632 1676 ἕλει
1657 1638 1820 1687 θηρεύουσιν
1835 1655 1855 1680 οἱ

1071 1685 1210 1722 ἄνθρωποι
1219 1687 1253 1714 τὰ
1266 1689 1370 1724 όρνίθια
1383 1694 1458 1728 κοινῇ
1472 1694 1541 1728 μετὰ
1550 1695 1603 1722 τῶν
1619 1685 1753 1732 ἱεράκων.
1769 1701 1800 1727 Ol
1814 1701 1854 1736 μὲν

1071 1731 1125 1767 γὰρ
1138 1732 1243 1768 ἔχοντες
1258 1734 1324 1767 ξύλα
1338 1737 1447 1765 σοδοῦσι
1461 1740 1507 1766 τὸν
1522 1731 1651 1778 κάλαμον
1661 1745 1712 1771 καὶ
1726 1745 1775 1781 τὴν
1787 1731 1852 1781 ὓλην,

1071 1778 1114 1804 ἵνα
1127 1779 1262 1807 πέτωνται
1275 1781 1307 1809 τὰ
1318 1782 1432 1818 ὀρνίθια·
1451 1785 1475 1812 οξ
1492 1786 1520 1813 δὲ
1536 1787 1643 1823 ἱέρακες
1659 1778 1768 1818 ἄνωθεν
1782 1778 1854 1828 ὑπερ-

1071 1824 1227 1860 φαινόμενοι
1244 1827 1450 1857 καταδιώκουσι·
1468 1831 1554 1859 ταῦτα
1568 1834 1595 1860 δὲ
1613 1835 1774 1871 φοϐούμενα
1789 1838 1853 1865 κάτω

1070 1871 1180 1899 πέτεται
1193 1873 1274 1901 πάλιν
1289 1875 1356 1910 πρὸς
1370 1876 1419 1911 τὴν
1434 1879 1495 1913 γῆν·
1510 1880 1534 1905 ot
1546 1880 1575 1906 δὲ
1588 1880 1732 1917 ἅνθρωποι
1750 1884 1852 1911 τύπτον-

1069 1925 1115 1948 τες
1133 1919 1188 1949 τοῖς
1206 1918 1293 1951 ξύλοις
1308 1920 1485 1956 λαμϐάνουσι,
1503 1925 1550 1952 καὶ
1570 1926 1620 1961 τῆς
1641 1927 1734 1964 θήρας
1756 1930 1852 1965 μεταδι-

1068 1961 1159 1988 δόασιν
1175 1963 1276 1996 αὐτοῖς,
1291 1965 1417 2000 ῥίπτουσι
1431 1967 1486 2004 γὰρ
1501 1969 1556 1996 τῶν
1569 1971 1696 2006 ὀρνίθων,
1716 1975 1742 2002 οἱ
1750 1974 1778 2001 δὲ
1793 1975 1851 2002 ὑπην-

1068 2005 1259 2042 λαμϐάνουσιν.
1290 2009 1390 2038 Eadem
1418 2015 1516 2048 repetit
1541 2005 1632 2044 libello
1653 2019 1727 2052 Περὶ
1749 2022 1850 2055 ouium-

1068 2053 1143 2080 σίων
1166 2054 1383 2090 ἀκουσμάτων,
1417 2060 1463 2087 ubi
1502 2066 1594 2090 tamen
1627 2053 1851 2101 ’Δμφεπολιννρω

1067 2098 1210 2135 Cedropoli
1232 2103 1365 2136 nominat,
1387 2112 1448 2139 qua:
1471 2106 1509 2134 ita
1529 2098 1747 2140 vertebatrPVlin.
1766 2098 1848 2146 libis,

1067 2153 1092 2172 c.
1109 2147 1125 2173 8
1146 2155 1153 2174 :
1171 2146 1205 2174 In
1223 2147 1342 2176 Thracia:
1357 2155 1432 2184 parte
1445 2160 1523 2187 super
1538 2154 1718 2190 Amphipolim
1741 2158 1847 2185 homines

223 2180 390 2216 ἀπειλήφασι
403 2182 453 2216 τὴν
463 2181 618 2216 διάγνωσιν.
631 2181 706 2210 Οἶδεν
719 2185 735 2220 ἡ
751 2185 836 2220 σηπία
851 2187 901 2221 τῆς
910 2187 1014 2218 οἰκείας

1357 2180 1361 2184 .
1477 2180 1482 2187 ,
1589 2180 1594 2190 ,
1625 2180 1718 2190 γ-.....

1071 2197 1144 2228 atque
1159 2195 1297 2229 accipitres
1309 2197 1433 2225 societate
1450 2199 1564 2234 quadam
1579 2209 1763 2237 aucupentur.
1778 2205 1812 2231 lli
1822 2213 1848 2232 es

223 2226 320 2260 ἀχλύος
333 2226 364 2253 τὸ
379 2226 499 2261 σόφισμα
513 2227 560 2254 καί
573 2236 623 2254 που
639 2228 769 2265 θηραταῖς
779 2230 909 2266 ἀορασίαν
926 2232 1013 2267 ἄγρας

223 2271 361 2306 ἐνέθηκεν.
378 2270 438 2299 Οἵδε
453 2273 486 2299 τὰ
498 2273 667 2309 γαμψώνυχα
676 2275 725 2310 τὴν
739 2276 783 2302 διὰ
795 2276 849 2303 τῶν
859 2277 962 2312 ὀνύχων
970 2278 1014 2304 ἀλ-

223 2318 284 2353 κήν.
294 2317 370 2345 Οἶδεν
381 2320 395 2345 ὁ
409 2319 513 2354 λαγωὺς
526 2319 569 2346 διὰ
580 2320 626 2347 τοῦ
634 2321 734 2356 δρόμου
747 2323 794 2348 καὶ
803 2323 852 2358 τῆς
860 2323 914 2351 τῶν
927 2324 1013 2351 ποδῶν

222 2363 349 2400 ὀξύτητος
367 2365 516 2400 κυνηγέτου
535 2366 681 2399 ἐπιϐουλὰς
700 2368 920 2404 ἀποπέμπεσθαι.
936 2368 1012 2398 υῐδεν

222 2410 239 2445 ή
252 2409 349 2446 ἔλαφος
361 2411 565 2448 ἀποκειραμένη
578 2413 611 2440 τὰ
628 2413 731 2449 κέρατα
747 2414 943 2451 ἀσθενεστέραν
963 2417 1011 2452 τὴν

221 2455 302 2490 φύσιν
325 2456 476 2492 ἀμύνεσθαι
498 2458 761 2495 τοὺςἏυπήσαντας,
777 2465 830 2489 etc.
852 2461 959 2496 Cicero,
974 2463 1012 2491 De

222 2501 319 2536 finibus
335 2503 383 2530 lib.
399 2511 426 2534 ν,
439 2503 486 2539 qui
501 2504 628 2532 laudatur
642 2513 657 2532 a
676 2505 763 2534 Nonio
780 2506 908 2536 Marcello
925 2508 1010 2536 :Ser»

220 2555 279 2582 pere
295 2549 460 2583 anguiculos.
483 2555 578 2578 natare
597 2552 759 2585 anaticulas,
779 2553 867 2581 volare
883 2556 1009 2590 merulas,

220 2593 343 2621 cornibus
361 2595 401 2621 uti
421 2595 555 2623 videamus
579 2597 652 2624 boves
675 2598 736 2634 (ego
751 2599 867 2634 legerem
886 2601 1010 2629 cornibus

221 2639 293 2672 niti),
309 2648 388 2674 nepos
412 2641 522 2674 aculeis,
546 2650 622 2669 suam
643 2643 754 2678 denique
775 2645 867 2681 cuique
885 2651 1009 2674 naturam

220 2691 276 2711 esse
284 2684 318 2711 ad
328 2686 463 2713 vivendum
478 2687 581 2720 ducem;
596 2692 622 2715 et
638 2689 839 2719 mellitissimus
851 2691 1006 2721 Anacreon:

396 2755 488 2792 φύσις
503 2756 610 2792 κέρατα
625 2758 750 2792 ταύροις,

404 2789 512 2829 ‘gyaq
526 2791 551 2816 δ’
567 2789 684 2829 edomar-
695 2789 806 2829 ῐπξτοις,

399 2823 512 2851 Ιιοδωκί
514 2834 551 2858 ην
567 2828 701 2861 λαγωοῖς,

1064 2239 1148 2269 silvis.
1172 2245 1196 2266 et
1212 2242 1377 2270 arundinetis
1390 2244 1506 2271 excitant
1523 2254 1582 2273 aves
1602 2255 1611 2274 :
1627 2248 1669 2274 illi
1685 2250 1847 2284 supervolan-

1065 2289 1102 2312 tes
1112 2286 1270 2320 deprimunt.
1289 2287 1391 2316 Rursus
1411 2296 1502 2325 captas
1522 2301 1636 2328 aucupes
1651 2295 1777 2323 dividunt
1796 2305 1846 2324 cunt

1064 2330 1107 2356 iis.
1122 2329 1261 2358 Traditum
1272 2337 1311 2360 est
1323 2334 1417 2361 missas
1432 2335 1459 2362 in
1470 2336 1582 2364 sublime
1597 2338 1649 2366 sibi
1662 2341 1783 2376 excipere
1791 2350 1845 2369 eos:

1062 2379 1087 2401 et
1104 2383 1163 2401 cum
1179 2380 1277 2410 tempus
1295 2378 1329 2404 sit
1346 2383 1463 2412 captura:
1482 2380 1604 2416 clangore
1626 2391 1659 2410 ac
1688 2386 1792 2412 volatus
1808 2394 1844 2420 ge-

1063 2429 1123 2448 nere
1137 2421 1249 2449 inviture
1261 2422 1296 2449 ad
1308 2425 1481 2452 occasionem.
1495 2426 1600 2455 Similia
1615 2429 1698 2458 liabet
1714 2431 1843 2465 Elianus,

1062 2466 1101 2493 De
1112 2467 1175 2496 hist.
1187 2469 1283 2502 anim.,
1302 2470 1349 2497 lil).
1367 2479 1399 2505 ιι,
1413 2479 1474 2507 cap.
1489 2472 1535 2505 42,
1548 2474 1593 2508 qui
1609 2475 1648 2502 ait
1664 2476 1791 2505 homines
1805 2485 1844 2504 ex-

1062 2512 1171 2547 plicatis
1185 2514 1289 2542 retibus
1307 2516 1459 2550 quiescere,
1476 2519 1622 2554 accipitres
1644 2523 1843 2557 supervolantes

1062 2565 1137 2591 aves,
1154 2563 1227 2586 metu
1244 2559 1367 2594 incusso,
1383 2562 1411 2588 in
1434 2563 1503 2590 retia
1526 2565 1700 2599 compellere.
1731 2567 1842 2595 Thraces

1061 2607 1157 2638 captas
1171 2611 1235 2632 aves
1247 2613 1310 2633 cum
1327 2607 1381 2634 illis
1396 2608 1500 2642 partiri,
1515 2613 1545 2636 ut
1560 2609 1628 2637 ﬁdos
1646 2612 1740 2640 socios
1756 2614 1791 2641 ad
1799 2621 1839 2640 au-

1061 2650 1171 2684 cupium
1183 2650 1310 2679 habeant.
1329 2651 1376 2679 Sin
1388 2653 1531 2688 accipitres
1544 2655 1577 2682 ab
1589 2655 1648 2683 illis.
1655 2656 1783 2685 distracti
1793 2658 1830 2686 di.

1061 2695 1210 2739 sociantur.
1229 2696 1294 2728 Quae
1310 2698 1407 2732 repetit
1420 2698 1503 2726 etiam
1522 2699 1678 2735 Antigonus
1692 2703 1831 2739 Carystius

1060 2730 1185 2774 cap.'51l;
1198 2741 1316 2770 Joannes
1337 2743 1472 2772 Meursius
1487 2745 1515 2772 in
1537 2750 1606 2779 not.,
1628 2755 1691 2775 cum
1708 2749 1827 2784 Cedropo
1844 2753 1846 2786 ξ

1061 2787 1117 2814 leos
1140 2787 1231 2816 nullus
1246 2792 1366 2816 veterum
1381 2792 1546 2820 mentionem
1563 2793 1698 2827 habuerit,
1724 2797 1827 2830 suspica

1062 2838 1106 2861 tur
1122 2841 1182 2863 esse
1196 2835 1324 2863 mendum
1343 2836 1370 2864 in
1383 2837 1530 2867 Aristotele
1546 2847 1600 2868 non
1618 2841 1700 2870 hodie
1717 2847 1764 2870 aut
1787 2841 1840 2869 heri
