1897 3073
41 126 89 154 835

526 126 559 153 IN
576 125 760 154 EUSTATlllI
781 124 1016 153 llEXAEMERON
1034 126 1148 154 NOTAE.

1608 131 1659 159 894

41 189 139 214 natum,
156 183 205 210 sed
219 183 278 218 jam
289 188 351 212 ante
366 184 492 221 Antigoni
511 190 645 222 tempora,
661 187 708 222 qui
725 187 763 214 ita
777 187 819 213 in-

873 185 1002 220 πέψωσιν,
1015 187 1167 223 ἐξεμοῦσιν,
1181 188 1224 215 ἵνα
1232 189 1390 223 χασκουσῶν
1399 189 1433 217 τὰ
1441 189 1511 225 Δκρὲαι
1522 190 1659 226 ἐξαιροῦν-

40 234 144 257 ventum
161 231 310 264 expressit,
331 231 505 266 restituitque
524 233 671 268 Κεκροπίδι
685 240 746 268 qua:
763 232 822 259 Ste-

42 275 125 310 phano
139 274 266 302 Thracia:
285 276 360 311 regio
375 280 431 310 est;
446 277 628 312 conciliatque
648 285 740 305 secum
761 277 823 303 Ari-

42 320 170 353 stotelem,
182 320 250 347 dum
263 321 445 357 Amphipolim
457 322 552 350 urbem
568 323 596 350 in
608 322 725 350 Thracia
741 323 821 350 sitam

40 365 65 392 in
81 365 230 400 Cecropida
249 367 360 401 regione
371 368 458 401 ponit.

70 411 125 437 Col.
142 410 210 444 7‘29,
230 411 279 438 lin.
311 412 338 439 5.
366 414 547 440 Φιλότεκνον
573 415 590 440 ό
609 413 749 440 πελεκάν.
770 411 819 441 Cll.

45 460 216 495 Physiologus
232 460 388 496 Epiphanii,
400 465 426 489 et
442 461 538 489 Petrus
555 461 712 493 Damianus,
728 460 774 488 lib.
790 468 820 492 II,

41 504 115 538 epist.
150 504 206 538 18;
244 504 443 540 Hieronymus,
479 505 537 533 sive
571 509 668 533 auctor
698 505 818 540 epistolae

41 549 71 576 ad
90 550 271 582 Praesidium,
294 551 485 586 pelecannrum
510 551 579 579 ﬁlios
605 559 619 578 a
649 552 822 586 serpentibus

41 597 131 627 occidi,
150 601 177 623 ct
191 601 337 631 parentum
356 598 486 632 sanguine
502 598 634 626 vivilicari
651 601 746 625 auctor
768 603 820 625 est.

42 642 153 670 Isidorus
169 643 217 670 lib.
236 651 287 674 xu,
302 651 326 670 c.
346 643 361 670 7
375 654 381 670 :
398 643 538 670 Palicanus
561 644 616 670 avis
630 642 757 678 (Egyptia
772 643 820 669 ha-

41 688 119 714 bitans
143 688 170 714 in
193 688 341 715 solitudine
362 687 419 714 Nili
438 689 566 723 ﬂuminis,
587 688 656 715 unde
679 693 704 715 et
729 696 821 715 nomen

41 734 154 767 sumpsit.
176 732 249 760 Nam
263 733 396 768 Canopius
412 734 545 770 ngyptus
560 734 669 762 dicitur.
687 733 786 760 Fertur
797 734 821 760 εἰ

41 787 119 806 rerum
133 784 181 811 est,
203 788 263 806 eam
279 780 395 807 occidere
417 786 492 808 natos
508 789 580 812 suos.
596 788 689 815 eosque
707 788 751 814 per
770 779 820 806 tri-

41 825 113 851 duum
131 825 230 860 lugere,
262 825 353 853 deinde
374 826 486 860 seipsam
510 827 658 858 vulnerare,
681 830 705 852 et
730 833 818 860 aspar-

41 871 105 897 sione
123 871 164 898 sui
193 871 333 906 sanguinis
348 871 477 907 vivificare
488 872 567 906 filios.
586 871 658 898 idem
674 871 755 898 habet
766 870 820 897 Au-

42 917 158 951 gustinus
178 916 206 944 in
221 917 319 950 psalm.
331 925 368 947 ct.
391 922 418 945 et
428 917 576 952 Gregorius
593 925 671 952 super
684 925 700 944 ν
722 916 818 951 psalm.

42 963 168 995 pauitant.
182 971 191 994 ;
205 963 338 990 Albertus
354 963 466 998 Magnus
481 971 544 990 cum
567 968 660 991 nostro
677 962 820 990 Eustathio

42 1008 169 1041 convenit,
186 1009 233 1043 qui
261 1008 298 1035 ait
318 1013 444 1044 parentes
462 1016 476 1036 a
496 1009 558 1036 ﬁliis
581 1012 754 1043 provocatos.
772 1016 820 1036 eos

43 1053 195 1081 interﬁcere.
223 1054 345 1082 Consule
379 1054 537 1082 Michaelem
568 1055 691 1090 Glycam,
719 1054 819 1081 Annal.

44 1098 98 1125 libr.
113 1098 253 1131 I;Horum
270 1101 330 1127 libr.
350 1108 370 1131 ι,
388 1101 470 1135 capit.
487 1101 530 1128 54.
546 1101 633 1128 Aliam
650 1100 819 1135 φιλοτεχνίας

43 1151 143 1172 causam
156 1145 241 1174 habes
254 1147 325 1182 apud
340 1146 489 1179 Adlianuin,
504 1146 541 1174 De
550 1147 642 1174 nistor.
652 1147 817 1180 animalium,

43 1189 84 1216 lib.
100 1198 139 1223 in,
153 1192 238 1226 capit.
255 1192 301 1220 24,
315 1192 392 1220 Hunc
407 1192 512 1220 Plinius
524 1193 652 1228 plateam,
665 1193 817 1228 plataleam,

43 1235 139 1268 Cicero.
156 1237 350 1274 Hieronymus,
364 1242 391 1266 et
405 1238 556 1266 Eucherius
568 1238 754 1266 onocrotalum
769 1245 817 1266 vo-

44 1285 140 1309 carunt.
153 1281 290 1310 Consalns
301 1282 414 1310 Pontius
426 1284 498 1311 notis
515 1283 543 1310 in
557 1282 742 1318 Physiologum
755 1282 820 1318 Epi-

45 1325 140 1359 phanii.
153 1335 215 1362 quae
233 1328 270 1355 de
287 1328 415 1362 pelecano
437 1332 574 1360 narratur,
590 1328 664 1356 nullo
677 1332 724 1354 aut
737 1336 819 1363 expe-

44 1371 160 1404 rimento,
184 1377 231 1400 aut
258 1374 342 1400 veteri
368 1374 481 1408 probato
507 1374 665 1409 testimonio
689 1374 818 1401 aﬁirmari

44 1424 116 1452 posse
127 1420 279 1447 contendit.
296 1420 385 1453 Quare
398 1424 476 1455 putat
491 1428 541 1455 pro
554 1421 689 1455 pictorum
704 1421 818 1448 arbitrio

45 1463 188 1493 hominibus
215 1466 377 1499 exhibitam,
405 1474 455 1494 nec
482 1467 563 1494 ullam
586 1467 698 1501 hujusce
714 1470 818 1493 natura:

44 1517 111 1537 avem
128 1519 242 1546 usquam
258 1520 328 1545 esse,
341 1513 554 1548 comprobatque
570 1512 743 1540 Hebraeorum
756 1521 818 1540 sen»
831 1529 854 1560 ϐ

44 1556 127 1588 tentia,
143 1558 189 1592 qui
207 1558 329 1586 fatentur
344 1559 450 1586 nescire
462 1567 491 1586 se
504 1566 563 1593 quae
581 1559 638 1586 avis
657 1559 693 1586 sit
710 1559 818 1594 peleca-

46 1609 99 1629 nus.
116 1602 252 1638 Quidquid
265 1607 356 1631 tamen
372 1604 417 1636 sit,
433 1605 491 1632 avis
513 1605 570 1631 haec
589 1604 638 1631 fuit
652 1605 758 1639 insigne
770 1604 819 1631 Ju-

45 1647 68 1673 lii
84 1647 189 1676 Antonii
219 1650 355 1677 Sanctorii
383 1651 541 1682 cardinalis,
570 1655 631 1685 post
657 1650 817 1686 Gregorium

45 1693 166 1722 decimum
178 1697 289 1723 tertium
305 1696 459 1731 pontiﬁcem
474 1697 616 1731 optimum,
628 1695 733 1730 collegii
745 1695 819 1722 Cra:—

45 1746 128 1767 corunt
142 1743 261 1776 primum
275 1747 389 1777 patrem,
408 1742 488 1777 primi
503 1742 713 1777 propugnatoris
727 1749 758 1768 ac
773 1741 819 1768 tle-

47 1784 161 1819 iensoris,
178 1788 237 1822 qui,
254 1792 283 1815 ut
298 1788 452 1815 Graecorum
470 1787 517 1814 ﬁlii
533 1795 566 1814 ex
587 1787 670 1821 impia
689 1787 734 1814 illa
750 1786 820 1813 Tur-

45 1838 129 1859 carum
142 1835 286 1868 tyrannide
303 1838 329 1861 et
352 1834 513 1868 ignorantia
533 1833 652 1861 tenebris
676 1833 771 1867 elapsi,
792 1835 819 1860 ct

46 1876 116 1904 bonis
126 1879 241 1912 artibus,
257 1883 284 1906 et
297 1879 454 1907 lectissimis
466 1879 588 1906 moribus
606 1879 817 1910 instruerentur,

47 1921 167 1952 adversus
189 1925 345 1953 malesanos
366 1925 525 1957 nebulones,
546 1924 593 1959 qui
616 1927 721 1950 tantum
750 1931 819 1958 opus

49 1972 158 1997 evertere
169 1971 350 2002 conabantur,
366 1970 485 2005 propriis
498 1969 593 1997 olliciis
604 1969 756 2004 opibusque
772 1969 820 1996 bo-

50 2020 79 2040 na
94 2021 108 2041 a
122 2014 252 2052 Gregorio
267 2017 364 2052 legata,
389 2016 561 2043 alumnorum
582 2015 736 2043 educationi
749 2037 756 2048 ,
773 2015 819 2042 diu

47 2057 95 2091 jam
118 2062 282 2094 corruentia,
311 2062 459 2095 immunia,
482 2068 603 2096 sanaquc
627 2060 766 2093 sustinuit,
793 2064 820 2087 et

48 2105 205 2135 conﬁrmavit
230 2108 365 2140 nutantia,
390 2107 448 2135 suis
479 2106 629 2134 commodis
663 2105 818 2134 Graecorum

48 2150 214 2180 eruditionem
240 2157 426 2188 anteponens,
451 2156 478 2180 ct
502 2159 572 2186 quos
598 2152 654 2187 jam
680 2151 820 2178 charitatis

872 240 917 263 τες
928 232 1048 259 ὲσθίωσι.
1063 232 1169 266 Cicero,
1188 233 1233 260 lib.
1248 241 1278 265 It,
1295 233 1331 261 De
1347 240 1436 264 natur.
1452 235 1560 262 deorum
1575 244 1585 263 .'
1596 236 1660 271 Legi

872 277 953 304 etiam
968 277 1094 311 scriptum
1108 286 1163 305 esse
1175 286 1246 304 avem
1256 279 1410 313 quamdam,
1425 281 1659 315 quwplataleano-

873 323 1028 356 minaretur,
1037 331 1095 350 eam
1110 324 1161 350 sibi
1175 323 1260 350 cibum
1270 333 1386 359 quarere
1396 326 1560 353 advolantem
1570 327 1604 353 ad
1611 335 1656 353 eas

872 375 942 397 aues,
957 375 1014 401 qua:
1022 375 1048 394 se
1063 368 1089 394 in
1099 368 1166 394 mari
1180 373 1332 403 mergerent,
1342 378 1400 404 qua:
1411 378 1470 397 cum
1478 372 1654 404 emersissent,

871 413 1019 446 piscemque
1033 413 1180 447 cwpissent,
1193 422 1274 449 usque
1289 423 1318 441 eo
1334 423 1449 449 premere
1462 424 1553 444 earum
1567 419 1655 452 capita

872 457 1004 484 mordicus
1019 457 1083 484 dum
1097 463 1201 492 captum
1223 459 1278 486 illa:
1295 460 1455 493 amitterent,
1474 461 1501 487 id
1516 463 1584 497 quod
1596 463 1655 497 ipsa

872 503 1014 530 invaderet.
1040 503 1190 537 Eademque
1212 505 1266 532 hwc
1289 506 1344 533 avis
1365 506 1488 534 scribitur
1505 508 1609 535 conchis
1627 517 1655 536 se

872 547 955 574 solere
970 547 1109 582 complere,
1135 557 1229 584 easque
1251 557 1310 576 cum
1331 551 1458 578 stomachi
1482 553 1569 579 calore
1593 561 1655 580 con-

872 592 983 625 coxerit,
1003 601 1128 626 evomere,
1143 597 1221 628 atque
1236 594 1274 621 ita
1295 594 1390 630 eligere
1411 604 1444 622 ex
1467 596 1499 623 iis
1519 605 1577 632 quin
1594 603 1654 624 sunt

872 638 1014 665 esculenta.
1031 637 1145 670 Plinius,
1167 639 1214 666 lib.
1229 647 1257 672 κ,
1272 647 1333 675 cap.
1349 641 1384 668 40
1402 650 1409 669 ;
1426 641 1521 668 Platea
1534 650 1593 669 cum
1610 643 1656 669 de»

872 684 970 710 voratis
985 692 1012 710 se
1027 683 1141 718 implevit
1157 685 1272 717 conchis,
1289 687 1376 713 calore
1387 689 1482 715 ventris
1497 694 1584 716 coctos
1598 698 1656 717 evo-

871 731 929 761 mit,
945 734 1022 764 atque
1033 731 1071 757 ita
1084 739 1116 757 ea;
1129 731 1161 758 iis
1176 732 1310 759 esculenta
1325 733 1386 767 legit
1410 738 1490 761 testas
1504 742 1653 770 excerpens.

871 776 904 803 Et
918 776 1055 808 Elianus,
1068 777 1106 804 De
1120 777 1180 804 hist.
1195 779 1277 806 anim.
1296 778 1342 806 lib.
1363 786 1405 812 Ill,
1422 787 1482 815 cap.
1500 780 1535 808 20
1546 790 1552 808 :
1565 782 1597 807 Οἱ
1608 791 1656 808 πε-

871 823 984 856 λεκᾷνες
997 824 1026 849 ὲν
1040 825 1096 856 τοῖς
1111 825 1243 860 ποταμοῖς
1256 825 1357 860 κόγχας
1373 826 1585 862 περιχαένοντες,
1597 825 1657 855 εἶτα.

874 868 1078 896 καταπίνουσιν.
1104 869 1197 896 Ἔνδον
1213 869 1241 896 δὲ
1263 870 1310 896 καὶ
1331 871 1360 896 ὲν
1379 870 1455 906 μυχῷ
1472 871 1520 906 τῆς
1539 873 1656 908 γαστρὸς

873 913 1076 949 ὑποϐάλῲαντες
1088 914 1228 950 ἀνεμοῦσι.
1244 916 1299 943 Καὶ
1312 916 1347 942 τὰ
1363 916 1411 951 μὲν
1422 916 1553 952 ὀστράκια
1566 918 1598 945 ὲκ
1607 920 1656 954 τῆς

873 960 955 992 ἀλέας
971 960 1061 995 διέστη
1073 960 1215 997 ὠσπεροῦν
1230 961 1283 988 τῶν
1298 961 1397 996 ἑφθῶν·
1410 963 1434 988 οἱ
1446 962 1474 989 δὲ
1485 962 1656 999 ὲξορύττουσι

872 1005 906 1032 τὰ
917 1006 996 1042 κρέα,
1010 1007 1057 1033 καὶ
1076 1007 1166 1042 ἔχουσι
1185 1007 1302 1035 δεῖπνον.
1319 1007 1384 1041 Qua:
1401 1008 1522 1036 carmine
1540 1009 1656 1037 iambico

873 1052 911 1079 ita
932 1052 1049 1080 reddidit
1062 1051 1138 1080 Phile
1156 1061 1164 1080 :

906 1119 1027 1156 Κότχην
1039 1119 1073 1146 δὲ
1087 1120 1217 1156 πελεκάν
1232 1120 1368 1155 ἐμϐαλὼν
1380 1121 1442 1154 τοῖς
1458 1122 1601 1156 ὲγκάτοις,

907 1155 1083 1182 Κάνάπαλιν
1095 1155 1192 1191 αὐτὴν
1207 1156 1381 1191 ἐξενεγκὼν,
1395 1156 1552 1190 ὀστράκοις

909 1190 944 1217 Τὸ
959 1190 1087 1224 σαρκίον
1099 1190 1231 1224 ,βέϐριιικε
1242 1190 1358 1225 ,ληφθὲν
1369 1193 1531 1225 εὐστόχως.

909 1225 965 1251 Τοῦ
983 1226 1036 1259 γὰρ
1051 1225 1140 1252 τόνου
1157 1225 1296 1253 θλάσασα
1314 1225 1367 1259 τὰς
1380 1227 1462 1259 κλεῖς
1476 1227 1495 1260 ἡ
1512 1226 1600 1260 ζέσις,

908 1260 1041 1287 Ἕλυο-εν
1056 1260 1093 1293 ἃς
1110 1261 1254 1296 ἕσφιγξεν
1268 1262 1287 1296 ἡ
1302 1262 1396 1296 κόγχη
1411 1262 1535 1296 πτύχας.

907 1326 987 1360 lbid.,
1003 1327 1053 1354 lin.
1070 1327 1115 1356 26.
1133 1329 1302 1355 Φιλόκαλον
1318 1329 1334 1355 ὁ
1349 1328 1434 1361 ταώς.
1451 1327 1538 1363 llujus
1553 1329 1656 1356 descri-

872 1373 992 1408 ptionem
1017 1373 1114 1401 iisdem
1135 1381 1204 1408 pene
1223 1374 1314 1401 verbis
1329 1373 1413 1402 habes
1433 1375 1503 1409 apud
1522 1374 1655 1402 Achillem

871 1417 990 1450 Tatium,
1008 1418 1054 1445 lib.
1073 1426 1081 1445 l
1099 1427 1107 1445 :
1125 1418 1217 1454 Ταύτῃ
1237 1419 1285 1445 νῦν
1300 1415 1375 1450 οὗτος
1394 1418 1425 1445 τὸ
1441 1418 1537 1450 κάλλος
1555 1418 1655 1445 ἐπιδεῖ-

871 1471 966 1490 κνυται
982 1462 1103 1498 λειμῶνα
1120 1463 1236 1498 πτερῶν.
1255 1463 1284 1490 ’0
1296 1463 1325 1489 δὲ
1337 1463 1382 1489 τοῦ
1397 1463 1453 1490 ταὼ
1465 1463 1566 1498 λειμὼν
1576 1463 1655 1490 εὐαν-

872 1508 1006 1544 οέστερος.
1026 1507 1197 1542 Πεφύτευται
1220 1507 1274 1544 γὰρ
1290 1508 1364 1543 σε,τῴ
1379 1509 1426 1535 καὶ
1441 1509 1539 1544 χρυσὸς
1557 1509 1585 1535 ὲν
1600 1511 1655 1541 τοῖς

871 1556 991 1590 πτεροῖς·
1004 1554 1094 1589 κύκλῳ
1102 1554 1130 1580 δὲ
1142 1554 1171 1580 τὸ
1179 1546 1312 1589 ἁλουργις
1319 1553 1363 1580 τὸν
1374 1554 1473 1590 χρυσὸν
1483 1554 1602 1590 περιθέει
1610 1555 1655 1581 τὸν

871 1599 926 1626 ἴσον
936 1599 1044 1631 κύκλον,
1054 1600 1102 1626 καὶ
1111 1599 1184 1625 ἔστιν
1192 1599 1328 1635 ὀφθαλμὸς
1337 1601 1365 1626 ἐν
1372 1599 1410 1634 τῷ
1419 1599 1655 1635 πτερῷ.Αῐ’ἱδιοιε-

869 1644 920 1676 les,
935 1644 982 1671 lib.
996 1651 1004 1670 ι
1017 1643 1054 1670 De
1061 1643 1123 1670 hist.
1136 1644 1230 1675 anim.,
1242 1651 1303 1671 eum
1315 1643 1443 1680 φθονερὸν
1451 1645 1497 1670 καὶ
1512 1645 1654 1679 φιλόκαλον

869 1694 963 1722 vocat;
987 1689 1047 1723 ejus
1069 1689 1289 1721 ostentationem,
1313 1689 1468 1724 superbiam
1499 1697 1530 1717 ac
1554 1690 1653 1718 fastum

868 1735 985 1770 explicat
1003 1735 1128 1762 Elianus
1142 1735 1188 1761 lib.
1203 1742 1220 1760 v
1240 1734 1278 1760 De
1298 1734 1392 1761 histor.
1418 1735 1512 1766 anim.,
1528 1743 1588 1770 cap.
1603 1735 1653 1769 2|;

869 1780 1020 1815 Oppianus,
1033 1779 1072 1806 De
1082 1780 1226 1812 venatione,
1238 1779 1286 1807 lib.
1309 1787 1339 1811 ιι,
1357 1784 1383 1807 et
1395 1779 1442 1807 lib.
1453 1788 1495 1810 ιιι.
1507 1781 1553 1815 qui
1565 1781 1603 1808 ait
1615 1782 1653 1808 nil

866 1826 1016 1861 jucundius
1037 1834 1068 1853 ac
1090 1826 1232 1860 pulchrius
1258 1833 1362 1860 pavone
1386 1826 1413 1852 in
1427 1826 1508 1854 rebus
1526 1835 1540 1853 a
1557 1831 1652 1854 natura

869 1872 1036 1907 profectum;
1066 1871 1156 1904 Phile,
1186 1872 1213 1898 in
1241 1870 1362 1903 Ianthis;
1390 1871 1521 1907 Georgius
1550 1872 1652 1905 Pisida,

869 1917 907 1945 De
923 1917 1013 1944 mundi
1031 1918 1135 1952 opiﬁc.;
1153 1917 1336 1944 Philostratus
1351 1915 1448 1944 Junior
1465 1916 1572 1945 Ileroic.
1587 1918 1614 1948 2,
1627 1919 1654 1945 in

869 1963 1042 1996 Alexandro,-
1066 1963 1213 1999 Gregorius
1238 1963 1425 1991 Nazianzenus
1443 1964 1524 1990 Κατὰ
1546 1973 1654 1998 γυναι-

869 2010 931 2037 κῶν
942 2009 1223 2044 καλλωπιζομένων,
1235 2009 1391 2041 Athenaeus,
1406 2009 1468 2036 libr.
1486 2017 1524 2042 Ix,
1541 2010 1654 2044 Deipho-

869 2056 991 2090 sophist.;
1003 2056 1110 2088 Cicero,
1129 2064 1157 2082 ιιι
1176 2055 1215 2082 De
1228 2055 1341 2090 ﬁnibus;
1357 2055 1517 2089 Columella,
1531 2056 1578 2083 lib.
1594 2064 1652 2089 γιιι,

869 2103 952 2137 capit.
964 2103 992 2129 il
1005 2111 1013 2136 ;
1027 2102 1176 2134 Lucianus,
1190 2102 1227 2129 De
1235 2101 1328 2134 domo;
1341 2101 1453 2134 Gellius,
1468 2102 1514 2130 lib.
1527 2110 1574 2132 vti.
1592 2111 1652 2137 cap.

871 2148 920 2181 i7;
938 2147 987 2174 Dio
1001 2147 1225 2183 Chrysostomus,
1249 2147 1373 2174 oratione
1388 2147 1545 2182 Olympica;
1563 2147 1652 2175 Theo-

49 2196 128 2223 studio
143 2198 182 2225 uti
202 2198 272 2226 ﬁlios
297 2198 455 2233 complexus
485 2197 583 2228 fuerat,
598 2196 678 2223 etiam
709 2196 732 2223 si
751 2203 820 2230 opus
836 2207 858 2234 ο
872 2194 1015 2230 phylactus
1024 2193 1188 2224 Simocatus,
1203 2193 1284 2227 epist.
1296 2194 1325 2220 5|
1338 2202 1345 2226 ;
1360 2193 1526 2228 Epiphanius
1543 2194 1569 2220 in
1581 2193 1653 2228 Phy-

49 2238 144 2275 iuisset,
158 2243 199 2271 sui
213 2244 356 2277 sanguinis
375 2243 469 2271 fovens
480 2242 622 2274 ell‘usione,
638 2249 655 2268 ο
669 2248 732 2269 vero
745 2241 820 2275 pele-

48 2293 147 2321 canum,
164 2298 226 2318 rere
252 2298 365 2317 aureum
375 2310 383 2322 ,
397 2297 459 2316 vere
473 2288 638 2323 φιλότεκνον.
659 2287 697 2314 Ne
713 2287 819 2314 felicem

49 2335 71 2359 le
84 2333 220 2367 Graeciam,
243 2336 334 2364 felices
351 2339 412 2363 tuos
432 2334 662 2366 adolescentulos,
685 2334 753 2360 tanti
771 2341 818 2367 pa-

48 2379 111 2406 troni
121 2382 245 2415 praesidio
256 2382 284 2409 in
294 2381 412 2409 maxima
426 2380 590 2407 necessitate
606 2387 668 2406 vere
683 2378 818 2406 defensos.

49 2421 142 2457 Gaude,
158 2428 254 2462 gaude,
283 2427 350 2454 tanti
373 2426 425 2453 viri
450 2425 574 2460 excmplo
601 2424 819 2459 prasstantissimi

49 2470 157 2506 (“linque
171 2474 301 2508 praesules
315 2477 377 2501 tuos
392 2472 471 2503 ﬁlios,
488 2475 515 2499 et
534 2472 619 2503 alunt,
648 2475 675 2499 ct
698 2471 820 2498 moribus

51 2515 214 2553 scientiisque
223 2519 504 2552 iniormant,quoruin
516 2516 608 2544 laudes
619 2524 691 2544 nunc
700 2524 751 2543 non
766 2520 819 2542 tam

49 2564 268 2596 Prwtermittimus,
280 2572 358 2600 quam
374 2563 408 2590 ad
424 2564 550 2598 majurint
565 2562 695 2589 scribendi
709 2562 819 2596 diligen-

50 2604 108 2632 tiam
121 2616 289 2637 reservamus-

82 2650 154 2685 lbid..
167 2655 214 2684 lin.
229 2657 268 2683 li.
287 2653 374 2684 Οὗτοι
389 2655 423 2681 δὲ
437 2656 464 2682 οἱ
477 2654 650 2686 πελεκᾶνες.
669 2653 740 2681 idem
756 2661 819 2680 nar—

52 2700 88 2722 l'al
101 2697 255 2729 Aristoteles
270 2702 318 2728 lib.
335 2701 405 2734 Περὶ
424 2700 598 2734 θαυμασίων
610 2699 817 2733 ἀκουσμάτων,

52 2743 74 2765 et
88 2741 130 2770 lib.
142 2752 168 2771 lx
177 2745 211 2772 De
226 2747 288 2774 hist.
308 2747 403 2777 anim.,
417 2753 477 2780 cap.
491 2745 540 2771 i0:
553 2743 617 2770 Οἱδὲ
633 2744 779 2776 πελεκᾶνες
793 2745 817 2770 oi

52 2785 76 2811 ἐν
86 2789 136 2820 τοῖς
151 2793 279 2827 ποταμοῖς
293 2792 428 2826 γινόμενοι
440 2791 616 2817 καταπίνουσι
633 2790 682 2821 τὰς
698 2790 817 2825 μεγάλας

53 2831 141 2866 κέγγσς
151 2837 194 2864 καὶ
205 2837 285 2870 λείας
295 2838 358 2864 ὅταν
368 2837 389 2864 δ’
405 2838 432 2864 ὲν
443 2837 480 2870 τῷ
497 2837 548 2868 πρὸ
565 2836 612 2871 τῆς
628 2837 729 2869 κοιλίας
742 2837 817 2870 τόπῳ

872 2239 1126 2275 siolago;:,0vidius,
1143 2243 1170 2266 et
1185 2239 1242 2265 alii.
1261 2238 1376 2271 Plinius,
1395 2239 1441 2266 lib.
1465 2247 1492 2271 ι,
1510 2246 1569 2274 cap.
1591 2239 1628 2266 20
1645 2250 1650 2266 :

872 2285 1036 2313 Gemmantes
1054 2286 1179 2313 laudatus
1192 2285 1316 2320 expandit
1328 2285 1437 2319 colores,
1450 2286 1557 2312 adverso
1571 2287 1654 2312 maxi-

871 2342 911 2360 me
925 2333 989 2365 sole,
1005 2334 1067 2366 quia
1084 2333 1122 2360 sic
1137 2332 1280 2368 fulgentius
1300 2333 1417 2359 radiant.
1446 2332 1533 2360 Simul
1554 2332 1654 2360 umbra:

870 2380 998 2414 quosdam
1011 2387 1176 2413 repercussus
1186 2380 1298 2411 steteris,
1308 2379 1335 2406 in
1346 2387 1426 2413 opaco
1435 2379 1533 2406 clarius
1543 2379 1651 2410 micant.

871 2426 998 2452 canchata
1012 2426 1106 2460 quwrit
1125 2426 1211 2452 cauda
1227 2434 1235 2452 :
1256 2433 1394 2460 omnesque
1413 2426 1439 2452 in
1456 2433 1575 2452 acervum
1592 2434 1653 2452 con-

870 2472 951 2498 trahit
969 2480 1125 2506 pennarum,
1140 2480 1204 2506 quos
1220 2471 1332 2505 spectari
1353 2471 1448 2506 gaudet
1467 2472 1566 2498 oculos.
1587 2471 1654 2499 Ter-

869 2518 1012 2550 tullianus,
1029 2518 1076 2545 lib.
1097 2518 1133 2544 De
1162 2517 1243 2551 pallio
1273 2526 1282 2544 .'
1311 2517 1381 2544 Pavo
1404 2517 1495 2552 planta
1515 2518 1605 2548 vestis,
1629 2523 1653 2544 et

869 2562 972 2597 quidem
983 2563 1013 2589 de
1028 2562 1170 2594 cataclitis,
1187 2563 1239 2588 imo
1258 2563 1329 2589 omni
1345 2562 1479 2596 conchylio
1495 2561 1651 2595 depressior.

868 2617 920 2644 qua
936 2608 1005 2634 colla
1025 2608 1130 2642 ﬂarent,
1146 2613 1170 2635 et
1194 2608 1265 2634 omni
1291 2608 1398 2642 patagio
1419 2607 1578 2638 inauratior,
1601 2615 1655 2641 qua

869 2660 942 2688 terga
962 2654 1077 2688 fulgent;
1093 2659 1116 2680 et
1133 2654 1204 2680 omni
1223 2657 1338 2688 syrmate
1359 2653 1481 2684 solutior,
1496 2659 1547 2687 qua
1562 2652 1654 2679 cauda:

864 2699 966 2734 jacent,
990 2699 1151 2730 multicolor,
1171 2703 1195 2725 et
1218 2698 1344 2730 discolor,
1367 2703 1391 2725 et
1416 2697 1566 2730 versicolor,
1582 2705 1653 2723 nun-

867 2754 946 2780 quam
959 2746 1015 2779 ipsa
1026 2753 1126 2780 semper
1138 2745 1203 2778 alia,
1218 2745 1267 2772 etsi
1281 2752 1381 2778 semper
1395 2745 1452 2778 ipsa
1465 2744 1569 2778 quando
1581 2743 1653 2774 alia;

869 2792 945 2819 toties
961 2791 1069 2826 denique
1086 2791 1213 2818 mutanda
1230 2791 1331 2826 quoties
1349 2789 1482 2817 movenda.
1506 2789 1570 2816 Vide
1584 2796 1651 2824 prie-

868 2841 940 2865 tcrcn
953 2836 1084 2864 Joannem
1103 2835 1296 2868 Passeratium,
1311 2840 1337 2862 ct
1352 2834 1474 2868 Ulyssem
1501 2833 1651 2862 Aldrovan-
