1897 3073
227 117 281 145 895

889 112 1013 140 LEOle
1031 112 1168 140 ALLATII
1809 116 1852 144 896

227 175 302 203 dum.
328 173 449 208 Scaliger
476 172 590 199 exercit.
616 171 680 203 258,
701 170 728 197 in
754 170 920 202 Cardanum,
942 169 1015 205 quod
1030 172 1054 200 Α
1067 170 1214 205 ἀπόφασιν.
1228 170 1360 200 Referunt
1371 175 1462 200 tamen
1475 172 1586 208 quidam
1597 173 1625 200 in
1636 173 1773 201 interiore
1786 173 1850 201 India

227 229 281 248 non
303 219 460 254 infrequens
475 222 518 245 est
536 217 607 252 apud
631 217 792 251 scriptores,
812 223 944 252 pavonem
962 216 1016 242 sci-

227 267 300 299 licet,
319 265 476 299 conspectis
496 264 631 300 pedibus,
654 263 728 298 quod
751 267 845 298 turpes
865 263 919 290 sint
941 262 1016 289 voci-

226 312 319 345 ferari,
344 311 515 338 anicularum
542 310 662 338 fabulam
687 314 775 337 vocat.
799 309 867 336 Vide
884 309 1015 343 Pierium,

225 359 273 384 lih.
293 365 367 384 xxtv.
672 378 675 380 .

261 404 339 435 lhid.,
357 403 405 430 lin.
418 403 462 430 55.
482 403 509 428 '0
524 402 558 428 δὲ
570 402 670 437 φοῖνιξ
680 401 805 436 μέγεθος
817 401 885 436 μέν.
897 400 1013 434 Plinius,

225 450 272 478 lib.
287 458 316 482 ι,
331 458 391 485 cap.
412 451 429 477 2
445 459 451 476 :
470 450 574 484 Aquila:
589 454 716 476 narratur
739 448 930 484 magnitudine,
953 448 1014 474 auri

224 496 326 532 fulgore
340 497 410 523 circa
428 498 509 526 colla,
528 501 625 523 ca-tera
640 503 796 530 purpureus.
815 498 955 522 caeruleam
969 503 1014 521 ro-

223 543 274 570 seis
296 542 411 569 caudam
425 542 516 576 pennis
534 541 767 577 distinguentibus,
793 542 882 569 cristis
905 542 1012 576 facient,

222 593 353 624 caputque
361 589 466 623 plumea
481 589 554 622 apice
567 588 762 615 cohonestante.
773 588 894 616 Achilles
905 587 1012 621 Tatius,

223 634 271 662 lib.
290 642 319 661 ιιι
329 635 433 666 ;Φοῐνιξ
447 634 496 670 μὲν
512 635 526 660 ὀ
539 634 613 669 ὅρνις
624 634 720 668 ὄνομαθ
734 634 764 660 τὸ
775 633 803 659 δὲ
815 634 893 667 γένος
904 633 1010 668 Αἰθίοψ,

224 679 338 714 μέγεοος
349 681 418 707 κατὰ
435 680 535 707 ταῶνα·
551 680 600 715 τὴν
613 679 707 715 χροιὰν
721 679 793 710 ταὼς
808 680 836 705 ὲν
848 679 941 706 κάλλει
953 679 1013 705 δεύ-

221 733 309 762 τερος.
328 727 500 762 Κεκέρασται
523 725 573 760 μὲν
596 725 683 760 πτερὰ
701 725 793 760 χρυσῷ
810 726 856 760 καὶ
872 726 1012 761 πορφύρᾳ,

222 772 301 807 αὐχεῖ
313 772 341 798 δὲ
352 772 397 798 τὸν
409 772 484 807 ἥλιον
495 772 640 807 δεσπότην,
654 773 702 799 καὶ
715 773 732 807 ἡ
747 771 852 807 κεφαλὴ
869 773 1011 808 μαρτυρεῖ·

221 819 392 853 ἐστεφάνωσε
405 819 460 854 γὰρ
473 819 557 854 αὐτὴν
569 819 669 851 κύκλος
680 819 792 855 εὐφυὴς,
806 819 883 855 ἡλίου
898 819 926 846 δέ
939 821 1012 847 ἐστιν

221 867 235 892 ὁ
244 865 292 892 τοῦ
304 865 404 892 κύκλου
417 866 547 900 στέφανος
560 865 651 893 εἰκών.
666 866 787 898 Κυάνεός
801 867 870 898 ἐστι,
885 867 932 892 καί
943 867 1012 893 εἰσιν

220 908 300 937 αὗται
325 911 432 947 πτερῶν
458 911 596 938 ἀνατολαί.
623 911 786 947 Μερίζονται
812 912 841 939 δὲ
863 912 946 938 αὑτοῦ
965 913 1013 939 Ai-

220 957 314 989 θίοπες
338 958 387 993 μὲν
409 958 459 994 τὴν
484 958 567 993 ζωὴν,
589 958 733 992 Αἰγύπτιοι
757 959 785 985 δὲ
807 959 856 994 τὴν
872 959 1010 995 τελευτήν.

219 1003 376 1031 Phoenicem
388 1004 514 1039 deposito
530 1005 608 1032 senio
619 1004 785 1039 repullulare
802 1012 834 1032 ac
848 1005 1012 1032 reviviscere

220 1055 299 1077 vetus
320 1050 415 1077 eadem
439 1054 467 1078 et
489 1058 570 1083 nova,
590 1050 703 1078 tradunt
729 1050 865 1078 Aristides
886 1051 1012 1079 oratione

218 1097 253 1124 de
269 1095 385 1132 Smyrna
400 1096 582 1129 reaedilicata;
600 1096 781 1128 Claudianus,
798 1101 893 1125 auctor
908 1098 1011 1125 carmi-

218 1143 262 1170 nis
281 1142 314 1170 de
331 1143 459 1178 phmnice
480 1142 553 1178 apud
568 1142 741 1170 Lactantium
755 1151 762 1176 ;
777 1142 897 1171 Joannes
913 1143 1011 1179 Xiphi-

217 1189 302 1222 linus,
317 1189 345 1216 in
360 1189 485 1222 Tiberio;
501 1188 667 1221 Herodotus,
684 1189 732 1217 lib.
749 1197 789 1222 ll;
807 1188 909 1223 Horus,
925 1190 972 1217 lib.
989 1198 1008 1223 ι,

217 1242 278 1270 cap.
296 1235 350 1268 55;
368 1233 489 1267 Solinus,
509 1242 570 1270 cap.
587 1235 639 1268 '55;
661 1234 829 1269 Pomponius
852 1234 933 1268 Mela,
959 1235 1008 1264 lib.

217 1289 260 1313 ιιι,
280 1289 340 1316 cap.
359 1281 393 1314 9;
410 1282 536 1309 Clemens
560 1280 701 1308 Romanus
728 1282 775 1308 lib.
793 1290 809 1309 v
831 1282 1009 1310 Constitutio-

216 1334 291 1359 num,
309 1334 371 1362 cap.
387 1327 414 1359 6,
432 1334 512 1361 quem
530 1327 624 1354 laudat
643 1326 762 1362 Cyrillus
781 1325 1008 1363 llierosolymita-

217 1380 281 1403 nus,
303 1372 439 1400 Cateches.
459 1372 503 1404 18,
528 1372 566 1400 De
582 1374 800 1408 resurrectione;
820 1373 1008 1401 Tertullianus

216 1418 265 1445 lib.
278 1417 317 1444 De
330 1423 484 1450 resurrect.,
499 1426 560 1453 cap.
580 1419 631 1452 15;
661 1419 833 1452 Ambrosius,
856 1420 903 1447 lib.
921 1428 960 1453 vi,
979 1421 1007 1447 in

217 1463 347 1497 Hexaem,
361 1471 421 1499 cap.
437 1464 482 1497 23,
495 1467 523 1491 et
536 1464 583 1491 lib.
602 1463 641 1491 De
656 1464 708 1499 ﬁde
723 1467 944 1499 resurrectionis;
957 1466 1008 1493 Na-

217 1511 365 1538 zianzenus
377 1509 483 1542 ,Carm.
499 1510 533 1536 ad
549 1511 682 1545 virgines;
701 1511 882 1547 Epiphanius,
901 1512 930 1540 in
951 1514 1006 1540 An-
1021 1530 1043 1561 ο

217 1560 324 1587 carata;
347 1555 502 1590 Cyprianus
528 1559 556 1583 ct
585 1555 712 1588 Rufinus,
730 1557 758 1583 in
779 1556 920 1591 Symbolo.
940 1558 1006 1593 Ejus

216 1601 340 1627 meminit
355 1600 489 1628 Eusebius
504 1599 692 1631 Caesariensis,
706 1601 751 1628 lib.
770 1609 796 1628 tv
815 1601 854 1629 De
872 1603 918 1630 vit.
935 1602 1007 1630 Con-

216 1652 298 1675 stant.
314 1647 352 1675 De
374 1648 488 1675 historia
508 1648 590 1683 hujus
609 1648 668 1676 avis
688 1648 793 1675 haesitat
807 1647 1005 1681 Nazianzenus,

215 1699 242 1721 et
259 1695 286 1721 ln
307 1694 419 1722 dubium
437 1698 526 1727 vorat,
542 1695 616 1722 hom.
634 1695 669 1722 de
685 1695 789 1730 Spiritu
802 1700 897 1723 sancto
911 1706 920 1724 τ
932 1697 962 1723 El
977 1697 1006 1723 δέ

215 1749 254 1775 τῳ
276 1740 370 1772 πιστὸς
393 1741 407 1767 ὁ
425 1740 514 1775 λόγος,
535 1741 582 1768 καὶ
607 1741 685 1773 ἄλλος
711 1740 770 1768 ἐστὶ
791 1741 891 1777 τρόπος
911 1743 1006 1778 γεννή-

216 1794 294 1818 σεως,
311 1785 377 1812 αὑτό
392 1794 418 1812 τι
441 1786 486 1821 ὑφ’
510 1786 606 1812 ἑαυτοῦ
632 1786 837 1822 δαπανώμενον,
855 1787 901 1814 καὶ
916 1788 1006 1815 τικτό-

217 1839 306 1866 μενον.
331 1830 363 1857 Et
380 1830 497 1863 Plinius,
512 1831 556 1858 lib.
574 1840 603 1864 Χ,
621 1839 682 1866 cap.
699 1831 717 1858 2
738 1841 745 1859 :
765 1831 914 1867 Afthiopes,
929 1839 1005 1869 atque

215 1875 278 1903 Indi
295 1876 437 1904 discolores
448 1877 563 1904 maxime
582 1883 604 1904 et
624 1877 813 1905 inenarrabiles
829 1879 916 1913 ferunt
934 1888 1003 1913 aves,

214 1927 240 1949 et
267 1927 327 1949 ante
354 1931 442 1950 omnes
473 1923 588 1950 nobilem
614 1924 715 1950 Arabia
741 1924 911 1953 Phoenicem:
933 1926 1005 1953 haud

214 1969 269 1995 scio
297 1977 331 1995 an
352 1968 482 2003 fabulose.
508 1978 589 1996 unum
615 1969 642 1996 in
668 1974 721 1996 toto
748 1970 820 2003 orbe,
844 1979 890 1998 nec
919 1973 1004 1998 visunt

215 2022 380 2049 magnopere.
402 2015 585 2051 Hieronymus
599 2016 753 2048 Cardanus,
772 2017 818 2044 lib.
837 2026 864 2051 ιι,
882 2017 921 2045 De
940 2018 1004 2045 sub-

215 2060 311 2087 tilitate
330 2069 340 2089 :
358 2061 516 2089 Phoenicem
532 2062 716 2097 praedicarunt
738 2064 826 2096 inulti,
844 2072 932 2097 avem,
962 2065 1004 2091 in-

215 2106 285 2142 quit,
302 2106 400 2134 fabulte
415 2115 495 2142 quam
512 2108 617 2134 veritati
634 2108 788 2143 propiorem
802 2118 809 2142 ;
828 2113 855 2136 et
869 2109 1003 2137 Maximus

215 2152 327 2188 Martyr,
346 2153 364 2180 l.
383 2153 416 2179 ad
438 2152 549 2181 Petrum
570 2154 704 2182 illustrem
723 2160 820 2182 contra
841 2155 936 2183 Severi
954 2156 1002 2182 do-

1067 223 1143 243 avcm
1153 224 1215 244 esse
1224 217 1334 244 nomine
1345 218 1512 250 sententiam,
1521 227 1581 253 qua:
1589 223 1712 247 rostrum
1722 219 1805 246 habet
1813 221 1851 247 tri-

1066 262 1128 296 plici
1140 262 1246 294 ordine,
1259 267 1341 299 atque
1352 268 1381 291 ut
1398 265 1425 292 in
1436 265 1590 300 ellychiniis
1601 267 1691 301 undeq
1697 274 1788 301 uaque
1800 274 1851 302 per-

1065 308 1195 342 foratum,
1204 317 1266 344 quae
1276 310 1409 337 moritura
1419 310 1499 338 dulce
1510 316 1591 338 canat
1602 319 1758 347 cygnorum
1772 319 1850 340 more.

1065 353 1130 381 Inde
1150 356 1273 383 collectis
1286 357 1432 385 sarmentis
1447 363 1521 384 motu
1543 358 1647 384 alarum
1664 357 1801 384 accendat
1813 366 1850 390 ea,

1066 406 1226 437 uraturque,
1247 410 1280 430 ex
1301 403 1380 437 cujus
1401 403 1494 431 cinere
1506 404 1618 435 vermis,
1638 409 1696 431 tum
1712 412 1746 431 ex
1767 411 1852 432 verme

1065 450 1123 476 avis
1143 448 1233 476 denuo
1250 454 1420 477 renascatur.
1437 450 1570 486 Scaliger,
1582 451 1782 478 exercitatione
1793 458 1852 478 con-

1064 498 1107 520 tra
1120 493 1276 522 Cardanum
1296 496 1349 523 9.55
1363 505 1370 524 :
1387 496 1545 528 Phoenicem,
1561 497 1660 532 inquit,
1676 505 1731 524 non
1746 505 1802 523 esse
1813 505 1852 531 pe-

1065 541 1135 567 nitus
1155 541 1305 575 fabulosam
1321 542 1430 577 legimus
1446 543 1472 569 in
1487 542 1691 570 Commentariis
1710 544 1852 577 navigatio-

1065 594 1127 612 num
1146 587 1174 612 in
1197 587 1395 614 mediterraneis
1418 587 1506 615 Indiw
1526 589 1645 623 reperiri.
1662 588 1798 616 Sententia
1815 597 1852 615 ro-

1065 638 1141 659 catur
1155 633 1188 659 ab
1198 633 1304 661 incolis.
1325 634 1457 662 Caeterum
1469 635 1547 669 hujus
1560 635 1679 662 historice
1694 635 1777 670 fidem
1793 635 1852 662 levat

1065 679 1186 706 additum
1201 680 1376 707 mendacium.
1392 681 1473 707 Aiunt
1484 681 1553 707 enim
1568 681 1592 708 ei
1613 685 1733 707 rostrum
1750 681 1854 715 tri/istu-

1065 726 1131 760 lare,
1155 731 1184 753 ut
1202 728 1331 754 musicum
1356 727 1417 754 edat
1444 735 1548 754 sonum.
1571 726 1655 761 Cujus
1676 727 1712 754 ad
1728 727 1852 754 imitatio-

1065 781 1122 799 nem
1141 777 1261 807 pastores
1285 774 1489 801 instrumentum
1510 774 1704 809 composuerint
1724 773 1799 800 haud
1817 773 1853 800 in-

1065 827 1155 846 suave.

1027 850 1051 879 Β
1099 864 1180 897 lhid.,
1199 866 1247 893 lin.
1261 866 1294 894 ιιι
1311 876 1318 894 ς
1339 867 1385 900 Ὠς
1399 866 1558 901 ἱστορῆσαι
1575 866 1626 893 καὶ
1641 866 1771 898 ἄλλους.
1791 866 1853 892 Car-

1063 910 1138 938 mina
1157 915 1221 939 sunt
1240 911 1391 939 Ezechielis
1411 912 1605 947 tragmdiarum
1622 911 1783 946 scriptoris,
1798 918 1852 945 quae

1062 958 1127 985 item
1143 957 1279 986 Eusebius
1307 959 1354 986 lib.
1383 967 1412 986 ιι
1434 959 1472 985 De
1493 958 1690 994 prwparatione
1708 956 1851 992 euangelica

1062 1005 1166 1033 retulit.
1179 1005 1226 1033 Sic
1238 1006 1338 1033 debent
1345 1005 1478 1041 distingui
1490 1027 1496 1033 .

1099 1063 1221 1097 Ἕτερον
1235 1063 1270 1090 δὲ
1289 1063 1364 1097 πρὸς
1381 1063 1475 1089 τοῖσδ’
1489 1063 1609 1097 εἴδομεν
1622 1061 1698 1092 ζῶον
1711 1061 1813 1094 ξένον,

1097 1099 1287 1133 Θαυμαστὸν,
1302 1097 1366 1125 οἷον
1380 1098 1497 1125 οὐδέπω
1509 1097 1605 1132 ὣρακέ
1618 1106 1675 1131 τις.

1097 1131 1229 1170 Διπλοῦν
1241 1134 1296 1169 γὰρ
1312 1133 1351 1170 ἦν
1368 1134 1401 1160 τὸ
1414 1134 1513 1170 μῆκος
1526 1131 1625 1170 altera?)
1641 1131 1768 1168 σχεδὸν,

1096 1169 1232 1203 Πτεροῗοί
1249 1168 1443 1200 ποικίλοισιν,
1461 1169 1515 1203 ἠδὲ
1532 1168 1697 1203 χρώμασιν.

1097 1205 1211 1238 Στῆθος
1224 1205 1283 1239 μὲν
1301 1204 1394 1232 αὐτοῦ
1410 1204 1584 1238 πορφυροῦν
1599 1204 1750 1238 ἐφαίνετο·

1096 1240 1194 1273 Σκέλη
1210 1241 1244 1266 δὲ
1258 1241 1456 1275 μιλτόχρωτα,
1474 1241 1522 1266 καὶ
1538 1240 1602 1266 κατ’
1616 1239 1735 1275 αὐχένα

1094 1276 1293 1309 Κροκωτίνοις
1306 1275 1471 1310 μαλλοῖσιν
1486 1274 1682 1308 εὐτρεπίζετο-

1095 1311 1177 1345 Κίὶρα
1190 1310 1224 1337 δὲ
1241 1312 1343 1344 κοίτης
1363 1310 1483 1345 ἡμέροις
1498 1312 1686 1345 παρεμφερὲς

1095 1347 1149 1372 Καὶ
1164 1346 1278 1380 unum
1291 1346 1349 1381 μὲν
1363 1345 1399 1379 τῇ
1417 1346 1490 1379 κόρῃ
1507 1345 1696 1378 προσέϐλεπε

1094 1383 1212 1414 Κύκλῳ,
1230 1383 1303 1415 κόρῃ
1317 1381 1352 1407 δὲ
1368 1382 1477 1415 κόκκος
1491 1381 1531 1413 ὡς
1543 1381 1692 1415 ἐφαίνετο.

1096 1417 1202 1450 φωνὴν
1217 1416 1251 1442 δὲ
1265 1414 1387 1443 πάντων
1400 1414 1481 1450 εἶχεν
1494 1414 1753 1450 ἐκπρεπεστάτην.

1094 1451 1245 1484 Βασιλεὺς
1260 1451 1294 1477 δὲ
1311 1451 1433 1478 πάντων
1445 1450 1556 1485 ὀρνέων
1566 1452 1717 1485 ἐφαίνετο,

1101 1487 1147 1519 Ὠς
1164 1486 1203 1522 ἦν
1216 1486 1336 1520 νοῆσαι.
1351 1486 1456 1522 Πάνταῗ
1467 1486 1522 1521 γὰρ
1536 1486 1572 1512 τὰ
1588 1486 1676 1519 πτήν’
1689 1485 1766 1520 ὁμοῦ

1097 1523 1237 1549 Ὄπίσθεν
1256 1522 1350 1548 αὑτοῦ
1365 1521 1509 1548 δειλιῶντ’
1525 1521 1691 1552 ἐπέσσυτο.

1093 1557 1190 1590 Αὐτὸς
1208 1557 1243 1583 δὲ
1260 1558 1381 1590 πρόσθε,
1400 1557 1509 1590 ταῦρος
1523 1557 1563 1589 ὡς
1576 1557 1790 1592 γαυρούμενος,

1096 1593 1212 1619 ’Ἐϐαινε
1225 1592 1372 1627 κραιπνὸν
1384 1592 1470 1627 βλῆμα
1483 1592 1642 1625 βαστάζων
1657 1592 1764 1625 ποδός.

1092 1647 1172 1681 lhid.,
1188 1648 1237 1674 lin.
1259 1647 1304 1675 58.
1327 1648 1417 1675 Τοῦτό
1435 1657 1511 1683 φασι
1533 1649 1708 1684 μονογενὲς.
1736 1649 1846 1678 Michael

1057 1693 1166 1729 Glycas,
1184 1693 1231 1721 lib.
1247 1702 1254 1720 ι
1274 1694 1372 1721 Annal.
1385 1694 1431 1720 :‘O
1446 1694 1534 1729 φοῖνιξ
1552 1696 1566 1721 ὁ
1589 1695 1736 1730 Ἀραὸικδς
1751 1697 1847 1732 ὀρνέων

1056 1740 1164 1775 λέγεται
1182 1737 1253 1767 εἶναι
1277 1741 1419 1776 μονογενὲς
1442 1741 1542 1775 ἄζυγον
1563 1743 1592 1768 ὲν
1616 1743 1648 1777 τῇ
1670 1742 1844 1778 δημιουργίᾳ·

1056 1786 1127 1814 κατὰ
1148 1786 1195 1822 ἐτη
1223 1790 1249 1821 φ’
1275 1786 1354 1813 τοῦτο
1367 1787 1476 1823 πάσχει·
1498 1788 1511 1814 ὃ
1529 1788 1576 1814 καὶ
1600 1788 1719 1824 φαιδρὰν
1732 1791 1847 1825 παριστᾷ

1055 1833 1104 1868 τὴν
1117 1833 1273 1860 ἀνάστασιν.
1291 1833 1325 1860 Et
1338 1834 1390 1861 hoc
1402 1834 1452 1861 fuit
1471 1835 1637 1870 praecipuum
1657 1841 1846 1870 argumentum

1056 1879 1165 1906 Maximi
1188 1881 1325 1916 martyris.
1340 1880 1448 1907 Anitnal
1463 1889 1528 1915 ergo
1543 1889 1597 1908 non
1611 1881 1772 1918 singulare;
1792 1883 1845 1909 ani-

1055 1930 1158 1953 matum
1170 1927 1245 1961 quid,
1255 1932 1282 1954 et
1292 1934 1374 1954 sensu
1385 1927 1538 1962 prmditum,
1550 1935 1615 1963 ergo
1625 1935 1682 1955 non
1696 1928 1844 1964 singulare,

1055 1979 1116 1999 cum
1135 1973 1239 2000 nullum
1262 1973 1365 2000 animal
1386 1973 1485 2005 solum,
1508 1973 1612 2000 nullum
1629 1975 1796 2009 animatum,
1817 1983 1845 2003 ac

1054 2025 1136 2046 sensu
1152 2018 1312 2053 praeditum,
1338 2018 1403 2045 dum
1423 2019 1603 2054 generationi,
1630 2023 1657 2047 et
1675 2021 1844 2056 corruptioni

1054 2065 1201 2093 obnoxium
1217 2070 1269 2098 est,
1287 2066 1376 2093 solum
1398 2074 1460 2093 esse
1481 2067 1576 2101 possit.

1088 2112 1149 2138 Col.
1164 2111 1225 2144 752,
1241 2112 1290 2140 lin.
1305 2113 1317 2139 1
1339 2122 1346 2139 :
1363 2112 1418 2139 Καὶ
1437 2113 1489 2146 ἔτη
1506 2112 1559 2147 ζῇν
1581 2115 1779 2142 πεντακόσια.
1794 2114 1843 2142 Nec

1053 2157 1080 2184 in
1094 2158 1255 2193 explicando
1276 2158 1412 2194 phmnicis
1426 2160 1489 2187 vine
1505 2160 1617 2194 periodo
1632 2165 1764 2189 auctores
1783 2169 1843 2189 con-

215 2205 304 2234 gmata
317 2208 324 2226 :
337 2199 367 2225 Εἰ
384 2199 438 2234 γάρ
458 2200 532 2226 ἐστιν
552 2199 626 2236 ὅρνις
641 2202 656 2227 ὀ
670 2201 767 2235 φοῖνιξ,
786 2201 833 2228 καὶ
850 2202 919 2233 ζῶον
935 2203 1000 2229 πάν-

1073 2205 1178 2232 eniunt.
1194 2204 1300 2232 Plinius
1315 2209 1459 2233 sexcentos
1484 2206 1626 2241 sexaginta
1650 2214 1741 2234 annos
1759 2208 1843 2235 vivere

213 2254 267 2276 τως
284 2245 367 2271 ἐστίν.
387 2246 417 2271 Ei
437 2245 465 2272 δὲ
480 2245 559 2278 ζῶον,
575 2246 682 2281 πρῶτον
699 2247 746 2282 μὲν
762 2248 792 2274 οὺ
810 2248 898 2283 πάντη
918 2257 1001 2284 μονα-

213 2291 297 2323 δικὸν,
309 2291 376 2319 καθὸ
389 2291 468 2325 ζῶον,
481 2292 510 2318 οὐ
524 2292 578 2328 γὰρ
591 2293 670 2328 μόνον
685 2293 762 2325 ζῶον·
774 2293 869 2320 ἔπειτα
883 2294 910 2320 δὲ
923 2294 1002 2329 εἴπερ

214 2337 292 2369 ζῶον,
317 2338 364 2364 καὶ
387 2337 466 2373 σῶμα
488 2337 607 2372 ἔμψυχον
629 2338 797 2373 αἰσθητικόν.
821 2340 852 2365 Ei
877 2339 905 2366 δὲ
923 2339 1003 2374 σῶμα.

213 2384 334 2420 ἔμψυχον
353 2385 512 2421 αἰσθητικόν
529 2387 602 2412 ἐστιν
616 2386 630 2411 ὁ
648 2385 743 2420 φοῖνιξ.
763 2387 808 2413 καὶ
829 2387 881 2413 ὑπὸ
895 2387 1002 2421 γένεσίν

213 2432 271 2458 ἐπι
289 2431 409 2467 δηλονότι
424 2432 470 2458 καὶ
489 2431 601 2468 φθοράν·
619 2433 718 2464 αὐτοὺς
738 2434 919 2469 ὲρωτήσωμεν
938 2434 1002 2466 τοὺς

213 2477 312 2510 σοφοὺς
331 2476 385 2504 τῶν
404 2477 487 2504 ὅντων
507 2477 652 2512 θεάμονας,
670 2477 694 2504 εἰ
709 2478 819 2505 δυνατόν
838 2479 895 2505 ὲστί
915 2480 1000 2507 τιτῶν

213 2522 265 2548 ὑπὸ
276 2522 381 2556 γένεσιν
391 2524 438 2549 καὶ
451 2522 554 2557 φθορὰν
568 2523 698 2559 ἐμψύχων
711 2524 757 2550 καὶ
769 2525 935 2560 αἰσθητικῶν
947 2534 1000 2552 σω-

214 2568 317 2603 μάτων,
334 2570 480 2604 μοναδικῆς
496 2570 629 2606 ὑπάρχειν
646 2570 705 2596 καθ¹
718 2571 866 2598 ὑπόστασιν
882 2571 998 2606 φύσεως,

212 2611 250 2641 ὧν
266 2616 281 2649 ἡ
297 2614 326 2648 ἐξ
343 2615 465 2651 ἀλλήλων
486 2616 547 2643 κατ’
564 2614 634 2648 εἶδος
654 2617 762 2652 διαδοχὴ
778 2617 902 2654 ἀρίδηλος
919 2627 1001 2654 χαρα-

212 2660 280 2695 κτὴρ
296 2660 345 2687 τοῦ
354 2658 424 2687 εἶναι
435 2661 482 2687 καὶ
495 2662 632 2697 ὃροςὲστὶ,
642 2662 766 2698 καθάπερ
779 2663 849 2698 καὶὴ
859 2663 917 2690 θεία
929 2672 999 2699 μαρ-

212 2707 288 2740 τυρεῖ
303 2707 398 2743 Γραιρὴ
406 2708 436 2733 τὸ
445 2707 554 2742 βέϐαιον
562 2707 594 2733 δι’
611 2709 708 2743 ἑαυτῆς
723 2707 769 2734 τοῦ
785 2707 864 2742 λόγου
880 2718 998 2744 παρεχο-

215 2749 281 2784 μένη
294 2749 333 2785 τῷ
347 2750 442 2786 δικαίῳ
454 2751 525 2783 Νῶε,
537 2752 663 2778 Εῖσελθε
679 2752 719 2779 σὺ
733 2753 783 2779 καὶ
797 2751 867 2786 πᾶς,
881 2757 946 2786 ctc.,
958 2752 999 2786 οἷς

213 2795 291 2830 εἰπερ
300 2795 338 2826 ὡς
347 2797 447 2830 πτηνὸν
456 2796 524 2828 ζῶον
537 2798 551 2823 ὁ
564 2797 651 2830 φοῖνίξ
659 2799 733 2824 ἐστιν
741 2798 909 2834 ἐναρίθμιος,
919 2807 998 2835 μονα-

211 2840 289 2877 διιεῆς
305 2839 364 2868 καθ’
382 2841 527 2869 ὑπόστασιν
542 2842 648 2876 φύσεως
664 2843 713 2870 οὐκ
721 2843 777 2871 ἐστι
787 2844 856 2872 κατὰ
866 2844 913 2882 τὴν
922 2845 997 2874 θείαν

1054 2251 1101 2283 ait,
1135 2250 1246 2279 Solinus
1270 2252 1434 2286 quingentos
1467 2252 1665 2287 quadraginta,
1691 2252 1841 2281 Philostra-

1054 2303 1098 2324 tus
1118 2300 1273 2329 sexcentos,
1295 2297 1421 2328 Nonnus.
1445 2297 1598 2333 Dionysiae.
1620 2298 1667 2325 lib.
1694 2306 1741 2331 η,
1762 2299 1841 2331 mille,

1053 2343 1177 2378 quidam,
1209 2342 1346 2371 referente
1383 2343 1489 2375 Tacito,
1524 2344 1598 2371 mille
1626 2345 1842 2380 quadringentos

1052 2390 1197 2424 sexaginta
1214 2397 1312 2422 unum,
1331 2389 1450 2417 Joannes
1466 2389 1580 2418 Tzetzes
1604 2398 1636 2417 ex
1662 2390 1840 2419 Cbmremone

1052 2435 1181 2471 Egyptio
1193 2443 1335 2463 sacrarum
1355 2435 1505 2464 litterarum
1521 2436 1623 2469 scriba,
1638 2444 1686 2464 sex
1698 2442 1726 2464 et
1741 2441 1839 2472 septem

1052 2482 1172 2509 millibus
1198 2482 1278 2509 annis
1304 2482 1396 2510 vivere
1413 2482 1488 2509 illum
1519 2486 1679 2510 constanter
1704 2482 1838 2514 affirmat;

1051 2526 1149 2555 Noster
1179 2527 1358 2558 Eustathius.
1386 2527 1551 2560 Herodotus,
1583 2529 1708 2560 Tacitus,
1742 2529 1838 2560 Herus,

1049 2571 1178 2599 Aurelius
1207 2571 1311 2604 Victor,
1341 2571 1438 2608 Glycas
1465 2577 1492 2600 et
1524 2573 1570 2599 alii
1598 2573 1769 2608 quingentis.
1799 2573 1838 2600 Sic

1050 2619 1131 2646 etiam
1149 2618 1316 2653 Epiphanius
1330 2619 1358 2646 in
1375 2619 1544 2654 Physiologa,
1560 2626 1620 2654 cap.
1635 2619 1679 2647 Η.

1085 2663 1163 2697 lhid.,
1179 2665 1227 2691 lin.
1244 2664 1272 2691 2.
1291 2665 1344 2691 Καὶ
1361 2666 1396 2692 ἐν
1409 2665 1500 2699 καιρῷ
1513 2665 1564 2692 τοῦ
1574 2665 1713 2700 μέλλειν.
1730 2665 1836 2693 Michael

1049 2710 1157 2746 Glycas,
1175 2711 1274 2738 Annal.
1290 2715 1357 2739 tom.
1379 2710 1388 2738 I
1405 2712 1504 2738 :At‘rro‘t
1527 2712 1581 2747 γὰρ
1600 2712 1647 2738 καὶ
1667 2713 1694 2738 οἱ
1713 2712 1837 2747 Ἕλληνες

1049 2756 1114 2792 περὶ
1127 2756 1209 2782 αὐτοῦ
1224 2756 1391 2792 διηγοῦνται,
1411 2757 1452 2783 ὃτι
1470 2758 1603 2793 προγνοὺς
1616 2757 1648 2783 τὸ
1664 2757 1745 2789 τέλος
1761 2756 1835 2784 αὐτοῦ

1049 2801 1157 2837 ἔρχεται
1174 2802 1237 2837 περὶ
1258 2802 1307 2838 τὴν
1330 2803 1476 2836 Αἴγυπτον,
1499 2803 1546 2829 καὶ
1564 2803 1681 2838 ἀντικρὺ
1698 2803 1747 2830 τοῦ
1767 2802 1835 2838 ήλίον

1049 2848 1165 2881 ἵσταται,
1176 2845 1234 2876 εἶτα
1247 2848 1402 2884 τεῳροῦται,
1418 2849 1465 2877 καὶ
1478 2849 1531 2878 ἀπὸ
1542 2848 1589 2876 τοῦ
1597 2849 1660 2885 χοὸς
1673 2850 1758 2877 αὐτοῦ
1773 2848 1836 2876 σκώ-
