1897 3073
32 135 81 163 897

529 131 561 158 IN
576 129 760 158 EUSTATHII
780 126 1016 156 HEXAEMERON
1039 128 1156 156 NOT/E.

1597 125 1649 153 893

30 193 74 228 ληξ
89 191 225 226 γεννᾶται,
247 190 295 216 καὶ
309 189 388 220 αὐτὸς
404 186 481 220 αὖθις
496 189 536 220 εἰς
558 188 656 224 πτηνὸν
678 187 810 223 μεταϐάλ-

868 186 965 213 Versus
986 185 1079 213 Musaei
1096 185 1130 212 de
1147 192 1261 211 numero
1272 191 1385 212 ovorum
1402 183 1555 218 aquilarum
1566 183 1590 210 is
1607 187 1650 211 est

30 240 96 265 λεται
111 236 156 263 τὸν
173 235 294 270 φοίνικα.
314 234 440 266 Nonnus,
456 234 483 261 d.
501 234 560 261 loco
574 243 581 261 :

30 297 79 324 Kal
93 295 169 327 ξύλα
183 293 320 327 κηώεντα
333 292 431 327 φέρων
446 291 622 326 γαμψώνυχι
637 290 736 327 ταρσῷ

30 326 158 363 Χιλιεντὴς
171 326 272 362 σωρὸς
288 326 368 362 ὄρνις
382 328 428 354 ἐπ’
444 327 558 361 eadem)
570 326 624 353 σέο
637 326 728 363 ﬁculni)

32 365 123 396 Φοῖνιξ
133 360 232 398 reptile
244 360 325 396 βίοιο
340 362 436 397 φέρων
451 360 641 398 αὑτόσπορον
654 360 752 395 ἀρχὴν

34 404 154 428 Τικτεται
169 396 329 426 ῖὸνοτύποιο
341 396 459 432 χρόνου
478 397 693 432 παλινάγρετος
712 396 810 432 elicior,

32 437 124 468 Λύσας
132 435 157 461 δ’
168 434 203 461 ὲν
213 434 287 468 πυρὶ
298 433 401 469 γῆρας,
412 433 561 467 ἀμείϐεται
572 432 606 458 ἐκ
621 431 716 465 πυρὸς
724 431 810 465 ἥϐην.

33 491 145 518 Alcimus
155 490 256 516 Avitus
272 498 278 516 :

36 549 79 576 Hic
91 556 146 583 qua:
157 547 257 573 donari
270 545 393 583 mentitur
408 545 482 580 fama
500 543 601 583 Subigis

32 579 159 618 Cynn'ama
179 586 338 618 nascuntur,
355 581 430 618 vivata
445 588 502 615 qua:
518 580 618 614 colligit
641 579 706 613 ales,

33 616 118 646 Natali
132 626 190 644 cum
208 618 261 650 ﬁne
280 617 356 651 perit,
375 616 486 650 nidoque
498 621 605 649 perusto

32 653 167 682 Succedens
188 648 294 679 sibimet
307 651 418 686 qutesita
443 648 525 677 morte
542 648 695 686 resurgitf

33 689 81 716 Nec
95 693 217 715 contenta
228 695 278 714 suo
296 685 399 713 tantum
415 686 493 712 semel
505 685 596 712 ordine
611 685 696 716 nasci,

32 725 112 760 Longa
125 723 258 760 veternosi
275 726 414 759 renouatur
427 721 544 760 corporis
559 725 624 747 mtas
633 740 640 752 ,

33 756 212 794 lnsinsamque
233 758 320 784 levant
338 756 460 784 incendia
479 757 570 783 crebra
583 759 722 782 senectam.

33 815 108 843 Aliter
123 818 214 842 tamen
239 817 355 841 narrant
377 813 436 848 ejus
455 817 569 840 mortem
595 812 695 845 Horus,
717 811 764 839 lib.
781 818 812 843 ιι,

33 869 85 896 cap.
103 860 148 894 57;
166 860 313 895 Origenes,
331 860 378 887 lib.
399 867 425 886 IV
446 863 539 885 contra
554 857 675 889 Celsum;
695 857 814 884 Achilles
831 859 851 888 Β

34 907 129 939 Tatius,
146 907 194 934 lib.
217 914 261 938 in,
290 906 318 933 in
339 905 402 932 line.
424 904 592 940 Epiphanius
608 903 635 930 in
658 903 815 938 Physiologo

34 954 67 980 ait
81 963 88 981 :
104 953 254 988 Postquam
273 952 299 979 in
317 952 437 978 cinerem
451 954 508 978 tota
523 953 685 984 consumpta
701 953 753 982 est,
771 956 815 977 sc-

33 1000 117 1036 quenti
130 1000 174 1027 die
189 999 243 1027 alis
259 999 362 1027 renatis
377 998 503 1031 inveniri,
520 997 601 1025 tertio
621 997 755 1031 integram
771 1003 816 1024 sa-

34 1046 160 1074 cerdotem
176 1045 309 1077 salutare,
321 1048 558 1080 restauratamque
570 1043 653 1070 abire.
676 1042 814 1074 Albertus,

36 1093 97 1127 ignis
113 1093 138 1119 vi
152 1093 179 1119 in
195 1093 317 1119 cinerem
332 1091 412 1122 verti,
428 1090 472 1117 die
487 1091 574 1117 altero
590 1096 705 1116 vermem
731 1089 759 1116 in
774 1088 814 1116 ci-

35 1147 91 1166 nere
104 1139 188 1171 uasci,
205 1139 253 1174 qui
268 1138 318 1165 alis
336 1138 379 1165 die
392 1137 470 1164 tertia
494 1135 643 1170 assumptis
664 1135 735 1162 intra
750 1142 815 1169 pau-

36 1192 76 1212 cos
90 1184 145 1212 dies
162 1184 189 1211 in
213 1192 291 1211 avem
319 1183 442 1219 pristinae
466 1182 559 1217 ﬁgurae
577 1185 773 1211 commutatur.
789 1185 816 1208 ct

38 1230 127 1257 avolat.
154 1230 358 1261 Artemidorus,
382 1229 531 1256 Onerocrit.
553 1228 613 1258 lih.,
634 1234 693 1261 cap.
706 1225 752 1256 49,
775 1226 815 1252 lo-

38 1284 90 1301 cum
105 1283 136 1302 ex
148 1283 202 1310 quo
211 1275 324 1311 phoenix
337 1274 425 1302 evolct
442 1274 469 1301 in
482 1273 639 1308 Egyptum,
651 1276 677 1298 et
689 1272 721 1298 ad
734 1278 814 1305 quem

39 1329 93 1347 mox
112 1325 280 1352 revertatur,
298 1321 335 1348 ait
357 1320 486 1355 ignorari.
507 1313 706 1346 Artemidorum
725 1321 816 1344 trans-

39 1367 123 1402 cripsit
135 1366 235 1395 Suidas
247 1367 331 1394 verbo
344 1365 443 1398 Φοῖνιξ.
454 1365 491 1393 De
501 1365 628 1400 phoenice
637 1367 665 1391 et
676 1363 736 1398 ejus
749 1370 815 1398 rogo

38 1413 91 1440 vide
102 1412 209 1440 Petrum
224 1413 397 1444 Damianum,
414 1412 461 1438 lib.
477 1419 506 1444 ll,
523 1410 602 1445 epist.
619 1409 663 1436 l8.

67 1457 141 1490 lbid.,
155 1457 204 1484 lin.
220 1457 266 1484 10.
282 1457 309 1483 '0
326 1456 360 1483 δὲ
375 1456 461 1488 ἀετὸς
475 1455 541 1489 περὶ
557 1454 615 1489 τὴν
629 1452 814 1488 ἀνατροφήν.

39 1503 155 1536 Basilius.
171 1504 251 1532 born.
270 1503 305 1531 8:
329 1502 508 1533 Ἀδικώτατος
524 1502 587 1537 περὶ
602 1501 651 1536 τὴν
665 1499 719 1526 τῶν
734 1499 813 1533 ἐκγό-

39 1559 85 1577 νων
100 1551 234 1586 ὲκτροφὴν
251 1550 265 1576 ὁ
280 1549 368 1581 ἀετός.
387 1548 438 1575 Δύο
452 1548 506 1582 γὰρ
519 1546 661 1582 ἐξαγαγὼν
676 1545 812 1576 νεοσσοὺς,

39 1598 77 1621 τὸν
88 1596 175 1631 ἓτερον
183 1595 273 1623 αὐτῶν
283 1596 321 1627 εις
329 1594 381 1630 γῆν
392 1594 608 1629 καταρῤήγνυσι,
623 1593 682 1622 ταῖς
695 1591 814 1625 πληγαῖς

39 1642 85 1668 τῶν
100 1642 204 1678 πτερῶν
220 1641 425 1674 ὑπωθούμενος.
445 1641 496 1667 Τὸν
513 1639 534 1666 δ’
549 1639 641 1673 ἕτερον
657 1637 735 1678 μόνον
749 1637 814 1662 ἅνα-

40 1681 119 1709 λαόὼν
144 1677 301 1713 οἰκειοῦται,
332 1681 376 1707 διὰ
409 1680 441 1706 τὺ
478 1680 527 1714 τῆς
553 1678 656 1713 τροφῆς
687 1677 814 1703 ἐπίπονον

41 1726 245 1764 ἀποποιούμενος
263 1726 292 1753 ὃν
317 1726 472 1760 ἐγέννησεν.
501 1724 569 1750 Ἀλλ’
593 1723 643 1750 οὐκ
658 1723 691 1758 ἐᾷ
710 1721 813 1752 τοῦτον,

41 1771 72 1804 ὦς
94 1781 166 1807 φασι,
192 1772 377 1809 διαφθαρῆναι
401 1773 418 1806 ἡ
444 1771 529 1806 φήνη,
558 1768 614 1796 ἀλλ’
645 1767 815 1794 ὑπολαῦοῦσα

43 1818 112 1845 αὑτὸν
133 1821 187 1851 τοῖς
208 1819 320 1850 οἰκείοις
349 1817 447 1852 ἑαυτῆς
480 1816 600 1846 νεοσσοῖς
627 1812 814 1848 συνεκτρέφει.

43 1864 123 1897 Quare
136 1866 225 1901 aquila
245 1872 311 1892 suos
330 1864 421 1899 pullos
437 1862 529 1896 cjiciat
551 1861 630 1887 aliam
654 1858 732 1886 atfert
754 1865 817 1884 cau-

43 1917 94 1937 sam
111 1910 279 1941 Aristoteles.
291 1910 338 1937 lib.
357 1917 384 1936 Ix
400 1908 439 1936 De
453 1908 515 1935 Itist.
533 1915 590 1937 an..
609 1913 669 1940 cap.
680 1904 713 1931 54
727 1914 733 1931 ;
748 1903 815 1930 Mit-

45 1957 70 1983 tit
78 1965 181 1994 namque
199 1967 262 1985 suos
276 1956 365 1992 aquila
385 1960 526 1989 antequam
556 1958 656 1986 tempus
671 1952 716 1982 sit,
731 1950 815 1977 adhuc

44 2006 147 2036 parentis
163 2012 270 2039 operam
289 2002 479 2032 desiderantes,
502 2007 548 2026 nec
572 1997 678 2025 volandi
708 1995 815 2030 adeptas

46 2049 184 2082 facultatem
205 2058 213 2077 :
229 2048 297 2084 quod
315 2056 359 2083 per
374 2046 501 2074 invidiam
524 2045 551 2072 id
571 2044 657 2079 facere
674 2041 792 2069 creditur
806 2048 816 2066 :

47 2101 132 2122 natura
144 2097 211 2123 enim
224 2094 316 2123 invida
326 2098 350 2121 et
361 2092 484 2128 famelica
494 2095 542 2124 est,
552 2098 598 2117 nec
616 2090 721 2122 copiosa
738 2095 817 2114 vena-

48 2141 124 2167 tione:
138 2149 261 2176 magnum
271 2145 358 2167 tamen
373 2137 434 2174 quid
445 2136 607 2164 nanciscitur
623 2142 682 2161 cum
698 2138 815 2160 venatur.

49 2185 137 2214 Invidet
147 2196 206 2223 ergo
223 2187 278 2214 suis
287 2185 413 2221 filiisjam
425 2182 562 2213 masculis,
574 2187 650 2215 atque
662 2178 817 2206 edaciuscu-

49 2230 115 2262 “met
128 2232 157 2259 ob
167 2241 225 2260 eam
234 2239 288 2259 rem
300 2229 429 2265 unguibus
444 2232 524 2255 secat.
541 2226 614 2253 Pulli
624 2224 778 2252 etiaminter
790 2231 817 2249 se
833 2224 854 2251 D

49 2283 151 2311 pugnare
165 2278 293 2314 incipiunt
305 2275 336 2303 de
348 2274 409 2303 sede
423 2279 447 2302 et
463 2278 557 2308 pastu;
575 2273 664 2306 itaque
682 2279 697 2297 α
709 2274 817 2304 parente

49 2322 186 2356 ciiciuntur,
196 2329 221 2351 et
235 2323 388 2358 pulsantur,
405 2318 694 2355 dejectivociferantur,
710 2315 818 2350 pericli-

51 2372 194 2404 tanturque;
210 2373 238 2397 et
251 2369 298 2396 lib.
311 2376 350 2400 vt,
367 2375 426 2402 cap.
445 2366 472 2398 6,
487 2365 567 2392 taedio
583 2363 664 2391 etiam
679 2361 818 2389 nutriendi

51 2412 102 2440 illos
115 2415 247 2450 expellere
258 2414 407 2445 latetur,eo
419 2411 491 2439 enim
505 2416 627 2445 tempore
639 2409 816 2444 degenerare,

51 2461 72 2483 ει
90 2459 227 2488 hebescere
239 2460 349 2490 dicitur,
367 2465 474 2493 ungues
492 2455 602 2487 inverti,
621 2462 725 2490 pennas
744 2453 819 2480 albe-

51 2511 126 2536 scere,
137 2515 218 2541 quare
233 2510 262 2534 ut
274 2506 308 2533 ad
322 2505 443 2540 rapinam
456 2504 564 2537 ineptae,
574 2502 663 2536 pullos
671 2508 740 2536 quos
753 2500 819 2527 edu-

53 2554 106 2576 care
132 2555 277 2586 nequeunt,
300 2550 365 2576 odio
391 2548 508 2584 quodam
535 2546 668 2580 taedioque
697 2545 817 2571 mittunt.

52 2591 153 2629 Plinius,
170 2597 262 2628 lib.,x,
279 2604 340 2630 cap.
362 2595 378 2622 5
392 2604 398 2621 :
425 2592 574 2628 Nidiﬁcant
597 2592 624 2618 in
636 2591 718 2625 petris
735 2595 759 2616 et
777 2597 820 2616 ar-

54 2638 145 2668 boribus
160 2643 285 2677 :pariunt
296 2650 345 2669 ova
361 2645 445 2671 terna,
463 2638 605 2666 excludunt
619 2636 705 2672 pullos
724 2635 818 2662 binos:

54 2685 94 2711 visi
107 2693 164 2714 sunt
183 2694 205 2715 et
219 2695 270 2715 tres
284 2685 438 2722 aliquando,
456 2685 569 2712 alterunt
587 2682 719 2716 expellunt
740 2681 818 2708 ι(τάὶο

54 2732 180 2760 nutriendi.
197 2734 295 2768 Quippe
306 2742 335 2760 eo
352 2740 464 2767 tempore
476 2731 540 2763 ipsis
554 2729 640 2756 cibum
649 2728 750 2763 negavit
772 2735 821 2753 na-

54 2779 106 2803 tura
114 2781 278 2814 prospiciens,
297 2788 327 2806 ne
338 2779 454 2806 omnium
471 2777 590 2812 ferarum
606 2775 673 2810 [etus
694 2781 819 2808 raperen-

57 2825 100 2848 tur.
113 2823 207 2860 Ungues
220 2834 320 2862 quoque
330 2826 594 2852 earuminvertuntur
604 2821 695 2848 diebus
709 2828 744 2847 xv
758 2828 764 2852 ;
783 2819 822 2846 al-

58 2866 149 2897 bescunt
159 2872 244 2899 inedia
257 2880 347 2907 penna:
357 2891 365 2906 ,
377 2876 406 2898 ut
420 2871 513 2898 merito
524 2872 616 2898 partus
631 2875 691 2894 suos
703 2865 816 2893 oderint.

863 238 943 265 quem
957 229 1041 258 refert
1052 230 1214 257 Aristoteles
1231 230 1303 256 dicto
1318 230 1389 262 loco,
1406 232 1433 256 et
1446 227 1610 257 Plutarchus
1619 229 1647 256 in

863 275 952 302 Haria
970 283 979 302 :

902 322 949 353 Ὃς
963 321 1026 356 τρία
1042 322 1091 357 μὲν
1103 321 1202 352 τίκτει,
1214 321 1260 347 δύο
1274 320 1418 352 δ’ὲκλέπει,
1437 319 1465 346 ἓν
1475 320 1497 346 δ’
1513 319 1646 354 ἀλεγίζει·

863 367 920 395 [loc
939 368 1036 395 ultimo
1051 367 1239 402 Dalecampius
1268 367 1342 402 legit,
1370 366 1399 394 ἓν
1420 367 1441 392 δ’
1459 366 1592 399 ὰλιϐάζει,
1621 370 1648 394 et

863 415 1025 442 sententiam
1040 421 1098 440 eam
1110 421 1172 442 esse
1181 414 1247 445 vult,
1259 413 1376 448 aquilam
1393 420 1476 440 unum
1489 420 1571 448 ovum
1586 420 1648 440 cor-

863 467 1001 495 rumpere,
1037 458 1160 494 perdere,
1192 459 1247 486 duo
1274 447 1431 490 excludere,
1459 458 1512 484 tria
1541 447 1646 492 parere,

863 505 1108 539 animadvertitque
1126 504 1152 531 in
1170 504 1343 539 interpretem
1358 504 1403 538 qui
1422 503 1488 530 illud
1499 503 1529 529 ἓν
1540 503 1574 529 ad
1589 502 1649 537 pul-

864 551 931 583 lum,
945 558 999 579 nou
1018 550 1051 577 ad
1065 557 1146 576 ovum
1163 550 1301 581 retulerit;
1312 556 1361 575 nec
1378 549 1436 583 ipse
1450 552 1541 575 tamen
1554 548 1647 575 Musaei

865 598 1028 626 sententiam
1038 601 1180 624 assecutus
1190 600 1242 627 est,
1259 603 1340 630 quam
1357 603 1389 622 ex
1406 595 1558 630 aquilarum
1567 595 1650 622 histo-

863 647 904 674 ria
919 646 1032 678 claram,
1049 644 1143 672 nescio
1155 643 1291 678 quomodo
1306 643 1445 678 pervertit,
1461 650 1493 670 ea
1505 643 1578 670 enim
1589 647 1648 670 est:

863 691 989 726 Aquilam
1005 690 1057 717 tria
1071 697 1122 717 ova
1138 696 1279 724 generare,
1308 688 1363 715 duo
1391 687 1546 719 excludere,
1563 695 1650 714 unum

865 738 969 765 scilicet
992 736 1107 771 pullum,
1124 743 1186 762 cum
1203 735 1259 769 jam
1289 741 1338 761 ova
1357 742 1411 761 non
1428 738 1502 767 sunt,
1519 734 1648 765 educare.

865 785 990 819 alereque
1005 783 1065 817 ejus
1077 777 1169 809 curam
1185 781 1314 817 gerendo.
1331 781 1421 814 Quare
1436 783 1530 816 postea
1541 781 1649 808 Aristo-

865 831 932 858 teles
948 829 1056 858 subdit:
1069 828 1199 862 Quamvis
1213 836 1312 863 magna
1325 835 1358 855 ex
1374 831 1451 862 parte
1461 828 1487 855 id
1502 827 1557 859 ﬁat,
1574 826 1649 854 vide-

867 877 939 908 licet,
955 883 1040 903 unum
1055 876 1182 907 educere,
1207 877 1298 901 tamen
1320 873 1466 909 aliquando
1482 877 1509 900 et
1525 878 1581 900 tres
1597 873 1651 900 visi

866 926 930 950 sunt
942 922 1017 957 pulli.
1034 921 1089 948 Nec
1108 920 1263 947 Aristotelis
1280 920 1441 947 sententiam
1454 919 1587 954 integram
1602 916 1650 946 er-

865 969 965 1004 pressit
978 967 1099 994 Plinius:
1111 966 1223 993 Pariunt
1237 974 1285 993 ova
1301 967 1371 992 trina
1385 973 1392 991 :
1415 965 1555 992 excludunt
1563 964 1650 999 pullos

865 1015 939 1042 binos
955 1022 964 1041 :
978 1014 1025 1041 visi
1039 1018 1133 1040 suntet
1150 1018 1201 1040 tres
1219 1011 1479 1046 aliquando;omisit
1495 1010 1567 1038 enim
1583 1010 1651 1042 illud

865 1060 937 1095 quod
954 1063 1013 1087 erat
1024 1065 1129 1087 summe
1145 1058 1431 1088 necessarium,unum
1448 1055 1506 1082 alit.
1522 1054 1568 1081 Sic
1577 1055 1650 1082 enim

866 1106 1006 1134 sententia:
1033 1105 1164 1132 absoluta:
1191 1103 1316 1138 exceptio
1343 1103 1398 1135 illa,
1425 1106 1451 1129 et
1468 1101 1546 1137 quasi
1562 1109 1595 1128 ex
1615 1101 1651 1128 iis

865 1159 925 1188 qua:
939 1158 1002 1178 raro
1037 1150 1199 1184 contingunt
1222 1148 1427 1179 notatiunculm,
1460 1147 1518 1173 Visi
1543 1150 1604 1173 sunt
1624 1149 1651 1172 et

866 1204 916 1224 tres
930 1196 1085 1231 aliquando,
1107 1195 1342 1230 eorresponderet.
1360 1193 1414 1220 Nec
1427 1193 1521 1220 dubito
1544 1192 1650 1220 emeri-

866 1247 974 1278 ptorum
990 1242 1016 1270 id
1039 1243 1152 1270 incuriae
1180 1241 1282 1276 potius,
1303 1247 1383 1274 quam
1399 1239 1480 1266 Plinii
1499 1239 1651 1267 oscitantis

866 1289 1056 1322 tribuendum;
1073 1288 1120 1323 qui
1137 1288 1240 1322 optima
1258 1294 1373 1321 quaeque
1399 1287 1433 1312 ab
1456 1286 1517 1312 aliis
1535 1285 1648 1315 dictata,

864 1337 907 1364 vel
931 1337 1042 1371 scripta,
1068 1333 1276 1370 perversissime
1302 1332 1452 1367 excipiunt,
1477 1334 1651 1367 pervertunt!-

866 1389 927 1417 que.

901 1428 979 1460 lbitl.,
991 1427 1039 1454 lin.
1050 1427 1093 1453 15.
1107 1426 1137 1453 Ἡ
1146 1424 1179 1452 δὲ
1188 1425 1268 1459 μήνη
1279 1424 1333 1451 τὸν
1344 1424 1467 1451 circa-cat.
1478 1422 1651 1454 Aristoteles,

866 1476 912 1502 lib.
929 1483 956 1501 γι
979 1474 1014 1500 Dc
1027 1473 1120 1499 histor.
1140 1472 1237 1502 anim.,
1251 1478 1311 1505 cap.
1329 1471 1355 1500 6,
1371 1470 1423 1496 Τὸν
1437 1469 1465 1496 δὲ
1489 1469 1652 1504 ἐκϐληθέντα

866 1523 983 1557 δέχεται.
999 1522 1045 1548 καὶ
1059 1520 1152 1556 τρέφει
1165 1520 1182 1555 ὴ
1196 1520 1277 1554 φήνη,
1295 1523 1321 1546 et
1333 1519 1380 1546 lib.
1399 1526 1436 1550 Ix,
1448 1525 1507 1552 cap.
1525 1518 1569 1549 54,
1583 1519 1613 1544 Οἱ
1624 1517 1652 1543 δὲ

868 1567 1060 1602 ἐκϐαλλόμενοι
1076 1564 1168 1601 βοῶσι,
1186 1565 1234 1591 καὶ
1253 1564 1338 1596 οὕτως
1356 1564 1541 1599 ὑπολαμϐάνει
1555 1564 1653 1594 αὐτοὺς

866 1615 882 1649 ἡ
897 1614 978 1649 φήνη.
997 1612 1115 1641 Plinius.
1133 1611 1180 1638 lib.
1197 1618 1224 1641 Χ,
1237 1618 1298 1645 cap.
1315 1610 1350 1636 ὅτ
1366 1609 1417 1636 Sed
1437 1610 1530 1643 ejectns
1555 1609 1588 1635 ab
1610 1609 1651 1635 Itis

865 1664 1006 1695 cognatum
1024 1666 1103 1693 genus
1119 1657 1258 1691 ossifragae
1268 1656 1410 1690 excipiunt,
1426 1659 1450 1682 et
1465 1655 1576 1682 educant
1592 1663 1651 1681 cum

865 1706 931 1732 suis.
950 1704 1027 1731 Hanc
1052 1704 1214 1737 ossifragam
1233 1710 1287 1729 non
1309 1702 1425 1728 multum
1452 1702 1540 1729 oculis
1560 1701 1652 1728 valere

866 1750 949 1778 tradit
960 1750 1132 1777 Aristotcles.
1148 1748 1186 1775 De
1196 1747 1286 1782 aquila
1304 1747 1355 1774 hoc
1371 1747 1442 1774 idem
1460 1746 1542 1773 habet
1552 1745 1652 1773 Petrus

866 1796 1024 1827 Damianus,
1044 1796 1090 1822 lib.
1117 1803 1148 1825 ll,
1166 1794 1245 1828 epist.
1265 1793 1306 1820 18.
1323 1791 1417 1819 Obiter
1434 1796 1525 1818 tamen
1553 1797 1653 1819 notan-

866 1844 929 1871 dum
949 1843 993 1869 hic
1013 1845 1056 1869 est
1089 1841 1164 1867 illum
1183 1839 1316 1866 allirmare
1335 1839 1437 1873 pullum
1462 1839 1558 1873 aquila:
1575 1837 1651 1872 deje-

867 1893 940 1916 ctum
950 1896 1004 1914 non
1024 1887 1058 1914 ab
1077 1887 1179 1921 aquila,
1194 1892 1254 1920 qum
1271 1884 1405 1919 ossifraga
1422 1883 1532 1913 dicitur,
1547 1883 1650 1918 suscipi

866 1939 893 1964 et
905 1934 1031 1966 enutriri,
1048 1933 1094 1960 sed
1112 1941 1126 1960 a
1139 1932 1242 1967 plebeia
1260 1930 1375 1966 quadam
1403 1930 1456 1961 avi,
1479 1929 1560 1957 fulica
1576 1929 1652 1957 vidc-

866 1981 946 2008 licet:
963 1979 1112 2007 secundum
1126 1978 1182 2005 vult
1203 1977 1312 2004 fulicam
1329 1976 1415 2012 φήνην
1431 1975 1523 2004 Gnece
1542 1983 1650 2003 nuneu-

867 2026 935 2061 pari.
958 2025 1069 2053 Falsum
1087 2029 1233 2057 utrumque
1247 2025 1274 2049 et
1290 2025 1387 2056 praeter
1414 2021 1535 2048 historia:
1551 2021 1651 2048 verita-

867 2076 932 2099 tem.
944 2071 999 2098 Nec
1017 2070 1089 2097 enim
1103 2068 1248 2104 pullusille
1266 2076 1280 2094 a
1295 2067 1399 2103 plebeia
1419 2067 1463 2094 avi
1484 2066 1650 2102 suscipitur;

866 2122 893 2145 et
907 2117 979 2145 aliud
992 2121 1034 2144 est
1047 2116 1139 2146 fulica,
1154 2115 1227 2141 aliud
1247 2114 1330 2149 φήνη.

899 2163 979 2195 lbid.,
989 2162 1038 2189 lin.
1052 2161 1095 2189 i5.
1110 2160 1228 2194 Θρέψας
1235 2159 1269 2186 δὲ
1279 2159 1332 2185 τὸν
1347 2159 1478 2186 νεοττόν.
1488 2158 1588 2185 Eadem
1602 2157 1652 2184 ba-

869 2210 913 2237 bet
928 2209 1088 2236 Aristoteles
1099 2207 1206 2237 locod..
1222 2209 1248 2233 et
1260 2205 1379 2232 Plinius:
1390 2205 1536 2232 llalitcetus
1548 2207 1651 2230 tantum

869 2255 1007 2289 implumes
1020 2255 1162 2281 etiamnum
1183 2252 1269 2287 pullos
1292 2260 1353 2278 suos
1372 2251 1518 2286 percutiens
1542 2248 1652 2275 subinde

868 2303 935 2337 cogit
947 2301 1069 2328 adversos
1085 2300 1181 2326 intueri
1195 2299 1258 2325 solis
1270 2297 1369 2328 radios,
1387 2302 1410 2324 et
1424 2297 1446 2323 si
1461 2295 1650 2334 conniventem,

868 2349 1109 2382 humectuntemque
1118 2345 1313 2376 animadvertit,
1326 2343 1475 2378 praecipitat
1495 2350 1507 2368 ε
1523 2341 1583 2368 nido
1599 2340 1653 2367 υει.

868 2400 896 2422 ut
908 2395 1087 2421 adulterinum
1104 2398 1180 2428 atque
1197 2392 1347 2427 degenerem
1364 2398 1372 2416 .'
1387 2389 1464 2415 illum
1481 2387 1556 2422 cujus
1580 2387 1650 2413 acies

869 2442 948 2476 ﬁrma
961 2445 1052 2467 contra
1068 2439 1188 2471 steterit,
1204 2437 1308 2464 educat.
1324 2434 1401 2469 Apud
1417 2434 1590 2461 Aristotelem
1610 2436 1652 2459 est

869 2486 961 2521 aquila
977 2486 1068 2518 tie-cog,
1088 2493 1143 2512 non
1169 2484 1318 2513 haliaeetos,
1343 2480 1468 2516 quamvis
1480 2481 1514 2506 de
1527 2479 1652 2505 baliaaeto

870 2531 1074 2566 intelligendum
1092 2537 1152 2557 esse
1175 2528 1276 2556 nemini
1296 2527 1419 2557 dubium,
1444 2533 1507 2552 cum
1534 2524 1652 2560 aquilam

870 2578 940 2604 hanc
952 2585 1000 2613 per
1019 2584 1095 2603 mare
1108 2580 1135 2602 et
1151 2575 1255 2606 littora,
1270 2573 1342 2600 unde
1357 2578 1454 2598 nomen
1474 2570 1587 2604 accepit,
1605 2576 1654 2595 va-

871 2625 928 2658 gari
941 2624 1029 2650 tradat
1042 2623 1118 2649 Phile
1134 2622 1161 2648 in
1177 2621 1277 2648 lambis

908 2690 959 2721 Ὃς
973 2687 1042 2719 τοὺς
1053 2686 1192 2718 νεοττοὺς
1207 2686 1296 2718 ὄντας
1306 2683 1443 2721 ἀπτῆνας
1455 2682 1524 2715 τέως

911 2717 974 2749 Ἐέεὶ
985 2717 1077 2755 ξέφῖην
1085 2717 1227 2753 ,βάσανον
1240 2717 1403 2753 ὡςόλόθους
1420 2717 1512 2755 tinuit,

906 2752 1143 2790 IIoceiomac‘ehv
1157 2755 1320 2789 πρακτικὸν
1330 2754 1383 2790 tat»
1393 2752 1565 2790 gurrgcipor.

912 2795 942 2820 '0
955 2792 1013 2827 μὲν
1024 2792 1079 2826 γὰρ
1090 2787 1184 2827 αὑτοῦ
1193 2789 1372 2827 ῖᾳῖςβολίιῖς
1382 2787 1582 2827 ςὶνζιϐλέςιων,

908 2822 970 2856 Tib}
979 2822 1127 2862 φίλ’τᾶτων
1144 2826 1277 2862 statim,
1297 2824 1344 2851 καὶ
1359 2822 1583 2862 efﬁat-sanatur,

915 2857 1030 2898 Ὀφῠείς
1043 2871 1075 2897 γε·
1091 2860 1220 2894 καθαρὸς
1233 2859 1402 2891 δυστενοῦς
1413 2857 1552 2888 ὑποψίας
1563 2863 1570 2871 ³
1581 2879 1585 2884 .
