1897 3073
230 119 282 159 899

274 189 304 216 '0
314 190 340 216 δ’
356 187 407 218 (ιῦ.
422 190 496 223 πρός
517 189 611 216 αὑτὸν
625 188 851 222 σκαρδαμύξας,
873 188 981 220 εὐθέως

272 224 441 259 Ἀλλοτριου
451 225 540 257 τόκος
548 225 572 251 θ’
584 223 690 258 εὑρέθη
709 223 892 257 σπέρματος,

266 260 320 286 Kal
332 259 384 293 τῆς
400 259 508 292 καλιᾶς
519 259 678 294 δυστυχῶς
692 259 850 292 ἀπεκρίθη.

229 303 289 331 Huc
301 304 428 332 allusisse
440 304 550 332 videtur
562 303 756 336 Cassiodorus,
776 303 915 330 Variarum
928 304 946 330 l.
959 311 1019 333 vin,

229 351 308 385 epist.
329 351 362 378 21
383 358 390 376 :
409 349 454 378 Sic
470 350 539 385 [etus
557 351 596 376 tui
619 359 691 377 more
709 350 805 385 aquila:
821 359 849 377 se
868 350 1020 384 probantes,

229 397 330 432 regales
349 397 440 425 oculos
457 397 489 422 ab
507 396 570 431 ipsis
596 404 660 431 pene
679 396 818 423 cunabulis
845 396 1019 430 pertulerunt.

266 437 346 474 lbid.,
363 442 412 468 lin.
436 441 480 468 21.
513 441 590 467 Φασὶ
615 441 670 476 γὰρ
695 441 880 476 γηράσαντα.
903 441 1019 475 Plinius,

230 488 277 515 lib.
292 495 321 520 ι,
335 495 394 523 cap.
412 488 429 514 5
442 496 448 514 :
463 487 593 522 Oppetunt
612 496 664 514 non
679 488 761 520 senio,
783 495 828 514 nec
851 488 1018 522 a'gritudine,

229 533 275 561 sed
288 533 368 568 fame,
384 534 411 560 in
425 539 528 560 tantum
545 534 679 567 superiore
695 538 856 560 accrescente
876 539 974 566 rostro,
990 539 1019 561 ut

229 580 371 607 aduncitas
385 580 482 614 aperiri
504 588 557 607 non
582 584 670 614 queat.
691 579 797 607 Similia
814 580 896 608 habet
916 580 1018 613 Horus,

229 626 277 654 lib.
291 634 323 657 ιι,
336 633 395 661 cap.
406 626 451 656 96,
462 626 632 659 Aristotcles,
647 625 695 652 lib.
709 634 747 657 Ix,
763 626 800 653 De
815 627 909 654 histor.
923 628 1017 661 anim.,

228 677 289 705 cap.
307 669 356 703 32;
375 669 545 704 Epiphanius
561 669 589 696 in
607 669 778 705 Physiologo,
791 676 818 698 et
834 671 891 698 alii.

263 715 344 748 lbid.,
360 715 408 743 lin.
423 715 468 742 22.
482 715 537 742 Kal
556 717 599 748 εὶς
611 716 714 751 πηγὴν
724 717 922 751 ἀφικνεῖσθαι.
942 717 1018 746 Hanc

231 762 329 797 aquilae
341 763 543 790 renovationem
559 763 604 790 alii
620 763 698 790 aliter
711 769 833 791 narrant.
850 763 1018 800 Epiphanius

229 808 268 834 ait
296 808 323 835 in
346 808 429 835 altum
453 816 514 836 sese
536 809 669 840 attollere,
695 813 723 837 et
751 811 778 837 in
802 816 967 847 praeruptam
988 821 1018 840 se

228 854 363 889 projicere
377 862 484 889 rupem,
499 855 533 882 ad
546 863 628 890 quam
650 860 770 883 rostrum
787 857 890 892 allidit;
909 862 936 886 et
956 866 1018 886 cum
1035 861 1056 889 B

229 907 259 928 se
273 899 378 935 frigidis
394 900 557 928 immerserit
571 902 661 936 aquis,
678 902 712 929 ad
727 903 831 931 solares
846 903 939 931 radios
957 912 1018 932 sese

229 953 376 981 opponere,
393 951 511 982 tuncque
525 955 558 975 ex
571 949 659 976 oculis
672 949 771 977 cadere
787 950 975 984 lippitudines,
991 955 1018 978 et

228 991 266 1019 ita
276 992 462 1027 juvenescere.
474 993 571 1023 Petrus
584 994 741 1029 Damianus,
755 996 802 1024 lib.
819 1005 848 1029 ιι,
863 997 943 1032 epist.
962 997 993 1024 l8
1009 1008 1015 1024 :

227 1038 335 1074 Aquila,
350 1040 398 1071 ait,
421 1047 480 1066 eum
502 1041 627 1075 senuerit,
651 1046 675 1068 et
699 1043 806 1077 gravari
828 1044 953 1078 coeperint
967 1044 1018 1071 alte

227 1085 295 1120 ejus,
310 1091 387 1121 atque
408 1085 478 1112 oculi
497 1086 623 1121 caligare,
636 1091 697 1113 tunc
717 1089 811 1122 quarrit
825 1089 923 1122 [antem
943 1098 1018 1125 aqua:

227 1136 321 1160 contra
341 1141 417 1167 quem
439 1133 526 1167 posita
542 1133 612 1160 volat
634 1142 714 1169 usque
737 1135 771 1161 ad
796 1135 923 1162 circulum
941 1137 1016 1169 solis,

227 1178 334 1214 illicque
352 1178 381 1205 in
402 1178 504 1213 puriori
520 1180 625 1206 wtberis
643 1181 767 1208 vastitate
781 1181 879 1208 librata
891 1182 925 1208 ad
939 1191 1019 1216 vapo-

227 1231 283 1250 rem
305 1224 369 1250 solis
396 1229 421 1250 et
453 1224 512 1250 alas
534 1225 647 1251 incendit
673 1230 698 1252 et
722 1226 860 1261 caliginem
883 1229 1018 1254 oculorum

225 1275 336 1302 prorsus
356 1267 453 1299 exurit,
479 1276 589 1303 morque
603 1269 759 1297 descendens
778 1271 861 1298 tribus
877 1273 904 1299 in
920 1273 1017 1308 fontem

227 1313 326 1340 uicibus
341 1314 476 1348 mergitur,
496 1319 520 1341 et
541 1315 580 1341 sic
597 1314 702 1342 alarum
727 1317 809 1352 vigor,
831 1324 856 1344 et
881 1318 1017 1346 oculorum

227 1358 296 1385 acies
323 1358 404 1385 multo
423 1359 514 1386 melius
538 1367 616 1393 quam
641 1359 763 1394 juventus
789 1362 924 1396 attulerat,
941 1372 1018 1391 reno-

227 1408 316 1430 vatur.
336 1403 419 1430 Multa
441 1404 468 1430 in
494 1403 564 1431 hanc
592 1406 754 1433 sententiam
776 1415 809 1434 ex
832 1407 1016 1445 Hieronymo,

228 1448 391 1484 Augustino,
409 1449 484 1476 rabbi
502 1449 596 1482 David,
614 1450 765 1484 Vincentio,
786 1454 890 1489 colligit
903 1455 1018 1485 Pontius

229 1495 256 1522 in
271 1495 375 1522 dictum
389 1495 478 1522 locum
493 1495 646 1531 Epiphanii,
660 1505 740 1531 quem
753 1500 874 1528 consule.
892 1499 1017 1529 Theodo-

903 125 1028 154 LEONIS
1044 125 1180 152 ALLATII
1817 124 1857 151 900

1039 190 1061 218 Α
1077 186 1149 214 Nam
1171 187 1251 214 herile
1269 195 1314 221 ego
1338 192 1362 213 te
1386 186 1468 213 barba
1493 186 1616 221 continuo
1636 185 1770 219 arripiam
1794 190 1818 211 ct
1837 187 1859 212 in

1565 220 1661 256 [ignem
1677 221 1830 256 conjiciam,

1075 256 1158 292 Teque
1167 257 1374 284 ambustulatum
1385 256 1507 292 objiciam
1516 255 1617 291 magnis
1626 256 1718 282 avibus
1730 255 1858 289 pabulum.

1073 314 1141 342 Vide
1158 319 1287 350 prmterea
1301 313 1535 349 Thcophylactum
1549 312 1732 344 Simocatum,
1749 313 1778 339 in
1794 312 1860 345 Qua-

1073 360 1206 386 stionibus
1221 358 1400 390 naturalibus,
1417 362 1515 393 quast.
1531 358 1557 390 8,
1569 357 1616 393 qui
1631 365 1682 385 sua
1705 365 1741 384 ex
1759 357 1860 384 Ailiano

1071 410 1213 433 mutuatus
1228 409 1281 438 est,
1297 408 1324 432 et
1339 403 1491 439 Gasparum
1508 403 1689 434 Bauchinum,
1709 401 1750 428 De
1765 402 1861 429 herma-

1071 451 1255 486 phroditorunt
1278 455 1537 483 monstrosorumque
1552 453 1678 483 portuum
1693 452 1804 480 natura,
1819 447 1859 474 lib.

1072 506 1102 532 ιι,
1120 504 1180 533 cap.
1198 498 1305 524 ultimo.

1106 544 1187 577 lbid.,
1203 544 1252 570 lin.
1276 543 1322 570 51.
1344 541 1506 573 Αὐλίζὲται.
1524 541 1696 578 Aristoteles,
1719 540 1770 566 lib.
1791 547 1815 566 vi
1831 539 1860 566 De

1070 592 1164 619 histor.
1178 591 1276 622 auim.,
1293 598 1353 625 cap.
1369 590 1396 621 5,
1413 590 1508 617 scribit
1527 589 1650 615 vultures
1672 587 1817 614 nidiﬁcare
1837 587 1859 612 in

1069 638 1266 667 excelsissimis
1293 637 1417 672 rupibus,
1441 636 1513 663 unde
1538 635 1567 662 lit
1592 640 1622 662 ut
1648 642 1712 661 raro
1739 633 1820 660 nidus
1838 638 1859 659 et

1069 685 1136 720 pulli
1153 684 1272 712 vulturis
1287 687 1445 711 cernantur.
1462 682 1597 716 Quocirca
1621 681 1782 708 llerodotus
1802 679 1860 714 Bry-

1070 731 1147 757 sonis
1162 729 1284 758 rhetoris
1297 733 1375 764 pater
1390 729 1512 757 vultures
1527 736 1558 756 ex
1574 728 1684 755 diverso
1706 727 1776 754 orbe
1789 725 1860 753 nobis

1070 775 1209 810 incognito
1229 775 1355 802 advolare
1370 774 1509 801 credebat.
1535 773 1634 799 Eadem
1649 772 1751 807 repetit
1770 775 1796 798 et
1817 771 1858 797 lib.

1070 829 1106 854 Ix,
1120 829 1180 856 cap.
1202 821 1244 854 ll,
1257 820 1435 854 alIirmatque,
1451 819 1576 854 quamvis
1590 818 1617 845 id
1640 818 1676 845 sit
1691 816 1812 847 difﬁcile,
1825 816 1859 842 vi-

1071 875 1131 894 sum
1146 870 1237 893 tamen
1260 865 1408 901 aliquando
1423 865 1483 899 ejus
1502 864 1607 891 nidum.
1631 863 1751 895 Plinius,
1768 862 1814 889 lib.
1832 870 1856 893 x,

1071 923 1132 950 cap.
1146 915 1161 941 6
1175 923 1182 941 :
1204 914 1343 942 Vulturum
1357 913 1498 948 prtevalent
1511 913 1589 946 nigri.
1606 911 1693 938 Nidos
1709 918 1785 937 nemo
1801 911 1858 936 aui-

1070 963 1116 997 git.
1133 961 1196 988 Ideo
1215 961 1294 987 etiam
1312 961 1384 995 fuere
1408 960 1452 995 qui
1475 962 1597 993 putarent
1617 958 1680 984 illos
1703 965 1735 983 ea:
1755 956 1858 983 adverso

1072 1007 1131 1034 orbe
1147 1007 1280 1034 advolare.
1296 1006 1378 1033 Falso
1393 1013 1402 1032 :
1421 1005 1560 1039 nidificant
1584 1005 1653 1031 enim
1674 1003 1703 1030 in
1716 1002 1858 1030 excelsissi-

1071 1054 1121 1080 mis
1141 1053 1258 1087 rupibus.
1278 1051 1433 1084 Juvenalis,
1448 1054 1532 1086 satyr.
1546 1049 1589 1082 13,
1605 1048 1724 1076 credidit
1740 1048 1768 1075 in
1783 1047 1858 1074 arbo-

1072 1100 1148 1127 ribus
1162 1098 1242 1126 nidos
1262 1099 1352 1125 facere
1365 1108 1371 1125 :

1076 1155 1181 1187 Vultur,
1194 1155 1313 1190 jumento
1333 1159 1357 1181 et
1371 1153 1478 1181 canibus
1492 1154 1665 1190 crucibusque
1681 1152 1793 1190 relictis,

1072 1191 1111 1217 Ad
1127 1188 1200 1224 fetus
1210 1195 1331 1224 properat
1346 1195 1496 1224 partemque
1515 1189 1650 1215 cadaveris
1667 1188 1758 1222 affert,

1073 1225 1123 1252 llic
1138 1230 1175 1252 est
1190 1234 1250 1260 ergo
1265 1225 1337 1252 cibus
1353 1225 1443 1260 magni
1459 1233 1559 1260 quoque
1575 1224 1699 1260 vulturis,
1714 1229 1739 1260 et
1750 1231 1777 1249 se

1073 1233 1123 1252 mc
1138 1233 1175 1252 est
1190 1234 1250 1260 ergo
1265 1233 1337 1252 auus
1353 1233 1443 1260 magna
1459 1233 1509 1259 quo
1528 1233 1559 1250 ue
1575 1233 1699 1254 vulturis,
1714 1233 1737 1250 et
1750 1233 1777 1249 se

1073 1261 1222 1292 l’ascentis,
1240 1261 1348 1295 propria
1362 1268 1421 1286 cum
1431 1260 1490 1294 jam
1506 1233 1570 1293 [limit
1586 1259 1680 1285 arbore
1694 1257 1782 1284 nidos.

1107 1317 1187 1349 lbid.,
1208 1317 1256 1344 lin.
1282 1317 1326 1344 55.
1345 1316 1400 1343 Kal
1421 1316 1522 1343 λαϐὼν
1542 1315 1595 1342 τὸν
1611 1315 1759 1342 εὐτόκιον.
1780 1313 1858 1340 Eulo-

1071 1362 1143 1390 cium
1158 1362 1273 1397 lapidem
1289 1361 1396 1389 aelitem
1409 1369 1480 1393 esse,
1493 1361 1593 1389 nemini
1611 1360 1726 1387 dubium
1738 1367 1799 1387 esse
1813 1358 1858 1386 de-

1071 1409 1126 1441 bet,
1142 1415 1203 1435 cum
1218 1416 1277 1443 qua:
1289 1410 1322 1435 de
1340 1408 1448 1435 eutocio
1459 1407 1618 1435 Eustathius
1631 1406 1728 1438 refert,
1738 1406 1773 1433 de
1783 1406 1859 1433 aetite

1071 1454 1116 1481 alii
1129 1455 1230 1482 dicant.
1244 1454 1359 1487 Plinius,
1375 1454 1421 1481 lib.
1438 1462 1466 1486 χ,
1482 1454 1564 1489 capit.
1582 1461 1607 1480 Iv
1623 1463 1629 1480 :
1645 1452 1742 1479 Tribus
1757 1452 1856 1487 primis,

1071 1503 1094 1525 et
1117 1500 1208 1534 quinto
1230 1499 1379 1533 aquilarum
1399 1499 1487 1533 generi
1507 1497 1688 1532 inwdiﬁcatur
1709 1497 1772 1524 nido
1796 1496 1858 1530 lupis

228 1548 277 1568 rus
291 1545 381 1568 tamen
398 1540 597 1574 Heracleensis,
616 1541 761 1570 Comment.
776 1545 804 1571 in
822 1546 889 1579 psal.
904 1554 951 1579 Cll,
969 1556 1018 1575 ne-
1032 1540 1054 1569 C
1070 1545 1173 1577 aetites,
1195 1554 1270 1580 quem
1285 1545 1367 1580 aliqui
1381 1545 1470 1572 dixere
1482 1549 1615 1580 gagatem,
1631 1543 1665 1571 ad
1678 1543 1766 1570 multa
1779 1551 1858 1569 reme-

227 1590 274 1622 εει
301 1587 422 1622 aquilam
449 1588 575 1614 renovari
592 1597 599 1615 :
619 1588 655 1614 Οὐ
675 1589 753 1616 τοῦτο
778 1590 901 1626 βούλεται
923 1594 1020 1625 εἰπεῖν,

227 1634 269 1660 ὅτι
287 1632 488 1664 ἀνακαινίζεται
505 1634 518 1659 ὁ
534 1634 611 1666 ἀετός
623 1643 629 1649 ·
647 1635 677 1661 οὐ
696 1635 750 1671 γὰρ
770 1637 981 1671 ἁνακαινίζεται,
998 1644 1021 1669 εἰ

229 1679 268 1714 μὴ
282 1678 371 1714 μόνον,
385 1678 423 1710 ὥς
437 1687 529 1713 φασιν,
546 1681 560 1706 ὁ
581 1681 670 1714 φοῖνιξ
686 1681 716 1708 τὸ
730 1681 836 1717 ὄρνεον·
855 1683 911 1710 ἀλλ’
928 1685 1021 1720 ἐπειδὴ

216 1726 242 1760 ,ὁ
256 1725 333 1756 ἀετὸς
347 1725 419 1752 δοκεί
431 1725 582 1760 βασιλεύειν
598 1726 652 1754 τῶν
669 1728 800 1755 πετεινῶν
812 1729 949 1762 ἁπάντων,
963 1731 1022 1766 βού-

228 1771 304 1797 λεται
324 1771 421 1803 εἰπεῖν,
438 1772 479 1798 ὅτι
494 1772 510 1807 ἡ
528 1771 678 1806 παλαιότης
692 1772 771 1807 ἡμῶν
794 1774 810 1808 ἡ
831 1774 860 1800 ἐν
882 1774 1020 1802 Βαϐυλῶνι

228 1818 484 1853 ἀνακαινισθήσεται
501 1818 540 1849 εἰς
561 1817 696 1853 βασιλείαν
719 1816 806 1852 αὖθις,
829 1819 923 1856 ὥσπερ
950 1819 1021 1857 ἦμέν

228 1871 305 1891 ποτε.
320 1862 369 1890 Διὰ
382 1863 436 1899 γὰρ
454 1862 501 1889 τοῦ
518 1863 624 1899 ὄρνιθος
639 1863 686 1889 τοῦ
709 1863 788 1890 ἀετοῦ
811 1864 860 1900 τὴν
881 1865 1019 1900 βασιλείαν

228 1909 385 1936 αινίττεται.
400 1909 518 1937 Consule
538 1909 603 1937 item
624 1909 734 1938 Caelium
751 1909 906 1947 Rodigium,
922 1912 940 1940 Ι.
958 1920 1018 1946 xui,

229 1961 290 1990 cap.
308 1954 354 1982 20.

266 2010 345 2042 lbid.,
361 2010 410 2037 lin.
426 2010 472 2038 29.
490 2011 522 2038 '0
536 2011 570 2038 δὲ
586 2010 650 2046 γὺψ
659 2011 834 2047 ὑπηνέμιον.
852 2012 950 2042 Petrus
967 2014 1019 2042 Da-

230 2056 349 2088 mianus,
365 2056 412 2083 lib.
427 2057 547 2091 u,epist.
560 2057 595 2084 18
609 2067 615 2084 :
633 2057 808 2085 Per/libentur
819 2059 934 2086 vultures
964 2068 1018 2087 c42—

230 2104 346 2127 terarum
358 2101 444 2127 avium
457 2109 537 2134 more,
550 2102 697 2129 concubitui
709 2103 859 2131 nullatenus
868 2105 1017 2140 indulgere:

229 2146 274 2174 sed
289 2149 384 2182 absque
400 2147 456 2174 ulla
472 2156 580 2183 prorsus
603 2149 745 2176 masculini
767 2159 845 2178 sexus
860 2151 1018 2180 admistione

228 2194 371 2228 concipere.
388 2193 530 2226 Quomodo
556 2198 646 2221 autem
669 2195 696 2222 id
717 2196 762 2223 liat
777 2197 902 2231 pluribus
923 2203 1017 2226 narrat

228 2237 319 2266 Horus
347 2239 394 2266 lib.
419 2247 438 2271 I,
468 2246 530 2274 cap.
558 2239 608 2273 ll;
631 2239 805 2273 Plutarchus,
832 2241 1016 2271 Romanarum

227 2286 371 2320 qumstion.
388 2286 422 2313 95
437 2295 443 2313 :
461 2286 533 2322 Θῆ).υ
552 2287 604 2312 πᾶν
619 2287 650 2313 τὺ
664 2288 740 2322 γένος
760 2289 819 2315 ἐστὶ
831 2290 877 2316 καὶ
893 2291 1018 2318 κυΐσκον-

227 2339 272 2358 ται
285 2332 426 2367 δεχόμεναι
442 2331 488 2358 τὸν
507 2331 675 2368 ἀπηλιώτην,
694 2333 787 2369 ὥσπερ
803 2334 838 2360 τὰ
858 2335 954 2371 δένδρα
973 2336 1017 2363 τὸν

227 2377 354 2414 ζέφυρον.
371 2377 508 2410 Ᾱίιὶιιιιιιε,
526 2379 574 2406 lib.
589 2386 617 2410 ιι,
632 2386 692 2414 cap.
707 2379 761 2407 46:
777 2380 854 2407 Γῦπα
871 2381 899 2407 δὲ
916 2381 1019 2417 ἄρρενσ.

227 2424 257 2449 οὺ
273 2424 338 2458 φασὶ
350 2423 476 2458 γενέσθαι
496 2424 572 2456 ποτὲ,
586 2423 654 2450 ἀλλὰ
667 2423 777 2460 θηλείας
795 2425 913 2457 ἁπάσας.
929 2427 1018 2463 Ὅπερ

227 2471 397 2506 ἐπιστάμενα
411 2471 446 2497 τὰ
460 2471 527 2504 ζῶα,
540 2472 588 2498 καὶ
601 2472 718 2508 ἐρημίαν
732 2471 836 2499 τέκνων
849 2473 964 2505 δεδιότα,
978 2475 1018 2506 εἰς

228 2517 356 2552 ἐπιγονὴν
368 2517 470 2544 τέκνων
490 2518 602 2545 τοιαῦτα
627 2519 687 2554 δρᾷ.
709 2519 885 2555 ’Λντιπρωροι
899 2519 937 2554 τῷ
950 2520 1018 2555 νότῳ

227 2564 368 2596 πέτονται,
392 2564 417 2590 εἱ
439 2564 468 2591 δὲ
489 2564 526 2600 μὴ
545 2565 586 2600 εἴη
604 2565 689 2598 νότος,
706 2564 745 2600 τῷ
770 2565 841 2600 εὔρῳ
871 2566 1016 2601 κεχήνασι,

227 2610 274 2636 καὶ
294 2609 324 2636 τὸ
350 2610 458 2645 πνεῦμα.
483 2611 587 2646 εἰσρέον
607 2610 706 2646 πληροῖ
725 2610 825 2642 αὑτὰς,
854 2611 901 2637 καὶ
923 2611 1017 2638 κύουσι

228 2655 309 2691 τριῶν
326 2655 403 2683 ἐτῶν.
421 2656 488 2689 Quae
501 2657 622 2684 carmine
638 2657 754 2684 reddidit
770 2657 797 2684 in
815 2657 916 2685 lambis
930 2657 1015 2685 Phile.

228 2702 365 2730 Adrianus
388 2702 548 2736 Turnebus,
577 2704 623 2731 lib.
641 2712 724 2736 xxvr,
748 2705 831 2739 capit.
852 2705 889 2737 2,
918 2710 944 2733 et
963 2706 1016 2741 _lib.

228 2756 308 2780 xxiii,
323 2749 404 2783 capit.
432 2749 459 2781 ὅ,
485 2753 511 2777 et
535 2749 724 2784 Dalecampius
752 2751 876 2778 scribunt
896 2752 1018 2780 vultures

230 2800 342 2827 magnas
358 2802 421 2822 aves
441 2802 457 2822 a
481 2795 578 2822 Plauto
598 2796 624 2823 iu
646 2795 762 2824 Rudente
790 2802 961 2832 nuncupatas
990 2798 1017 2825 in

230 2839 284 2867 illis
302 2840 428 2868 versibus
445 2851 451 2868 :

1073 1591 1119 1617 dia
1134 1590 1219 1624 utilis,
1236 1591 1302 1617 nihil
1317 1591 1376 1626 igne
1390 1590 1541 1624 (teper-dens.
1564 1588 1612 1616 Est
1627 1593 1717 1615 autem
1732 1587 1801 1621 lapis
1815 1587 1858 1613 iste

1071 1643 1222 1671 praegnans,
1237 1636 1307 1662 intus
1323 1644 1382 1662 cum
1396 1635 1513 1670 quatias,
1533 1636 1586 1662 alis
1601 1634 1670 1661 velut
1685 1634 1713 1660 in
1726 1637 1802 1658 utero
1821 1642 1858 1660 so-

1072 1688 1160 1714 nante,
1173 1682 1217 1709 sed
1229 1683 1267 1709 vis
1279 1683 1328 1709 illa
1343 1682 1444 1709 medica
1455 1690 1507 1708 non
1521 1682 1572 1709 nisi
1584 1681 1646 1708 nido
1661 1680 1785 1710 direptis.
1797 1679 1857 1707 Oll'e

1071 1725 1176 1754 Plinius
1198 1734 1252 1753 non
1280 1727 1347 1754 satis
1374 1726 1530 1762 distinguit,
1558 1727 1621 1754 dum
1650 1730 1777 1761 gagatem
1801 1732 1857 1753 cum

1072 1771 1152 1799 aetite
1172 1771 1325 1799 confundit.
1341 1772 1459 1801 Consule
1483 1773 1571 1807 ipsum
1596 1772 1643 1800 lib.
1666 1779 1763 1804 xxxvi,
1781 1773 1856 1806 capit.

1071 1818 1101 1844 2t
1122 1822 1149 1846 et
1166 1819 1247 1853 capit.
1263 1819 1305 1851 19,
1320 1819 1451 1847 Galenum
1469 1823 1496 1847 et
1516 1819 1715 1846 Dioscoridcm.
1731 1818 1856 1854 Lapidem

1071 1865 1143 1891 hunc
1168 1865 1345 1900 Harpocratio
1375 1866 1574 1893 Alexandrinus
1598 1866 1745 1901 ocytocion
1775 1871 1856 1895 vocat,

1071 1910 1269 1946 distinguitque
1296 1913 1330 1939 ab
1357 1913 1439 1939 aetite
1467 1922 1473 1939 :
1501 1912 1655 1943 Ὦκυτὸκιος
1685 1911 1762 1943 λίϐος
1791 1911 1857 1937 ἐπὶν

1069 1957 1166 1989 ἐοικὼς
1179 1957 1218 1992 τῷ
1231 1959 1334 1994 ἀετίτῃ,
1353 1959 1513 1994 μικρότερος
1526 1959 1553 1985 δὲ
1574 1958 1690 1989 ἐκείνου,
1707 1957 1780 1993 πλὴν
1792 1959 1857 1992 ἀςπ-

1069 2003 1134 2039 χῶν,
1147 2003 1185 2036 ὼς
1201 2005 1315 2036 ἐκεῖνος,
1333 2006 1361 2032 ἐν
1376 2005 1416 2040 τῷ
1432 2005 1564 2032 κινεῖσθαι
1581 2005 1657 2041 παρὰ
1669 2005 1700 2031 τὸ
1713 2002 1775 2036 οὖς.
1787 2005 1857 2031 Ἔστι

1068 2049 1097 2075 δὲ
1113 2050 1160 2076 καὶ
1178 2050 1249 2082 λεῖος
1262 2052 1295 2086 τῇ
1312 2050 1372 2086 θέᾳ.

1103 2107 1183 2138 lbid.,
1197 2108 1244 2135 lib.
1262 2108 1306 2136 55.
1320 2108 1373 2135 Καὶ
1385 2109 1544 2135 ἀποτίκτει.
1559 2107 1674 2140 Plinius,
1692 2108 1742 2135 lib.
1759 2116 1790 2140 ι,
1803 2115 1855 2143 cap.

1068 2153 1086 2181 6
1107 2163 1113 2181 ε
1144 2153 1226 2182 Fetus
1250 2154 1354 2190 quidem
1378 2159 1519 2182 cernuntur
1547 2155 1600 2190 fere
1625 2155 1690 2182 bini.
1711 2154 1855 2181 Umbricius

1069 2199 1221 2233 aruspicum
1247 2200 1274 2226 in
1297 2204 1387 2226 nostro
1404 2208 1458 2227 levo
1478 2199 1655 2234 peritissimus
1670 2207 1768 2234 parere
1783 2200 1856 2226 tradit

1069 2252 1116 2271 ova
1127 2245 1180 2271 tria
1193 2253 1202 2271 :
1216 2253 1268 2272 uno
1283 2253 1315 2272 ex
1337 2246 1369 2273 iis
1393 2246 1494 2281 reliqua
1513 2254 1561 2273 ova
1576 2245 1720 2281 nidumque
1736 2247 1853 2277 lustrare.

1068 2298 1130 2317 mox
1145 2291 1269 2326 abjicere.
1291 2291 1364 2319 Idem
1388 2293 1469 2320 habet
1495 2293 1608 2320 Aristot.
1629 2292 1669 2319 De
1688 2293 1754 2320 hist.
1769 2293 1853 2324 uicina,

1068 2345 1128 2372 cap.
1148 2337 1173 2365 6.
1192 2337 1306 2370 Tamen,
1323 2339 1370 2366 lib.
1397 2347 1433 2370 Ix,
1449 2346 1510 2373 cap.
1530 2339 1572 2371 Η,
1589 2339 1688 2366 scribit
1704 2349 1711 2366 :
1731 2339 1798 2367 Edit
1812 2349 1853 2366 non

1067 2385 1127 2418 plus
1141 2393 1220 2420 quam
1234 2393 1315 2411 unum
1328 2393 1414 2417 ovum,
1424 2385 1529 2412 autduo
1538 2385 1757 2419 complurimum.
1767 2386 1829 2420 Qum
1835 2385 1852 2412 si

1069 2433 1194 2456 naturam
1206 2430 1296 2457 avium
1311 2435 1386 2458 recte
1400 2430 1568 2463 consideres,
1582 2431 1644 2465 quis
1660 2431 1699 2458 ita
1712 2431 1823 2466 iniquus
1830 2435 1853 2457 ut

1069 2483 1168 2510 negare
1185 2475 1283 2503 audeat
1302 2477 1437 2503 vulturem
1450 2484 1526 2503 avem
1540 2483 1590 2503 ova
1598 2476 1731 2511 gignere?
1744 2477 1781 2504 At
1789 2476 1852 2504 fuere.

1069 2522 1115 2555 qui
1127 2521 1249 2548 dicerent
1262 2529 1309 2549 eos
1322 2530 1373 2549 ova
1393 2530 1447 2549 non
1467 2521 1622 2554 excludere,
1638 2522 1688 2550 sed
1706 2523 1798 2558 pullos
1812 2530 1852 2557 pa-

1068 2574 1139 2598 rere,
1154 2574 1256 2602 eosque
1269 2568 1361 2594 statim
1375 2575 1390 2594 a
1404 2573 1483 2602 partu
1497 2568 1622 2595 volatiles
1633 2576 1707 2596 esse.
1724 2568 1851 2599 .lElianus,

1068 2613 1116 2641 lib.
1133 2621 1163 2646 ll,
1176 2621 1236 2648 cap.
1254 2614 1288 2640 46
1301 2624 1307 2641 :
1324 2614 1416 2646 Γῦπας
1432 2614 1459 2640 δὲ
1473 2614 1510 2649 μὴ
1525 2613 1566 2640 ὡὰ
1577 2614 1680 2642 τίκτειν
1696 2615 1851 2649 πέπεισμαι,

1069 2660 1191 2691 νεοττοὺς
1211 2660 1238 2686 δὲ
1256 2660 1371 2687 ὠδίνειν.
1392 2661 1447 2687 Καὶ
1471 2660 1508 2692 ὡς
1537 2661 1590 2687 ἀπὺ
1606 2662 1706 2694 γενεᾶς
1723 2662 1851 2688 κατάπτε-

1069 2705 1111 2742 ροί
1121 2706 1183 2738 εἰσι,
1195 2707 1240 2732 καὶ
1254 2706 1332 2733 τοῦτο
1347 2706 1461 2741 Ιἣκουσιν..
1475 2706 1508 2733 Et
1527 2706 1753 2742 Theophylactus
1772 2708 1851 2735 Simo-

1068 2756 1157 2783 catus,
1181 2752 1209 2778 in
1231 2752 1332 2784 Qumst.
1350 2759 1450 2785 natur.,
1468 2756 1564 2787 quaest.
1583 2752 1610 2785 8,
1635 2753 1670 2780 de
1683 2745 1850 2780 vulturibusf

1068 2793 1124 2824 Kal.
1145 2797 1266 2824 τίκτουσι
1288 2798 1354 2830 ζῶα,
1381 2799 1431 2825 οὐκ
1447 2798 1488 2825 ὼὰ
1505 2798 1654 2834 ὑπηνέμια.
1673 2800 1722 2826 Διὸ
1737 2799 1851 2826 πλεῖσται

1068 2843 1164 2879 χρόνου
1180 2844 1264 2870 δεῖται
1279 2844 1295 2879 ἡ
1312 2844 1392 2878 φύσις
1407 2845 1475 2880 πρδς
1492 2843 1561 2876 ζώω
1578 2844 1795 2880 τελεσιουργίαν,
1806 2844 1851 2871 Πο-
