  <div class='ocr_page' id='page_1' title='image "/cluster/home/n/w/nwhite01/storage/ocr_20150623/18/njp.32101077772455/730.png"; bbox 0 0 1897 3073; ppageno 0'>
   <div class='ocr_carea' id='block_1_1' title="bbox 37 116 77 144">
    <p class='ocr_par' dir='ltr' id='par_1_1' title="bbox 37 116 77 144">
     <span class='ocr_line' id='line_1_1' title="bbox 37 116 77 144; baseline -0.05 0"><span class='ocrx_word' id='word_1_1' title='bbox 37 116 77 144; x_wconf 56' lang='grc' dir='ltr'><strong>θοι</strong></span> 
     </span>
    </p>
   </div>
   <div class='ocr_carea' id='block_1_2' title="bbox 36 207 425 240">
    <p class='ocr_par' dir='ltr' id='par_1_2' title="bbox 36 207 425 240">
     <span class='ocr_line' id='line_1_2' title="bbox 36 207 425 240; baseline 0 -5"><span class='ocrx_word' id='word_1_2' title='bbox 36 214 90 239; x_wconf 74' lang='grc' dir='ltr'><strong>ι-ιο..</strong></span> <span class='ocrx_word' id='word_1_3' title='bbox 106 212 132 236; x_wconf 86' lang='lat' dir='ltr'><strong>et</strong></span> <span class='ocrx_word' id='word_1_4' title='bbox 147 208 237 240; x_wconf 86' lang='lat' dir='ltr'><strong>Phile,</strong></span> <span class='ocrx_word' id='word_1_5' title='bbox 256 209 285 235; x_wconf 94' lang='lat' dir='ltr'><strong>in</strong></span> <span class='ocrx_word' id='word_1_6' title='bbox 301 207 402 236; x_wconf 83' lang='lat' dir='ltr'><strong>lambis</strong></span> <span class='ocrx_word' id='word_1_7' title='bbox 416 217 425 235; x_wconf 93' lang='lat'><em>:</em></span> 
     </span>
    </p>
   </div>
   <div class='ocr_carea' id='block_1_3' title="bbox 35 275 702 311">
    <p class='ocr_par' dir='ltr' id='par_1_3' title="bbox 35 275 702 311">
     <span class='ocr_line' id='line_1_3' title="bbox 35 275 702 311; baseline 0 -9"><span class='ocrx_word' id='word_1_8' title='bbox 35 276 124 310; x_wconf 69' lang='grc' dir='ltr'><strong>Θῆλινς</strong></span> <span class='ocrx_word' id='word_1_9' title='bbox 137 275 171 302; x_wconf 81' lang='grc' dir='ltr'><strong>δὲ</strong></span> <span class='ocrx_word' id='word_1_10' title='bbox 186 275 248 308; x_wconf 75' lang='grc' dir='ltr'><strong>πᾶς</strong></span> <span class='ocrx_word' id='word_1_11' title='bbox 261 275 334 311; x_wconf 73' lang='grc' dir='ltr'>γὺψ,</span> <span class='ocrx_word' id='word_1_12' title='bbox 346 276 394 303; x_wconf 82' lang='grc' dir='ltr'><strong>καὶ</strong></span> <span class='ocrx_word' id='word_1_13' title='bbox 410 277 526 311; x_wconf 77' lang='grc' dir='ltr'><em>σπορᾶς</em></span> <span class='ocrx_word' id='word_1_14' title='bbox 543 276 615 303; x_wconf 77' lang='grc' dir='ltr'><em>ἄνευ</em></span> <span class='ocrx_word' id='word_1_15' title='bbox 628 276 702 302; x_wconf 78' lang='grc' dir='ltr'><strong>κύει.</strong></span> 
     </span>
    </p>
   </div>
   <div class='ocr_carea' id='block_1_4' title="bbox 35 311 700 346">
    <p class='ocr_par' dir='ltr' id='par_1_4' title="bbox 35 311 700 346">
     <span class='ocr_line' id='line_1_4' title="bbox 35 311 700 346; baseline -0.002 -8"><span class='ocrx_word' id='word_1_16' title='bbox 35 312 138 338; x_wconf 66' lang='lat' dir='ltr'><strong>Xalt-tor</strong></span> <span class='ocrx_word' id='word_1_17' title='bbox 148 311 201 346; x_wconf 77' lang='grc' dir='ltr'><strong>γὰρ</strong></span> <span class='ocrx_word' id='word_1_18' title='bbox 218 312 403 345; x_wconf 79' lang='grc' dir='ltr'><em>ἀντίπρωρος</em></span> <span class='ocrx_word' id='word_1_19' title='bbox 418 313 499 346; x_wconf 70' lang='grc' dir='ltr'><em>ὑψοῦ</em></span> <span class='ocrx_word' id='word_1_20' title='bbox 513 312 586 345; x_wconf 78' lang='grc' dir='ltr'><em>πρὸς</em></span> <span class='ocrx_word' id='word_1_21' title='bbox 601 312 700 344; x_wconf 80' lang='grc' dir='ltr'><em>νότον,</em></span> 
     </span>
    </p>
   </div>
   <div class='ocr_carea' id='block_1_5' title="bbox 35 345 728 381">
    <p class='ocr_par' dir='ltr' id='par_1_5' title="bbox 35 345 728 381">
     <span class='ocr_line' id='line_1_5' title="bbox 35 345 728 381; baseline 0 -8"><span class='ocrx_word' id='word_1_22' title='bbox 35 345 230 380; x_wconf 61' lang='grc' dir='ltr'><strong>ξυλλαμϐάνει</strong></span> <span class='ocrx_word' id='word_1_23' title='bbox 245 347 280 373; x_wconf 76' lang='grc' dir='ltr'><em>τὸ</em></span> <span class='ocrx_word' id='word_1_24' title='bbox 293 347 419 381; x_wconf 82' lang='grc' dir='ltr'>πνεῦμα,</span> <span class='ocrx_word' id='word_1_25' title='bbox 438 347 485 373; x_wconf 74' lang='grc' dir='ltr'><em>καὶ</em></span> <span class='ocrx_word' id='word_1_26' title='bbox 504 348 602 381; x_wconf 79' lang='grc' dir='ltr'><em>τρίτου</em></span> <span class='ocrx_word' id='word_1_27' title='bbox 618 348 728 380; x_wconf 77' lang='grc' dir='ltr'><em>χρόνον</em></span> 
     </span>
    </p>
   </div>
   <div class='ocr_carea' id='block_1_6' title="bbox 34 381 758 416">
    <p class='ocr_par' dir='ltr' id='par_1_6' title="bbox 34 381 758 416">
     <span class='ocr_line' id='line_1_6' title="bbox 34 381 758 416; baseline 0 -8"><span class='ocrx_word' id='word_1_28' title='bbox 34 381 187 416; x_wconf 62' lang='grc' dir='ltr'><em>Στριιιθοὺς</em></span> <span class='ocrx_word' id='word_1_29' title='bbox 203 382 373 416; x_wconf 79' lang='grc' dir='ltr'><em>πτερωτοὺς</em></span> <span class='ocrx_word' id='word_1_30' title='bbox 389 381 432 416; x_wconf 75' lang='grc' dir='ltr'><strong>ἄρ’</strong></span> <span class='ocrx_word' id='word_1_31' title='bbox 445 382 504 409; x_wconf 79' lang='grc' dir='ltr'><strong>ἀπὸ</strong></span> <span class='ocrx_word' id='word_1_32' title='bbox 520 382 635 416; x_wconf 81' lang='grc' dir='ltr'><em>μήτρας</em></span> <span class='ocrx_word' id='word_1_33' title='bbox 649 381 758 416; x_wconf 75' lang='grc' dir='ltr'><strong>ἐξάγει.</strong></span> 
     </span>
    </p>
   </div>
   <div class='ocr_carea' id='block_1_7' title="bbox 34 415 592 452">
    <p class='ocr_par' dir='ltr' id='par_1_7' title="bbox 34 415 592 452">
     <span class='ocr_line' id='line_1_7' title="bbox 34 415 592 452; baseline 0.004 -11"><span class='ocrx_word' id='word_1_34' title='bbox 34 416 58 441; x_wconf 67' lang='lat' dir='ltr'><strong>(li</strong></span> <span class='ocrx_word' id='word_1_35' title='bbox 70 415 152 445; x_wconf 64' lang='grc' dir='ltr'><em>ζῶσιν</em></span> <span class='ocrx_word' id='word_1_36' title='bbox 163 415 305 452; x_wconf 72' lang='grc' dir='ltr'><strong>εὐθὺςέξ</strong></span> <span class='ocrx_word' id='word_1_37' title='bbox 317 415 434 452; x_wconf 77' lang='grc' dir='ltr'><em>ὀνύχών</em></span> <span class='ocrx_word' id='word_1_38' title='bbox 452 415 592 451; x_wconf 63' lang='lat' dir='ltr'><strong>Liparier</strong></span> 
     </span>
    </p>
   </div>
   <div class='ocr_carea' id='block_1_8' title="bbox 34 444 647 486">
    <p class='ocr_par' dir='ltr' id='par_1_8' title="bbox 34 444 647 486">
     <span class='ocr_line' id='line_1_8' title="bbox 34 444 647 486; baseline 0 -9"><span class='ocrx_word' id='word_1_39' title='bbox 34 444 149 485; x_wconf 65' lang='lat' dir='ltr'><strong>[tripovc</strong></span> <span class='ocrx_word' id='word_1_40' title='bbox 162 444 279 479; x_wconf 58' lang='grc' dir='ltr'><em>κωιῶν</em></span> <span class='ocrx_word' id='word_1_41' title='bbox 288 444 458 486; x_wconf 67' lang='grc' dir='ltr'><em>ἑὺρεθὲντες</em></span> <span class='ocrx_word' id='word_1_42' title='bbox 472 444 647 486; x_wconf 59' lang='grc' dir='ltr'><em>Ξιρείῖετονες.</em></span> 
     </span>
    </p>
   </div>
   <div class='ocr_carea' id='block_1_9' title="bbox 61 518 810 555">
    <p class='ocr_par' dir='ltr' id='par_1_9' title="bbox 61 518 810 555">
     <span class='ocr_line' id='line_1_9' title="bbox 61 518 810 555; baseline 0.005 -11"><span class='ocrx_word' id='word_1_43' title='bbox 61 518 135 551; x_wconf 83' lang='lat' dir='ltr'><strong>lbid.,</strong></span> <span class='ocrx_word' id='word_1_44' title='bbox 150 518 200 544; x_wconf 91' lang='lat' dir='ltr'><strong>lin.</strong></span> <span class='ocrx_word' id='word_1_45' title='bbox 214 519 262 546; x_wconf 77' lang='lat'><strong>58.</strong></span> <span class='ocrx_word' id='word_1_46' title='bbox 274 519 350 548; x_wconf 78' lang='grc' dir='ltr'>Φασὶ</span> <span class='ocrx_word' id='word_1_47' title='bbox 362 519 396 546; x_wconf 81' lang='grc' dir='ltr'><strong>δὲ</strong></span> <span class='ocrx_word' id='word_1_48' title='bbox 407 519 459 547; x_wconf 80' lang='grc' dir='ltr'><em>τὸν</em></span> <span class='ocrx_word' id='word_1_49' title='bbox 470 520 558 555; x_wconf 78' lang='grc' dir='ltr'>γῦπα.</span> <span class='ocrx_word' id='word_1_50' title='bbox 571 520 675 548; x_wconf 86' lang='lat' dir='ltr'><strong>Plinius</strong></span> <span class='ocrx_word' id='word_1_51' title='bbox 689 521 810 548; x_wconf 79' lang='lat' dir='ltr'><strong>vultures</strong></span> 
     </span>
    </p>
   </div>
   <div class='ocr_carea' id='block_1_10' title="bbox 33 562 811 600">
    <p class='ocr_par' dir='ltr' id='par_1_10' title="bbox 33 562 811 600">
     <span class='ocr_line' id='line_1_10' title="bbox 33 562 811 600; baseline 0.001 -10"><span class='ocrx_word' id='word_1_52' title='bbox 33 564 105 591; x_wconf 86' lang='lat' dir='ltr'><strong>ndorc</strong></span> <span class='ocrx_word' id='word_1_53' title='bbox 115 562 215 598; x_wconf 79' lang='lat' dir='ltr'><strong>fugari,</strong></span> <span class='ocrx_word' id='word_1_54' title='bbox 236 564 285 592; x_wconf 88' lang='lat' dir='ltr'><strong>lib.</strong></span> <span class='ocrx_word' id='word_1_55' title='bbox 303 573 332 597; x_wconf 81' lang='grc' dir='ltr'><strong>ιι,</strong></span> <span class='ocrx_word' id='word_1_56' title='bbox 357 572 417 600; x_wconf 86' lang='lat' dir='ltr'><strong>cap.</strong></span> <span class='ocrx_word' id='word_1_57' title='bbox 439 565 484 599; x_wconf 75' lang='grc'>45,</span> <span class='ocrx_word' id='word_1_58' title='bbox 504 565 608 593; x_wconf 77' lang='lat' dir='ltr'><strong>scribit.</strong></span> <span class='ocrx_word' id='word_1_59' title='bbox 631 565 704 593; x_wconf 82' lang='lat' dir='ltr'><strong>idem</strong></span> <span class='ocrx_word' id='word_1_60' title='bbox 726 564 811 592; x_wconf 64' lang='lat' dir='ltr'><strong>Elia-</strong></span> 
     </span>
    </p>
   </div>
   <div class='ocr_carea' id='block_1_11' title="bbox 32 610 810 647">
    <p class='ocr_par' dir='ltr' id='par_1_11' title="bbox 32 610 810 647">
     <span class='ocr_line' id='line_1_11' title="bbox 32 610 810 647; baseline 0.005 -10"><span class='ocrx_word' id='word_1_61' title='bbox 32 618 86 643; x_wconf 92' lang='lat' dir='ltr'><strong>nus,</strong></span> <span class='ocrx_word' id='word_1_62' title='bbox 100 610 145 637; x_wconf 87' lang='lat' dir='ltr'><strong>lib.</strong></span> <span class='ocrx_word' id='word_1_63' title='bbox 160 617 203 642; x_wconf 89' lang='grc' dir='ltr'>ιιι,</span> <span class='ocrx_word' id='word_1_64' title='bbox 217 617 281 645; x_wconf 90' lang='lat' dir='ltr'><strong>cap.</strong></span> <span class='ocrx_word' id='word_1_65' title='bbox 299 610 324 642; x_wconf 88' lang='lat'><strong>7,</strong></span> <span class='ocrx_word' id='word_1_66' title='bbox 337 614 364 639; x_wconf 86' lang='lat' dir='ltr'><strong>et</strong></span> <span class='ocrx_word' id='word_1_67' title='bbox 381 611 428 638; x_wconf 86' lang='lat' dir='ltr'><strong>lib.</strong></span> <span class='ocrx_word' id='word_1_68' title='bbox 447 619 484 644; x_wconf 84' lang='lat' dir='ltr'><strong>IV,</strong></span> <span class='ocrx_word' id='word_1_69' title='bbox 497 619 557 647; x_wconf 89' lang='lat' dir='ltr'><strong>cap.</strong></span> <span class='ocrx_word' id='word_1_70' title='bbox 576 611 624 646; x_wconf 71' lang='lat'><strong>18;</strong></span> <span class='ocrx_word' id='word_1_71' title='bbox 639 612 810 646; x_wconf 87' lang='lat' dir='ltr'><strong>Aristoteles,</strong></span> 
     </span>
    </p>
   </div>
   <div class='ocr_carea' id='block_1_12' title="bbox 32 653 809 692">
    <p class='ocr_par' dir='ltr' id='par_1_12' title="bbox 32 653 809 692">
     <span class='ocr_line' id='line_1_12' title="bbox 32 653 809 692; baseline 0.006 -12"><span class='ocrx_word' id='word_1_72' title='bbox 32 654 72 680; x_wconf 88' lang='lat' dir='ltr'><strong>lib.</strong></span> <span class='ocrx_word' id='word_1_73' title='bbox 85 653 151 687; x_wconf 80' lang='grc' dir='ltr'><strong>Περὶ</strong></span> <span class='ocrx_word' id='word_1_74' title='bbox 169 655 345 689; x_wconf 70' lang='grc' dir='ltr'><strong>θαυμασίων</strong></span> <span class='ocrx_word' id='word_1_75' title='bbox 367 655 572 690; x_wconf 79' lang='grc' dir='ltr'><strong>ἀκουσμάτων.</strong></span> <span class='ocrx_word' id='word_1_76' title='bbox 596 655 809 692; x_wconf 68' lang='lat' dir='ltr'><strong>Theophrastus,</strong></span> 
     </span>
    </p>
   </div>
   <div class='ocr_carea' id='block_1_13' title="bbox 32 699 811 738">
    <p class='ocr_par' dir='ltr' id='par_1_13' title="bbox 32 699 811 738">
     <span class='ocr_line' id='line_1_13' title="bbox 32 699 811 738; baseline 0.005 -12"><span class='ocrx_word' id='word_1_77' title='bbox 32 700 72 727; x_wconf 86' lang='lat' dir='ltr'><strong>lib.</strong></span> <span class='ocrx_word' id='word_1_78' title='bbox 99 699 137 727; x_wconf 81' lang='lat' dir='ltr'><strong>De</strong></span> <span class='ocrx_word' id='word_1_79' title='bbox 164 700 293 728; x_wconf 76' lang='lat' dir='ltr'><strong>odoribus</strong></span> <span class='ocrx_word' id='word_1_80' title='bbox 312 709 321 727; x_wconf 92' lang='lat'><em>:</em></span> <span class='ocrx_word' id='word_1_81' title='bbox 346 702 438 729; x_wconf 87' lang='grc' dir='ltr'>Πονεῖν</span> <span class='ocrx_word' id='word_1_82' title='bbox 460 701 488 728; x_wconf 81' lang='grc' dir='ltr'><strong>δὲ</strong></span> <span class='ocrx_word' id='word_1_83' title='bbox 515 701 574 729; x_wconf 74' lang='grc' dir='ltr'>ἔνια</span> <span class='ocrx_word' id='word_1_84' title='bbox 597 703 722 738; x_wconf 81' lang='grc' dir='ltr'>φαίνεται</span> <span class='ocrx_word' id='word_1_85' title='bbox 750 705 811 736; x_wconf 84' lang='grc' dir='ltr'><em>ταῖς</em></span> 
     </span>
    </p>
   </div>
   <div class='ocr_carea' id='block_1_14' title="bbox 31 745 804 784">
    <p class='ocr_par' dir='ltr' id='par_1_14' title="bbox 31 745 804 784">
     <span class='ocr_line' id='line_1_14' title="bbox 31 745 804 784; baseline 0.005 -12"><span class='ocrx_word' id='word_1_86' title='bbox 31 746 117 780; x_wconf 76' lang='grc' dir='ltr'>ὀσμαῖς</span> <span class='ocrx_word' id='word_1_87' title='bbox 135 745 182 773; x_wconf 59' lang='grc' dir='ltr'><strong>καὶ¹</strong></span> <span class='ocrx_word' id='word_1_88' title='bbox 200 748 263 778; x_wconf 83' lang='grc' dir='ltr'><em>ταῖς</em></span> <span class='ocrx_word' id='word_1_89' title='bbox 289 747 424 781; x_wconf 80' lang='grc' dir='ltr'><strong>εὐωδίαις,</strong></span> <span class='ocrx_word' id='word_1_90' title='bbox 436 748 460 774; x_wconf 83' lang='grc' dir='ltr'><strong>ει</strong></span> <span class='ocrx_word' id='word_1_91' title='bbox 475 747 572 783; x_wconf 78' lang='grc' dir='ltr'><strong>ἀληθὲς</strong></span> <span class='ocrx_word' id='word_1_92' title='bbox 584 748 614 774; x_wconf 80' lang='grc' dir='ltr'><em>τὸ</em></span> <span class='ocrx_word' id='word_1_93' title='bbox 629 749 675 775; x_wconf 79' lang='grc' dir='ltr'><strong>ἐπὶ</strong></span> <span class='ocrx_word' id='word_1_94' title='bbox 692 749 746 776; x_wconf 85' lang='grc' dir='ltr'>τῶν</span> <span class='ocrx_word' id='word_1_95' title='bbox 761 758 804 784; x_wconf 82' lang='grc' dir='ltr'><strong>γυ-</strong></span> 
     </span>
    </p>
   </div>
   <div class='ocr_carea' id='block_1_15' title="bbox 31 791 808 829">
    <p class='ocr_par' dir='ltr' id='par_1_15' title="bbox 31 791 808 829">
     <span class='ocr_line' id='line_1_15' title="bbox 31 791 808 829; baseline 0.008 -13"><span class='ocrx_word' id='word_1_96' title='bbox 31 791 82 817; x_wconf 74' lang='grc' dir='ltr'><strong>πῶν</strong></span> <span class='ocrx_word' id='word_1_97' title='bbox 105 791 151 817; x_wconf 81' lang='grc' dir='ltr'>καὶ</span> <span class='ocrx_word' id='word_1_98' title='bbox 172 791 328 828; x_wconf 81' lang='grc' dir='ltr'><strong>κανθάρων.</strong></span> <span class='ocrx_word' id='word_1_99' title='bbox 356 793 390 819; x_wconf 83' lang='grc' dir='ltr'><em>Ει</em></span> <span class='ocrx_word' id='word_1_100' title='bbox 417 793 546 821; x_wconf 90' lang='lat' dir='ltr'><strong>collector</strong></span> <span class='ocrx_word' id='word_1_101' title='bbox 570 793 738 829; x_wconf 85' lang='lat' dir='ltr'><strong>Geopom&#39;cor.</strong></span> <span class='ocrx_word' id='word_1_102' title='bbox 763 796 808 823; x_wconf 89' lang='lat' dir='ltr'><strong>lib.</strong></span> 
     </span>
    </p>
   </div>
   <div class='ocr_carea' id='block_1_16' title="bbox 530 114 1154 146">
    <p class='ocr_par' dir='ltr' id='par_1_16' title="bbox 530 114 1154 146">
     <span class='ocr_line' id='line_1_16' title="bbox 530 114 1154 146; baseline 0.005 -4"><span class='ocrx_word' id='word_1_103' title='bbox 530 115 564 143; x_wconf 84' lang='lat' dir='ltr'><strong>IN</strong></span> <span class='ocrx_word' id='word_1_104' title='bbox 584 114 768 143; x_wconf 82' lang='lat' dir='ltr'><strong>EUSTATHII</strong></span> <span class='ocrx_word' id='word_1_105' title='bbox 789 114 1026 144; x_wconf 78' lang='lat' dir='ltr'><strong>HEXAEMERON</strong></span> <span class='ocrx_word' id='word_1_106' title='bbox 1037 116 1154 146; x_wconf 76' lang='grc' dir='ltr'><strong>ΝΟΤᾹΞ.</strong></span> 
     </span>
    </p>
   </div>
   <div class='ocr_carea' id='block_1_17' title="bbox 36 162 852 198">
    <p class='ocr_par' dir='ltr' id='par_1_17' title="bbox 36 162 852 198">
     <span class='ocr_line' id='line_1_17' title="bbox 36 162 852 198; baseline 0 -9"><span class='ocrx_word' id='word_1_107' title='bbox 36 164 164 198; x_wconf 64' lang='grc' dir='ltr'><strong>ὶύκρατες.</strong></span> <span class='ocrx_word' id='word_1_108' title='bbox 189 162 315 189; x_wconf 80' lang='grc' dir='ltr'>Χαλεπὸν</span> <span class='ocrx_word' id='word_1_109' title='bbox 337 162 389 198; x_wconf 86' lang='grc' dir='ltr'>γὰρ</span> <span class='ocrx_word' id='word_1_110' title='bbox 414 162 460 188; x_wconf 71' lang='grc' dir='ltr'><strong>καὶ</strong></span> <span class='ocrx_word' id='word_1_111' title='bbox 475 162 534 189; x_wconf 82' lang='grc' dir='ltr'>λίαν</span> <span class='ocrx_word' id='word_1_112' title='bbox 547 162 663 198; x_wconf 75' lang='grc' dir='ltr'>ἐργῶδες</span> <span class='ocrx_word' id='word_1_113' title='bbox 676 164 710 198; x_wconf 86' lang='grc' dir='ltr'><em>τῇ</em></span> <span class='ocrx_word' id='word_1_114' title='bbox 723 162 811 197; x_wconf 76' lang='grc' dir='ltr'>φύσει,</span> <span class='ocrx_word' id='word_1_115' title='bbox 828 166 852 194; x_wconf 78' lang='grc' dir='ltr'>Α</span> 
     </span>
    </p>
   </div>
   <div class='ocr_carea' id='block_1_18' title="bbox 935 162 1532 199">
    <p class='ocr_par' dir='ltr' id='par_1_18' title="bbox 935 162 1532 199">
     <span class='ocr_line' id='line_1_18' title="bbox 935 162 1532 199; baseline 0 -10"><span class='ocrx_word' id='word_1_116' title='bbox 935 162 1044 199; x_wconf 71' lang='grc' dir='ltr'><strong>ςὶεοηὶα</strong></span> <span class='ocrx_word' id='word_1_117' title='bbox 1058 164 1139 190; x_wconf 85' lang='lat' dir='ltr'><strong>etiam</strong></span> <span class='ocrx_word' id='word_1_118' title='bbox 1152 167 1240 198; x_wconf 81' lang='lat' dir='ltr'><strong>grata,</strong></span> <span class='ocrx_word' id='word_1_119' title='bbox 1254 164 1400 199; x_wconf 80' lang='lat' dir='ltr'><strong>peregrina,</strong></span> <span class='ocrx_word' id='word_1_120' title='bbox 1419 163 1532 197; x_wconf 80' lang='lat' dir='ltr'><strong>hospita,</strong></span> 
     </span>
    </p>
   </div>
   <div class='ocr_carea' id='block_1_19' title="bbox 932 198 1509 234">
    <p class='ocr_par' dir='ltr' id='par_1_19' title="bbox 932 198 1509 234">
     <span class='ocr_line' id='line_1_19' title="bbox 932 198 1509 234; baseline 0.002 -10"><span class='ocrx_word' id='word_1_121' title='bbox 932 198 1047 225; x_wconf 78' lang='lat' dir='ltr'><strong>Pietatis</strong></span> <span class='ocrx_word' id='word_1_122' title='bbox 1062 199 1169 229; x_wconf 75' lang='lat' dir='ltr'><strong>cultrix,</strong></span> <span class='ocrx_word' id='word_1_123' title='bbox 1184 198 1331 234; x_wconf 79' lang='lat' dir='ltr'><strong>gracilipes,</strong></span> <span class='ocrx_word' id='word_1_124' title='bbox 1345 199 1509 234; x_wconf 79' lang='lat' dir='ltr'><strong>glotoristria</strong></span> 
     </span>
    </p>
   </div>
   <div class='ocr_carea' id='block_1_20' title="bbox 935 233 1276 265">
    <p class='ocr_par' dir='ltr' id='par_1_20' title="bbox 935 233 1276 265">
     <span class='ocr_line' id='line_1_20' title="bbox 935 233 1276 265; baseline 0.003 -5"><span class='ocrx_word' id='word_1_125' title='bbox 935 233 997 260; x_wconf 83' lang='lat' dir='ltr'><strong>Avis</strong></span> <span class='ocrx_word' id='word_1_126' title='bbox 1012 233 1088 260; x_wconf 76' lang='lat' dir='ltr'><strong>exsul</strong></span> <span class='ocrx_word' id='word_1_127' title='bbox 1105 233 1209 265; x_wconf 83' lang='lat' dir='ltr'><strong>hiemis,</strong></span> <span class='ocrx_word' id='word_1_128' title='bbox 1224 238 1276 262; x_wconf 85' lang='lat' dir='ltr'><strong>etc.</strong></span> 
     </span>
    </p>
   </div>
   <div class='ocr_carea' id='block_1_21' title="bbox 862 289 1649 326">
    <p class='ocr_par' dir='ltr' id='par_1_21' title="bbox 862 289 1649 326">
     <span class='ocr_line' id='line_1_21' title="bbox 862 289 1649 326; baseline 0.001 -10"><span class='ocrx_word' id='word_1_129' title='bbox 862 289 980 317; x_wconf 88' lang='lat' dir='ltr'><strong>Consule</strong></span> <span class='ocrx_word' id='word_1_130' title='bbox 1003 289 1115 317; x_wconf 85' lang='lat' dir='ltr'><strong>Adriani</strong></span> <span class='ocrx_word' id='word_1_131' title='bbox 1135 289 1208 317; x_wconf 85' lang='lat' dir='ltr'><strong>Junii</strong></span> <span class='ocrx_word' id='word_1_132' title='bbox 1225 290 1391 318; x_wconf 86' lang='lat' dir='ltr'><strong>Animadver.</strong></span> <span class='ocrx_word' id='word_1_133' title='bbox 1409 290 1456 317; x_wconf 90' lang='lat' dir='ltr'><strong>lib.</strong></span> <span class='ocrx_word' id='word_1_134' title='bbox 1469 299 1506 323; x_wconf 78' lang='lat' dir='ltr'><strong>vr,</strong></span> <span class='ocrx_word' id='word_1_135' title='bbox 1522 297 1582 326; x_wconf 87' lang='lat' dir='ltr'><strong>cap.</strong></span> <span class='ocrx_word' id='word_1_136' title='bbox 1607 290 1649 317; x_wconf 88' lang='lat' dir='ltr'><strong>l5.</strong></span> 
     </span>
    </p>
   </div>
   <div class='ocr_carea' id='block_1_22' title="bbox 898 335 1643 370">
    <p class='ocr_par' dir='ltr' id='par_1_22' title="bbox 898 335 1643 370">
     <span class='ocr_line' id='line_1_22' title="bbox 898 335 1643 370; baseline -0.001 -8"><span class='ocrx_word' id='word_1_137' title='bbox 898 335 977 369; x_wconf 89' lang='lat' dir='ltr'><strong>lbid.,</strong></span> <span class='ocrx_word' id='word_1_138' title='bbox 1000 335 1048 362; x_wconf 89' lang='lat' dir='ltr'><strong>lin.</strong></span> <span class='ocrx_word' id='word_1_139' title='bbox 1076 336 1121 363; x_wconf 71' lang='grc'><strong>47.</strong></span> <span class='ocrx_word' id='word_1_140' title='bbox 1148 336 1430 370; x_wconf 82' lang='grc' dir='ltr'><em>Τετραυματισμέναι</em></span> <span class='ocrx_word' id='word_1_141' title='bbox 1450 335 1513 370; x_wconf 79' lang='grc' dir='ltr'><strong>γάρ.</strong></span> <span class='ocrx_word' id='word_1_142' title='bbox 1532 335 1590 369; x_wconf 86' lang='lat' dir='ltr'><strong>Qua</strong></span> <span class='ocrx_word' id='word_1_143' title='bbox 1607 343 1643 361; x_wconf 88' lang='lat' dir='ltr'><strong>ra-</strong></span> 
     </span>
    </p>
   </div>
   <div class='ocr_carea' id='block_1_23' title="bbox 862 381 1648 416">
    <p class='ocr_par' dir='ltr' id='par_1_23' title="bbox 862 381 1648 416">
     <span class='ocr_line' id='line_1_23' title="bbox 862 381 1648 416; baseline 0.001 -9"><span class='ocrx_word' id='word_1_144' title='bbox 862 381 935 409; x_wconf 85' lang='lat' dir='ltr'><strong>tione</strong></span> <span class='ocrx_word' id='word_1_145' title='bbox 959 381 1010 409; x_wconf 87' lang='lat' dir='ltr'><strong>sibi</strong></span> <span class='ocrx_word' id='word_1_146' title='bbox 1036 381 1195 409; x_wconf 77' lang='lat' dir='ltr'><strong>medeantur</strong></span> <span class='ocrx_word' id='word_1_147' title='bbox 1214 381 1326 409; x_wconf 68' lang='lat' dir='ltr'><strong>ciconim</strong></span> <span class='ocrx_word' id='word_1_148' title='bbox 1343 389 1404 409; x_wconf 93' lang='lat' dir='ltr'><strong>cum</strong></span> <span class='ocrx_word' id='word_1_149' title='bbox 1419 382 1518 409; x_wconf 86' lang='lat' dir='ltr'><strong>vulnus</strong></span> <span class='ocrx_word' id='word_1_150' title='bbox 1535 389 1648 416; x_wconf 87' lang='lat' dir='ltr'><strong>accepe—</strong></span> 
     </span>
    </p>
   </div>
   <div class='ocr_carea' id='block_1_24' title="bbox 861 423 1559 460">
    <p class='ocr_par' dir='ltr' id='par_1_24' title="bbox 861 423 1559 460">
     <span class='ocr_line' id='line_1_24' title="bbox 861 423 1559 460; baseline 0.006 -10"><span class='ocrx_word' id='word_1_151' title='bbox 861 424 928 457; x_wconf 92' lang='lat' dir='ltr'><strong>rint,</strong></span> <span class='ocrx_word' id='word_1_152' title='bbox 942 423 1079 458; x_wconf 72' lang='lat' dir='ltr'><strong>tElianus,</strong></span> <span class='ocrx_word' id='word_1_153' title='bbox 1093 425 1141 452; x_wconf 91' lang='lat' dir='ltr'><strong>lib.</strong></span> <span class='ocrx_word' id='word_1_154' title='bbox 1159 433 1186 458; x_wconf 84' lang='grc' dir='ltr'><strong>ν,</strong></span> <span class='ocrx_word' id='word_1_155' title='bbox 1206 432 1266 460; x_wconf 92' lang='lat' dir='ltr'><strong>cap.</strong></span> <span class='ocrx_word' id='word_1_156' title='bbox 1279 425 1331 458; x_wconf 60' lang='lat'><strong>:56;</strong></span> <span class='ocrx_word' id='word_1_157' title='bbox 1348 430 1376 453; x_wconf 86' lang='lat' dir='ltr'><strong>et</strong></span> <span class='ocrx_word' id='word_1_158' title='bbox 1390 425 1559 454; x_wconf 85' lang='lat' dir='ltr'><strong>Aristoteles.</strong></span> 
     </span>
    </p>
   </div>
   <div class='ocr_carea' id='block_1_25' title="bbox 896 470 1646 506">
    <p class='ocr_par' dir='ltr' id='par_1_25' title="bbox 896 470 1646 506">
     <span class='ocr_line' id='line_1_25' title="bbox 896 470 1646 506; baseline 0.003 -10"><span class='ocrx_word' id='word_1_159' title='bbox 896 470 975 503; x_wconf 82' lang='lat' dir='ltr'><strong>lbid.,</strong></span> <span class='ocrx_word' id='word_1_160' title='bbox 991 471 1038 497; x_wconf 92' lang='lat' dir='ltr'><strong>lin.</strong></span> <span class='ocrx_word' id='word_1_161' title='bbox 1055 471 1100 497; x_wconf 70' lang='grc'><strong>48.</strong></span> <span class='ocrx_word' id='word_1_162' title='bbox 1122 471 1192 498; x_wconf 81' lang='grc' dir='ltr'><strong>Ἐὰν·</strong></span> <span class='ocrx_word' id='word_1_163' title='bbox 1215 471 1248 497; x_wconf 78' lang='grc' dir='ltr'><strong>δὲ</strong></span> <span class='ocrx_word' id='word_1_164' title='bbox 1266 471 1394 506; x_wconf 72' lang='grc' dir='ltr'><strong>γηράσῃ.</strong></span> <span class='ocrx_word' id='word_1_165' title='bbox 1421 471 1552 504; x_wconf 78' lang='lat' dir='ltr'><strong>Basilius,</strong></span> <span class='ocrx_word' id='word_1_166' title='bbox 1573 471 1646 499; x_wconf 89' lang='lat' dir='ltr'><strong>hom.</strong></span> 
     </span>
    </p>
   </div>
   <div class='ocr_carea' id='block_1_26' title="bbox 861 515 1649 554">
    <p class='ocr_par' dir='ltr' id='par_1_26' title="bbox 861 515 1649 554">
     <span class='ocr_line' id='line_1_26' title="bbox 861 515 1649 554; baseline 0.003 -12"><span class='ocrx_word' id='word_1_167' title='bbox 861 515 878 543; x_wconf 87' lang='lat'><strong>8</strong></span> <span class='ocrx_word' id='word_1_168' title='bbox 891 525 897 542; x_wconf 87' lang='lat'><strong>:</strong></span> <span class='ocrx_word' id='word_1_169' title='bbox 915 516 1032 542; x_wconf 56' lang='grc' dir='ltr'><strong>’Ἐκεῖνοι</strong></span> <span class='ocrx_word' id='word_1_170' title='bbox 1045 516 1088 542; x_wconf 80' lang='grc' dir='ltr'><strong>τὸν</strong></span> <span class='ocrx_word' id='word_1_171' title='bbox 1112 517 1226 552; x_wconf 81' lang='grc' dir='ltr'>πατέρα,</span> <span class='ocrx_word' id='word_1_172' title='bbox 1241 518 1294 544; x_wconf 76' lang='grc' dir='ltr'><strong>ὑπὸ</strong></span> <span class='ocrx_word' id='word_1_173' title='bbox 1308 518 1353 544; x_wconf 83' lang='grc' dir='ltr'><em>τοῦ</em></span> <span class='ocrx_word' id='word_1_174' title='bbox 1373 518 1465 553; x_wconf 82' lang='grc' dir='ltr'><strong>γήρως</strong></span> <span class='ocrx_word' id='word_1_175' title='bbox 1479 518 1649 554; x_wconf 67' lang='grc' dir='ltr'>πτερορρυήα</span> 
     </span>
    </p>
   </div>
   <div class='ocr_carea' id='block_1_27' title="bbox 862 563 1648 600">
    <p class='ocr_par' dir='ltr' id='par_1_27' title="bbox 862 563 1648 600">
     <span class='ocr_line' id='line_1_27' title="bbox 862 563 1648 600; baseline 0.003 -12"><span class='ocrx_word' id='word_1_176' title='bbox 862 570 956 594; x_wconf 81' lang='grc' dir='ltr'>σαντα,</span> <span class='ocrx_word' id='word_1_177' title='bbox 973 563 1150 599; x_wconf 80' lang='grc' dir='ltr'><strong>περιστάντες</strong></span> <span class='ocrx_word' id='word_1_178' title='bbox 1167 564 1196 590; x_wconf 83' lang='grc' dir='ltr'>ἐν</span> <span class='ocrx_word' id='word_1_179' title='bbox 1215 563 1317 599; x_wconf 73' lang='grc' dir='ltr'><strong>κύκλῳ,</strong></span> <span class='ocrx_word' id='word_1_180' title='bbox 1332 564 1387 595; x_wconf 80' lang='grc' dir='ltr'><em>τοῖς</em></span> <span class='ocrx_word' id='word_1_181' title='bbox 1410 564 1520 595; x_wconf 77' lang='grc' dir='ltr'><strong>οἰκείοις</strong></span> <span class='ocrx_word' id='word_1_182' title='bbox 1541 565 1648 600; x_wconf 78' lang='grc' dir='ltr'><strong>πτεροῖς</strong></span> 
     </span>
    </p>
   </div>
   <div class='ocr_carea' id='block_1_28' title="bbox 860 607 1649 644">
    <p class='ocr_par' dir='ltr' id='par_1_28' title="bbox 860 607 1649 644">
     <span class='ocr_line' id='line_1_28' title="bbox 860 607 1649 644; baseline 0.004 -11"><span class='ocrx_word' id='word_1_183' title='bbox 860 607 1044 640; x_wconf 64' lang='lat' dir='ltr'><strong>summa,</strong></span> <span class='ocrx_word' id='word_1_184' title='bbox 1065 609 1112 635; x_wconf 75' lang='grc' dir='ltr'><strong>καὶ</strong></span> <span class='ocrx_word' id='word_1_185' title='bbox 1135 609 1184 641; x_wconf 84' lang='grc' dir='ltr'><em>τὰς</em></span> <span class='ocrx_word' id='word_1_186' title='bbox 1210 609 1312 644; x_wconf 75' lang='grc' dir='ltr'><em>τροφὰς</em></span> <span class='ocrx_word' id='word_1_187' title='bbox 1335 610 1458 644; x_wconf 72' lang='grc' dir='ltr'><strong>ἀφθόνως</strong></span> <span class='ocrx_word' id='word_1_188' title='bbox 1477 610 1649 644; x_wconf 76' lang='grc' dir='ltr'>παρασκευά-</span> 
     </span>
    </p>
   </div>
   <div class='ocr_carea' id='block_1_29' title="bbox 861 653 1648 692">
    <p class='ocr_par' dir='ltr' id='par_1_29' title="bbox 861 653 1648 692">
     <span class='ocr_line' id='line_1_29' title="bbox 861 653 1648 692; baseline 0.004 -12"><span class='ocrx_word' id='word_1_189' title='bbox 861 653 962 688; x_wconf 76' lang='grc' dir='ltr'>ζοντες,</span> <span class='ocrx_word' id='word_1_190' title='bbox 981 655 1030 691; x_wconf 77' lang='grc' dir='ltr'><em>τὴν</em></span> <span class='ocrx_word' id='word_1_191' title='bbox 1051 655 1164 691; x_wconf 79' lang='grc' dir='ltr'>δυνατὴν</span> <span class='ocrx_word' id='word_1_192' title='bbox 1188 655 1236 681; x_wconf 75' lang='lat' dir='ltr'><strong>xal.</strong></span> <span class='ocrx_word' id='word_1_193' title='bbox 1258 656 1286 682; x_wconf 78' lang='grc' dir='ltr'>ἐν</span> <span class='ocrx_word' id='word_1_194' title='bbox 1308 657 1341 691; x_wconf 83' lang='grc' dir='ltr'><em>τῇ</em></span> <span class='ocrx_word' id='word_1_195' title='bbox 1365 657 1461 691; x_wconf 84' lang='grc' dir='ltr'><strong>πτήσει</strong></span> <span class='ocrx_word' id='word_1_196' title='bbox 1486 657 1648 692; x_wconf 82' lang='grc' dir='ltr'>παρέχονται</span> 
     </span>
    </p>
   </div>
   <div class='ocr_carea' id='block_1_30' title="bbox 862 699 1647 738">
    <p class='ocr_par' dir='ltr' id='par_1_30' title="bbox 862 699 1647 738">
     <span class='ocr_line' id='line_1_30' title="bbox 862 699 1647 738; baseline 0.003 -12"><span class='ocrx_word' id='word_1_197' title='bbox 862 699 997 735; x_wconf 79' lang='grc' dir='ltr'>βοήθειαν,</span> <span class='ocrx_word' id='word_1_198' title='bbox 1013 701 1104 737; x_wconf 76' lang='grc' dir='ltr'>ἡρέμα</span> <span class='ocrx_word' id='word_1_199' title='bbox 1116 701 1154 737; x_wconf 77' lang='grc' dir='ltr'><em>τῷ</em></span> <span class='ocrx_word' id='word_1_200' title='bbox 1169 701 1262 737; x_wconf 87' lang='grc' dir='ltr'>πτερῷ</span> <span class='ocrx_word' id='word_1_201' title='bbox 1275 701 1447 736; x_wconf 72' lang='grc' dir='ltr'><strong>κουφίζοντες</strong></span> <span class='ocrx_word' id='word_1_202' title='bbox 1469 703 1647 738; x_wconf 78' lang='grc' dir='ltr'>ἐκατέρωοεν.</span> 
     </span>
    </p>
   </div>
   <div class='ocr_carea' id='block_1_31' title="bbox 861 746 1649 784">
    <p class='ocr_par' dir='ltr' id='par_1_31' title="bbox 861 746 1649 784">
     <span class='ocr_line' id='line_1_31' title="bbox 861 746 1649 784; baseline 0.003 -11"><span class='ocrx_word' id='word_1_203' title='bbox 861 747 915 773; x_wconf 78' lang='grc' dir='ltr'>Καὶ</span> <span class='ocrx_word' id='word_1_204' title='bbox 941 746 1011 773; x_wconf 71' lang='grc' dir='ltr'><em>οὕτω</em></span> <span class='ocrx_word' id='word_1_205' title='bbox 1026 747 1104 774; x_wconf 81' lang='grc' dir='ltr'><em>τοῦτο</em></span> <span class='ocrx_word' id='word_1_206' title='bbox 1117 747 1191 783; x_wconf 79' lang='grc' dir='ltr'>παρὰ</span> <span class='ocrx_word' id='word_1_207' title='bbox 1214 749 1280 774; x_wconf 81' lang='grc' dir='ltr'>πᾶσι</span> <span class='ocrx_word' id='word_1_208' title='bbox 1302 747 1492 784; x_wconf 75' lang='grc' dir='ltr'><strong>διαϐεϐόηται,</strong></span> <span class='ocrx_word' id='word_1_209' title='bbox 1509 748 1578 775; x_wconf 80' lang='grc' dir='ltr'>ὥστε</span> <span class='ocrx_word' id='word_1_210' title='bbox 1598 749 1649 783; x_wconf 76' lang='grc' dir='ltr'><strong>ἤδη</strong></span> 
     </span>
    </p>
   </div>
   <div class='ocr_carea' id='block_1_32' title="bbox 860 793 1648 830">
    <p class='ocr_par' dir='ltr' id='par_1_32' title="bbox 860 793 1648 830">
     <span class='ocr_line' id='line_1_32' title="bbox 860 793 1648 830; baseline 0.003 -11"><span class='ocrx_word' id='word_1_211' title='bbox 860 793 931 824; x_wconf 73' lang='grc' dir='ltr'><em>τινὲς</em></span> <span class='ocrx_word' id='word_1_212' title='bbox 944 793 994 828; x_wconf 80' lang='grc' dir='ltr'><strong>’τὴν</strong></span> <span class='ocrx_word' id='word_1_213' title='bbox 1006 793 1059 819; x_wconf 85' lang='grc' dir='ltr'><em>τῶν</em></span> <span class='ocrx_word' id='word_1_214' title='bbox 1080 793 1304 830; x_wconf 78' lang='grc' dir='ltr'><strong>εὐεργετημάτων</strong></span> <span class='ocrx_word' id='word_1_215' title='bbox 1321 793 1463 825; x_wconf 75' lang='grc' dir='ltr'><em>ἀντίδοσιν,</em></span> <span class='ocrx_word' id='word_1_216' title='bbox 1486 793 1648 830; x_wconf 59' lang='lat' dir='ltr'><strong>amns)th-</strong></span> 
     </span>
    </p>
   </div>
   <div class='ocr_carea' id='block_1_33' title="bbox 32 835 807 876">
    <p class='ocr_par' dir='ltr' id='par_1_33' title="bbox 32 835 807 876">
     <span class='ocr_line' id='line_1_33' title="bbox 32 835 807 876; baseline 0.005 -13"><span class='ocrx_word' id='word_1_217' title='bbox 32 845 87 864; x_wconf 85' lang='lat' dir='ltr'><strong>xlv:</strong></span> <span class='ocrx_word' id='word_1_218' title='bbox 107 837 299 873; x_wconf 79' lang='grc' dir='ltr'><strong>Ἀριστοτέλης</strong></span> <span class='ocrx_word' id='word_1_219' title='bbox 314 839 380 875; x_wconf 78' lang='grc' dir='ltr'><strong>φησὶ</strong></span> <span class='ocrx_word' id='word_1_220' title='bbox 398 839 489 874; x_wconf 82' lang='grc' dir='ltr'><strong>γῦπας</strong></span> <span class='ocrx_word' id='word_1_221' title='bbox 508 840 593 876; x_wconf 77' lang='grc' dir='ltr'>μύρου</span> <span class='ocrx_word' id='word_1_222' title='bbox 609 841 679 876; x_wconf 79' lang='grc' dir='ltr'><strong>ὀσμῇ</strong></span> <span class='ocrx_word' id='word_1_223' title='bbox 696 835 807 867; x_wconf 77' lang='grc' dir='ltr'>ἀπόλλυ-</span> 
     </span>
    </p>
   </div>
   <div class='ocr_carea' id='block_1_34' title="bbox 864 835 1533 876">
    <p class='ocr_par' dir='ltr' id='par_1_34' title="bbox 864 838 1533 874">
     <span class='ocr_line' id='line_1_34' title="bbox 864 838 1533 874; baseline 0.001 -9"><span class='ocrx_word' id='word_1_224' title='bbox 864 846 944 873; x_wconf 79' lang='grc' dir='ltr'>γωσιν</span> <span class='ocrx_word' id='word_1_225' title='bbox 962 839 1132 874; x_wconf 76' lang='grc' dir='ltr'><strong>ὀνομάζουσι.</strong></span> <span class='ocrx_word' id='word_1_226' title='bbox 1149 839 1356 873; x_wconf 86' lang='lat' dir='ltr'><strong>Aristophanes,</strong></span> <span class='ocrx_word' id='word_1_227' title='bbox 1370 838 1397 865; x_wconf 89' lang='lat' dir='ltr'><strong>in</strong></span> <span class='ocrx_word' id='word_1_228' title='bbox 1412 838 1510 866; x_wconf 71' lang='lat' dir='ltr'><strong>Avibus</strong></span> <span class='ocrx_word' id='word_1_229' title='bbox 1524 847 1533 866; x_wconf 91' lang='lat'><strong><em>:</em></strong></span> 
     </span>
    </p>
   </div>
   <div class='ocr_carea' id='block_1_35' title="bbox 32 883 809 923">
    <p class='ocr_par' dir='ltr' id='par_1_35' title="bbox 32 883 809 923">
     <span class='ocr_line' id='line_1_35' title="bbox 32 883 809 923; baseline 0.008 -15"><span class='ocrx_word' id='word_1_230' title='bbox 32 883 98 909; x_wconf 75' lang='grc' dir='ltr'>σθαι·</span> <span class='ocrx_word' id='word_1_231' title='bbox 118 883 272 919; x_wconf 82' lang='grc' dir='ltr'><strong>κανθάρους</strong></span> <span class='ocrx_word' id='word_1_232' title='bbox 287 884 314 910; x_wconf 86' lang='grc' dir='ltr'>δὲ</span> <span class='ocrx_word' id='word_1_233' title='bbox 330 886 361 920; x_wconf 83' lang='grc' dir='ltr'><em>τῇ</em></span> <span class='ocrx_word' id='word_1_234' title='bbox 379 885 449 921; x_wconf 83' lang='grc' dir='ltr'><strong>ὀσμῇ</strong></span> <span class='ocrx_word' id='word_1_235' title='bbox 471 886 525 912; x_wconf 86' lang='grc' dir='ltr'>τῶν</span> <span class='ocrx_word' id='word_1_236' title='bbox 548 886 641 921; x_wconf 71' lang='grc' dir='ltr'><strong>ῥόδων.</strong></span> <span class='ocrx_word' id='word_1_237' title='bbox 664 885 740 914; x_wconf 84' lang='grc' dir='ltr'>Εἶναι</span> <span class='ocrx_word' id='word_1_238' title='bbox 756 887 809 923; x_wconf 81' lang='grc' dir='ltr'>γὰρ</span> 
     </span>
    </p>
   </div>
   <div class='ocr_carea' id='block_1_36' title="bbox 31 928 499 965">
    <p class='ocr_par' dir='ltr' id='par_1_36' title="bbox 31 928 499 965">
     <span class='ocr_line' id='line_1_36' title="bbox 31 928 499 965; baseline 0.009 -11"><span class='ocrx_word' id='word_1_239' title='bbox 31 928 124 960; x_wconf 77' lang='grc' dir='ltr'><strong>τούτοις</strong></span> <span class='ocrx_word' id='word_1_240' title='bbox 140 929 276 965; x_wconf 76' lang='grc' dir='ltr'><strong>σωτήριον</strong></span> <span class='ocrx_word' id='word_1_241' title='bbox 292 930 340 965; x_wconf 85' lang='grc' dir='ltr'><strong>τὴν</strong></span> <span class='ocrx_word' id='word_1_242' title='bbox 358 931 499 958; x_wconf 80' lang='grc' dir='ltr'>δυσωδίαν.</span> 
     </span>
    </p>
   </div>
   <div class='ocr_carea' id='block_1_37' title="bbox 61 973 808 1012">
    <p class='ocr_par' dir='ltr' id='par_1_37' title="bbox 61 973 808 1012">
     <span class='ocr_line' id='line_1_37' title="bbox 61 973 808 1012; baseline 0.008 -11"><span class='ocrx_word' id='word_1_243' title='bbox 61 973 134 1007; x_wconf 84' lang='lat' dir='ltr'><strong>lbid.,</strong></span> <span class='ocrx_word' id='word_1_244' title='bbox 148 975 195 1002; x_wconf 89' lang='lat' dir='ltr'><strong>lin.</strong></span> <span class='ocrx_word' id='word_1_245' title='bbox 209 976 255 1003; x_wconf 78' lang='lat' dir='ltr'><strong>M.</strong></span> <span class='ocrx_word' id='word_1_246' title='bbox 276 975 380 1003; x_wconf 83' lang='grc' dir='ltr'><em>Ἠνίκιῑ</em></span> <span class='ocrx_word' id='word_1_247' title='bbox 395 977 428 1003; x_wconf 86' lang='grc' dir='ltr'>δέ</span> <span class='ocrx_word' id='word_1_248' title='bbox 439 986 535 1012; x_wconf 69' lang='grc' dir='ltr'><em>φασιν</em></span> <span class='ocrx_word' id='word_1_249' title='bbox 548 978 664 1012; x_wconf 83' lang='grc' dir='ltr'><em>ἄνδρες.</em></span> <span class='ocrx_word' id='word_1_250' title='bbox 680 979 808 1012; x_wconf 82' lang='lat' dir='ltr'><strong>Basilius,</strong></span> 
     </span>
    </p>
   </div>
   <div class='ocr_carea' id='block_1_38' title="bbox 31 1020 811 1061">
    <p class='ocr_par' dir='ltr' id='par_1_38' title="bbox 31 1020 811 1061">
     <span class='ocr_line' id='line_1_38' title="bbox 31 1020 811 1061; baseline 0.006 -14"><span class='ocrx_word' id='word_1_251' title='bbox 31 1020 96 1047; x_wconf 87' lang='lat' dir='ltr'><strong>hom.</strong></span> <span class='ocrx_word' id='word_1_252' title='bbox 111 1020 126 1048; x_wconf 87' lang='lat'><strong>8</strong></span> <span class='ocrx_word' id='word_1_253' title='bbox 139 1030 146 1048; x_wconf 91' lang='lat'><strong>:</strong></span> <span class='ocrx_word' id='word_1_254' title='bbox 161 1021 210 1053; x_wconf 82' lang='grc' dir='ltr'><em>Τίς</em></span> <span class='ocrx_word' id='word_1_255' title='bbox 224 1023 282 1054; x_wconf 73' lang='grc' dir='ltr'><em>τοῖς</em></span> <span class='ocrx_word' id='word_1_256' title='bbox 302 1022 368 1058; x_wconf 67' lang='grc' dir='ltr'>γυψὶ</span> <span class='ocrx_word' id='word_1_257' title='bbox 383 1024 615 1061; x_wconf 62' lang='grc' dir='ltr'><strong>προαπαγγέλλων</strong></span> <span class='ocrx_word' id='word_1_258' title='bbox 636 1025 691 1051; x_wconf 86' lang='grc' dir='ltr'>τῶν</span> <span class='ocrx_word' id='word_1_259' title='bbox 706 1025 811 1061; x_wconf 86' lang='grc' dir='ltr'><strong>ἀνθρώ-</strong></span> 
     </span>
    </p>
   </div>
   <div class='ocr_carea' id='block_1_39' title="bbox 32 1066 810 1106">
    <p class='ocr_par' dir='ltr' id='par_1_39' title="bbox 32 1066 810 1106">
     <span class='ocr_line' id='line_1_39' title="bbox 32 1066 810 1106; baseline 0.008 -14"><span class='ocrx_word' id='word_1_260' title='bbox 32 1074 82 1092; x_wconf 85' lang='grc' dir='ltr'><strong>πων</strong></span> <span class='ocrx_word' id='word_1_261' title='bbox 93 1066 136 1092; x_wconf 84' lang='grc' dir='ltr'><strong>τὸν</strong></span> <span class='ocrx_word' id='word_1_262' title='bbox 155 1067 284 1100; x_wconf 84' lang='grc' dir='ltr'>θάνατον,</span> <span class='ocrx_word' id='word_1_263' title='bbox 296 1068 360 1095; x_wconf 77' lang='grc' dir='ltr'>ὅταν</span> <span class='ocrx_word' id='word_1_264' title='bbox 375 1070 436 1095; x_wconf 76' lang='grc' dir='ltr'><em>κατ’</em></span> <span class='ocrx_word' id='word_1_265' title='bbox 453 1069 575 1106; x_wconf 82' lang='grc' dir='ltr'>ἀλλήλων</span> <span class='ocrx_word' id='word_1_266' title='bbox 592 1070 810 1106; x_wconf 74' lang='grc' dir='ltr'>ἐπιστρατεύσω-</span> 
     </span>
    </p>
   </div>
   <div class='ocr_carea' id='block_1_40' title="bbox 34 1112 812 1152">
    <p class='ocr_par' dir='ltr' id='par_1_40' title="bbox 34 1112 812 1152">
     <span class='ocr_line' id='line_1_40' title="bbox 34 1112 812 1152; baseline 0.006 -14"><span class='ocrx_word' id='word_1_267' title='bbox 34 1119 86 1143; x_wconf 71' lang='lat' dir='ltr'><strong>etv;</strong></span> <span class='ocrx_word' id='word_1_268' title='bbox 103 1112 180 1144; x_wconf 81' lang='grc' dir='ltr'><em>Ἰδοις</em></span> <span class='ocrx_word' id='word_1_269' title='bbox 193 1113 251 1149; x_wconf 84' lang='grc' dir='ltr'><strong>γὰρ</strong></span> <span class='ocrx_word' id='word_1_270' title='bbox 264 1113 298 1140; x_wconf 85' lang='grc' dir='ltr'>ἂν</span> <span class='ocrx_word' id='word_1_271' title='bbox 314 1114 414 1149; x_wconf 81' lang='grc' dir='ltr'><em>μυρίας</em></span> <span class='ocrx_word' id='word_1_272' title='bbox 434 1115 533 1150; x_wconf 83' lang='grc' dir='ltr'>ἀγέλας</span> <span class='ocrx_word' id='word_1_273' title='bbox 545 1115 640 1150; x_wconf 84' lang='grc' dir='ltr'>γυπῶν</span> <span class='ocrx_word' id='word_1_274' title='bbox 655 1117 711 1148; x_wconf 84' lang='grc' dir='ltr'><em>τοῖς</em></span> <span class='ocrx_word' id='word_1_275' title='bbox 730 1125 812 1152; x_wconf 81' lang='grc' dir='ltr'>στρα-</span> 
     </span>
    </p>
   </div>
   <div class='ocr_carea' id='block_1_41' title="bbox 33 1158 811 1199">
    <p class='ocr_par' dir='ltr' id='par_1_41' title="bbox 33 1158 811 1199">
     <span class='ocr_line' id='line_1_41' title="bbox 33 1158 811 1199; baseline 0.009 -16"><span class='ocrx_word' id='word_1_276' title='bbox 33 1158 142 1190; x_wconf 84' lang='grc' dir='ltr'><em>τοπέδοις</em></span> <span class='ocrx_word' id='word_1_277' title='bbox 163 1159 376 1196; x_wconf 77' lang='grc' dir='ltr'>παρεπομένας,</span> <span class='ocrx_word' id='word_1_278' title='bbox 402 1161 434 1188; x_wconf 87' lang='grc' dir='ltr'><em>ὲκ</em></span> <span class='ocrx_word' id='word_1_279' title='bbox 457 1162 507 1195; x_wconf 84' lang='grc' dir='ltr'><em>τῆς</em></span> <span class='ocrx_word' id='word_1_280' title='bbox 531 1161 585 1189; x_wconf 82' lang='grc' dir='ltr'>τῶν</span> <span class='ocrx_word' id='word_1_281' title='bbox 609 1163 697 1189; x_wconf 82' lang='grc' dir='ltr'>ὃπλων</span> <span class='ocrx_word' id='word_1_282' title='bbox 723 1171 811 1199; x_wconf 84' lang='grc' dir='ltr'>παρα-</span> 
     </span>
    </p>
   </div>
   <div class='ocr_carea' id='block_1_42' title="bbox 35 1204 811 1242">
    <p class='ocr_par' dir='ltr' id='par_1_42' title="bbox 35 1204 811 1242">
     <span class='ocr_line' id='line_1_42' title="bbox 35 1204 811 1242; baseline 0.009 -13"><span class='ocrx_word' id='word_1_283' title='bbox 35 1204 121 1239; x_wconf 80' lang='grc' dir='ltr'><strong>σκευῆς</strong></span> <span class='ocrx_word' id='word_1_284' title='bbox 145 1206 371 1241; x_wconf 83' lang='grc' dir='ltr'><strong>τεκμαιρομένων</strong></span> <span class='ocrx_word' id='word_1_285' title='bbox 397 1207 447 1242; x_wconf 81' lang='grc' dir='ltr'><strong>τὴν</strong></span> <span class='ocrx_word' id='word_1_286' title='bbox 479 1207 598 1234; x_wconf 77' lang='grc' dir='ltr'><strong>ἔκϐασιν.</strong></span> <span class='ocrx_word' id='word_1_287' title='bbox 630 1207 703 1236; x_wconf 89' lang='lat' dir='ltr'><strong>ldem</strong></span> <span class='ocrx_word' id='word_1_288' title='bbox 730 1208 811 1237; x_wconf 86' lang='lat' dir='ltr'><strong>habet</strong></span> 
     </span>
    </p>
   </div>
   <div class='ocr_carea' id='block_1_43' title="bbox 34 1248 809 1290">
    <p class='ocr_par' dir='ltr' id='par_1_43' title="bbox 34 1248 809 1290">
     <span class='ocr_line' id='line_1_43' title="bbox 34 1248 809 1290; baseline 0.009 -15"><span class='ocrx_word' id='word_1_289' title='bbox 34 1248 157 1282; x_wconf 66' lang='lat' dir='ltr'><strong>Elianus,</strong></span> <span class='ocrx_word' id='word_1_290' title='bbox 170 1252 218 1279; x_wconf 89' lang='lat' dir='ltr'><strong>lib.</strong></span> <span class='ocrx_word' id='word_1_291' title='bbox 244 1260 276 1284; x_wconf 86' lang='grc' dir='ltr'><strong>ιι,</strong></span> <span class='ocrx_word' id='word_1_292' title='bbox 294 1253 377 1288; x_wconf 88' lang='lat' dir='ltr'><strong>capit.</strong></span> <span class='ocrx_word' id='word_1_293' title='bbox 395 1253 451 1287; x_wconf 70' lang='lat'><strong>46;</strong></span> <span class='ocrx_word' id='word_1_294' title='bbox 473 1253 589 1286; x_wconf 87' lang='lat' dir='ltr'><strong>Plinius,</strong></span> <span class='ocrx_word' id='word_1_295' title='bbox 607 1254 654 1282; x_wconf 88' lang='lat' dir='ltr'><strong>lib.</strong></span> <span class='ocrx_word' id='word_1_296' title='bbox 677 1263 704 1286; x_wconf 69' lang='grc' dir='ltr'><em>κ,</em></span> <span class='ocrx_word' id='word_1_297' title='bbox 727 1255 809 1290; x_wconf 88' lang='lat' dir='ltr'><strong>capit.</strong></span> 
     </span>
    </p>
   </div>
   <div class='ocr_carea' id='block_1_44' title="bbox 34 1295 811 1334">
    <p class='ocr_par' dir='ltr' id='par_1_44' title="bbox 34 1295 811 1334">
     <span class='ocr_line' id='line_1_44' title="bbox 34 1295 811 1334; baseline 0.009 -12"><span class='ocrx_word' id='word_1_298' title='bbox 34 1295 66 1322; x_wconf 71' lang='grc' dir='ltr'>ὃς</span> <span class='ocrx_word' id='word_1_299' title='bbox 84 1295 179 1324; x_wconf 82' lang='lat' dir='ltr'><strong>Triduo</strong></span> <span class='ocrx_word' id='word_1_300' title='bbox 206 1302 296 1325; x_wconf 87' lang='lat' dir='ltr'><strong>autem</strong></span> <span class='ocrx_word' id='word_1_301' title='bbox 318 1303 389 1331; x_wconf 83' lang='lat' dir='ltr'><strong>ante,</strong></span> <span class='ocrx_word' id='word_1_302' title='bbox 411 1305 458 1326; x_wconf 83' lang='lat' dir='ltr'><strong>aut</strong></span> <span class='ocrx_word' id='word_1_303' title='bbox 481 1299 561 1327; x_wconf 83' lang='lat' dir='ltr'><strong>biduo</strong></span> <span class='ocrx_word' id='word_1_304' title='bbox 584 1301 672 1328; x_wconf 81' lang='lat' dir='ltr'><strong>volare</strong></span> <span class='ocrx_word' id='word_1_305' title='bbox 690 1309 744 1334; x_wconf 84' lang='lat' dir='ltr'><strong>eos,</strong></span> <span class='ocrx_word' id='word_1_306' title='bbox 767 1302 811 1329; x_wconf 84' lang='lat' dir='ltr'><strong>ubi</strong></span> 
     </span>
    </p>
   </div>
   <div class='ocr_carea' id='block_1_45' title="bbox 34 1341 757 1383">
    <p class='ocr_par' dir='ltr' id='par_1_45' title="bbox 34 1341 757 1383">
     <span class='ocr_line' id='line_1_45' title="bbox 34 1341 757 1383; baseline 0.007 -14"><span class='ocrx_word' id='word_1_307' title='bbox 34 1341 150 1370; x_wconf 72' lang='lat' dir='ltr'><strong>cadavera</strong></span> <span class='ocrx_word' id='word_1_308' title='bbox 163 1343 259 1378; x_wconf 82' lang='lat' dir='ltr'><strong>futura</strong></span> <span class='ocrx_word' id='word_1_309' title='bbox 271 1349 342 1372; x_wconf 86' lang='lat' dir='ltr'><strong>sunt.</strong></span> <span class='ocrx_word' id='word_1_310' title='bbox 359 1345 394 1372; x_wconf 86' lang='lat' dir='ltr'><strong>Et</strong></span> <span class='ocrx_word' id='word_1_311' title='bbox 408 1346 521 1374; x_wconf 84' lang='lat' dir='ltr'><strong>Plautus</strong></span> <span class='ocrx_word' id='word_1_312' title='bbox 532 1346 560 1374; x_wconf 88' lang='lat' dir='ltr'><strong>in</strong></span> <span class='ocrx_word' id='word_1_313' title='bbox 577 1346 735 1383; x_wconf 76' lang='lat' dir='ltr'><strong>Truculento</strong></span> <span class='ocrx_word' id='word_1_314' title='bbox 749 1356 757 1374; x_wconf 94' lang='lat'><strong><em>:</em></strong></span> 
     </span>
    </p>
   </div>
   <div class='ocr_carea' id='block_1_46' title="bbox 36 1398 677 1438">
    <p class='ocr_par' dir='ltr' id='par_1_46' title="bbox 36 1398 677 1438">
     <span class='ocr_line' id='line_1_46' title="bbox 36 1398 677 1438; baseline 0.008 -12"><span class='ocrx_word' id='word_1_315' title='bbox 36 1398 98 1438; x_wconf 56' lang='lat' dir='ltr'><strong>illud</strong></span> <span class='ocrx_word' id='word_1_316' title='bbox 108 1405 164 1428; x_wconf 74' lang='lat' dir='ltr'><strong>est:</strong></span> <span class='ocrx_word' id='word_1_317' title='bbox 182 1402 241 1438; x_wconf 70' lang='lat' dir='ltr'><strong>oide</strong></span> <span class='ocrx_word' id='word_1_318' title='bbox 257 1407 286 1429; x_wconf 89' lang='lat' dir='ltr'><strong>ut</strong></span> <span class='ocrx_word' id='word_1_319' title='bbox 300 1402 355 1433; x_wconf 84' lang='lat' dir='ltr'><strong>iam</strong></span> <span class='ocrx_word' id='word_1_320' title='bbox 368 1403 445 1438; x_wconf 87' lang='lat' dir='ltr'><strong>quasi</strong></span> <span class='ocrx_word' id='word_1_321' title='bbox 459 1404 576 1436; x_wconf 81' lang='lat' dir='ltr'><strong>volturii,</strong></span> <span class='ocrx_word' id='word_1_322' title='bbox 589 1404 677 1431; x_wconf 81' lang='lat' dir='ltr'><strong>triduo</strong></span> 
     </span>
    </p>
   </div>
   <div class='ocr_carea' id='block_1_47' title="bbox 35 1434 587 1473">
    <p class='ocr_par' dir='ltr' id='par_1_47' title="bbox 35 1434 587 1473">
     <span class='ocr_line' id='line_1_47' title="bbox 35 1434 587 1473; baseline 0.011 -13"><span class='ocrx_word' id='word_1_323' title='bbox 35 1434 104 1461; x_wconf 82' lang='lat' dir='ltr'><strong>Prius</strong></span> <span class='ocrx_word' id='word_1_324' title='bbox 118 1434 295 1470; x_wconf 66' lang='lat' dir='ltr'><strong>pradivinant</strong></span> <span class='ocrx_word' id='word_1_325' title='bbox 309 1446 358 1473; x_wconf 85' lang='lat' dir='ltr'><strong>quo</strong></span> <span class='ocrx_word' id='word_1_326' title='bbox 372 1434 414 1466; x_wconf 74' lang='lat' dir='ltr'><strong>die</strong></span> <span class='ocrx_word' id='word_1_327' title='bbox 427 1440 498 1466; x_wconf 85' lang='lat' dir='ltr'><strong>esuri</strong></span> <span class='ocrx_word' id='word_1_328' title='bbox 509 1434 587 1466; x_wconf 75' lang='lat' dir='ltr'><strong>sient.</strong></span> 
     </span>
    </p>
   </div>
   <div class='ocr_carea' id='block_1_48' title="bbox 901 892 1498 927">
    <p class='ocr_par' dir='ltr' id='par_1_48' title="bbox 901 892 1498 927">
     <span class='ocr_line' id='line_1_48' title="bbox 901 892 1498 927; baseline 0 -8"><span class='ocrx_word' id='word_1_329' title='bbox 901 893 976 920; x_wconf 73' lang='grc' dir='ltr'><strong>Ἀλλ’</strong></span> <span class='ocrx_word' id='word_1_330' title='bbox 988 893 1074 920; x_wconf 75' lang='grc' dir='ltr'><em>ἔστιν</em></span> <span class='ocrx_word' id='word_1_331' title='bbox 1085 893 1157 927; x_wconf 76' lang='grc' dir='ltr'><strong>ἡμῖν</strong></span> <span class='ocrx_word' id='word_1_332' title='bbox 1171 893 1267 919; x_wconf 78' lang='grc' dir='ltr'><em>τοῖσιν</em></span> <span class='ocrx_word' id='word_1_333' title='bbox 1278 892 1394 927; x_wconf 70' lang='grc' dir='ltr'><em>ὄρνισιν</em></span> <span class='ocrx_word' id='word_1_334' title='bbox 1407 893 1498 927; x_wconf 82' lang='grc' dir='ltr'><em>νόμος</em></span> 
     </span>
    </p>
   </div>
   <div class='ocr_carea' id='block_1_49' title="bbox 895 927 1575 962">
    <p class='ocr_par' dir='ltr' id='par_1_49' title="bbox 895 927 1575 962">
     <span class='ocr_line' id='line_1_49' title="bbox 895 927 1575 962; baseline 0.003 -8"><span class='ocrx_word' id='word_1_335' title='bbox 895 928 1037 961; x_wconf 77' lang='grc' dir='ltr'><strong>Παλαιὸς,</strong></span> <span class='ocrx_word' id='word_1_336' title='bbox 1052 929 1086 955; x_wconf 77' lang='grc' dir='ltr'><strong>ἑν</strong></span> <span class='ocrx_word' id='word_1_337' title='bbox 1097 928 1158 960; x_wconf 80' lang='grc' dir='ltr'><em>τοῖς</em></span> <span class='ocrx_word' id='word_1_338' title='bbox 1176 927 1234 954; x_wconf 80' lang='grc' dir='ltr'><em>τῶν</em></span> <span class='ocrx_word' id='word_1_339' title='bbox 1247 927 1403 962; x_wconf 75' lang='grc' dir='ltr'><strong>πελαργῶν</strong></span> <span class='ocrx_word' id='word_1_340' title='bbox 1417 929 1559 961; x_wconf 75' lang='grc' dir='ltr'><strong>κύρϐεσιν</strong></span> <span class='ocrx_word' id='word_1_341' title='bbox 1569 937 1575 944; x_wconf 93' lang='grc'><strong>·</strong></span> 
     </span>
    </p>
   </div>
   <div class='ocr_carea' id='block_1_50' title="bbox 902 963 1549 997">
    <p class='ocr_par' dir='ltr' id='par_1_50' title="bbox 902 963 1549 997">
     <span class='ocr_line' id='line_1_50' title="bbox 902 963 1549 997; baseline 0.002 -8"><span class='ocrx_word' id='word_1_342' title='bbox 902 963 992 997; x_wconf 79' lang='grc' dir='ltr'><strong>Ἐπὴν</strong></span> <span class='ocrx_word' id='word_1_343' title='bbox 1003 965 1019 989; x_wconf 87' lang='grc' dir='ltr'><em>ὁ</em></span> <span class='ocrx_word' id='word_1_344' title='bbox 1032 963 1128 996; x_wconf 76' lang='grc' dir='ltr'><em>πατὴρ</em></span> <span class='ocrx_word' id='word_1_345' title='bbox 1142 965 1158 990; x_wconf 89' lang='grc' dir='ltr'><strong>ό</strong></span> <span class='ocrx_word' id='word_1_346' title='bbox 1170 963 1317 997; x_wconf 71' lang='grc' dir='ltr'><em>πελαργὸς</em></span> <span class='ocrx_word' id='word_1_347' title='bbox 1330 963 1549 997; x_wconf 77' lang='grc' dir='ltr'><em>ἐκπετησίμους</em></span> 
     </span>
    </p>
   </div>
   <div class='ocr_carea' id='block_1_51' title="bbox 895 997 1568 1032">
    <p class='ocr_par' dir='ltr' id='par_1_51' title="bbox 895 997 1568 1032">
     <span class='ocr_line' id='line_1_51' title="bbox 895 997 1568 1032; baseline 0.001 -8"><span class='ocrx_word' id='word_1_348' title='bbox 895 998 1014 1031; x_wconf 81' lang='grc' dir='ltr'><em>Πάντας</em></span> <span class='ocrx_word' id='word_1_349' title='bbox 1026 997 1138 1032; x_wconf 77' lang='grc' dir='ltr'><em>ποιῆσῃ</em></span> <span class='ocrx_word' id='word_1_350' title='bbox 1155 999 1225 1031; x_wconf 81' lang='grc' dir='ltr'><em>τοὺς</em></span> <span class='ocrx_word' id='word_1_351' title='bbox 1240 998 1427 1031; x_wconf 82' lang='grc' dir='ltr'>πελαργιδεῖς</span> <span class='ocrx_word' id='word_1_352' title='bbox 1442 998 1568 1032; x_wconf 74' lang='grc' dir='ltr'><em>τρέφων,</em></span> 
     </span>
    </p>
   </div>
   <div class='ocr_carea' id='block_1_52' title="bbox 894 1033 1610 1068">
    <p class='ocr_par' dir='ltr' id='par_1_52' title="bbox 894 1033 1610 1068">
     <span class='ocr_line' id='line_1_52' title="bbox 894 1033 1610 1068; baseline 0 -8"><span class='ocrx_word' id='word_1_353' title='bbox 894 1033 944 1060; x_wconf 84' lang='grc' dir='ltr'><strong>Δεῖ</strong></span> <span class='ocrx_word' id='word_1_354' title='bbox 956 1033 1026 1066; x_wconf 85' lang='grc' dir='ltr'><em>τοὺς</em></span> <span class='ocrx_word' id='word_1_355' title='bbox 1035 1033 1175 1066; x_wconf 83' lang='grc' dir='ltr'><em>νεοττοὺς</em></span> <span class='ocrx_word' id='word_1_356' title='bbox 1185 1034 1239 1060; x_wconf 77' lang='grc' dir='ltr'><em>τὸν</em></span> <span class='ocrx_word' id='word_1_357' title='bbox 1252 1033 1364 1067; x_wconf 80' lang='grc' dir='ltr'><strong>πατέρα</strong></span> <span class='ocrx_word' id='word_1_358' title='bbox 1380 1033 1473 1060; x_wconf 73' lang='grc' dir='ltr'><em>πάλιν</em></span> <span class='ocrx_word' id='word_1_359' title='bbox 1483 1034 1610 1068; x_wconf 60' lang='grc' dir='ltr'><strong>τρέφειν.</strong></span> 
     </span>
    </p>
   </div>
   <div class='ocr_carea' id='block_1_53' title="bbox 861 1089 1648 1125">
    <p class='ocr_par' dir='ltr' id='par_1_53' title="bbox 861 1089 1648 1125">
     <span class='ocr_line' id='line_1_53' title="bbox 861 1089 1648 1125; baseline 0.001 -9"><span class='ocrx_word' id='word_1_360' title='bbox 861 1089 987 1117; x_wconf 84' lang='lat' dir='ltr'><strong>Ciconias</strong></span> <span class='ocrx_word' id='word_1_361' title='bbox 1011 1089 1127 1124; x_wconf 86' lang='lat' dir='ltr'><strong>juvenes</strong></span> <span class='ocrx_word' id='word_1_362' title='bbox 1162 1089 1220 1124; x_wconf 89' lang='lat' dir='ltr'><strong>jam</strong></span> <span class='ocrx_word' id='word_1_363' title='bbox 1248 1090 1452 1117; x_wconf 81' lang='lat' dir='ltr'><strong>senescentibus</strong></span> <span class='ocrx_word' id='word_1_364' title='bbox 1487 1090 1648 1125; x_wconf 66' lang='lat' dir='ltr'><strong>parentibus</strong></span> 
     </span>
    </p>
   </div>
   <div class='ocr_carea' id='block_1_54' title="bbox 861 1135 1647 1170">
    <p class='ocr_par' dir='ltr' id='par_1_54' title="bbox 861 1135 1647 1170">
     <span class='ocr_line' id='line_1_54' title="bbox 861 1135 1647 1170; baseline 0.001 -8"><span class='ocrx_word' id='word_1_365' title='bbox 861 1143 940 1170; x_wconf 88' lang='lat' dir='ltr'><strong>opem</strong></span> <span class='ocrx_word' id='word_1_366' title='bbox 955 1135 1027 1163; x_wconf 80' lang='lat' dir='ltr'><strong>ferre</strong></span> <span class='ocrx_word' id='word_1_367' title='bbox 1039 1142 1141 1170; x_wconf 87' lang='lat' dir='ltr'><strong>eosque</strong></span> <span class='ocrx_word' id='word_1_368' title='bbox 1153 1135 1270 1162; x_wconf 86' lang='lat' dir='ltr'><strong>educare</strong></span> <span class='ocrx_word' id='word_1_369' title='bbox 1292 1135 1377 1162; x_wconf 86' lang='lat' dir='ltr'><strong>tradit</strong></span> <span class='ocrx_word' id='word_1_370' title='bbox 1395 1135 1482 1168; x_wconf 84' lang='lat' dir='ltr'><strong>Plato,</strong></span> <span class='ocrx_word' id='word_1_371' title='bbox 1506 1136 1647 1164; x_wconf 68' lang='lat' dir='ltr'><strong>Alcibiade</strong></span> 
     </span>
    </p>
   </div>
   <div class='ocr_carea' id='block_1_55' title="bbox 860 1181 1645 1216">
    <p class='ocr_par' dir='ltr' id='par_1_55' title="bbox 860 1181 1645 1216">
     <span class='ocr_line' id='line_1_55' title="bbox 860 1181 1645 1216; baseline 0 -8"><span class='ocrx_word' id='word_1_372' title='bbox 860 1182 945 1216; x_wconf 88' lang='lat' dir='ltr'><strong>primo</strong></span> <span class='ocrx_word' id='word_1_373' title='bbox 957 1181 1027 1208; x_wconf 70' lang='grc' dir='ltr'><em>κατὰ</em></span> <span class='ocrx_word' id='word_1_374' title='bbox 1041 1181 1070 1208; x_wconf 80' lang='grc' dir='ltr'><em>τὸ</em></span> <span class='ocrx_word' id='word_1_375' title='bbox 1090 1181 1182 1213; x_wconf 83' lang='grc' dir='ltr'><em>τέλος·</em></span> <span class='ocrx_word' id='word_1_376' title='bbox 1199 1181 1360 1209; x_wconf 81' lang='lat' dir='ltr'><strong>Aristoteles</strong></span> <span class='ocrx_word' id='word_1_377' title='bbox 1375 1181 1413 1208; x_wconf 84' lang='lat' dir='ltr'><strong>Dc</strong></span> <span class='ocrx_word' id='word_1_378' title='bbox 1422 1181 1515 1209; x_wconf 79' lang='lat' dir='ltr'><strong>histor.</strong></span> <span class='ocrx_word' id='word_1_379' title='bbox 1534 1183 1645 1209; x_wconf 86' lang='lat' dir='ltr'><strong>animal.</strong></span> 
     </span>
    </p>
   </div>
   <div class='ocr_carea' id='block_1_56' title="bbox 861 1226 1646 1263">
    <p class='ocr_par' dir='ltr' id='par_1_56' title="bbox 861 1226 1646 1263">
     <span class='ocr_line' id='line_1_56' title="bbox 861 1226 1646 1263; baseline 0.003 -9"><span class='ocrx_word' id='word_1_380' title='bbox 861 1227 907 1254; x_wconf 90' lang='lat' dir='ltr'><strong>lib.</strong></span> <span class='ocrx_word' id='word_1_381' title='bbox 924 1234 1032 1262; x_wconf 81' lang='lat' dir='ltr'><strong>tx,cap.</strong></span> <span class='ocrx_word' id='word_1_382' title='bbox 1047 1227 1097 1260; x_wconf 76' lang='lat' dir='ltr'><strong>l5;</strong></span> <span class='ocrx_word' id='word_1_383' title='bbox 1113 1226 1250 1259; x_wconf 67' lang='lat' dir='ltr'><strong>tElianus,</strong></span> <span class='ocrx_word' id='word_1_384' title='bbox 1261 1227 1308 1254; x_wconf 91' lang='lat' dir='ltr'><strong>lib.</strong></span> <span class='ocrx_word' id='word_1_385' title='bbox 1322 1234 1364 1259; x_wconf 92' lang='grc' dir='ltr'>ιιι,</span> <span class='ocrx_word' id='word_1_386' title='bbox 1375 1235 1435 1263; x_wconf 89' lang='lat' dir='ltr'><strong>cap.</strong></span> <span class='ocrx_word' id='word_1_387' title='bbox 1453 1227 1498 1260; x_wconf 75' lang='lat'><strong>23,</strong></span> <span class='ocrx_word' id='word_1_388' title='bbox 1513 1232 1540 1256; x_wconf 89' lang='lat' dir='ltr'><strong>et</strong></span> <span class='ocrx_word' id='word_1_389' title='bbox 1553 1228 1601 1256; x_wconf 89' lang='lat' dir='ltr'><strong>lib.</strong></span> <span class='ocrx_word' id='word_1_390' title='bbox 1617 1237 1646 1261; x_wconf 72' lang='grc' dir='ltr'>ι,</span> 
     </span>
    </p>
   </div>
   <div class='ocr_carea' id='block_1_57' title="bbox 861 1273 1646 1310">
    <p class='ocr_par' dir='ltr' id='par_1_57' title="bbox 861 1273 1646 1310">
     <span class='ocr_line' id='line_1_57' title="bbox 861 1273 1646 1310; baseline 0.001 -9"><span class='ocrx_word' id='word_1_391' title='bbox 861 1281 922 1308; x_wconf 86' lang='lat' dir='ltr'><strong>cap.</strong></span> <span class='ocrx_word' id='word_1_392' title='bbox 939 1273 989 1306; x_wconf 83' lang='lat'><strong>‘16;</strong></span> <span class='ocrx_word' id='word_1_393' title='bbox 1004 1273 1205 1305; x_wconf 79' lang='lat' dir='ltr'><strong>Artemidorus,</strong></span> <span class='ocrx_word' id='word_1_394' title='bbox 1226 1273 1374 1301; x_wconf 82' lang='lat' dir='ltr'><strong>Onerocrit.</strong></span> <span class='ocrx_word' id='word_1_395' title='bbox 1397 1275 1445 1301; x_wconf 88' lang='lat' dir='ltr'><strong>lib.</strong></span> <span class='ocrx_word' id='word_1_396' title='bbox 1462 1282 1492 1307; x_wconf 89' lang='grc' dir='ltr'><strong>ιι,</strong></span> <span class='ocrx_word' id='word_1_397' title='bbox 1516 1282 1576 1310; x_wconf 89' lang='lat' dir='ltr'><strong>cap.</strong></span> <span class='ocrx_word' id='word_1_398' title='bbox 1595 1275 1646 1308; x_wconf 75' lang='lat'><strong>20;</strong></span> 
     </span>
    </p>
   </div>
   <div class='ocr_carea' id='block_1_58' title="bbox 861 1317 1645 1355">
    <p class='ocr_par' dir='ltr' id='par_1_58' title="bbox 861 1317 1645 1355">
     <span class='ocr_line' id='line_1_58' title="bbox 861 1317 1645 1355; baseline 0.005 -11"><span class='ocrx_word' id='word_1_399' title='bbox 861 1317 977 1350; x_wconf 87' lang='lat' dir='ltr'><strong>Plinius,</strong></span> <span class='ocrx_word' id='word_1_400' title='bbox 994 1318 1042 1345; x_wconf 86' lang='lat' dir='ltr'><strong>lib.</strong></span> <span class='ocrx_word' id='word_1_401' title='bbox 1069 1326 1098 1350; x_wconf 65' lang='grc' dir='ltr'>ι,</span> <span class='ocrx_word' id='word_1_402' title='bbox 1116 1325 1177 1353; x_wconf 87' lang='lat' dir='ltr'><strong>cap.</strong></span> <span class='ocrx_word' id='word_1_403' title='bbox 1195 1318 1247 1351; x_wconf 70' lang='lat'><strong>25;</strong></span> <span class='ocrx_word' id='word_1_404' title='bbox 1272 1318 1372 1352; x_wconf 85' lang='lat' dir='ltr'><strong>Horus.</strong></span> <span class='ocrx_word' id='word_1_405' title='bbox 1393 1319 1441 1347; x_wconf 89' lang='lat' dir='ltr'><strong>lib.</strong></span> <span class='ocrx_word' id='word_1_406' title='bbox 1464 1327 1495 1353; x_wconf 86' lang='grc' dir='ltr'><strong>ιι,</strong></span> <span class='ocrx_word' id='word_1_407' title='bbox 1513 1327 1573 1355; x_wconf 81' lang='lat' dir='ltr'><strong>cap.</strong></span> <span class='ocrx_word' id='word_1_408' title='bbox 1594 1321 1645 1354; x_wconf 81' lang='lat' dir='ltr'><strong>5i;</strong></span> 
     </span>
    </p>
   </div>
   <div class='ocr_carea' id='block_1_59' title="bbox 861 1363 1648 1401">
    <p class='ocr_par' dir='ltr' id='par_1_59' title="bbox 861 1363 1648 1401">
     <span class='ocr_line' id='line_1_59' title="bbox 861 1363 1648 1401; baseline 0.005 -11"><span class='ocrx_word' id='word_1_409' title='bbox 861 1363 949 1398; x_wconf 87' lang='lat' dir='ltr'><strong>Philo,</strong></span> <span class='ocrx_word' id='word_1_410' title='bbox 969 1364 996 1391; x_wconf 90' lang='lat' dir='ltr'><strong>in</strong></span> <span class='ocrx_word' id='word_1_411' title='bbox 1022 1364 1193 1398; x_wconf 70' lang='lat' dir='ltr'><strong>Expositione</strong></span> <span class='ocrx_word' id='word_1_412' title='bbox 1216 1365 1357 1400; x_wconf 85' lang='lat' dir='ltr'><strong>Decalogi;</strong></span> <span class='ocrx_word' id='word_1_413' title='bbox 1381 1365 1524 1401; x_wconf 75' lang='lat' dir='ltr'><strong>Origenes.</strong></span> <span class='ocrx_word' id='word_1_414' title='bbox 1554 1371 1648 1394; x_wconf 79' lang='lat' dir='ltr'><strong>contra</strong></span> 
     </span>
    </p>
   </div>
   <div class='ocr_carea' id='block_1_60' title="bbox 862 1408 1645 1448">
    <p class='ocr_par' dir='ltr' id='par_1_60' title="bbox 862 1408 1645 1448">
     <span class='ocr_line' id='line_1_60' title="bbox 862 1408 1645 1448; baseline 0.004 -12"><span class='ocrx_word' id='word_1_415' title='bbox 862 1408 979 1440; x_wconf 76' lang='lat' dir='ltr'><strong>Celsum,</strong></span> <span class='ocrx_word' id='word_1_416' title='bbox 992 1410 1038 1436; x_wconf 91' lang='lat' dir='ltr'><strong>lib.</strong></span> <span class='ocrx_word' id='word_1_417' title='bbox 1049 1417 1076 1437; x_wconf 84' lang='grc' dir='ltr'><strong>ιν</strong></span> <span class='ocrx_word' id='word_1_418' title='bbox 1087 1419 1094 1443; x_wconf 88' lang='grc'>;</span> <span class='ocrx_word' id='word_1_419' title='bbox 1104 1409 1298 1442; x_wconf 85' lang='lat' dir='ltr'><strong>Philostratus,</strong></span> <span class='ocrx_word' id='word_1_420' title='bbox 1310 1411 1346 1438; x_wconf 87' lang='lat' dir='ltr'><strong>De</strong></span> <span class='ocrx_word' id='word_1_421' title='bbox 1357 1412 1404 1439; x_wconf 76' lang='lat' dir='ltr'><strong>vit.</strong></span> <span class='ocrx_word' id='word_1_422' title='bbox 1423 1411 1559 1446; x_wconf 83' lang='lat' dir='ltr'><strong>Apollonii</strong></span> <span class='ocrx_word' id='word_1_423' title='bbox 1575 1413 1645 1448; x_wconf 83' lang='lat' dir='ltr'><strong>Tya-</strong></span> 
     </span>
    </p>
   </div>
   <div class='ocr_carea' id='block_1_61' title="bbox 862 1454 1647 1492">
    <p class='ocr_par' dir='ltr' id='par_1_61' title="bbox 862 1454 1647 1492">
     <span class='ocr_line' id='line_1_61' title="bbox 862 1454 1647 1492; baseline 0.006 -12"><span class='ocrx_word' id='word_1_424' title='bbox 862 1454 914 1486; x_wconf 81' lang='lat' dir='ltr'><strong>nei,</strong></span> <span class='ocrx_word' id='word_1_425' title='bbox 927 1462 988 1489; x_wconf 78' lang='lat' dir='ltr'><strong>pag.</strong></span> <span class='ocrx_word' id='word_1_426' title='bbox 1008 1454 1058 1487; x_wconf 86' lang='lat' dir='ltr'><strong>l9;</strong></span> <span class='ocrx_word' id='word_1_427' title='bbox 1076 1454 1192 1482; x_wconf 83' lang='lat' dir='ltr'><strong>Basilius</strong></span> <span class='ocrx_word' id='word_1_428' title='bbox 1204 1455 1329 1490; x_wconf 81' lang='lat' dir='ltr'><strong>Magnus,</strong></span> <span class='ocrx_word' id='word_1_429' title='bbox 1345 1461 1415 1483; x_wconf 86' lang='lat' dir='ltr'><strong>orat.</strong></span> <span class='ocrx_word' id='word_1_430' title='bbox 1434 1457 1468 1484; x_wconf 87' lang='lat' dir='ltr'><strong>de</strong></span> <span class='ocrx_word' id='word_1_431' title='bbox 1480 1457 1583 1485; x_wconf 89' lang='lat' dir='ltr'><strong>honore</strong></span> <span class='ocrx_word' id='word_1_432' title='bbox 1593 1465 1647 1492; x_wconf 90' lang='lat' dir='ltr'><strong>quo</strong></span> 
     </span>
    </p>
   </div>
   <div class='ocr_carea' id='block_1_62' title="bbox 34 1489 1646 1538">
    <p class='ocr_par' dir='ltr' id='par_1_62' title="bbox 34 1489 1646 1538">
     <span class='ocr_line' id='line_1_62' title="bbox 34 1489 1646 1538; baseline 0.007 -19"><span class='ocrx_word' id='word_1_433' title='bbox 119 1492 200 1520; x_wconf 85' lang='lat' dir='ltr'><strong>etiam</strong></span> <span class='ocrx_word' id='word_1_434' title='bbox 231 1492 318 1521; x_wconf 86' lang='lat' dir='ltr'><strong>lberis</strong></span> <span class='ocrx_word' id='word_1_435' title='bbox 345 1494 467 1522; x_wconf 83' lang='lat' dir='ltr'><strong>vultures</strong></span> <span class='ocrx_word' id='word_1_436' title='bbox 492 1494 567 1523; x_wconf 77' lang='lat' dir='ltr'><strong>fuere</strong></span> <span class='ocrx_word' id='word_1_437' title='bbox 595 1496 713 1532; x_wconf 87' lang='lat' dir='ltr'><strong>sepulcri</strong></span> <span class='ocrx_word' id='word_1_438' title='bbox 740 1497 809 1526; x_wconf 86' lang='lat' dir='ltr'><strong>loco.</strong></span> <span class='ocrx_word' id='word_1_439' title='bbox 825 1508 847 1536; x_wconf 73' lang='grc' dir='ltr'>α</span> <span class='ocrx_word' id='word_1_440' title='bbox 863 1504 928 1527; x_wconf 89' lang='lat' dir='ltr'><strong>sunt</strong></span> <span class='ocrx_word' id='word_1_441' title='bbox 949 1499 1080 1527; x_wconf 85' lang='lat' dir='ltr'><strong>alliciendi</strong></span> <span class='ocrx_word' id='word_1_442' title='bbox 1094 1489 1424 1535; x_wconf 74' lang='lat' dir='ltr'><strong>parentes;Epiphanius,</strong></span> <span class='ocrx_word' id='word_1_443' title='bbox 1437 1502 1463 1528; x_wconf 90' lang='lat' dir='ltr'><strong>in</strong></span> <span class='ocrx_word' id='word_1_444' title='bbox 1476 1489 1646 1538; x_wconf 54' lang='lat' dir='ltr'><strong>Physiolo-gu,</strong></span> 
     </span>
    </p>
   </div>
   <div class='ocr_carea' id='block_1_63' title="bbox 35 1533 129 1564">
    <p class='ocr_par' dir='ltr' id='par_1_63' title="bbox 35 1533 129 1564">
     <span class='ocr_line' id='line_1_63' title="bbox 35 1533 129 1564; baseline 0.043 -4"><span class='ocrx_word' id='word_1_445' title='bbox 35 1533 108 1563; x_wconf 89' lang='lat' dir='ltr'><strong>Silius</strong></span> <span class='ocrx_word' id='word_1_446' title='bbox 123 1546 129 1564; x_wconf 90' lang='lat'><strong>:</strong></span> 
     </span>
    </p>
   </div>
   <div class='ocr_carea' id='block_1_64' title="bbox 64 1589 725 1631">
    <p class='ocr_par' dir='ltr' id='par_1_64' title="bbox 64 1589 725 1631">
     <span class='ocr_line' id='line_1_64' title="bbox 64 1589 725 1631; baseline 0.011 -14"><span class='ocrx_word' id='word_1_447' title='bbox 64 1589 173 1631; x_wconf 45' lang='lat' dir='ltr'><strong>[ellum</strong></span> <span class='ocrx_word' id='word_1_448' title='bbox 184 1596 214 1619; x_wconf 88' lang='lat' dir='ltr'><strong>ut</strong></span> <span class='ocrx_word' id='word_1_449' title='bbox 225 1593 378 1631; x_wconf 62' lang='lat' dir='ltr'><strong>perhibent,</strong></span> <span class='ocrx_word' id='word_1_450' title='bbox 391 1594 414 1621; x_wconf 88' lang='lat' dir='ltr'><strong>is</strong></span> <span class='ocrx_word' id='word_1_451' title='bbox 429 1603 486 1622; x_wconf 82' lang='lat' dir='ltr'><strong>mos</strong></span> <span class='ocrx_word' id='word_1_452' title='bbox 504 1595 628 1631; x_wconf 84' lang='lat' dir='ltr'><strong>antiquus</strong></span> <span class='ocrx_word' id='word_1_453' title='bbox 645 1596 725 1624; x_wconf 84' lang='lat' dir='ltr'><strong>lbera</strong></span> 
     </span>
    </p>
   </div>
   <div class='ocr_carea' id='block_1_65' title="bbox 64 1624 718 1666">
    <p class='ocr_par' dir='ltr' id='par_1_65' title="bbox 64 1624 718 1666">
     <span class='ocr_line' id='line_1_65' title="bbox 64 1624 718 1666; baseline 0.012 -14"><span class='ocrx_word' id='word_1_454' title='bbox 64 1624 189 1654; x_wconf 65' lang='lat' dir='ltr'><strong>Exanima</strong></span> <span class='ocrx_word' id='word_1_455' title='bbox 204 1624 332 1656; x_wconf 65' lang='lat' dir='ltr'><strong>obscenus</strong></span> <span class='ocrx_word' id='word_1_456' title='bbox 348 1624 478 1656; x_wconf 82' lang='lat' dir='ltr'><strong>consumit</strong></span> <span class='ocrx_word' id='word_1_457' title='bbox 495 1624 606 1666; x_wconf 72' lang='lat' dir='ltr'><strong>corpdra</strong></span> <span class='ocrx_word' id='word_1_458' title='bbox 621 1632 718 1660; x_wconf 85' lang='lat' dir='ltr'><strong>vultur.</strong></span> 
     </span>
    </p>
   </div>
   <div class='ocr_carea' id='block_1_66' title="bbox 62 1681 809 1722">
    <p class='ocr_par' dir='ltr' id='par_1_66' title="bbox 62 1681 809 1722">
     <span class='ocr_line' id='line_1_66' title="bbox 62 1681 809 1722; baseline 0.012 -14"><span class='ocrx_word' id='word_1_459' title='bbox 62 1681 136 1716; x_wconf 87' lang='lat' dir='ltr'><strong>lbid.,</strong></span> <span class='ocrx_word' id='word_1_460' title='bbox 151 1684 200 1712; x_wconf 93' lang='lat' dir='ltr'><strong>lin.</strong></span> <span class='ocrx_word' id='word_1_461' title='bbox 216 1685 264 1712; x_wconf 71' lang='grc' dir='ltr'><strong>Μ.</strong></span> <span class='ocrx_word' id='word_1_462' title='bbox 277 1687 310 1713; x_wconf 87' lang='grc' dir='ltr'><em>οι</em></span> <span class='ocrx_word' id='word_1_463' title='bbox 317 1683 356 1712; x_wconf 67' lang='lat' dir='ltr'><strong>se</strong></span> <span class='ocrx_word' id='word_1_464' title='bbox 370 1687 522 1722; x_wconf 70' lang='grc' dir='ltr'>πελαργοί.</span> <span class='ocrx_word' id='word_1_465' title='bbox 539 1687 667 1722; x_wconf 86' lang='lat' dir='ltr'><strong>Basilius,</strong></span> <span class='ocrx_word' id='word_1_466' title='bbox 684 1689 758 1716; x_wconf 88' lang='lat' dir='ltr'><strong>hom.</strong></span> <span class='ocrx_word' id='word_1_467' title='bbox 770 1689 787 1717; x_wconf 93' lang='lat'><strong>8</strong></span> <span class='ocrx_word' id='word_1_468' title='bbox 802 1699 809 1717; x_wconf 87' lang='lat'>:</span> 
     </span>
    </p>
   </div>
   <div class='ocr_carea' id='block_1_67' title="bbox 34 1727 812 1769">
    <p class='ocr_par' dir='ltr' id='par_1_67' title="bbox 34 1727 812 1769">
     <span class='ocr_line' id='line_1_67' title="bbox 34 1727 812 1769; baseline 0.009 -14"><span class='ocrx_word' id='word_1_469' title='bbox 34 1727 66 1755; x_wconf 77' lang='grc' dir='ltr'><strong>Τὸ</strong></span> <span class='ocrx_word' id='word_1_470' title='bbox 77 1729 103 1756; x_wconf 62' lang='lat' dir='ltr'><strong>Bs</strong></span> <span class='ocrx_word' id='word_1_471' title='bbox 113 1730 166 1758; x_wconf 84' lang='grc' dir='ltr'><em>τῶν</em></span> <span class='ocrx_word' id='word_1_472' title='bbox 180 1731 326 1768; x_wconf 82' lang='grc' dir='ltr'>πελαργῶν</span> <span class='ocrx_word' id='word_1_473' title='bbox 340 1732 400 1759; x_wconf 82' lang='grc' dir='ltr'><strong>οὐδὲ</strong></span> <span class='ocrx_word' id='word_1_474' title='bbox 423 1732 518 1769; x_wconf 77' lang='grc' dir='ltr'>πόρρω</span> <span class='ocrx_word' id='word_1_475' title='bbox 543 1734 602 1760; x_wconf 78' lang='grc' dir='ltr'><strong>ἐστὶ</strong></span> <span class='ocrx_word' id='word_1_476' title='bbox 625 1734 756 1767; x_wconf 78' lang='grc' dir='ltr'>συνέσεως</span> <span class='ocrx_word' id='word_1_477' title='bbox 769 1735 812 1762; x_wconf 88' lang='grc' dir='ltr'><strong>λο-</strong></span> 
     </span>
    </p>
   </div>
   <div class='ocr_carea' id='block_1_68' title="bbox 36 1775 812 1817">
    <p class='ocr_par' dir='ltr' id='par_1_68' title="bbox 36 1775 812 1817">
     <span class='ocr_line' id='line_1_68' title="bbox 36 1775 812 1817; baseline 0.008 -15"><span class='ocrx_word' id='word_1_478' title='bbox 36 1775 116 1810; x_wconf 76' lang='grc' dir='ltr'>γικῆς,</span> <span class='ocrx_word' id='word_1_479' title='bbox 130 1775 200 1804; x_wconf 71' lang='grc' dir='ltr'><em>οὕτω</em></span> <span class='ocrx_word' id='word_1_480' title='bbox 221 1777 271 1813; x_wconf 84' lang='grc' dir='ltr'><strong>μὲν</strong></span> <span class='ocrx_word' id='word_1_481' title='bbox 282 1778 352 1805; x_wconf 83' lang='grc' dir='ltr'><em>κατὰ</em></span> <span class='ocrx_word' id='word_1_482' title='bbox 367 1778 412 1805; x_wconf 77' lang='grc' dir='ltr'><em>τὸν</em></span> <span class='ocrx_word' id='word_1_483' title='bbox 424 1778 471 1806; x_wconf 71' lang='grc' dir='ltr'>ἕνα.</span> <span class='ocrx_word' id='word_1_484' title='bbox 490 1779 585 1815; x_wconf 84' lang='grc' dir='ltr'><em>καιρὸν</em></span> <span class='ocrx_word' id='word_1_485' title='bbox 601 1780 705 1813; x_wconf 84' lang='grc' dir='ltr'>πάντας</span> <span class='ocrx_word' id='word_1_486' title='bbox 719 1781 812 1817; x_wconf 76' lang='grc' dir='ltr'><strong>ἐπιδη-</strong></span> 
     </span>
    </p>
   </div>
   <div class='ocr_carea' id='block_1_69' title="bbox 35 1822 812 1863">
    <p class='ocr_par' dir='ltr' id='par_1_69' title="bbox 35 1822 812 1863">
     <span class='ocr_line' id='line_1_69' title="bbox 35 1822 812 1863; baseline 0.009 -16"><span class='ocrx_word' id='word_1_487' title='bbox 35 1822 87 1854; x_wconf 83' lang='grc' dir='ltr'>μεῖν</span> <span class='ocrx_word' id='word_1_488' title='bbox 100 1823 154 1854; x_wconf 87' lang='grc' dir='ltr'><em>τοῖς</em></span> <span class='ocrx_word' id='word_1_489' title='bbox 173 1824 239 1860; x_wconf 76' lang='grc' dir='ltr'><strong>τῇδε</strong></span> <span class='ocrx_word' id='word_1_490' title='bbox 264 1824 384 1860; x_wconf 80' lang='grc' dir='ltr'><em>χωρίοις,</em></span> <span class='ocrx_word' id='word_1_491' title='bbox 398 1824 468 1852; x_wconf 80' lang='grc' dir='ltr'><em>οὕτω</em></span> <span class='ocrx_word' id='word_1_492' title='bbox 489 1825 518 1852; x_wconf 78' lang='grc' dir='ltr'><strong>δὲ</strong></span> <span class='ocrx_word' id='word_1_493' title='bbox 535 1826 580 1860; x_wconf 80' lang='grc' dir='ltr'><strong>ὑφ’</strong></span> <span class='ocrx_word' id='word_1_494' title='bbox 601 1826 642 1852; x_wconf 76' lang='grc' dir='ltr'><strong>ὲνῖ¹</strong></span> <span class='ocrx_word' id='word_1_495' title='bbox 662 1826 812 1863; x_wconf 82' lang='grc' dir='ltr'><strong>συνθήματι</strong></span> 
     </span>
    </p>
   </div>
   <div class='ocr_carea' id='block_1_70' title="bbox 35 1866 812 1909">
    <p class='ocr_par' dir='ltr' id='par_1_70' title="bbox 35 1866 812 1909">
     <span class='ocr_line' id='line_1_70' title="bbox 35 1866 812 1909; baseline 0.008 -16"><span class='ocrx_word' id='word_1_496' title='bbox 35 1866 125 1900; x_wconf 71' lang='grc' dir='ltr'>πάντας</span> <span class='ocrx_word' id='word_1_497' title='bbox 147 1869 285 1906; x_wconf 76' lang='grc' dir='ltr'><strong>ἀπαίρειν.</strong></span> <span class='ocrx_word' id='word_1_498' title='bbox 317 1870 498 1907; x_wconf 82' lang='grc' dir='ltr'>Δορυφοροῢσι</span> <span class='ocrx_word' id='word_1_499' title='bbox 525 1871 553 1898; x_wconf 80' lang='grc' dir='ltr'><strong>δὲ</strong></span> <span class='ocrx_word' id='word_1_500' title='bbox 576 1872 674 1904; x_wconf 79' lang='grc' dir='ltr'><em>αὐτοὺς</em></span> <span class='ocrx_word' id='word_1_501' title='bbox 695 1873 723 1898; x_wconf 76' lang='grc' dir='ltr'>αἱ</span> <span class='ocrx_word' id='word_1_502' title='bbox 749 1874 812 1909; x_wconf 82' lang='grc' dir='ltr'>παρ’</span> 
     </span>
    </p>
   </div>
   <div class='ocr_carea' id='block_1_71' title="bbox 35 1913 813 1954">
    <p class='ocr_par' dir='ltr' id='par_1_71' title="bbox 35 1913 813 1954">
     <span class='ocr_line' id='line_1_71' title="bbox 35 1913 813 1954; baseline 0.006 -13"><span class='ocrx_word' id='word_1_503' title='bbox 35 1913 91 1948; x_wconf 71' lang='grc' dir='ltr'><strong>ἡμῖν</strong></span> <span class='ocrx_word' id='word_1_504' title='bbox 108 1916 225 1952; x_wconf 81' lang='grc' dir='ltr'><em>κορῶναι</em></span> <span class='ocrx_word' id='word_1_505' title='bbox 244 1917 291 1943; x_wconf 74' lang='grc' dir='ltr'><strong>καὶ</strong></span> <span class='ocrx_word' id='word_1_506' title='bbox 304 1918 544 1954; x_wconf 81' lang='grc' dir='ltr'><strong>παραπέμπουσιν,</strong></span> <span class='ocrx_word' id='word_1_507' title='bbox 562 1918 623 1954; x_wconf 78' lang='grc' dir='ltr'><strong>ἐμοὶ</strong></span> <span class='ocrx_word' id='word_1_508' title='bbox 635 1918 736 1952; x_wconf 81' lang='grc' dir='ltr'>δοκεῖν,</span> <span class='ocrx_word' id='word_1_509' title='bbox 766 1919 813 1946; x_wconf 71' lang='grc' dir='ltr'>καὶ</span> 
     </span>
    </p>
   </div>
   <div class='ocr_carea' id='block_1_72' title="bbox 36 1962 813 2001">
    <p class='ocr_par' dir='ltr' id='par_1_72' title="bbox 36 1962 813 2001">
     <span class='ocr_line' id='line_1_72' title="bbox 36 1962 813 2001; baseline 0.006 -14"><span class='ocrx_word' id='word_1_510' title='bbox 36 1962 180 1998; x_wconf 71' lang='grc' dir='ltr'><strong>»τυμμαχίαν</strong></span> <span class='ocrx_word' id='word_1_511' title='bbox 203 1963 266 1990; x_wconf 82' lang='grc' dir='ltr'><em>τινὰ</em></span> <span class='ocrx_word' id='word_1_512' title='bbox 295 1964 479 2000; x_wconf 82' lang='grc' dir='ltr'><strong>παρεχόμεναι</strong></span> <span class='ocrx_word' id='word_1_513' title='bbox 505 1964 573 2001; x_wconf 78' lang='grc' dir='ltr'>πρὸς</span> <span class='ocrx_word' id='word_1_514' title='bbox 597 1965 706 2001; x_wconf 78' lang='grc' dir='ltr'>ὄρνιθας</span> <span class='ocrx_word' id='word_1_515' title='bbox 734 1966 813 1992; x_wconf 85' lang='grc' dir='ltr'>πολε-</span> 
     </span>
    </p>
   </div>
   <div class='ocr_carea' id='block_1_73' title="bbox 36 2005 813 2046">
    <p class='ocr_par' dir='ltr' id='par_1_73' title="bbox 36 2005 813 2046">
     <span class='ocr_line' id='line_1_73' title="bbox 36 2005 813 2046; baseline 0.005 -13"><span class='ocrx_word' id='word_1_516' title='bbox 36 2005 113 2039; x_wconf 80' lang='grc' dir='ltr'><strong>μίους.</strong></span> <span class='ocrx_word' id='word_1_517' title='bbox 126 2008 242 2044; x_wconf 78' lang='grc' dir='ltr'><em>Σημεῖον</em></span> <span class='ocrx_word' id='word_1_518' title='bbox 254 2009 283 2035; x_wconf 79' lang='grc' dir='ltr'><strong>δὲ</strong></span> <span class='ocrx_word' id='word_1_519' title='bbox 299 2009 405 2045; x_wconf 84' lang='grc' dir='ltr'>πρῶτον</span> <span class='ocrx_word' id='word_1_520' title='bbox 429 2009 477 2045; x_wconf 82' lang='grc' dir='ltr'><strong>μὲν</strong></span> <span class='ocrx_word' id='word_1_521' title='bbox 494 2009 524 2036; x_wconf 83' lang='grc' dir='ltr'><em>τὸ</em></span> <span class='ocrx_word' id='word_1_522' title='bbox 549 2010 586 2046; x_wconf 82' lang='grc' dir='ltr'><strong>μὴ</strong></span> <span class='ocrx_word' id='word_1_523' title='bbox 605 2010 746 2044; x_wconf 80' lang='grc' dir='ltr'>φαίνεσθαι</span> <span class='ocrx_word' id='word_1_524' title='bbox 760 2011 813 2037; x_wconf 83' lang='grc' dir='ltr'><strong>ὑπὸ</strong></span> 
     </span>
    </p>
   </div>
   <div class='ocr_carea' id='block_1_74' title="bbox 34 2052 813 2093">
    <p class='ocr_par' dir='ltr' id='par_1_74' title="bbox 34 2052 813 2093">
     <span class='ocr_line' id='line_1_74' title="bbox 34 2052 813 2093; baseline 0.006 -16"><span class='ocrx_word' id='word_1_525' title='bbox 34 2052 73 2077; x_wconf 69' lang='grc' dir='ltr'><strong>τὸν</strong></span> <span class='ocrx_word' id='word_1_526' title='bbox 89 2054 179 2090; x_wconf 69' lang='grc' dir='ltr'>καιρὸν</span> <span class='ocrx_word' id='word_1_527' title='bbox 199 2056 303 2082; x_wconf 74' lang='grc' dir='ltr'><strong>ἐκεῖνον</strong></span> <span class='ocrx_word' id='word_1_528' title='bbox 321 2055 444 2093; x_wconf 87' lang='grc' dir='ltr'><em>κορώνην</em></span> <span class='ocrx_word' id='word_1_529' title='bbox 460 2055 649 2083; x_wconf 60' lang='grc' dir='ltr'>παντάπασιν</span> <span class='ocrx_word' id='word_1_530' title='bbox 670 2055 754 2083; x_wconf 74' lang='grc' dir='ltr'>ἔπειθ’</span> <span class='ocrx_word' id='word_1_531' title='bbox 772 2057 813 2083; x_wconf 82' lang='grc' dir='ltr'><strong>ὅτι</strong></span> 
     </span>
    </p>
   </div>
   <div class='ocr_carea' id='block_1_75' title="bbox 37 2098 813 2137">
    <p class='ocr_par' dir='ltr' id='par_1_75' title="bbox 37 2098 813 2137">
     <span class='ocr_line' id='line_1_75' title="bbox 37 2098 813 2137; baseline 0.005 -13"><span class='ocrx_word' id='word_1_532' title='bbox 37 2098 96 2131; x_wconf 82' lang='grc' dir='ltr'><strong>μετὰ</strong></span> <span class='ocrx_word' id='word_1_533' title='bbox 116 2102 279 2137; x_wconf 81' lang='grc' dir='ltr'><em>τραυμάτων</em></span> <span class='ocrx_word' id='word_1_534' title='bbox 305 2101 518 2137; x_wconf 72' lang='grc' dir='ltr'>ἐπανερχόμεναι</span> <span class='ocrx_word' id='word_1_535' title='bbox 545 2101 648 2137; x_wconf 74' lang='grc' dir='ltr'>ἐναργῆ</span> <span class='ocrx_word' id='word_1_536' title='bbox 675 2101 721 2128; x_wconf 75' lang='grc' dir='ltr'><em>τοῦ</em></span> <span class='ocrx_word' id='word_1_537' title='bbox 751 2111 813 2129; x_wconf 84' lang='grc' dir='ltr'>συν-</span> 
     </span>
    </p>
   </div>
   <div class='ocr_carea' id='block_1_76' title="bbox 36 2146 809 2183">
    <p class='ocr_par' dir='ltr' id='par_1_76' title="bbox 36 2146 809 2183">
     <span class='ocr_line' id='line_1_76' title="bbox 36 2146 809 2183; baseline 0.009 -14"><span class='ocrx_word' id='word_1_538' title='bbox 36 2146 159 2182; x_wconf 78' lang='grc' dir='ltr'>ασπισμοῦ</span> <span class='ocrx_word' id='word_1_539' title='bbox 175 2148 223 2175; x_wconf 76' lang='grc' dir='ltr'><strong>καὶ</strong></span> <span class='ocrx_word' id='word_1_540' title='bbox 239 2147 289 2183; x_wconf 80' lang='grc' dir='ltr'><em>τῆς</em></span> <span class='ocrx_word' id='word_1_541' title='bbox 313 2147 460 2183; x_wconf 75' lang='grc' dir='ltr'>ἐπιμαχίας</span> <span class='ocrx_word' id='word_1_542' title='bbox 479 2147 514 2174; x_wconf 84' lang='grc' dir='ltr'><em>τὰ</em></span> <span class='ocrx_word' id='word_1_543' title='bbox 539 2149 640 2183; x_wconf 82' lang='grc' dir='ltr'>σημεῖα</span> <span class='ocrx_word' id='word_1_544' title='bbox 659 2147 809 2183; x_wconf 80' lang='grc' dir='ltr'><strong>κομίζουσι.</strong></span> 
     </span>
    </p>
   </div>
   <div class='ocr_carea' id='block_1_77' title="bbox 863 1545 1648 1584">
    <p class='ocr_par' dir='ltr' id='par_1_77' title="bbox 863 1545 1648 1584">
     <span class='ocr_line' id='line_1_77' title="bbox 863 1545 1648 1584; baseline 0.004 -11"><span class='ocrx_word' id='word_1_545' title='bbox 863 1553 923 1581; x_wconf 90' lang='lat' dir='ltr'><strong>cap.</strong></span> <span class='ocrx_word' id='word_1_546' title='bbox 935 1546 980 1573; x_wconf 77' lang='lat'><strong>25.</strong></span> <span class='ocrx_word' id='word_1_547' title='bbox 993 1545 1061 1573; x_wconf 89' lang='lat' dir='ltr'><strong>Hinc</strong></span> <span class='ocrx_word' id='word_1_548' title='bbox 1070 1550 1163 1573; x_wconf 83' lang='lat' dir='ltr'><strong>natum</strong></span> <span class='ocrx_word' id='word_1_549' title='bbox 1174 1546 1346 1581; x_wconf 80' lang='lat' dir='ltr'><strong>proverbium</strong></span> <span class='ocrx_word' id='word_1_550' title='bbox 1355 1547 1574 1584; x_wconf 78' lang='grc' dir='ltr'>όιντιπελαργεῖν,</span> <span class='ocrx_word' id='word_1_551' title='bbox 1587 1557 1648 1576; x_wconf 86' lang='lat' dir='ltr'><strong>mu-</strong></span> 
     </span>
    </p>
   </div>
   <div class='ocr_carea' id='block_1_78' title="bbox 862 1590 1646 1626">
    <p class='ocr_par' dir='ltr' id='par_1_78' title="bbox 862 1590 1646 1626">
     <span class='ocr_line' id='line_1_78' title="bbox 862 1590 1646 1626; baseline 0.005 -9"><span class='ocrx_word' id='word_1_552' title='bbox 862 1594 937 1617; x_wconf 90' lang='lat' dir='ltr'><strong>tuam</strong></span> <span class='ocrx_word' id='word_1_553' title='bbox 949 1590 1028 1617; x_wconf 83' lang='lat' dir='ltr'><strong>cilicii</strong></span> <span class='ocrx_word' id='word_1_554' title='bbox 1044 1591 1131 1618; x_wconf 87' lang='lat' dir='ltr'><strong>vicem</strong></span> <span class='ocrx_word' id='word_1_555' title='bbox 1147 1591 1308 1626; x_wconf 85' lang='lat' dir='ltr'><strong>rependere.</strong></span> <span class='ocrx_word' id='word_1_556' title='bbox 1327 1591 1475 1624; x_wconf 88' lang='lat' dir='ltr'><strong>Zenobius,</strong></span> <span class='ocrx_word' id='word_1_557' title='bbox 1502 1593 1646 1625; x_wconf 85' lang='lat' dir='ltr'><strong>Erasmus,</strong></span> 
     </span>
    </p>
   </div>
   <div class='ocr_carea' id='block_1_79' title="bbox 861 1635 1649 1674">
    <p class='ocr_par' dir='ltr' id='par_1_79' title="bbox 861 1635 1649 1674">
     <span class='ocr_line' id='line_1_79' title="bbox 861 1635 1649 1674; baseline 0.005 -12"><span class='ocrx_word' id='word_1_558' title='bbox 861 1635 1052 1669; x_wconf 72' lang='lat' dir='ltr'><strong>Aristaanetus,</strong></span> <span class='ocrx_word' id='word_1_559' title='bbox 1073 1637 1120 1664; x_wconf 91' lang='lat' dir='ltr'><strong>lib.</strong></span> <span class='ocrx_word' id='word_1_560' title='bbox 1134 1644 1154 1669; x_wconf 91' lang='grc' dir='ltr'>ι,</span> <span class='ocrx_word' id='word_1_561' title='bbox 1170 1637 1251 1671; x_wconf 89' lang='lat' dir='ltr'><strong>epist.</strong></span> <span class='ocrx_word' id='word_1_562' title='bbox 1269 1637 1315 1669; x_wconf 76' lang='lat'><strong>25,</strong></span> <span class='ocrx_word' id='word_1_563' title='bbox 1328 1638 1359 1663; x_wconf 89' lang='grc' dir='ltr'>Τί</span> <span class='ocrx_word' id='word_1_564' title='bbox 1376 1638 1403 1664; x_wconf 83' lang='grc' dir='ltr'><strong>δὲ</strong></span> <span class='ocrx_word' id='word_1_565' title='bbox 1417 1639 1468 1665; x_wconf 85' lang='grc' dir='ltr'><em>οὐκ</em></span> <span class='ocrx_word' id='word_1_566' title='bbox 1478 1639 1588 1674; x_wconf 75' lang='grc' dir='ltr'>ἔμελλον</span> <span class='ocrx_word' id='word_1_567' title='bbox 1603 1639 1649 1674; x_wconf 78' lang='grc' dir='ltr'><strong>ζή-</strong></span> 
     </span>
    </p>
   </div>
   <div class='ocr_carea' id='block_1_80' title="bbox 861 1682 1647 1721">
    <p class='ocr_par' dir='ltr' id='par_1_80' title="bbox 861 1682 1647 1721">
     <span class='ocr_line' id='line_1_80' title="bbox 861 1682 1647 1721; baseline 0.006 -13"><span class='ocrx_word' id='word_1_568' title='bbox 861 1682 911 1718; x_wconf 92' lang='grc' dir='ltr'><strong>λην</strong></span> <span class='ocrx_word' id='word_1_569' title='bbox 929 1683 990 1718; x_wconf 77' lang='grc' dir='ltr'><strong>ἐμοὶ</strong></span> <span class='ocrx_word' id='word_1_570' title='bbox 1001 1682 1145 1719; x_wconf 80' lang='grc' dir='ltr'>καθορῶσα</span> <span class='ocrx_word' id='word_1_571' title='bbox 1153 1684 1202 1718; x_wconf 83' lang='grc' dir='ltr'><strong>τὴν</strong></span> <span class='ocrx_word' id='word_1_572' title='bbox 1219 1683 1288 1719; x_wconf 78' lang='grc' dir='ltr'><strong>ἐμὴν</strong></span> <span class='ocrx_word' id='word_1_573' title='bbox 1301 1684 1427 1720; x_wconf 78' lang='grc' dir='ltr'>ἀδελφὴν,</span> <span class='ocrx_word' id='word_1_574' title='bbox 1441 1685 1475 1720; x_wconf 83' lang='grc' dir='ltr'><strong>ἣν</strong></span> <span class='ocrx_word' id='word_1_575' title='bbox 1485 1687 1545 1717; x_wconf 84' lang='grc' dir='ltr'><em>ταῖς</em></span> <span class='ocrx_word' id='word_1_576' title='bbox 1566 1686 1647 1721; x_wconf 78' lang='grc' dir='ltr'><strong>ἐμαῖς</strong></span> 
     </span>
    </p>
   </div>
   <div class='ocr_carea' id='block_1_81' title="bbox 862 1729 1649 1768">
    <p class='ocr_par' dir='ltr' id='par_1_81' title="bbox 862 1729 1649 1768">
     <span class='ocr_line' id='line_1_81' title="bbox 862 1729 1649 1768; baseline 0.004 -12"><span class='ocrx_word' id='word_1_577' title='bbox 862 1729 1008 1764; x_wconf 81' lang='grc' dir='ltr'>ἀνέτρεφον</span> <span class='ocrx_word' id='word_1_578' title='bbox 1022 1729 1156 1763; x_wconf 85' lang='grc' dir='ltr'>ἀγκάλαις</span> <span class='ocrx_word' id='word_1_579' title='bbox 1169 1738 1177 1762; x_wconf 84' lang='grc'><strong>;</strong></span> <span class='ocrx_word' id='word_1_580' title='bbox 1191 1730 1308 1758; x_wconf 82' lang='grc' dir='ltr'><em>Τοιαῦτά</em></span> <span class='ocrx_word' id='word_1_581' title='bbox 1321 1740 1365 1766; x_wconf 93' lang='grc' dir='ltr'><strong>μοι</strong></span> <span class='ocrx_word' id='word_1_582' title='bbox 1380 1731 1533 1767; x_wconf 82' lang='grc' dir='ltr'>παράὑτῆς</span> <span class='ocrx_word' id='word_1_583' title='bbox 1545 1733 1649 1768; x_wconf 83' lang='grc' dir='ltr'><em>τὰτρο-</em></span> 
     </span>
    </p>
   </div>
   <div class='ocr_carea' id='block_1_82' title="bbox 863 1775 1648 1813">
    <p class='ocr_par' dir='ltr' id='par_1_82' title="bbox 863 1775 1648 1813">
     <span class='ocr_line' id='line_1_82' title="bbox 863 1775 1648 1813; baseline 0.006 -12"><span class='ocrx_word' id='word_1_584' title='bbox 863 1775 1014 1810; x_wconf 84' lang='grc' dir='ltr'>φεῖα,οὖτω</span> <span class='ocrx_word' id='word_1_585' title='bbox 1027 1784 1061 1811; x_wconf 86' lang='grc' dir='ltr'><strong>με</strong></span> <span class='ocrx_word' id='word_1_586' title='bbox 1072 1775 1120 1802; x_wconf 85' lang='grc' dir='ltr'><strong>νῦν</strong></span> <span class='ocrx_word' id='word_1_587' title='bbox 1135 1776 1368 1813; x_wconf 83' lang='grc' dir='ltr'>ἀντιπελαργοῦσα</span> <span class='ocrx_word' id='word_1_588' title='bbox 1380 1777 1487 1804; x_wconf 83' lang='grc' dir='ltr'>δικαίαν</span> <span class='ocrx_word' id='word_1_589' title='bbox 1501 1779 1648 1806; x_wconf 78' lang='grc' dir='ltr'><strong>ἀποδίδωσι</strong></span> 
     </span>
    </p>
   </div>
   <div class='ocr_carea' id='block_1_83' title="bbox 862 1822 1648 1859">
    <p class='ocr_par' dir='ltr' id='par_1_83' title="bbox 862 1822 1648 1859">
     <span class='ocr_line' id='line_1_83' title="bbox 862 1822 1648 1859; baseline 0.006 -11"><span class='ocrx_word' id='word_1_590' title='bbox 862 1822 951 1858; x_wconf 84' lang='grc' dir='ltr'>χάριν,</span> <span class='ocrx_word' id='word_1_591' title='bbox 965 1822 997 1848; x_wconf 86' lang='grc' dir='ltr'><strong>Ει</strong></span> <span class='ocrx_word' id='word_1_592' title='bbox 1010 1822 1106 1850; x_wconf 84' lang='lat' dir='ltr'><strong>Crates</strong></span> <span class='ocrx_word' id='word_1_593' title='bbox 1122 1823 1234 1858; x_wconf 85' lang='lat' dir='ltr'><strong>cynicus</strong></span> <span class='ocrx_word' id='word_1_594' title='bbox 1251 1824 1375 1852; x_wconf 83' lang='lat' dir='ltr'><strong>scribens</strong></span> <span class='ocrx_word' id='word_1_595' title='bbox 1392 1824 1564 1859; x_wconf 75' lang='lat' dir='ltr'><strong>Hipparchia:</strong></span> <span class='ocrx_word' id='word_1_596' title='bbox 1580 1833 1648 1853; x_wconf 78' lang='lat' dir='ltr'><strong>uxo—</strong></span> 
     </span>
    </p>
   </div>
   <div class='ocr_carea' id='block_1_84' title="bbox 862 1868 1648 1904">
    <p class='ocr_par' dir='ltr' id='par_1_84' title="bbox 862 1868 1648 1904">
     <span class='ocr_line' id='line_1_84' title="bbox 862 1868 1648 1904; baseline 0.004 -8"><span class='ocrx_word' id='word_1_597' title='bbox 862 1870 884 1896; x_wconf 87' lang='lat' dir='ltr'><strong>ri</strong></span> <span class='ocrx_word' id='word_1_598' title='bbox 900 1869 934 1896; x_wconf 87' lang='lat' dir='ltr'><strong>de</strong></span> <span class='ocrx_word' id='word_1_599' title='bbox 949 1868 1003 1896; x_wconf 85' lang='lat' dir='ltr'><strong>lilio</strong></span> <span class='ocrx_word' id='word_1_600' title='bbox 1020 1873 1095 1901; x_wconf 91' lang='lat' dir='ltr'><strong>nato,</strong></span> <span class='ocrx_word' id='word_1_601' title='bbox 1124 1869 1268 1904; x_wconf 83' lang='lat' dir='ltr'><strong>pollicetur</strong></span> <span class='ocrx_word' id='word_1_602' title='bbox 1296 1870 1347 1898; x_wconf 88' lang='lat' dir='ltr'><strong>sibi</strong></span> <span class='ocrx_word' id='word_1_603' title='bbox 1376 1878 1449 1898; x_wconf 75' lang='lat' dir='ltr'><strong>curae</strong></span> <span class='ocrx_word' id='word_1_604' title='bbox 1465 1870 1598 1903; x_wconf 84' lang='lat' dir='ltr'><strong>futurum,</strong></span> <span class='ocrx_word' id='word_1_605' title='bbox 1618 1877 1648 1899; x_wconf 90' lang='lat' dir='ltr'><strong>ut</strong></span> 
     </span>
    </p>
   </div>
   <div class='ocr_carea' id='block_1_85' title="bbox 863 1914 1645 1950">
    <p class='ocr_par' dir='ltr' id='par_1_85' title="bbox 863 1914 1645 1950">
     <span class='ocr_line' id='line_1_85' title="bbox 863 1914 1645 1950; baseline 0.006 -9"><span class='ocrx_word' id='word_1_606' title='bbox 863 1914 940 1941; x_wconf 92' lang='lat' dir='ltr'><strong>illum</strong></span> <span class='ocrx_word' id='word_1_607' title='bbox 952 1915 1033 1941; x_wconf 90' lang='lat' dir='ltr'><strong>matri</strong></span> <span class='ocrx_word' id='word_1_608' title='bbox 1046 1915 1180 1942; x_wconf 89' lang='lat' dir='ltr'><strong>ciconiam</strong></span> <span class='ocrx_word' id='word_1_609' title='bbox 1194 1923 1244 1950; x_wconf 89' lang='lat' dir='ltr'><strong>pro</strong></span> <span class='ocrx_word' id='word_1_610' title='bbox 1254 1923 1321 1943; x_wconf 87' lang='lat' dir='ltr'><strong>cane</strong></span> <span class='ocrx_word' id='word_1_611' title='bbox 1339 1917 1459 1944; x_wconf 80' lang='lat' dir='ltr'><strong>remittat</strong></span> <span class='ocrx_word' id='word_1_612' title='bbox 1475 1918 1502 1944; x_wconf 93' lang='lat' dir='ltr'><strong>in</strong></span> <span class='ocrx_word' id='word_1_613' title='bbox 1522 1922 1645 1946; x_wconf 83' lang='lat' dir='ltr'><strong>senecta.</strong></span> 
     </span>
    </p>
   </div>
   <div class='ocr_carea' id='block_1_86' title="bbox 863 1959 1646 1991">
    <p class='ocr_par' dir='ltr' id='par_1_86' title="bbox 863 1959 1646 1991">
     <span class='ocr_line' id='line_1_86' title="bbox 863 1959 1646 1991; baseline 0.006 -5"><span class='ocrx_word' id='word_1_614' title='bbox 863 1959 953 1987; x_wconf 88' lang='lat' dir='ltr'><strong>llorus</strong></span> <span class='ocrx_word' id='word_1_615' title='bbox 976 1959 1111 1987; x_wconf 88' lang='lat' dir='ltr'><strong>ciconiam</strong></span> <span class='ocrx_word' id='word_1_616' title='bbox 1126 1960 1212 1988; x_wconf 85' lang='lat' dir='ltr'><strong>solam</strong></span> <span class='ocrx_word' id='word_1_617' title='bbox 1234 1969 1267 1989; x_wconf 85' lang='lat' dir='ltr'><strong>ex</strong></span> <span class='ocrx_word' id='word_1_618' title='bbox 1281 1962 1465 1990; x_wconf 86' lang='lat' dir='ltr'><strong>animantibus</strong></span> <span class='ocrx_word' id='word_1_619' title='bbox 1481 1963 1584 1991; x_wconf 84' lang='lat' dir='ltr'><strong>ratione</strong></span> <span class='ocrx_word' id='word_1_620' title='bbox 1598 1972 1646 1991; x_wconf 87' lang='lat' dir='ltr'><strong>ca-</strong></span> 
     </span>
    </p>
   </div>
   <div class='ocr_carea' id='block_1_87' title="bbox 862 2005 1646 2043">
    <p class='ocr_par' dir='ltr' id='par_1_87' title="bbox 862 2005 1646 2043">
     <span class='ocr_line' id='line_1_87' title="bbox 862 2005 1646 2043; baseline 0.008 -12"><span class='ocrx_word' id='word_1_621' title='bbox 862 2005 987 2032; x_wconf 87' lang='lat' dir='ltr'><strong>rentibus</strong></span> <span class='ocrx_word' id='word_1_622' title='bbox 1006 2005 1150 2032; x_wconf 87' lang='lat' dir='ltr'><strong>educatam</strong></span> <span class='ocrx_word' id='word_1_623' title='bbox 1170 2013 1185 2032; x_wconf 88' lang='lat' dir='ltr'><strong>a</strong></span> <span class='ocrx_word' id='word_1_624' title='bbox 1205 2007 1365 2041; x_wconf 89' lang='lat' dir='ltr'><strong>parentibus</strong></span> <span class='ocrx_word' id='word_1_625' title='bbox 1381 2007 1477 2036; x_wconf 87' lang='lat' dir='ltr'><strong>iisdem</strong></span> <span class='ocrx_word' id='word_1_626' title='bbox 1491 2016 1583 2043; x_wconf 86' lang='lat' dir='ltr'><strong>parem</strong></span> <span class='ocrx_word' id='word_1_627' title='bbox 1601 2017 1646 2037; x_wconf 80' lang='lat' dir='ltr'><strong>re-</strong></span> 
     </span>
    </p>
   </div>
   <div class='ocr_carea' id='block_1_88' title="bbox 863 2050 1646 2086">
    <p class='ocr_par' dir='ltr' id='par_1_88' title="bbox 863 2050 1646 2086">
     <span class='ocr_line' id='line_1_88' title="bbox 863 2050 1646 2086; baseline 0.008 -10"><span class='ocrx_word' id='word_1_628' title='bbox 863 2050 934 2077; x_wconf 79' lang='lat' dir='ltr'><strong>ferre</strong></span> <span class='ocrx_word' id='word_1_629' title='bbox 942 2051 1056 2086; x_wconf 80' lang='lat' dir='ltr'><strong>gratiam</strong></span> <span class='ocrx_word' id='word_1_630' title='bbox 1067 2050 1143 2077; x_wconf 88' lang='lat' dir='ltr'><strong>dicit.</strong></span> <span class='ocrx_word' id='word_1_631' title='bbox 1153 2050 1326 2085; x_wconf 80' lang='lat' dir='ltr'><strong>Aristoteles,</strong></span> <span class='ocrx_word' id='word_1_632' title='bbox 1338 2053 1452 2085; x_wconf 82' lang='lat' dir='ltr'><strong>Plinius,</strong></span> <span class='ocrx_word' id='word_1_633' title='bbox 1463 2053 1511 2081; x_wconf 90' lang='lat' dir='ltr'><strong>lib.</strong></span> <span class='ocrx_word' id='word_1_634' title='bbox 1523 2062 1550 2085; x_wconf 73' lang='grc' dir='ltr'>ι,</span> <span class='ocrx_word' id='word_1_635' title='bbox 1561 2062 1585 2081; x_wconf 92' lang='lat' dir='ltr'><strong>c.</strong></span> <span class='ocrx_word' id='word_1_636' title='bbox 1594 2054 1646 2085; x_wconf 79' lang='lat'><strong>50;</strong></span> 
     </span>
    </p>
   </div>
   <div class='ocr_carea' id='block_1_89' title="bbox 863 2097 1648 2136">
    <p class='ocr_par' dir='ltr' id='par_1_89' title="bbox 863 2097 1648 2136">
     <span class='ocr_line' id='line_1_89' title="bbox 863 2097 1648 2136; baseline 0.006 -13"><span class='ocrx_word' id='word_1_637' title='bbox 863 2097 999 2130; x_wconf 69' lang='lat' dir='ltr'><strong>Elianus,</strong></span> <span class='ocrx_word' id='word_1_638' title='bbox 1015 2105 1043 2123; x_wconf 72' lang='lat' dir='ltr'><strong>rx</strong></span> <span class='ocrx_word' id='word_1_639' title='bbox 1058 2097 1097 2123; x_wconf 86' lang='lat' dir='ltr'><strong>De</strong></span> <span class='ocrx_word' id='word_1_640' title='bbox 1117 2097 1211 2124; x_wconf 81' lang='lat' dir='ltr'><strong>histor.</strong></span> <span class='ocrx_word' id='word_1_641' title='bbox 1244 2098 1338 2131; x_wconf 87' lang='lat' dir='ltr'><strong>anim.,</strong></span> <span class='ocrx_word' id='word_1_642' title='bbox 1366 2106 1427 2134; x_wconf 84' lang='lat' dir='ltr'><strong>cap.</strong></span> <span class='ocrx_word' id='word_1_643' title='bbox 1451 2099 1504 2134; x_wconf 77' lang='lat'><strong>30;</strong></span> <span class='ocrx_word' id='word_1_644' title='bbox 1523 2100 1648 2136; x_wconf 83' lang='lat' dir='ltr'><strong>Meropas</strong></span> 
     </span>
    </p>
   </div>
   <div class='ocr_carea' id='block_1_90' title="bbox 863 2142 1648 2179">
    <p class='ocr_par' dir='ltr' id='par_1_90' title="bbox 863 2142 1648 2179">
     <span class='ocr_line' id='line_1_90' title="bbox 863 2142 1648 2179; baseline 0.004 -9"><span class='ocrx_word' id='word_1_645' title='bbox 863 2143 934 2170; x_wconf 90' lang='lat' dir='ltr'><strong>idem</strong></span> <span class='ocrx_word' id='word_1_646' title='bbox 958 2142 1048 2170; x_wconf 84' lang='lat' dir='ltr'><strong>facere</strong></span> <span class='ocrx_word' id='word_1_647' title='bbox 1078 2143 1212 2170; x_wconf 81' lang='lat' dir='ltr'><strong>scribunt.</strong></span> <span class='ocrx_word' id='word_1_648' title='bbox 1235 2143 1367 2179; x_wconf 82' lang='lat' dir='ltr'><strong>Scaliger,</strong></span> <span class='ocrx_word' id='word_1_649' title='bbox 1385 2144 1533 2172; x_wconf 74' lang='lat' dir='ltr'><strong>Eaercitat.</strong></span> <span class='ocrx_word' id='word_1_650' title='bbox 1555 2151 1648 2173; x_wconf 88' lang='lat' dir='ltr'><strong>contra</strong></span> 
     </span>
    </p>
   </div>
   <div class='ocr_carea' id='block_1_91' title="bbox 35 2186 1646 2227">
    <p class='ocr_par' dir='ltr' id='par_1_91' title="bbox 35 2186 1646 2227">
     <span class='ocr_line' id='line_1_91' title="bbox 35 2186 1646 2227; baseline 0.003 -13"><span class='ocrx_word' id='word_1_651' title='bbox 35 2186 138 2223; x_wconf 85' lang='lat' dir='ltr'><strong>Plinius,</strong></span> <span class='ocrx_word' id='word_1_652' title='bbox 153 2192 199 2220; x_wconf 83' lang='lat' dir='ltr'><strong>lib.</strong></span> <span class='ocrx_word' id='word_1_653' title='bbox 216 2201 243 2225; x_wconf 73' lang='grc' dir='ltr'>χ,</span> <span class='ocrx_word' id='word_1_654' title='bbox 259 2200 319 2227; x_wconf 85' lang='lat' dir='ltr'><strong>cap.</strong></span> <span class='ocrx_word' id='word_1_655' title='bbox 335 2192 366 2219; x_wconf 80' lang='grc'><strong>51</strong></span> <span class='ocrx_word' id='word_1_656' title='bbox 386 2201 393 2219; x_wconf 91' lang='lat'><strong>:</strong></span> <span class='ocrx_word' id='word_1_657' title='bbox 412 2191 526 2219; x_wconf 77' lang='lat' dir='ltr'><strong>Ciconiw</strong></span> <span class='ocrx_word' id='word_1_658' title='bbox 541 2200 654 2227; x_wconf 86' lang='lat' dir='ltr'><strong>quonam</strong></span> <span class='ocrx_word' id='word_1_659' title='bbox 667 2201 681 2219; x_wconf 85' lang='lat' dir='ltr'><strong>e</strong></span> <span class='ocrx_word' id='word_1_660' title='bbox 699 2192 754 2219; x_wconf 82' lang='lat' dir='ltr'><strong>loco</strong></span> <span class='ocrx_word' id='word_1_661' title='bbox 770 2201 811 2219; x_wconf 83' lang='lat' dir='ltr'><strong>ue-</strong></span> <span class='ocrx_word' id='word_1_662' title='bbox 827 2196 849 2223; x_wconf 81' lang='grc' dir='ltr'><strong>ι)</strong></span> <span class='ocrx_word' id='word_1_663' title='bbox 862 2188 1026 2220; x_wconf 81' lang='lat' dir='ltr'><strong>Cardanum,</strong></span> <span class='ocrx_word' id='word_1_664' title='bbox 1058 2190 1104 2221; x_wconf 75' lang='lat'><strong>23,</strong></span> <span class='ocrx_word' id='word_1_665' title='bbox 1141 2191 1173 2222; x_wconf 70' lang='grc' dir='ltr'>Δ,</span> <span class='ocrx_word' id='word_1_666' title='bbox 1200 2190 1285 2217; x_wconf 83' lang='lat' dir='ltr'><strong>relcrt</strong></span> <span class='ocrx_word' id='word_1_667' title='bbox 1314 2191 1471 2218; x_wconf 75' lang='lat' dir='ltr'><strong>Africanum</strong></span> <span class='ocrx_word' id='word_1_668' title='bbox 1509 2192 1646 2219; x_wconf 86' lang='lat' dir='ltr'><strong>vulturem</strong></span> 
     </span>
    </p>
   </div>
   <div class='ocr_carea' id='block_1_92' title="bbox 36 2231 808 2272">
    <p class='ocr_par' dir='ltr' id='par_1_92' title="bbox 36 2231 808 2272">
     <span class='ocr_line' id='line_1_92' title="bbox 36 2231 808 2272; baseline 0.006 -14"><span class='ocrx_word' id='word_1_669' title='bbox 36 2231 111 2266; x_wconf 81' lang='lat' dir='ltr'><strong>niam,</strong></span> <span class='ocrx_word' id='word_1_670' title='bbox 129 2241 173 2262; x_wconf 91' lang='lat' dir='ltr'><strong>aut</strong></span> <span class='ocrx_word' id='word_1_671' title='bbox 191 2244 243 2272; x_wconf 82' lang='lat' dir='ltr'><strong>quo</strong></span> <span class='ocrx_word' id='word_1_672' title='bbox 266 2244 293 2263; x_wconf 78' lang='lat' dir='ltr'><strong>se</strong></span> <span class='ocrx_word' id='word_1_673' title='bbox 306 2235 442 2270; x_wconf 74' lang='lat' dir='ltr'><strong>conferant</strong></span> <span class='ocrx_word' id='word_1_674' title='bbox 457 2236 646 2271; x_wconf 86' lang='lat' dir='ltr'><strong>incompertum</strong></span> <span class='ocrx_word' id='word_1_675' title='bbox 659 2236 744 2264; x_wconf 83' lang='lat' dir='ltr'><strong>adhuc</strong></span> <span class='ocrx_word' id='word_1_676' title='bbox 759 2241 808 2264; x_wconf 81' lang='lat' dir='ltr'><strong>est.</strong></span> 
     </span>
    </p>
   </div>
   <div class='ocr_carea' id='block_1_93' title="bbox 37 2275 809 2318">
    <p class='ocr_par' dir='ltr' id='par_1_93' title="bbox 37 2275 809 2318">
     <span class='ocr_line' id='line_1_93' title="bbox 37 2275 809 2318; baseline 0.005 -12"><span class='ocrx_word' id='word_1_677' title='bbox 37 2275 57 2302; x_wconf 77' lang='grc' dir='ltr'><em>Ε</em></span> <span class='ocrx_word' id='word_1_678' title='bbox 75 2278 209 2316; x_wconf 84' lang='lat' dir='ltr'><strong>longinquo</strong></span> <span class='ocrx_word' id='word_1_679' title='bbox 224 2282 309 2309; x_wconf 82' lang='lat' dir='ltr'><strong>venire</strong></span> <span class='ocrx_word' id='word_1_680' title='bbox 326 2290 377 2308; x_wconf 86' lang='lat' dir='ltr'><strong>non</strong></span> <span class='ocrx_word' id='word_1_681' title='bbox 397 2281 516 2315; x_wconf 80' lang='lat' dir='ltr'><strong>dubiant,</strong></span> <span class='ocrx_word' id='word_1_682' title='bbox 543 2281 634 2309; x_wconf 87' lang='lat' dir='ltr'><strong>eodem</strong></span> <span class='ocrx_word' id='word_1_683' title='bbox 657 2291 706 2318; x_wconf 89' lang='lat' dir='ltr'><strong>quo</strong></span> <span class='ocrx_word' id='word_1_684' title='bbox 732 2291 809 2318; x_wconf 82' lang='lat' dir='ltr'><strong>grues</strong></span> 
     </span>
    </p>
   </div>
   <div class='ocr_carea' id='block_1_94' title="bbox 36 2324 810 2360">
    <p class='ocr_par' dir='ltr' id='par_1_94' title="bbox 36 2324 810 2360">
     <span class='ocr_line' id='line_1_94' title="bbox 36 2324 810 2360; baseline 0.008 -11"><span class='ocrx_word' id='word_1_685' title='bbox 36 2324 122 2352; x_wconf 87' lang='lat' dir='ltr'><strong>modo:</strong></span> <span class='ocrx_word' id='word_1_686' title='bbox 136 2327 196 2356; x_wconf 85' lang='lat' dir='ltr'><strong>illas</strong></span> <span class='ocrx_word' id='word_1_687' title='bbox 216 2328 326 2360; x_wconf 81' lang='lat' dir='ltr'><strong>hiemis,</strong></span> <span class='ocrx_word' id='word_1_688' title='bbox 350 2328 398 2355; x_wconf 84' lang='lat' dir='ltr'><strong>has</strong></span> <span class='ocrx_word' id='word_1_689' title='bbox 420 2329 521 2356; x_wconf 65' lang='lat' dir='ltr'><strong>astatis</strong></span> <span class='ocrx_word' id='word_1_690' title='bbox 543 2328 668 2356; x_wconf 86' lang='lat' dir='ltr'><strong>advenas.</strong></span> <span class='ocrx_word' id='word_1_691' title='bbox 691 2329 810 2356; x_wconf 78' lang='lat' dir='ltr'><strong>Abiturte</strong></span> 
     </span>
    </p>
   </div>
   <div class='ocr_carea' id='block_1_95' title="bbox 37 2375 810 2410">
    <p class='ocr_par' dir='ltr' id='par_1_95' title="bbox 37 2375 810 2410">
     <span class='ocr_line' id='line_1_95' title="bbox 37 2375 810 2410; baseline 0.006 -13"><span class='ocrx_word' id='word_1_692' title='bbox 37 2377 214 2408; x_wconf 80' lang='lat' dir='ltr'><strong>congregantur</strong></span> <span class='ocrx_word' id='word_1_693' title='bbox 238 2376 265 2402; x_wconf 88' lang='lat' dir='ltr'><strong>in</strong></span> <span class='ocrx_word' id='word_1_694' title='bbox 289 2375 344 2405; x_wconf 63' lang='lat' dir='ltr'><strong>loto</strong></span> <span class='ocrx_word' id='word_1_695' title='bbox 377 2379 466 2407; x_wconf 83' lang='lat' dir='ltr'><strong>certo,</strong></span> <span class='ocrx_word' id='word_1_696' title='bbox 498 2375 679 2410; x_wconf 63' lang='lat' dir='ltr'><strong>comitataque</strong></span> <span class='ocrx_word' id='word_1_697' title='bbox 706 2375 754 2407; x_wconf 86' lang='lat' dir='ltr'><strong>sic,</strong></span> <span class='ocrx_word' id='word_1_698' title='bbox 781 2380 810 2402; x_wconf 88' lang='lat' dir='ltr'><strong>ut</strong></span> 
     </span>
    </p>
   </div>
   <div class='ocr_carea' id='block_1_96' title="bbox 37 2416 808 2456">
    <p class='ocr_par' dir='ltr' id='par_1_96' title="bbox 37 2416 808 2456">
     <span class='ocr_line' id='line_1_96' title="bbox 37 2416 808 2456; baseline 0.009 -15"><span class='ocrx_word' id='word_1_699' title='bbox 37 2416 101 2444; x_wconf 81' lang='lat' dir='ltr'><strong>nulla</strong></span> <span class='ocrx_word' id='word_1_700' title='bbox 121 2421 161 2447; x_wconf 80' lang='lat' dir='ltr'><strong>sui</strong></span> <span class='ocrx_word' id='word_1_701' title='bbox 180 2422 280 2456; x_wconf 76' lang='lat' dir='ltr'><strong>generis</strong></span> <span class='ocrx_word' id='word_1_702' title='bbox 295 2421 475 2456; x_wconf 83' lang='lat' dir='ltr'><strong>relinquatur,</strong></span> <span class='ocrx_word' id='word_1_703' title='bbox 497 2422 548 2448; x_wconf 85' lang='lat' dir='ltr'><strong>nisi</strong></span> <span class='ocrx_word' id='word_1_704' title='bbox 566 2423 668 2455; x_wconf 77' lang='lat' dir='ltr'><strong>captiva</strong></span> <span class='ocrx_word' id='word_1_705' title='bbox 686 2426 710 2448; x_wconf 90' lang='lat' dir='ltr'><strong>et</strong></span> <span class='ocrx_word' id='word_1_706' title='bbox 724 2430 808 2454; x_wconf 78' lang='lat' dir='ltr'><strong>serva,</strong></span> 
     </span>
    </p>
   </div>
   <div class='ocr_carea' id='block_1_97' title="bbox 38 2462 810 2503">
    <p class='ocr_par' dir='ltr' id='par_1_97' title="bbox 38 2462 810 2503">
     <span class='ocr_line' id='line_1_97' title="bbox 38 2462 810 2503; baseline 0.01 -16"><span class='ocrx_word' id='word_1_707' title='bbox 38 2468 77 2488; x_wconf 77' lang='lat' dir='ltr'><strong>ceu</strong></span> <span class='ocrx_word' id='word_1_708' title='bbox 85 2462 135 2498; x_wconf 85' lang='lat' dir='ltr'><strong>lege</strong></span> <span class='ocrx_word' id='word_1_709' title='bbox 153 2466 278 2499; x_wconf 71' lang='lat' dir='ltr'><strong>prcedicta</strong></span> <span class='ocrx_word' id='word_1_710' title='bbox 289 2467 331 2494; x_wconf 85' lang='lat' dir='ltr'><strong>die</strong></span> <span class='ocrx_word' id='word_1_711' title='bbox 346 2467 477 2494; x_wconf 80' lang='lat' dir='ltr'><strong>recedunt.</strong></span> <span class='ocrx_word' id='word_1_712' title='bbox 487 2469 570 2494; x_wconf 85' lang='lat' dir='ltr'><strong>Nemo</strong></span> <span class='ocrx_word' id='word_1_713' title='bbox 579 2468 643 2495; x_wconf 81' lang='lat' dir='ltr'><strong>vidit</strong></span> <span class='ocrx_word' id='word_1_714' title='bbox 653 2477 744 2503; x_wconf 82' lang='lat' dir='ltr'><strong>agmen</strong></span> <span class='ocrx_word' id='word_1_715' title='bbox 752 2469 810 2495; x_wconf 87' lang='lat' dir='ltr'><strong>dis-</strong></span> 
     </span>
    </p>
   </div>
   <div class='ocr_carea' id='block_1_98' title="bbox 37 2507 810 2548">
    <p class='ocr_par' dir='ltr' id='par_1_98' title="bbox 37 2507 810 2548">
     <span class='ocr_line' id='line_1_98' title="bbox 37 2507 810 2548; baseline 0.01 -16"><span class='ocrx_word' id='word_1_716' title='bbox 37 2507 168 2538; x_wconf 83' lang='lat' dir='ltr'><strong>cedentium</strong></span> <span class='ocrx_word' id='word_1_717' title='bbox 179 2521 237 2539; x_wconf 84' lang='lat' dir='ltr'><strong>cum</strong></span> <span class='ocrx_word' id='word_1_718' title='bbox 249 2513 425 2540; x_wconf 78' lang='lat' dir='ltr'><strong>discessurum</strong></span> <span class='ocrx_word' id='word_1_719' title='bbox 443 2518 569 2548; x_wconf 85' lang='lat' dir='ltr'><strong>appareat</strong></span> <span class='ocrx_word' id='word_1_720' title='bbox 581 2522 589 2540; x_wconf 89' lang='lat'><em>:</em></span> <span class='ocrx_word' id='word_1_721' title='bbox 600 2522 646 2541; x_wconf 83' lang='lat' dir='ltr'><strong>nec</strong></span> <span class='ocrx_word' id='word_1_722' title='bbox 654 2515 749 2546; x_wconf 85' lang='lat' dir='ltr'><strong>venire,</strong></span> <span class='ocrx_word' id='word_1_723' title='bbox 765 2514 810 2542; x_wconf 84' lang='lat' dir='ltr'><strong>sed</strong></span> 
     </span>
    </p>
   </div>
   <div class='ocr_carea' id='block_1_99' title="bbox 39 2553 811 2594">
    <p class='ocr_par' dir='ltr' id='par_1_99' title="bbox 39 2553 811 2594">
     <span class='ocr_line' id='line_1_99' title="bbox 39 2553 811 2594; baseline 0.01 -16"><span class='ocrx_word' id='word_1_724' title='bbox 39 2553 125 2582; x_wconf 69' lang='lat' dir='ltr'><strong>terniue</strong></span> <span class='ocrx_word' id='word_1_725' title='bbox 148 2559 295 2592; x_wconf 76' lang='lat' dir='ltr'><strong>cernimus;</strong></span> <span class='ocrx_word' id='word_1_726' title='bbox 318 2564 456 2594; x_wconf 82' lang='lat' dir='ltr'><strong>utrumque</strong></span> <span class='ocrx_word' id='word_1_727' title='bbox 482 2559 616 2586; x_wconf 81' lang='lat' dir='ltr'><strong>nocturnis</strong></span> <span class='ocrx_word' id='word_1_728' title='bbox 637 2560 667 2594; x_wconf 77' lang='lat' dir='ltr'><strong>fit</strong></span> <span class='ocrx_word' id='word_1_729' title='bbox 690 2561 811 2594; x_wconf 86' lang='lat' dir='ltr'><strong>tempori-</strong></span> 
     </span>
    </p>
   </div>
   <div class='ocr_carea' id='block_1_100' title="bbox 39 2597 810 2641">
    <p class='ocr_par' dir='ltr' id='par_1_100' title="bbox 39 2597 810 2641">
     <span class='ocr_line' id='line_1_100' title="bbox 39 2597 810 2641; baseline 0.009 -16"><span class='ocrx_word' id='word_1_730' title='bbox 39 2597 88 2625; x_wconf 76' lang='lat' dir='ltr'><strong>bus.</strong></span> <span class='ocrx_word' id='word_1_731' title='bbox 103 2600 134 2628; x_wconf 87' lang='lat' dir='ltr'><strong>Et</strong></span> <span class='ocrx_word' id='word_1_732' title='bbox 157 2605 272 2638; x_wconf 75' lang='lat' dir='ltr'><strong>quamvis</strong></span> <span class='ocrx_word' id='word_1_733' title='bbox 294 2605 367 2632; x_wconf 87' lang='lat' dir='ltr'><strong>ultra</strong></span> <span class='ocrx_word' id='word_1_734' title='bbox 392 2606 488 2632; x_wconf 83' lang='lat' dir='ltr'><strong>citrave</strong></span> <span class='ocrx_word' id='word_1_735' title='bbox 508 2605 655 2640; x_wconf 70' lang='lat' dir='ltr'><strong>pervolant,</strong></span> <span class='ocrx_word' id='word_1_736' title='bbox 678 2614 810 2641; x_wconf 83' lang='lat' dir='ltr'><strong>nunquam</strong></span> 
     </span>
    </p>
   </div>
   <div class='ocr_carea' id='block_1_101' title="bbox 39 2648 808 2686">
    <p class='ocr_par' dir='ltr' id='par_1_101' title="bbox 39 2648 808 2686">
     <span class='ocr_line' id='line_1_101' title="bbox 39 2648 808 2686; baseline 0.012 -17"><span class='ocrx_word' id='word_1_737' title='bbox 39 2648 117 2674; x_wconf 84' lang='lat' dir='ltr'><strong>tamen</strong></span> <span class='ocrx_word' id='word_1_738' title='bbox 143 2650 274 2678; x_wconf 83' lang='lat' dir='ltr'><strong>advenisse</strong></span> <span class='ocrx_word' id='word_1_739' title='bbox 299 2659 411 2686; x_wconf 80' lang='lat' dir='ltr'><strong>usquam</strong></span> <span class='ocrx_word' id='word_1_740' title='bbox 436 2652 488 2678; x_wconf 85' lang='lat' dir='ltr'><strong>nisi</strong></span> <span class='ocrx_word' id='word_1_741' title='bbox 512 2656 589 2678; x_wconf 84' lang='lat' dir='ltr'><strong>noctu</strong></span> <span class='ocrx_word' id='word_1_742' title='bbox 613 2652 808 2678; x_wconf 72' lang='lat' dir='ltr'><strong>existimantur.</strong></span> 
     </span>
    </p>
   </div>
   <div class='ocr_carea' id='block_1_102' title="bbox 39 2687 810 2731">
    <p class='ocr_par' dir='ltr' id='par_1_102' title="bbox 39 2687 810 2731">
     <span class='ocr_line' id='line_1_102' title="bbox 39 2687 810 2731; baseline 0.009 -16"><span class='ocrx_word' id='word_1_743' title='bbox 39 2687 153 2722; x_wconf 78' lang='lat' dir='ltr'><strong>Pithonos</strong></span> <span class='ocrx_word' id='word_1_744' title='bbox 175 2704 265 2723; x_wconf 80' lang='lat' dir='ltr'><strong>conten</strong></span> <span class='ocrx_word' id='word_1_745' title='bbox 291 2701 384 2723; x_wconf 83' lang='lat' dir='ltr'><strong>vocant</strong></span> <span class='ocrx_word' id='word_1_746' title='bbox 400 2697 428 2723; x_wconf 91' lang='lat' dir='ltr'><strong>in</strong></span> <span class='ocrx_word' id='word_1_747' title='bbox 446 2697 512 2722; x_wconf 83' lang='lat' dir='ltr'><strong>Asia</strong></span> <span class='ocrx_word' id='word_1_748' title='bbox 534 2696 682 2730; x_wconf 83' lang='lat' dir='ltr'><strong>patentibus</strong></span> <span class='ocrx_word' id='word_1_749' title='bbox 699 2697 810 2731; x_wconf 81' lang='lat' dir='ltr'><strong>campis,</strong></span> 
     </span>
    </p>
   </div>
   <div class='ocr_carea' id='block_1_103' title="bbox 39 2734 811 2778">
    <p class='ocr_par' dir='ltr' id='par_1_103' title="bbox 39 2734 811 2778">
     <span class='ocr_line' id='line_1_103' title="bbox 39 2734 811 2778; baseline 0.008 -15"><span class='ocrx_word' id='word_1_750' title='bbox 39 2734 77 2761; x_wconf 66' lang='lat' dir='ltr'><strong>ubi</strong></span> <span class='ocrx_word' id='word_1_751' title='bbox 88 2745 243 2777; x_wconf 77' lang='lat' dir='ltr'><strong>congregata&#39;</strong></span> <span class='ocrx_word' id='word_1_752' title='bbox 258 2743 325 2769; x_wconf 86' lang='lat' dir='ltr'><strong>inter</strong></span> <span class='ocrx_word' id='word_1_753' title='bbox 335 2751 363 2770; x_wconf 83' lang='lat' dir='ltr'><strong>se</strong></span> <span class='ocrx_word' id='word_1_754' title='bbox 380 2746 616 2773; x_wconf 78' lang='lat' dir='ltr'><strong>commurmurant,</strong></span> <span class='ocrx_word' id='word_1_755' title='bbox 633 2751 740 2777; x_wconf 84' lang='lat' dir='ltr'><strong>eamque</strong></span> <span class='ocrx_word' id='word_1_756' title='bbox 753 2750 811 2778; x_wconf 78' lang='lat' dir='ltr'><strong>qua:</strong></span> 
     </span>
    </p>
   </div>
   <div class='ocr_carea' id='block_1_104' title="bbox 40 2784 810 2824">
    <p class='ocr_par' dir='ltr' id='par_1_104' title="bbox 40 2784 810 2824">
     <span class='ocr_line' id='line_1_104' title="bbox 40 2784 810 2824; baseline 0.014 -18"><span class='ocrx_word' id='word_1_757' title='bbox 40 2784 170 2815; x_wconf 77' lang='lat' dir='ltr'><strong>novissima</strong></span> <span class='ocrx_word' id='word_1_758' title='bbox 185 2790 290 2817; x_wconf 81' lang='lat' dir='ltr'><strong>advenit</strong></span> <span class='ocrx_word' id='word_1_759' title='bbox 304 2790 430 2820; x_wconf 78' lang='lat' dir='ltr'><strong>lacerant,</strong></span> <span class='ocrx_word' id='word_1_760' title='bbox 447 2794 524 2824; x_wconf 83' lang='lat' dir='ltr'><strong>atque</strong></span> <span class='ocrx_word' id='word_1_761' title='bbox 537 2789 575 2815; x_wconf 89' lang='lat' dir='ltr'><strong>ita</strong></span> <span class='ocrx_word' id='word_1_762' title='bbox 590 2788 694 2816; x_wconf 83' lang='lat' dir='ltr'><strong>abeunt.</strong></span> <span class='ocrx_word' id='word_1_763' title='bbox 714 2789 810 2817; x_wconf 78' lang='lat' dir='ltr'><strong>Petro-</strong></span> 
     </span>
    </p>
   </div>
   <div class='ocr_carea' id='block_1_105' title="bbox 42 2827 707 2872">
    <p class='ocr_par' dir='ltr' id='par_1_105' title="bbox 42 2827 707 2872">
     <span class='ocr_line' id='line_1_105' title="bbox 42 2827 707 2872; baseline 0.014 -19"><span class='ocrx_word' id='word_1_764' title='bbox 42 2827 95 2857; x_wconf 91' lang='lat' dir='ltr'><strong>nius</strong></span> <span class='ocrx_word' id='word_1_765' title='bbox 110 2833 213 2864; x_wconf 83' lang='lat' dir='ltr'><strong>Arbiter</strong></span> <span class='ocrx_word' id='word_1_766' title='bbox 228 2837 270 2865; x_wconf 83' lang='lat' dir='ltr'><strong>his</strong></span> <span class='ocrx_word' id='word_1_767' title='bbox 289 2837 414 2872; x_wconf 85' lang='lat' dir='ltr'><strong>epithetis</strong></span> <span class='ocrx_word' id='word_1_768' title='bbox 433 2836 469 2863; x_wconf 85' lang='lat' dir='ltr'><strong>ita</strong></span> <span class='ocrx_word' id='word_1_769' title='bbox 485 2843 544 2864; x_wconf 86' lang='lat' dir='ltr'><strong>eam</strong></span> <span class='ocrx_word' id='word_1_770' title='bbox 560 2835 686 2862; x_wconf 86' lang='lat' dir='ltr'><strong>honestat</strong></span> <span class='ocrx_word' id='word_1_771' title='bbox 701 2845 707 2862; x_wconf 92' lang='lat'><strong>:</strong></span> 
     </span>
    </p>
   </div>
   <div class='ocr_carea' id='block_1_106' title="bbox 861 2235 1647 2271">
    <p class='ocr_par' dir='ltr' id='par_1_106' title="bbox 861 2235 1647 2271">
     <span class='ocr_line' id='line_1_106' title="bbox 861 2235 1647 2271; baseline 0.004 -9"><span class='ocrx_word' id='word_1_772' title='bbox 861 2235 954 2262; x_wconf 89' lang='lat' dir='ltr'><strong>tandiu</strong></span> <span class='ocrx_word' id='word_1_773' title='bbox 972 2235 999 2262; x_wconf 95' lang='lat' dir='ltr'><strong>in</strong></span> <span class='ocrx_word' id='word_1_774' title='bbox 1024 2235 1108 2271; x_wconf 79' lang='lat' dir='ltr'><strong>Libya</strong></span> <span class='ocrx_word' id='word_1_775' title='bbox 1127 2241 1154 2263; x_wconf 89' lang='lat' dir='ltr'><strong>et</strong></span> <span class='ocrx_word' id='word_1_776' title='bbox 1174 2235 1285 2263; x_wconf 81' lang='lat' dir='ltr'><strong>Atlante</strong></span> <span class='ocrx_word' id='word_1_777' title='bbox 1313 2241 1405 2264; x_wconf 89' lang='lat' dir='ltr'><strong>monte</strong></span> <span class='ocrx_word' id='word_1_778' title='bbox 1425 2237 1470 2264; x_wconf 90' lang='lat' dir='ltr'><strong>ubi</strong></span> <span class='ocrx_word' id='word_1_779' title='bbox 1492 2245 1555 2265; x_wconf 90' lang='lat' dir='ltr'><strong>eum</strong></span> <span class='ocrx_word' id='word_1_780' title='bbox 1577 2237 1647 2265; x_wconf 87' lang='lat' dir='ltr'><strong>Sner</strong></span> 
     </span>
    </p>
   </div>
   <div class='ocr_carea' id='block_1_107' title="bbox 860 2283 1648 2318">
    <p class='ocr_par' dir='ltr' id='par_1_107' title="bbox 860 2283 1648 2318">
     <span class='ocr_line' id='line_1_107' title="bbox 860 2283 1648 2318; baseline 0.004 -10"><span class='ocrx_word' id='word_1_781' title='bbox 860 2286 970 2314; x_wconf 87' lang='lat' dir='ltr'><strong>vocant,</strong></span> <span class='ocrx_word' id='word_1_782' title='bbox 995 2283 1094 2315; x_wconf 86' lang='lat' dir='ltr'><strong>vivere,</strong></span> <span class='ocrx_word' id='word_1_783' title='bbox 1113 2283 1203 2318; x_wconf 89' lang='lat' dir='ltr'><strong>quoad</strong></span> <span class='ocrx_word' id='word_1_784' title='bbox 1223 2283 1313 2310; x_wconf 91' lang='lat' dir='ltr'><strong>nudus</strong></span> <span class='ocrx_word' id='word_1_785' title='bbox 1339 2284 1462 2318; x_wconf 88' lang='lat' dir='ltr'><strong>pennisa</strong></span> <span class='ocrx_word' id='word_1_786' title='bbox 1476 2284 1534 2311; x_wconf 90' lang='lat' dir='ltr'><strong>suis</strong></span> <span class='ocrx_word' id='word_1_787' title='bbox 1558 2284 1648 2311; x_wconf 86' lang='lat' dir='ltr'><strong>alatur</strong></span> 
     </span>
    </p>
   </div>
   <div class='ocr_carea' id='block_1_108' title="bbox 861 2328 1646 2365">
    <p class='ocr_par' dir='ltr' id='par_1_108' title="bbox 861 2328 1646 2365">
     <span class='ocr_line' id='line_1_108' title="bbox 861 2328 1646 2365; baseline 0.003 -10"><span class='ocrx_word' id='word_1_788' title='bbox 861 2328 954 2364; x_wconf 81' lang='lat' dir='ltr'><strong>pullis.</strong></span> <span class='ocrx_word' id='word_1_789' title='bbox 970 2328 1039 2356; x_wconf 85' lang='lat' dir='ltr'><strong>llinc</strong></span> <span class='ocrx_word' id='word_1_790' title='bbox 1055 2329 1221 2364; x_wconf 86' lang='lat' dir='ltr'><strong>lepidissime</strong></span> <span class='ocrx_word' id='word_1_791' title='bbox 1235 2329 1345 2363; x_wconf 86' lang='lat' dir='ltr'><strong>jocatur</strong></span> <span class='ocrx_word' id='word_1_792' title='bbox 1369 2330 1396 2356; x_wconf 95' lang='lat' dir='ltr'><strong>in</strong></span> <span class='ocrx_word' id='word_1_793' title='bbox 1416 2329 1535 2361; x_wconf 59' lang='lat' dir='ltr'><strong>Graecos,</strong></span> <span class='ocrx_word' id='word_1_794' title='bbox 1566 2331 1646 2365; x_wconf 88' lang='lat' dir='ltr'><strong>quasi</strong></span> 
     </span>
    </p>
   </div>
   <div class='ocr_carea' id='block_1_109' title="bbox 860 2374 1648 2409">
    <p class='ocr_par' dir='ltr' id='par_1_109' title="bbox 860 2374 1648 2409">
     <span class='ocr_line' id='line_1_109' title="bbox 860 2374 1648 2409; baseline 0.001 -8"><span class='ocrx_word' id='word_1_795' title='bbox 860 2382 892 2401; x_wconf 82' lang='lat' dir='ltr'><strong>ex</strong></span> <span class='ocrx_word' id='word_1_796' title='bbox 903 2374 964 2406; x_wconf 86' lang='lat' dir='ltr'><strong>hac,</strong></span> <span class='ocrx_word' id='word_1_797' title='bbox 977 2382 1058 2409; x_wconf 86' lang='lat' dir='ltr'><strong>quam</strong></span> <span class='ocrx_word' id='word_1_798' title='bbox 1072 2374 1130 2409; x_wconf 88' lang='lat' dir='ltr'><strong>ipse</strong></span> <span class='ocrx_word' id='word_1_799' title='bbox 1145 2379 1225 2402; x_wconf 85' lang='lat' dir='ltr'><strong>vocat</strong></span> <span class='ocrx_word' id='word_1_800' title='bbox 1241 2382 1339 2402; x_wconf 89' lang='lat' dir='ltr'><strong>novam</strong></span> <span class='ocrx_word' id='word_1_801' title='bbox 1356 2375 1500 2402; x_wconf 88' lang='lat' dir='ltr'><strong>historiam</strong></span> <span class='ocrx_word' id='word_1_802' title='bbox 1514 2382 1565 2402; x_wconf 85' lang='lat' dir='ltr'><strong>nec</strong></span> <span class='ocrx_word' id='word_1_803' title='bbox 1581 2383 1648 2402; x_wconf 86' lang='lat' dir='ltr'><strong>con-</strong></span> 
     </span>
    </p>
   </div>
   <div class='ocr_carea' id='block_1_110' title="bbox 861 2420 1647 2456">
    <p class='ocr_par' dir='ltr' id='par_1_110' title="bbox 861 2420 1647 2456">
     <span class='ocr_line' id='line_1_110' title="bbox 861 2420 1647 2456; baseline 0.003 -10"><span class='ocrx_word' id='word_1_804' title='bbox 861 2420 1045 2452; x_wconf 81' lang='lat' dir='ltr'><strong>temnendam,</strong></span> <span class='ocrx_word' id='word_1_805' title='bbox 1062 2420 1215 2455; x_wconf 80' lang='lat' dir='ltr'><strong>tingendum</strong></span> <span class='ocrx_word' id='word_1_806' title='bbox 1230 2421 1265 2448; x_wconf 92' lang='lat' dir='ltr'><strong>sit</strong></span> <span class='ocrx_word' id='word_1_807' title='bbox 1287 2421 1321 2447; x_wconf 89' lang='lat' dir='ltr'><strong>iis</strong></span> <span class='ocrx_word' id='word_1_808' title='bbox 1337 2420 1409 2447; x_wconf 85' lang='lat' dir='ltr'><strong>aliud</strong></span> <span class='ocrx_word' id='word_1_809' title='bbox 1433 2428 1542 2452; x_wconf 84' lang='lat' dir='ltr'><strong>nomen,</strong></span> <span class='ocrx_word' id='word_1_810' title='bbox 1564 2429 1647 2456; x_wconf 86' lang='lat' dir='ltr'><strong>quam</strong></span> 
     </span>
    </p>
   </div>
   <div class='ocr_carea' id='block_1_111' title="bbox 861 2465 1646 2501">
    <p class='ocr_par' dir='ltr' id='par_1_111' title="bbox 861 2465 1646 2501">
     <span class='ocr_line' id='line_1_111' title="bbox 861 2465 1646 2501; baseline 0 -9"><span class='ocrx_word' id='word_1_811' title='bbox 861 2466 1077 2501; x_wconf 82' lang='grc' dir='ltr'>ἀντιπελαργεῖν,</span> <span class='ocrx_word' id='word_1_812' title='bbox 1091 2473 1189 2500; x_wconf 84' lang='lat' dir='ltr'><strong>nempe</strong></span> <span class='ocrx_word' id='word_1_813' title='bbox 1201 2466 1364 2492; x_wconf 80' lang='grc' dir='ltr'><strong>ἁντοιωνεῖν.</strong></span> <span class='ocrx_word' id='word_1_814' title='bbox 1380 2465 1442 2492; x_wconf 79' lang='lat' dir='ltr'><strong>llzec</strong></span> <span class='ocrx_word' id='word_1_815' title='bbox 1453 2470 1543 2492; x_wconf 89' lang='lat' dir='ltr'><strong>tamen</strong></span> <span class='ocrx_word' id='word_1_816' title='bbox 1553 2469 1646 2492; x_wconf 89' lang='lat' dir='ltr'><strong>tantus</strong></span> 
     </span>
    </p>
   </div>
   <div class='ocr_carea' id='block_1_112' title="bbox 860 2511 1648 2547">
    <p class='ocr_par' dir='ltr' id='par_1_112' title="bbox 860 2511 1648 2547">
     <span class='ocr_line' id='line_1_112' title="bbox 860 2511 1648 2547; baseline -0.001 -9"><span class='ocrx_word' id='word_1_817' title='bbox 860 2511 954 2543; x_wconf 89' lang='lat' dir='ltr'><strong>homo,</strong></span> <span class='ocrx_word' id='word_1_818' title='bbox 976 2511 1076 2539; x_wconf 69' lang='lat' dir='ltr'><strong>Grmcaa</strong></span> <span class='ocrx_word' id='word_1_819' title='bbox 1092 2512 1191 2547; x_wconf 75' lang='lat' dir='ltr'><strong>lingua:</strong></span> <span class='ocrx_word' id='word_1_820' title='bbox 1206 2511 1362 2546; x_wconf 60' lang='lat' dir='ltr'><strong>Latianue</strong></span> <span class='ocrx_word' id='word_1_821' title='bbox 1387 2516 1526 2539; x_wconf 86' lang='lat' dir='ltr'><strong>corrector</strong></span> <span class='ocrx_word' id='word_1_822' title='bbox 1540 2516 1566 2538; x_wconf 89' lang='lat' dir='ltr'><strong>ct</strong></span> <span class='ocrx_word' id='word_1_823' title='bbox 1584 2519 1648 2546; x_wconf 90' lang='lat' dir='ltr'><strong>pro-</strong></span> 
     </span>
    </p>
   </div>
   <div class='ocr_carea' id='block_1_113' title="bbox 861 2556 1646 2593">
    <p class='ocr_par' dir='ltr' id='par_1_113' title="bbox 861 2556 1646 2593">
     <span class='ocr_line' id='line_1_113' title="bbox 861 2556 1646 2593; baseline 0 -10"><span class='ocrx_word' id='word_1_824' title='bbox 861 2561 974 2592; x_wconf 80' lang='lat' dir='ltr'><strong>pagator</strong></span> <span class='ocrx_word' id='word_1_825' title='bbox 999 2557 1182 2593; x_wconf 74' lang='grc' dir='ltr'>ἀπορροιϐδεῖ,</span> <span class='ocrx_word' id='word_1_826' title='bbox 1207 2558 1253 2584; x_wconf 71' lang='grc' dir='ltr'><strong>καὶ</strong></span> <span class='ocrx_word' id='word_1_827' title='bbox 1280 2557 1369 2589; x_wconf 77' lang='grc' dir='ltr'><em>τοίους</em></span> <span class='ocrx_word' id='word_1_828' title='bbox 1385 2558 1417 2583; x_wconf 81' lang='grc' dir='ltr'><em>ἐκ</em></span> <span class='ocrx_word' id='word_1_829' title='bbox 1438 2556 1562 2592; x_wconf 82' lang='grc' dir='ltr'><em>τρίποδος</em></span> <span class='ocrx_word' id='word_1_830' title='bbox 1575 2556 1646 2592; x_wconf 82' lang='grc' dir='ltr'>βδέει</span> 
     </span>
    </p>
   </div>
   <div class='ocr_carea' id='block_1_114' title="bbox 861 2603 1647 2635">
    <p class='ocr_par' dir='ltr' id='par_1_114' title="bbox 861 2603 1647 2635">
     <span class='ocr_line' id='line_1_114' title="bbox 861 2603 1647 2635; baseline 0.001 -6"><span class='ocrx_word' id='word_1_831' title='bbox 861 2603 1035 2635; x_wconf 78' lang='grc' dir='ltr'><strong>λιϐανωτούς,</strong></span> <span class='ocrx_word' id='word_1_832' title='bbox 1050 2608 1076 2630; x_wconf 89' lang='lat' dir='ltr'><strong>et</strong></span> <span class='ocrx_word' id='word_1_833' title='bbox 1089 2603 1141 2631; x_wconf 90' lang='lat' dir='ltr'><strong>sibi</strong></span> <span class='ocrx_word' id='word_1_834' title='bbox 1160 2604 1228 2632; x_wconf 86' lang='lat' dir='ltr'><strong>bene</strong></span> <span class='ocrx_word' id='word_1_835' title='bbox 1241 2604 1314 2632; x_wconf 90' lang='lat' dir='ltr'><strong>olere</strong></span> <span class='ocrx_word' id='word_1_836' title='bbox 1326 2604 1444 2631; x_wconf 88' lang='lat' dir='ltr'><strong>videtur.</strong></span> <span class='ocrx_word' id='word_1_837' title='bbox 1453 2603 1558 2630; x_wconf 84' lang='lat' dir='ltr'><strong>Nomen</strong></span> <span class='ocrx_word' id='word_1_838' title='bbox 1571 2603 1647 2630; x_wconf 68' lang='lat' dir='ltr'><strong>Grae-</strong></span> 
     </span>
    </p>
   </div>
   <div class='ocr_carea' id='block_1_115' title="bbox 862 2648 1646 2685">
    <p class='ocr_par' dir='ltr' id='par_1_115' title="bbox 862 2648 1646 2685">
     <span class='ocr_line' id='line_1_115' title="bbox 862 2648 1646 2685; baseline 0 -10"><span class='ocrx_word' id='word_1_839' title='bbox 862 2649 902 2676; x_wconf 87' lang='lat' dir='ltr'><strong>cis</strong></span> <span class='ocrx_word' id='word_1_840' title='bbox 916 2648 1097 2684; x_wconf 80' lang='lat' dir='ltr'><strong>eﬂingendum</strong></span> <span class='ocrx_word' id='word_1_841' title='bbox 1115 2658 1130 2677; x_wconf 91' lang='lat' dir='ltr'><strong>a</strong></span> <span class='ocrx_word' id='word_1_842' title='bbox 1144 2651 1251 2678; x_wconf 88' lang='lat' dir='ltr'><strong>vulture</strong></span> <span class='ocrx_word' id='word_1_843' title='bbox 1268 2650 1374 2678; x_wconf 88' lang='lat' dir='ltr'><strong>desumi</strong></span> <span class='ocrx_word' id='word_1_844' title='bbox 1389 2650 1477 2682; x_wconf 84' lang='lat' dir='ltr'><strong>debet,</strong></span> <span class='ocrx_word' id='word_1_845' title='bbox 1494 2650 1573 2685; x_wconf 88' lang='lat' dir='ltr'><strong>cujus</strong></span> <span class='ocrx_word' id='word_1_846' title='bbox 1596 2657 1646 2676; x_wconf 29' lang='lat' dir='ltr'><strong>nas</strong></span> 
     </span>
    </p>
   </div>
   <div class='ocr_carea' id='block_1_116' title="bbox 862 2695 1645 2732">
    <p class='ocr_par' dir='ltr' id='par_1_116' title="bbox 862 2695 1645 2732">
     <span class='ocr_line' id='line_1_116' title="bbox 862 2695 1645 2732; baseline 0.004 -11"><span class='ocrx_word' id='word_1_847' title='bbox 862 2699 923 2722; x_wconf 87' lang='lat' dir='ltr'><strong>tura</strong></span> <span class='ocrx_word' id='word_1_848' title='bbox 943 2695 1136 2731; x_wconf 75' lang='lat' dir='ltr'><strong>ingeniumque</strong></span> <span class='ocrx_word' id='word_1_849' title='bbox 1168 2698 1386 2732; x_wconf 76' lang='lat' dir='ltr'><strong>exprimendum,</strong></span> <span class='ocrx_word' id='word_1_850' title='bbox 1414 2705 1469 2725; x_wconf 93' lang='lat' dir='ltr'><strong>non</strong></span> <span class='ocrx_word' id='word_1_851' title='bbox 1485 2697 1520 2724; x_wconf 91' lang='lat' dir='ltr'><strong>ab</strong></span> <span class='ocrx_word' id='word_1_852' title='bbox 1538 2698 1645 2731; x_wconf 91' lang='lat' dir='ltr'><strong>avibus,</strong></span> 
     </span>
    </p>
   </div>
   <div class='ocr_carea' id='block_1_117' title="bbox 862 2742 1646 2779">
    <p class='ocr_par' dir='ltr' id='par_1_117' title="bbox 862 2742 1646 2779">
     <span class='ocr_line' id='line_1_117' title="bbox 862 2742 1646 2779; baseline 0.003 -11"><span class='ocrx_word' id='word_1_853' title='bbox 862 2749 978 2776; x_wconf 89' lang='lat' dir='ltr'><strong>quorum</strong></span> <span class='ocrx_word' id='word_1_854' title='bbox 994 2742 1116 2777; x_wconf 87' lang='lat' dir='ltr'><strong>plerique</strong></span> <span class='ocrx_word' id='word_1_855' title='bbox 1139 2743 1166 2770; x_wconf 92' lang='lat' dir='ltr'><strong>in</strong></span> <span class='ocrx_word' id='word_1_856' title='bbox 1181 2747 1307 2778; x_wconf 85' lang='lat' dir='ltr'><strong>parentes</strong></span> <span class='ocrx_word' id='word_1_857' title='bbox 1326 2744 1402 2779; x_wconf 89' lang='lat' dir='ltr'><strong>impii</strong></span> <span class='ocrx_word' id='word_1_858' title='bbox 1418 2751 1479 2772; x_wconf 89' lang='lat' dir='ltr'><strong>esse</strong></span> <span class='ocrx_word' id='word_1_859' title='bbox 1493 2743 1646 2779; x_wconf 86' lang='lat' dir='ltr'><strong>deprehen-</strong></span> 
     </span>
    </p>
   </div>
   <div class='ocr_carea' id='block_1_118' title="bbox 862 2787 1648 2825">
    <p class='ocr_par' dir='ltr' id='par_1_118' title="bbox 862 2787 1648 2825">
     <span class='ocr_line' id='line_1_118' title="bbox 862 2787 1648 2825; baseline 0.003 -11"><span class='ocrx_word' id='word_1_860' title='bbox 862 2787 974 2815; x_wconf 88' lang='lat' dir='ltr'><strong>duntur.</strong></span> <span class='ocrx_word' id='word_1_861' title='bbox 987 2788 1055 2815; x_wconf 89' lang='lat' dir='ltr'><strong>Cum</strong></span> <span class='ocrx_word' id='word_1_862' title='bbox 1068 2789 1140 2816; x_wconf 87' lang='lat' dir='ltr'><strong>enim</strong></span> <span class='ocrx_word' id='word_1_863' title='bbox 1151 2790 1313 2817; x_wconf 88' lang='lat' dir='ltr'><strong>sententiam</strong></span> <span class='ocrx_word' id='word_1_864' title='bbox 1329 2790 1399 2817; x_wconf 90' lang='lat' dir='ltr'><strong>hanc</strong></span> <span class='ocrx_word' id='word_1_865' title='bbox 1410 2798 1465 2825; x_wconf 76' lang='lat' dir='ltr'><strong>pra:</strong></span> <span class='ocrx_word' id='word_1_866' title='bbox 1477 2798 1506 2818; x_wconf 89' lang='lat' dir='ltr'><strong>se</strong></span> <span class='ocrx_word' id='word_1_867' title='bbox 1521 2790 1592 2818; x_wconf 79' lang='lat' dir='ltr'><strong>ferre</strong></span> <span class='ocrx_word' id='word_1_868' title='bbox 1600 2790 1648 2817; x_wconf 74' lang='lat' dir='ltr'><strong>de—</strong></span> 
     </span>
    </p>
   </div>
   <div class='ocr_carea' id='block_1_119' title="bbox 862 2835 1649 2873">
    <p class='ocr_par' dir='ltr' id='par_1_119' title="bbox 862 2835 1649 2873">
     <span class='ocr_line' id='line_1_119' title="bbox 862 2835 1649 2873; baseline 0.003 -11"><span class='ocrx_word' id='word_1_869' title='bbox 862 2835 935 2868; x_wconf 83' lang='lat' dir='ltr'><strong>heat,</strong></span> <span class='ocrx_word' id='word_1_870' title='bbox 947 2835 1021 2863; x_wconf 87' lang='lat' dir='ltr'><strong>vices</strong></span> <span class='ocrx_word' id='word_1_871' title='bbox 1033 2835 1158 2863; x_wconf 81' lang='lat' dir='ltr'><strong>videlicet</strong></span> <span class='ocrx_word' id='word_1_872' title='bbox 1171 2836 1295 2864; x_wconf 83' lang='lat' dir='ltr'><strong>beneﬁcii</strong></span> <span class='ocrx_word' id='word_1_873' title='bbox 1312 2837 1471 2873; x_wconf 86' lang='lat' dir='ltr'><strong>rependere,</strong></span> <span class='ocrx_word' id='word_1_874' title='bbox 1486 2837 1558 2873; x_wconf 88' lang='lat' dir='ltr'><strong>quod</strong></span> <span class='ocrx_word' id='word_1_875' title='bbox 1575 2837 1649 2864; x_wconf 87' lang='lat' dir='ltr'><strong>aliti-</strong></span> 
     </span>
    </p>
   </div>
   <div class='ocr_carea' id='block_1_120' title="bbox 1601 115 1651 144">
    <p class='ocr_par' dir='ltr' id='par_1_120' title="bbox 1601 115 1651 144">
     <span class='ocr_line' id='line_1_120' title="bbox 1601 115 1651 144; baseline -0.04 0"><span class='ocrx_word' id='word_1_876' title='bbox 1601 115 1651 144; x_wconf 70' lang='lat'><strong>909</strong></span> 
     </span>
    </p>
   </div>
   <div class='ocr_carea' id='block_1_121' title="bbox 1665 228 1680 241">
    <p class='ocr_par' dir='ltr' id='par_1_121' title="bbox 1665 228 1680 241">
     <span class='ocr_line' id='line_1_121' title="bbox 1665 228 1680 241; baseline 0 -2"><span class='ocrx_word' id='word_1_877' title='bbox 1665 228 1680 241; x_wconf 60' lang='grc' dir='ltr'><strong><em>Α</em></strong></span> 
     </span>
    </p>
   </div>
  </div>
