  <div class='ocr_page' id='page_1' title='image "/cluster/home/n/w/nwhite01/storage/ocr_20150623/18/njp.32101077772455/731.png"; bbox 0 0 1897 3073; ppageno 0'>
   <div class='ocr_carea' id='block_1_1' title="bbox 235 119 288 146">
    <p class='ocr_par' dir='ltr' id='par_1_1' title="bbox 235 119 288 146">
     <span class='ocr_line' id='line_1_1' title="bbox 235 119 288 146; baseline 0 0"><span class='ocrx_word' id='word_1_1' title='bbox 235 119 288 146; x_wconf 76' lang='lat'><strong>905</strong></span> 
     </span>
    </p>
   </div>
   <div class='ocr_carea' id='block_1_2' title="bbox 901 108 1853 141">
    <p class='ocr_par' dir='ltr' id='par_1_2' title="bbox 901 108 1853 141">
     <span class='ocr_line' id='line_1_2' title="bbox 901 108 1853 141; baseline -0.002 -4"><span class='ocrx_word' id='word_1_2' title='bbox 901 109 1022 138; x_wconf 71' lang='lat' dir='ltr'><strong>LhONIS</strong></span> <span class='ocrx_word' id='word_1_3' title='bbox 1041 108 1178 136; x_wconf 75' lang='lat' dir='ltr'><strong>ALLATll</strong></span> <span class='ocrx_word' id='word_1_4' title='bbox 1812 114 1853 141; x_wconf 59' lang='lat'><strong>90;</strong></span> 
     </span>
    </p>
   </div>
   <div class='ocr_carea' id='block_1_3' title="bbox 237 166 1852 204">
    <p class='ocr_par' dir='ltr' id='par_1_3' title="bbox 237 166 1852 204">
     <span class='ocr_line' id='line_1_3' title="bbox 237 166 1852 204; baseline -0.002 -4"><span class='ocrx_word' id='word_1_5' title='bbox 237 173 290 201; x_wconf 83' lang='lat' dir='ltr'><strong>bus</strong></span> <span class='ocrx_word' id='word_1_6' title='bbox 304 171 430 200; x_wconf 87' lang='lat' dir='ltr'><strong>omnibus</strong></span> <span class='ocrx_word' id='word_1_7' title='bbox 446 179 499 199; x_wconf 92' lang='lat' dir='ltr'><strong>non</strong></span> <span class='ocrx_word' id='word_1_8' title='bbox 519 170 658 203; x_wconf 85' lang='lat' dir='ltr'><strong>convenit,</strong></span> <span class='ocrx_word' id='word_1_9' title='bbox 685 177 740 197; x_wconf 88' lang='lat' dir='ltr'><strong>non</strong></span> <span class='ocrx_word' id='word_1_10' title='bbox 754 169 788 196; x_wconf 89' lang='lat' dir='ltr'><strong>ab</strong></span> <span class='ocrx_word' id='word_1_11' title='bbox 802 169 867 200; x_wconf 82' lang='lat' dir='ltr'><strong>illis,</strong></span> <span class='ocrx_word' id='word_1_12' title='bbox 886 167 932 195; x_wconf 79' lang='lat' dir='ltr'><strong>sed</strong></span> <span class='ocrx_word' id='word_1_13' title='bbox 948 170 1019 195; x_wconf 77' lang='lat' dir='ltr'><strong>a‘re.</strong></span> <span class='ocrx_word' id='word_1_14' title='bbox 1036 166 1057 193; x_wconf 78' lang='grc' dir='ltr'>Α</span> <span class='ocrx_word' id='word_1_15' title='bbox 1071 169 1192 198; x_wconf 78' lang='lat' dir='ltr'><strong>prelalus</strong></span> <span class='ocrx_word' id='word_1_16' title='bbox 1206 169 1248 193; x_wconf 81' lang='lat' dir='ltr'><strong>est</strong></span> <span class='ocrx_word' id='word_1_17' title='bbox 1262 166 1343 194; x_wconf 80' lang='lat' dir='ltr'><strong>verba</strong></span> <span class='ocrx_word' id='word_1_18' title='bbox 1359 166 1452 194; x_wconf 66' lang='lat' dir='ltr'><strong>Grazca</strong></span> <span class='ocrx_word' id='word_1_19' title='bbox 1466 167 1598 204; x_wconf 77' lang='lat' dir='ltr'><strong>Georgius</strong></span> <span class='ocrx_word' id='word_1_20' title='bbox 1612 168 1706 196; x_wconf 88' lang='lat' dir='ltr'><strong>Dousa</strong></span> <span class='ocrx_word' id='word_1_21' title='bbox 1726 167 1757 195; x_wconf 92' lang='lat' dir='ltr'><strong>in</strong></span> <span class='ocrx_word' id='word_1_22' title='bbox 1773 167 1852 196; x_wconf 83' lang='lat' dir='ltr'><strong>Geor-</strong></span> 
     </span>
    </p>
   </div>
   <div class='ocr_carea' id='block_1_4' title="bbox 236 210 1021 254">
    <p class='ocr_par' dir='ltr' id='par_1_4' title="bbox 236 210 1021 254">
     <span class='ocr_line' id='line_1_4' title="bbox 236 210 1021 254; baseline -0.011 -8"><span class='ocrx_word' id='word_1_23' title='bbox 236 220 272 246; x_wconf 89' lang='lat' dir='ltr'><strong>dc</strong></span> <span class='ocrx_word' id='word_1_24' title='bbox 284 217 373 254; x_wconf 81' lang='lat' dir='ltr'><strong>quaid</strong></span> <span class='ocrx_word' id='word_1_25' title='bbox 388 217 460 252; x_wconf 89' lang='lat' dir='ltr'><strong>quod</strong></span> <span class='ocrx_word' id='word_1_26' title='bbox 479 225 527 252; x_wconf 86' lang='lat' dir='ltr'><strong>per</strong></span> <span class='ocrx_word' id='word_1_27' title='bbox 542 224 642 244; x_wconf 86' lang='lat' dir='ltr'><strong>nomen</strong></span> <span class='ocrx_word' id='word_1_28' title='bbox 657 216 809 250; x_wconf 78' lang='lat' dir='ltr'><strong>explicatur</strong></span> <span class='ocrx_word' id='word_1_29' title='bbox 823 213 935 243; x_wconf 78' lang='lat' dir='ltr'><strong>dicitur.</strong></span> <span class='ocrx_word' id='word_1_30' title='bbox 953 217 978 238; x_wconf 87' lang='lat' dir='ltr'><strong>at</strong></span> <span class='ocrx_word' id='word_1_31' title='bbox 989 210 1021 237; x_wconf 88' lang='lat' dir='ltr'><strong>de</strong></span> 
     </span>
    </p>
   </div>
   <div class='ocr_carea' id='block_1_5' title="bbox 237 257 1021 296">
    <p class='ocr_par' dir='ltr' id='par_1_5' title="bbox 237 257 1021 296">
     <span class='ocr_line' id='line_1_5' title="bbox 237 257 1021 296; baseline -0.01 -5"><span class='ocrx_word' id='word_1_32' title='bbox 237 265 344 292; x_wconf 87' lang='lat' dir='ltr'><strong>vulture</strong></span> <span class='ocrx_word' id='word_1_33' title='bbox 364 264 390 291; x_wconf 91' lang='lat' dir='ltr'><strong>id</strong></span> <span class='ocrx_word' id='word_1_34' title='bbox 405 268 511 290; x_wconf 85' lang='lat' dir='ltr'><strong>tantum</strong></span> <span class='ocrx_word' id='word_1_35' title='bbox 537 270 632 290; x_wconf 83' lang='lat' dir='ltr'><strong>verum</strong></span> <span class='ocrx_word' id='word_1_36' title='bbox 650 269 727 295; x_wconf 83' lang='lat' dir='ltr'><strong>esse;</strong></span> <span class='ocrx_word' id='word_1_37' title='bbox 749 260 886 296; x_wconf 85' lang='lat' dir='ltr'><strong>quomodo</strong></span> <span class='ocrx_word' id='word_1_38' title='bbox 900 265 965 293; x_wconf 81' lang='lat' dir='ltr'><strong>ergo</strong></span> <span class='ocrx_word' id='word_1_39' title='bbox 979 257 1021 283; x_wconf 87' lang='grc' dir='ltr'><strong>ἀν-</strong></span> 
     </span>
    </p>
   </div>
   <div class='ocr_carea' id='block_1_6' title="bbox 236 306 1019 345">
    <p class='ocr_par' dir='ltr' id='par_1_6' title="bbox 236 306 1019 345">
     <span class='ocr_line' id='line_1_6' title="bbox 236 306 1019 345; baseline -0.013 -7"><span class='ocrx_word' id='word_1_40' title='bbox 236 312 356 338; x_wconf 84' lang='grc' dir='ltr'>τοιωνεϊν</span> <span class='ocrx_word' id='word_1_41' title='bbox 368 310 395 338; x_wconf 89' lang='lat' dir='ltr'><strong>id</strong></span> <span class='ocrx_word' id='word_1_42' title='bbox 410 311 568 345; x_wconf 79' lang='lat' dir='ltr'><strong>explicaret.</strong></span> <span class='ocrx_word' id='word_1_43' title='bbox 594 308 646 336; x_wconf 87' lang='lat' dir='ltr'><strong>Sed</strong></span> <span class='ocrx_word' id='word_1_44' title='bbox 672 308 812 343; x_wconf 83' lang='lat' dir='ltr'><strong>Scaligero</strong></span> <span class='ocrx_word' id='word_1_45' title='bbox 829 306 900 334; x_wconf 89' lang='lat' dir='ltr'><strong>sicut</strong></span> <span class='ocrx_word' id='word_1_46' title='bbox 922 308 1019 331; x_wconf 88' lang='lat' dir='ltr'><strong>sonant</strong></span> 
     </span>
    </p>
   </div>
   <div class='ocr_carea' id='block_1_7' title="bbox 237 349 1021 389">
    <p class='ocr_par' dir='ltr' id='par_1_7' title="bbox 237 349 1021 389">
     <span class='ocr_line' id='line_1_7' title="bbox 237 349 1021 389; baseline -0.011 -5"><span class='ocrx_word' id='word_1_47' title='bbox 237 357 340 388; x_wconf 87' lang='lat' dir='ltr'><strong>omnia,</strong></span> <span class='ocrx_word' id='word_1_48' title='bbox 354 357 391 383; x_wconf 90' lang='lat' dir='ltr'><strong>ita</strong></span> <span class='ocrx_word' id='word_1_49' title='bbox 408 356 513 389; x_wconf 87' lang='lat' dir='ltr'><strong>ethoc;</strong></span> <span class='ocrx_word' id='word_1_50' title='bbox 535 359 562 382; x_wconf 89' lang='lat' dir='ltr'><strong>et</strong></span> <span class='ocrx_word' id='word_1_51' title='bbox 579 354 701 389; x_wconf 75' lang='lat' dir='ltr'><strong>Scaliger</strong></span> <span class='ocrx_word' id='word_1_52' title='bbox 718 354 755 380; x_wconf 88' lang='lat' dir='ltr'><strong>ita</strong></span> <span class='ocrx_word' id='word_1_53' title='bbox 781 352 891 386; x_wconf 74' lang='lat' dir='ltr'><strong>eﬂingit.</strong></span> <span class='ocrx_word' id='word_1_54' title='bbox 911 349 1021 376; x_wconf 72' lang='lat' dir='ltr'><strong>Graecus</strong></span> 
     </span>
    </p>
   </div>
   <div class='ocr_carea' id='block_1_8' title="bbox 238 395 1021 437">
    <p class='ocr_par' dir='ltr' id='par_1_8' title="bbox 238 395 1021 437">
     <span class='ocr_line' id='line_1_8' title="bbox 238 395 1021 437; baseline -0.013 -8"><span class='ocrx_word' id='word_1_55' title='bbox 238 410 292 430; x_wconf 93' lang='lat' dir='ltr'><strong>non</strong></span> <span class='ocrx_word' id='word_1_56' title='bbox 308 403 384 434; x_wconf 87' lang='lat' dir='ltr'><strong>item.</strong></span> <span class='ocrx_word' id='word_1_57' title='bbox 395 401 453 437; x_wconf 85' lang='lat' dir='ltr'><strong>qui,</strong></span> <span class='ocrx_word' id='word_1_58' title='bbox 466 402 489 429; x_wconf 91' lang='lat' dir='ltr'><strong>si</strong></span> <span class='ocrx_word' id='word_1_59' title='bbox 502 408 518 427; x_wconf 93' lang='lat' dir='ltr'><strong>a</strong></span> <span class='ocrx_word' id='word_1_60' title='bbox 535 401 643 427; x_wconf 82' lang='lat' dir='ltr'><strong>vulture</strong></span> <span class='ocrx_word' id='word_1_61' title='bbox 655 399 681 426; x_wconf 87' lang='lat' dir='ltr'><strong>id</strong></span> <span class='ocrx_word' id='word_1_62' title='bbox 695 399 775 426; x_wconf 89' lang='lat' dir='ltr'><strong>vellet</strong></span> <span class='ocrx_word' id='word_1_63' title='bbox 788 398 914 428; x_wconf 80' lang='lat' dir='ltr'><strong>formare,</strong></span> <span class='ocrx_word' id='word_1_64' title='bbox 928 395 1021 430; x_wconf 80' lang='lat' dir='ltr'><strong>utique</strong></span> 
     </span>
    </p>
   </div>
   <div class='ocr_carea' id='block_1_9' title="bbox 238 444 1021 482">
    <p class='ocr_par' dir='ltr' id='par_1_9' title="bbox 238 444 1021 482">
     <span class='ocr_line' id='line_1_9' title="bbox 238 444 1021 482; baseline -0.008 -8"><span class='ocrx_word' id='word_1_65' title='bbox 238 455 289 476; x_wconf 85' lang='lat' dir='ltr'><strong>nec</strong></span> <span class='ocrx_word' id='word_1_66' title='bbox 303 449 454 482; x_wconf 76' lang='lat' dir='ltr'><strong>incongrue</strong></span> <span class='ocrx_word' id='word_1_67' title='bbox 476 447 581 474; x_wconf 84' lang='lat' dir='ltr'><strong>diceret</strong></span> <span class='ocrx_word' id='word_1_68' title='bbox 608 444 804 479; x_wconf 81' lang='grc' dir='ltr'>ἁντιγυπίζειν,</span> <span class='ocrx_word' id='word_1_69' title='bbox 836 448 865 470; x_wconf 91' lang='grc' dir='ltr'><strong>ιιι</strong></span> <span class='ocrx_word' id='word_1_70' title='bbox 895 447 1021 470; x_wconf 88' lang='lat' dir='ltr'><strong>naturam</strong></span> 
     </span>
    </p>
   </div>
   <div class='ocr_carea' id='block_1_10' title="bbox 238 490 1020 531">
    <p class='ocr_par' dir='ltr' id='par_1_10' title="bbox 238 490 1020 531">
     <span class='ocr_line' id='line_1_10' title="bbox 238 490 1020 531; baseline -0.01 -11"><span class='ocrx_word' id='word_1_71' title='bbox 238 493 309 521; x_wconf 86' lang='lat' dir='ltr'><strong>hanc</strong></span> <span class='ocrx_word' id='word_1_72' title='bbox 319 492 436 520; x_wconf 87' lang='lat' dir='ltr'><strong>vulturis</strong></span> <span class='ocrx_word' id='word_1_73' title='bbox 447 492 621 527; x_wconf 75' lang='lat' dir='ltr'><strong>exprimeret,</strong></span> <span class='ocrx_word' id='word_1_74' title='bbox 639 490 753 518; x_wconf 86' lang='lat' dir='ltr'><strong>sicutad</strong></span> <span class='ocrx_word' id='word_1_75' title='bbox 767 490 879 517; x_wconf 68' lang='lat' dir='ltr'><strong>ciconia:</strong></span> <span class='ocrx_word' id='word_1_76' title='bbox 895 492 1020 531; x_wconf 64' lang='lat' dir='ltr'><strong>naturam</strong></span> 
     </span>
    </p>
   </div>
   <div class='ocr_carea' id='block_1_11' title="bbox 237 529 1018 570">
    <p class='ocr_par' dir='ltr' id='par_1_11' title="bbox 237 529 1018 570">
     <span class='ocr_line' id='line_1_11' title="bbox 237 529 1018 570; baseline -0.009 -8"><span class='ocrx_word' id='word_1_77' title='bbox 237 535 442 570; x_wconf 80' lang='lat' dir='ltr'><strong>exprimendam</strong></span> <span class='ocrx_word' id='word_1_78' title='bbox 464 534 670 569; x_wconf 79' lang='grc' dir='ltr'>ἁντιπελαργεῖν</span> <span class='ocrx_word' id='word_1_79' title='bbox 690 533 822 560; x_wconf 90' lang='lat' dir='ltr'><strong>vocabulo</strong></span> <span class='ocrx_word' id='word_1_80' title='bbox 835 539 904 558; x_wconf 88' lang='lat' dir='ltr'><strong>usus</strong></span> <span class='ocrx_word' id='word_1_81' title='bbox 919 529 1018 556; x_wconf 75' lang='lat' dir='ltr'><strong>fuerat.</strong></span> 
     </span>
    </p>
   </div>
   <div class='ocr_carea' id='block_1_12' title="bbox 237 576 1018 614">
    <p class='ocr_par' dir='ltr' id='par_1_12' title="bbox 237 576 1018 614">
     <span class='ocr_line' id='line_1_12' title="bbox 237 576 1018 614; baseline -0.009 -7"><span class='ocrx_word' id='word_1_82' title='bbox 237 580 278 607; x_wconf 84' lang='lat' dir='ltr'><strong>En</strong></span> <span class='ocrx_word' id='word_1_83' title='bbox 293 580 431 607; x_wconf 60' lang='lat' dir='ltr'><strong>Graeculos</strong></span> <span class='ocrx_word' id='word_1_84' title='bbox 440 579 629 614; x_wconf 78' lang='lat' dir='ltr'><strong>sciolos.quos</strong></span> <span class='ocrx_word' id='word_1_85' title='bbox 641 583 670 606; x_wconf 95' lang='lat' dir='ltr'><strong>tu</strong></span> <span class='ocrx_word' id='word_1_86' title='bbox 685 578 754 605; x_wconf 88' lang='lat' dir='ltr'><strong>male</strong></span> <span class='ocrx_word' id='word_1_87' title='bbox 771 582 866 605; x_wconf 90' lang='lat' dir='ltr'><strong>contra</strong></span> <span class='ocrx_word' id='word_1_88' title='bbox 884 576 925 602; x_wconf 72' lang='lat' dir='ltr'><strong>l‘as</strong></span> <span class='ocrx_word' id='word_1_89' title='bbox 935 581 1018 602; x_wconf 90' lang='lat' dir='ltr'><strong>omne</strong></span> 
     </span>
    </p>
   </div>
   <div class='ocr_carea' id='block_1_13' title="bbox 238 625 1019 661">
    <p class='ocr_par' dir='ltr' id='par_1_13' title="bbox 238 625 1019 661">
     <span class='ocr_line' id='line_1_13' title="bbox 238 625 1019 661; baseline -0.008 -8"><span class='ocrx_word' id='word_1_90' title='bbox 238 626 342 654; x_wconf 88' lang='lat' dir='ltr'><strong>laceras</strong></span> <span class='ocrx_word' id='word_1_91' title='bbox 357 626 477 661; x_wconf 88' lang='lat' dir='ltr'><strong>iniquus.</strong></span> <span class='ocrx_word' id='word_1_92' title='bbox 505 629 566 652; x_wconf 87' lang='lat' dir='ltr'><strong>utut</strong></span> <span class='ocrx_word' id='word_1_93' title='bbox 577 628 651 656; x_wconf 86' lang='lat' dir='ltr'><strong>sunt,</strong></span> <span class='ocrx_word' id='word_1_94' title='bbox 665 628 726 651; x_wconf 90' lang='lat' dir='ltr'><strong>tuas</strong></span> <span class='ocrx_word' id='word_1_95' title='bbox 737 628 827 650; x_wconf 89' lang='lat' dir='ltr'><strong>tamen</strong></span> <span class='ocrx_word' id='word_1_96' title='bbox 838 625 1019 658; x_wconf 74' lang='lat' dir='ltr'><strong>cognoscunt,</strong></span> 
     </span>
    </p>
   </div>
   <div class='ocr_carea' id='block_1_14' title="bbox 236 667 1018 707">
    <p class='ocr_par' dir='ltr' id='par_1_14' title="bbox 236 667 1018 707">
     <span class='ocr_line' id='line_1_14' title="bbox 236 667 1018 707; baseline -0.01 -6"><span class='ocrx_word' id='word_1_97' title='bbox 236 677 266 701; x_wconf 88' lang='lat' dir='ltr'><strong>et</strong></span> <span class='ocrx_word' id='word_1_98' title='bbox 292 673 427 704; x_wconf 85' lang='lat' dir='ltr'><strong>inscitias,</strong></span> <span class='ocrx_word' id='word_1_99' title='bbox 443 677 470 700; x_wconf 87' lang='lat' dir='ltr'><strong>et</strong></span> <span class='ocrx_word' id='word_1_100' title='bbox 494 675 678 707; x_wconf 78' lang='lat' dir='ltr'><strong>nugamenta:</strong></span> <span class='ocrx_word' id='word_1_101' title='bbox 693 671 755 698; x_wconf 89' lang='lat' dir='ltr'><strong>aliis</strong></span> <span class='ocrx_word' id='word_1_102' title='bbox 772 670 876 696; x_wconf 83' lang='lat' dir='ltr'><strong>fumum</strong></span> <span class='ocrx_word' id='word_1_103' title='bbox 891 667 1018 700; x_wconf 75' lang='lat' dir='ltr'><strong>vendita;</strong></span> 
     </span>
    </p>
   </div>
   <div class='ocr_carea' id='block_1_15' title="bbox 236 718 539 754">
    <p class='ocr_par' dir='ltr' id='par_1_15' title="bbox 236 718 539 754">
     <span class='ocr_line' id='line_1_15' title="bbox 236 718 539 754; baseline -0.013 -7"><span class='ocrx_word' id='word_1_104' title='bbox 236 719 276 747; x_wconf 85' lang='lat' dir='ltr'><strong>illi</strong></span> <span class='ocrx_word' id='word_1_105' title='bbox 289 719 375 746; x_wconf 92' lang='lat' dir='ltr'><strong>lucem</strong></span> <span class='ocrx_word' id='word_1_106' title='bbox 390 718 539 754; x_wconf 80' lang='lat' dir='ltr'><strong>possident.</strong></span> 
     </span>
    </p>
   </div>
   <div class='ocr_carea' id='block_1_16' title="bbox 273 762 1020 800">
    <p class='ocr_par' dir='ltr' id='par_1_16' title="bbox 273 762 1020 800">
     <span class='ocr_line' id='line_1_16' title="bbox 273 762 1020 800; baseline -0.004 -7"><span class='ocrx_word' id='word_1_107' title='bbox 273 764 356 800; x_wconf 68' lang='lat' dir='ltr'><strong>Egre</strong></span> <span class='ocrx_word' id='word_1_108' title='bbox 373 765 425 792; x_wconf 82' lang='lat' dir='ltr'><strong>fert</strong></span> <span class='ocrx_word' id='word_1_109' title='bbox 440 765 560 791; x_wconf 90' lang='lat' dir='ltr'><strong>calamus</strong></span> <span class='ocrx_word' id='word_1_110' title='bbox 581 763 748 790; x_wconf 87' lang='lat' dir='ltr'><strong>ciconiarum</strong></span> <span class='ocrx_word' id='word_1_111' title='bbox 763 762 791 789; x_wconf 92' lang='lat' dir='ltr'><strong>in</strong></span> <span class='ocrx_word' id='word_1_112' title='bbox 812 762 957 798; x_wconf 77' lang='lat' dir='ltr'><strong>Byzantios</strong></span> <span class='ocrx_word' id='word_1_113' title='bbox 973 763 1020 790; x_wconf 87' lang='lat' dir='ltr'><strong>be-</strong></span> 
     </span>
    </p>
   </div>
   <div class='ocr_carea' id='block_1_17' title="bbox 237 809 1016 843">
    <p class='ocr_par' dir='ltr' id='par_1_17' title="bbox 237 809 1016 843">
     <span class='ocr_line' id='line_1_17' title="bbox 237 809 1016 843; baseline -0.003 -5"><span class='ocrx_word' id='word_1_114' title='bbox 237 811 328 838; x_wconf 81' lang='lat' dir='ltr'><strong>neﬁcii</strong></span> <span class='ocrx_word' id='word_1_115' title='bbox 349 818 402 838; x_wconf 92' lang='lat' dir='ltr'><strong>non</strong></span> <span class='ocrx_word' id='word_1_116' title='bbox 429 809 611 839; x_wconf 89' lang='lat' dir='ltr'><strong>comminisci.</strong></span> <span class='ocrx_word' id='word_1_117' title='bbox 630 816 744 843; x_wconf 90' lang='lat' dir='ltr'><strong>quarum</strong></span> <span class='ocrx_word' id='word_1_118' title='bbox 769 816 819 843; x_wconf 90' lang='lat' dir='ltr'><strong>ope</strong></span> <span class='ocrx_word' id='word_1_119' title='bbox 843 809 939 836; x_wconf 89' lang='lat' dir='ltr'><strong>civitas</strong></span> <span class='ocrx_word' id='word_1_120' title='bbox 971 809 1016 836; x_wconf 88' lang='lat' dir='ltr'><strong>illa</strong></span> 
     </span>
    </p>
   </div>
   <div class='ocr_carea' id='block_1_18' title="bbox 237 853 1021 890">
    <p class='ocr_par' dir='ltr' id='par_1_18' title="bbox 237 853 1021 890">
     <span class='ocr_line' id='line_1_18' title="bbox 237 853 1021 890; baseline 0 -8"><span class='ocrx_word' id='word_1_121' title='bbox 237 863 336 884; x_wconf 79' lang='lat' dir='ltr'><strong>noxam</strong></span> <span class='ocrx_word' id='word_1_122' title='bbox 353 858 509 890; x_wconf 83' lang='lat' dir='ltr'><strong>serpentum</strong></span> <span class='ocrx_word' id='word_1_123' title='bbox 527 853 641 889; x_wconf 83' lang='lat' dir='ltr'><strong>depulit.</strong></span> <span class='ocrx_word' id='word_1_124' title='bbox 665 853 758 881; x_wconf 64' lang='lat' dir='ltr'><strong>Dinazo</strong></span> <span class='ocrx_word' id='word_1_125' title='bbox 776 862 893 889; x_wconf 84' lang='lat' dir='ltr'><strong>namque</strong></span> <span class='ocrx_word' id='word_1_126' title='bbox 917 854 1021 890; x_wconf 79' lang='lat' dir='ltr'><strong>Byzan-</strong></span> 
     </span>
    </p>
   </div>
   <div class='ocr_carea' id='block_1_19' title="bbox 237 899 1020 935">
    <p class='ocr_par' dir='ltr' id='par_1_19' title="bbox 237 899 1020 935">
     <span class='ocr_line' id='line_1_19' title="bbox 237 899 1020 935; baseline 0 -7"><span class='ocrx_word' id='word_1_127' title='bbox 237 902 337 929; x_wconf 88' lang='lat' dir='ltr'><strong>tiorum</strong></span> <span class='ocrx_word' id='word_1_128' title='bbox 354 901 423 928; x_wconf 85' lang='lat' dir='ltr'><strong>duce</strong></span> <span class='ocrx_word' id='word_1_129' title='bbox 442 900 551 935; x_wconf 89' lang='lat' dir='ltr'><strong>plurimi</strong></span> <span class='ocrx_word' id='word_1_130' title='bbox 567 901 700 927; x_wconf 86' lang='lat' dir='ltr'><strong>dracones</strong></span> <span class='ocrx_word' id='word_1_131' title='bbox 714 899 786 926; x_wconf 83' lang='lat' dir='ltr'><strong>illam</strong></span> <span class='ocrx_word' id='word_1_132' title='bbox 803 900 976 932; x_wconf 83' lang='lat' dir='ltr'><strong>infestabant.</strong></span> <span class='ocrx_word' id='word_1_133' title='bbox 994 905 1020 928; x_wconf 88' lang='lat' dir='ltr'><strong>et</strong></span> 
     </span>
    </p>
   </div>
   <div class='ocr_carea' id='block_1_20' title="bbox 236 945 1020 984">
    <p class='ocr_par' dir='ltr' id='par_1_20' title="bbox 236 945 1020 984">
     <span class='ocr_line' id='line_1_20' title="bbox 236 945 1020 984; baseline -0.003 -9"><span class='ocrx_word' id='word_1_134' title='bbox 236 947 383 984; x_wconf 86' lang='lat' dir='ltr'><strong>perniciem</strong></span> <span class='ocrx_word' id='word_1_135' title='bbox 398 947 504 973; x_wconf 86' lang='lat' dir='ltr'><strong>civibus</strong></span> <span class='ocrx_word' id='word_1_136' title='bbox 518 945 679 978; x_wconf 81' lang='lat' dir='ltr'><strong>all‘erebant;</strong></span> <span class='ocrx_word' id='word_1_137' title='bbox 693 953 740 973; x_wconf 87' lang='lat' dir='ltr'><strong>eos</strong></span> <span class='ocrx_word' id='word_1_138' title='bbox 756 946 928 973; x_wconf 88' lang='lat' dir='ltr'><strong>inductarum</strong></span> <span class='ocrx_word' id='word_1_139' title='bbox 946 946 1020 973; x_wconf 87' lang='lat' dir='ltr'><strong>cico-</strong></span> 
     </span>
    </p>
   </div>
   <div class='ocr_carea' id='block_1_21' title="bbox 236 989 1020 1026">
    <p class='ocr_par' dir='ltr' id='par_1_21' title="bbox 236 989 1020 1026">
     <span class='ocr_line' id='line_1_21' title="bbox 236 989 1020 1026; baseline -0.004 -7"><span class='ocrx_word' id='word_1_140' title='bbox 236 992 343 1019; x_wconf 89' lang='lat' dir='ltr'><strong>niarum</strong></span> <span class='ocrx_word' id='word_1_141' title='bbox 360 998 410 1026; x_wconf 86' lang='lat' dir='ltr'><strong>ope</strong></span> <span class='ocrx_word' id='word_1_142' title='bbox 423 990 602 1018; x_wconf 88' lang='lat' dir='ltr'><strong>sustulerunt.</strong></span> <span class='ocrx_word' id='word_1_143' title='bbox 615 989 711 1016; x_wconf 82' lang='lat' dir='ltr'><strong>Postea</strong></span> <span class='ocrx_word' id='word_1_144' title='bbox 725 997 786 1016; x_wconf 88' lang='lat' dir='ltr'><strong>cum</strong></span> <span class='ocrx_word' id='word_1_145' title='bbox 803 989 915 1015; x_wconf 59' lang='lat' dir='ltr'><strong>ciconiae</strong></span> <span class='ocrx_word' id='word_1_146' title='bbox 931 989 1020 1016; x_wconf 73' lang='lat' dir='ltr'><strong>noxia:</strong></span> 
     </span>
    </p>
   </div>
   <div class='ocr_carea' id='block_1_22' title="bbox 235 1033 1018 1069">
    <p class='ocr_par' dir='ltr' id='par_1_22' title="bbox 235 1033 1018 1069">
     <span class='ocr_line' id='line_1_22' title="bbox 235 1033 1018 1069; baseline -0.005 -5"><span class='ocrx_word' id='word_1_147' title='bbox 235 1040 327 1064; x_wconf 87' lang='lat' dir='ltr'><strong>essent</strong></span> <span class='ocrx_word' id='word_1_148' title='bbox 341 1035 446 1063; x_wconf 84' lang='lat' dir='ltr'><strong>civibus</strong></span> <span class='ocrx_word' id='word_1_149' title='bbox 474 1034 621 1069; x_wconf 87' lang='lat' dir='ltr'><strong>multisque</strong></span> <span class='ocrx_word' id='word_1_150' title='bbox 637 1038 752 1061; x_wconf 86' lang='lat' dir='ltr'><strong>mortem</strong></span> <span class='ocrx_word' id='word_1_151' title='bbox 778 1033 918 1066; x_wconf 75' lang='lat' dir='ltr'><strong>afferrent,</strong></span> <span class='ocrx_word' id='word_1_152' title='bbox 946 1034 1018 1069; x_wconf 87' lang='lat' dir='ltr'><strong>quod</strong></span> 
     </span>
    </p>
   </div>
   <div class='ocr_carea' id='block_1_23' title="bbox 234 1079 1021 1118">
    <p class='ocr_par' dir='ltr' id='par_1_23' title="bbox 234 1079 1021 1118">
     <span class='ocr_line' id='line_1_23' title="bbox 234 1079 1021 1118; baseline -0.005 -8"><span class='ocrx_word' id='word_1_153' title='bbox 234 1085 374 1118; x_wconf 75' lang='lat' dir='ltr'><strong>serpentes</strong></span> <span class='ocrx_word' id='word_1_154' title='bbox 392 1082 420 1109; x_wconf 93' lang='lat' dir='ltr'><strong>in</strong></span> <span class='ocrx_word' id='word_1_155' title='bbox 433 1086 529 1116; x_wconf 89' lang='lat' dir='ltr'><strong>puteos</strong></span> <span class='ocrx_word' id='word_1_156' title='bbox 541 1081 696 1114; x_wconf 80' lang='lat' dir='ltr'><strong>iujicerent,</strong></span> <span class='ocrx_word' id='word_1_157' title='bbox 705 1080 799 1114; x_wconf 87' lang='lat' dir='ltr'><strong>sicque</strong></span> <span class='ocrx_word' id='word_1_158' title='bbox 814 1087 899 1114; x_wconf 87' lang='lat' dir='ltr'><strong>aquas</strong></span> <span class='ocrx_word' id='word_1_159' title='bbox 911 1079 1021 1107; x_wconf 81' lang='lat' dir='ltr'><strong>infesta-</strong></span> 
     </span>
    </p>
   </div>
   <div class='ocr_carea' id='block_1_24' title="bbox 234 1125 1017 1162">
    <p class='ocr_par' dir='ltr' id='par_1_24' title="bbox 234 1125 1017 1162">
     <span class='ocr_line' id='line_1_24' title="bbox 234 1125 1017 1162; baseline -0.004 -6"><span class='ocrx_word' id='word_1_160' title='bbox 234 1132 306 1158; x_wconf 86' lang='lat' dir='ltr'><strong>rent.</strong></span> <span class='ocrx_word' id='word_1_161' title='bbox 331 1128 372 1156; x_wconf 77' lang='lat' dir='ltr'><strong>vel</strong></span> <span class='ocrx_word' id='word_1_162' title='bbox 384 1126 457 1162; x_wconf 91' lang='lat' dir='ltr'><strong>quod</strong></span> <span class='ocrx_word' id='word_1_163' title='bbox 473 1127 499 1154; x_wconf 89' lang='lat' dir='ltr'><strong>in</strong></span> <span class='ocrx_word' id='word_1_164' title='bbox 515 1127 589 1154; x_wconf 88' lang='lat' dir='ltr'><strong>cives</strong></span> <span class='ocrx_word' id='word_1_165' title='bbox 603 1126 629 1152; x_wconf 94' lang='lat' dir='ltr'><strong>in</strong></span> <span class='ocrx_word' id='word_1_166' title='bbox 643 1125 732 1152; x_wconf 87' lang='lat' dir='ltr'><strong>triviis</strong></span> <span class='ocrx_word' id='word_1_167' title='bbox 748 1125 886 1160; x_wconf 86' lang='lat' dir='ltr'><strong>insperato</strong></span> <span class='ocrx_word' id='word_1_168' title='bbox 900 1125 1017 1160; x_wconf 87' lang='lat' dir='ltr'><strong>projice-</strong></span> 
     </span>
    </p>
   </div>
   <div class='ocr_carea' id='block_1_25' title="bbox 233 1171 1018 1209">
    <p class='ocr_par' dir='ltr' id='par_1_25' title="bbox 233 1171 1018 1209">
     <span class='ocr_line' id='line_1_25' title="bbox 233 1171 1018 1209; baseline -0.004 -8"><span class='ocrx_word' id='word_1_169' title='bbox 233 1178 305 1206; x_wconf 82' lang='lat' dir='ltr'><strong>rent,</strong></span> <span class='ocrx_word' id='word_1_170' title='bbox 321 1173 422 1209; x_wconf 88' lang='lat' dir='ltr'><strong>populo</strong></span> <span class='ocrx_word' id='word_1_171' title='bbox 435 1177 507 1200; x_wconf 89' lang='lat' dir='ltr'><strong>metu</strong></span> <span class='ocrx_word' id='word_1_172' title='bbox 517 1172 610 1202; x_wconf 77' lang='lat' dir='ltr'><strong>anxio.</strong></span> <span class='ocrx_word' id='word_1_173' title='bbox 621 1175 648 1198; x_wconf 84' lang='lat' dir='ltr'><strong>et</strong></span> <span class='ocrx_word' id='word_1_174' title='bbox 663 1171 772 1198; x_wconf 90' lang='lat' dir='ltr'><strong>concilii</strong></span> <span class='ocrx_word' id='word_1_175' title='bbox 791 1171 864 1206; x_wconf 89' lang='lat' dir='ltr'><strong>inopi</strong></span> <span class='ocrx_word' id='word_1_176' title='bbox 881 1179 959 1206; x_wconf 89' lang='lat' dir='ltr'><strong>opetn</strong></span> <span class='ocrx_word' id='word_1_177' title='bbox 973 1176 1018 1198; x_wconf 86' lang='lat' dir='ltr'><strong>tu-</strong></span> 
     </span>
    </p>
   </div>
   <div class='ocr_carea' id='block_1_26' title="bbox 234 1216 1018 1255">
    <p class='ocr_par' dir='ltr' id='par_1_26' title="bbox 234 1216 1018 1255">
     <span class='ocr_line' id='line_1_26' title="bbox 234 1216 1018 1255; baseline -0.005 -8"><span class='ocrx_word' id='word_1_178' title='bbox 234 1220 265 1247; x_wconf 92' lang='lat' dir='ltr'><strong>lit</strong></span> <span class='ocrx_word' id='word_1_179' title='bbox 278 1219 404 1255; x_wconf 83' lang='lat' dir='ltr'><strong>Tyaneus</strong></span> <span class='ocrx_word' id='word_1_180' title='bbox 417 1218 577 1253; x_wconf 82' lang='lat' dir='ltr'><strong>Apollonius</strong></span> <span class='ocrx_word' id='word_1_181' title='bbox 592 1217 679 1244; x_wconf 83' lang='lat' dir='ltr'><strong>tribus</strong></span> <span class='ocrx_word' id='word_1_182' title='bbox 693 1216 807 1244; x_wconf 84' lang='lat' dir='ltr'><strong>ciconiis</strong></span> <span class='ocrx_word' id='word_1_183' title='bbox 817 1224 832 1243; x_wconf 90' lang='lat' dir='ltr'><strong>e</strong></span> <span class='ocrx_word' id='word_1_184' title='bbox 844 1216 932 1250; x_wconf 85' lang='lat' dir='ltr'><strong>lapide</strong></span> <span class='ocrx_word' id='word_1_185' title='bbox 947 1216 1018 1243; x_wconf 87' lang='lat' dir='ltr'><strong>inter</strong></span> 
     </span>
    </p>
   </div>
   <div class='ocr_carea' id='block_1_27' title="bbox 233 1262 1018 1297">
    <p class='ocr_par' dir='ltr' id='par_1_27' title="bbox 233 1262 1018 1297">
     <span class='ocr_line' id='line_1_27' title="bbox 233 1262 1018 1297; baseline -0.006 -4"><span class='ocrx_word' id='word_1_186' title='bbox 233 1273 264 1293; x_wconf 84' lang='lat' dir='ltr'><strong>se</strong></span> <span class='ocrx_word' id='word_1_187' title='bbox 278 1264 403 1292; x_wconf 83' lang='lat' dir='ltr'><strong>obversis</strong></span> <span class='ocrx_word' id='word_1_188' title='bbox 427 1263 537 1295; x_wconf 84' lang='lat' dir='ltr'><strong>erectis,</strong></span> <span class='ocrx_word' id='word_1_189' title='bbox 554 1270 614 1297; x_wconf 64' lang='lat' dir='ltr'><strong>qum</strong></span> <span class='ocrx_word' id='word_1_190' title='bbox 633 1262 761 1297; x_wconf 87' lang='lat' dir='ltr'><strong>deinceps</strong></span> <span class='ocrx_word' id='word_1_191' title='bbox 779 1262 840 1289; x_wconf 90' lang='lat' dir='ltr'><strong>aliis</strong></span> <span class='ocrx_word' id='word_1_192' title='bbox 855 1262 968 1289; x_wconf 88' lang='lat' dir='ltr'><strong>ciconiis</strong></span> <span class='ocrx_word' id='word_1_193' title='bbox 984 1269 1018 1289; x_wconf 91' lang='lat' dir='ltr'><strong>ne</strong></span> 
     </span>
    </p>
   </div>
   <div class='ocr_carea' id='block_1_28' title="bbox 234 1307 1017 1342">
    <p class='ocr_par' dir='ltr' id='par_1_28' title="bbox 234 1307 1017 1342">
     <span class='ocr_line' id='line_1_28' title="bbox 234 1307 1017 1342; baseline -0.005 -4"><span class='ocrx_word' id='word_1_194' title='bbox 234 1310 330 1338; x_wconf 91' lang='lat' dir='ltr'><strong>urbem</strong></span> <span class='ocrx_word' id='word_1_195' title='bbox 346 1309 527 1336; x_wconf 86' lang='lat' dir='ltr'><strong>ascenderent</strong></span> <span class='ocrx_word' id='word_1_196' title='bbox 542 1311 621 1335; x_wconf 90' lang='lat' dir='ltr'><strong>erant</strong></span> <span class='ocrx_word' id='word_1_197' title='bbox 641 1307 846 1342; x_wconf 85' lang='lat' dir='ltr'><strong>impedimento.</strong></span> <span class='ocrx_word' id='word_1_198' title='bbox 873 1307 961 1342; x_wconf 84' lang='lat' dir='ltr'><strong>Hujus</strong></span> <span class='ocrx_word' id='word_1_199' title='bbox 975 1308 1017 1335; x_wconf 80' lang='lat' dir='ltr'><strong>lii-</strong></span> 
     </span>
    </p>
   </div>
   <div class='ocr_carea' id='block_1_29' title="bbox 234 1352 1017 1388">
    <p class='ocr_par' dir='ltr' id='par_1_29' title="bbox 234 1352 1017 1388">
     <span class='ocr_line' id='line_1_29' title="bbox 234 1352 1017 1388; baseline -0.004 -5"><span class='ocrx_word' id='word_1_200' title='bbox 234 1356 326 1384; x_wconf 69' lang='lat' dir='ltr'><strong>storia:</strong></span> <span class='ocrx_word' id='word_1_201' title='bbox 341 1359 436 1382; x_wconf 82' lang='lat' dir='ltr'><strong>auctor</strong></span> <span class='ocrx_word' id='word_1_202' title='bbox 452 1358 493 1382; x_wconf 83' lang='lat' dir='ltr'><strong>est</strong></span> <span class='ocrx_word' id='word_1_203' title='bbox 507 1353 657 1388; x_wconf 74' lang='lat' dir='ltr'><strong>llesycbius</strong></span> <span class='ocrx_word' id='word_1_204' title='bbox 673 1352 795 1380; x_wconf 85' lang='lat' dir='ltr'><strong>Milesius</strong></span> <span class='ocrx_word' id='word_1_205' title='bbox 811 1353 901 1381; x_wconf 92' lang='lat' dir='ltr'><strong>libello</strong></span> <span class='ocrx_word' id='word_1_206' title='bbox 918 1353 954 1380; x_wconf 89' lang='lat' dir='ltr'><strong>De</strong></span> <span class='ocrx_word' id='word_1_207' title='bbox 976 1362 1017 1380; x_wconf 86' lang='lat' dir='ltr'><strong>re-</strong></span> 
     </span>
    </p>
   </div>
   <div class='ocr_carea' id='block_1_30' title="bbox 234 1398 1014 1435">
    <p class='ocr_par' dir='ltr' id='par_1_30' title="bbox 234 1398 1014 1435">
     <span class='ocr_line' id='line_1_30' title="bbox 234 1398 1014 1435; baseline -0.003 -7"><span class='ocrx_word' id='word_1_208' title='bbox 234 1402 282 1429; x_wconf 75' lang='lat' dir='ltr'><strong>bus</strong></span> <span class='ocrx_word' id='word_1_209' title='bbox 293 1401 388 1435; x_wconf 76' lang='lat' dir='ltr'><strong>patriis</strong></span> <span class='ocrx_word' id='word_1_210' title='bbox 410 1399 722 1433; x_wconf 76' lang='lat' dir='ltr'><strong>Constantinopolitanis.</strong></span> <span class='ocrx_word' id='word_1_211' title='bbox 737 1398 824 1426; x_wconf 81' lang='lat' dir='ltr'><strong>Verba</strong></span> <span class='ocrx_word' id='word_1_212' title='bbox 849 1399 909 1434; x_wconf 82' lang='lat' dir='ltr'><strong>ejus</strong></span> <span class='ocrx_word' id='word_1_213' title='bbox 925 1405 990 1426; x_wconf 91' lang='lat' dir='ltr'><strong>sunt</strong></span> <span class='ocrx_word' id='word_1_214' title='bbox 1007 1408 1014 1427; x_wconf 94' lang='lat'><strong>:</strong></span> 
     </span>
    </p>
   </div>
   <div class='ocr_carea' id='block_1_31' title="bbox 233 1443 1015 1482">
    <p class='ocr_par' dir='ltr' id='par_1_31' title="bbox 233 1443 1015 1482">
     <span class='ocr_line' id='line_1_31' title="bbox 233 1443 1015 1482; baseline -0.005 -8"><span class='ocrx_word' id='word_1_215' title='bbox 233 1446 339 1482; x_wconf 81' lang='grc' dir='ltr'>Μικρὸν</span> <span class='ocrx_word' id='word_1_216' title='bbox 354 1445 403 1481; x_wconf 82' lang='grc' dir='ltr'>μὲν</span> <span class='ocrx_word' id='word_1_217' title='bbox 425 1445 538 1480; x_wconf 76' lang='grc' dir='ltr'>ὕστερον</span> <span class='ocrx_word' id='word_1_218' title='bbox 559 1444 664 1475; x_wconf 72' lang='grc' dir='ltr'>διαϐὰς.</span> <span class='ocrx_word' id='word_1_219' title='bbox 683 1443 792 1471; x_wconf 78' lang='lat' dir='ltr'><strong>Dinaeus</strong></span> <span class='ocrx_word' id='word_1_220' title='bbox 810 1451 917 1479; x_wconf 83' lang='lat' dir='ltr'><strong>nempe.</strong></span> <span class='ocrx_word' id='word_1_221' title='bbox 932 1444 960 1470; x_wconf 80' lang='grc' dir='ltr'><strong>ἐν</strong></span> <span class='ocrx_word' id='word_1_222' title='bbox 981 1445 1015 1479; x_wconf 83' lang='grc' dir='ltr'>τῇ</span> 
     </span>
    </p>
   </div>
   <div class='ocr_carea' id='block_1_32' title="bbox 234 1489 1052 1535">
    <p class='ocr_par' dir='ltr' id='par_1_32' title="bbox 234 1489 1052 1535">
     <span class='ocr_line' id='line_1_32' title="bbox 234 1489 1052 1535; baseline -0.004 -17"><span class='ocrx_word' id='word_1_223' title='bbox 234 1491 322 1523; x_wconf 87' lang='grc' dir='ltr'>πόλει,</span> <span class='ocrx_word' id='word_1_224' title='bbox 334 1491 381 1518; x_wconf 69' lang='grc' dir='ltr'>καὶ</span> <span class='ocrx_word' id='word_1_225' title='bbox 392 1492 454 1522; x_wconf 78' lang='grc' dir='ltr'>τοὺς</span> <span class='ocrx_word' id='word_1_226' title='bbox 464 1489 618 1525; x_wconf 75' lang='grc' dir='ltr'>βαρϐάρους</span> <span class='ocrx_word' id='word_1_227' title='bbox 631 1489 821 1524; x_wconf 74' lang='grc' dir='ltr'>ἀπωσάμενος,</span> <span class='ocrx_word' id='word_1_228' title='bbox 831 1489 910 1521; x_wconf 80' lang='grc' dir='ltr'>αὐτὸς</span> <span class='ocrx_word' id='word_1_229' title='bbox 918 1490 1016 1525; x_wconf 73' lang='grc' dir='ltr'>ὲστρα-</span> <span class='ocrx_word' id='word_1_230' title='bbox 1031 1507 1052 1535; x_wconf 75' lang='lat' dir='ltr'><strong>c</strong></span> 
     </span>
    </p>
   </div>
   <div class='ocr_carea' id='block_1_33' title="bbox 233 1534 1018 1573">
    <p class='ocr_par' dir='ltr' id='par_1_33' title="bbox 233 1534 1018 1573">
     <span class='ocr_line' id='line_1_33' title="bbox 233 1534 1018 1573; baseline -0.003 -9"><span class='ocrx_word' id='word_1_231' title='bbox 233 1538 337 1573; x_wconf 87' lang='grc' dir='ltr'>τήγησε</span> <span class='ocrx_word' id='word_1_232' title='bbox 351 1536 399 1564; x_wconf 80' lang='grc' dir='ltr'>τοῦ</span> <span class='ocrx_word' id='word_1_233' title='bbox 415 1536 501 1572; x_wconf 79' lang='grc' dir='ltr'>δήμου</span> <span class='ocrx_word' id='word_1_234' title='bbox 517 1535 570 1562; x_wconf 82' lang='grc' dir='ltr'><strong>τῶν</strong></span> <span class='ocrx_word' id='word_1_235' title='bbox 589 1535 750 1567; x_wconf 79' lang='grc' dir='ltr'>Βυζαντίων.</span> <span class='ocrx_word' id='word_1_236' title='bbox 770 1534 838 1561; x_wconf 78' lang='grc' dir='ltr'><strong>Καθ’</strong></span> <span class='ocrx_word' id='word_1_237' title='bbox 852 1535 898 1566; x_wconf 82' lang='grc' dir='ltr'><strong>οὒς</strong></span> <span class='ocrx_word' id='word_1_238' title='bbox 911 1535 943 1570; x_wconf 87' lang='grc' dir='ltr'><strong>δὴ</strong></span> <span class='ocrx_word' id='word_1_239' title='bbox 957 1535 1018 1571; x_wconf 68' lang='grc' dir='ltr'>χρό-</span> 
     </span>
    </p>
   </div>
   <div class='ocr_carea' id='block_1_34' title="bbox 233 1580 1016 1618">
    <p class='ocr_par' dir='ltr' id='par_1_34' title="bbox 233 1580 1016 1618">
     <span class='ocr_line' id='line_1_34' title="bbox 233 1580 1016 1618; baseline -0.005 -8"><span class='ocrx_word' id='word_1_240' title='bbox 233 1592 296 1615; x_wconf 85' lang='grc' dir='ltr'>νους</span> <span class='ocrx_word' id='word_1_241' title='bbox 312 1583 359 1610; x_wconf 75' lang='grc' dir='ltr'><strong>καὶ</strong></span> <span class='ocrx_word' id='word_1_242' title='bbox 371 1582 525 1618; x_wconf 82' lang='grc' dir='ltr'><strong>δρακόντων</strong></span> <span class='ocrx_word' id='word_1_243' title='bbox 538 1581 651 1608; x_wconf 78' lang='grc' dir='ltr'>πλεῖστα</span> <span class='ocrx_word' id='word_1_244' title='bbox 662 1580 728 1614; x_wconf 82' lang='grc' dir='ltr'><strong>γένη</strong></span> <span class='ocrx_word' id='word_1_245' title='bbox 745 1580 906 1615; x_wconf 72' lang='grc' dir='ltr'>ὲπεφοίτησε</span> <span class='ocrx_word' id='word_1_246' title='bbox 917 1581 950 1616; x_wconf 83' lang='grc' dir='ltr'>τῇ</span> <span class='ocrx_word' id='word_1_247' title='bbox 967 1581 1016 1606; x_wconf 82' lang='grc' dir='ltr'><strong>πό-</strong></span> 
     </span>
    </p>
   </div>
   <div class='ocr_carea' id='block_1_35' title="bbox 233 1625 1017 1662">
    <p class='ocr_par' dir='ltr' id='par_1_35' title="bbox 233 1625 1017 1662">
     <span class='ocr_line' id='line_1_35' title="bbox 233 1625 1017 1662; baseline -0.005 -7"><span class='ocrx_word' id='word_1_248' title='bbox 233 1629 285 1661; x_wconf 80' lang='grc' dir='ltr'>λει,</span> <span class='ocrx_word' id='word_1_249' title='bbox 301 1628 339 1660; x_wconf 81' lang='grc' dir='ltr'>ὼς</span> <span class='ocrx_word' id='word_1_250' title='bbox 349 1629 412 1660; x_wconf 73' lang='grc' dir='ltr'>τοὺς</span> <span class='ocrx_word' id='word_1_251' title='bbox 425 1627 566 1659; x_wconf 77' lang='grc' dir='ltr'><strong>οἰκοῦντας</strong></span> <span class='ocrx_word' id='word_1_252' title='bbox 580 1627 664 1657; x_wconf 73' lang='grc' dir='ltr'>αὐτὴν</span> <span class='ocrx_word' id='word_1_253' title='bbox 676 1626 878 1662; x_wconf 75' lang='grc' dir='ltr'><strong>διαφθείρεσθαι</strong></span> <span class='ocrx_word' id='word_1_254' title='bbox 895 1634 902 1641; x_wconf 81' lang='grc'><em>”</em></span> <span class='ocrx_word' id='word_1_255' title='bbox 926 1625 972 1658; x_wconf 80' lang='grc' dir='ltr'>οὓς</span> <span class='ocrx_word' id='word_1_256' title='bbox 985 1626 1017 1661; x_wconf 83' lang='grc' dir='ltr'><strong>δὴ</strong></span> 
     </span>
    </p>
   </div>
   <div class='ocr_carea' id='block_1_36' title="bbox 233 1671 1018 1709">
    <p class='ocr_par' dir='ltr' id='par_1_36' title="bbox 233 1671 1018 1709">
     <span class='ocr_line' id='line_1_36' title="bbox 233 1671 1018 1709; baseline -0.001 -10"><span class='ocrx_word' id='word_1_257' title='bbox 233 1675 267 1709; x_wconf 81' lang='grc' dir='ltr'>τῇ</span> <span class='ocrx_word' id='word_1_258' title='bbox 283 1672 338 1699; x_wconf 78' lang='grc' dir='ltr'><strong>τῶν</strong></span> <span class='ocrx_word' id='word_1_259' title='bbox 353 1672 526 1708; x_wconf 78' lang='grc' dir='ltr'><strong>καλουμένων</strong></span> <span class='ocrx_word' id='word_1_260' title='bbox 543 1671 687 1707; x_wconf 73' lang='grc' dir='ltr'><strong>πελαργῶν</strong></span> <span class='ocrx_word' id='word_1_261' title='bbox 700 1671 814 1707; x_wconf 82' lang='grc' dir='ltr'><strong>ὀρνίθων</strong></span> <span class='ocrx_word' id='word_1_262' title='bbox 836 1671 956 1706; x_wconf 81' lang='grc' dir='ltr'>ὲπιφορᾷ</span> <span class='ocrx_word' id='word_1_263' title='bbox 979 1672 1018 1698; x_wconf 86' lang='grc' dir='ltr'><strong>δι-</strong></span> 
     </span>
    </p>
   </div>
   <div class='ocr_carea' id='block_1_37' title="bbox 233 1717 1016 1755">
    <p class='ocr_par' dir='ltr' id='par_1_37' title="bbox 233 1717 1016 1755">
     <span class='ocr_line' id='line_1_37' title="bbox 233 1717 1016 1755; baseline -0.003 -10"><span class='ocrx_word' id='word_1_264' title='bbox 233 1719 394 1755; x_wconf 79' lang='grc' dir='ltr'>εχρήσαντο,</span> <span class='ocrx_word' id='word_1_265' title='bbox 411 1717 586 1750; x_wconf 83' lang='grc' dir='ltr'>Ποσειδῶνος,</span> <span class='ocrx_word' id='word_1_266' title='bbox 600 1717 638 1749; x_wconf 86' lang='grc' dir='ltr'><strong>ὦς</strong></span> <span class='ocrx_word' id='word_1_267' title='bbox 647 1726 723 1753; x_wconf 74' lang='grc' dir='ltr'>φασι,</span> <span class='ocrx_word' id='word_1_268' title='bbox 740 1717 964 1752; x_wconf 80' lang='grc' dir='ltr'>συνεργήσαντος.</span> <span class='ocrx_word' id='word_1_269' title='bbox 979 1718 1016 1744; x_wconf 88' lang='grc' dir='ltr'><strong>Οὐ</strong></span> 
     </span>
    </p>
   </div>
   <div class='ocr_carea' id='block_1_38' title="bbox 235 1762 1017 1799">
    <p class='ocr_par' dir='ltr' id='par_1_38' title="bbox 235 1762 1017 1799">
     <span class='ocr_line' id='line_1_38' title="bbox 235 1762 1017 1799; baseline -0.003 -9"><span class='ocrx_word' id='word_1_270' title='bbox 235 1764 305 1799; x_wconf 79' lang='grc' dir='ltr'>μετὰ</span> <span class='ocrx_word' id='word_1_271' title='bbox 322 1763 388 1790; x_wconf 81' lang='grc' dir='ltr'>πολὺ</span> <span class='ocrx_word' id='word_1_272' title='bbox 401 1763 429 1790; x_wconf 78' lang='grc' dir='ltr'><strong>δὲ</strong></span> <span class='ocrx_word' id='word_1_273' title='bbox 444 1764 491 1790; x_wconf 73' lang='grc' dir='ltr'>καὶ</span> <span class='ocrx_word' id='word_1_274' title='bbox 506 1763 560 1790; x_wconf 79' lang='grc' dir='ltr'><strong>τῶν</strong></span> <span class='ocrx_word' id='word_1_275' title='bbox 575 1762 689 1799; x_wconf 83' lang='grc' dir='ltr'><strong>ὀρνίθων</strong></span> <span class='ocrx_word' id='word_1_276' title='bbox 707 1762 798 1794; x_wconf 81' lang='grc' dir='ltr'>αὐτοῖς</span> <span class='ocrx_word' id='word_1_277' title='bbox 821 1763 930 1789; x_wconf 76' lang='grc' dir='ltr'>ἐναντία</span> <span class='ocrx_word' id='word_1_278' title='bbox 952 1771 1017 1798; x_wconf 81' lang='grc' dir='ltr'>φρο-</span> 
     </span>
    </p>
   </div>
   <div class='ocr_carea' id='block_1_39' title="bbox 232 1809 1016 1844">
    <p class='ocr_par' dir='ltr' id='par_1_39' title="bbox 232 1809 1016 1844">
     <span class='ocr_line' id='line_1_39' title="bbox 232 1809 1016 1844; baseline -0.004 -6"><span class='ocrx_word' id='word_1_279' title='bbox 232 1811 360 1842; x_wconf 76' lang='grc' dir='ltr'>νούντων,</span> <span class='ocrx_word' id='word_1_280' title='bbox 388 1811 436 1838; x_wconf 77' lang='grc' dir='ltr'>καὶ</span> <span class='ocrx_word' id='word_1_281' title='bbox 462 1810 585 1837; x_wconf 80' lang='grc' dir='ltr'>θανάτων</span> <span class='ocrx_word' id='word_1_282' title='bbox 611 1811 700 1837; x_wconf 80' lang='grc' dir='ltr'><strong>αἰτίαν</strong></span> <span class='ocrx_word' id='word_1_283' title='bbox 716 1809 882 1844; x_wconf 75' lang='grc' dir='ltr'>ἐπαγόντων,</span> <span class='ocrx_word' id='word_1_284' title='bbox 899 1809 962 1841; x_wconf 81' lang='grc' dir='ltr'>τούς</span> <span class='ocrx_word' id='word_1_285' title='bbox 987 1818 1016 1836; x_wconf 85' lang='grc' dir='ltr'><strong>τε</strong></span> 
     </span>
    </p>
   </div>
   <div class='ocr_carea' id='block_1_40' title="bbox 233 1855 1017 1892">
    <p class='ocr_par' dir='ltr' id='par_1_40' title="bbox 233 1855 1017 1892">
     <span class='ocr_line' id='line_1_40' title="bbox 233 1855 1017 1892; baseline -0.004 -8"><span class='ocrx_word' id='word_1_286' title='bbox 233 1857 429 1892; x_wconf 75' lang='grc' dir='ltr'><strong>ἁλισκομένους</strong></span> <span class='ocrx_word' id='word_1_287' title='bbox 441 1857 533 1888; x_wconf 80' lang='grc' dir='ltr'>αὐτοῖς</span> <span class='ocrx_word' id='word_1_288' title='bbox 542 1856 617 1891; x_wconf 76' lang='grc' dir='ltr'>ὄφεις</span> <span class='ocrx_word' id='word_1_289' title='bbox 634 1855 700 1891; x_wconf 77' lang='grc' dir='ltr'>πρὸς</span> <span class='ocrx_word' id='word_1_290' title='bbox 710 1856 758 1887; x_wconf 70' lang='grc' dir='ltr'><strong>τὰς</strong></span> <span class='ocrx_word' id='word_1_291' title='bbox 766 1855 819 1881; x_wconf 87' lang='grc' dir='ltr'><strong>τῶν</strong></span> <span class='ocrx_word' id='word_1_292' title='bbox 831 1855 932 1882; x_wconf 77' lang='grc' dir='ltr'>ὑδάτων</span> <span class='ocrx_word' id='word_1_293' title='bbox 941 1855 1017 1888; x_wconf 65' lang='grc' dir='ltr'>δεξι-</span> 
     </span>
    </p>
   </div>
   <div class='ocr_carea' id='block_1_41' title="bbox 233 1901 1016 1939">
    <p class='ocr_par' dir='ltr' id='par_1_41' title="bbox 233 1901 1016 1939">
     <span class='ocr_line' id='line_1_41' title="bbox 233 1901 1016 1939; baseline -0.004 -10"><span class='ocrx_word' id='word_1_294' title='bbox 233 1903 317 1939; x_wconf 85' lang='grc' dir='ltr'>μενὰς</span> <span class='ocrx_word' id='word_1_295' title='bbox 343 1902 546 1935; x_wconf 77' lang='grc' dir='ltr'>ἀκοντιζόντων,</span> <span class='ocrx_word' id='word_1_296' title='bbox 573 1902 618 1928; x_wconf 80' lang='grc' dir='ltr'><strong>καὶ</strong></span> <span class='ocrx_word' id='word_1_297' title='bbox 646 1903 702 1933; x_wconf 84' lang='grc' dir='ltr'>τοῖς</span> <span class='ocrx_word' id='word_1_298' title='bbox 714 1910 746 1936; x_wconf 83' lang='grc' dir='ltr'>γε</span> <span class='ocrx_word' id='word_1_299' title='bbox 765 1901 887 1932; x_wconf 77' lang='grc' dir='ltr'>πολίταις</span> <span class='ocrx_word' id='word_1_300' title='bbox 907 1901 1016 1936; x_wconf 68' lang='grc' dir='ltr'>ἀφανῶς</span> 
     </span>
    </p>
   </div>
   <div class='ocr_carea' id='block_1_42' title="bbox 231 1947 1016 1983">
    <p class='ocr_par' dir='ltr' id='par_1_42' title="bbox 231 1947 1016 1983">
     <span class='ocr_line' id='line_1_42' title="bbox 231 1947 1016 1983; baseline -0.003 -8"><span class='ocrx_word' id='word_1_301' title='bbox 231 1949 440 1979; x_wconf 68' lang='grc' dir='ltr'>ἐπιϐαλλόντων,</span> <span class='ocrx_word' id='word_1_302' title='bbox 453 1948 482 1975; x_wconf 82' lang='grc' dir='ltr'><strong>ὲν</strong></span> <span class='ocrx_word' id='word_1_303' title='bbox 493 1948 598 1983; x_wconf 72' lang='grc' dir='ltr'>ἀφασίᾳ</span> <span class='ocrx_word' id='word_1_304' title='bbox 611 1947 753 1974; x_wconf 76' lang='grc' dir='ltr'>διετέλουν.</span> <span class='ocrx_word' id='word_1_305' title='bbox 777 1947 858 1983; x_wconf 82' lang='grc' dir='ltr'>Ἀνὴρ</span> <span class='ocrx_word' id='word_1_306' title='bbox 869 1947 898 1974; x_wconf 76' lang='grc' dir='ltr'><strong>δὲ</strong></span> <span class='ocrx_word' id='word_1_307' title='bbox 912 1956 953 1979; x_wconf 87' lang='grc' dir='ltr'>τις</span> <span class='ocrx_word' id='word_1_308' title='bbox 964 1948 1016 1974; x_wconf 82' lang='grc' dir='ltr'>τῶν</span> 
     </span>
    </p>
   </div>
   <div class='ocr_carea' id='block_1_43' title="bbox 231 1991 1016 2028">
    <p class='ocr_par' dir='ltr' id='par_1_43' title="bbox 231 1991 1016 2028">
     <span class='ocr_line' id='line_1_43' title="bbox 231 1991 1016 2028; baseline -0.003 -8"><span class='ocrx_word' id='word_1_309' title='bbox 231 1994 265 2020; x_wconf 77' lang='grc' dir='ltr'>ἐκ</span> <span class='ocrx_word' id='word_1_310' title='bbox 271 1994 391 2026; x_wconf 84' lang='grc' dir='ltr'>Τυάνων,</span> <span class='ocrx_word' id='word_1_311' title='bbox 399 1993 517 2028; x_wconf 63' lang='grc' dir='ltr'>τοῦνομα</span> <span class='ocrx_word' id='word_1_312' title='bbox 524 1991 710 2024; x_wconf 80' lang='grc' dir='ltr'>Ἀπολλώνιος,</span> <span class='ocrx_word' id='word_1_313' title='bbox 720 1993 751 2018; x_wconf 82' lang='grc' dir='ltr'>ὲκ</span> <span class='ocrx_word' id='word_1_314' title='bbox 759 1992 832 2018; x_wconf 80' lang='grc' dir='ltr'>λίθου</span> <span class='ocrx_word' id='word_1_315' title='bbox 841 1992 933 2024; x_wconf 74' lang='grc' dir='ltr'>ξεστοῦ</span> <span class='ocrx_word' id='word_1_316' title='bbox 943 1994 1016 2027; x_wconf 81' lang='grc' dir='ltr'>τρεῖς</span> 
     </span>
    </p>
   </div>
   <div class='ocr_carea' id='block_1_44' title="bbox 233 2037 1016 2074">
    <p class='ocr_par' dir='ltr' id='par_1_44' title="bbox 233 2037 1016 2074">
     <span class='ocr_line' id='line_1_44' title="bbox 233 2037 1016 2074; baseline -0.004 -8"><span class='ocrx_word' id='word_1_317' title='bbox 233 2040 330 2074; x_wconf 79' lang='grc' dir='ltr'>ἀνεστή</span> <span class='ocrx_word' id='word_1_318' title='bbox 335 2048 399 2066; x_wconf 67' lang='lat' dir='ltr'><strong>cato</strong></span> <span class='ocrx_word' id='word_1_319' title='bbox 412 2039 564 2074; x_wconf 75' lang='grc' dir='ltr'>πελαργοὺς</span> <span class='ocrx_word' id='word_1_320' title='bbox 574 2037 788 2074; x_wconf 80' lang='grc' dir='ltr'>ἀντιπροσώπως</span> <span class='ocrx_word' id='word_1_321' title='bbox 799 2037 922 2073; x_wconf 78' lang='grc' dir='ltr'>ἀλλήλοις</span> <span class='ocrx_word' id='word_1_322' title='bbox 932 2038 1016 2072; x_wconf 84' lang='grc' dir='ltr'>ὁρῶν-</span> 
     </span>
    </p>
   </div>
   <div class='ocr_carea' id='block_1_45' title="bbox 233 2083 1013 2120">
    <p class='ocr_par' dir='ltr' id='par_1_45' title="bbox 233 2083 1013 2120">
     <span class='ocr_line' id='line_1_45' title="bbox 233 2083 1013 2120; baseline -0.004 -8"><span class='ocrx_word' id='word_1_323' title='bbox 233 2094 293 2116; x_wconf 86' lang='grc' dir='ltr'>τας,</span> <span class='ocrx_word' id='word_1_324' title='bbox 310 2085 334 2111; x_wconf 85' lang='lat' dir='ltr'><strong>oZ</strong></span> <span class='ocrx_word' id='word_1_325' title='bbox 351 2085 398 2111; x_wconf 77' lang='grc' dir='ltr'><strong>καὶ</strong></span> <span class='ocrx_word' id='word_1_326' title='bbox 413 2085 493 2120; x_wconf 72' lang='grc' dir='ltr'>μέχρι</span> <span class='ocrx_word' id='word_1_327' title='bbox 509 2083 564 2110; x_wconf 77' lang='grc' dir='ltr'>τῶν</span> <span class='ocrx_word' id='word_1_328' title='bbox 579 2083 626 2110; x_wconf 82' lang='grc' dir='ltr'>νῦν</span> <span class='ocrx_word' id='word_1_329' title='bbox 647 2083 804 2119; x_wconf 81' lang='grc' dir='ltr'>διαμένουσι</span> <span class='ocrx_word' id='word_1_330' title='bbox 828 2083 883 2110; x_wconf 80' lang='grc' dir='ltr'><strong>τῶν</strong></span> <span class='ocrx_word' id='word_1_331' title='bbox 900 2083 1013 2118; x_wconf 85' lang='grc' dir='ltr'>χρόνων.</span> 
     </span>
    </p>
   </div>
   <div class='ocr_carea' id='block_1_46' title="bbox 232 2127 1017 2165">
    <p class='ocr_par' dir='ltr' id='par_1_46' title="bbox 232 2127 1017 2165">
     <span class='ocr_line' id='line_1_46' title="bbox 232 2127 1017 2165; baseline -0.004 -9"><span class='ocrx_word' id='word_1_332' title='bbox 232 2130 263 2156; x_wconf 84' lang='grc' dir='ltr'>οὐ</span> <span class='ocrx_word' id='word_1_333' title='bbox 279 2129 481 2165; x_wconf 76' lang='grc' dir='ltr'>συγχωροῦντες</span> <span class='ocrx_word' id='word_1_334' title='bbox 504 2128 676 2164; x_wconf 75' lang='grc' dir='ltr'>ὲπιφοιτῆσαι</span> <span class='ocrx_word' id='word_1_335' title='bbox 704 2129 736 2163; x_wconf 83' lang='grc' dir='ltr'>τῇ</span> <span class='ocrx_word' id='word_1_336' title='bbox 760 2127 834 2154; x_wconf 81' lang='grc' dir='ltr'>πόλει</span> <span class='ocrx_word' id='word_1_337' title='bbox 853 2128 884 2154; x_wconf 78' lang='grc' dir='ltr'>τὸ</span> <span class='ocrx_word' id='word_1_338' title='bbox 898 2127 952 2154; x_wconf 85' lang='grc' dir='ltr'><strong>τῶν</strong></span> <span class='ocrx_word' id='word_1_339' title='bbox 972 2136 1017 2154; x_wconf 81' lang='grc' dir='ltr'>πε-</span> 
     </span>
    </p>
   </div>
   <div class='ocr_carea' id='block_1_47' title="bbox 1073 209 1852 248">
    <p class='ocr_par' dir='ltr' id='par_1_47' title="bbox 1073 209 1852 248">
     <span class='ocr_line' id='line_1_47' title="bbox 1073 209 1852 248; baseline 0.009 -13"><span class='ocrx_word' id='word_1_340' title='bbox 1073 209 1108 244; x_wconf 79' lang='lat' dir='ltr'><strong>gii</strong></span> <span class='ocrx_word' id='word_1_341' title='bbox 1122 209 1216 237; x_wconf 88' lang='lat' dir='ltr'><strong>Co‘dini</strong></span> <span class='ocrx_word' id='word_1_342' title='bbox 1231 211 1322 239; x_wconf 86' lang='lat' dir='ltr'><strong>libello</strong></span> <span class='ocrx_word' id='word_1_343' title='bbox 1333 212 1372 239; x_wconf 88' lang='lat' dir='ltr'><strong>De</strong></span> <span class='ocrx_word' id='word_1_344' title='bbox 1386 213 1462 240; x_wconf 79' lang='lat' dir='ltr'><strong>rebus</strong></span> <span class='ocrx_word' id='word_1_345' title='bbox 1473 215 1567 248; x_wconf 70' lang='lat' dir='ltr'><strong>patriis</strong></span> <span class='ocrx_word' id='word_1_346' title='bbox 1576 214 1852 248; x_wconf 71' lang='lat' dir='ltr'><strong>Constantinopoleos.</strong></span> 
     </span>
    </p>
   </div>
   <div class='ocr_carea' id='block_1_48' title="bbox 1072 256 1853 294">
    <p class='ocr_par' dir='ltr' id='par_1_48' title="bbox 1072 256 1853 294">
     <span class='ocr_line' id='line_1_48' title="bbox 1072 256 1853 294; baseline 0.006 -13"><span class='ocrx_word' id='word_1_347' title='bbox 1072 262 1133 282; x_wconf 92' lang='lat' dir='ltr'><strong>cum</strong></span> <span class='ocrx_word' id='word_1_348' title='bbox 1149 256 1186 282; x_wconf 82' lang='lat' dir='ltr'><strong>ita</strong></span> <span class='ocrx_word' id='word_1_349' title='bbox 1197 257 1356 292; x_wconf 84' lang='lat' dir='ltr'><strong>scripserit:</strong></span> <span class='ocrx_word' id='word_1_350' title='bbox 1376 258 1435 285; x_wconf 81' lang='lat' dir='ltr'><strong>Non</strong></span> <span class='ocrx_word' id='word_1_351' title='bbox 1451 259 1524 294; x_wconf 81' lang='lat' dir='ltr'><strong>longe</strong></span> <span class='ocrx_word' id='word_1_352' title='bbox 1538 265 1607 293; x_wconf 78' lang='lat' dir='ltr'><strong>post.</strong></span> <span class='ocrx_word' id='word_1_353' title='bbox 1623 268 1683 286; x_wconf 70' lang='lat' dir='ltr'><strong>cum</strong></span> <span class='ocrx_word' id='word_1_354' title='bbox 1700 268 1764 286; x_wconf 76' lang='lat' dir='ltr'><strong>ares</strong></span> <span class='ocrx_word' id='word_1_355' title='bbox 1779 261 1853 286; x_wconf 40' lang='lat' dir='ltr'><strong>ininti.</strong></span> 
     </span>
    </p>
   </div>
   <div class='ocr_carea' id='block_1_49' title="bbox 1072 303 1857 340">
    <p class='ocr_par' dir='ltr' id='par_1_49' title="bbox 1072 303 1857 340">
     <span class='ocr_line' id='line_1_49' title="bbox 1072 303 1857 340; baseline 0.008 -14"><span class='ocrx_word' id='word_1_356' title='bbox 1072 309 1130 327; x_wconf 84' lang='lat' dir='ltr'><strong>cum</strong></span> <span class='ocrx_word' id='word_1_357' title='bbox 1144 303 1262 328; x_wconf 82' lang='lat' dir='ltr'><strong>animum</strong></span> <span class='ocrx_word' id='word_1_358' title='bbox 1274 303 1430 336; x_wconf 80' lang='lat' dir='ltr'><strong>induissent,</strong></span> <span class='ocrx_word' id='word_1_359' title='bbox 1443 310 1551 332; x_wconf 85' lang='lat' dir='ltr'><strong>mortem</strong></span> <span class='ocrx_word' id='word_1_360' title='bbox 1567 306 1674 340; x_wconf 82' lang='lat' dir='ltr'><strong>insuper</strong></span> <span class='ocrx_word' id='word_1_361' title='bbox 1682 305 1825 339; x_wconf 75' lang='lat' dir='ltr'><strong>inferrent.</strong></span> <span class='ocrx_word' id='word_1_362' title='bbox 1837 311 1857 332; x_wconf 78' lang='lat' dir='ltr'><strong>et</strong></span> 
     </span>
    </p>
   </div>
   <div class='ocr_carea' id='block_1_50' title="bbox 1072 347 1857 385">
    <p class='ocr_par' dir='ltr' id='par_1_50' title="bbox 1072 347 1857 385">
     <span class='ocr_line' id='line_1_50' title="bbox 1072 347 1857 385; baseline 0.009 -14"><span class='ocrx_word' id='word_1_363' title='bbox 1072 351 1202 380; x_wconf 78' lang='lat' dir='ltr'><strong>serpentes</strong></span> <span class='ocrx_word' id='word_1_364' title='bbox 1219 347 1246 373; x_wconf 86' lang='lat' dir='ltr'><strong>in</strong></span> <span class='ocrx_word' id='word_1_365' title='bbox 1263 356 1333 382; x_wconf 85' lang='lat' dir='ltr'><strong>aqua</strong></span> <span class='ocrx_word' id='word_1_366' title='bbox 1354 355 1443 383; x_wconf 82' lang='lat' dir='ltr'><strong>captos</strong></span> <span class='ocrx_word' id='word_1_367' title='bbox 1460 350 1487 376; x_wconf 84' lang='lat' dir='ltr'><strong>in</strong></span> <span class='ocrx_word' id='word_1_368' title='bbox 1501 351 1570 376; x_wconf 82' lang='lat' dir='ltr'><strong>viam</strong></span> <span class='ocrx_word' id='word_1_369' title='bbox 1592 350 1730 384; x_wconf 79' lang='lat' dir='ltr'><strong>publicam</strong></span> <span class='ocrx_word' id='word_1_370' title='bbox 1746 351 1857 385; x_wconf 80' lang='lat' dir='ltr'><strong>projice-</strong></span> 
     </span>
    </p>
   </div>
   <div class='ocr_carea' id='block_1_51' title="bbox 1071 391 1570 426">
    <p class='ocr_par' dir='ltr' id='par_1_51' title="bbox 1071 391 1570 426">
     <span class='ocr_line' id='line_1_51' title="bbox 1071 391 1570 426; baseline 0.01 -10"><span class='ocrx_word' id='word_1_371' title='bbox 1071 395 1138 421; x_wconf 87' lang='lat' dir='ltr'><strong>rent,</strong></span> <span class='ocrx_word' id='word_1_372' title='bbox 1157 391 1224 417; x_wconf 71' lang='lat' dir='ltr'><strong>cives</strong></span> <span class='ocrx_word' id='word_1_373' title='bbox 1236 396 1342 426; x_wconf 79' lang='lat' dir='ltr'><strong>stupore</strong></span> <span class='ocrx_word' id='word_1_374' title='bbox 1357 393 1470 426; x_wconf 73' lang='lat' dir='ltr'><strong>perculsi</strong></span> <span class='ocrx_word' id='word_1_375' title='bbox 1484 398 1570 421; x_wconf 85' lang='lat' dir='ltr'><strong>erant.</strong></span> 
     </span>
    </p>
   </div>
   <div class='ocr_carea' id='block_1_52' title="bbox 1106 436 1860 474">
    <p class='ocr_par' dir='ltr' id='par_1_52' title="bbox 1106 436 1860 474">
     <span class='ocr_line' id='line_1_52' title="bbox 1106 436 1860 474; baseline 0.005 -12"><span class='ocrx_word' id='word_1_376' title='bbox 1106 436 1186 468; x_wconf 87' lang='lat' dir='ltr'><strong>lbid.,</strong></span> <span class='ocrx_word' id='word_1_377' title='bbox 1203 436 1251 463; x_wconf 85' lang='lat' dir='ltr'><strong>lin.</strong></span> <span class='ocrx_word' id='word_1_378' title='bbox 1261 437 1304 464; x_wconf 64' lang='lat'><strong>54.</strong></span> <span class='ocrx_word' id='word_1_379' title='bbox 1328 440 1362 465; x_wconf 87' lang='lat' dir='ltr'><strong>Al</strong></span> <span class='ocrx_word' id='word_1_380' title='bbox 1383 438 1417 465; x_wconf 77' lang='grc' dir='ltr'><strong>δὲ</strong></span> <span class='ocrx_word' id='word_1_381' title='bbox 1435 439 1552 474; x_wconf 75' lang='grc' dir='ltr'>γέρανοι</span> <span class='ocrx_word' id='word_1_382' title='bbox 1566 439 1640 473; x_wconf 74' lang='grc' dir='ltr'>ἐμοῦ</span> <span class='ocrx_word' id='word_1_383' title='bbox 1656 439 1768 466; x_wconf 77' lang='grc' dir='ltr'>πᾶσαι.</span> <span class='ocrx_word' id='word_1_384' title='bbox 1792 439 1860 468; x_wconf 81' lang='lat' dir='ltr'><strong>Basi-</strong></span> 
     </span>
    </p>
   </div>
   <div class='ocr_carea' id='block_1_53' title="bbox 1071 482 1860 523">
    <p class='ocr_par' dir='ltr' id='par_1_53' title="bbox 1071 482 1860 523">
     <span class='ocr_line' id='line_1_53' title="bbox 1071 482 1860 523; baseline 0.008 -15"><span class='ocrx_word' id='word_1_385' title='bbox 1071 482 1135 516; x_wconf 92' lang='lat' dir='ltr'><strong>lius,</strong></span> <span class='ocrx_word' id='word_1_386' title='bbox 1158 483 1231 510; x_wconf 90' lang='lat' dir='ltr'><strong>hom.</strong></span> <span class='ocrx_word' id='word_1_387' title='bbox 1250 484 1281 510; x_wconf 90' lang='lat'><strong>8:</strong></span> <span class='ocrx_word' id='word_1_388' title='bbox 1299 485 1360 516; x_wconf 81' lang='grc' dir='ltr'><strong>Πῶς</strong></span> <span class='ocrx_word' id='word_1_389' title='bbox 1380 485 1428 520; x_wconf 88' lang='grc' dir='ltr'><strong>μὲν</strong></span> <span class='ocrx_word' id='word_1_390' title='bbox 1446 487 1473 512; x_wconf 85' lang='grc' dir='ltr'>αἱ</span> <span class='ocrx_word' id='word_1_391' title='bbox 1490 486 1600 522; x_wconf 80' lang='grc' dir='ltr'>γέρανοι</span> <span class='ocrx_word' id='word_1_392' title='bbox 1615 487 1665 518; x_wconf 71' lang='grc' dir='ltr'><strong>τὰς</strong></span> <span class='ocrx_word' id='word_1_393' title='bbox 1680 488 1712 514; x_wconf 79' lang='grc' dir='ltr'>ἐν</span> <span class='ocrx_word' id='word_1_394' title='bbox 1733 490 1770 523; x_wconf 85' lang='grc' dir='ltr'>τῇ</span> <span class='ocrx_word' id='word_1_395' title='bbox 1787 491 1860 515; x_wconf 74' lang='grc' dir='ltr'>νυκτὶ</span> 
     </span>
    </p>
   </div>
   <div class='ocr_carea' id='block_1_54' title="bbox 1071 529 1859 568">
    <p class='ocr_par' dir='ltr' id='par_1_54' title="bbox 1071 529 1859 568">
     <span class='ocr_line' id='line_1_54' title="bbox 1071 529 1859 568; baseline 0.008 -14"><span class='ocrx_word' id='word_1_396' title='bbox 1071 529 1194 563; x_wconf 72' lang='grc' dir='ltr'>φυλακὰς</span> <span class='ocrx_word' id='word_1_397' title='bbox 1219 531 1250 556; x_wconf 84' lang='grc' dir='ltr'>ὲκ</span> <span class='ocrx_word' id='word_1_398' title='bbox 1276 532 1443 566; x_wconf 78' lang='grc' dir='ltr'>περιτροπῆς</span> <span class='ocrx_word' id='word_1_399' title='bbox 1464 532 1653 567; x_wconf 79' lang='grc' dir='ltr'>ὑποδέχονται;</span> <span class='ocrx_word' id='word_1_400' title='bbox 1680 533 1731 559; x_wconf 69' lang='grc' dir='ltr'>καὶ</span> <span class='ocrx_word' id='word_1_401' title='bbox 1759 535 1789 560; x_wconf 81' lang='grc' dir='ltr'>αἱ</span> <span class='ocrx_word' id='word_1_402' title='bbox 1816 534 1859 568; x_wconf 78' lang='grc' dir='ltr'><strong>μὲν</strong></span> 
     </span>
    </p>
   </div>
   <div class='ocr_carea' id='block_1_55' title="bbox 1070 574 1860 612">
    <p class='ocr_par' dir='ltr' id='par_1_55' title="bbox 1070 574 1860 612">
     <span class='ocr_line' id='line_1_55' title="bbox 1070 574 1860 612; baseline 0.008 -12"><span class='ocrx_word' id='word_1_403' title='bbox 1070 574 1255 607; x_wconf 75' lang='grc' dir='ltr'><strong>καθεύδουσιν,</strong></span> <span class='ocrx_word' id='word_1_404' title='bbox 1265 576 1294 602; x_wconf 80' lang='grc' dir='ltr'><strong>αἱ</strong></span> <span class='ocrx_word' id='word_1_405' title='bbox 1307 576 1334 602; x_wconf 77' lang='grc' dir='ltr'><strong>δὲ</strong></span> <span class='ocrx_word' id='word_1_406' title='bbox 1345 577 1436 612; x_wconf 85' lang='grc' dir='ltr'>κΰκλῳ</span> <span class='ocrx_word' id='word_1_407' title='bbox 1448 577 1601 612; x_wconf 80' lang='grc' dir='ltr'>περιῐοῦσαι</span> <span class='ocrx_word' id='word_1_408' title='bbox 1617 579 1709 605; x_wconf 76' lang='grc' dir='ltr'>πᾶσαν</span> <span class='ocrx_word' id='word_1_409' title='bbox 1721 580 1822 611; x_wconf 77' lang='grc' dir='ltr'>αὑταῖς</span> <span class='ocrx_word' id='word_1_410' title='bbox 1834 581 1860 606; x_wconf 86' lang='grc' dir='ltr'>ἐν</span> 
     </span>
    </p>
   </div>
   <div class='ocr_carea' id='block_1_56' title="bbox 1069 619 1859 661">
    <p class='ocr_par' dir='ltr' id='par_1_56' title="bbox 1069 619 1859 661">
     <span class='ocr_line' id='line_1_56' title="bbox 1069 619 1859 661; baseline 0.009 -16"><span class='ocrx_word' id='word_1_411' title='bbox 1069 619 1108 654; x_wconf 88' lang='grc' dir='ltr'>τῷ</span> <span class='ocrx_word' id='word_1_412' title='bbox 1123 619 1200 656; x_wconf 80' lang='grc' dir='ltr'>ὕπνῳ</span> <span class='ocrx_word' id='word_1_413' title='bbox 1212 622 1375 656; x_wconf 78' lang='grc' dir='ltr'>παρέχονται</span> <span class='ocrx_word' id='word_1_414' title='bbox 1388 623 1436 658; x_wconf 77' lang='grc' dir='ltr'><strong>τὴν</strong></span> <span class='ocrx_word' id='word_1_415' title='bbox 1447 623 1606 657; x_wconf 68' lang='grc' dir='ltr'>ἀσφάλειαν.</span> <span class='ocrx_word' id='word_1_416' title='bbox 1620 623 1688 651; x_wconf 78' lang='grc' dir='ltr'>Εἶτα</span> <span class='ocrx_word' id='word_1_417' title='bbox 1698 625 1748 651; x_wconf 77' lang='grc' dir='ltr'>τοῦ</span> <span class='ocrx_word' id='word_1_418' title='bbox 1765 626 1859 661; x_wconf 68' lang='grc' dir='ltr'>καιροῦ</span> 
     </span>
    </p>
   </div>
   <div class='ocr_carea' id='block_1_57' title="bbox 1070 665 1860 706">
    <p class='ocr_par' dir='ltr' id='par_1_57' title="bbox 1070 665 1860 706">
     <span class='ocr_line' id='line_1_57' title="bbox 1070 665 1860 706; baseline 0.008 -15"><span class='ocrx_word' id='word_1_419' title='bbox 1070 665 1119 701; x_wconf 73' lang='grc' dir='ltr'><strong>τῆς</strong></span> <span class='ocrx_word' id='word_1_420' title='bbox 1142 666 1264 702; x_wconf 80' lang='grc' dir='ltr'>φυλακῆς</span> <span class='ocrx_word' id='word_1_421' title='bbox 1292 668 1493 704; x_wconf 75' lang='grc' dir='ltr'>πληρουμένου,</span> <span class='ocrx_word' id='word_1_422' title='bbox 1519 670 1536 704; x_wconf 89' lang='grc' dir='ltr'>ἡ</span> <span class='ocrx_word' id='word_1_423' title='bbox 1569 670 1619 704; x_wconf 83' lang='grc' dir='ltr'>μὲν</span> <span class='ocrx_word' id='word_1_424' title='bbox 1637 669 1769 705; x_wconf 75' lang='grc' dir='ltr'>βοήσασα</span> <span class='ocrx_word' id='word_1_425' title='bbox 1797 672 1860 706; x_wconf 71' lang='grc' dir='ltr'>πρὸς</span> 
     </span>
    </p>
   </div>
   <div class='ocr_carea' id='block_1_58' title="bbox 1071 710 1860 752">
    <p class='ocr_par' dir='ltr' id='par_1_58' title="bbox 1071 710 1860 752">
     <span class='ocr_line' id='line_1_58' title="bbox 1071 710 1860 752; baseline 0.009 -15"><span class='ocrx_word' id='word_1_426' title='bbox 1071 710 1153 738; x_wconf 80' lang='grc' dir='ltr'>ὕπνον</span> <span class='ocrx_word' id='word_1_427' title='bbox 1168 713 1312 748; x_wconf 74' lang='grc' dir='ltr'>ἐτράπετο,</span> <span class='ocrx_word' id='word_1_428' title='bbox 1329 715 1345 749; x_wconf 82' lang='grc' dir='ltr'>ἡ</span> <span class='ocrx_word' id='word_1_429' title='bbox 1360 714 1448 749; x_wconf 75' lang='grc' dir='ltr'>δὲτὴν</span> <span class='ocrx_word' id='word_1_430' title='bbox 1463 714 1587 750; x_wconf 76' lang='grc' dir='ltr'>διαδοχὴν</span> <span class='ocrx_word' id='word_1_431' title='bbox 1605 715 1812 751; x_wconf 75' lang='grc' dir='ltr'>ὑποδεξαμένη.</span> <span class='ocrx_word' id='word_1_432' title='bbox 1830 715 1860 752; x_wconf 77' lang='grc' dir='ltr'>ἧς</span> 
     </span>
    </p>
   </div>
   <div class='ocr_carea' id='block_1_59' title="bbox 1071 755 1860 796">
    <p class='ocr_par' dir='ltr' id='par_1_59' title="bbox 1071 755 1860 796">
     <span class='ocr_line' id='line_1_59' title="bbox 1071 755 1860 796; baseline 0.006 -14"><span class='ocrx_word' id='word_1_433' title='bbox 1071 755 1165 791; x_wconf 74' lang='grc' dir='ltr'>ἔτυχεν</span> <span class='ocrx_word' id='word_1_434' title='bbox 1177 757 1324 791; x_wconf 78' lang='grc' dir='ltr'>ἀσφαλείας</span> <span class='ocrx_word' id='word_1_435' title='bbox 1332 759 1480 785; x_wconf 79' lang='grc' dir='ltr'>ἀντέδωκεν</span> <span class='ocrx_word' id='word_1_436' title='bbox 1492 760 1521 786; x_wconf 79' lang='grc' dir='ltr'>ἐν</span> <span class='ocrx_word' id='word_1_437' title='bbox 1538 759 1576 794; x_wconf 81' lang='grc' dir='ltr'>τῷ</span> <span class='ocrx_word' id='word_1_438' title='bbox 1591 760 1679 795; x_wconf 77' lang='grc' dir='ltr'>μέρει.</span> <span class='ocrx_word' id='word_1_439' title='bbox 1694 760 1811 796; x_wconf 77' lang='grc' dir='ltr'>Ταύτην</span> <span class='ocrx_word' id='word_1_440' title='bbox 1819 762 1860 787; x_wconf 69' lang='grc' dir='ltr'><strong>καὶ</strong></span> 
     </span>
    </p>
   </div>
   <div class='ocr_carea' id='block_1_60' title="bbox 1074 802 1858 845">
    <p class='ocr_par' dir='ltr' id='par_1_60' title="bbox 1074 802 1858 845">
     <span class='ocr_line' id='line_1_60' title="bbox 1074 802 1858 845; baseline 0.008 -18"><span class='ocrx_word' id='word_1_441' title='bbox 1074 802 1102 828; x_wconf 79' lang='grc' dir='ltr'>ὲν</span> <span class='ocrx_word' id='word_1_442' title='bbox 1114 804 1147 845; x_wconf 52' lang='grc' dir='ltr'><strong>τλῆ</strong></span> <span class='ocrx_word' id='word_1_443' title='bbox 1157 803 1254 838; x_wconf 81' lang='grc' dir='ltr'>πτήσει</span> <span class='ocrx_word' id='word_1_444' title='bbox 1263 804 1312 838; x_wconf 79' lang='grc' dir='ltr'><strong>τὴν</strong></span> <span class='ocrx_word' id='word_1_445' title='bbox 1323 804 1447 837; x_wconf 77' lang='grc' dir='ltr'>εὐταξίαν</span> <span class='ocrx_word' id='word_1_446' title='bbox 1462 804 1584 840; x_wconf 70' lang='grc' dir='ltr'>κατόψει.</span> <span class='ocrx_word' id='word_1_447' title='bbox 1600 805 1713 832; x_wconf 80' lang='grc' dir='ltr'>Ἀλλατε</span> <span class='ocrx_word' id='word_1_448' title='bbox 1730 806 1789 841; x_wconf 70' lang='grc' dir='ltr'><strong>γὰρ</strong></span> <span class='ocrx_word' id='word_1_449' title='bbox 1797 806 1858 841; x_wconf 63' lang='grc' dir='ltr'>ἄλλη</span> 
     </span>
    </p>
   </div>
   <div class='ocr_carea' id='block_1_61' title="bbox 1073 848 1858 887">
    <p class='ocr_par' dir='ltr' id='par_1_61' title="bbox 1073 848 1858 887">
     <span class='ocr_line' id='line_1_61' title="bbox 1073 848 1858 887; baseline 0.006 -13"><span class='ocrx_word' id='word_1_450' title='bbox 1073 848 1122 882; x_wconf 83' lang='grc' dir='ltr'><strong>τὴν</strong></span> <span class='ocrx_word' id='word_1_451' title='bbox 1137 849 1246 884; x_wconf 77' lang='grc' dir='ltr'><strong>ὀδηγὶαν</strong></span> <span class='ocrx_word' id='word_1_452' title='bbox 1259 850 1410 884; x_wconf 77' lang='grc' dir='ltr'>ἐκδέχεται,</span> <span class='ocrx_word' id='word_1_453' title='bbox 1428 851 1474 876; x_wconf 76' lang='grc' dir='ltr'><strong>καὶ</strong></span> <span class='ocrx_word' id='word_1_454' title='bbox 1491 851 1589 878; x_wconf 87' lang='grc' dir='ltr'>τακτόν</span> <span class='ocrx_word' id='word_1_455' title='bbox 1601 861 1662 878; x_wconf 83' lang='grc' dir='ltr'>τινα</span> <span class='ocrx_word' id='word_1_456' title='bbox 1677 853 1780 887; x_wconf 82' lang='grc' dir='ltr'>χρόνον</span> <span class='ocrx_word' id='word_1_457' title='bbox 1795 861 1858 887; x_wconf 56' lang='grc' dir='ltr'>περ·</span> 
     </span>
    </p>
   </div>
   <div class='ocr_carea' id='block_1_62' title="bbox 1073 891 1860 932">
    <p class='ocr_par' dir='ltr' id='par_1_62' title="bbox 1073 891 1860 932">
     <span class='ocr_line' id='line_1_62' title="bbox 1073 891 1860 932; baseline 0.008 -15"><span class='ocrx_word' id='word_1_458' title='bbox 1073 891 1285 928; x_wconf 74' lang='grc' dir='ltr'><strong>καθηγησαμένη</strong></span> <span class='ocrx_word' id='word_1_459' title='bbox 1298 893 1348 928; x_wconf 81' lang='grc' dir='ltr'><strong>τῆς</strong></span> <span class='ocrx_word' id='word_1_460' title='bbox 1364 895 1498 930; x_wconf 68' lang='grc' dir='ltr'>πτήσεως,</span> <span class='ocrx_word' id='word_1_461' title='bbox 1516 896 1556 927; x_wconf 76' lang='grc' dir='ltr'>εις</span> <span class='ocrx_word' id='word_1_462' title='bbox 1571 896 1600 923; x_wconf 83' lang='grc' dir='ltr'>τὸ</span> <span class='ocrx_word' id='word_1_463' title='bbox 1617 897 1737 923; x_wconf 80' lang='grc' dir='ltr'>κατόπιν</span> <span class='ocrx_word' id='word_1_464' title='bbox 1754 897 1860 932; x_wconf 80' lang='grc' dir='ltr'>περιελ-</span> 
     </span>
    </p>
   </div>
   <div class='ocr_carea' id='block_1_63' title="bbox 1074 937 1861 978">
    <p class='ocr_par' dir='ltr' id='par_1_63' title="bbox 1074 937 1861 978">
     <span class='ocr_line' id='line_1_63' title="bbox 1074 937 1861 978; baseline 0.008 -15"><span class='ocrx_word' id='word_1_465' title='bbox 1074 937 1158 964; x_wconf 76' lang='grc' dir='ltr'>θοῦσα</span> <span class='ocrx_word' id='word_1_466' title='bbox 1175 939 1207 973; x_wconf 83' lang='grc' dir='ltr'>τῇ</span> <span class='ocrx_word' id='word_1_467' title='bbox 1221 938 1280 973; x_wconf 76' lang='grc' dir='ltr'>μεθ’</span> <span class='ocrx_word' id='word_1_468' title='bbox 1291 939 1376 975; x_wconf 74' lang='grc' dir='ltr'>αὐτὴν</span> <span class='ocrx_word' id='word_1_469' title='bbox 1392 941 1440 974; x_wconf 77' lang='grc' dir='ltr'><strong>τὴν</strong></span> <span class='ocrx_word' id='word_1_470' title='bbox 1454 941 1662 978; x_wconf 59' lang='grc' dir='ltr'>ἡγεμονίανττῆς</span> <span class='ocrx_word' id='word_1_471' title='bbox 1675 942 1739 969; x_wconf 77' lang='grc' dir='ltr'><strong>ὁδοῦ</strong></span> <span class='ocrx_word' id='word_1_472' title='bbox 1752 943 1861 978; x_wconf 71' lang='grc' dir='ltr'>παραδί-</span> 
     </span>
    </p>
   </div>
   <div class='ocr_carea' id='block_1_64' title="bbox 1071 981 1858 1019">
    <p class='ocr_par' dir='ltr' id='par_1_64' title="bbox 1071 981 1858 1019">
     <span class='ocr_line' id='line_1_64' title="bbox 1071 981 1858 1019; baseline 0.009 -11"><span class='ocrx_word' id='word_1_473' title='bbox 1071 981 1165 1009; x_wconf 79' lang='grc' dir='ltr'>δωσιν.</span> <span class='ocrx_word' id='word_1_474' title='bbox 1182 981 1287 1010; x_wconf 80' lang='lat' dir='ltr'><strong>Similia</strong></span> <span class='ocrx_word' id='word_1_475' title='bbox 1305 985 1400 1011; x_wconf 84' lang='lat' dir='ltr'><strong>scribit</strong></span> <span class='ocrx_word' id='word_1_476' title='bbox 1417 986 1588 1019; x_wconf 80' lang='lat' dir='ltr'><strong>Aristoteles,</strong></span> <span class='ocrx_word' id='word_1_477' title='bbox 1613 987 1661 1014; x_wconf 88' lang='lat' dir='ltr'><strong>lib.</strong></span> <span class='ocrx_word' id='word_1_478' title='bbox 1686 995 1714 1014; x_wconf 77' lang='lat' dir='ltr'><strong>lx</strong></span> <span class='ocrx_word' id='word_1_479' title='bbox 1732 987 1775 1014; x_wconf 83' lang='lat' dir='ltr'><strong>De</strong></span> <span class='ocrx_word' id='word_1_480' title='bbox 1799 988 1858 1015; x_wconf 75' lang='lat' dir='ltr'><strong>hist.</strong></span> 
     </span>
    </p>
   </div>
   <div class='ocr_carea' id='block_1_65' title="bbox 1072 1028 1856 1070">
    <p class='ocr_par' dir='ltr' id='par_1_65' title="bbox 1072 1028 1856 1070">
     <span class='ocr_line' id='line_1_65' title="bbox 1072 1028 1856 1070; baseline 0.009 -16"><span class='ocrx_word' id='word_1_481' title='bbox 1072 1028 1168 1060; x_wconf 88' lang='lat' dir='ltr'><strong>anim.,</strong></span> <span class='ocrx_word' id='word_1_482' title='bbox 1183 1036 1244 1063; x_wconf 88' lang='lat' dir='ltr'><strong>cap.</strong></span> <span class='ocrx_word' id='word_1_483' title='bbox 1258 1030 1307 1070; x_wconf 62' lang='lat' dir='ltr'><strong>lt};</strong></span> <span class='ocrx_word' id='word_1_484' title='bbox 1322 1029 1438 1063; x_wconf 80' lang='lat' dir='ltr'><strong>Plinius,</strong></span> <span class='ocrx_word' id='word_1_485' title='bbox 1452 1031 1501 1059; x_wconf 89' lang='lat' dir='ltr'><strong>lib.</strong></span> <span class='ocrx_word' id='word_1_486' title='bbox 1517 1040 1544 1065; x_wconf 72' lang='grc' dir='ltr'><strong>ιι,</strong></span> <span class='ocrx_word' id='word_1_487' title='bbox 1561 1040 1621 1067; x_wconf 81' lang='lat' dir='ltr'><strong>cap.</strong></span> <span class='ocrx_word' id='word_1_488' title='bbox 1635 1033 1691 1066; x_wconf 79' lang='lat'><strong>23;</strong></span> <span class='ocrx_word' id='word_1_489' title='bbox 1716 1033 1808 1064; x_wconf 84' lang='lat' dir='ltr'><strong>Phile.</strong></span> <span class='ocrx_word' id='word_1_490' title='bbox 1831 1035 1856 1061; x_wconf 91' lang='lat' dir='ltr'><strong>iu</strong></span> 
     </span>
    </p>
   </div>
   <div class='ocr_carea' id='block_1_66' title="bbox 1072 1074 1809 1114">
    <p class='ocr_par' dir='ltr' id='par_1_66' title="bbox 1072 1074 1809 1114">
     <span class='ocr_line' id='line_1_66' title="bbox 1072 1074 1809 1114; baseline 0.008 -13"><span class='ocrx_word' id='word_1_491' title='bbox 1072 1074 1190 1108; x_wconf 76' lang='lat' dir='ltr'><strong>lambit;</strong></span> <span class='ocrx_word' id='word_1_492' title='bbox 1204 1075 1338 1109; x_wconf 64' lang='lat' dir='ltr'><strong>Elianus,</strong></span> <span class='ocrx_word' id='word_1_493' title='bbox 1355 1077 1403 1104; x_wconf 89' lang='lat' dir='ltr'><strong>lib.</strong></span> <span class='ocrx_word' id='word_1_494' title='bbox 1422 1085 1441 1104; x_wconf 91' lang='grc' dir='ltr'><strong>ιι</strong></span> <span class='ocrx_word' id='word_1_495' title='bbox 1457 1077 1496 1104; x_wconf 87' lang='lat' dir='ltr'><strong>De</strong></span> <span class='ocrx_word' id='word_1_496' title='bbox 1506 1078 1569 1105; x_wconf 83' lang='lat' dir='ltr'><strong>hist.</strong></span> <span class='ocrx_word' id='word_1_497' title='bbox 1584 1079 1680 1110; x_wconf 85' lang='lat' dir='ltr'><strong>anim.,</strong></span> <span class='ocrx_word' id='word_1_498' title='bbox 1697 1087 1763 1114; x_wconf 87' lang='lat' dir='ltr'><strong>cap.</strong></span> <span class='ocrx_word' id='word_1_499' title='bbox 1782 1081 1809 1107; x_wconf 75' lang='grc' dir='ltr'><strong>Ι.</strong></span> 
     </span>
    </p>
   </div>
   <div class='ocr_carea' id='block_1_67' title="bbox 1107 1120 1856 1157">
    <p class='ocr_par' dir='ltr' id='par_1_67' title="bbox 1107 1120 1856 1157">
     <span class='ocr_line' id='line_1_67' title="bbox 1107 1120 1856 1157; baseline 0.007 -10"><span class='ocrx_word' id='word_1_500' title='bbox 1107 1120 1166 1147; x_wconf 92' lang='lat' dir='ltr'><strong>Col.</strong></span> <span class='ocrx_word' id='word_1_501' title='bbox 1184 1121 1245 1154; x_wconf 75' lang='lat'><strong>735,</strong></span> <span class='ocrx_word' id='word_1_502' title='bbox 1263 1122 1311 1149; x_wconf 93' lang='lat' dir='ltr'><strong>lin.</strong></span> <span class='ocrx_word' id='word_1_503' title='bbox 1331 1123 1356 1150; x_wconf 76' lang='grc'><strong>1.</strong></span> <span class='ocrx_word' id='word_1_504' title='bbox 1388 1123 1439 1150; x_wconf 84' lang='grc' dir='ltr'><strong>Ἐν</strong></span> <span class='ocrx_word' id='word_1_505' title='bbox 1453 1123 1488 1149; x_wconf 82' lang='grc' dir='ltr'><strong>δὲ</strong></span> <span class='ocrx_word' id='word_1_506' title='bbox 1501 1123 1542 1156; x_wconf 84' lang='grc' dir='ltr'>τῷ</span> <span class='ocrx_word' id='word_1_507' title='bbox 1556 1124 1726 1152; x_wconf 63' lang='grc' dir='ltr'>καθεύδειν.</span> <span class='ocrx_word' id='word_1_508' title='bbox 1740 1124 1856 1157; x_wconf 76' lang='lat' dir='ltr'><strong>Plinius,</strong></span> 
     </span>
    </p>
   </div>
   <div class='ocr_carea' id='block_1_68' title="bbox 1071 1166 1858 1203">
    <p class='ocr_par' dir='ltr' id='par_1_68' title="bbox 1071 1166 1858 1203">
     <span class='ocr_line' id='line_1_68' title="bbox 1071 1166 1858 1203; baseline 0.006 -10"><span class='ocrx_word' id='word_1_509' title='bbox 1071 1166 1118 1194; x_wconf 88' lang='lat' dir='ltr'><strong>lib.</strong></span> <span class='ocrx_word' id='word_1_510' title='bbox 1134 1174 1163 1199; x_wconf 73' lang='grc' dir='ltr'><strong>ι,</strong></span> <span class='ocrx_word' id='word_1_511' title='bbox 1177 1174 1237 1202; x_wconf 87' lang='lat' dir='ltr'><strong>cap.</strong></span> <span class='ocrx_word' id='word_1_512' title='bbox 1262 1167 1314 1201; x_wconf 75' lang='lat'><strong>25;</strong></span> <span class='ocrx_word' id='word_1_513' title='bbox 1340 1167 1515 1202; x_wconf 78' lang='lat' dir='ltr'><strong>Plutarchus,</strong></span> <span class='ocrx_word' id='word_1_514' title='bbox 1541 1169 1580 1197; x_wconf 84' lang='lat' dir='ltr'><strong>De</strong></span> <span class='ocrx_word' id='word_1_515' title='bbox 1607 1170 1699 1197; x_wconf 84' lang='lat' dir='ltr'><strong>solert.</strong></span> <span class='ocrx_word' id='word_1_516' title='bbox 1733 1172 1858 1203; x_wconf 80' lang='lat' dir='ltr'><strong>animal.;</strong></span> 
     </span>
    </p>
   </div>
   <div class='ocr_carea' id='block_1_69' title="bbox 1072 1211 1856 1248">
    <p class='ocr_par' dir='ltr' id='par_1_69' title="bbox 1072 1211 1856 1248">
     <span class='ocr_line' id='line_1_69' title="bbox 1072 1211 1856 1248; baseline 0.008 -10"><span class='ocrx_word' id='word_1_517' title='bbox 1072 1211 1173 1243; x_wconf 89' lang='lat' dir='ltr'><strong>llorus.</strong></span> <span class='ocrx_word' id='word_1_518' title='bbox 1186 1212 1235 1240; x_wconf 90' lang='lat' dir='ltr'><strong>lib.</strong></span> <span class='ocrx_word' id='word_1_519' title='bbox 1250 1221 1280 1246; x_wconf 87' lang='grc' dir='ltr'><strong>ιι,</strong></span> <span class='ocrx_word' id='word_1_520' title='bbox 1297 1220 1358 1248; x_wconf 86' lang='lat' dir='ltr'><strong>cap.</strong></span> <span class='ocrx_word' id='word_1_521' title='bbox 1373 1214 1425 1247; x_wconf 71' lang='lat' dir='ltr'><strong>9b;</strong></span> <span class='ocrx_word' id='word_1_522' title='bbox 1450 1214 1623 1248; x_wconf 79' lang='lat' dir='ltr'><strong>Aristoteles,</strong></span> <span class='ocrx_word' id='word_1_523' title='bbox 1640 1217 1688 1243; x_wconf 91' lang='lat' dir='ltr'><strong>lib.</strong></span> <span class='ocrx_word' id='word_1_524' title='bbox 1708 1225 1748 1248; x_wconf 75' lang='lat' dir='ltr'><strong>Ix,</strong></span> <span class='ocrx_word' id='word_1_525' title='bbox 1764 1217 1805 1244; x_wconf 86' lang='lat' dir='ltr'><strong>De</strong></span> <span class='ocrx_word' id='word_1_526' title='bbox 1820 1218 1856 1244; x_wconf 85' lang='lat' dir='ltr'><strong>hi-</strong></span> 
     </span>
    </p>
   </div>
   <div class='ocr_carea' id='block_1_70' title="bbox 1071 1259 1856 1296">
    <p class='ocr_par' dir='ltr' id='par_1_70' title="bbox 1071 1259 1856 1296">
     <span class='ocr_line' id='line_1_70' title="bbox 1071 1259 1856 1296; baseline 0.01 -12"><span class='ocrx_word' id='word_1_527' title='bbox 1071 1263 1136 1285; x_wconf 88' lang='lat' dir='ltr'><strong>stor.</strong></span> <span class='ocrx_word' id='word_1_528' title='bbox 1165 1259 1289 1290; x_wconf 56' lang='grc' dir='ltr'>Μίνωι,</span> <span class='ocrx_word' id='word_1_529' title='bbox 1320 1267 1380 1294; x_wconf 88' lang='lat' dir='ltr'><strong>cap.</strong></span> <span class='ocrx_word' id='word_1_530' title='bbox 1412 1260 1462 1293; x_wconf 72' lang='lat'><strong>10;</strong></span> <span class='ocrx_word' id='word_1_531' title='bbox 1486 1260 1634 1293; x_wconf 65' lang='lat' dir='ltr'><strong>Gregorius</strong></span> <span class='ocrx_word' id='word_1_532' title='bbox 1653 1262 1856 1296; x_wconf 79' lang='lat' dir='ltr'><strong>Nazianzenus.</strong></span> 
     </span>
    </p>
   </div>
   <div class='ocr_carea' id='block_1_71' title="bbox 1070 1305 1855 1341">
    <p class='ocr_par' dir='ltr' id='par_1_71' title="bbox 1070 1305 1855 1341">
     <span class='ocr_line' id='line_1_71' title="bbox 1070 1305 1855 1341; baseline 0.008 -11"><span class='ocrx_word' id='word_1_533' title='bbox 1070 1308 1140 1331; x_wconf 93' lang='lat' dir='ltr'><strong>orat.</strong></span> <span class='ocrx_word' id='word_1_534' title='bbox 1157 1305 1184 1337; x_wconf 77' lang='lat'><strong>2,</strong></span> <span class='ocrx_word' id='word_1_535' title='bbox 1201 1305 1234 1332; x_wconf 90' lang='lat' dir='ltr'><strong>de</strong></span> <span class='ocrx_word' id='word_1_536' title='bbox 1261 1305 1426 1340; x_wconf 85' lang='lat' dir='ltr'><strong>Theologia;</strong></span> <span class='ocrx_word' id='word_1_537' title='bbox 1445 1305 1584 1340; x_wconf 62' lang='lat' dir='ltr'><strong>Elianus,</strong></span> <span class='ocrx_word' id='word_1_538' title='bbox 1604 1309 1650 1336; x_wconf 89' lang='lat' dir='ltr'><strong>lib.</strong></span> <span class='ocrx_word' id='word_1_539' title='bbox 1671 1316 1716 1341; x_wconf 84' lang='lat' dir='ltr'><strong>nl.</strong></span> <span class='ocrx_word' id='word_1_540' title='bbox 1740 1310 1782 1338; x_wconf 83' lang='lat' dir='ltr'><strong>De</strong></span> <span class='ocrx_word' id='word_1_541' title='bbox 1797 1311 1855 1337; x_wconf 69' lang='lat' dir='ltr'><strong>hist.</strong></span> 
     </span>
    </p>
   </div>
   <div class='ocr_carea' id='block_1_72' title="bbox 1071 1352 1855 1389">
    <p class='ocr_par' dir='ltr' id='par_1_72' title="bbox 1071 1352 1855 1389">
     <span class='ocr_line' id='line_1_72' title="bbox 1071 1352 1855 1389; baseline 0.01 -12"><span class='ocrx_word' id='word_1_542' title='bbox 1071 1352 1165 1384; x_wconf 84' lang='lat' dir='ltr'><strong>anim.,</strong></span> <span class='ocrx_word' id='word_1_543' title='bbox 1182 1359 1243 1387; x_wconf 89' lang='lat' dir='ltr'><strong>cap.</strong></span> <span class='ocrx_word' id='word_1_544' title='bbox 1260 1352 1309 1384; x_wconf 77' lang='lat' dir='ltr'><strong>l3;</strong></span> <span class='ocrx_word' id='word_1_545' title='bbox 1326 1352 1459 1382; x_wconf 82' lang='lat' dir='ltr'><strong>Maximus</strong></span> <span class='ocrx_word' id='word_1_546' title='bbox 1471 1354 1581 1389; x_wconf 83' lang='lat' dir='ltr'><strong>Tyrius,</strong></span> <span class='ocrx_word' id='word_1_547' title='bbox 1595 1360 1665 1383; x_wconf 86' lang='lat' dir='ltr'><strong>orat.</strong></span> <span class='ocrx_word' id='word_1_548' title='bbox 1678 1356 1734 1388; x_wconf 67' lang='lat'><strong>40;</strong></span> <span class='ocrx_word' id='word_1_549' title='bbox 1751 1357 1855 1389; x_wconf 83' lang='lat' dir='ltr'><strong>Cicero.</strong></span> 
     </span>
    </p>
   </div>
   <div class='ocr_carea' id='block_1_73' title="bbox 1071 1396 1855 1433">
    <p class='ocr_par' dir='ltr' id='par_1_73' title="bbox 1071 1396 1855 1433">
     <span class='ocr_line' id='line_1_73' title="bbox 1071 1396 1855 1433; baseline 0.01 -11"><span class='ocrx_word' id='word_1_550' title='bbox 1071 1404 1090 1422; x_wconf 91' lang='grc' dir='ltr'><strong>ιι</strong></span> <span class='ocrx_word' id='word_1_551' title='bbox 1107 1396 1144 1423; x_wconf 83' lang='lat' dir='ltr'><strong>De</strong></span> <span class='ocrx_word' id='word_1_552' title='bbox 1158 1401 1255 1423; x_wconf 85' lang='lat' dir='ltr'><strong>natura</strong></span> <span class='ocrx_word' id='word_1_553' title='bbox 1281 1397 1411 1430; x_wconf 85' lang='lat' dir='ltr'><strong>dearum;</strong></span> <span class='ocrx_word' id='word_1_554' title='bbox 1435 1398 1557 1431; x_wconf 85' lang='lat' dir='ltr'><strong>Solinus,</strong></span> <span class='ocrx_word' id='word_1_555' title='bbox 1573 1400 1699 1429; x_wconf 86' lang='lat' dir='ltr'><strong>Andreas</strong></span> <span class='ocrx_word' id='word_1_556' title='bbox 1723 1402 1855 1433; x_wconf 80' lang='lat' dir='ltr'><strong>Alciatus.</strong></span> 
     </span>
    </p>
   </div>
   <div class='ocr_carea' id='block_1_74' title="bbox 1070 1442 1857 1482">
    <p class='ocr_par' dir='ltr' id='par_1_74' title="bbox 1070 1442 1857 1482">
     <span class='ocr_line' id='line_1_74' title="bbox 1070 1442 1857 1482; baseline 0.009 -14"><span class='ocrx_word' id='word_1_557' title='bbox 1070 1442 1116 1469; x_wconf 91' lang='lat' dir='ltr'><strong>lib.</strong></span> <span class='ocrx_word' id='word_1_558' title='bbox 1135 1442 1313 1478; x_wconf 82' lang='lat' dir='ltr'><strong>Il’arergon.,</strong></span> <span class='ocrx_word' id='word_1_559' title='bbox 1330 1451 1390 1478; x_wconf 88' lang='lat' dir='ltr'><strong>cap.</strong></span> <span class='ocrx_word' id='word_1_560' title='bbox 1406 1444 1452 1475; x_wconf 70' lang='lat'><strong>20,</strong></span> <span class='ocrx_word' id='word_1_561' title='bbox 1468 1446 1514 1479; x_wconf 91' lang='lat' dir='ltr'><strong>qui</strong></span> <span class='ocrx_word' id='word_1_562' title='bbox 1532 1450 1589 1472; x_wconf 92' lang='lat' dir='ltr'><strong>tum</strong></span> <span class='ocrx_word' id='word_1_563' title='bbox 1603 1446 1637 1473; x_wconf 84' lang='lat' dir='ltr'><strong>de</strong></span> <span class='ocrx_word' id='word_1_564' title='bbox 1655 1455 1760 1482; x_wconf 77' lang='lat' dir='ltr'><strong>gruum</strong></span> <span class='ocrx_word' id='word_1_565' title='bbox 1779 1456 1857 1475; x_wconf 73' lang='lat' dir='ltr'><strong>excu-</strong></span> 
     </span>
    </p>
   </div>
   <div class='ocr_carea' id='block_1_75' title="bbox 1070 1489 1855 1525">
    <p class='ocr_par' dir='ltr' id='par_1_75' title="bbox 1070 1489 1855 1525">
     <span class='ocr_line' id='line_1_75' title="bbox 1070 1489 1855 1525; baseline 0.008 -10"><span class='ocrx_word' id='word_1_566' title='bbox 1070 1489 1132 1520; x_wconf 87' lang='lat' dir='ltr'><strong>biis.</strong></span> <span class='ocrx_word' id='word_1_567' title='bbox 1159 1493 1216 1516; x_wconf 92' lang='lat' dir='ltr'><strong>tum</strong></span> <span class='ocrx_word' id='word_1_568' title='bbox 1242 1490 1332 1516; x_wconf 81' lang='lat' dir='ltr'><strong>volatu</strong></span> <span class='ocrx_word' id='word_1_569' title='bbox 1350 1494 1481 1518; x_wconf 86' lang='lat' dir='ltr'><strong>tractant.</strong></span> <span class='ocrx_word' id='word_1_570' title='bbox 1497 1491 1529 1518; x_wconf 88' lang='lat' dir='ltr'><strong>Et</strong></span> <span class='ocrx_word' id='word_1_571' title='bbox 1543 1492 1742 1525; x_wconf 86' lang='lat' dir='ltr'><strong>Cassiodorus,</strong></span> <span class='ocrx_word' id='word_1_572' title='bbox 1754 1494 1804 1521; x_wconf 88' lang='lat' dir='ltr'><strong>lib.</strong></span> <span class='ocrx_word' id='word_1_573' title='bbox 1822 1503 1855 1524; x_wconf 80' lang='lat' dir='ltr'><strong>Ix.</strong></span> 
     </span>
    </p>
   </div>
   <div class='ocr_carea' id='block_1_76' title="bbox 1068 1533 1856 1569">
    <p class='ocr_par' dir='ltr' id='par_1_76' title="bbox 1068 1533 1856 1569">
     <span class='ocr_line' id='line_1_76' title="bbox 1068 1533 1856 1569; baseline 0.008 -8"><span class='ocrx_word' id='word_1_574' title='bbox 1068 1534 1148 1569; x_wconf 83' lang='lat' dir='ltr'><strong>epist.</strong></span> <span class='ocrx_word' id='word_1_575' title='bbox 1165 1534 1183 1561; x_wconf 72' lang='lat'><strong>2</strong></span> <span class='ocrx_word' id='word_1_576' title='bbox 1198 1544 1204 1561; x_wconf 86' lang='lat'>:</span> <span class='ocrx_word' id='word_1_577' title='bbox 1224 1533 1306 1562; x_wconf 77' lang='lat' dir='ltr'><strong>Grues</strong></span> <span class='ocrx_word' id='word_1_578' title='bbox 1319 1537 1445 1563; x_wconf 80' lang='lat' dir='ltr'><strong>moralem</strong></span> <span class='ocrx_word' id='word_1_579' title='bbox 1462 1543 1586 1564; x_wconf 69' lang='lat' dir='ltr'><strong>noverunt</strong></span> <span class='ocrx_word' id='word_1_580' title='bbox 1605 1546 1729 1566; x_wconf 64' lang='lat' dir='ltr'><strong>exercere</strong></span> <span class='ocrx_word' id='word_1_581' title='bbox 1751 1548 1856 1566; x_wconf 78' lang='lat' dir='ltr'><strong>concor-</strong></span> 
     </span>
    </p>
   </div>
   <div class='ocr_carea' id='block_1_77' title="bbox 1069 1582 1856 1621">
    <p class='ocr_par' dir='ltr' id='par_1_77' title="bbox 1069 1582 1856 1621">
     <span class='ocr_line' id='line_1_77' title="bbox 1069 1582 1856 1621; baseline 0.008 -15"><span class='ocrx_word' id='word_1_582' title='bbox 1069 1582 1140 1607; x_wconf 84' lang='lat' dir='ltr'><strong>diam</strong></span> <span class='ocrx_word' id='word_1_583' title='bbox 1156 1589 1165 1608; x_wconf 93' lang='lat'><em>:</em></span> <span class='ocrx_word' id='word_1_584' title='bbox 1180 1582 1248 1608; x_wconf 79' lang='lat' dir='ltr'><strong>inter</strong></span> <span class='ocrx_word' id='word_1_585' title='bbox 1266 1590 1331 1616; x_wconf 85' lang='lat' dir='ltr'><strong>quas</strong></span> <span class='ocrx_word' id='word_1_586' title='bbox 1358 1583 1446 1610; x_wconf 83' lang='lat' dir='ltr'><strong>nullus</strong></span> <span class='ocrx_word' id='word_1_587' title='bbox 1477 1584 1607 1617; x_wconf 63' lang='lat' dir='ltr'><strong>primatus</strong></span> <span class='ocrx_word' id='word_1_588' title='bbox 1631 1587 1784 1620; x_wconf 70' lang='lat' dir='ltr'><strong>quieritur;</strong></span> <span class='ocrx_word' id='word_1_589' title='bbox 1799 1587 1856 1621; x_wconf 83' lang='lat' dir='ltr'><strong>quia</strong></span> 
     </span>
    </p>
   </div>
   <div class='ocr_carea' id='block_1_78' title="bbox 1069 1626 1855 1663">
    <p class='ocr_par' dir='ltr' id='par_1_78' title="bbox 1069 1626 1855 1663">
     <span class='ocr_line' id='line_1_78' title="bbox 1069 1626 1855 1663; baseline 0.006 -12"><span class='ocrx_word' id='word_1_590' title='bbox 1069 1626 1216 1660; x_wconf 78' lang='lat' dir='ltr'><strong>iniquitatis</strong></span> <span class='ocrx_word' id='word_1_591' title='bbox 1232 1626 1346 1654; x_wconf 81' lang='lat' dir='ltr'><strong>ambitus</strong></span> <span class='ocrx_word' id='word_1_592' title='bbox 1359 1636 1410 1654; x_wconf 87' lang='lat' dir='ltr'><strong>non</strong></span> <span class='ocrx_word' id='word_1_593' title='bbox 1434 1628 1555 1656; x_wconf 81' lang='lat' dir='ltr'><strong>habetur.</strong></span> <span class='ocrx_word' id='word_1_594' title='bbox 1586 1629 1707 1663; x_wconf 80' lang='lat' dir='ltr'><strong>Vigilant</strong></span> <span class='ocrx_word' id='word_1_595' title='bbox 1730 1630 1855 1662; x_wconf 74' lang='lat' dir='ltr'><strong>uicissim,</strong></span> 
     </span>
    </p>
   </div>
   <div class='ocr_carea' id='block_1_79' title="bbox 1069 1672 1856 1709">
    <p class='ocr_par' dir='ltr' id='par_1_79' title="bbox 1069 1672 1856 1709">
     <span class='ocr_line' id='line_1_79' title="bbox 1069 1672 1856 1709; baseline 0.006 -11"><span class='ocrx_word' id='word_1_596' title='bbox 1069 1672 1200 1698; x_wconf 85' lang='lat' dir='ltr'><strong>communi</strong></span> <span class='ocrx_word' id='word_1_597' title='bbox 1216 1681 1243 1699; x_wconf 83' lang='lat' dir='ltr'><strong>se</strong></span> <span class='ocrx_word' id='word_1_598' title='bbox 1257 1673 1361 1700; x_wconf 83' lang='lat' dir='ltr'><strong>cautela</strong></span> <span class='ocrx_word' id='word_1_599' title='bbox 1376 1673 1538 1706; x_wconf 84' lang='lat' dir='ltr'><strong>custodiunt,</strong></span> <span class='ocrx_word' id='word_1_600' title='bbox 1556 1674 1610 1708; x_wconf 75' lang='lat' dir='ltr'><strong>ipse</strong></span> <span class='ocrx_word' id='word_1_601' title='bbox 1621 1680 1717 1709; x_wconf 70' lang='lat' dir='ltr'><strong>pastus</strong></span> <span class='ocrx_word' id='word_1_602' title='bbox 1740 1677 1856 1703; x_wconf 74' lang='lat' dir='ltr'><strong>alterum</strong></span> 
     </span>
    </p>
   </div>
   <div class='ocr_carea' id='block_1_80' title="bbox 1068 1716 1859 1750">
    <p class='ocr_par' dir='ltr' id='par_1_80' title="bbox 1068 1716 1859 1750">
     <span class='ocr_line' id='line_1_80' title="bbox 1068 1716 1859 1750; baseline 0.005 -7"><span class='ocrx_word' id='word_1_603' title='bbox 1068 1722 1116 1744; x_wconf 86' lang='lat' dir='ltr'><strong>est.</strong></span> <span class='ocrx_word' id='word_1_604' title='bbox 1133 1716 1177 1744; x_wconf 85' lang='lat' dir='ltr'><strong>Sic</strong></span> <span class='ocrx_word' id='word_1_605' title='bbox 1191 1717 1275 1744; x_wconf 84' lang='lat' dir='ltr'><strong>honor</strong></span> <span class='ocrx_word' id='word_1_606' title='bbox 1286 1719 1367 1746; x_wconf 85' lang='lat' dir='ltr'><strong>nullis</strong></span> <span class='ocrx_word' id='word_1_607' title='bbox 1379 1719 1517 1750; x_wconf 80' lang='lat' dir='ltr'><strong>adimitur,</strong></span> <span class='ocrx_word' id='word_1_608' title='bbox 1534 1719 1596 1745; x_wconf 90' lang='lat' dir='ltr'><strong>dum</strong></span> <span class='ocrx_word' id='word_1_609' title='bbox 1617 1721 1710 1746; x_wconf 81' lang='lat' dir='ltr'><strong>omnia</strong></span> <span class='ocrx_word' id='word_1_610' title='bbox 1727 1721 1778 1747; x_wconf 83' lang='lat' dir='ltr'><strong>sub</strong></span> <span class='ocrx_word' id='word_1_611' title='bbox 1795 1731 1859 1748; x_wconf 81' lang='lat' dir='ltr'><strong>cont-</strong></span> 
     </span>
    </p>
   </div>
   <div class='ocr_carea' id='block_1_81' title="bbox 1068 1763 1858 1801">
    <p class='ocr_par' dir='ltr' id='par_1_81' title="bbox 1068 1763 1858 1801">
     <span class='ocr_line' id='line_1_81' title="bbox 1068 1763 1858 1801; baseline 0.005 -13"><span class='ocrx_word' id='word_1_612' title='bbox 1068 1763 1189 1789; x_wconf 76' lang='lat' dir='ltr'><strong>munione</strong></span> <span class='ocrx_word' id='word_1_613' title='bbox 1204 1769 1349 1790; x_wconf 80' lang='lat' dir='ltr'><strong>servantur.</strong></span> <span class='ocrx_word' id='word_1_614' title='bbox 1364 1764 1412 1791; x_wconf 79' lang='lat' dir='ltr'><strong>lIis</strong></span> <span class='ocrx_word' id='word_1_615' title='bbox 1423 1765 1503 1791; x_wconf 87' lang='lat' dir='ltr'><strong>etiam</strong></span> <span class='ocrx_word' id='word_1_616' title='bbox 1517 1764 1620 1791; x_wconf 76' lang='lat' dir='ltr'><strong>volatus</strong></span> <span class='ocrx_word' id='word_1_617' title='bbox 1632 1765 1735 1792; x_wconf 82' lang='lat' dir='ltr'><strong>vicaria</strong></span> <span class='ocrx_word' id='word_1_618' title='bbox 1751 1768 1858 1801; x_wconf 65' lang='lat' dir='ltr'><strong>a‘quas‘i-</strong></span> 
     </span>
    </p>
   </div>
   <div class='ocr_carea' id='block_1_82' title="bbox 1069 1809 1858 1846">
    <p class='ocr_par' dir='ltr' id='par_1_82' title="bbox 1069 1809 1858 1846">
     <span class='ocr_line' id='line_1_82' title="bbox 1069 1809 1858 1846; baseline 0.004 -12"><span class='ocrx_word' id='word_1_619' title='bbox 1069 1813 1121 1834; x_wconf 81' lang='lat' dir='ltr'><strong>tate</strong></span> <span class='ocrx_word' id='word_1_620' title='bbox 1135 1809 1295 1842; x_wconf 77' lang='lat' dir='ltr'><strong>disponitur,</strong></span> <span class='ocrx_word' id='word_1_621' title='bbox 1318 1810 1414 1836; x_wconf 88' lang='lat' dir='ltr'><strong>ultima</strong></span> <span class='ocrx_word' id='word_1_622' title='bbox 1429 1810 1459 1844; x_wconf 79' lang='lat' dir='ltr'><strong>ﬁt</strong></span> <span class='ocrx_word' id='word_1_623' title='bbox 1477 1811 1574 1844; x_wconf 84' lang='lat' dir='ltr'><strong>prima,</strong></span> <span class='ocrx_word' id='word_1_624' title='bbox 1596 1815 1622 1837; x_wconf 86' lang='lat' dir='ltr'><strong>et</strong></span> <span class='ocrx_word' id='word_1_625' title='bbox 1637 1819 1696 1846; x_wconf 70' lang='lat' dir='ltr'><strong>qum</strong></span> <span class='ocrx_word' id='word_1_626' title='bbox 1714 1812 1858 1844; x_wconf 82' lang='lat' dir='ltr'><strong>primatum</strong></span> 
     </span>
    </p>
   </div>
   <div class='ocr_carea' id='block_1_83' title="bbox 1068 1855 1858 1891">
    <p class='ocr_par' dir='ltr' id='par_1_83' title="bbox 1068 1855 1858 1891">
     <span class='ocr_line' id='line_1_83' title="bbox 1068 1855 1858 1891; baseline 0.005 -11"><span class='ocrx_word' id='word_1_627' title='bbox 1068 1855 1150 1880; x_wconf 83' lang='lat' dir='ltr'><strong>tenuit</strong></span> <span class='ocrx_word' id='word_1_628' title='bbox 1162 1863 1218 1882; x_wconf 79' lang='lat' dir='ltr'><strong>esse</strong></span> <span class='ocrx_word' id='word_1_629' title='bbox 1230 1856 1359 1889; x_wconf 83' lang='lat' dir='ltr'><strong>posterior</strong></span> <span class='ocrx_word' id='word_1_630' title='bbox 1373 1864 1423 1882; x_wconf 85' lang='lat' dir='ltr'><strong>non</strong></span> <span class='ocrx_word' id='word_1_631' title='bbox 1439 1861 1552 1883; x_wconf 78' lang='lat' dir='ltr'><strong>recusat.</strong></span> <span class='ocrx_word' id='word_1_632' title='bbox 1576 1855 1620 1882; x_wconf 84' lang='lat' dir='ltr'><strong>Sic</strong></span> <span class='ocrx_word' id='word_1_633' title='bbox 1634 1857 1758 1891; x_wconf 85' lang='lat' dir='ltr'><strong>quadam</strong></span> <span class='ocrx_word' id='word_1_634' title='bbox 1790 1866 1858 1884; x_wconf 75' lang='lat' dir='ltr'><strong>com-</strong></span> 
     </span>
    </p>
   </div>
   <div class='ocr_carea' id='block_1_84' title="bbox 1068 1899 1859 1936">
    <p class='ocr_par' dir='ltr' id='par_1_84' title="bbox 1068 1899 1859 1936">
     <span class='ocr_line' id='line_1_84' title="bbox 1068 1899 1859 1936; baseline 0.005 -11"><span class='ocrx_word' id='word_1_635' title='bbox 1068 1900 1190 1926; x_wconf 86' lang='lat' dir='ltr'><strong>munione</strong></span> <span class='ocrx_word' id='word_1_636' title='bbox 1211 1900 1319 1927; x_wconf 83' lang='lat' dir='ltr'><strong>soct&#39;ata:</strong></span> <span class='ocrx_word' id='word_1_637' title='bbox 1330 1899 1381 1926; x_wconf 81' lang='lat' dir='ltr'><strong>sibi</strong></span> <span class='ocrx_word' id='word_1_638' title='bbox 1399 1901 1455 1927; x_wconf 85' lang='lat' dir='ltr'><strong>sine</strong></span> <span class='ocrx_word' id='word_1_639' title='bbox 1473 1901 1574 1936; x_wconf 77' lang='lat' dir='ltr'><strong>regibus</strong></span> <span class='ocrx_word' id='word_1_640' title='bbox 1591 1901 1789 1936; x_wconf 82' lang='lat' dir='ltr'><strong>obsequuntur,</strong></span> <span class='ocrx_word' id='word_1_641' title='bbox 1806 1903 1859 1929; x_wconf 75' lang='lat' dir='ltr'><strong>sine</strong></span> 
     </span>
    </p>
   </div>
   <div class='ocr_carea' id='block_1_85' title="bbox 1067 1944 1859 1980">
    <p class='ocr_par' dir='ltr' id='par_1_85' title="bbox 1067 1944 1859 1980">
     <span class='ocr_line' id='line_1_85' title="bbox 1067 1944 1859 1980; baseline 0.005 -10"><span class='ocrx_word' id='word_1_642' title='bbox 1067 1944 1205 1971; x_wconf 85' lang='lat' dir='ltr'><strong>dominatu</strong></span> <span class='ocrx_word' id='word_1_643' title='bbox 1217 1950 1320 1980; x_wconf 81' lang='lat' dir='ltr'><strong>parent,</strong></span> <span class='ocrx_word' id='word_1_644' title='bbox 1333 1946 1389 1972; x_wconf 85' lang='lat' dir='ltr'><strong>sine</strong></span> <span class='ocrx_word' id='word_1_645' title='bbox 1403 1950 1501 1972; x_wconf 84' lang='lat' dir='ltr'><strong>terrore</strong></span> <span class='ocrx_word' id='word_1_646' title='bbox 1525 1947 1704 1978; x_wconf 80' lang='lat' dir='ltr'><strong>famulantur.</strong></span> <span class='ocrx_word' id='word_1_647' title='bbox 1728 1947 1859 1975; x_wconf 80' lang='lat' dir='ltr'><strong>Volunta-</strong></span> 
     </span>
    </p>
   </div>
   <div class='ocr_carea' id='block_1_86' title="bbox 1067 1990 1858 2028">
    <p class='ocr_par' dir='ltr' id='par_1_86' title="bbox 1067 1990 1858 2028">
     <span class='ocr_line' id='line_1_86' title="bbox 1067 1990 1858 2028; baseline 0.005 -12"><span class='ocrx_word' id='word_1_648' title='bbox 1067 1990 1114 2016; x_wconf 80' lang='lat' dir='ltr'><strong>ria:</strong></span> <span class='ocrx_word' id='word_1_649' title='bbox 1137 1990 1272 2016; x_wconf 71' lang='lat' dir='ltr'><strong>serviendo</strong></span> <span class='ocrx_word' id='word_1_650' title='bbox 1301 1990 1390 2017; x_wconf 76' lang='lat' dir='ltr'><strong>liberte</strong></span> <span class='ocrx_word' id='word_1_651' title='bbox 1411 1996 1482 2022; x_wconf 84' lang='lat' dir='ltr'><strong>sunt,</strong></span> <span class='ocrx_word' id='word_1_652' title='bbox 1501 1996 1525 2017; x_wconf 86' lang='lat' dir='ltr'><strong>et</strong></span> <span class='ocrx_word' id='word_1_653' title='bbox 1541 1991 1651 2018; x_wconf 81' lang='lat' dir='ltr'><strong>invicem</strong></span> <span class='ocrx_word' id='word_1_654' title='bbox 1667 2000 1696 2019; x_wconf 83' lang='lat' dir='ltr'><strong>se</strong></span> <span class='ocrx_word' id='word_1_655' title='bbox 1722 1993 1858 2028; x_wconf 75' lang='lat' dir='ltr'><strong>diligendo</strong></span> 
     </span>
    </p>
   </div>
   <div class='ocr_carea' id='block_1_87' title="bbox 1067 2036 1859 2070">
    <p class='ocr_par' dir='ltr' id='par_1_87' title="bbox 1067 2036 1859 2070">
     <span class='ocr_line' id='line_1_87' title="bbox 1067 2036 1859 2070; baseline 0.005 -9"><span class='ocrx_word' id='word_1_656' title='bbox 1067 2036 1230 2062; x_wconf 83' lang='lat' dir='ltr'><strong>muniuntur.</strong></span> <span class='ocrx_word' id='word_1_657' title='bbox 1241 2036 1360 2067; x_wconf 82' lang='lat' dir='ltr'><strong>Quarum</strong></span> <span class='ocrx_word' id='word_1_658' title='bbox 1372 2044 1459 2062; x_wconf 88' lang='lat' dir='ltr'><strong>rerum</strong></span> <span class='ocrx_word' id='word_1_659' title='bbox 1472 2037 1624 2070; x_wconf 79' lang='lat' dir='ltr'><strong>scriptores,</strong></span> <span class='ocrx_word' id='word_1_660' title='bbox 1643 2046 1737 2064; x_wconf 85' lang='lat' dir='ltr'><strong>rerum</strong></span> <span class='ocrx_word' id='word_1_661' title='bbox 1749 2044 1859 2065; x_wconf 81' lang='lat' dir='ltr'><strong>natura-</strong></span> 
     </span>
    </p>
   </div>
   <div class='ocr_carea' id='block_1_88' title="bbox 1068 2080 1858 2118">
    <p class='ocr_par' dir='ltr' id='par_1_88' title="bbox 1068 2080 1858 2118">
     <span class='ocr_line' id='line_1_88' title="bbox 1068 2080 1858 2118; baseline 0.006 -12"><span class='ocrx_word' id='word_1_662' title='bbox 1068 2080 1130 2106; x_wconf 80' lang='lat' dir='ltr'><strong>lium</strong></span> <span class='ocrx_word' id='word_1_663' title='bbox 1146 2084 1307 2113; x_wconf 80' lang='lat' dir='ltr'><strong>contuentes,</strong></span> <span class='ocrx_word' id='word_1_664' title='bbox 1332 2081 1453 2115; x_wconf 83' lang='lat' dir='ltr'><strong>politiam</strong></span> <span class='ocrx_word' id='word_1_665' title='bbox 1469 2082 1662 2117; x_wconf 81' lang='lat' dir='ltr'><strong>quodammodo</strong></span> <span class='ocrx_word' id='word_1_666' title='bbox 1689 2084 1762 2110; x_wconf 81' lang='lat' dir='ltr'><strong>inter</strong></span> <span class='ocrx_word' id='word_1_667' title='bbox 1791 2085 1858 2118; x_wconf 76' lang='lat' dir='ltr'><strong>ipsas</strong></span> 
     </span>
    </p>
   </div>
   <div class='ocr_carea' id='block_1_89' title="bbox 1066 2128 1858 2165">
    <p class='ocr_par' dir='ltr' id='par_1_89' title="bbox 1066 2128 1858 2165">
     <span class='ocr_line' id='line_1_89' title="bbox 1066 2128 1858 2165; baseline 0.006 -13"><span class='ocrx_word' id='word_1_668' title='bbox 1066 2134 1122 2152; x_wconf 82' lang='lat' dir='ltr'><strong>esse</strong></span> <span class='ocrx_word' id='word_1_669' title='bbox 1137 2133 1352 2160; x_wconf 82' lang='lat' dir='ltr'><strong>commemorant,</strong></span> <span class='ocrx_word' id='word_1_670' title='bbox 1361 2137 1426 2161; x_wconf 84' lang='lat' dir='ltr'><strong>quas</strong></span> <span class='ocrx_word' id='word_1_671' title='bbox 1435 2129 1515 2155; x_wconf 80' lang='lat' dir='ltr'><strong>ciuica</strong></span> <span class='ocrx_word' id='word_1_672' title='bbox 1529 2128 1624 2162; x_wconf 73' lang='lat' dir='ltr'><strong>affectu</strong></span> <span class='ocrx_word' id='word_1_673' title='bbox 1636 2129 1721 2156; x_wconf 72' lang='lat' dir='ltr'><strong>vivere</strong></span> <span class='ocrx_word' id='word_1_674' title='bbox 1733 2138 1858 2165; x_wconf 66' lang='lat' dir='ltr'><strong>cognora—</strong></span> 
     </span>
    </p>
   </div>
   <div class='ocr_carea' id='block_1_90' title="bbox 233 2171 1857 2210">
    <p class='ocr_par' dir='ltr' id='par_1_90' title="bbox 233 2171 1857 2210">
     <span class='ocr_line' id='line_1_90' title="bbox 233 2171 1857 2210; baseline 0 -9"><span class='ocrx_word' id='word_1_675' title='bbox 233 2174 342 2210; x_wconf 88' lang='grc' dir='ltr'>λαργῶν</span> <span class='ocrx_word' id='word_1_676' title='bbox 368 2174 456 2208; x_wconf 81' lang='grc' dir='ltr'>γένος.</span> <span class='ocrx_word' id='word_1_677' title='bbox 477 2173 543 2206; x_wconf 60' lang='lat' dir='ltr'><strong>Quae</strong></span> <span class='ocrx_word' id='word_1_678' title='bbox 559 2181 700 2208; x_wconf 84' lang='lat' dir='ltr'><strong>perperam</strong></span> <span class='ocrx_word' id='word_1_679' title='bbox 714 2173 793 2199; x_wconf 87' lang='lat' dir='ltr'><strong>aliter</strong></span> <span class='ocrx_word' id='word_1_680' title='bbox 808 2171 904 2198; x_wconf 83' lang='lat' dir='ltr'><strong>Latine</strong></span> <span class='ocrx_word' id='word_1_681' title='bbox 928 2172 1014 2198; x_wconf 82' lang='lat' dir='ltr'><strong>intcr-</strong></span> <span class='ocrx_word' id='word_1_682' title='bbox 1031 2179 1054 2208; x_wconf 68' lang='grc' dir='ltr'><strong>θ</strong></span> <span class='ocrx_word' id='word_1_683' title='bbox 1068 2175 1139 2197; x_wconf 80' lang='lat' dir='ltr'><strong>runt.</strong></span> <span class='ocrx_word' id='word_1_684' title='bbox 1166 2171 1243 2204; x_wconf 88' lang='lat' dir='ltr'><strong>Quod</strong></span> <span class='ocrx_word' id='word_1_685' title='bbox 1270 2176 1360 2199; x_wconf 82' lang='lat' dir='ltr'><strong>autem</strong></span> <span class='ocrx_word' id='word_1_686' title='bbox 1388 2173 1465 2199; x_wconf 87' lang='lat' dir='ltr'><strong>multi</strong></span> <span class='ocrx_word' id='word_1_687' title='bbox 1489 2176 1600 2199; x_wconf 86' lang='lat' dir='ltr'><strong>narrant</strong></span> <span class='ocrx_word' id='word_1_688' title='bbox 1624 2173 1658 2200; x_wconf 90' lang='lat' dir='ltr'><strong>de</strong></span> <span class='ocrx_word' id='word_1_689' title='bbox 1677 2174 1784 2208; x_wconf 80' lang='lat' dir='ltr'><strong>lapide,</strong></span> <span class='ocrx_word' id='word_1_690' title='bbox 1807 2183 1857 2209; x_wconf 84' lang='lat' dir='ltr'><strong>quo</strong></span> 
     </span>
    </p>
   </div>
   <div class='ocr_carea' id='block_1_91' title="bbox 233 2217 1013 2256">
    <p class='ocr_par' dir='ltr' id='par_1_91' title="bbox 233 2217 1013 2256">
     <span class='ocr_line' id='line_1_91' title="bbox 233 2217 1013 2256; baseline -0.004 -9"><span class='ocrx_word' id='word_1_691' title='bbox 233 2225 338 2256; x_wconf 76' lang='lat' dir='ltr'><strong>prolata</strong></span> <span class='ocrx_word' id='word_1_692' title='bbox 355 2224 429 2252; x_wconf 82' lang='lat' dir='ltr'><strong>sunt,</strong></span> <span class='ocrx_word' id='word_1_693' title='bbox 452 2227 514 2246; x_wconf 90' lang='lat' dir='ltr'><strong>cum</strong></span> <span class='ocrx_word' id='word_1_694' title='bbox 531 2219 672 2247; x_wconf 67' lang='lat' dir='ltr'><strong>sententiae</strong></span> <span class='ocrx_word' id='word_1_695' title='bbox 700 2218 822 2245; x_wconf 88' lang='lat' dir='ltr'><strong>auctoris</strong></span> <span class='ocrx_word' id='word_1_696' title='bbox 845 2217 946 2245; x_wconf 60' lang='lat' dir='ltr'><strong>Graeca:</strong></span> <span class='ocrx_word' id='word_1_697' title='bbox 961 2217 1013 2244; x_wconf 86' lang='lat' dir='ltr'><strong>La-</strong></span> 
     </span>
    </p>
   </div>
   <div class='ocr_carea' id='block_1_92' title="bbox 234 2263 1014 2299">
    <p class='ocr_par' dir='ltr' id='par_1_92' title="bbox 234 2263 1014 2299">
     <span class='ocr_line' id='line_1_92' title="bbox 234 2263 1014 2299; baseline -0.004 -6"><span class='ocrx_word' id='word_1_698' title='bbox 234 2268 291 2294; x_wconf 87' lang='lat' dir='ltr'><strong>tina</strong></span> <span class='ocrx_word' id='word_1_699' title='bbox 307 2273 360 2292; x_wconf 91' lang='lat' dir='ltr'><strong>non</strong></span> <span class='ocrx_word' id='word_1_700' title='bbox 375 2264 568 2299; x_wconf 85' lang='lat' dir='ltr'><strong>respondeant.</strong></span> <span class='ocrx_word' id='word_1_701' title='bbox 585 2263 644 2290; x_wconf 88' lang='lat' dir='ltr'><strong>Non</strong></span> <span class='ocrx_word' id='word_1_702' title='bbox 660 2263 733 2290; x_wconf 86' lang='lat' dir='ltr'><strong>enim</strong></span> <span class='ocrx_word' id='word_1_703' title='bbox 751 2263 864 2291; x_wconf 54' lang='lat' dir='ltr'><strong>ciconia</strong></span> <span class='ocrx_word' id='word_1_704' title='bbox 881 2271 914 2290; x_wconf 74' lang='lat' dir='ltr'><strong>ex</strong></span> <span class='ocrx_word' id='word_1_705' title='bbox 934 2264 1014 2298; x_wconf 86' lang='lat' dir='ltr'><strong>aquis</strong></span> 
     </span>
    </p>
   </div>
   <div class='ocr_carea' id='block_1_93' title="bbox 232 2308 1014 2344">
    <p class='ocr_par' dir='ltr' id='par_1_93' title="bbox 232 2308 1014 2344">
     <span class='ocr_line' id='line_1_93' title="bbox 232 2308 1014 2344; baseline -0.003 -6"><span class='ocrx_word' id='word_1_706' title='bbox 232 2311 413 2339; x_wconf 82' lang='lat' dir='ltr'><strong>extrahebant</strong></span> <span class='ocrx_word' id='word_1_707' title='bbox 439 2312 589 2344; x_wconf 83' lang='lat' dir='ltr'><strong>serpentes,</strong></span> <span class='ocrx_word' id='word_1_708' title='bbox 618 2316 687 2343; x_wconf 83' lang='lat' dir='ltr'><strong>quos</strong></span> <span class='ocrx_word' id='word_1_709' title='bbox 716 2308 744 2335; x_wconf 90' lang='lat' dir='ltr'><strong>in</strong></span> <span class='ocrx_word' id='word_1_710' title='bbox 762 2308 865 2343; x_wconf 88' lang='lat' dir='ltr'><strong>plateas</strong></span> <span class='ocrx_word' id='word_1_711' title='bbox 892 2308 1014 2343; x_wconf 85' lang='lat' dir='ltr'><strong>publicas</strong></span> 
     </span>
    </p>
   </div>
   <div class='ocr_carea' id='block_1_94' title="bbox 232 2354 1015 2394">
    <p class='ocr_par' dir='ltr' id='par_1_94' title="bbox 232 2354 1015 2394">
     <span class='ocr_line' id='line_1_94' title="bbox 232 2354 1015 2394; baseline -0.008 -9"><span class='ocrx_word' id='word_1_712' title='bbox 232 2358 412 2394; x_wconf 83' lang='lat' dir='ltr'><strong>proiicerent;</strong></span> <span class='ocrx_word' id='word_1_713' title='bbox 432 2355 480 2383; x_wconf 88' lang='lat' dir='ltr'><strong>sed</strong></span> <span class='ocrx_word' id='word_1_714' title='bbox 496 2354 609 2382; x_wconf 67' lang='lat' dir='ltr'><strong>ciconiae</strong></span> <span class='ocrx_word' id='word_1_715' title='bbox 627 2354 749 2381; x_wconf 89' lang='lat' dir='ltr'><strong>sublatos</strong></span> <span class='ocrx_word' id='word_1_716' title='bbox 778 2357 930 2388; x_wconf 83' lang='lat' dir='ltr'><strong>serpentes,</strong></span> <span class='ocrx_word' id='word_1_717' title='bbox 952 2361 1015 2388; x_wconf 84' lang='lat' dir='ltr'><strong>par-</strong></span> 
     </span>
    </p>
   </div>
   <div class='ocr_carea' id='block_1_95' title="bbox 233 2398 1013 2438">
    <p class='ocr_par' dir='ltr' id='par_1_95' title="bbox 233 2398 1013 2438">
     <span class='ocr_line' id='line_1_95' title="bbox 233 2398 1013 2438; baseline -0.006 -7"><span class='ocrx_word' id='word_1_718' title='bbox 233 2404 282 2431; x_wconf 89' lang='lat' dir='ltr'><strong>tim</strong></span> <span class='ocrx_word' id='word_1_719' title='bbox 298 2404 325 2430; x_wconf 93' lang='lat' dir='ltr'><strong>in</strong></span> <span class='ocrx_word' id='word_1_720' title='bbox 340 2406 448 2438; x_wconf 85' lang='lat' dir='ltr'><strong>puteos,</strong></span> <span class='ocrx_word' id='word_1_721' title='bbox 465 2401 523 2428; x_wconf 87' lang='lat' dir='ltr'><strong>sive</strong></span> <span class='ocrx_word' id='word_1_722' title='bbox 539 2400 674 2427; x_wconf 89' lang='lat' dir='ltr'><strong>cisternas</strong></span> <span class='ocrx_word' id='word_1_723' title='bbox 693 2398 882 2429; x_wconf 83' lang='lat' dir='ltr'><strong>demittebant,</strong></span> <span class='ocrx_word' id='word_1_724' title='bbox 897 2407 1013 2434; x_wconf 90' lang='lat' dir='ltr'><strong>quorum</strong></span> 
     </span>
    </p>
   </div>
   <div class='ocr_carea' id='block_1_96' title="bbox 232 2444 1014 2482">
    <p class='ocr_par' dir='ltr' id='par_1_96' title="bbox 232 2444 1014 2482">
     <span class='ocr_line' id='line_1_96' title="bbox 232 2444 1014 2482; baseline -0.008 -5"><span class='ocrx_word' id='word_1_725' title='bbox 232 2457 338 2477; x_wconf 88' lang='lat' dir='ltr'><strong>veneno</strong></span> <span class='ocrx_word' id='word_1_726' title='bbox 353 2455 430 2482; x_wconf 77' lang='lat' dir='ltr'><strong>aqua:</strong></span> <span class='ocrx_word' id='word_1_727' title='bbox 446 2446 649 2477; x_wconf 86' lang='lat' dir='ltr'><strong>inliciebantur,</strong></span> <span class='ocrx_word' id='word_1_728' title='bbox 668 2445 782 2478; x_wconf 87' lang='lat' dir='ltr'><strong>ideoque</strong></span> <span class='ocrx_word' id='word_1_729' title='bbox 796 2444 902 2472; x_wconf 81' lang='lat' dir='ltr'><strong>civibus</strong></span> <span class='ocrx_word' id='word_1_730' title='bbox 917 2445 1014 2472; x_wconf 88' lang='lat' dir='ltr'><strong>biben-</strong></span> 
     </span>
    </p>
   </div>
   <div class='ocr_carea' id='block_1_97' title="bbox 233 2490 1014 2526">
    <p class='ocr_par' dir='ltr' id='par_1_97' title="bbox 233 2490 1014 2526">
     <span class='ocr_line' id='line_1_97' title="bbox 233 2490 1014 2526; baseline -0.008 -4"><span class='ocrx_word' id='word_1_731' title='bbox 233 2495 305 2522; x_wconf 89' lang='lat' dir='ltr'><strong>tibus</strong></span> <span class='ocrx_word' id='word_1_732' title='bbox 317 2495 415 2524; x_wconf 67' lang='lat' dir='ltr'><strong>noxiai,</strong></span> <span class='ocrx_word' id='word_1_733' title='bbox 432 2493 474 2520; x_wconf 76' lang='lat' dir='ltr'><strong>vel</strong></span> <span class='ocrx_word' id='word_1_734' title='bbox 487 2492 582 2520; x_wconf 89' lang='lat' dir='ltr'><strong>saltem</strong></span> <span class='ocrx_word' id='word_1_735' title='bbox 595 2496 729 2526; x_wconf 63' lang='lat' dir='ltr'><strong>suspecta:</strong></span> <span class='ocrx_word' id='word_1_736' title='bbox 742 2490 935 2522; x_wconf 87' lang='lat' dir='ltr'><strong>reddebantur.</strong></span> <span class='ocrx_word' id='word_1_737' title='bbox 953 2499 1014 2525; x_wconf 84' lang='lat' dir='ltr'><strong>par—</strong></span> 
     </span>
    </p>
   </div>
   <div class='ocr_carea' id='block_1_98' title="bbox 233 2536 1013 2576">
    <p class='ocr_par' dir='ltr' id='par_1_98' title="bbox 233 2536 1013 2576">
     <span class='ocr_line' id='line_1_98' title="bbox 233 2536 1013 2576; baseline -0.006 -8"><span class='ocrx_word' id='word_1_738' title='bbox 233 2542 281 2568; x_wconf 89' lang='lat' dir='ltr'><strong>tim</strong></span> <span class='ocrx_word' id='word_1_739' title='bbox 299 2548 382 2576; x_wconf 76' lang='lat' dir='ltr'><strong>super</strong></span> <span class='ocrx_word' id='word_1_740' title='bbox 391 2540 464 2574; x_wconf 87' lang='lat' dir='ltr'><strong>ipsos</strong></span> <span class='ocrx_word' id='word_1_741' title='bbox 480 2539 552 2566; x_wconf 81' lang='lat' dir='ltr'><strong>cives</strong></span> <span class='ocrx_word' id='word_1_742' title='bbox 566 2537 638 2564; x_wconf 93' lang='lat' dir='ltr'><strong>aliud</strong></span> <span class='ocrx_word' id='word_1_743' title='bbox 652 2540 776 2571; x_wconf 71' lang='lat' dir='ltr'><strong>agentes.</strong></span> <span class='ocrx_word' id='word_1_744' title='bbox 793 2536 834 2563; x_wconf 88' lang='lat' dir='ltr'><strong>vel</strong></span> <span class='ocrx_word' id='word_1_745' title='bbox 852 2537 937 2564; x_wconf 87' lang='lat' dir='ltr'><strong>rebus</strong></span> <span class='ocrx_word' id='word_1_746' title='bbox 952 2537 1013 2563; x_wconf 89' lang='lat' dir='ltr'><strong>aliis</strong></span> 
     </span>
    </p>
   </div>
   <div class='ocr_carea' id='block_1_99' title="bbox 234 2582 1012 2620">
    <p class='ocr_par' dir='ltr' id='par_1_99' title="bbox 234 2582 1012 2620">
     <span class='ocr_line' id='line_1_99' title="bbox 234 2582 1012 2620; baseline -0.006 -6"><span class='ocrx_word' id='word_1_747' title='bbox 234 2587 261 2614; x_wconf 92' lang='lat' dir='ltr'><strong>in</strong></span> <span class='ocrx_word' id='word_1_748' title='bbox 283 2587 373 2614; x_wconf 87' lang='lat' dir='ltr'><strong>triviis</strong></span> <span class='ocrx_word' id='word_1_749' title='bbox 397 2589 424 2613; x_wconf 89' lang='lat' dir='ltr'><strong>et</strong></span> <span class='ocrx_word' id='word_1_750' title='bbox 443 2585 541 2620; x_wconf 87' lang='lat' dir='ltr'><strong>plateis</strong></span> <span class='ocrx_word' id='word_1_751' title='bbox 567 2583 683 2618; x_wconf 89' lang='lat' dir='ltr'><strong>publicis</strong></span> <span class='ocrx_word' id='word_1_752' title='bbox 710 2582 898 2610; x_wconf 87' lang='lat' dir='ltr'><strong>incumbentes</strong></span> <span class='ocrx_word' id='word_1_753' title='bbox 916 2587 1012 2617; x_wconf 66' lang='lat' dir='ltr'><strong>praeter</strong></span> 
     </span>
    </p>
   </div>
   <div class='ocr_carea' id='block_1_100' title="bbox 233 2628 1015 2667">
    <p class='ocr_par' dir='ltr' id='par_1_100' title="bbox 233 2628 1015 2667">
     <span class='ocr_line' id='line_1_100' title="bbox 233 2628 1015 2667; baseline -0.006 -7"><span class='ocrx_word' id='word_1_754' title='bbox 233 2641 320 2667; x_wconf 82' lang='lat' dir='ltr'><strong>spem,</strong></span> <span class='ocrx_word' id='word_1_755' title='bbox 339 2638 365 2659; x_wconf 89' lang='lat' dir='ltr'><strong>et</strong></span> <span class='ocrx_word' id='word_1_756' title='bbox 376 2631 517 2665; x_wconf 83' lang='lat' dir='ltr'><strong>absqueco</strong></span> <span class='ocrx_word' id='word_1_757' title='bbox 530 2629 602 2664; x_wconf 88' lang='lat' dir='ltr'><strong>quod</strong></span> <span class='ocrx_word' id='word_1_758' title='bbox 618 2629 669 2663; x_wconf 55' lang='lat' dir='ltr'><strong>ipsi</strong></span> <span class='ocrx_word' id='word_1_759' title='bbox 686 2628 712 2654; x_wconf 91' lang='lat' dir='ltr'><strong>id</strong></span> <span class='ocrx_word' id='word_1_760' title='bbox 724 2628 914 2661; x_wconf 85' lang='lat' dir='ltr'><strong>odorarentur,</strong></span> <span class='ocrx_word' id='word_1_761' title='bbox 927 2629 1015 2663; x_wconf 88' lang='lat' dir='ltr'><strong>conji-</strong></span> 
     </span>
    </p>
   </div>
   <div class='ocr_carea' id='block_1_101' title="bbox 235 2674 1013 2709">
    <p class='ocr_par' dir='ltr' id='par_1_101' title="bbox 235 2674 1013 2709">
     <span class='ocr_line' id='line_1_101' title="bbox 235 2674 1013 2709; baseline -0.004 -5"><span class='ocrx_word' id='word_1_762' title='bbox 235 2677 351 2704; x_wconf 82' lang='lat' dir='ltr'><strong>ciebant.</strong></span> <span class='ocrx_word' id='word_1_763' title='bbox 363 2675 453 2709; x_wconf 85' lang='lat' dir='ltr'><strong>Quare</strong></span> <span class='ocrx_word' id='word_1_764' title='bbox 466 2677 539 2702; x_wconf 84' lang='lat' dir='ltr'><strong>cives</strong></span> <span class='ocrx_word' id='word_1_765' title='bbox 555 2678 582 2701; x_wconf 93' lang='lat' dir='ltr'><strong>et</strong></span> <span class='ocrx_word' id='word_1_766' title='bbox 606 2677 677 2700; x_wconf 88' lang='lat' dir='ltr'><strong>metu</strong></span> <span class='ocrx_word' id='word_1_767' title='bbox 699 2674 822 2708; x_wconf 88' lang='lat' dir='ltr'><strong>periculi,</strong></span> <span class='ocrx_word' id='word_1_768' title='bbox 849 2678 875 2700; x_wconf 88' lang='lat' dir='ltr'><strong>et</strong></span> <span class='ocrx_word' id='word_1_769' title='bbox 903 2675 1013 2701; x_wconf 84' lang='lat' dir='ltr'><strong>remedii</strong></span> 
     </span>
    </p>
   </div>
   <div class='ocr_carea' id='block_1_102' title="bbox 234 2719 1012 2756">
    <p class='ocr_par' dir='ltr' id='par_1_102' title="bbox 234 2719 1012 2756">
     <span class='ocr_line' id='line_1_102' title="bbox 234 2719 1012 2756; baseline -0.003 -7"><span class='ocrx_word' id='word_1_770' title='bbox 234 2722 332 2756; x_wconf 83' lang='lat' dir='ltr'><strong>ignari,</strong></span> <span class='ocrx_word' id='word_1_771' title='bbox 342 2722 468 2749; x_wconf 84' lang='lat' dir='ltr'><strong>maximis</strong></span> <span class='ocrx_word' id='word_1_772' title='bbox 477 2721 642 2755; x_wconf 76' lang='lat' dir='ltr'><strong>urgebantur</strong></span> <span class='ocrx_word' id='word_1_773' title='bbox 654 2719 797 2753; x_wconf 76' lang='lat' dir='ltr'><strong>angustiis.</strong></span> <span class='ocrx_word' id='word_1_774' title='bbox 811 2719 897 2746; x_wconf 88' lang='lat' dir='ltr'><strong>Simili</strong></span> <span class='ocrx_word' id='word_1_775' title='bbox 910 2727 1012 2750; x_wconf 80' lang='lat' dir='ltr'><strong>errore.</strong></span> 
     </span>
    </p>
   </div>
   <div class='ocr_carea' id='block_1_103' title="bbox 234 2765 1013 2801">
    <p class='ocr_par' dir='ltr' id='par_1_103' title="bbox 234 2765 1013 2801">
     <span class='ocr_line' id='line_1_103' title="bbox 234 2765 1013 2801; baseline -0.001 -7"><span class='ocrx_word' id='word_1_776' title='bbox 234 2773 261 2794; x_wconf 89' lang='lat' dir='ltr'><strong>et</strong></span> <span class='ocrx_word' id='word_1_777' title='bbox 275 2767 332 2801; x_wconf 89' lang='lat' dir='ltr'><strong>pari</strong></span> <span class='ocrx_word' id='word_1_778' title='bbox 352 2767 491 2794; x_wconf 83' lang='lat' dir='ltr'><strong>sentcntiae</strong></span> <span class='ocrx_word' id='word_1_779' title='bbox 504 2766 673 2801; x_wconf 84' lang='lat' dir='ltr'><strong>ignoratione</strong></span> <span class='ocrx_word' id='word_1_780' title='bbox 685 2765 712 2792; x_wconf 93' lang='lat' dir='ltr'><strong>in</strong></span> <span class='ocrx_word' id='word_1_781' title='bbox 732 2765 866 2792; x_wconf 87' lang='lat' dir='ltr'><strong>similibus</strong></span> <span class='ocrx_word' id='word_1_782' title='bbox 882 2766 971 2793; x_wconf 86' lang='lat' dir='ltr'><strong>verbis</strong></span> <span class='ocrx_word' id='word_1_783' title='bbox 987 2770 1013 2793; x_wconf 81' lang='lat' dir='ltr'><strong>ct</strong></span> 
     </span>
    </p>
   </div>
   <div class='ocr_carea' id='block_1_104' title="bbox 236 2811 1009 2847">
    <p class='ocr_par' dir='ltr' id='par_1_104' title="bbox 236 2811 1009 2847">
     <span class='ocr_line' id='line_1_104' title="bbox 236 2811 1009 2847; baseline -0.003 -7"><span class='ocrx_word' id='word_1_784' title='bbox 236 2812 332 2840; x_wconf 85' lang='lat' dir='ltr'><strong>eadem</strong></span> <span class='ocrx_word' id='word_1_785' title='bbox 349 2813 473 2846; x_wconf 84' lang='lat' dir='ltr'><strong>materia,</strong></span> <span class='ocrx_word' id='word_1_786' title='bbox 488 2812 611 2847; x_wconf 87' lang='lat' dir='ltr'><strong>quamvis</strong></span> <span class='ocrx_word' id='word_1_787' title='bbox 628 2811 655 2838; x_wconf 93' lang='lat' dir='ltr'><strong>in</strong></span> <span class='ocrx_word' id='word_1_788' title='bbox 678 2815 787 2838; x_wconf 89' lang='lat' dir='ltr'><strong>auctore</strong></span> <span class='ocrx_word' id='word_1_789' title='bbox 799 2811 906 2838; x_wconf 87' lang='lat' dir='ltr'><strong>diverso</strong></span> <span class='ocrx_word' id='word_1_790' title='bbox 924 2812 1009 2839; x_wconf 80' lang='lat' dir='ltr'><strong>inter-</strong></span> 
     </span>
    </p>
   </div>
   <div class='ocr_carea' id='block_1_105' title="bbox 1066 2217 1855 2251">
    <p class='ocr_par' dir='ltr' id='par_1_105' title="bbox 1066 2217 1855 2251">
     <span class='ocr_line' id='line_1_105' title="bbox 1066 2217 1855 2251; baseline 0.004 -9"><span class='ocrx_word' id='word_1_791' title='bbox 1066 2223 1147 2248; x_wconf 65' lang='lat' dir='ltr'><strong>qrues</strong></span> <span class='ocrx_word' id='word_1_792' title='bbox 1169 2220 1298 2251; x_wconf 89' lang='lat' dir='ltr'><strong>tanquam</strong></span> <span class='ocrx_word' id='word_1_793' title='bbox 1327 2217 1484 2244; x_wconf 71' lang='lat' dir='ltr'><strong>l‘ulcimento</strong></span> <span class='ocrx_word' id='word_1_794' title='bbox 1507 2221 1632 2249; x_wconf 87' lang='lat' dir='ltr'><strong>utuntur,</strong></span> <span class='ocrx_word' id='word_1_795' title='bbox 1657 2217 1725 2244; x_wconf 88' lang='lat' dir='ltr'><strong>dum</strong></span> <span class='ocrx_word' id='word_1_796' title='bbox 1754 2219 1855 2247; x_wconf 80' lang='lat' dir='ltr'><strong>volant,</strong></span> 
     </span>
    </p>
   </div>
   <div class='ocr_carea' id='block_1_106' title="bbox 1067 2260 1853 2295">
    <p class='ocr_par' dir='ltr' id='par_1_106' title="bbox 1067 2260 1853 2295">
     <span class='ocr_line' id='line_1_106' title="bbox 1067 2260 1853 2295; baseline 0.004 -8"><span class='ocrx_word' id='word_1_797' title='bbox 1067 2260 1165 2288; x_wconf 79' lang='lat' dir='ltr'><strong>falsum</strong></span> <span class='ocrx_word' id='word_1_798' title='bbox 1193 2270 1254 2289; x_wconf 86' lang='lat' dir='ltr'><strong>esse</strong></span> <span class='ocrx_word' id='word_1_799' title='bbox 1273 2263 1340 2289; x_wconf 87' lang='lat' dir='ltr'><strong>dicit</strong></span> <span class='ocrx_word' id='word_1_800' title='bbox 1363 2262 1533 2295; x_wconf 84' lang='lat' dir='ltr'><strong>Aristoteles,</strong></span> <span class='ocrx_word' id='word_1_801' title='bbox 1565 2263 1613 2289; x_wconf 87' lang='lat' dir='ltr'><strong>lib.</strong></span> <span class='ocrx_word' id='word_1_802' title='bbox 1639 2271 1701 2293; x_wconf 81' lang='lat' dir='ltr'><strong>vni.</strong></span> <span class='ocrx_word' id='word_1_803' title='bbox 1731 2263 1773 2290; x_wconf 76' lang='lat' dir='ltr'><strong>De</strong></span> <span class='ocrx_word' id='word_1_804' title='bbox 1795 2265 1853 2290; x_wconf 81' lang='lat' dir='ltr'><strong>Itist.</strong></span> 
     </span>
    </p>
   </div>
   <div class='ocr_carea' id='block_1_107' title="bbox 1067 2307 1855 2343">
    <p class='ocr_par' dir='ltr' id='par_1_107' title="bbox 1067 2307 1855 2343">
     <span class='ocr_line' id='line_1_107' title="bbox 1067 2307 1855 2343; baseline 0 -8"><span class='ocrx_word' id='word_1_805' title='bbox 1067 2310 1159 2340; x_wconf 75' lang='grc' dir='ltr'><em>αηὶηι..</em></span> <span class='ocrx_word' id='word_1_806' title='bbox 1176 2317 1237 2343; x_wconf 86' lang='lat' dir='ltr'><strong>cap.</strong></span> <span class='ocrx_word' id='word_1_807' title='bbox 1254 2308 1302 2335; x_wconf 75' lang='lat' dir='ltr'><strong>l2:</strong></span> <span class='ocrx_word' id='word_1_808' title='bbox 1321 2307 1371 2335; x_wconf 81' lang='lat' dir='ltr'><strong>Sed</strong></span> <span class='ocrx_word' id='word_1_809' title='bbox 1390 2309 1476 2334; x_wconf 85' lang='lat' dir='ltr'><strong>avium</strong></span> <span class='ocrx_word' id='word_1_810' title='bbox 1488 2317 1575 2343; x_wconf 83' lang='lat' dir='ltr'><strong>grues,</strong></span> <span class='ocrx_word' id='word_1_811' title='bbox 1597 2313 1625 2334; x_wconf 86' lang='lat' dir='ltr'><strong>ut</strong></span> <span class='ocrx_word' id='word_1_812' title='bbox 1638 2309 1742 2335; x_wconf 84' lang='lat' dir='ltr'><strong>dictum</strong></span> <span class='ocrx_word' id='word_1_813' title='bbox 1758 2315 1810 2340; x_wconf 86' lang='lat' dir='ltr'><strong>est.</strong></span> <span class='ocrx_word' id='word_1_814' title='bbox 1826 2318 1855 2336; x_wconf 73' lang='lat' dir='ltr'><strong>ex</strong></span> 
     </span>
    </p>
   </div>
   <div class='ocr_carea' id='block_1_108' title="bbox 1066 2354 1854 2388">
    <p class='ocr_par' dir='ltr' id='par_1_108' title="bbox 1066 2354 1854 2388">
     <span class='ocr_line' id='line_1_108' title="bbox 1066 2354 1854 2388; baseline -0.001 -7"><span class='ocrx_word' id='word_1_815' title='bbox 1066 2355 1166 2381; x_wconf 81' lang='lat' dir='ltr'><strong>ultimis</strong></span> <span class='ocrx_word' id='word_1_816' title='bbox 1179 2356 1205 2381; x_wconf 85' lang='lat' dir='ltr'><strong>in</strong></span> <span class='ocrx_word' id='word_1_817' title='bbox 1216 2355 1312 2381; x_wconf 83' lang='lat' dir='ltr'><strong>ultima</strong></span> <span class='ocrx_word' id='word_1_818' title='bbox 1327 2354 1432 2387; x_wconf 83' lang='lat' dir='ltr'><strong>abeunt,</strong></span> <span class='ocrx_word' id='word_1_819' title='bbox 1452 2355 1540 2381; x_wconf 75' lang='lat' dir='ltr'><strong>volunt</strong></span> <span class='ocrx_word' id='word_1_820' title='bbox 1554 2355 1622 2388; x_wconf 85' lang='lat' dir='ltr'><strong>ﬂatu</strong></span> <span class='ocrx_word' id='word_1_821' title='bbox 1633 2355 1765 2382; x_wconf 81' lang='lat' dir='ltr'><strong>secundo.</strong></span> <span class='ocrx_word' id='word_1_822' title='bbox 1782 2356 1854 2388; x_wconf 77' lang='lat' dir='ltr'><strong>Quod</strong></span> 
     </span>
    </p>
   </div>
   <div class='ocr_carea' id='block_1_109' title="bbox 1066 2397 1852 2434">
    <p class='ocr_par' dir='ltr' id='par_1_109' title="bbox 1066 2397 1852 2434">
     <span class='ocr_line' id='line_1_109' title="bbox 1066 2397 1852 2434; baseline 0.001 -8"><span class='ocrx_word' id='word_1_823' title='bbox 1066 2400 1097 2426; x_wconf 82' lang='lat' dir='ltr'><strong>de</strong></span> <span class='ocrx_word' id='word_1_824' title='bbox 1110 2400 1196 2434; x_wconf 81' lang='lat' dir='ltr'><strong>lapide</strong></span> <span class='ocrx_word' id='word_1_825' title='bbox 1215 2404 1336 2430; x_wconf 84' lang='lat' dir='ltr'><strong>narrant,</strong></span> <span class='ocrx_word' id='word_1_826' title='bbox 1360 2399 1457 2433; x_wconf 79' lang='lat' dir='ltr'><strong>falsum</strong></span> <span class='ocrx_word' id='word_1_827' title='bbox 1474 2404 1523 2428; x_wconf 76' lang='lat' dir='ltr'><strong>est.</strong></span> <span class='ocrx_word' id='word_1_828' title='bbox 1538 2397 1649 2433; x_wconf 72' lang='lat' dir='ltr'><strong>Ibpidnnt</strong></span> <span class='ocrx_word' id='word_1_829' title='bbox 1668 2401 1742 2426; x_wconf 86' lang='lat' dir='ltr'><strong>enim</strong></span> <span class='ocrx_word' id='word_1_830' title='bbox 1758 2409 1805 2427; x_wconf 79' lang='lat' dir='ltr'><strong>eas</strong></span> <span class='ocrx_word' id='word_1_831' title='bbox 1819 2406 1852 2427; x_wconf 65' lang='lat' dir='ltr'><strong>tt:-</strong></span> 
     </span>
    </p>
   </div>
   <div class='ocr_carea' id='block_1_110' title="bbox 1066 2445 1853 2480">
    <p class='ocr_par' dir='ltr' id='par_1_110' title="bbox 1066 2445 1853 2480">
     <span class='ocr_line' id='line_1_110' title="bbox 1066 2445 1853 2480; baseline -0.003 -8"><span class='ocrx_word' id='word_1_832' title='bbox 1066 2454 1125 2473; x_wconf 84' lang='lat' dir='ltr'><strong>nere</strong></span> <span class='ocrx_word' id='word_1_833' title='bbox 1141 2445 1303 2480; x_wconf 80' lang='lat' dir='ltr'><strong>fulcimento.</strong></span> <span class='ocrx_word' id='word_1_834' title='bbox 1323 2453 1396 2480; x_wconf 78' lang='lat' dir='ltr'><strong>quem</strong></span> <span class='ocrx_word' id='word_1_835' title='bbox 1410 2445 1454 2471; x_wconf 81' lang='lat' dir='ltr'><strong>ubi</strong></span> <span class='ocrx_word' id='word_1_836' title='bbox 1468 2445 1604 2476; x_wconf 74' lang='lat' dir='ltr'><strong>deciderit,</strong></span> <span class='ocrx_word' id='word_1_837' title='bbox 1622 2446 1709 2479; x_wconf 75' lang='lat' dir='ltr'><strong>accipi</strong></span> <span class='ocrx_word' id='word_1_838' title='bbox 1722 2447 1815 2473; x_wconf 76' lang='lat' dir='ltr'><strong>utilem</strong></span> <span class='ocrx_word' id='word_1_839' title='bbox 1824 2447 1853 2471; x_wconf 83' lang='lat' dir='ltr'><strong>rut</strong></span> 
     </span>
    </p>
   </div>
   <div class='ocr_carea' id='block_1_111' title="bbox 1066 2491 1852 2527">
    <p class='ocr_par' dir='ltr' id='par_1_111' title="bbox 1066 2491 1852 2527">
     <span class='ocr_line' id='line_1_111' title="bbox 1066 2491 1852 2527; baseline 0 -8"><span class='ocrx_word' id='word_1_840' title='bbox 1066 2491 1312 2527; x_wconf 78' lang='lat' dir='ltr'><strong>auriprobationem</strong></span> <span class='ocrx_word' id='word_1_841' title='bbox 1329 2492 1415 2517; x_wconf 89' lang='lat' dir='ltr'><strong>aiunt.</strong></span> <span class='ocrx_word' id='word_1_842' title='bbox 1438 2491 1530 2525; x_wconf 77' lang='lat' dir='ltr'><strong>Neque</strong></span> <span class='ocrx_word' id='word_1_843' title='bbox 1549 2491 1659 2519; x_wconf 87' lang='lat' dir='ltr'><strong>silentio</strong></span> <span class='ocrx_word' id='word_1_844' title='bbox 1684 2496 1852 2526; x_wconf 65' lang='lat' dir='ltr'><strong>prtelereun-</strong></span> 
     </span>
    </p>
   </div>
   <div class='ocr_carea' id='block_1_112' title="bbox 1066 2536 1851 2572">
    <p class='ocr_par' dir='ltr' id='par_1_112' title="bbox 1066 2536 1851 2572">
     <span class='ocr_line' id='line_1_112' title="bbox 1066 2536 1851 2572; baseline 0 -8"><span class='ocrx_word' id='word_1_845' title='bbox 1066 2538 1129 2564; x_wconf 86' lang='lat' dir='ltr'><strong>dum</strong></span> <span class='ocrx_word' id='word_1_846' title='bbox 1161 2537 1233 2572; x_wconf 87' lang='lat' dir='ltr'><strong>quod</strong></span> <span class='ocrx_word' id='word_1_847' title='bbox 1256 2537 1345 2564; x_wconf 81' lang='lat' dir='ltr'><strong>Julius</strong></span> <span class='ocrx_word' id='word_1_848' title='bbox 1364 2536 1486 2572; x_wconf 74' lang='lat' dir='ltr'><strong>Scaliger</strong></span> <span class='ocrx_word' id='word_1_849' title='bbox 1509 2537 1535 2563; x_wconf 89' lang='lat' dir='ltr'><strong>in</strong></span> <span class='ocrx_word' id='word_1_850' title='bbox 1562 2536 1678 2563; x_wconf 81' lang='lat' dir='ltr'><strong>Poeticis</strong></span> <span class='ocrx_word' id='word_1_851' title='bbox 1696 2538 1726 2564; x_wconf 94' lang='lat' dir='ltr'><strong>in</strong></span> <span class='ocrx_word' id='word_1_852' title='bbox 1745 2536 1851 2565; x_wconf 67' lang='lat' dir='ltr'><strong>Graecos</strong></span> 
     </span>
    </p>
   </div>
   <div class='ocr_carea' id='block_1_113' title="bbox 1066 2582 1851 2617">
    <p class='ocr_par' dir='ltr' id='par_1_113' title="bbox 1066 2582 1851 2617">
     <span class='ocr_line' id='line_1_113' title="bbox 1066 2582 1851 2617; baseline 0 -7"><span class='ocrx_word' id='word_1_853' title='bbox 1066 2583 1267 2610; x_wconf 86' lang='lat' dir='ltr'><strong>animadvertit.</strong></span> <span class='ocrx_word' id='word_1_854' title='bbox 1288 2582 1417 2609; x_wconf 85' lang='lat' dir='ltr'><strong>Fabulam</strong></span> <span class='ocrx_word' id='word_1_855' title='bbox 1430 2590 1490 2610; x_wconf 86' lang='lat' dir='ltr'><strong>esse</strong></span> <span class='ocrx_word' id='word_1_856' title='bbox 1503 2583 1658 2617; x_wconf 62' lang='lat' dir='ltr'><strong>graeculam,</strong></span> <span class='ocrx_word' id='word_1_857' title='bbox 1677 2591 1743 2617; x_wconf 70' lang='lat' dir='ltr'><strong>qua:</strong></span> <span class='ocrx_word' id='word_1_858' title='bbox 1757 2583 1851 2610; x_wconf 87' lang='lat' dir='ltr'><strong>llome-</strong></span> 
     </span>
    </p>
   </div>
   <div class='ocr_carea' id='block_1_114' title="bbox 1065 2627 1851 2662">
    <p class='ocr_par' dir='ltr' id='par_1_114' title="bbox 1065 2627 1851 2662">
     <span class='ocr_line' id='line_1_114' title="bbox 1065 2627 1851 2662; baseline -0.003 -7"><span class='ocrx_word' id='word_1_859' title='bbox 1065 2636 1112 2655; x_wconf 90' lang='lat' dir='ltr'><strong>rus</strong></span> <span class='ocrx_word' id='word_1_860' title='bbox 1127 2627 1257 2654; x_wconf 83' lang='lat' dir='ltr'><strong>relertde</strong></span> <span class='ocrx_word' id='word_1_861' title='bbox 1277 2634 1373 2661; x_wconf 85' lang='lat' dir='ltr'><strong>gruum</strong></span> <span class='ocrx_word' id='word_1_862' title='bbox 1399 2635 1460 2654; x_wconf 88' lang='lat' dir='ltr'><strong>cum</strong></span> <span class='ocrx_word' id='word_1_863' title='bbox 1488 2627 1617 2662; x_wconf 70' lang='lat' dir='ltr'><strong>pygmzeis</strong></span> <span class='ocrx_word' id='word_1_864' title='bbox 1645 2635 1752 2662; x_wconf 82' lang='lat' dir='ltr'><strong>pugna.</strong></span> <span class='ocrx_word' id='word_1_865' title='bbox 1779 2628 1851 2661; x_wconf 78' lang='lat' dir='ltr'><strong>Quod</strong></span> 
     </span>
    </p>
   </div>
   <div class='ocr_carea' id='block_1_115' title="bbox 1065 2672 1850 2706">
    <p class='ocr_par' dir='ltr' id='par_1_115' title="bbox 1065 2672 1850 2706">
     <span class='ocr_line' id='line_1_115' title="bbox 1065 2672 1850 2706; baseline 0 -6"><span class='ocrx_word' id='word_1_866' title='bbox 1065 2682 1126 2701; x_wconf 87' lang='lat' dir='ltr'><strong>cum</strong></span> <span class='ocrx_word' id='word_1_867' title='bbox 1153 2677 1226 2700; x_wconf 85' lang='lat' dir='ltr'><strong>esset</strong></span> <span class='ocrx_word' id='word_1_868' title='bbox 1250 2672 1434 2704; x_wconf 87' lang='lat' dir='ltr'><strong>Homericum.</strong></span> <span class='ocrx_word' id='word_1_869' title='bbox 1450 2673 1484 2700; x_wconf 89' lang='lat' dir='ltr'><strong>ab</strong></span> <span class='ocrx_word' id='word_1_870' title='bbox 1507 2673 1623 2700; x_wconf 89' lang='lat' dir='ltr'><strong>Homero</strong></span> <span class='ocrx_word' id='word_1_871' title='bbox 1642 2673 1764 2706; x_wconf 84' lang='lat' dir='ltr'><strong>dictum,</strong></span> <span class='ocrx_word' id='word_1_872' title='bbox 1790 2675 1850 2701; x_wconf 87' lang='lat' dir='ltr'><strong>nihil</strong></span> 
     </span>
    </p>
   </div>
   <div class='ocr_carea' id='block_1_116' title="bbox 1065 2719 1849 2755">
    <p class='ocr_par' dir='ltr' id='par_1_116' title="bbox 1065 2719 1849 2755">
     <span class='ocr_line' id='line_1_116' title="bbox 1065 2719 1849 2755; baseline 0.001 -9"><span class='ocrx_word' id='word_1_873' title='bbox 1065 2720 1164 2746; x_wconf 89' lang='lat' dir='ltr'><strong>mirttm</strong></span> <span class='ocrx_word' id='word_1_874' title='bbox 1187 2719 1208 2745; x_wconf 85' lang='lat' dir='ltr'><strong>si</strong></span> <span class='ocrx_word' id='word_1_875' title='bbox 1223 2727 1276 2746; x_wconf 87' lang='lat' dir='ltr'><strong>non</strong></span> <span class='ocrx_word' id='word_1_876' title='bbox 1300 2719 1402 2746; x_wconf 86' lang='lat' dir='ltr'><strong>arridet</strong></span> <span class='ocrx_word' id='word_1_877' title='bbox 1415 2719 1561 2754; x_wconf 79' lang='lat' dir='ltr'><strong>Scaligero.</strong></span> <span class='ocrx_word' id='word_1_878' title='bbox 1580 2719 1647 2746; x_wconf 89' lang='lat' dir='ltr'><strong>lllutl</strong></span> <span class='ocrx_word' id='word_1_879' title='bbox 1664 2720 1769 2747; x_wconf 89' lang='lat' dir='ltr'><strong>mirum</strong></span> <span class='ocrx_word' id='word_1_880' title='bbox 1785 2728 1849 2755; x_wconf 87' lang='lat' dir='ltr'><strong>quo-</strong></span> 
     </span>
    </p>
   </div>
   <div class='ocr_carea' id='block_1_117' title="bbox 1065 2764 1848 2796">
    <p class='ocr_par' dir='ltr' id='par_1_117' title="bbox 1065 2764 1848 2796">
     <span class='ocr_line' id='line_1_117' title="bbox 1065 2764 1848 2796; baseline 0.001 -5"><span class='ocrx_word' id='word_1_881' title='bbox 1065 2765 1146 2792; x_wconf 88' lang='lat' dir='ltr'><strong>modo</strong></span> <span class='ocrx_word' id='word_1_882' title='bbox 1162 2765 1200 2791; x_wconf 92' lang='lat' dir='ltr'><strong>illi</strong></span> <span class='ocrx_word' id='word_1_883' title='bbox 1221 2773 1275 2791; x_wconf 87' lang='lat' dir='ltr'><strong>non</strong></span> <span class='ocrx_word' id='word_1_884' title='bbox 1287 2765 1420 2796; x_wconf 83' lang='lat' dir='ltr'><strong>arriserit.</strong></span> <span class='ocrx_word' id='word_1_885' title='bbox 1440 2765 1510 2792; x_wconf 86' lang='lat' dir='ltr'><strong>idem</strong></span> <span class='ocrx_word' id='word_1_886' title='bbox 1527 2764 1679 2793; x_wconf 85' lang='lat' dir='ltr'><strong>atlirmante</strong></span> <span class='ocrx_word' id='word_1_887' title='bbox 1691 2767 1848 2794; x_wconf 76' lang='lat' dir='ltr'><strong>Aristotele.</strong></span> 
     </span>
    </p>
   </div>
   <div class='ocr_carea' id='block_1_118' title="bbox 1065 2810 1847 2845">
    <p class='ocr_par' dir='ltr' id='par_1_118' title="bbox 1065 2810 1847 2845">
     <span class='ocr_line' id='line_1_118' title="bbox 1065 2810 1847 2845; baseline -0.001 -7"><span class='ocrx_word' id='word_1_888' title='bbox 1065 2810 1114 2838; x_wconf 90' lang='lat' dir='ltr'><strong>llic</strong></span> <span class='ocrx_word' id='word_1_889' title='bbox 1129 2817 1256 2845; x_wconf 85' lang='lat' dir='ltr'><strong>namque,</strong></span> <span class='ocrx_word' id='word_1_890' title='bbox 1285 2810 1331 2837; x_wconf 85' lang='lat' dir='ltr'><strong>lib.</strong></span> <span class='ocrx_word' id='word_1_891' title='bbox 1351 2818 1398 2837; x_wconf 79' lang='lat' dir='ltr'><strong>vui</strong></span> <span class='ocrx_word' id='word_1_892' title='bbox 1424 2811 1461 2838; x_wconf 82' lang='lat' dir='ltr'><strong>Dc</strong></span> <span class='ocrx_word' id='word_1_893' title='bbox 1479 2810 1541 2837; x_wconf 80' lang='lat' dir='ltr'><strong>hist.</strong></span> <span class='ocrx_word' id='word_1_894' title='bbox 1559 2811 1653 2839; x_wconf 79' lang='lat' dir='ltr'><strong>anim..</strong></span> <span class='ocrx_word' id='word_1_895' title='bbox 1677 2819 1741 2842; x_wconf 82' lang='lat' dir='ltr'><strong>can.</strong></span> <span class='ocrx_word' id='word_1_896' title='bbox 1763 2813 1796 2839; x_wconf 70' lang='grc'><strong>12</strong></span> <span class='ocrx_word' id='word_1_897' title='bbox 1811 2811 1847 2838; x_wconf 79' lang='lat' dir='ltr'><strong>rcl</strong></span> 
     </span>
    </p>
   </div>
  </div>
