1897 3073
37 111 84 138 905

592 112 625 139 IN
643 111 828 140 EUSTATHII
848 113 1083 141 HEXAEMERON
1101 112 1215 142 N‘OTAL‘.

1598 117 1650 145 906

37 169 75 201 l5,
85 171 114 195 ut
126 167 185 194 vult
209 166 339 202 Scaliger,
362 169 398 195 ita
415 169 521 200 scribit,
544 169 620 195 Ἔστι
649 169 677 195 δὲ
699 170 710 195 ὕ
733 171 814 202 τόπος
831 180 847 201 Α
866 171 954 205 pluvia
975 173 1070 199 divino
1087 173 1202 207 quodam
1219 174 1328 201 numine
1348 180 1429 201 canes
1454 174 1598 203 latratibus
1613 177 1652 203 ci-

35 212 103 246 οὗτος
113 214 183 249 περὶ
193 213 225 240 ὃν
243 215 266 240 οἱ
281 215 415 250 Πυγμαῖοι
434 214 615 241 κατοικοῦσιν.
627 216 664 241 Ui)
681 216 734 249 γάρ
757 217 814 243 ἐστι

35 261 105 288 τοῦτο
121 259 216 295 μῦθος,
231 260 288 287 ἀλλ’
302 261 359 287 ἔστι
372 261 443 288 κατὰ
452 261 501 296 τὴν
514 260 646 296 ’ἀλήθειαν
656 281 664 293 ,
678 262 756 296 γένος
771 271 815 297 μι-

35 307 92 342 κρὸν
109 306 158 342 μὲν
177 305 274 342 ὥσπερ
300 306 417 341 λέγεται,
439 307 486 334 καὶ
509 307 585 334 αὐτοὶ
611 308 657 334 καὶ
683 309 706 334 ol
723 309 812 339 ῖπποι,

35 351 209 388 τρωγλοδύται
223 351 247 378 δ’
258 353 312 379 εἰσὶ
323 352 368 379 τὸν
382 353 447 387 βίον.
464 353 586 385 Quorum
601 360 632 380 ea
646 358 688 380 est
704 357 814 380 sentcn—

34 399 75 430 tia,
90 398 118 425 I's
130 398 204 424 locus
215 403 266 430 est,
282 407 357 433 quem
372 399 484 434 pygmwi
498 398 638 426 habitant:
653 407 732 434 neque
744 400 812 426 enim

32 446 75 473 hoc
101 444 193 479 fabula
209 450 261 477 est,
285 445 330 472 sed
347 450 385 472 est
409 445 552 472 secundum
567 446 711 478 veritatem,
734 454 813 481 genus

32 491 158 525 pusillum,
168 495 198 517 ut
213 490 330 518 traditur
343 495 368 517 et
382 491 442 525 ipsi,
457 496 481 518 et
497 492 564 526 equi,
578 496 602 517 et
617 497 645 518 ut
660 492 814 526 troglodylte

34 537 118 572 reliqui
137 536 222 563 vitam
240 536 346 571 degunt.
364 535 469 569 Quibus
497 536 588 564 verbis
610 536 676 571 quid
698 536 813 562 manife-

34 583 204 618 stius?ncgat
222 590 284 610 esse
299 582 429 615 fabulam,
444 582 589 609 conﬁrmat
604 583 755 609 secundum
768 590 813 609 vc-

34 630 132 656 ritatem
156 628 194 654 ita
214 635 245 655 se
273 627 382 660 habere,
411 627 484 663 quod
503 628 584 662 vulgo
610 627 812 660 circumfertur,

33 682 170 711 pyguneos,
185 681 340 709 corumque
353 682 440 709 equos
457 666 570 708 pusillos
580 680 651 701 esse.
669 673 812 707 Quomodo

33 729 89 757 ergo
100 720 211 747 fabula?
222 721 279 752 Ait,
294 720 487 755 philosophum
503 728 611 754 semper
631 719 811 752 moderatum,

32 772 54 794 et
68 766 230 802 prudentem
245 765 315 794 illud
337 766 475 794 addidisse
489 765 583 801 ὥσπερ
597 765 717 800 λέγεται.
732 765 813 793 Certe

32 819 75 839 nec
82 812 238 839 Aristotelis
249 815 367 839 mentem
377 818 427 839 nec
435 811 599 839 sententiam
608 814 750 839 assecutus
760 814 811 838 est.

866 223 911 242 Vcs
930 215 985 249 jam
1017 224 1113 243 somno
1138 217 1240 251 sopitos
1268 218 1439 251 excitarunt;
1467 219 1566 254 quibus
1589 228 1651 247 cum

865 261 1014 295 lampades,
1032 270 1079 289 seu
1097 262 1183 290 nubes
1199 270 1319 290 accensa:
1331 264 1478 298 periculum
1491 265 1547 299 jam
1562 265 1648 292 i'mmi-

866 314 933 334 nens
956 307 1140 334 ostendissent
1163 308 1246 335 alacri
1260 309 1350 335 animo
1364 309 1470 337 hostem
1492 310 1526 337 ab
1544 310 1588 338 illa
1605 319 1650 338 ur-

864 352 906 380 bis
934 353 1075 381 obsidione
1096 355 1262 389 repulerunt.
1281 354 1425 383 llesichius
1446 356 1576 389 Milesius,
1601 358 1647 385 lib.

864 396 903 424 De
926 397 1002 425 rebus
1026 399 1118 432 patriis
1145 398 1443 434 Constantinopolitanis
1464 409 1472 428 :
1497 401 1649 439 Ἐφόἶδπερ

863 443 993 476 Φίλιππος
1018 446 1032 471 ὁ
1058 445 1112 471 τῶν
1135 446 1299 473 Μακεδόνων
1325 446 1460 481 βασιλεὺς,
1482 449 1495 474 ό
1519 448 1647 484 ’Λμύντου

864 490 927 521 παῖς
943 490 1071 524 γεγονὼς⁹
1088 491 1187 528 πολλὴν
1205 493 1375 528 ἐπαγόμενος
1390 494 1502 530 δύναμιν
1525 495 1648 530 ἐπολιόρ-

864 543 906 561 κει
921 536 970 571 τὴν
987 537 1072 568 πόλιν,
1090 537 1198 574 διώρυξι
1221 547 1250 564 τε
1271 539 1317 566 καὶ
1339 541 1474 573 παντοίοις
1494 541 1649 576 πολεμικοῖς

866 582 1043 617 μηχανήμασι
1065 584 1121 615 τοῖς
1140 584 1241 619 τείχεσι
1260 586 1464 621 προσπελὰζων.
1488 587 1542 613 Καὶ
1567 588 1599 623 δὴ
1617 589 1650 614 ἂν

863 627 964 662 ταύτην
991 628 1074 660 ἐξεῖλε
1097 630 1192 662 νυκτὸς
1216 630 1409 666 ἐπιλαϐόμενος
1432 633 1580 668 ἀσελήνου,
1603 634 1650 660 καὶ

864 672 966 709 δμσρου
992 676 1212 710 καταρραγέντος
1237 676 1366 709 ἐξαισίου,
1393 680 1416 704 εἰ
1441 679 1477 715 μή
1501 687 1542 710 τις
1559 680 1650 711 αὐτοῖς

863 719 911 746 τοῦ
929 719 1001 747 θείου
1018 721 1110 755 γεγόνε
1128 723 1269 758 συμμαχία
1282 724 1344 755 τοὺς
1365 724 1435 751 κατὰ
1449 725 1497 762 τὴν
1511 725 1585 752 πόλιν
1600 725 1646 752 κύ·

863 776 911 798 νας
925 767 993 803 πρὸς
1009 767 1110 804 ὑλακὴν
1129 769 1326 805 ἁναστήσαντος
1337 790 1343 802 ,
1365 771 1412 797 καὶ
1428 771 1540 805 νεφέλας
1565 772 1649 807 πυρὸς

864 815 920 845 τοῖς
947 814 1080 850 ἀρκτῴοις
1107 816 1291 850 ἐπαγαγόντος
1310 817 1436 852 μέρεσιν
1460 818 1489 851 ἐξ
1511 816 1595 854 οὗπερ
1623 820 1647 845 οἰ

32 857 145 893 Namque
157 858 226 885 illud
240 857 335 893 ὥσπερ
345 857 466 891 λέγεται,
481 861 509 884 et
523 864 577 884 una
589 864 695 884 mecum
709 856 809 884 Aristo-

863 859 942 896 δῆμοι
957 860 1149 896 διεγερθέντες,
1163 863 1209 888 καὶ
1230 862 1337 898 θερμῶς
1354 865 1409 895 τοῖς
1430 863 1567 900 πολεμίοις
1588 873 1649 891 συν-

32 904 85 931 telis
94 904 186 936 verba,
202 903 298 936 lector,
311 903 464 935 considera,
482 910 536 930 non
552 902 669 930 refertur
685 902 717 930 ad
736 902 814 930 labu-

32 950 87 982 lam,
111 949 191 984 quasi
213 950 280 977 velit
307 949 468 977 Aristoteles
501 956 686 984 pygmmorum
710 948 812 976 famam

33 1003 80 1022 uou
92 1003 152 1023 esse
168 996 289 1024 fabulam
305 995 398 1032 ὥσπερ
423 995 542 1029 λέγεται,
562 994 610 1022 sed
623 994 656 1022 ad
677 1002 812 1031 pygmteos

33 1043 108 1076 ipsos,
120 1043 167 1078 qui
185 1047 215 1071 ut
224 1043 364 1076 dicuntur,
380 1043 479 1077 pusillo
490 1047 554 1070 sunt
568 1050 678 1078 genere,
691 1049 753 1070 cum
763 1050 811 1071 eos

34 1088 185 1117 Aristoteles
199 1097 256 1117 non
271 1089 377 1117 viderit.
402 1088 455 1117 Sed
480 1089 541 1117 vide
561 1090 707 1124 pessimam
724 1089 813 1116 homi-

34 1134 71 1171 nis
85 1135 239 1168 audaciam,
255 1139 336 1171 atque
346 1135 539 1168 temeritatem,
557 1136 585 1163 in
605 1144 656 1164 sua
678 1136 812 1171 interpre—

33 1179 126 1207 latione
140 1180 238 1208 Latina
249 1181 341 1209 omisit
354 1189 415 1216 qua:
427 1184 524 1208 contra
540 1188 570 1209 se
584 1181 703 1209 militare
714 1181 810 1209 existi-

33 1225 124 1257 mabat.
140 1231 168 1254 et
178 1227 308 1261 reddidit,
329 1226 371 1254 Ea
388 1227 447 1255 loca
463 1232 524 1254 sunt
538 1235 596 1262 qute
608 1228 719 1262 pygmari
739 1229 810 1253 inca.

34 1271 83 1297 lant
97 1279 106 1297 :
121 1273 251 1306 pusillum
281 1281 374 1308 genus,
397 1278 426 1300 ut
446 1274 520 1300 aiunt
537 1273 599 1308 ipsi,
625 1278 704 1308 atque
729 1273 810 1300 etiam

33 1318 103 1351 equi:
117 1327 294 1355 cavernasque
322 1320 451 1348 habitant.
481 1319 581 1348 Hancne
600 1323 651 1352 est,
677 1318 809 1355 Scaliger,

34 1371 98 1396 vera,
115 1364 175 1398 lida,
189 1370 217 1393 et
231 1373 314 1401 quam
332 1366 360 1394 in
374 1366 436 1394 aliis
449 1373 505 1394 non
520 1366 744 1402 reprehenderes,
767 1367 810 1392 in-

34 1412 197 1445 terpretatio?
218 1412 352 1440 Omittere
377 1421 437 1448 quae
450 1416 545 1440 contra
563 1417 637 1440 tuam
655 1413 809 1448 opinionem

34 1454 144 1483 iaciunt?
156 1457 240 1485 verba
254 1457 300 1485 illa
313 1457 343 1484 οὐ
354 1458 410 1493 γάρ
424 1459 481 1485 ἐστι
490 1458 569 1485 τοῦτο
584 1458 677 1495 μῦθος,
687 1458 743 1485 ἀλλ’
752 1458 809 1485 ἔστι

35 1501 96 1527 κατὰ
118 1502 166 1538 τὴν
189 1503 330 1539 ἀλήθειαν,
352 1503 437 1532 Sorex
459 1505 605 1541 quispiam,
634 1508 664 1532 ut
679 1509 754 1541 puto,
775 1512 808 1532 ex

34 1549 75 1574 tuo
85 1549 231 1584 exemplari
245 1551 340 1583 erosit,
355 1551 399 1578 cui
410 1559 444 1578 ne
461 1551 583 1587 ingratus
594 1551 667 1579 vices
677 1551 808 1586 repende-

34 1600 82 1627 res,
99 1595 155 1623 haec
171 1601 219 1624 tua
236 1597 326 1632 qualia
349 1598 441 1632 qualia
469 1601 533 1626 sunt
558 1598 649 1633 potius
669 1597 808 1625 crodeuda

34 1641 192 1670 committere
205 1643 334 1671 debuisti.
351 1643 405 1672 Sed
418 1651 449 1671 ea
461 1648 572 1672 manent
582 1644 675 1679 pejora
690 1643 756 1671 fata.
769 1643 808 1671 lte

35 1692 99 1713 nunc
107 1688 205 1722 quibus
219 1693 314 1717 tantus
327 1690 408 1718 homo
419 1690 487 1718 deus
499 1693 551 1723 est,
562 1693 588 1718 et
601 1690 661 1725 ejus
674 1690 808 1725 interpre-

34 1733 182 1768 tationibus,
197 1743 232 1763 ac
245 1736 389 1764 sententiis
404 1740 522 1764 mentem
537 1735 640 1764 inﬂate.
656 1735 707 1764 Sed
721 1736 755 1764 de
767 1736 809 1763 his

34 1777 107 1806 latius
123 1787 235 1816 agemus
246 1782 275 1809 in
291 1787 385 1810 nostro
396 1781 515 1810 Homero
526 1790 542 1809 a
557 1781 702 1810 calumniis
718 1782 808 1809 vindi-

36 1827 98 1851 cato.

64 1869 139 1904 una,
164 1873 213 1900 lin.
241 1873 268 1900 6.
300 1873 334 1900 re
359 1873 394 1900 δὲ
419 1873 520 1909 mmor
547 1873 644 1909 γένος.
677 1873 805 1906 Basilius,

35 1914 98 1944 hom.
111 1917 136 1950 8,
153 1919 214 1951 Πῶς
238 1919 376 1955 ἄγρυπνον
399 1919 430 1946 τὸ
453 1919 507 1946 τῶν
529 1920 619 1955 γηνῶν
647 1920 736 1954 γένος,
760 1920 808 1946 καὶ

35 1960 93 1996 πρὸς
103 1962 149 1999 τὴν
159 1965 213 1991 τῶν
226 1964 411 1992 λανθανόντων
425 1965 551 2000 αἴσθησιν
570 1964 710 1997 ὀξύτατον.
728 1964 762 1991 Οἵ
775 1964 808 1998 γέ

36 2014 91 2033 ποτε
106 2009 151 2035 καὶ
172 2010 222 2046 τὴν
247 2009 369 2045 βασιλίδα
388 2009 464 2036 πόλιν
486 2008 700 2045 περιεσώσαντο.
733 2009 809 2035 πολε-

36 2051 104 2086 μίους
117 2056 189 2088 τινὰς
201 2057 323 2091 ἀφανεῖς,
339 2057 361 2083 δ’
374 2057 517 2092 ὑπονόμων
538 2055 650 2091 ἀφανῶν
674 2055 723 2091 ἤδη
745 2055 808 2091 μὲλ-

34 2096 117 2132 λοντας
136 2102 183 2138 τὴν
197 2103 286 2138 ἄκραν
301 2103 351 2138 τῆς
369 2102 463 2139 ῥώμης
478 2101 698 2137 καταλαμϐάνειν
723 2109 806 2128 κατα-

37 2145 200 2181 μηνύσαντες.
211 2150 244 2177 Ει
255 2149 369 2182 Plinius,
384 2149 431 2176 lib.
448 2157 476 2182 ς,
493 2157 553 2184 cap.
571 2147 617 2181 22,
634 2147 682 2175 Est
693 2152 717 2174 et
730 2156 808 2174 anse-

67 2191 122 2226 vigil
136 2202 215 2243 cura;
269 2195 400 2243 lsidorus,
420 2195 530 2243 1ib.xn,
548 2202 608 2229 cap.
622 2194 648 2227 7,
664 2193 720 2221 Iste
736 2194 803 2229 vigi-
821 2203 842 2230 ι)

35 2234 80 2263 lius
90 2240 169 2267 noctis
184 2241 341 2268 assiduitate
353 2241 486 2276 elangoris
500 2245 625 2268 testatur.

65 2280 136 2315 lbid.,
159 2286 206 2313 lin.
236 2287 264 2314 8.
288 2287 370 2314 Οὕτω
391 2287 465 2322 γοῦν
487 2287 647 2322 πολεμίων.
674 2285 805 2320 lsidorus,

36 2327 87 2356 loco
102 2331 171 2359 dicto
185 2343 192 2360 :
210 2333 322 2360 Nullum
336 2338 424 2361 autem
438 2334 539 2362 animal
553 2335 592 2361 ita
605 2333 710 2361 odorem
723 2334 807 2361 homi-

35 2375 70 2402 πίε
80 2379 151 2408 Quit
168 2386 196 2407 ut
215 2389 292 2408 anser
303 2389 313 2407 :
333 2380 402 2407 unde
415 2385 439 2407 et
458 2381 580 2415 clangore
596 2380 652 2414 ejus
669 2379 807 2407 Gallorum

35 2429 144 2453 ascensus
161 2428 185 2454 iu
199 2427 328 2462 Capitolio
343 2427 515 2461 deprehensus
528 2430 577 2454 est.
593 2426 713 2453 Meminit
725 2426 807 2460 hujus

36 2466 142 2497 historia:
157 2471 270 2506 Plinius,
287 2472 333 2499 lib.
350 2480 377 2505 Χ,
393 2478 452 2506 cap.
477 2471 523 2502 22,
539 2474 567 2498 et
589 2471 636 2498 lib.
654 2479 730 2502 xxtx,
746 2480 805 2506 cap.

35 2511 56 2543 ’δι
72 2522 169 2545 necnon
184 2519 265 2546 etiam
287 2518 409 2550 honoris,
423 2525 504 2552 quem
520 2525 654 2549 meruere,
668 2518 805 2552 quomodo

36 2563 114 2587 autem
128 2562 152 2589 id
169 2564 298 2592 acciderit
315 2566 406 2591 narrat
426 2562 562 2595 Elianus,
580 2561 616 2589 De
636 2563 728 2589 histor.
747 2563 807 2589 ani-

36 2604 90 2631 mal.
116 2606 160 2634 lib.
185 2617 233 2639 xn,
258 2609 339 2644 capit.
364 2609 408 2636 55.
433 2607 551 2635 Consule
572 2607 677 2634 Livium
693 2612 720 2635 et
738 2608 806 2635 alios

37 2647 150 2682 Romanis
173 2656 293 2684 historia:
315 2657 473 2691 scriptores.
492 2654 547 2682 Nec
562 2654 687 2682 dissimili
703 2655 807 2682 ratione

36 2702 106 2726 canes
116 2708 256 2729 servarunt
269 2702 405 2737 iuniorem
417 2700 543 2731 Romam,
556 2703 622 2726 tunc
635 2698 805 2735 Byzantium.

37 2739 94 2770 Dum
109 2746 175 2774 enim
196 2749 347 2783 Philippus,
365 2747 451 2782 copiis
475 2746 599 2773 adductis
623 2745 738 2780 aliisque
762 2745 807 2771 iu-

36 2793 178 2821 slrumeutis
192 2794 307 2826 bellicis,
324 2793 460 2822 moenibus
483 2792 638 2820 immineret
659 2794 686 2818 et
700 2795 806 2818 tantum

36 2838 83 2861 non
95 2842 213 2872 cepisset,
240 2840 267 2866 in
289 2843 366 2866 tanto
386 2838 518 2874 periculo,
544 2841 625 2865 nocte
654 2836 750 2867 illumi.
777 2844 804 2863 e'

157 2887 291 2919 PATROL.
307 2887 365 2919 Gn.
379 2886 493 2917 XVIII.

864 905 1029 940 ενεχθέντες,
1048 906 1098 942 ἤδη
1115 907 1163 943 τὴν
1182 907 1257 934 πόλιν
1273 908 1324 934 ὑπὸ
1340 908 1378 944 τῷ
1392 909 1517 945 Φιλίππῳ
1534 911 1648 946 γενομέο

866 959 915 985 νην
928 951 1067 987 ἐρύσαντο.

897 996 976 1028 lbid.,
993 997 1039 1024 liu.
1056 997 1081 1024 9.
1100 998 1139 1024 Δι’
1161 999 1320 1033 ὑπονόμων
1342 999 1527 1028 ὑποδύντων.
1544 1001 1648 1035 Livius,

863 1042 910 1070 lib.
931 1051 954 1076 ν,
985 1043 1079 1071 scribit
1107 1043 1199 1072 Gallos
1226 1045 1408 1072 animadverso
1436 1046 1470 1072 ad
1499 1047 1648 1074 Carmentis

862 1097 956 1116 sumunt
978 1098 1087 1116 ascensu
1111 1098 1196 1125 wquo,
1225 1095 1298 1118 nocte
1328 1091 1455 1118 sublustri
1479 1101 1537 1118 cum
1562 1093 1648 1127 primo

861 1135 996 1167 inermem,
1010 1136 1054 1170 qui
1070 1140 1178 1163 tentaret
1198 1137 1266 1163 uiam
1280 1137 1469 1171 prtumisissent
1482 1158 1489 1170 ,
1516 1139 1648 1166 tradentes

862 1180 921 1207 inde
937 1189 1024 1213 arma,
1040 1181 1084 1208 ubi
1098 1181 1161 1216 quid
1180 1183 1262 1218 iniqui
1273 1187 1349 1215 esset,
1366 1183 1461 1210 alterni
1474 1184 1571 1216 innixi,
1587 1185 1648 1211 sub-

861 1226 1025 1262 levantesque
1039 1228 1158 1260 invicem,
1173 1233 1198 1254 et
1216 1228 1345 1255 trahentes
1367 1228 1415 1255 alii
1429 1229 1494 1256 alios
1510 1235 1586 1264 prout
1600 1238 1647 1265 po-

861 1272 971 1299 stularet
990 1273 1072 1305 locus,
1088 1273 1115 1300 in
1132 1281 1265 1300 summum
1287 1275 1411 1302 euasisse.
1433 1274 1466 1302 Et
1485 1275 1647 1303 Plutarchus

861 1317 974 1346 Camillo
988 1326 997 1345 :
1011 1319 1078 1355 Περὶ
1094 1319 1178 1355 μέσας
1197 1319 1296 1352 νύκτας
1319 1320 1463 1352 ἐπιϐάντες
1476 1316 1534 1356 ἃμα
1556 1321 1647 1348 πολλώ⁸

860 1364 909 1398 τῆς
927 1363 1028 1399 πέτρας
1041 1363 1160 1399 ἐχώρουν
1174 1365 1229 1391 ἄνω
1247 1365 1316 1399 μετὰ
1333 1365 1457 1401 σιωπῆς;
1473 1364 1586 1394 Servius
1605 1371 1646 1393 ta-

861 1417 933 1442 men,
948 1418 996 1437 vui
1011 1409 1140 1438 ίΕηρίᾱοις
1163 1411 1191 1438 in
1212 1411 1278 1439 illud
1292 1421 1299 1439 :
1599 1407 1601 1411 ’

897 1466 966 1494 Galli
980 1474 1025 1501 per
1040 1467 1134 1494 dumos
1149 1468 1271 1500 aderant,
1288 1477 1423 1503 arcemque
1440 1468 1612 1504 triumphant,

822 1532 842 1560 ο
861 1524 919 1552 haec
933 1524 1044 1551 adnotat
1060 1534 1067 1551 :
1085 1523 1186 1556 Gallos,
1202 1525 1250 1551 alii
1266 1532 1312 1559 per
1326 1524 1433 1552 dumeta
1449 1531 1473 1552 et
1488 1534 1556 1553 saxa
1572 1534 1646 1560 aspe-

859 1578 901 1602 ra,
916 1570 963 1597 alii
977 1578 1022 1604 per
1035 1570 1180 1601 cuniculos,
1197 1570 1286 1596 dicunt
1300 1575 1407 1596 conatos
1424 1577 1480 1596 esse
1496 1570 1644 1598 ascendere.

892 1616 974 1647 lbid.,
989 1617 1037 1643 lin.
1053 1616 1095 1643 15.
1110 1614 1239 1642 Ἀλκυὼν
1254 1616 1319 1642 ἐστι
1333 1615 1501 1642 θαλάττιον.
1517 1615 1643 1646 Basilius.

859 1661 932 1688 hom.
947 1661 963 1688 8
981 1670 987 1688 :
1010 1659 1128 1687 Ἀλκιών
1143 1661 1201 1687 ἐστι
1217 1660 1357 1687 θαλάττιον
1375 1660 1476 1696 ὄρνεον.
1492 1661 1565 1697 Αὕτη
1580 1663 1643 1697 παρ’

858 1707 956 1738 αὐτοὺς
970 1706 1105 1733 νοσσεύειν
1119 1707 1181 1738 τοὺς
1199 1706 1338 1740 αἰγιαλοὺς
1353 1706 1483 1741 πέφυκεν,
1502 1707 1545 1734 ἐπ’
1560 1708 1643 1743 αὐτῆς

858 1752 892 1779 τὰ
914 1752 954 1779 ibi:
975 1752 1025 1787 τῆς
1040 1752 1153 1787 ψάμμου
1170 1751 1341 1788 καταθεμένη
1352 1760 1359 1766 ·
1377 1753 1423 1778 καὶ
1437 1752 1557 1779 νοσσεύει
1574 1754 1644 1780 κατὰ

860 1798 941 1833 μέσον
966 1807 1016 1824 που
1036 1798 1082 1825 τὸν
1109 1797 1250 1832 χειμῶνα,
1274 1797 1318 1823 ὅτε
1348 1797 1452 1829 πολλοῖς
1476 1798 1522 1824 καὶ
1547 1798 1644 1833 βιαίοις

858 1844 968 1879 ἀνέμοις
982 1845 998 1879 ἡ
1013 1844 1131 1870 θάλαττα
1144 1845 1176 1879 τῇ
1189 1845 1224 1879 γῇ
1241 1843 1469 1879 προσαράσσεται.
1490 1844 1557 1870 Ἀλλ’
1570 1845 1644 1880 ὅμως

859 1889 1025 1925 κοιμίζονται
1043 1891 1091 1925 μὲν
1105 1890 1205 1922 πάντες
1228 1889 1342 1925 ἄνεμοι,
1366 1889 1495 1926 ἡσυχάζει
1519 1890 1547 1917 δὲ
1569 1891 1643 1927 κῦμα

858 1935 1008 1969 θαλάττιον,
1030 1937 1093 1963 ὅταν
1109 1935 1216 1963 ἀλκυὼν
1234 1936 1346 1973 ὲπωάζῃ
1367 1936 1416 1968 τὰς
1441 1936 1510 1963 ἑπτὰ
1527 1937 1641 1973 ἡμέρας.

864 1983 907 2009 Ἐν
921 1983 1064 2015 τοσαύταις
1081 1983 1135 2018 γὰρ
1150 1983 1244 2018 μόναις
1267 1983 1402 2015 ἐκλεπιζει
1428 1984 1490 2015 τοὺς
1511 1983 1642 2016 νεοττούς.

864 2029 938 2055 Ἐπεὶ
952 2028 979 2054 δὲ
993 2029 1039 2055 καὶ
1053 2029 1155 2064 τροφῆς
1171 2029 1263 2060 αὐτοῖς
1276 2030 1365 2065 χρεία,
1382 2029 1465 2060 ἄλλας
1485 2028 1555 2055 ἑπτὰ
1577 2029 1644 2065 πρὸς

856 2075 906 2110 τὴν
930 2074 984 2100 τῶν
1004 2075 1118 2101 νεοττῶν
1145 2074 1258 2109 αὖξησιν
1278 2076 1292 2101 ὁ
1317 2074 1500 2111 μεγαλόδωρος
1521 2075 1586 2106 Θεὸς
1605 2075 1644 2110 τῷ

859 2121 1014 2156 μικροτάτῳ
1029 2120 1089 2155 ζώῳ
1103 2120 1264 2155 παρέσχετο.
1284 2120 1331 2148 llis
1347 2121 1436 2147 allinia
1451 2121 1532 2148 tradit
1547 2120 1643 2148 Petrus

858 2165 1016 2197 Damianus,
1041 2166 1089 2192 lib.
1118 2173 1147 2197 ιι,
1172 2166 1251 2199 epist.
1274 2165 1325 2198 18;
1352 2166 1490 2201 alcyonem
1514 2165 1644 2193 describit

994 2211 1041 2238 lib.
1064 2219 1090 2244 x,
1112 2218 1173 2246 cap.
1190 2211 1245 2238 52:
1263 2210 1326 2245 Ipsa
1355 2212 1408 2238 avis
1429 2211 1508 2246 paulo
1531 2211 1645 2245 amplior

857 2267 972 2293 passere,
995 2258 1082 2286 colore
1099 2267 1214 2293 cyanea,
1242 2267 1274 2285 ea;
1298 2263 1374 2293 parte
1400 2258 1519 2292 majore,
1542 2263 1645 2286 tantum

856 2305 993 2339 purpureis
1014 2310 1038 2331 et
1059 2304 1179 2331 candidis
1204 2304 1327 2330 admistis
1348 2304 1449 2338 pennis,
1463 2303 1531 2330 collo
1549 2304 1644 2338 gracili

858 2358 888 2377 ac
910 2358 1026 2384 procero.
1049 2350 1114 2383 Qua:
1140 2351 1230 2377 omnia
1259 2350 1353 2377 habuit
1378 2357 1409 2376 ex
1434 2349 1589 2382 Aristotele,
1606 2349 1644 2376 De

858 2396 951 2423 histor.
973 2397 1083 2423 animal.
1100 2396 1146 2423 lib.
1165 2405 1190 2428 ν,
1207 2403 1266 2430 cap.
1286 2396 1313 2425 8.
1329 2399 1355 2423 et
1377 2395 1424 2422 lib.
1452 2403 1490 2427 Ix,
1514 2403 1576 2430 cap.
1599 2396 1642 2423 Η.

860 2441 946 2477 llujus
963 2443 1030 2475 avis,
1056 2450 1116 2477 qua:
1140 2442 1279 2469 rarissima
1301 2441 1417 2473 videtur,
1436 2446 1466 2467 ut
1483 2441 1644 2469 Aristoteles

858 2493 884 2515 et
898 2488 1002 2515 Plinius
1019 2488 1149 2519 referunt,
1165 2487 1312 2514 meminere
1326 2486 1460 2514 Pacuvius
1476 2487 1504 2513 in
1523 2487 1643 2514 Teucro:

859 2544 1017 2571 Flexaninta
1035 2549 1159 2579 tanquam
1175 2543 1310 2578 lymphata
1324 2548 1348 2570 et
1364 2542 1460 2579 Bacchi
1476 2544 1560 2570 sacris

858 2579 1005 2611 Commota,
1024 2581 1051 2606 in
1071 2577 1194 2606 tumulis,
1207 2579 1334 2606 Teucrum
1357 2577 1523 2606 commorans
1544 2586 1641 2608 meum.

857 2615 983 2650 Alcyonia
997 2615 1050 2642 ritu
1065 2615 1138 2641 littus
1149 2614 1284 2648 peruolans
1300 2614 1379 2648 feror.

857 2671 969 2698 Plautus
984 2671 1011 2698 in
1029 2664 1157 2698 Pseudolo
1175 2680 1184 2698 .'

857 2728 929 2761 lam,
943 2728 1044 2755 hercle!
1057 2733 1083 2755 tu
1094 2728 1195 2762 peristi,
1211 2729 1262 2756 nisi
1277 2727 1353 2755 illam
1368 2728 1432 2755 mihi
1444 2732 1497 2800 tam
1511 2729 1640 2798 trqnquil-

1477 2772 1519 2790 am
1552 2772 1606 2790 acts

1477 2772 1519 2790 am
1540 2772 1606 2790 111018

858 2799 945 2833 Quam
963 2806 1036 2826 mare
1048 2802 1086 2826 est
1104 2798 1177 2831 olim,
1197 2806 1255 2826 cum
1275 2799 1310 2826 ibi
1332 2799 1422 2827 alcedo
1445 2798 1534 2870 pullati
1555 2799 1642 2827 educit

1535 2843 1606 2862 suos.

1535 2843 1606 2862 θυοδ.

1466 2883 1506 2912 29
