1897 3073
222 116 273 142 887

893 117 1014 145 LEONIS
1033 117 1167 144 ALLATII

1792 117 1840 145 8S8

258 170 335 205 ιδιά..
353 172 400 199 lin.
414 172 459 199 42.
484 173 551 200 Ἐὰν
566 173 599 199 δὲ
607 173 695 208 χάνῃ.
713 174 810 201 Mirum
824 178 864 202 est
880 174 952 209 quod
968 175 1001 202 de

1057 174 1174 202 Achilles
1201 174 1306 202 Statius
1327 174 1373 202 lib.
1389 181 1427 205 iv.
1448 175 1584 202 et'simile
1601 174 1679 209 quid,
1695 174 1748 201 etsi
1769 174 1797 200 in
1812 182 1840 201 re

221 226 315 244 eorum
330 218 402 245 victu
430 223 523 245 narrat
546 218 665 247 Joannes
693 219 748 247 Leo
768 221 796 247 in
825 220 1003 254 Descriptione

223 264 330 297 Africa,
346 263 394 291 lib.
407 272 433 291 ix
452 274 458 291 :
478 265 580 291 [larum
598 265 743 293 bellum-um
761 266 874 300 amplius
890 271 1003 293 trecenta

222 310 309 343 capita
321 309 402 337 Cana:
416 310 542 337 moenibus
557 311 664 338 diducto
683 313 751 338 rictu
767 313 844 347 afﬁxa
860 312 922 345 ridi,
939 312 1004 338 adeo

223 363 324 389 rnagme
352 363 382 381 ac
399 355 533 387 stupendae
555 356 752 390 amplitudinis,
767 361 794 382 ut
814 365 918 383 vaccam
938 357 1000 384 inte

222 407 297 434 grant
321 408 412 434 capere
423 401 579 434 patuissent,
595 401 716 428 dentibus
730 402 815 428 acutis
832 406 855 428 et
870 410 1004 436 pra’gran-

222 447 308 473 dibus.
327 446 416 474 Solem
431 452 518 473 autem
533 447 652 482 .Egyptii
663 448 804 482 piscatores
817 448 946 475 trocodilo
959 457 1004 475 ca-

222 497 267 527 put
279 492 460 527 pra’scindere,
472 492 675 528 oppidorumque
687 494 822 526 manibus,
836 493 1004 528 quemadmo-

222 538 285 565 dum
300 543 433 565 venatores
449 538 567 573 ferarum
582 540 670 574 capita
687 540 798 574 afﬁgere.

256 584 337 615 lbid.,
364 585 412 612 liii.
437 585 482 612 45.
502 586 528 611 '0
553 585 587 612 δέ
607 587 768 621 λεγόμενος
789 588 1002 621 ὶπποπόταμος.

222 629 349 658 Eamdem
373 629 584 664 descriptionem
605 631 700 658 iisdem
722 631 777 659 iere
797 632 890 659 verbis
911 633 1004 666 paucis

222 677 373 704 immutatis
395 677 477 704 habes
496 677 566 711 apud
591 677 724 704 Achillem
748 677 877 708 Statium,
894 679 940 705 lib.
958 686 1002 705 iv:

224 721 336 756 Ἔτυχον
358 720 489 756 ποτάμιον
503 721 605 757 τθηρίον
627 722 722 757 ἄνδρες
742 723 924 758 τεθηρακότες
943 723 1005 755 θέας

221 767 305 799 ἄξιον.
322 767 417 795 Ἵππον
431 768 458 795 δὲ
477 768 557 795 αὐτὸν
570 768 617 794 τοῦ
635 768 729 795 Νείλου
746 769 859 796 ἐκάλουν
878 771 902 796 οἱ
924 770 1006 804 Αίγύ-

221 821 304 840 πτιοι·
320 814 367 840 καὶ
379 814 435 840 ἐστι
451 814 500 849 μὲν
517 814 609 846 ἵππος,
628 814 666 845 ὼς
684 815 698 840 ὁ
713 815 792 849 λόγος
807 814 941 849 βούλεται,
957 816 1005 851 τὴν

1058 221 1176 254 diversa,
1192 221 1292 256 legitur
1301 220 1372 256 apud
1387 220 1507 256 Longum
1517 222 1679 256 sophistam,
1691 220 1740 247 lib.
1755 228 1763 247 I
1779 219 1841 246 Ποι-

1057 267 1187 302 μενικῶν,
1203 268 1230 293 in
1246 274 1299 301 quo
1316 267 1397 294 simili
1413 266 1475 294 dolo
1490 271 1613 302 pastores
1623 267 1704 302 lupos
1715 266 1837 301 capiunt.

1090 313 1148 341 Col.
1162 313 1224 344 79.8,
1236 313 1284 340 liii.
1299 314 1325 340 5.
1337 314 1478 348 Δεύτερον
1485 313 1571 346 βοός.
1581 313 1652 340 Cave
1665 312 1739 339 hunc
1749 312 1838 338 locum

1054 360 1092 386 ita
1108 359 1255 394 intelligas,
1276 363 1306 386 ut
1320 359 1543 395 hippopotamum
1556 358 1746 395 magnitudine
1758 365 1840 392 supe-

1055 405 1111 432 rari
1126 405 1277 438 existimes,
1297 412 1330 433 ea
1351 405 1423 432 enim
1446 405 1593 432 maximum
1609 411 1774 439 quemquem
1791 403 1839 431 bo-

1056 459 1114 478 vem
1137 451 1296 486 eequipnrat.
1320 451 1438 478 Achilles
1461 451 1574 483 Statius,
1597 450 1712 486 μέγεθος
1725 450 1754 475 δὲ
1769 449 1839 476 κατὰ

1055 497 1119 533 βοῦν
1134 498 1180 524 τὸν
1197 497 1333 533 μέγιστον.
1348 496 1438 530 Quare
1453 497 1543 524 locum
1562 496 1635 523 hunc
1655 496 1692 522 ita
1712 495 1837 526 restituo.

1055 544 1161 571 videtur
1176 544 1248 571 enim
1271 543 1394 575 mutilus,
1417 543 1471 569 Καὶ
1490 544 1514 570 ot
1533 542 1662 577 θηρευταὶ
1679 541 1761 572 εὐθὺς
1773 541 1839 566 ἀπο-

1055 590 1184 616 κλείουσι.
1205 590 1260 616 Καὶ
1280 590 1337 615 ἔστι
1359 590 1407 624 μὲν
1429 590 1469 620 είς
1488 588 1571 623 ἀλκὴν
1593 587 1739 622 ἐλέφαντος
1759 586 1838 613 Ἰνδοῦ

1055 635 1188 671 δεύτερον·
1203 635 1263 670 βοὸς
1276 635 1305 662 δὲ
1318 635 1373 670 ἔχει
1389 635 1419 661 τὺ
1432 634 1525 670 θηρίον
1537 634 1567 660 τὸ
1585 633 1709 669 μέγεθος.

1091 680 1171 713 lbid.,
1187 681 1225 708 lin
1251 681 1276 708 ὃ.
1295 681 1343 707 Ἑν
1353 680 1386 707 δὲ
1395 680 1458 712 τοῖς
1467 681 1565 715 ἰχθύσι
1579 678 1680 711 πολλή
1701 686 1759 711 τις.
1778 677 1839 704 Ari—

1056 726 1168 753 stoteles
1183 730 1274 753 tamen
1286 726 1324 752 De
1340 726 1505 761 generatione
1520 725 1614 756 anim.,
1627 724 1673 751 lib.
1686 731 1730 755 iii,
1739 731 1800 758 cap.
1812 723 1839 755 1,

1056 770 1172 805 piscium
1184 775 1309 797 naturam
1322 770 1488 805 lrigidiorem
1504 777 1564 797 esse
1580 768 1706 800 alliriuat,
1724 767 1839 802 ideoque

1057 816 1094 842 ita
1109 816 1163 842 illis
1177 815 1249 842 sicut
1267 819 1294 842 et
1317 815 1413 842 avibus
1433 818 1575 842 menstrua
1589 814 1664 841 nulla
1679 813 1802 848 prodire,
1812 816 1840 840 et

221 860 341 895 γαστέρα
361 859 407 886 καὶ
425 860 487 891 τοὺς
508 859 601 891 πόδας,
624 860 692 895 πλὴν
712 861 772 887 ὅσον
791 861 819 887 ἐν
835 861 902 896 χηλῇ
919 861 1001 896 σχίζει

1057 864 1219 896 conceptum
1243 861 1395 888 consistere
1411 860 1470 888 sine
1489 860 1577 893 coitu;
1593 863 1620 887 et
1635 859 1683 886 lib.
1695 866 1758 891 viii,
1779 865 1838 894 cap.

221 906 270 940 τὴν
307 905 401 940 ὁπλήν.
423 905 544 939 Μέγεθος
564 905 592 932 δὲ
618 905 688 932 κατὰ
712 905 774 940 βοῦν
796 906 842 933 τὸν
867 906 1002 941 μέγιστον.

221 951 295 986 Οὺρὰ
310 951 432 986 βραχεῖα,
451 951 496 978 καὶ
511 951 575 987 ψιλὴ
591 951 701 987 τριχῶν,
721 951 762 978 ὅτι
781 952 828 978 καὶ
846 952 876 978 τὸ
891 953 944 978 πᾶν
958 951 1004 978 τοῦ

220 997 344 1032 σώματος
359 997 444 1029 οὕτως
466 997 532 1032 ἔχει’
554 997 657 1033 κεφαλὴ
675 998 825 1034 περιφερὴς
840 999 870 1024 οὐ
891 1006 1003 1033 σμικρα.

227 1044 324 1077 Ἐγγὺς
333 1043 415 1070 ἵππου
425 1044 546 1079 παρειαὶ,
558 1043 665 1079 μυκτὴρ
679 1044 725 1070 ἐπὶ
737 1043 808 1079 μέγα
820 1043 950 1078 κεχηνὼς,
960 1044 1006 1070 καὶ

220 1089 308 1115 πνέων
330 1088 439 1124 πυρώδη
455 1089 568 1119 καπνὸν,
585 1089 622 1120 ὼς
640 1089 693 1115 ἀπὸ
709 1089 800 1124 πηγῆς
815 1089 908 1124 πυρός’
926 1089 1006 1122 γένυς

220 1135 322 1170 εὐρεῖα,
339 1134 404 1161 ὡσεὶ
417 1136 463 1161 καὶ
476 1134 586 1172 παρειά.
602 1135 690 1170 Μέχρι
706 1134 760 1161 τῶν
777 1135 919 1170 κροτάφων
935 1134 1006 1160 ἀνοί-

220 1188 262 1213 γει
277 1179 307 1206 τὸ
331 1181 426 1216 στόμα.
448 1180 525 1215 Ἔχει
548 1180 575 1206 δὲ
589 1181 635 1207 καὶ
659 1180 817 1211 κυνόδοντας
837 1179 1003 1215 καμπύλους,

220 1225 291 1252 κατὰ
317 1227 365 1261 μὲν
389 1226 439 1261 τὴν
460 1226 531 1252 ίδέαν
556 1227 602 1252 καὶ
622 1226 670 1261 τὴν
694 1226 768 1253 θέσιν
789 1226 826 1257 ὼς
854 1226 952 1258 ἵππος,
975 1225 1006 1252 τὸ

219 1272 248 1298 δὲ
275 1271 390 1306 μέγεθος
418 1273 458 1303 εἰς
481 1271 650 1308 τριπλάσιον.
678 1271 711 1298 Et
736 1270 842 1299 Plinius
868 1272 915 1299 lib.
942 1279 1002 1303 viii,

220 1324 281 1352 cap.
294 1317 328 1344 39
345 1324 352 1342 :
367 1316 456 1350 Major
470 1316 610 1343 altitudine
624 1317 651 1343 iii
661 1316 750 1344 eodem
765 1316 828 1344 Nilo
844 1317 931 1344 bellua
947 1317 1005 1352 hip-

219 1367 373 1397 popotamus
400 1362 487 1390 editur
507 1371 516 1390 :
536 1363 641 1398 ungulis
664 1363 763 1397 biﬁdis,
786 1364 877 1398 quales
905 1363 1003 1395 bubus,

219 1409 298 1436 dorso
314 1409 382 1444 equi,
391 1414 416 1436 et
430 1409 503 1441 iuba,
517 1415 542 1436 et
555 1410 669 1442 hinnitu,
686 1415 771 1437 rostro
785 1411 890 1442 resima,
907 1410 1004 1442 cauda,

220 1460 245 1481 et
259 1453 380 1481 dentibus
396 1461 530 1488 aprorum,
547 1454 657 1482 aduncis
674 1455 719 1482 sed
732 1456 817 1482 minus
837 1456 924 1482 noxiis
937 1463 946 1485 :
957 1459 1005 1483 ter-

220 1501 292 1535 goris
307 1500 341 1526 ad
354 1505 429 1527 scuta
449 1501 807 1536 galeasque-intpenetrabilis
822 1507 918 1536 prteter
926 1509 1004 1536 quam

219 1545 244 1572 si
260 1545 368 1573 humore
384 1545 500 1572 madeat.
528 1546 686 1580 Depascilur
702 1551 811 1582 segetes,
829 1547 1004 1574 destinatione

220 1598 290 1624 ante,
308 1597 337 1619 ut
361 1592 459 1627 ferunt,
477 1592 666 1620 determinatus
683 1594 710 1620 in
736 1593 815 1625 diem,
830 1599 855 1620 et
880 1601 913 1620 ea:
940 1601 1002 1628 agro

221 1639 364 1674 ferentibus
380 1638 506 1674 vestigiis,
523 1647 552 1665 ne
563 1647 621 1674 quit
632 1639 768 1666 revertenti
779 1638 883 1666 insidiw
897 1647 1004 1672 compa-

221 1689 321 1711 rentur.
339 1683 372 1710 Et
397 1684 443 1711 lib.
464 1693 501 1716 ix,
517 1692 577 1719 cap.
600 1685 644 1716 tt,
666 1685 774 1712 diversa
794 1684 829 1712 ab
848 1685 952 1712 Achille
976 1690 1003 1712 et

220 1729 364 1757 Eustathio
380 1730 486 1762 scribit,
505 1729 714 1765 hippopotamos
731 1731 873 1762 duntaxat,
891 1732 961 1758 sicut
976 1736 1003 1758 et

220 1775 319 1803 vitulos
332 1775 466 1810 aquatiles
477 1775 552 1803 corio
559 1780 586 1803 et
597 1775 660 1810 pilis
676 1776 769 1810 iiitegi.
786 1775 822 1803 De
834 1775 884 1803 hoc
898 1776 1003 1803 Aristo-

219 1820 298 1853 teles,
315 1819 352 1849 De
366 1820 428 1849 hist.
445 1820 526 1848 anim.
544 1820 590 1848 lib.
605 1828 636 1852 ii,
652 1828 710 1856 cap.
723 1821 873 1853 7;Strabo,
888 1821 936 1848 lib.
950 1830 1001 1854 xv;

219 1867 340 1895 Joannes
368 1867 433 1898 Leo.
461 1863 651 1902 Descriptionis
688 1867 786 1902 Africa!
814 1868 860 1894 lib.
889 1876 932 1900 ix,
956 1869 1002 1903 qui

219 1914 302 1941 etiam
320 1921 367 1940 eos
383 1913 486 1948 depiles
503 1921 565 1940 esse
580 1913 685 1940 scribit.
699 1913 737 1940 De
756 1913 816 1948 ejus
831 1914 858 1940 in
875 1918 1003 1948 parentes

220 1959 359 1993 impietate
376 1962 403 1986 et
426 1958 562 1993 iiijuslitia
579 1958 754 1990 Plutarchus,
771 1959 816 1986 lib.
837 1959 872 1986 De
893 1959 1003 1986 solertia

220 2005 319 2034 anint.;
332 2008 358 2032 et
373 2004 510 2039 quomodo
526 2004 674 2040 symbolice
694 2009 770 2032 notet
793 2005 1001 2040 impudentiam.

220 2050 304 2081 Ideni,
315 2050 362 2077 lib.
379 2050 505 2077 Delside.
519 2050 586 2077 \‘ide
598 2049 748 2083 Elianum,
762 2051 809 2077 lib.
825 2058 874 2082 νιι,
887 2058 946 2085 cap.
958 2051 1000 2081 l9,

220 2097 259 2123 De
282 2097 344 2124 hist.
367 2097 468 2128 anim.,
483 2102 510 2124 et
536 2100 633 2131 praeter
653 2101 766 2124 caeteros
787 2096 899 2128 Horum,
925 2096 962 2123 lib
982 2105 1001 2128 i,

219 2151 280 2178 cap.
301 2142 343 2170 16.

1058 907 1100 938 t9,
1118 906 1157 934 De
1170 907 1263 934 histor.
1278 907 1370 938 anim.,
1389 906 1477 941 pisces
1492 906 1520 932 in
1537 905 1604 932 locis
1622 904 1730 940 frigidis
1745 911 1839 939 parum

1057 953 1158 987 vigere.
1177 952 1266 985 Quare
1284 952 1394 979 minime
1410 951 1509 978 mirum
1524 955 1565 978 est
1588 950 1705 985 gelidam
1723 949 1838 976 hiemem

1057 1005 1152 1025 omnes
1168 997 1280 1029 sentire,
1298 997 1470 1031 maximeque
1485 1003 1543 1028 eos,
1562 996 1608 1031 qui
1623 994 1742 1030 lapidem
1758 994 1840 1020 babe-

1057 1051 1085 1070 re
1103 1044 1130 1070 iii
1147 1043 1235 1078 capite
1250 1043 1443 1070 existimantur
1459 1051 1466 1070 :
1483 1046 1511 1070 et
1532 1049 1595 1069 cum
1612 1048 1720 1076 asperi:
1736 1039 1839 1066 hiemes

1057 1089 1166 1116 fuerunt
1192 1089 1293 1116 inultos
1318 1096 1405 1116 caecos
1425 1092 1521 1123 captos
1536 1087 1631 1119 fuisse,
1649 1087 1685 1113 ita
1705 1085 1841 1113 referente

1057 1135 1143 1162 Plinio
1155 1135 1201 1162 lib.
1219 1143 1256 1167 ix,
1273 1142 1333 1169 cap.
1349 1134 1399 1168 16;
1414 1142 1446 1162 ex
1459 1133 1605 1162 Aristotele
1616 1132 1654 1158 De
1665 1132 1730 1158 hist.
1745 1131 1840 1162 anim.,

1057 1181 1105 1208 liti.
1123 1188 1184 1213 viii,
1205 1188 1265 1216 cap.
1287 1181 1336 1213 t9;
1352 1183 1446 1215 sicque
1460 1180 1502 1207 his
1518 1179 1660 1206 mensibus
1669 1178 1764 1212 jacere
1781 1184 1841 1211 spe«

1058 1227 1146 1254 iuncis
1159 1227 1296 1259 conditos,
1319 1226 1388 1254 alios
1404 1226 1505 1258 arenis,
1520 1226 1588 1253 alios
1603 1231 1734 1252 saxorum
1756 1230 1841 1257 angu-

1057 1271 1127 1298 stiis.
1141 1271 1193 1299 Ubi
1209 1279 1273 1298 vero
1285 1271 1442 1306 temperiem
1455 1271 1537 1303 aeris,
1549 1267 1576 1298 et
1589 1270 1674 1298 maris
1685 1267 1841 1303 tranquilli-

1057 1321 1139 1345 tatem
1166 1317 1370 1352 praesenserint,
1393 1317 1523 1344 continuo
1551 1324 1581 1344 se
1603 1316 1700 1344 ell'erre
1715 1315 1841 1343 choreas-

1057 1371 1109 1398 que
1124 1363 1234 1391 ducere.
1249 1363 1425 1392 Cultissimus
1437 1362 1574 1394 Ailianus,
1585 1363 1633 1390 lib.
1656 1370 1695 1394 ix,
1711 1369 1774 1396 cap.
1789 1361 1838 1388 5'1:

1063 1410 1106 1436 Ἐν
1121 1409 1149 1436 δὲ
1165 1409 1203 1445 τῷ
1218 1408 1331 1444 χειμῶνι
1347 1408 1503 1444 βιαιοτάτῳ,
1522 1407 1707 1444 κυμαινούσης
1730 1407 1779 1442 μὲν
1792 1407 1841 1441 τῆς

1057 1455 1205 1490 Θαλάσσης,
1220 1455 1337 1491 σκληρόν
1356 1463 1387 1489 γε
1403 1455 1456 1481 τῶν
1471 1455 1578 1490 ἀνέμων
1594 1455 1641 1481 καὶ
1657 1454 1746 1489 βίαιον
1759 1461 1842 1480 κατα-

1058 1502 1201 1533 πνέοντων,
1215 1502 1355 1537 φρίττουσι
1365 1502 1415 1538 τὴν
1426 1501 1573 1536 σύντροφόν
1589 1509 1618 1527 τε
1629 1501 1688 1536 ἅμα
1703 1501 1753 1527 καὶ
1763 1499 1841 1535 φίλην

1055 1549 1077 1574 ol
1095 1547 1184 1583 ῐχούες
1203 1547 1347 1575 θάλατταν.
1367 1549 1422 1575 Καὶ
1437 1549 1462 1574 οι
1485 1547 1533 1583 μὲν
1555 1547 1644 1574 αὐτῶν
1660 1548 1718 1579 τοῖς
1741 1554 1840 1581 πτερυ-

1053 1593 1123 1629 γίοις
1146 1593 1306 1629 ἐπαμῶνται
1327 1593 1377 1629 τὴν
1391 1593 1518 1628 ψάμμον,
1543 1593 1591 1620 καὶ
1612 1592 1728 1623 ἑαυτοὺς
1743 1592 1841 1627 ἐπηλυ-

1054 1640 1187 1673 γάσαντες
1208 1639 1419 1666 ὑποθάλπουσιψ
1438 1640 1463 1666 οἱ
1480 1639 1506 1666 δὲ
1524 1637 1697 1665 ὑπειλοῦντιί
1713 1647 1775 1665 τινα
1793 1637 1840 1663 πέ-

1054 1694 1132 1721 τραν,
1144 1686 1173 1712 ἐν
1185 1685 1272 1721 σκέπῃ
1286 1693 1315 1711 τε
1326 1684 1372 1712 τοῦ
1383 1685 1490 1720 κρύους,
1499 1682 1581 1711 καὶεῦ
1592 1683 1664 1718 μάλα.
1673 1692 1704 1717 γε
1715 1683 1841 1718 ἀσμένως

1054 1729 1245 1766 ἡσυχάζουσιν·
1263 1731 1287 1756 ol
1304 1730 1332 1756 δὲ
1348 1730 1377 1761 ἐς
1390 1730 1452 1761 τοὺς
1467 1729 1568 1764 μυχοὺς
1580 1728 1628 1756 τοῦ
1643 1727 1781 1762 πελάγους
1793 1736 1841 1754 κα-

1053 1777 1202 1808 ταθέοντες,
1224 1774 1283 1803 εἶτα
1298 1776 1348 1811 τὴν
1367 1775 1468 1803 ἄνωθεν
1489 1775 1588 1811 φρίκην
1605 1774 1747 1808 ἐξέκλιναν
1767 1774 1841 1801 κάτω

1053 1823 1100 1849 καὶ
1111 1823 1140 1848 ἐν
1154 1822 1236 1858 βυθῷ.
1249 1823 1304 1857 Οὐχ
1321 1821 1407 1852 οὓτως
1428 1821 1482 1856 γάρ
1497 1829 1588 1855 φασιν,
1607 1820 1701 1856 ὥσπερ
1723 1818 1771 1847 οὖν
1787 1820 1841 1847 ἂνω

1053 1868 1205 1896 διοιδαίνειν
1221 1877 1250 1895 τε
1273 1869 1319 1895 καὶ
1328 1867 1438 1894 τύπτειν
1449 1867 1480 1894 τὸ
1489 1867 1564 1903 κῦμα
1574 1868 1724 1902 ἀγριαίνον.
1741 1867 1840 1902 Ὑπειρ-

1054 1915 1167 1951 χομένου
1178 1916 1207 1942 δὲ
1223 1915 1269 1942 τοῦ
1288 1912 1364 1951 ἦρος,
1382 1914 1429 1941 καὶ
1443 1913 1490 1940 τοῦ
1508 1914 1556 1948 μὲν
1572 1913 1651 1949 ἀέρος
1667 1913 1784 1948 φαιδροῦ
1796 1921 1841 1946 γε-

1053 1961 1176 1996 νομένου,
1193 1960 1247 1986 τῶν
1265 1960 1293 1986 δὲ
1315 1960 1406 1994 φυτῶν
1420 1959 1527 1986 θάλλειν
1541 1959 1711 1994 ἀρχομένων,
1727 1957 1839 1985 καὶτῶν

1053 2006 1191 2042 λειμώνων
1207 2006 1240 2033 τὰ
1257 2007 1392 2040 σύντροφα
1407 2005 1563 2041 κομώντων,
1579 2005 1684 2040 γαληνὰ
1699 2013 1729 2030 τε
1745 2004 1781 2031 τὰ
1794 2003 1839 2031 τοῦ

1054 2053 1188 2087 πελάγους
1199 2054 1246 2079 καὶ
1254 2053 1366 2079 ὑπεύδια
1377 2052 1530 2087 αἰσθόμενοι
1541 2052 1564 2078 οἱ
1581 2050 1680 2085 ἰχθύες,
1696 2050 1839 2076 ἀναθέουσι

1054 2100 1101 2126 καὶ
1119 2099 1232 2134 πηδῶσι,
1247 2099 1294 2125 καὶ
1308 2099 1421 2134 πλησίον
1433 2098 1481 2133 τῆς
1492 2098 1542 2133 γῆς
1555 2098 1681 2132 νήχονται
1696 2096 1839 2132 ὡσπεροῦν

1053 2146 1165 2181 ἥκοντες
1188 2145 1217 2178 ἐξ
1241 2145 1407 2181 ἀποδημίας.
1431 2144 1486 2172 Nec
1510 2147 1653 2179 propterea
1676 2142 1838 2169 Aristoteles

256 2187 335 2219 lbid.,
350 2187 397 2214 liii.
413 2187 456 2214 54.
470 2182 525 2214 Kal
544 2188 630 2214 ἔστιν
649 2187 892 2222 ἀδημαγώτατον.
910 2187 1001 2214 Achil-

1057 2196 1134 2226 iiegat
1154 2192 1243 2226 pisces
1257 2200 1369 2219 voraces
1381 2199 1443 2219 esse
1453 2194 1480 2218 et
1491 2192 1611 2226 gulosos,
1621 2189 1669 2217 sed
1679 2190 1706 2216 id
1715 2189 1750 2215 ad
1758 2189 1838 2216 aliam

219 2234 259 2261 les
275 2233 389 2266 Statius,
401 2233 448 2260 lib.
465 2241 508 2259 iv:
525 2233 636 2268 Πρῶτον
655 2233 704 2268 μὲν
720 2233 771 2268 τὴν
787 2232 868 2267 φύσιν
885 2232 932 2258 τοῦ
952 2231 1001 2267 οη-

219 2280 278 2318 ρίου
294 2279 463 2314 καταλέγων,
479 2277 539 2306 εἶτα
554 2278 658 2305 καὶτὸν
674 2279 773 2314 τρόπον
787 2279 836 2314 τῆς
849 2279 947 2314 ἄγρας,
965 2278 1002 2310 ὦς

218 2326 276 2351 ἐστι
302 2326 350 2359 μὲν
370 2323 592 2359 ἁδηφαγώτατον,
622 2324 669 2349 καὶ
689 2324 805 2350 ποιεῖται
828 2323 929 2359 τροερὴν
944 2322 1003 2348 ὅλον

218 2369 301 2406 λήϊον.
316 2369 428 2397 Nonnus
443 2369 622 2404 Dionysiacon
634 2369 681 2396 lib.
695 2377 757 2395 XXVI
771 2378 777 2396 ;

374 2441 410 2446 -—-
425 2425 508 2458 ἑὼιος
528 2425 618 2457 Ἰνδὸς
630 2425 792 2458 Ὑδάσπης.

218 2461 296 2505 faith
314 2461 523 2505 μελφμψηφίδι
541 2461 669 2504 διαξ
677 2461 752 2505 ,ρρον

218 2496 347 2530 Νιὶχετίιι
365 2495 500 2529 ὑδατόεις
515 2495 677 2529 ποτίιμήῖος
694 2496 784 2530 ἵῖξπος
800 2495 915 2528 ἀλήτης

220 2528 287 2563 οἶδὲ
300 2531 373 2564 ἐμοῦ
393 2532 509 2558 Νείλοιο
524 2528 687 2564 θερεὶγενὲς
697 2528 784 2565 οἶδμα
794 2530 956 2564 χιιράσσων

217 2565 350 2594 Ναιετάει
364 2566 483 2598 βυθίοιο
496 2566 532 2592 δι’
547 2565 655 2598 ὕδατος
672 2565 763 2599 ὺῃοὸς
779 2565 880 2598 ὁδίτης

218 2601 392 2634 Μηκεδανὲς
405 2601 572 2635 γενέεσσιν,
589 2601 634 2627 ἐπ’
649 2600 793 2634 αἰγιαλοῖο
805 2600 838 2626 δὲ
849 2601 950 2632 βαίνει

218 2635 314 2670 Αἱχμῇ
330 2636 541 2670 καρχαρόδεντι
556 2635 714 2669 [itaex/{Zur
722 2635 812 2670 ῥάχιν
828 2636 904 2669 ὕλης

219 2673 271 2697 Ii’ul
283 2671 384 2704 διερὴν
395 2671 563 2705 ἀχιὶρακτοτν
574 2671 651 2705 ἔχων
659 2670 872 2705 γένιινᾶρπιιγα
883 2670 1002 2705 καρπῶν

219 2705 339 2739 Μιμηλῇ
352 2705 483 2740 δρεπάνῃ
497 2707 693 2740 σταχυηφίξοα
704 2707 722 2732 .1
728 2705 775 2737 lira
791 2705 889 2739 τέμνει

225 2740 348 2774 Ἀμητὴρ
359 2741 501 2774 ἀσίδτιρος
516 2742 726 2776 ἀμιιλλοέράιου
743 2741 881 2768 τοκετοῖο.

219 2784 353 2816 Αέιίιιιιιιδ,
367 2785 413 2812 lib.
428 2794 454 2816 ν,
469 2794 528 2820 cap.
545 2787 589 2818 55,
608 2791 635 2813 et
651 2787 762 2819 Plinius,
776 2787 824 2814 lib.
839 2796 894 2815 vui.

254 2829 334 2862 lbid.,
349 2830 396 2857 liii.
413 2831 456 2858 55.
483 2831 588 2867 Ἀπάῖιι
604 2832 637 2858 δὲ
653 2832 784 2866 θηρᾶται.
806 2833 905 2861 Eadem
921 2833 1001 2860 habet

1054 2245 1176 2268 causam.
1189 2245 1241 2264 non
1253 2238 1285 2264 ad
1295 2238 1413 2264 calorem
1426 2236 1520 2267 refert,
1531 2243 1592 2270 qua:
1601 2240 1629 2263 et
1640 2235 1727 2270 magis
1739 2234 1839 2261 verosi-

1054 2283 1126 2310 milis
1136 2284 1255 2317 videtur;
1265 2283 1334 2310 libro
1344 2283 1416 2311 enim
1427 2291 1468 2315 iii,
1479 2282 1518 2309 De
1528 2286 1597 2316 part.
1606 2282 1702 2312 anim.,
1710 2289 1772 2315 cap.
1785 2280 1816 2307 H
1834 2302 1837 2306 .

1055 2329 1140 2356 Genus
1153 2330 1264 2364 piscium
1279 2338 1363 2360 omne,
1376 2330 1499 2364 quoniam
1509 2328 1595 2355 cibum
1608 2328 1695 2354 ntinus
1710 2327 1837 2361 conﬁcere

1053 2375 1147 2409 possit,
1170 2376 1302 2410 crudaque
1326 2379 1423 2410 egerat,
1440 2379 1464 2401 et
1489 2380 1571 2400 vorax
1599 2377 1623 2400 et
1641 2372 1766 2408 gulosum
1788 2376 1836 2398 est.

1055 2419 1157 2446 Cretera
1174 2420 1253 2446 etiam
1270 2421 1369 2451 omnia,
1381 2420 1476 2455 quibus
1488 2419 1613 2445 intestina
1628 2422 1690 2445 sunt
1703 2422 1787 2447 recta,
1801 2419 1839 2443 ci-

1054 2466 1145 2492 borum
1162 2465 1238 2492 arida
1249 2471 1318 2492 sunt.
1328 2465 1394 2493 Cum
1405 2466 1473 2492 enim
1485 2465 1557 2491 cibus
1571 2464 1688 2491 celeriter
1704 2468 1835 2498 egeratur,

1055 2511 1214 2547 proindeque
1230 2512 1311 2539 breris
1327 2520 1390 2539 usus
1407 2511 1512 2546 {ruendi
1522 2511 1567 2541 sit,
1579 2510 1649 2537 brevi
1666 2513 1785 2544 repetant
1799 2509 1835 2534 ci-

1055 2557 1116 2584 bum
1128 2557 1204 2584 arida
1219 2566 1321 2584 necesse
1335 2562 1383 2586 est.

1088 2602 1167 2635 lbid.,
1186 2604 1234 2630 liii.
1255 2603 1280 2630 9.
1309 2605 1339 2631 Ἠ
1356 2604 1390 2630 δὲ
1405 2604 1571 2636 θαλάσσιος
1591 2602 1725 2636 ἀλώπηξ.
1753 2601 1836 2628 Aliter

1053 2650 1104 2677 hoc
1121 2655 1213 2676 narrat
1226 2650 1350 2677 {Eliaiius
1364 2650 1402 2677 De
1417 2651 1477 2678 hist.
1495 2652 1588 2682 anim.,
1598 2650 1645 2677 lib.
1662 2657 1700 2680 ix,
1710 2655 1772 2683 cap.
1785 2647 1834 2680 i2;

1053 2694 1171 2722 aiteniu-i
1188 2695 1294 2729 vulpem
1306 2696 1438 2722 marinam
1454 2695 1534 2722 hamo
1544 2695 1672 2722 devorato
1688 2694 1782 2721 omnia
1799 2693 1835 2719 in-

1054 2741 1154 2767 teriora
1176 2748 1302 2768 evomere
1315 2746 1442 2776 tanquam
1458 2745 1560 2769 vestem
1577 2741 1771 2770 inverteiiteni,
1785 2739 1834 2766 do-

1054 2795 1102 2813 nec
1124 2787 1233 2814 hamum
1260 2792 1362 2822 egerat.
1383 2788 1480 2815 deinde
1496 2788 1646 2816 resorbere.
1669 2787 1709 2814 Ex
1726 2785 1835 2815 Eliano

1053 2833 1197 2865 exscripsit
1213 2833 1288 2861 l’hilc
1306 2834 1332 2860 in
1344 2833 1400 2860 [an
1408 2834 1466 2862 'u's:
