1897 3073
41 106 98 134 εει)

101 163 160 200 Τὴν
177 164 328 199 κερδαλῆν
341 165 374 192 δέ
387 173 460 200 φασι
476 167 532 200 τὴν
545 169 716 197 θαλαττίαν.

99 199 310 237 ζοῖςργκάτοζς
325 199 485 237 ἄγκιστρον
497 199 738 237 ἐὶσὸεδεγμέικην,

94 234 201 272 ξοςῷςέ
214 235 325 272 ἐαυτῂν
339 235 397 262 τῶν
408 236 457 272 ἀπ’
467 236 501 268 ἐξ
510 237 599 264 ἔνδον
612 234 761 272 ἁῖίιέθέειν,

100 269 149 306 ξῼς
163 269 325 306 ίέεατισμῶν
340 271 472 304 στωικῶν
484 269 678 306 ὑφασμάτωὶε,

102 304 152 337 Ὦς
167 304 206 331 ἂν
221 306 237 332 d
252 305 364 339 χαλκὸς
376 304 516 342 ἐμπαγεὶξ-
533 304 686 342 διὲκπέσῃ.

42 359 97 387 Nec
114 361 207 388 minus
219 361 368 389 oscitanter
383 363 408 389 id
430 363 500 390 idem
527 364 638 399 scripsit
655 363 829 398 Plutarchus,

42 405 170 440 Dialogo,
184 405 278 433 Utrum
301 407 489 442 prudentiora,
508 413 562 436 etc.
581 409 636 437 Hos
652 417 716 445 ergo
732 410 830 438 conl‘u-

42 451 118 478 diSSe
129 452 232 485 pisces,
249 453 360 488 etquod
374 458 434 481 erat
448 455 528 482 unius
541 455 620 483 alteri
635 456 776 488 tribuisse,
791 465 832 484 sa-

41 498 78 524 tis
98 497 186 532 liquet
219 506 252 525 ex
278 500 319 526 his
335 508 395 534 qua:
411 509 444 528 ex
467 501 612 529 Aristotele
631 502 748 537 aliisque
763 503 832 530 scri—

42 543 172 576 ptoribus
190 543 366 572 adducemus.
386 546 545 574 Aristoteles
558 548 630 573 enim
641 547 831 574 disertissimis

42 588 136 616 verbis
153 588 192 615 De
206 589 298 617 histor.
314 591 408 623 anim,
425 591 471 618 lib.
485 600 522 623 Ix,
537 600 597 627 cap.
612 592 662 619 57:
676 593 726 619 Ἤν
741 593 770 619 δὲ
784 601 834 620 κα-

42 632 120 660 λοῦσι
149 634 357 671 σκολόπενδραν,
381 637 445 663 ὅταν
474 638 593 673 καταπίῃ
620 638 650 664 τὸ
675 638 830 674 ἄγκιστρον,

41 680 208 715 ἐκτρέπεται
221 681 256 708 τὰ
275 683 366 714 ἐντὸς,
393 683 471 715 ἐκτὸς
490 683 542 715 ἓως
557 683 590 711 ἂν
604 684 721 719 ἐκϐάλλῃ
739 684 770 710 τὸ
784 685 832 719 ἆγ-

41 734 167 761 κιστρον,
194 725 243 753 εἷθ’
269 727 355 760 οὕτως
382 729 554 764 εἰσ-τρέπεται
579 729 658 756 πάλιν
686 730 769 762 ἐντός.
800 729 833 758 Et

40 769 161 803 Plinius,
182 771 229 798 lib.
247 779 285 804 Ix,
310 779 370 808 cap.
391 773 444 800 b3:
461 773 645 809 Scolopendra:
664 775 831 802 terrestribus

41 817 156 850 similes,
166 826 234 852 quas
246 819 391 853 semipedes
404 825 506 853 vocant,
519 821 597 848 hamo
610 821 732 848 devorato
743 822 833 848 omnia

41 863 183 891 interanea
195 870 328 899 evomunt,
342 866 423 893 donec
438 866 544 893 hamum
557 873 672 902 egerant,
684 868 777 895 deinde
791 877 832 895 re-

41 907 164 935 sorbent.
177 910 212 936 At
228 912 315 944 vulpes
331 911 442 938 marina:
457 912 539 938 simili
553 913 579 939 in
589 913 704 947 periculo
719 913 832 948 glutiunt

41 955 171 988 amplius,
189 964 270 990 usque
291 956 326 982 ad
345 957 452 991 inﬁrma
469 957 546 984 linea:
564 966 621 992 qua:
642 958 720 992 facile
734 967 834 993 prtere-

41 1000 127 1032 dant;
145 1005 173 1028 et
186 1001 326 1036 Oppianus
347 1002 473 1030 Ἀλιευτ.
491 1003 537 1031 lib.
552 1011 582 1031 ιιι
598 1014 604 1031 :

41 1049 194 1085 ᾼαιψιιριέὶ
202 1048 228 1075 δ’
239 1050 321 1084 ἀμίαι
333 1050 380 1085 καὶ
394 1050 555 1083 ἀλώπεκες,
568 1049 602 1078 εὖ
611 1051 634 1078 τ’
647 1051 686 1078 ἂν
697 1051 832 1085 ἔχωνται,

44 1083 145 1116 Εὐθὺς
165 1083 226 1110 ἀνω
247 1084 436 1112 σπεύδουσιν
454 1086 639 1120 ὐπορθαδὸν,
657 1083 733 1120 αἷψά
749 1086 783 1113 δὲ

47 1152 170 1194 ξφρμιὴν
185 1154 236 1194 ira”
251 1153 355 1194 660503
373 1154 609 1194 61éqpay;or,_1i8é
620 1156 670 1194 real
688 1121 834 1194 ην

41 1188 155 1224 Χιιίτᾳς
172 1189 299 1216 τοῦνεκα
315 1189 406 1224 τῇρ-ιν
420 1188 637 1224 ἑχαζίκεύοέανϊ
651 1188 753 1224 ἁλιῆες

41 1223 146 1249 Αὐλόν
158 1224 205 1249 ἐπ’
217 1223 367 1259 ἀγκίστρῳ
382 1223 578 1260 δολιχώτερον
590 1226 682 1262 turni;
693 1223 832 1254 ciborum

42 1270 119 1300 Quos
133 1269 217 1296 etiam
231 1273 326 1297 noster
342 1271 386 1297 hic
403 1275 499 1298 auctor
512 1272 654 1306 sequitur‘;
674 1276 700 1299 et
714 1272 750 1298 ita
769 1279 835 1299 sane

43 1321 99 1339 rem
118 1313 267 1342 scitabere
286 1319 361 1342 certo
384 1316 486 1344 certius
504 1316 651 1344 tenendum
676 1320 728 1344 est.
751 1316 834 1344 Error

41 1363 135 1386 autem
161 1359 275 1392 Eliani,
297 1360 438 1389 Plutarchi
456 1367 482 1389 et
507 1362 622 1389 aliorum
645 1362 708 1390 inde
726 1362 835 1390 videtur

41 1404 167 1432 diruisse.
186 1404 254 1431 Nam
270 1412 332 1432 cum
345 1406 373 1432 in
388 1409 464 1433 textu
481 1406 650 1439 Aristotelis,
665 1415 680 1434 a
692 1414 746 1442 quo
759 1415 836 1434 accc.

42 1455 143 1484 perunt
160 1458 222 1482 sua,
239 1451 291 1486 ipsi
308 1451 439 1487 legissent
450 1452 560 1487 vulpem
578 1453 723 1484 marinam,
738 1453 833 1480 eodem

41 1496 125 1523 modo
136 1504 171 1523 ac
180 1497 352 1532 centipcdem
366 1498 475 1525 hamum
488 1498 617 1533 effugere,
632 1498 692 1524 Τῶν
703 1498 724 1525 δ’
736 1498 834 1533 ἰχθύων

42 1542 68 1567 αἱ
91 1541 296 1577 ὀνομαζόμεναι
313 1542 463 1577 ἀλώπεκες,
485 1545 549 1571 ὅταν
568 1545 724 1577 αἴσθωνται,
742 1545 783 1571 ὃτι
803 1545 833 1571 τὺ

42 1588 196 1623 ἄγκιστρον
227 1588 461 1622 καταπεπώκασι,
492 1590 619 1626 βοηθοῦσι
648 1591 715 1626 πρὸς
744 1591 831 1623 τοῦτο,

41 1633 138 1668 ὥσπερ
162 1633 211 1660 καὶ
232 1634 249 1668 ή
271 1634 461 1671 σκολόπενδρα,
484 1636 561 1664 hisce
584 1637 674 1664 verbis
698 1637 832 1669 contenti,

41 1681 150 1715 reliqua
172 1681 256 1708 verba
278 1681 433 1709 Aristotelis
460 1683 656 1718 neglexerunt,
681 1683 708 1710 in
734 1683 833 1718 quibus

41 1725 195 1752 discrimen
210 1726 350 1761 explicat,
365 1726 481 1762 ideoque
495 1728 567 1763 quod
583 1733 641 1755 erat
654 1728 833 1756 tribuendum

41 1771 237 1807 centipedibus
252 1773 294 1800 vel
313 1773 513 1808 scolopendris,
528 1774 603 1809 vulpi
627 1775 740 1802 marine
752 1775 834 1803 dede-

43 1822 117 1851 runt,
135 1822 165 1845 et
180 1818 351 1846 invenerunt
363 1819 507 1847 historiam
521 1828 529 1854 ;
545 1820 588 1847 vel
603 1820 699 1848 saltem
715 1819 834 1854 primum

42 1865 180 1892 memoria
193 1865 298 1900 lapsum
315 1865 519 1898 alﬁrmabimus,
530 1870 645 1894 exteros
657 1867 748 1894 verbis
760 1866 834 1893 illius

42 1911 168 1940 delusos.
182 1911 240 1939 Huc
251 1912 357 1939 videtur
369 1912 493 1940 allusisse
503 1912 640 1945 Horatius,
649 1912 678 1945 2,
689 1912 833 1940 Serm.sat.

277 1973 312 1977 —
327 1957 357 1984 Si
369 1957 441 1992 vafer
457 1965 524 1984 unus
539 1962 563 1984 et
576 1958 643 1985 alter

43 2002 236 2029 Insidiatorem
249 2010 364 2036 praeroso
379 2003 474 2038 fugerit
490 2003 610 2031 hamum.

44 2048 211 2076 Theodorus
227 2048 299 2076 Gaza
320 2049 348 2076 in
364 2049 546 2077 Aristotelicis
559 2049 708 2081 vertendis,
724 2049 833 2077 Aristo-

43 2096 106 2122 telis
122 2095 289 2122 sententiam
305 2103 360 2122 non
373 2095 518 2129 expressit,
533 2094 567 2122 de
583 2102 689 2129 suoque
704 2095 834 2122 nonnulla

43 2141 161 2171 addidit}
177 2149 238 2175 qua:
255 2141 282 2168 in
308 2141 454 2168 Aristotele
478 2148 532 2167 non
557 2140 704 2168 habentur.
727 2140 835 2168 Antliize

556 110 589 137 ΙΝ
610 109 795 137 EUSTATHII
816 108 1050 137 ilEXAEMERON
1074 109 1187 137 ΝΟΤιΕ.

1613 111 1665 139 890

845 171 869 198 Α
918 167 998 201 lbid.,
1029 169 1077 196 lin.
1094 169 1140 195 ‘24.
1165 169 1234 203 Περὶ
1250 169 1305 203 γὰρ
1330 169 1388 203 τὴν
1402 168 1540 204 γαστέρα.
1561 167 1681 209 Pliniqu

883 213 930 240 lib.
955 222 1014 246 Vlll,
1033 222 1095 249 cap.
1121 215 1174 241 15:
1193 214 1227 240 Et
1254 214 1382 248 unguibus
1411 215 1453 242 hic
1479 219 1599 242 armatus
1614 221 1664 246 est.

880 265 974 288 contra
989 269 1076 288 omnes
1086 262 1154 288 ictus
1165 266 1223 288 cute
1234 262 1348 294 invicta;
1361 266 1387 290 et
1398 263 1527 290 inferius:
1538 263 1569 290 In
1580 268 1666 291 ventre

881 307 970 334 mollis
993 312 1032 334 est
1049 308 1184 342 tenuisque
1209 308 1277 334 culis
1300 307 1441 335 crocodilo.
1458 308 1577 336 Consule
1598 308 1666 336 Soli-

881 359 958 383 num,
979 356 1004 379 et
1024 351 1092 379 alios
1111 352 1158 386 qui
1177 352 1211 379 de
1235 352 1374 380 crocodilo
1402 353 1533 381 scribunt.
1550 351 1667 389 ideoque

880 398 1002 434 delphini
1026 398 1188 426 immeantcs
1211 397 1288 430 Nilo,
1305 405 1422 433 quorum
1441 397 1524 425 dorso
1539 403 1666 434 lanquam

881 443 915 471 ad
941 444 1014 471 hunc
1036 452 1117 471 usum
1133 443 1273 471 cultellata
1293 443 1364 470 inest
1388 444 1481 478 pinna,
1508 444 1666 477 subeuntes,

881 490 1082 517 crocodilorum
1112 489 1201 516 alvum
1241 489 1286 516 illa
1313 493 1407 517 secant
1427 490 1515 524 spina.
1544 489 1665 522 Solinus.

881 534 928 561 lib.
946 541 1035 560 xxxv:
1053 533 1100 560 Est
1117 537 1142 560 et
1157 532 1308 567 delphinum
1323 541 1404 568 genus
1422 534 1447 559 in
1468 533 1542 565 Nilo,
1557 542 1668 569 quorum

881 580 961 607 dorsa
977 583 1094 606 serrata:
1108 579 1202 607 [tabent
1227 579 1333 607 cristas.
1350 579 1386 606 Hi
1399 579 1532 614 delphines
1551 580 1668 608 crocodi-

883 625 922 653 los
950 626 1038 652 studio
1058 626 1166 653 eliciunt
1183 625 1218 652 ad
1242 626 1406 657 natandum,
1428 625 1590 661 demersique
1609 631 1669 654 astu

882 672 1050 707 fraudulento
1070 677 1159 699 tenera
1181 672 1311 699 ventrium
1341 672 1553 700 subternatantes
1580 677 1670 700 secant

881 722 906 744 et
928 717 1094 743 interimunt.
1117 716 1150 743 Hi
1170 717 1260 752 capita
1273 717 1424 750 hominum,
1442 726 1512 753 quos
1527 722 1668 752 vorarunt,

882 763 991 796 deﬂent,
1003 767 1030 791 et
1043 767 1213 790 mortuorum
1231 763 1361 798 reliquias
1376 763 1529 798 deplorant,
1545 769 1574 792 ut
1588 765 1672 792 tradit

883 809 1008 837 Asterius
1021 810 1145 837 Amaseae
1167 809 1325 844 episcopus,
1349 817 1403 836 non
1427 809 1492 836 facti
1511 811 1672 845 poenitentia

884 855 994 882 adducti
1009 874 1016 886 ,
1041 854 1088 882 sed
1115 853 1238 882 dolentes
1260 854 1333 889 quod
1359 855 1447 890 ipsum
1479 860 1561 890 caput
1590 864 1672 885 carne

884 905 989 933 careat,
1000 908 1082 936 quam
1095 901 1146 935 ipsi
1161 900 1293 927 devorent
1307 909 1314 927 :
1330 900 1442 928 homilia
1457 901 1490 928 dc
1502 902 1624 936 jejunio:
1639 903 1672 930 Τί

886 957 926 974 σοι
939 947 1062 982 βούλεται
1076 947 1091 982 ὴ
1104 947 1223 982 νηστεία,
1237 947 1253 982 ἢ
1265 948 1328 978 τοὺς
1340 947 1474 983 Νειλῴους
1486 949 1672 984 κροκοδείλους

885 993 1044 1029 μιμεῖσθαις
1066 992 1114 1024 οὓς
1135 1001 1201 1027 φασι
1218 994 1279 1024 ταῖς
1293 992 1423 1027 κεφαλαῖς
1442 993 1596 1030 ἐπιθρηνεῖν
1618 995 1672 1022 τῶν

885 1039 1046 1075 ἀνθρώπων,
1061 1036 1099 1065 ὦν
1115 1038 1226 1073 ἔφαγον,
1245 1039 1292 1066 καὶ
1305 1039 1433 1075 δακρύειν
1448 1039 1494 1065 ἐπὶ
1510 1041 1566 1071 τοῖς
1581 1040 1669 1075 λειψά-

884 1093 938 1116 νοις
958 1084 1011 1110 τῶν
1037 1085 1142 1118 φόνων,
1167 1084 1197 1111 οὐ
1227 1084 1371 1120 μετάνοιαν
1401 1085 1456 1112 τῶν
1482 1086 1672 1122 γεγενημένων

884 1130 1080 1165 λαμϐάνοντας,
1103 1129 1171 1156 ἀλλὰ
1194 1130 1226 1157 τὸ
1247 1130 1366 1166 ᾶσαρκον
1389 1131 1438 1166 τῆς
1459 1131 1590 1166 κεφαλῆς,
1611 1133 1670 1168 ἐμοὶ

884 1178 983 1210 δοκεῖν,
998 1177 1187 1212 ὀδυρομένους,
1203 1177 1240 1209 ὡς
1255 1179 1294 1209 εἰς
1313 1177 1414 1213 βρῶσιν
1426 1177 1475 1205 οὑκ
1490 1178 1654 1214 ἐπιτήδειον.

920 1223 1000 1255 lbid.,
1014 1223 1063 1250 lin.
1081 1223 1126 1250 50.
1145 1222 1254 1250 Ἔδωκε
1266 1223 1300 1249 δὲ
1314 1223 1427 1257 αὐτοῖς.
1447 1223 1575 1256 Basilius.
1597 1224 1671 1252 hom.

885 1270 902 1297 8
913 1269 977 1296 εΔιὰ
987 1269 1014 1295 τί
1026 1268 1055 1300 ἐξ
1067 1268 1171 1295 ὑδάτων
1182 1268 1229 1294 καὶ
1243 1270 1300 1300 τοῖς
1311 1269 1421 1304 πτηνοῖς
1433 1269 1483 1305 τὴν
1497 1269 1603 1304 γένεσιν
1613 1269 1664 1296 ἔδω

885 1323 950 1347 κεν;
967 1315 1027 1341 ’Ότι
1043 1313 1136 1349 ὥσπερ
1158 1313 1303 1348 συγγένειά
1320 1315 1362 1346 τίς
1376 1316 1434 1341 ἑστι
1447 1316 1502 1347 τοῖς
1516 1315 1673 1351 πετομένοις

885 1360 953 1396 πρὸς
965 1359 1000 1386 τὰ
1013 1360 1110 1395 νηκτά.
1126 1360 1182 1387 Καὶ
1193 1360 1248 1396 γὰρ
1258 1359 1352 1395 ὥσπερ
1366 1361 1390 1387 οἱ
1407 1360 1483 1396 ἰχθῦς
1496 1360 1525 1387 τὸ
1543 1360 1613 1396 ὕδωρ
1628 1359 1673 1388 τέ-

886 1414 993 1441 μνουσι,
1011 1407 1044 1443 τῇ
1061 1406 1110 1441 μὲν
1124 1406 1231 1440 κινήσει
1246 1405 1299 1432 τῶν
1317 1405 1460 1441 πτερύγων
1478 1407 1519 1438 είς
1534 1406 1565 1432 τὸ
1581 1407 1674 1442 πρόσω

885 1451 1046 1487 χωροῦντες,
1061 1453 1094 1486 τῇ
1108 1451 1136 1477 δὲ
1147 1451 1195 1478 τοῦ
1209 1451 1319 1486 οὐραίου
1338 1451 1471 1486 μεταϐολῇ
1487 1452 1536 1484 τάς
1553 1460 1583 1478 τε
1599 1461 1662 1488 περι

887 1498 1006 1535 στροφὰς
1019 1499 1067 1526 καὶ
1080 1498 1129 1530 τὰς
1146 1498 1254 1529 εὐθείας
1272 1498 1360 1533 ὁρμὰς
1375 1498 1481 1529 ἑαυτοῖς
1498 1497 1674 1530 οἰακίζοντες·

885 1544 956 1571 οὕτω
976 1545 1022 1571 καὶ
1043 1544 1088 1570 ἐπὶ
1104 1544 1158 1570 τῶν
1178 1543 1286 1578 πτηνῶν
1305 1543 1378 1570 ἔστιν
1397 1543 1458 1570 ἰδεῖν
1475 1544 1674 1579 διανηχομένων

883 1590 929 1616 τὸν
945 1589 1014 1624 ἀέρα
1026 1590 1082 1620 τοῖς
1099 1590 1211 1624 πτεροῖς
1225 1588 1296 1615 κατὰ
1309 1589 1355 1615 τὸν
1369 1590 1460 1624 ὅμοιον
1477 1589 1587 1624 τρόπον’
1603 1588 1674 1615 ὥστε

884 1635 978 1670 ἐπειδὴ
995 1635 1024 1662 ἒν
1043 1635 1141 1670 ἰδίωμα
1161 1635 1189 1662 ὲν
1209 1635 1349 1670 ἑκατέροις
1362 1635 1393 1661 τὸ
1405 1635 1542 1670 νήχεσθαι,
1564 1635 1613 1670 μία
1633 1641 1674 1666 τις

883 1681 973 1712 αὐτοῖς
989 1682 1005 1716 ἠ
1018 1681 1161 1714 συγγένεια
1174 1681 1206 1706 ἐκ
1219 1680 1268 1715 τῆς
1279 1680 1331 1706 τῶν
1345 1679 1448 1707 ὑδάτων
1460 1680 1595 1714 γενέσεως
1606 1687 1674 1716 παρ-

884 1726 992 1762 εσχέθη.
1013 1725 1115 1754 Praeter
1140 1726 1210 1753 hanc
1234 1725 1367 1752 rationem
1383 1725 1486 1760 optime
1501 1725 1672 1757 Aristoteles,

884 1771 922 1799 De
934 1772 997 1799 hist.
1014 1772 1109 1803 anim.,
1125 1771 1173 1799 lib.
1186 1780 1224 1804 vr,
1237 1779 1299 1806 cap.
1313 1771 1356 1803 £0,
1368 1771 1487 1806 explicat
1502 1771 1618 1806 piscium
1631 1779 1674 1806 ge-

885 1817 1021 1845 nerationi
1031 1825 1063 1845 ex
1079 1825 1130 1845 ovo
1146 1817 1213 1852 quid
1228 1817 1379 1849 diversum,
1394 1816 1514 1852 quidque
1527 1823 1674 1844 commune

888 1872 950 1892 cum
966 1864 1057 1891 avium
1073 1864 1280 1898 procreatione;
1300 1867 1327 1891 et
1343 1863 1392 1890 lib.
1406 1863 1445 1890 De
1459 1863 1541 1890 anim.
1559 1863 1670 1895 incessu,

885 1917 946 1945 cap.
957 1910 1008 1937 i7:
1026 1911 1091 1937 Aves
1106 1915 1193 1936 autem
1207 1909 1410 1945 quodammodo,
1423 1913 1447 1936 et
1457 1910 1540 1944 pisces
1551 1908 1673 1936 similiter

885 1963 912 1982 se
920 1955 1024 1982 habent.
1040 1955 1137 1982 Avibus
1145 1963 1257 1990 namque
1272 1955 1323 1982 αια·
1337 1955 1365 1982 in
1375 1955 1504 1990 superiori
1518 1960 1670 1990 suntparte,

886 1998 941 2025 illis
956 2005 1015 2024 vero
1038 1997 1125 2031 pinna:
1141 1997 1200 2023 duce
1215 2002 1289 2031 parte
1307 2005 1402 2031 prona,
1419 2001 1442 2024 et
1462 1996 1552 2023 avibus
1569 1996 1673 2032 quidem

885 2041 914 2068 in
931 2042 1027 2076 supina
1040 2042 1158 2075 corporis
1168 2046 1243 2076 parte
1264 2046 1326 2068 sunt
1341 2040 1428 2075 pedes,
1446 2041 1502 2068 illis
1516 2049 1574 2068 vero
1589 2041 1616 2067 in
1628 2049 1673 2068 su~

886 2089 955 2122 pinis
966 2088 1047 2123 juxta
1060 2096 1159 2122 pronas
1173 2089 1260 2123 pinna:
1270 2092 1330 2114 sunt
1344 2087 1474 2122 pluribus,
1489 2091 1515 2114 et
1528 2095 1586 2114 aves
1599 2095 1673 2122 prcc-

888 2140 958 2162 terea
974 2135 1131 2171 uropygium
1149 2134 1255 2166 habent,
1270 2133 1311 2160 illi
1326 2141 1384 2160 vero
1400 2133 1523 2160 caudam.
1537 2133 1608 2160 Aves
1625 2141 1674 2160 au-

42 2196 156 2223 quoque
171 2187 275 2219 funem,
289 2187 332 2215 vel
350 2188 449 2215 lineam
466 2187 644 2222 abrumpunt,
656 2195 710 2214 non
727 2195 774 2214 ore
786 2186 833 2214 sed
850 2187 872 2215 ι)
887 2186 940 2210 tem
957 2190 991 2209 ex
1005 2181 1084 2216 aquis
1106 2181 1192 2208 fuisse
1212 2180 1361 2216 productas
1376 2179 1543 2214 probabilior
1565 2178 1673 2206 videtur

43 2233 134 2268 spinis
156 2233 225 2267 tergi
248 2232 406 2260 dissectam.
425 2232 540 2260 Ovidius
561 2233 588 2259 in
605 2232 756 2267 fragmento
774 2231 830 2258 lla-

44 2280 132 2312 lieut.,
146 2283 174 2307 et
190 2279 341 2314 Oppianus,
358 2279 405 2306 lib.
423 2287 464 2306 ιιι.
477 2277 555 2306 Phile
568 2279 596 2305 in
615 2277 716 2305 lumbis
734 2278 834 2306 similia

42 2326 129 2352 tradit
144 2325 179 2352 de
194 2329 292 2357 trocta,
310 2329 338 2352 et
351 2324 417 2352 dicit
438 2324 508 2351 hanc
522 2332 578 2351 rem
590 2332 688 2351 nomen
703 2324 772 2358 pisci
785 2324 830 2351 de-

43 2371 128 2398 disse.
146 2370 310 2398 Aristoteles
326 2369 463 2405 glanidem
473 2370 692 2405 ἀγκιπροφὰγον
704 2373 794 2400 vocat,
808 2373 835 2395 et

43 2417 162 2444 Plinius.
180 2415 218 2443 De
238 2415 338 2451 mugilc
363 2415 414 2442 hoc
433 2415 516 2442 tradit
537 2413 700 2442 Plutarchus
716 2414 743 2441 d.
764 2414 834 2441 loco.

79 2463 163 2494 lbid.,
184 2462 234 2489 lin.
251 2462 294 2489 15.
318 2462 344 2488 Ὀ
361 2461 395 2488 δὲ
419 2461 621 2495 κροκόδειλος.
643 2460 757 2492 Plinius,
772 2461 833 2487 libr.

42 2517 81 2541 vr,
97 2508 183 2542 capit.
197 2507 244 2539 20,
261 2507 311 2535 hos
328 2507 441 2534 humani
453 2507 577 2540 corporis
594 2505 770 2533 avidissimus
781 2513 834 2532 vo—

43 2558 100 2581 cat.
116 2553 238 2580 Joannes
258 2552 312 2580 Leo
333 2553 361 2579 in
385 2552 569 2586 Descriptione
587 2551 694 2585 Africw,
714 2551 776 2578 libr.
795 2559 834 2582 ix,

44 2598 130 2626 refert
141 2605 190 2625 eos
204 2597 280 2625 circa
297 2597 390 2624 littora
405 2597 562 2624 reconditos
586 2603 686 2630 magno
711 2600 771 2623 astu
788 2596 837 2623 ho-

44 2646 136 2672 mines
152 2645 195 2672 vel
209 2644 361 2679 propinqua
384 2642 514 2669 animalia
533 2641 691 2674 observare,
707 2649 777 2676 quos
792 2649 838 2668 su-

44 2693 102 2720 bito
121 2691 211 2719 cauda
235 2691 373 2718 involutos
392 2690 419 2716 in
436 2696 535 2724 aquam
555 2688 724 2723 pertrahere,
742 2695 773 2714 ac
783 2687 837 2729 ‘de-

46 2746 155 2766 vorare.
168 2737 253 2772 quue
276 2737 353 2772 probi
372 2736 446 2764 senis
463 2742 594 2762 successu
607 2734 777 2770 comprobat,
791 2734 836 2769 qui

57 2785 140 2819 longa
162 2782 295 2811 crocodili
314 2782 400 2810 cauda
425 2782 532 2808 cinctus
558 2788 591 2809 ex
621 2780 677 2815 ipsa
701 2781 762 2808 navi
778 2789 837 2808 mo-

52 2836 144 2859 mento
160 2829 292 2864 temporis
308 2829 447 2857 detractus
460 2827 520 2855 fuit.

886 2227 1033 2259 sententia,
1046 2234 1109 2254 cum
1125 2226 1199 2253 nulla
1219 2225 1253 2253 de
1270 2232 1333 2252 aere
1346 2226 1373 2251 in
1391 2225 1479 2251 avium
1496 2223 1674 2259 productione

886 2274 932 2301 ﬁat
943 2274 1054 2301 mentio.
1073 2272 1106 2300 Et
1122 2271 1277 2308 gravissimi
1299 2271 1427 2298 doctores
1451 2270 1477 2298 id
1496 2274 1671 2302 censuerunt,

886 2323 1067 2358 Hieronymus
1081 2342 1088 2354 ,
1108 2320 1278 2356 Augustinus
1295 2340 1302 2351 ,
1330 2319 1483 2354 Rupertus,
1498 2317 1670 2350 Ambrosius,

886 2368 934 2395 lib.
952 2376 967 2395 v
984 2366 1112 2393 Hezuem.
1126 2373 1186 2401 cap.
1201 2365 1253 2398 14;
1271 2364 1389 2400 Cyrillus
1406 2363 1433 2389 in
1457 2363 1574 2397 primum
1590 2361 1674 2389 Cene-

887 2413 1165 2445 seos;Theodorctus,
1182 2412 1229 2439 lib.
1240 2419 1257 2438 ν
1271 2410 1425 2437 Divinarum
1440 2408 1555 2439 decret.;
1570 2407 1674 2436 Marius

886 2459 991 2491 Victor,
1004 2459 1077 2486 lib.|
1102 2456 1246 2489 inGenes.;
1263 2455 1457 2487 Damaseenus,
1483 2454 1531 2482 lib.
1555 2461 1574 2480 ιι
1608 2453 1672 2482 Fid.

891 2503 1061 2535 Orthodoxw,
1080 2510 1140 2537 cap.
1157 2501 1190 2535 9;
1208 2501 1294 2536 Hugo,
1311 2499 1474 2531 Richardus,
1491 2503 1518 2526 et
1533 2499 1590 2526 alii.
1612 2498 1672 2526 Non

887 2549 1056 2576 conveniunt
1075 2551 1167 2575 tamen
1192 2547 1263 2574 inter
1273 2553 1313 2578 se,
1332 2553 1392 2580 quas
1408 2545 1464 2572 sint
1487 2545 1528 2571 ha!
1546 2551 1623 2579 aqua:
1638 2552 1672 2572 ex

887 2594 987 2628 quibus
1000 2593 1092 2620 divina
1101 2592 1208 2626 eloquia
1221 2599 1285 2618 aves
1293 2598 1354 2618 esse
1366 2589 1512 2625 productas
1527 2589 1670 2616 allirmant.

888 2640 949 2667 Non
964 2639 1109 2667 defuerunt
1132 2638 1172 2665 uti
1194 2637 1352 2672 Cajetanus,
1379 2635 1544 2663 Catharinus
1559 2639 1586 2663 ct
1613 2635 1670 2668 alii,

887 2686 933 2721 qui
947 2693 1002 2712 non
1017 2692 1050 2713 ex
1064 2684 1143 2718 aquis
1155 2691 1229 2716 aves,
1246 2683 1293 2710 sed
1310 2691 1344 2710 ex
1358 2683 1417 2718 ipsa
1447 2689 1519 2710 terra
1536 2681 1621 2709 fuisse
1637 2681 1672 2708 fa-

888 2736 947 2760 ctas
962 2730 1130 2758 contendunt
1143 2729 1233 2756 verbis
1245 2737 1330 2756 sacrae
1342 2729 1489 2764 Scriptum
1507 2728 1534 2755 in
1554 2728 1672 2756 dialecto

889 2777 1024 2805 llebraico
1038 2780 1065 2804 et
1087 2775 1246 2811 paraphrasi
1260 2775 1384 2802 Chaldrea
1399 2775 1466 2802 nisi.

925 2823 1004 2856 lbid.,
1023 2823 1071 2851 lin.
1087 2822 1131 2850 54.
1152 2822 1234 2849 Ἔστι
1247 2821 1281 2848 δὲ
1292 2821 1391 2849 αὐτῶν
1406 2821 1442 2848 τὰ
1460 2820 1526 2850 μέν.
1541 2819 1669 2848 Basilius.
