1897 3073
217 94 267 122 801

217 151 293 180 hom.
305 151 321 178 8
332 161 337 177 :
349 148 428 177 Ἀλλο
439 151 488 186 μὲν
500 147 546 178 οὖν
557 149 635 185 γένος
647 150 678 176 τὸ
689 149 743 176 τῶν
757 150 947 186 σαρκοφάγων,
959 150 1005 177 καὶ

219 197 287 232 ἄλλη
302 196 458 232 κατασκευὴ
470 196 612 232 πρέπουσα
623 195 662 231 τῷ
673 195 765 232 τρόπῳ
779 196 828 230 τῆς
840 196 943 231 διαίτης
957 195 1007 222 αὺ-

219 244 284 275 τῶν,
300 242 402 278 ὀνύχων
417 243 514 278 ὰκμαὶ,
533 244 580 270 καὶ
597 243 683 278 χεῖλος
702 243 829 277 ἀγκύλον,
845 243 892 270 καὶ
909 243 1008 279 πτερὸν

219 288 277 322 ὀξὺ,
291 287 361 315 ὥστε
377 289 423 315 καὶ
441 289 626 324 συλληφθῆναι
649 289 748 325 ῥᾳδίως
766 289 796 315 τὸ
818 290 939 325 θήραμα,
961 290 1007 317 xui.

220 334 406 370 διασπαραγὲν
425 336 530 371 τροφὴν
549 334 587 370 τῷ
603 335 689 362 ἑλόντι
710 335 845 370 γενέσθαι·
873 336 938 372 ἄλλη
955 335 1008 363 τῶν

221 381 415 417 σπερμολόγων
429 381 594 416 κατασκευὴ,
610 381 676 416 ἄλλη
691 381 745 408 τῶν
757 382 789 408 ὲκ
802 382 901 413 παντὸς
911 390 1009 418 τρεφο-

222 429 310 464 μένων
321 428 367 455 τοῦ
381 429 567 464 συντυχόντος,
579 429 626 456 καὶ
636 430 665 455 ὲν
674 428 779 460 τούτοις
788 428 911 455 πλεῖσται
920 429 1008 463 διαφο-

221 475 277 511 ραί.
307 474 345 502 De
367 475 457 502 avium
481 474 637 509 generibus,
666 474 794 510 ingeniis,
820 473 1006 507 facultatibus,

221 519 382 554 ceterisque
393 519 426 546 ad
435 527 482 547 eas
493 519 680 554 spectantibus
691 519 780 553 plura,
797 523 824 546 et
836 518 1006 551 Aristoteles,

221 570 248 594 et
257 566 372 598 Plinius,
389 569 417 593 et
433 564 570 598 Alienus,
594 569 621 592 et
635 564 763 592 Albertus
779 564 893 600 Magnus
908 568 935 592 et
949 564 1006 597 alii,

221 619 290 646 quos
305 610 329 638 si
351 610 416 638 libet
432 610 486 637 adi.
505 609 594 637 Unum
611 613 718 637 tantum
738 609 894 637 Aristotelis
917 609 1007 636 locum

220 656 249 682 in
265 654 383 682 medium
408 654 519 682 all‘eram
541 663 573 682 ex
590 655 638 682 lib.
658 662 690 682 ιιι
718 654 758 682 De
773 654 894 690 partibus
912 655 1006 688 anim.,

221 699 303 734 capit.
330 699 374 733 Η,
400 699 446 734 qui
464 700 556 727 omnia
581 700 639 728 haec
666 707 726 735 quae
745 707 760 726 a
782 703 877 727 nostro
897 703 1008 728 auctore

221 746 325 774 strictis
340 749 367 774 et
382 746 554 780 paucissimis
580 746 671 774 verbis
688 746 869 782 attinguntur,
885 746 1006 781 exponit,

221 798 335 826 quaeque
346 791 536 818 commentarii
549 791 608 818 loco
618 791 757 819 deservire
768 796 884 827 possunt
892 801 898 819 ι
907 791 1006 819 Avibus

221 845 261 869 os,
273 836 342 871 quod
360 840 476 863 rostrum
498 841 617 867 vocatur,
640 835 687 862 hoc
706 836 776 863 enim
798 844 845 870 pro
873 835 956 862 labris
983 839 1007 862 ct

221 882 341 909 dentibus
357 881 462 915 habent,
480 881 525 909 sed
541 882 612 909 varie
630 889 678 915 pro
695 890 744 909 usu
770 886 796 909 et
816 881 936 913 auxilio;
951 889 1008 916 qua:

220 929 293 956 enim
312 927 422 955 aduncis
437 927 566 963 unguibus
587 932 659 961 sunt,
675 928 800 963 quoniam
815 935 894 954 carne
908 927 1007 960 vivunt,

220 977 246 1000 et
272 973 347 999 nullo
371 972 460 1007 [ructu
479 976 635 1005 vescuntur,
665 977 782 1000 rostrum
804 972 894 1000 omnia
914 971 1009 1000 habent

221 1018 363 1046 aduncum.
386 1018 450 1045 Tale
472 1018 541 1045 enim
560 1023 614 1045 tum
629 1017 663 1045 ad
684 1018 858 1051 retinendum,
877 1022 931 1045 tum
950 1026 1009 1045 vero

221 1065 256 1092 ad
272 1065 323 1092 vim
338 1064 504 1100 inferendam
524 1065 686 1093 commodius
701 1069 778 1101 atque
796 1065 884 1100 aptius
899 1069 956 1097 est;
971 1065 1009 1092 vis

221 1116 310 1139 autem
325 1111 352 1138 in
372 1111 430 1144 hoc,
449 1115 475 1138 et
496 1112 524 1138 in
541 1111 672 1146 unguibus
692 1111 745 1138 sita
765 1115 814 1138 est.
835 1110 908 1138 Unde
923 1111 964 1145 ﬁt,
981 1115 1010 1138 ut

220 1166 318 1193 ungues
335 1157 415 1185 etiam
430 1156 544 1184 habeant
558 1157 724 1184 adunciores.
742 1156 906 1184 Caeterarum
923 1157 1010 1184 avium

221 1208 337 1230 rostrum
366 1202 430 1230 utile
450 1202 485 1229 ad
509 1203 606 1230 victum
624 1202 749 1238 cujusque
770 1206 820 1234 est,
839 1202 909 1229 verbi
924 1202 1010 1237 gratia

221 1248 325 1276 τοίνυνιί
349 1249 462 1284 generis,
487 1253 512 1276 et
534 1248 633 1275 coruini
649 1248 796 1281 robustum,
817 1251 894 1282 atque
905 1247 1011 1282 prwdu-

222 1303 281 1322 rum
299 1303 327 1322 os
342 1299 381 1322 est
396 1303 405 1322 :
426 1295 522 1322 minuti
542 1295 642 1330 generis
659 1295 742 1321 latum
761 1293 795 1320 ad
813 1298 890 1321 terrae
908 1294 1011 1328 [ructus

222 1341 394 1376 colligendos,
407 1345 432 1368 et
451 1340 485 1368 ad
494 1340 618 1368 bestiolas
634 1340 775 1375 capiendas
795 1339 928 1366 idoneum.
946 1339 1012 1372 Quae

223 1391 311 1414 autent
325 1386 411 1414 herbis
432 1387 531 1420 uiuunt,
547 1394 654 1422 qquue
671 1385 741 1419 apud
756 1385 866 1419 paludes
881 1386 1011 1418 victitant,

223 1437 253 1459 ut
269 1438 371 1466 nantes,
391 1436 415 1459 et
436 1432 595 1466 palmipedes
615 1431 713 1465 partim
737 1431 790 1458 alio
806 1428 920 1466 quodam
936 1430 1012 1457 modo

223 1478 305 1505 rastri
335 1477 548 1505 commoditatem
580 1476 719 1509 obtinent,
742 1477 840 1511 partim
875 1476 1013 1503 latitudine

224 1523 306 1550 rostri
325 1522 375 1550 sibi
397 1522 533 1557 sufﬁciunt
552 1529 561 1548 :
582 1523 675 1556 quippe
698 1529 756 1556 qua:
776 1526 863 1549 rostro
884 1521 1015 1556 ejusmodi

224 1567 344 1603 infodere
359 1567 471 1602 possint,
490 1567 567 1603 quale
581 1567 648 1595 inter
667 1566 850 1603 quadrupedes
865 1567 945 1594 etiam
960 1566 1014 1594 suis

224 1619 284 1647 est;
301 1621 361 1640 nam
377 1613 400 1640 is
419 1612 488 1648 quod
505 1612 624 1640 radicum
639 1617 760 1647 appetens
776 1616 826 1639 est.
844 1612 914 1644 Quin
934 1612 1016 1639 etiam

226 1669 298 1693 aves,
310 1668 368 1696 qua:
385 1660 440 1687 lato
454 1664 514 1686 sunt
530 1664 616 1687 rostro
631 1659 784 1694 radicesque
796 1658 901 1691 esitant,
913 1662 938 1685 et
954 1657 1016 1684 reli-

225 1715 338 1744 quarum
350 1707 432 1735 uictus
446 1706 541 1732 similis
555 1704 689 1732 nonnulla:
698 1708 830 1731 serratum
840 1703 921 1730 rostri
931 1707 1017 1730 extre-

226 1762 299 1782 mum
311 1753 406 1780 habent
420 1761 428 1779 -:
446 1752 485 1779 ita
499 1752 568 1780 enim
581 1750 722 1778 herbarum
740 1754 848 1784 carptus
864 1757 914 1784 quo
929 1749 1017 1776 vivunt

226 1800 332 1836 facilius
344 1799 443 1835 agitur.
466 1797 522 1826 Nec
549 1802 655 1825 tantum
681 1797 715 1824 ad
734 1795 889 1824 necessaria
906 1802 1017 1830 compa-

225 1847 313 1875 randa
328 1847 365 1874 ita
380 1850 442 1873 nata
458 1848 524 1872 sunt
549 1844 690 1876 animalia,
713 1842 761 1870 sed
777 1846 808 1869 ut
832 1842 1017 1870 instrumenta

225 1893 355 1926 habeant,
370 1892 471 1927 quibus
490 1898 519 1918 se
539 1890 573 1917 ab
591 1889 764 1916 inimicorum
789 1887 906 1919 insidiis,
924 1887 982 1915 sive
998 1887 1017 1914 ii

227 1939 350 1966 homines
376 1939 442 1970 sint,
468 1937 526 1964 sive
551 1935 647 1963 bellua:
662 1934 821 1967 defendant,
841 1941 902 1969 qua:
926 1934 1018 1961 omnia

226 1985 328 2021 Optime
360 1986 473 2016 norunt,
499 1985 526 2010 et
556 1981 620 2009 dum
656 1980 765 2008 occasio
794 1979 877 2008 fuerit
900 1980 1018 2008 scientes

226 2035 354 2059 utuntur.
365 2029 589 2064 TheOphylactusv
603 2026 757 2054 Simocatus
778 2026 806 2053 in
822 2025 922 2058 Quaest.
940 2032 1019 2053 natu-

227 2077 340 2109 ralibus,
353 2080 451 2112 quaest.
467 2075 484 2103 5
499 2084 505 2102 :
526 2074 619 2101 Ἔστιν
632 2073 757 2109 αἴσθησις
771 2073 818 2100 καὶ
836 2074 894 2104 τοῖς
911 2072 1020 2107 ἀλόγοις

227 2124 318 2157 ζώοις,
341 2123 524 2158 Πολύκρατες,
548 2120 608 2148 καθ’
631 2121 664 2156 ἣν
686 2121 736 2156 τῆς
757 2120 859 2153 οἰκείας
882 2120 1019 2155 σωτηρίας

227 2170 394 2206 ἀπειλήφασι
407 2170 456 2204 τὴν
467 2168 622 2202 διάγνωσιν.
635 2165 710 2194 Οἶδεν
723 2168 740 2202 ὴ
755 2166 840 2202 σηπία
856 2168 904 2202 τῆς
914 2166 1018 2197 οἰκείας

228 2216 325 2252 ἀχλύος
338 2216 368 2242 τὺ
384 2215 504 2249 σόφισμα
518 2214 564 2240 καί
577 2222 627 2239 που
643 2212 773 2248 θηραταῖς
783 2212 913 2248 ἀορασίαν
930 2212 1017 2246 ἄγρας

228 2261 367 2296 ἐνέθηκεν.
383 2259 443 2288 Οίδε
458 2259 492 2286 τὰ
503 2258 672 2294 γαμψώνυχα
681 2259 731 2294 τὴν
744 2258 789 2285 διὰ
801 2258 854 2284 τῶν
865 2257 966 2293 ὀνύχων
975 2257 1019 2283 ἀλ-

229 2309 290 2344 κήν.
301 2306 376 2334 Οἶδεν
388 2308 402 2334 ὁ
415 2306 520 2341 λαγωὸς
533 2305 575 2332 διὰ
585 2305 632 2331 τοῦ
641 2305 740 2340 δρόμου
753 2305 800 2331 καὶ
809 2304 858 2339 τῆς
866 2303 920 2331 τῶν
933 2303 1018 2330 ποδῶν

229 2354 357 2390 ὀξύτητος
375 2353 522 2388 κυνηγέτου
542 2351 688 2383 ἐπιϐουλὰς
707 2350 927 2385 ἀποπέμπεσθαι.
942 2347 1019 2376 Οἶδεν

229 2401 247 2436 ἡ
260 2400 356 2436 ἔλαφος
369 2398 572 2435 ἀποκειραμένη
585 2398 619 2425 τὰ
635 2397 739 2433 κέρατα
754 2396 950 2431 ἀσθενεστέραν
970 2395 1019 2431 τὴν

230 2446 311 2481 φύσιν
334 2445 485 2481 ἀμύνεσθαι
506 2444 770 2479 τοὺς“λυπήσαντας,
785 2447 838 2470 etc.
860 2442 967 2475 Cicero,
983 2442 1020 2469 De

231 2492 328 2527 finibus
343 2492 392 2519 lib.
408 2499 436 2522 v.
449 2491 495 2526 qui
510 2490 637 2517 laudatur
651 2497 666 2516 ιι
685 2488 772 2516 Nonio
790 2488 918 2516 Marcello
935 2497 941 2516 :
954 2487 1019 2515 Ser-

229 2546 289 2573 pere
305 2537 470 2573 anguiculos,
493 2541 588 2563 natare
607 2535 769 2567 anaticulos,
789 2535 876 2562 volare
892 2535 1019 2568 merulas,

231 2584 354 2612 cornibus
371 2584 411 2610 uti
432 2583 566 2610 videamus
590 2582 663 2609 boves
686 2582 746 2617 (ego
762 2581 878 2616 legerent
896 2581 1020 2608 cornibus

232 2630 305 2664 niti),
321 2637 400 2663 nepas
423 2629 533 2661 aculeis,
557 2635 634 2655 suam
655 2627 765 2662 denique
786 2627 879 2662 cuique
896 2631 1021 2654 naturam

232 2682 288 2702 esse
296 2674 330 2702 ad
340 2675 475 2702 vivendum
489 2673 593 2705 ducem;
608 2676 635 2700 et
651 2672 851 2700 mellitissimus
864 2671 1018 2700 Anacreon:

410 2742 502 2774 Φύσις
516 2742 624 2774 κέρατα
638 2742 764 2776 ταύροις,

418 2777 524 2809 Ὀπλὶις
540 2777 564 2802 δ’
581 2776 690 2803 ἔδωκεν
709 2777 819 2810 ἵπποις,

413 2811 566 2845 "adt-man
582 2812 715 2846 λαγωοῖς,

869 91 991 120 LEONIS
1001 91 1139 119 ALLATII

1800 95 1840 123 892

1020 154 1043 180 Α
1232 152 1341 179 Λὲουσι
1360 152 1450 187 χάσμ’
1467 153 1607 186 ὀδόντων,

1232 188 1296 220 Τοῖς
1309 189 1409 221 ἰχθύσι
1424 187 1458 214 τὸ
1472 188 1595 222 νηκτόν,

1235 223 1298 255 Τοῖς
1312 222 1426 256 ὀρνέοις
1442 223 1583 250 πέτασθαι
1589 244 1597 255 ,

1236 258 1299 291 Τοῖς
1315 257 1443 292 ἀνδράσι
1455 258 1608 293 φρόνημα.

1231 293 1376 327 er-utar
1388 292 1485 320 οὐκέτ’
1499 291 1589 327 εἶχεν.

1235 328 1265 354 Tl
1282 326 1338 355 οὖν
1353 328 1472 360 δίδωσι;
1486 326 1615 362 κάλλος,

1242 364 1312 390 'Art’
1329 362 1467 390 ἀσπίδων
1481 362 1618 390 ἀπασῶν.

1239 398 1309 424 ’Δγ-τ’
1324 397 1436 432 ἐγχέων
1447 398 1596 424 ἁπάντων·

1233 432 1308 466 Νικᾷ
1323 433 1358 459 δὲ
1372 433 1421 460 καὶ
1434 433 1570 467 σίδηρον,

1232 468 1287 495 Καὶ
1304 468 1364 502 πῦρ
1383 468 1461 501 καλή
1478 466 1521 501 τις
1537 466 1626 496 οὖσα.

1060 536 1093 563 Ει
1104 535 1281 572 Phocylides:

1059 593 1170 620 ’Ὁπλον
1186 592 1302 627 ἑκάστῳ
1326 593 1407 628 ’νεῖμε
1423 593 1494 626 Θεὸς
1519 594 1614 628 φύσιν
1636 594 1823 629 ἡερόφοιτον-

1060 629 1171 662 Ὄρνισι
1183 628 1242 663 μὲν
1255 628 1376 662 πολλὴν
1389 629 1537 663 ταχύτητ“,
1555 629 1656 662 ἀλκὴν
1669 629 1706 655 δὲ
1720 629 1830 661 λέουσι,

1061 664 1181 697 Ταύροις
1189 664 1214 690 δ’
1223 664 1398 698 αὐτοχύτοις
1404 664 1554 698 κεράεσσι,
1562 663 1671 698 κέντρα
1675 665 1842 699 μελίσσαις,

1060 699 1210 734 ’Έμςρυτον
1223 699 1319 733 ἄλκαρ
1331 699 1451 726 ἔδωκεν.

1058 754 1173 788 Plinius,
1188 754 1237 783 lib.
1254 763 1282 788 Σ,
1297 762 1357 790 cap.
1369 755 1415 788 24,
1431 755 1603 783 hirundinem
1621 757 1712 784 solam
1726 763 1801 783 avem
1816 764 1842 783 ex

1058 801 1104 834 iis,
1125 808 1186 835 qua:
1208 801 1331 829 aduncos
1357 809 1462 836 ungues
1488 809 1543 828 non
1576 801 1692 834 habent,
1723 801 1843 829 carnibus

1060 848 1134 876 vesci
1150 851 1237 875 notat.

1095 893 1176 926 ἰωὰ..
1201 894 1251 922 lin.
1270 894 1315 921 40.
1338 894 1393 921 Kal
1410 893 1447 921 τὰ
1457 894 1516 929 μὲν
1529 894 1615 921 ἐστιν
1630 894 1761 929 ἄναρχιῑ.
1778 893 1843 922 Basi-

1060 940 1125 973 lils,
1138 941 1213 968 hom.
1226 941 1258 968 8:
1276 940 1361 967 Πάλιν
1380 942 1408 967 ὲν
1424 940 1530 973 τούτοις
1540 941 1574 967 τὰ
1593 941 1643 976 μὲν
1658 941 1769 976 ἆναρχά.
1783 941 1842 971 ἐστι,

1061 987 1109 1014 καὶ
1124 984 1179 1013 οἷον
1194 987 1259 1013 αὐτὸ
1272 987 1366 1023 ὄνομα,
1381 987 1416 1014 τὰ
1429 988 1457 1014 δὲ
1468 988 1513 1023 ὑφ’
1528 988 1642 1023 ἡγεμόνι
1657 987 1790 1023 τετάχθαι
1803 996 1843 1014 κα-

1061 1032 1237 1067 ταδεχόμενα,
1253 1032 1291 1064 ὡς
1305 1033 1333 1058 ul
1347 1032 1468 1068 γέρανοι.
1485 1033 1554 1068 Ἤδη
1569 1033 1597 1059 δέ
1610 1041 1652 1064 τις
1664 1033 1716 1060 καὶ
1730 1032 1808 1068 ἑτέρα
1820 1034 1844 1059 ἐν

1064 1077 1168 1110 τούτοις
1187 1078 1246 1104 ἐστὶ
1261 1077 1387 1114 διαφορὰ,
1410 1079 1469 1105 καθ’
1487 1079 1520 1114 ἢν
1542 1079 1576 1106 τὰ
1594 1080 1642 1115 μὲν
1665 1079 1844 1115 ὲτιιδημητικά

1061 1124 1091 1150 τέ
1104 1125 1161 1150 ἐστι
1177 1125 1223 1151 καὶ
1237 1124 1367 1160 ἐγχώρια,
1383 1125 1417 1151 τὰ
1433 1124 1461 1151 δὲ
1475 1125 1603 1161 ἀπαίρειν
1621 1126 1732 1160 πέφυκε
1748 1127 1844 1162 πορρω-

1063 1170 1146 1201 τάτω,
1155 1171 1201 1197 καὶ
1209 1170 1341 1206 χειμῶνος
1348 1170 1501 1205 ἐγγίζοντος
1509 1170 1663 1203 ὲκτοπίζειν
1671 1171 1711 1203 ὡς
1719 1171 1753 1197 τὰ

1098 1226 1177 1259 bid,
1199 1227 1246 1254 lin.
1269 1227 1315 1254 44.
1337 1227 1457 1261 Γαῦρον
1480 1229 1496 1254 ὁ
1515 1228 1700 1262 ἀλεκτρυών.
1726 1228 1842 1261 Basilius,

1063 1273 1137 1301 hom.
1166 1273 1202 1300 8:
1219 1273 1323 1309 Γαῦρον
1344 1274 1358 1301 ὀ
1380 1273 1547 1310 ἀλεκτρυὼν,
1567 1274 1715 1309 φιλόκαλον
1737 1276 1752 1302 ό
1773 1275 1842 1307 ταὼς.

1063 1319 1156 1353 λάγνοι
1173 1319 1201 1346 ut
1219 1319 1377 1356 περιστεραὶ
1395 1320 1441 1346 καὶ
1456 1321 1484 1347 ui
1503 1320 1662 1348 κατοικίδιοι
1688 1321 1787 1357 ὄρνεις,
1806 1323 1843 1348 ἐπὶ

1066 1364 1166 1396 παντὸς
1180 1364 1277 1400 καιροῦ
1286 1365 1315 1392 τὸ
1331 1366 1551 1392 συνουσιαστικὺν
1567 1365 1690 1401 ἔχουσαι.
1704 1365 1841 1394 Lucillius:

1067 1432 1246 1468 Gallinaceus,
1264 1441 1323 1459 cum
1338 1433 1420 1460 victor
1434 1441 1460 1460 se
1472 1433 1558 1468 gallus
1571 1433 1679 1461 honeste

1067 1467 1192 1499 Sustulit,
1207 1468 1235 1494 in
1247 1467 1342 1502 digitos
1355 1467 1532 1504 primoresque
1548 1470 1625 1505 erigit
1639 1478 1754 1506 ungues.

1028 1508 1049 1536 ο
1101 1522 1168 1550 Ibid.
1193 1524 1220 1550 Ὀ
1238 1523 1272 1550 δὲ
1285 1524 1369 1558 ἱέραξ
1380 1525 1594 1558 εὐνούστατος.
1609 1526 1783 1559 Aristoteles.
1801 1527 1840 1553 lib.

1066 1571 1093 1596 ix
1113 1569 1150 1596 De
1163 1569 1256 1597 histor.
1269 1571 1364 1603 anim.,
1385 1578 1444 1606 cap.
1462 1571 1497 1598 56
1511 1582 1516 1598 :
1536 1572 1580 1599 Ἐν
1597 1573 1625 1599 δὲ
1641 1573 1740 1610 Θρᾴκῃ
1756 1574 1786 1609 τῇ
1802 1582 1842 1600 xu—

1066 1615 1182 1651 λουμένῃ
1202 1616 1267 1643 ποτὲ
1285 1617 1450 1652 Κεδροπόλει
1470 1618 1498 1644 ὲν
1515 1617 1555 1653 τῷ
1573 1617 1627 1644 ἕλει
1650 1618 1809 1654 θηρεύουσιν
1824 1618 1843 1645 οἱ

1067 1662 1205 1698 ἄνθρωποι
1214 1662 1248 1689 τὰ
1262 1662 1366 1698 ὀρνίθια
1378 1665 1454 1699 κοινῇ
1468 1663 1536 1699 μετὰ
1545 1663 1599 1691 τῶν
1614 1665 1745 1700 ἱεράκων.
1761 1666 1790 1692 Ol
1803 1665 1842 1700 μὲν

1067 1707 1121 1743 γὰρ
1134 1707 1240 1743 ἔχοντες
1254 1708 1320 1740 ξύλα
1334 1709 1444 1736 σοϐοῦσι
1457 1710 1503 1736 τδν
1517 1710 1640 1746 κάλαμον
1656 1712 1707 1738 καὶ
1720 1711 1766 1746 τὴν
1778 1710 1842 1745 ὕλην,

1067 1755 1111 1781 ἴνα
1124 1754 1259 1781 πέτωνται
1271 1755 1304 1782 τὰ
1315 1755 1429 1791 ὀρνίθια·
1448 1756 1472 1782 oi
1489 1756 1517 1783 δὲ
1533 1756 1640 1792 ἱέρακες
1656 1757 1760 1784 ἄνωθεν
1774 1758 1842 1791 ὑπερ

1068 1801 1225 1836 φαινόμενοι
1241 1800 1448 1828 καταδιώκουσι·
1466 1801 1552 1828 ταῦτα
1565 1802 1594 1829 δὲ
1610 1802 1768 1838 φοϐούμενοι
1781 1803 1843 1829 κάτω

1069 1847 1179 1874 πέτεται
1192 1847 1273 1874 πάλιν
1287 1848 1355 1883 πρὸς
1369 1847 1418 1883 τὴν
1432 1850 1493 1884 γῆν·
1508 1850 1532 1875 oi
1545 1849 1574 1876 δὲ
1587 1849 1728 1885 ἄνθρωποι
1745 1850 1842 1876 τύπτον-

1068 1902 1114 1924 τες
1132 1895 1187 1925 τοῖς
1205 1893 1292 1925 ξύλοις
1308 1893 1485 1928 λαμϐάνουσι,
1503 1895 1549 1921 καὶ
1569 1894 1620 1930 τῆς
1641 1895 1674 1931 θή
1679 1904 1731 1931 ρας
1751 1895 1843 1931 μεταδι-

1068 1937 1159 1965 δόασιν
1175 1938 1276 1971 αὐτοῖς,
1292 1939 1417 1974 ῥίπτουσι
1431 1938 1486 1974 γὰρ
1502 1939 1556 1966 τῶν
1569 1940 1695 1975 ὀρνίθων,
1714 1941 1739 1968 οἱ
1747 1940 1773 1966 δὲ
1788 1940 1842 1966 ὑπο-

1069 1983 1260 2018 λαμϐάνουσιν.
1290 1983 1391 2011 Eadem
1419 1985 1517 2019 repetit
1541 1984 1633 2012 libello
1655 1986 1726 2019 Περὶ
1746 1988 1841 2019 θαι-μα-

1070 2029 1145 2056 σίων
1168 2029 1385 2064 ἀκουσμάτων,
1419 2031 1465 2058 ubi
1504 2036 1595 2059 tamen
1629 2031 1790 2067 Ἀμφίπολιν
1804 2038 1842 2066 pro

1069 2075 1213 2111 Cedropoli
1234 2076 1367 2109 nominat,
1389 2084 1450 2112 quae
1474 2077 1512 2104 ita
1531 2077 1655 2105 vertebat
1674 2077 1746 2105 Plin.
1764 2078 1806 2104 lib.
1820 2084 1840 2108 ι,

1070 2130 1096 2150 c.
1112 2123 1128 2149 8
1149 2132 1156 2150 :
1175 2121 1208 2149 In
1226 2122 1346 2149 Thracia:
1361 2127 1435 2156 parte
1448 2130 1526 2157 super
1541 2123 1721 2158 Amphipolim
1742 2123 1840 2150 homines

1033 2178 1056 2207 ι)
1071 2174 1148 2206 atque
1163 2170 1301 2204 accipitres
1313 2170 1437 2197 societate
1454 2170 1569 2205 quadam
1582 2175 1762 2205 aucupentur.
1776 2169 1808 2196 lii
1818 2176 1841 2195 es

1069 2216 1152 2245 siluis.
1176 2220 1200 2242 et
1217 2215 1382 2242 arundinetis
1395 2215 1510 2242 excitant
1528 2223 1587 2242 aves
1607 2223 1616 2242 :
1631 2216 1672 2242 illi
1689 2215 1841 2250 supervolan-

1069 2266 1107 2289 tes
1117 2262 1276 2296 deprimunt.
1295 2261 1396 2289 Rursus
1416 2266 1507 2296 captas
1528 2270 1641 2297 aucupes
1657 2262 1776 2289 diuidunt
1793 2269 1840 2288 cum

1070 2307 1113 2333 iis.
1128 2305 1266 2333 Traditum
1278 2311 1317 2333 est
1328 2306 1424 2333 missas
1438 2307 1466 2332 in
1477 2306 1588 2334 sublime
1603 2307 1655 2334 sibi
1667 2308 1782 2342 excipere
1790 2313 1840 2333 eos:

1069 2356 1094 2378 et
1111 2359 1169 2378 cum
1185 2355 1284 2385 tempus
1302 2351 1336 2377 sit
1353 2355 1470 2385 captura:
1489 2351 1611 2386 clangore
1633 2359 1665 2378 ac
1694 2352 1791 2378 uolatus
1806 2357 1839 2384 ge-

1070 2405 1131 2424 nere
1145 2397 1256 2424 inuitare
1269 2396 1303 2424 ad
1316 2397 1490 2424 occasionem.
1503 2396 1608 2424 Similia
1623 2397 1706 2425 habet
1721 2397 1839 2426 Elianus,

1071 2443 1110 2470 De
1120 2443 1183 2471 hist.
1195 2443 1291 2476 anim.,
1309 2443 1358 2470 ιιι).
1375 2451 1407 2476 ιι,
1421 2451 1482 2478 cap.
1497 2442 1543 2475 42,
1556 2443 1602 2478 qui
1619 2443 1657 2470 ait
1671 2443 1792 2470 homines
1804 2449 1839 2468 ex-

1071 2489 1180 2524 plicatis
1194 2489 1298 2516 retibus
1316 2489 1468 2523 quiescere,
1485 2488 1632 2523 accipitres
1653 2488 1839 2524 supervolantes

1072 2541 1147 2566 aves,
1163 2538 1237 2561 metu
1254 2533 1377 2567 incusso,
1394 2534 1420 2560 in
1444 2534 1513 2560 retia
1536 2533 1710 2568 compellere.
1738 2533 1838 2560 Thraces

1072 2584 1168 2614 captas
1181 2587 1245 2607 aves
1257 2587 1320 2607 cum
1337 2579 1392 2606 illis
1406 2579 1511 2614 partiri,
1525 2582 1556 2605 ut
1570 2578 1639 2605 ﬁdos
1657 2579 1747 2606 socios
1761 2578 1792 2605 ad
1801 2585 1837 2604 au-

1072 2625 1182 2660 cupium
1194 2624 1322 2653 habeant.
1340 2624 1387 2651 Sin
1400 2624 1543 2659 accipitres
1555 2624 1589 2651 ab
1600 2623 1786 2651 illisdistracti
1795 2622 1827 2649 di.

1073 2671 1222 2697 sociantur.
1241 2670 1306 2702 Quae
1322 2669 1419 2704 repetit
1432 2669 1516 2697 etiam
1535 2669 1690 2704 Antigonus
1705 2668 1829 2704 Carystius

1073 2706 1198 2751 cap.'54;
1211 2716 1329 2743 Joannes
1349 2715 1485 2743 Meursius
1501 2715 1528 2742 in
1551 2719 1619 2748 not.,
1641 2723 1703 2742 cum
1720 2715 1826 2747 Cedropo
1841 2730 1843 2734 ι

1074 2764 1131 2790 leos
1154 2763 1244 2790 nullus
1259 2766 1380 2790 veterum
1394 2763 1559 2790 mentionem
1576 2762 1711 2794 habuerit,
1736 2761 1826 2794 suspica

1076 2815 1120 2838 tur
1136 2817 1197 2838 esse
1210 2809 1338 2837 mendum
1357 2808 1384 2836 in
1398 2809 1545 2838 Aristotele
1560 2816 1615 2838 non
1632 2809 1713 2836 hodie
1730 2812 1772 2836 aut
1792 2803 1839 2833 lteri
