1897 3073
58 128 111 156 895

547 130 581 157 IN
597 129 782 158 EUSTATHII
803 128 1038 158 IIEXAEMERON
1055 130 1170 159 NOTAE.

1629 135 1681 163 894

58 191 162 217 natum,
179 186 227 214 sed
241 187 299 222 jam
311 191 373 216 ante
388 187 514 225 Antigoni
532 194 668 226 tempora,
683 191 730 226 qui
747 191 784 217 ita
799 191 839 218 in-

894 190 1024 225 πέψωσιν,
1036 192 1189 227 ἐξεμοῦσιν,
1202 193 1245 220 ἵνα.
1254 194 1412 228 χασκουσῶν
1421 194 1455 221 τὰ
1463 194 1532 230 κρέα
1544 195 1680 231 ἐξαιροῦν-

57 236 168 260 ventum
184 234 332 268 expressit,
353 235 527 270 restituitque
545 237 693 272 Κεκροπίδι
707 244 767 272 quae
784 236 843 264 Stc-

58 277 149 312 phano
163 277 287 305 Thracia:
306 280 382 315 regio
397 284 453 313 est;
468 281 650 316 conciliatque
670 289 761 309 secum
783 281 844 307 Ari—

58 323 195 356 stotelem,
206 323 272 351 dum
284 324 466 361 Amphipolim
479 327 574 354 urbem
589 327 617 354 in
630 326 746 354 Thracia
763 327 843 354 sitam

56 367 84 395 in
101 367 253 403 Cecropide
270 371 382 405 regione
393 372 479 405 ponit.

89 413 150 440 Col.
167 414 234 448 729,
253 415 301 442 lin.
333 416 360 443 5.
388 418 569 444 Φιλότεκνον
595 419 611 444 ὀ
630 417 770 444 πελεκάν.
791 416 841 445 (ΗΥ.

60 462 239 499 Physiologus
256 464 410 500 Epiphanii,
422 469 447 492 et
464 465 560 493 Petrus
576 465 734 497 Damianus,
750 465 796 492 lib.
811 472 841 496 ιι,

55 507 139 541 epist.
175 507 231 541 ‘18;
266 508 464 544 Hieronymus,
501 510 558 537 sive
592 513 689 537 auctor
719 509 840 544 epistola:

55 553 89 579 ad
112 553 292 586 Pmsidium,
316 555 506 589 pelecanurum
531 555 601 583 ﬁlios
626 563 641 582 a
671 556 843 590 serpentibus

55 600 156 631 occidi,
175 605 202 627 et
216 605 359 635 parentum
377 602 507 636 sanguine
523 602 655 630 vivificari
673 606 767 629 auctor
789 607 840 630 est.

54 645 179 673 Isidorus
195 647 241 673 lib.
260 655 309 678 xu,
323 655 347 674 c.
367 647 382 673 Ἰ
396 657 402 674 :
419 647 560 674 Palicanus
583 648 638 674 avis
651 647 778 682 Egyptia
793 647 842 673 ha-

55 691 143 717 bitans
169 691 195 718 in
218 692 362 718 solitudine
383 691 441 718 Nili
459 693 588 726 ﬂuminis,
608 692 678 719 unde
701 697 725 719 et
750 700 842 719 nomen

54 737 179 771 sumpsit.
201 736 271 763 Nam
284 737 417 772 Canapius
433 737 566 773 Egyptus
581 738 689 766 dicitur.
710 737 807 764 Fertur
818 738 842 765 si

54 791 143 810 verum
157 788 207 814 est,
228 792 285 810 eam
301 784 416 811 occidere
438 790 513 812 natos
530 793 601 816 suos,
617 793 710 819 eosque
727 792 772 818 per
791 783 840 810 tri-

53 828 136 854 duum
155 828 252 864 lugere,
284 829 375 856 deinde
395 830 508 864 seipsam
531 831 679 862 vulnerare,
702 834 726 856 et
751 837 840 864 asper-

53 875 127 900 sione
146 875 189 901 sui
218 875 354 909 sanguinis
368 875 498 910 viviﬁcare
508 876 588 909 filios.
607 875 679 902 idem
695 875 776 902 habet
787 875 841 901 Au-

53 920 183 954 gustinus
203 920 230 947 in
245 921 340 954 psalm.
352 929 389 951 Cl.
412 926 439 949 et
449 921 597 956 Gregorius
614 929 692 956 super
705 929 721 948 v
743 921 839 955 psalm.

54 966 193 999 pwnilcnt.
207 974 216 997 ;
229 966 358 994 Albertus
374 966 487 1002 Magnus
503 975 565 994 cum
588 972 682 994 nostro
698 966 840 994 Eustathio

53 1012 194 1044 convenit,
210 1013 255 1047 qui
282 1012 319 1039 ait
340 1016 466 1047 parentes
483 1020 498 1039 a
516 1012 579 1039 ﬁliis
603 1016 775 1047 provocatos,
793 1020 841 1039 eos

53 1056 220 1085 interﬁcere.
247 1057 366 1086 Consule
400 1058 558 1086 Michaelem
589 1058 712 1094 Glycam,
741 1058 840 1085 Annal.

55 1102 116 1129 libr.
134 1111 160 1134 I;
174 1102 274 1130 Horum
292 1104 350 1131 libr.
371 1112 391 1134 ι,
409 1104 491 1139 capit.
508 1105 551 1132 54.
566 1105 654 1132 Aliam
671 1104 840 1139 φιλοτεχνίας

53 1155 167 1176 causam
180 1149 263 1177 habes
275 1150 346 1185 apud
361 1150 510 1183 Elianum,
525 1150 563 1178 De
571 1151 664 1178 histor.
673 1150 838 1184 animalium,

52 1193 100 1221 lib.
119 1202 163 1226 ιιι,
178 1196 260 1230 capit.
276 1196 322 1223 24.
335 1196 413 1223 Hunc
428 1196 533 1224 Plinius
545 1197 672 1232 plateam,
685 1197 838 1232 plataleam,

51 1239 163 1272 Cicero,
180 1240 371 1277 Hieronymus,
385 1246 412 1269 et
426 1241 576 1270 Eucherius
589 1242 775 1270 onocrotalum
789 1249 838 1269 vo-

51 1289 163 1312 carunt.
177 1285 311 1313 Consalus
322 1286 435 1314 Pontius
447 1287 519 1314 notis
536 1287 563 1314 in
578 1285 763 1322 Physiologum
776 1286 841 1322 Epi-

53 1330 163 1364 phanii,
177 1339 238 1365 quae
256 1331 290 1358 de
307 1331 436 1366 pelecano
457 1336 595 1364 narratur,
610 1332 685 1359 nullo
697 1336 744 1358 aut
758 1339 840 1367 expe-

51 1375 183 1408 rimento,
208 1380 254 1403 aut
279 1378 363 1404 veteri
388 1377 502 1412 probato
528 1378 685 1412 testimonio
710 1377 839 1405 aﬁirmari

51 1429 135 1457 posse
149 1423 300 1450 contendit.
317 1423 406 1456 Quare
419 1427 496 1459 putat
512 1431 562 1459 pro
574 1425 710 1459 pictorum
725 1425 838 1452 arbitrio

52 1469 212 1496 hominibus
238 1469 398 1503 exhibitam,
426 1478 476 1498 nec
502 1471 584 1498 ullam
606 1470 719 1504 hujusce
735 1474 839 1497 naturae

51 1522 130 1542 avent
149 1523 264 1550 usquam
278 1523 349 1548 esse,
362 1517 575 1552 comprobatque
591 1516 764 1544 Hebraaorum
776 1524 838 1543 sen-
851 1533 875 1565 ο

52 1561 149 1592 tentia,
165 1562 212 1596 qui
229 1562 350 1589 fatentur
365 1563 471 1590 nescire
483 1570 511 1590 se
525 1570 584 1597 qua:
602 1563 658 1590 avis
678 1563 714 1590 sit
730 1563 838 1598 pcleca-

52 1615 116 1634 nus.
134 1607 273 1642 Quidquid
287 1611 376 1635 tamen
393 1608 437 1640 sit,
454 1608 512 1636 avis
533 1608 590 1635 lucc
609 1608 659 1635 fuit
672 1609 778 1643 insigne
791 1607 839 1636 Ju-

52 1653 79 1680 lii
98 1653 212 1680 Antonii
241 1653 376 1681 Sanctorii
403 1654 562 1685 cardinalis,
590 1659 652 1689 post
677 1654 838 1690 Gregorium

51 1700 188 1727 decimum
201 1701 310 1726 tertium
325 1699 479 1734 pontiﬁcem
494 1700 636 1735 optimum,
649 1699 754 1734 collegii
765 1699 839 1726 Grae-

51 1753 148 1772 corum
163 1746 282 1780 primum
295 1751 409 1780 patrem,
429 1746 508 1780 primi
524 1745 733 1780 propugnatoris
747 1752 778 1771 ac
793 1745 839 1772 de-

51 1791 183 1823 fensoris,
200 1791 258 1826 qui,
275 1796 304 1818 ut
318 1792 472 1819 Graecorum
490 1791 538 1818 ﬁlii
554 1798 587 1818 ex
607 1791 690 1825 impia
709 1791 754 1817 illa
770 1790 840 1817 Tur-

51 1845 149 1865 carum
163 1838 307 1872 tyrannide
324 1842 350 1865 et
373 1837 533 1871 ignorantiae
554 1837 673 1864 tenebris
696 1837 791 1871 elapsi,
812 1839 839 1863 et

51 1883 134 1911 bonis
145 1883 262 1916 artibus,
277 1887 304 1910 et
318 1883 474 1911 lectissimis
487 1883 609 1910 moribus
627 1882 837 1914 instruerentur,

52 1929 189 1956 adversus
211 1929 366 1956 malesanos
386 1929 546 1960 nebulones,
566 1927 613 1963 qui
636 1931 742 1954 tantum
770 1934 839 1962 opus

53 1977 180 2002 evertere
190 1975 370 2006 conabantur,
387 1973 505 2009 propriis
518 1973 613 2001 ofﬁciis
624 1973 776 2008 opibusque
792 1973 840 2000 bo-

54 2028 90 2047 na
109 2028 125 2047 a
141 2019 272 2055 Gregorio
287 2021 384 2056 legata,
409 2019 581 2047 alumnorum
602 2019 756 2047 educationi
769 2040 776 2051 ,
792 2019 839 2045 diu

50 2066 109 2100 jam
136 2066 302 2097 corruentia,
331 2065 480 2098 immunia,
502 2072 622 2100 sanaquc
647 2064 786 2097 sustinuit,
813 2068 840 2091 et

52 2111 227 2139 conﬁrmavit
250 2111 385 2143 nutantia,
411 2111 468 2139 suis
499 2111 649 2138 commodis
683 2109 838 2137 Graecorum

52 2157 236 2184 eruditionem
261 2160 445 2191 anteponens,
471 2159 498 2184 et
522 2163 592 2190 quos
617 2155 674 2191 jam
700 2155 840 2182 charitalis

893 244 939 267 τες
949 237 1069 263 ὲσθίωσι.
1085 237 1190 270 Cicero,
1209 238 1254 264 lib.
1269 246 1299 270 ιι,
1316 238 1352 266 De
1369 245 1457 268 natur.
1473 240 1581 267 deorum
1597 241 1681 276 :Legi

894 281 974 308 etiam
990 282 1116 315 scriptum
1130 290 1185 309 esse
1197 291 1268 309 avent
1278 283 1431 318 quamdam,
1447 286 1626 319 quwplatalea
1636 295 1681 312 nu-

895 327 1049 361 minaretur,
1059 336 1116 354 eam
1131 328 1183 355 sibi
1196 328 1281 355 cibum
1292 337 1407 363 quterere
1417 331 1581 358 advolantem
1591 331 1625 358 ad
1633 340 1678 358 eas

894 379 963 402 aves,
978 380 1036 405 qute
1044 380 1069 398 se
1084 372 1110 398 in
1120 373 1188 399 mari
1202 378 1354 408 mergerent,
1364 383 1421 409 qua:
1433 383 1491 402 cum
1499 377 1675 409 emersissent,

893 417 1040 451 piscemque
1054 418 1201 451 cwpissent,
1215 426 1296 453 usque
1310 427 1339 446 eo
1355 427 1470 453 premere
1483 429 1574 448 earum
1589 423 1676 457 capita

894 461 1026 488 mordicus
1041 461 1105 489 dum
1118 468 1222 496 captum
1244 464 1299 491 illa:
1317 465 1476 498 amitterent,
1496 466 1523 492 id
1537 467 1605 502 quod
1618 468 1677 502 ipsa

894 507 1035 535 invaderet.
1060 508 1211 542 Eademque
1233 509 1288 537 lucc
1310 511 1365 538 avis
1386 511 1510 538 scribitur
1527 513 1630 540 conchis
1649 522 1676 540 se

893 551 976 578 solere
992 552 1130 586 complere,
1156 561 1250 588 easque
1272 562 1331 581 cum
1352 556 1480 582 stomachi
1503 558 1590 584 calore
1614 566 1676 585 con-

893 596 1004 629 coxerit,
1024 605 1149 630 evomere,
1165 602 1242 633 atque
1257 599 1295 625 ita
1316 599 1411 635 eligere
1433 608 1465 627 ea:
1488 601 1521 628 iis
1540 609 1598 636 quae
1615 608 1675 628 sunt

893 642 1035 669 esculenta.
1053 641 1166 674 Plinius,
1188 643 1235 670 lib.
1250 652 1278 677 x,
1293 652 1354 680 cap.
1371 646 1405 672 40
1424 655 1430 674 ;
1447 646 1542 673 Platea
1555 655 1614 674 cum
1631 647 1677 675 de-

894 688 991 714 voratis
1006 696 1033 714 se
1049 688 1163 722 implevit
1178 690 1293 721 conc/tis,
1310 691 1397 718 calore
1408 693 1503 720 ventris
1518 699 1605 721 coetus
1619 703 1677 721 evo-

893 735 950 765 mit,
966 738 1043 768 atque
1055 735 1092 761 ita
1105 743 1137 762 ea:
1150 735 1182 762 iis
1197 736 1331 763 esculenta
1347 737 1407 772 legit
1431 743 1511 766 testas
1525 747 1674 775 excerpens.

892 780 925 807 Et
939 781 1075 813 Elianus,
1090 781 1127 808 De
1141 782 1202 809 hist.
1216 783 1297 810 anim.
1317 783 1364 810 lib.
1384 791 1425 817 lll,
1443 791 1503 820 cap.
1520 785 1556 813 20
1567 795 1573 812 ε
1586 787 1618 812 0t
1629 795 1677 812 πε-

892 827 1005 860 λεκᾷνες
1019 828 1048 854 ἐν
1061 829 1117 860 τοῖς
1133 830 1264 864 ποταμοῖς
1277 829 1378 864 κόγχας
1394 830 1606 866 περιχαίνοντες,
1618 830 1678 860 εἶτα

895 873 1098 900 καταπίνουσιν.
1125 873 1218 900 Ἕνδον
1234 874 1262 900 δὲ
1284 874 1331 900 καὶ
1352 876 1381 901 ἐν
1400 875 1476 910 μυχῷ
1492 875 1541 910 τῆς
1559 877 1677 912 γαστρὸς

894 917 1097 953 ὑποθάλψαντες
1109 919 1249 954 ἀνεμοῦσι.
1265 920 1319 948 Καὶ
1333 921 1368 947 τὰ
1383 920 1432 956 μὲν
1443 921 1574 957 ὀστράκια
1587 923 1619 949 ὲκ
1628 925 1677 958 τῆς

895 964 976 996 ἀλέας
991 964 1082 1000 διέστη
1095 965 1236 1001 ώσπεροῦν
1251 965 1304 992 τῶν
1319 965 1417 1000 ἑφθῶν·
1431 968 1455 993 οἰ
1467 967 1494 993 δὲ
1505 967 1676 1003 ὲξορύττουσι

893 1010 927 1037 τὰ
939 1010 1017 1046 κρέα,
1031 1011 1078 1038 καὶ
1097 1011 1187 1046 ἔχουσι
1206 1011 1323 1040 δεῖπνον.
1340 1011 1406 1045 Qum
1422 1013 1542 1041 carmine
1561 1013 1677 1042 iambico

894 1056 932 1084 ita
952 1056 1070 1084 reddidit
1083 1055 1159 1085 Phile
1177 1066 1184 1084 :

928 1123 1048 1160 Κᾷγχην
1059 1124 1094 1150 δὲ
1108 1124 1238 1151 πελεκάν
1252 1125 1389 1160 ἐμϐαλὼν
1401 1125 1462 1159 τοῖς
1478 1126 1622 1160 ἑγκάτοις,

927 1158 1104 1186 Κὰνάπαλιν
1116 1160 1212 1193 αὐτὴν
1228 1158 1402 1195 ἐξὲνεγηιὼν,
1415 1158 1572 1195 ὀάτρᾶκοις

930 1194 964 1221 Τὸ
972 1195 1107 1230 Ασαρκιον
1120 1194 1252 1228 ,βέϐρωκε
1263 1194 1379 1230 ληφθὲν
1390 1197 1552 1230 εὐστόχως.

930 1228 985 1255 Τοῦ
1003 1230 1057 1264 γὰρ
1072 1230 1160 1265 τόνου
1177 1228 1317 1257 θλάσασά
1335 1230 1388 1264 τὰς
1401 1228 1516 1265 κλεῖς-’ἧ
1531 1228 1620 1264 ζέσις,

929 1264 1062 1291 Ἕλυσεν
1077 1264 1113 1297 ἀς
1131 1265 1275 1300 ἔσφιγξεν
1289 1267 1308 1300 ἡ
1323 1266 1416 1301 κόγχη
1432 1264 1555 1301 πτύχας.

927 1330 1008 1364 lbid.,
1024 1331 1074 1358 lin.
1090 1331 1136 1360 26.
1153 1333 1323 1359 Φιλόκαλον
1338 1334 1355 1359 ό
1370 1333 1455 1366 ταώς.
1471 1332 1558 1368 llujus
1574 1333 1676 1361 descri-

893 1377 1013 1412 ptionem
1038 1377 1135 1405 iisdem
1155 1385 1225 1412 pene
1244 1378 1334 1406 verbis
1349 1378 1433 1406 habes
1454 1380 1524 1414 apud
1543 1378 1675 1407 Achillem

891 1421 1011 1454 Tatium,
1029 1422 1075 1450 lib.
1094 1430 1101 1449 ι
1120 1431 1128 1449 :
1145 1422 1237 1458 Ταύτῃ
1258 1423 1305 1449 νῦν
1321 1420 1396 1454 οὗτος
1415 1423 1445 1450 τὸ
1461 1422 1557 1454 κάλλος
1576 1423 1676 1449 ἐπιδεῖ-

891 1475 986 1494 κνυται
1003 1466 1124 1501 λειμῶνα.
1140 1467 1256 1502 πτερῶν.
1276 1467 1305 1494 '0
1317 1467 1345 1493 δὲ
1357 1467 1403 1494 τοῦ
1417 1467 1473 1494 ταὼ
1486 1467 1586 1503 λειμὼν
1597 1468 1675 1494 εὐαν-

892 1512 1027 1548 θέστερος.
1047 1511 1217 1546 Πεφύτευται
1241 1511 1295 1548 γὰρ
1311 1512 1384 1548 αὖτῷ
1400 1513 1447 1539 καὶ
1462 1513 1560 1549 χρυσὸς
1577 1514 1606 1540 ὲν
1621 1516 1676 1546 τοῖς

892 1559 1011 1594 πτεροῖς·
1024 1558 1114 1593 κύκλῳ
1122 1558 1151 1584 δὲ
1162 1558 1192 1584 τὸ
1200 1558 1332 1594 ἀλουργις
1340 1558 1384 1585 τὸν
1395 1559 1493 1594 χρυσὸν
1504 1559 1623 1595 περιθέει
1631 1560 1675 1586 τὸν

891 1603 947 1630 ἴσον
956 1603 1065 1636 κύκλον,
1075 1604 1122 1630 καὶ
1132 1603 1204 1629 ἐστιν
1212 1603 1348 1639 ὀφθαλμὸς
1357 1605 1386 1630 ἐν
1393 1604 1431 1639 τῷ
1439 1604 1538 1640 πτερῷ.
1545 1605 1676 1632 Aristotc-

889 1648 940 1680 les,
956 1648 1002 1675 lib.
1016 1655 1024 1674 ι
1038 1647 1074 1674 De
1081 1647 1144 1675 hist.
1157 1648 1250 1679 auim.,
1262 1655 1324 1675 eum
1335 1648 1463 1683 φθονερὸν
1471 1650 1517 1675 καὶ
1533 1649 1674 1683 φιλόκαλον

889 1699 984 1727 vocat;
1007 1693 1067 1728 ejus
1089 1693 1309 1725 ostentationem,
1333 1694 1488 1728 superbiam
1519 1701 1551 1721 ac
1574 1694 1673 1722 fastum

889 1739 1005 1774 explicat
1023 1738 1148 1766 (Elianus
1163 1739 1208 1766 lib.
1224 1746 1240 1764 v
1260 1738 1298 1765 De
1319 1738 1412 1765 histor.
1439 1739 1532 1771 anim.,
1548 1747 1608 1775 cap.
1623 1739 1673 1773 2|;

889 1784 1040 1819 Oppianus,
1053 1783 1092 1810 De
1103 1784 1246 1816 venatione,
1258 1783 1306 1811 lib.
1329 1791 1360 1815 ll,
1377 1788 1403 1811 et
1415 1783 1462 1811 lib.
1473 1792 1516 1815 tu.
1527 1786 1574 1820 qui
1586 1786 1623 1812 ait
1634 1786 1674 1813 nil

887 1830 1036 1865 jucundius
1058 1838 1088 1857 ac
1110 1830 1252 1864 pulchrius
1277 1837 1382 1864 pavone
1406 1830 1433 1857 in
1448 1830 1528 1858 rebus
1546 1839 1560 1857 a
1577 1835 1672 1858 natura

889 1876 1056 1911 profectum;
1086 1875 1176 1908 Phile,
1205 1876 1233 1903 in
1261 1874 1382 1907 lambis;
1410 1875 1542 1911 Georgius
1570 1877 1672 1909 Pisida,

889 1921 927 1949 De
943 1921 1034 1948 mundi
1052 1922 1155 1956 opiﬁc.;
1173 1921 1357 1948 Philostratus
1372 1920 1468 1949 Junior
1486 1921 1592 1949 Περ-οἱα.
1607 1922 1634 1953 Ξ,
1647 1923 1674 1950 Ῑη

889 1967 1062 2000 Alexandro;
1086 1967 1233 2003 Gregorius
1258 1967 1445 1995 Nazianzenus
1463 1968 1544 1994 Κατὰ
1566 1977 1674 2002 γυναι-

889 2014 951 2041 κῶν
963 2013 1243 2048 καλλωπιζομένων,
1255 2013 1411 2045 Athenaeus,
1426 2013 1488 2040 libr.
1506 2021 1544 2046 ix,
1561 2014 1674 2049 Deipna-

889 2060 1011 2094 sophist.;
1024 2060 1130 2091 Cicero,
1149 2068 1177 2086 In
1196 2060 1235 2086 De
1248 2060 1361 2095 ﬁnibus;
1377 2060 1537 2094 Columella,
1551 2061 1598 2087 lib.
1614 2068 1672 2093 \‘ltl,

889 2107 972 2141 capit.
984 2107 1012 2133 11
1025 2115 1033 2139 ;
1047 2106 1196 2138 Lucianus,
1210 2105 1348 2137 Dedama;
1361 2105 1473 2138 Gellius,
1488 2107 1534 2134 lib.
1547 2115 1594 2137 vn.
1611 2115 1672 2142 cap.

891 2152 940 2185 l7;
958 2151 1007 2178 Dio
1021 2151 1245 2186 Chrysostomus,
1269 2152 1393 2178 oratione
1408 2151 1565 2187 Olympica;
1584 2152 1672 2179 Theo-

52 2202 146 2230 studio
162 2202 203 2229 uti
223 2201 292 2229 ﬁlios
317 2202 475 2236 complexus
505 2200 602 2231 fuerat,
618 2200 698 2227 etiam
729 2199 752 2227 si
771 2207 839 2234 opus
856 2211 878 2238 ι)
892 2198 1035 2234 phylactus
1044 2197 1208 2228 Simocatus,
1223 2197 1304 2232 epist.
1315 2198 1345 2225 5i
1358 2206 1365 2230 ;
1380 2197 1546 2232 Epiphanius
1562 2198 1589 2224 in
1602 2197 1673 2233 Phy-

52 2247 163 2280 fuisset,
178 2247 220 2275 sui
235 2247 376 2281 sanguinis
395 2246 489 2274 fovens
500 2245 642 2277 effusione,
658 2253 675 2272 ο
689 2252 752 2272 vere
766 2245 839 2279 pele-

51 2302 166 2326 canum,
184 2301 247 2321 vere
272 2301 385 2320 aureum
395 2313 403 2325 ,
416 2300 479 2320 vere
493 2292 658 2326 φιλότεκνον.
678 2291 717 2318 Ne
733 2291 839 2318 felicem

51 2345 79 2368 te
95 2340 241 2370 Graeciam,
263 2339 354 2367 felices
370 2343 432 2366 tuos
452 2338 681 2370 adolescentulos,
705 2338 772 2364 tanti
790 2345 838 2371 pa-

50 2385 126 2413 troni
137 2385 265 2421 praesidio
276 2385 303 2412 in
314 2385 432 2412 maxima
446 2383 610 2410 necessitate
626 2391 689 2410 vere
703 2381 838 2409 defensos.

51 2431 159 2463 Gaude,
177 2431 274 2466 gaude,
302 2430 370 2457 tanti
392 2429 445 2456 viri
470 2429 594 2463 exemplo
621 2427 838 2463 praestantissimi

51 2479 175 2513 quinque
190 2477 320 2513 prmsules
335 2481 397 2504 tuos
411 2475 491 2506 ﬁlios,
508 2479 535 2502 et.
554 2476 640 2507 alunt,
668 2479 695 2502 et
717 2474 839 2502 moribus

54 2523 234 2557 scientiisque
243 2523 524 2555 informant,quorum
536 2519 628 2547 laudes
639 2528 711 2547 nunc
720 2528 771 2547 non
786 2524 839 2546 tam

50 2569 288 2603 prwtermittimus,
300 2575 378 2603 quam
394 2567 428 2594 ad
444 2567 570 2601 majorem
585 2565 714 2593 scribendi
728 2565 839 2600 diligen-

52 2616 119 2641 tiam
134 2622 309 2641 reservamus.

88 2660 170 2691 lbid..
184 2660 233 2687 lin.
248 2660 288 2686 ll.
307 2657 394 2687 Οὗτοι
409 2659 442 2685 δὲ
457 2659 484 2685 ol
497 2657 670 2690 rtetwcirec.
689 2657 760 2684 Idem
776 2665 839 2684 nar-

53 2710 96 2733 rat
110 2706 274 2733 Aristoteles
289 2705 337 2732 lib.
355 2705 424 2738 Περὶ
443 2703 618 2738 θαυμασίων
630 2702 836 2737 ἀκουσμάτων,

52 2756 78 2777 et
95 2751 142 2778 lib.
157 2758 185 2777 Ix
194 2750 230 2776 De
246 2750 307 2777 hist.
327 2750 422 2781 anim.,
437 2756 497 2783 cap.
511 2749 560 2774 1οε
573 2747 637 2773 υὶόὲ
653 2747 799 2779 πελεκᾶνες
813 2749 837 2774 οἱ

52 2799 81 2824 ἐν
92 2798 149 2828 τοῖς
165 2797 298 2830 ποταμοῖς
313 2795 448 2829 γινόμενοι
460 2794 636 2820 καταπίνουσι
653 2793 701 2825 τὰς
717 2794 836 2829 μεγάλας

52 2843 153 2875 κζγγσς
165 2841 212 2870 καὶ
223 2841 305 2873 λείας·
315 2842 378 2868 ὅταν
387 2841 408 2867 δ’
424 2842 451 2868 ὲν
463 2841 500 2873 τῷ
516 2841 568 2872 πρὸ
585 2840 632 2874 τῆς
648 2840 749 2872 κοιλίας
762 2841 836 2874 τόπῳ

892 2243 1147 2279 εἰοΙοῳίΟνίἀίυε.
1164 2247 1190 2271 et
1205 2243 1262 2270 alii.
1281 2243 1396 2276 Plinius,
1415 2244 1461 2270 lib.
1485 2251 1512 2275 ις,
1530 2251 1589 2278 cap.
1611 2243 1647 2270 20
1664 2254 1670 2270 :

892 2290 1056 2317 Gemmantes
1075 2290 1199 2317 laudatus
1211 2290 1336 2324 expandit
1348 2290 1457 2323 colores,
1470 2290 1577 2317 adverso
1591 2291 1674 2316 maxi-

891 2346 931 2364 me
945 2337 1009 2369 sole,
1025 2338 1088 2370 quia
1104 2337 1142 2364 sic
1157 2337 1300 2372 fulgentius
1320 2337 1437 2363 radiant.
1466 2336 1553 2363 Simul
1574 2337 1673 2364 umbra:

890 2384 1018 2418 quasdam
1031 2391 1196 2417 repercussus
1206 2384 1318 2415 cwteris,
1327 2383 1354 2410 in
1366 2391 1445 2417 opaco
1455 2383 1553 2410 clarius
1563 2383 1670 2414 micant,

890 2430 1018 2456 concitata
1031 2430 1126 2465 quwrit
1145 2430 1231 2456 cauda
1246 2438 1255 2456 :
1275 2437 1413 2464 omnesque
1432 2430 1459 2456 in
1476 2437 1595 2456 acervum
1611 2438 1673 2456 con-

890 2476 971 2502 tra/tit
989 2484 1144 2510 pennarum,
1160 2484 1223 2510 quas
1240 2475 1352 2509 spectari
1372 2475 1467 2510 gaudet
1486 2476 1585 2502 oculos.
1606 2475 1673 2503 Ter-

889 2522 1031 2554 tullianus,
1049 2522 1096 2549 lib.
1117 2522 1153 2548 De
1182 2521 1263 2556 pallio
1292 2530 1302 2548 :
1330 2521 1400 2548 Pavo
1424 2521 1514 2556 pluma
1535 2522 1624 2552 vestis,
1648 2527 1673 2548 ct

889 2566 992 2601 quidem
1002 2567 1034 2593 de
1047 2566 1190 2598 cataclitis,
1207 2567 1258 2592 ima
1278 2567 1349 2593 omni
1365 2566 1499 2600 conchylio
1515 2565 1671 2600 depressior,

888 2621 940 2647 qua
956 2612 1025 2638 colla
1045 2612 1150 2647 ﬂorent,
1166 2617 1190 2639 et
1214 2612 1285 2638 omni
1311 2612 1417 2646 patagio
1439 2611 1597 2642 inauratior,
1621 2619 1674 2645 qua

888 2664 961 2692 terga
981 2657 1097 2692 fulgent;
1113 2663 1136 2684 et
1153 2658 1223 2684 omni
1243 2661 1358 2692 syrmate
1378 2657 1500 2687 solutior,
1515 2664 1566 2691 qua
1582 2655 1673 2683 cauda:

883 2703 985 2738 jaceat,
1011 2703 1171 2734 multicolor,
1191 2707 1215 2729 et
1238 2702 1364 2734 discolor,
1387 2706 1411 2729 ct
1435 2701 1586 2734 versicolor,
1602 2709 1672 2727 nun-

887 2758 965 2784 quam
979 2750 1035 2783 ipsa
1045 2757 1145 2784 semper
1157 2749 1223 2781 alia,
1237 2749 1287 2776 etsi
1300 2756 1401 2782 semper
1414 2749 1471 2782 ipsa
1485 2748 1589 2783 quando
1601 2748 1673 2778 alia;

889 2795 965 2822 toties
980 2794 1089 2830 denique
1105 2795 1233 2821 mutanda
1250 2796 1351 2830 quoties
1368 2794 1502 2821 movenda.
1525 2793 1590 2820 Vide
1604 2801 1671 2828 pra:-

887 2846 959 2869 tcrca
972 2840 1103 2868 Joannem
1122 2839 1315 2872 Passeratium,
1331 2843 1356 2866 et
1371 2839 1494 2871 Ulyssem
1521 2837 1671 2867 Aitil‘OVfﬂh
