1897 3073
220 114 274 143 8θῦ

883 109 1007 138 LEONIS
1025 109 1161 138 ALLATII
1805 113 1851 141 896

220 172 296 200 dum.
322 170 443 205 Scaliger
470 169 584 196 exet-cit.
609 168 673 200 258,
695 167 722 195 in
748 166 913 199 Cardauum,
936 166 1008 202 quod
1024 169 1047 198 Α
1061 167 1208 203 ἀπόφασιν.
1222 167 1354 197 Referunt
1364 173 1456 198 tamen
1469 170 1579 205 quidam
1590 170 1618 198 in
1630 171 1768 198 interiore
1780 170 1849 198 ludia

220 225 275 245 non
297 217 454 251 infrequens
469 219 512 243 est
529 214 600 249 apud
625 213 786 248 scriptores,
806 221 938 249 pavonem
956 213 1010 240 sci-

220 265 293 296 licet,
313 262 470 297 conspectis
490 261 624 297 pedibus,
648 260 721 296 quod
745 264 839 295 turpes
859 260 913 287 sint
935 259 1010 286 voci-

219 309 313 342 ferari,
338 308 508 336 anicularum
536 307 657 335 fabulam
681 311 768 334 vomit.
793 306 861 333 Vide
878 305 1008 340 Pierium,

219 355 267 382 lih.
287 363 361 381 xxtv.
666 374 669 377 .

254 401 332 433 una,
351 401 398 427 lin.
412 400 456 427 55.
475 400 502 426 '0
518 399 552 426 δὲ
564 399 664 434 φοῖνιξ
674 398 798 434 μέγεοος
811 398 879 433 μέν.
892 397 1007 432 Plinius,

218 447 266 475 lib.
281 455 310 480 ι,
325 455 385 482 cap.
406 447 423 474 9.
439 456 444 473 :
464 446 567 481 Aquilae
582 451 709 473 narratur
733 445 923 481 magnitudine,
947 445 1008 472 auri

217 493 320 529 fulgore
334 494 404 520 circa
422 495 503 523 colla,
522 499 619 520 cwtera
634 501 790 527 purpureus.
809 494 949 520 cwruleam
963 500 1007 518 ro-

217 540 268 567 seis
290 539 405 567 caudam
419 540 510 573 pennis
528 539 760 574 distinguentibus,
787 539 876 566 cristis
898 539 1005 573 facient,

216 590 346 620 caputque
355 586 460 620 plumeo
475 585 548 619 apice
561 585 756 612 co/tonestante.
767 585 888 613 Achilles
899 584 1006 619 Tatius,

216 631 265 658 lib.
284 639 313 658 Ill
323 640 329 658 :
338 631 427 664 Φοῖνιξ
441 632 490 667 μὲν
505 631 520 657 ὁ
533 631 606 666 ὅρνις
618 631 713 666 ὄνομα·
728 631 758 657 τὸ
769 630 797 657 δὲ
809 631 887 665 γένος
897 630 1004 665 Αἰθίοψ,

217 677 332 711 μέγεοος
342 678 413 704 κατὰ
429 677 529 704 ταῶνα·
544 677 594 712 τὴν
606 677 700 712 χροιὰν
715 676 787 708 ταὼς
801 677 829 702 ὲν
841 676 934 703 κάλλει
947 677 1007 703 δεύ-

215 731 303 759 τερος.
322 724 494 759 Κεκέρασται
517 722 567 757 μὲν
590 722 677 757 πτερὰ
695 722 787 758 χρυσῷ
803 723 851 756 uati.
866 723 1005 758 πορφύρᾳ,

215 769 295 804 αὐχεῖ
307 769 335 795 δὲ
345 769 391 795 τὸν
403 769 477 804 ἥλιον
489 769 633 804 δεσπότην,
648 770 696 796 καὶ
709 770 725 804 ὴ
741 769 846 804 κεφαλὴ
862 771 1005 805 μαρτυρεί-

215 816 386 851 ὲστεφάνωσε
399 816 453 850 γὰρ
467 816 550 852 αὐτὴν
562 816 662 848 κύκλος
674 817 786 852 εὐφυὴς,
800 817 877 852 ἡλίου
891 817 920 843 δέ
933 818 1006 845 ἐστιν

214 864 228 889 ὁ
238 862 286 889 τοῦ
298 862 397 889 κύκλου
411 863 540 897 στέφανος
553 862 645 890 εἰκών.
660 863 781 895 Κυάνεός
795 864 864 895 ἐστι,
879 864 926 890 καί
936 865 1006 890 εἰσιν

214 905 293 934 αὗται
319 908 426 944 πτερῶν
451 908 589 935 ἀνατολαί.
616 908 780 944 Μερίζονται
805 909 835 936 δὲ
857 909 939 936 αὑτοῦ
959 910 1006 936 Ai-

214 954 307 986 Θιοπες
331 955 380 990 μὲν
403 955 453 990 τὴν
478 955 560 990 ζωὴν,
583 955 727 990 Αἰγύπτιοι
751 956 779 982 δὲ
801 956 850 992 τὴν
866 956 1004 992 τελευτήν.

213 1000 370 1028 Phoenicem
382 1001 508 1036 deposito
523 1002 602 1029 senio
613 1001 779 1036 repullulare
795 1009 827 1029 ac
842 1002 1006 1030 reviviscere

213 1051 293 1074 vetus
314 1047 409 1075 eadem
433 1052 460 1075 et
483 1055 564 1080 nova,
583 1047 696 1075 tradunt
723 1047 859 1076 Aristides
880 1049 1005 1076 oratione

212 1094 246 1121 de
262 1093 378 1129 Smyrna
394 1093 576 1126 reaedilicata;
594 1093 775 1125 Claudianus,
791 1099 887 1122 auctor
902 1095 1005 1122 carmi—

212 1140 255 1167 nis
274 1139 308 1167 de
324 1139 452 1175 phmnice
473 1139 546 1175 apud
561 1139 735 1167 Lactantium
748 1149 756 1173 ;
771 1140 892 1168 Joannes
907 1140 1005 1176 Xiphi-

211 1186 296 1218 linus,
310 1186 339 1213 in
354 1186 479 1219 Tiberio;
494 1185 661 1218 Herodotus,
678 1186 725 1214 lib.
743 1194 782 1219 n;
801 1186 903 1221 Herus,
919 1187 966 1214 lib.
983 1195 1002 1220 I,

210 1239 272 1266 cap.
290 1231 344 1265 55;
361 1230 483 1264 Soliutts,
503 1239 564 1266 cap.
581 1232 633 1265 55;
655 1231 823 1266 Pomponius
846 1232 927 1265 Mela,
953 1233 1001 1260 lib.

211 1286 253 1310 in,
273 1285 333 1312 cap.
353 1278 386 1311 9;
403 1279 529 1306 Clemens
554 1277 694 1305 Romanus
722 1279 768 1305 lib.
787 1287 803 1305 v
825 1279 1003 1306 Constitutio—

210 1331 285 1356 num,
303 1331 365 1358 cap.
381 1323 408 1356 6,
426 1331 506 1358 quem
524 1324 618 1351 laudat
637 1322 755 1360 Cyrillus
775 1323 1002 1361 Hierosolymita-

211 1377 274 1400 nus,
296 1369 432 1396 Cateclies.
452 1369 496 1401 18,
522 1369 559 1397 De
576 1371 793 1405 resurrectione;
814 1370 1001 1398 Tertullianus

210 1415 258 1442 lib.
272 1414 310 1441 De
324 1420 478 1447 resurrect.,
493 1423 554 1450 cap.
574 1417 624 1449 15;
655 1417 826 1449 Ambrosius,
849 1417 896 1445 lib.
914 1425 953 1450 vt,
973 1418 1001 1445 in

210 1460 340 1494 Hexaem,
355 1468 414 1496 cap.
430 1461 475 1494 25,
489 1464 516 1488 et
530 1461 577 1488 lib.
596 1461 635 1488 De
650 1461 702 1496 fide
717 1464 937 1496 resurrectionis;
950 1463 1002 1490 Na-

211 1508 359 1534 zianzenus
371 1506 477 1539 ,Carm.
492 1507 526 1534 ad
542 1508 675 1542 virgines,-
694 1508 875 1544 Epiphanius,
895 1509 924 1537 in
944 1511 1000 1537 An-
1014 1527 1037 1558 ϐ

210 1557 318 1583 carata;
341 1552 495 1588 Cyprianus
523 1556 550 1580 et
578 1552 706 1586 Ruﬁnus,
724 1553 751 1580 in
773 1553 913 1589 Symbolo.
933 1555 999 1590 Ejus

210 1598 334 1624 meminit
348 1597 483 1624 Eusebius
498 1596 685 1628 Caesariensis,
699 1598 745 1625 lib.
764 1606 790 1625 Iv
808 1599 847 1626 De
866 1601 912 1627 vit.
928 1599 1001 1627 Con-

209 1649 291 1673 stant.
307 1644 345 1673 De
367 1645 481 1672 historia
502 1645 584 1680 hujus
603 1645 662 1672 avis
681 1645 787 1672 luesitat
801 1644 999 1678 Nazianzenus,

209 1695 236 1718 et
253 1692 279 1718 in
300 1691 413 1719 dubium
430 1695 520 1724 vocat,
536 1692 610 1719 hom.
628 1692 662 1719 de
678 1692 782 1727 Spiritu
795 1697 890 1720 sancto
904 1703 913 1721 ς
925 1694 956 1720 Et
971 1694 1000 1721 δέ

208 1746 247 1772 τῳ
269 1737 364 1769 πιστὸς
386 1738 400 1764 ὁ
420 1737 508 1772 λόγος,
528 1739 575 1764 καὶ
600 1738 679 1770 ἄλλος
704 1737 763 1764 ἐστὶ
785 1738 885 1774 τρόπος
905 1740 999 1775 γεννή-

209 1791 288 1814 σεως,
304 1783 370 1810 αὑτό
385 1792 411 1809 τι
434 1783 480 1818 ὑφ’
503 1783 600 1810 ἑαυτοῦ
625 1783 830 1818 δαπανώμενον,
849 1785 895 1811 καὶ
909 1785 999 1812 τικτό-

210 1836 300 1862 μενον.
324 1827 357 1854 Et
373 1827 490 1860 Plinius,
505 1829 550 1856 lib.
568 1837 597 1861 χ,
615 1836 675 1863 cap.
692 1829 710 1855 2
732 1838 738 1856 :
758 1829 908 1864 Afthiopes,
922 1836 999 1866 atque

209 1872 271 1900 Indi
289 1873 431 1901 discolores
441 1875 557 1901 marime
575 1881 598 1901 et
617 1874 806 1902 inenarrabiles
823 1875 909 1910 ferunt
927 1885 997 1910 aves,

207 1924 233 1946 et
260 1924 320 1946 ante
347 1928 435 1947 omnes
466 1920 581 1947 nobilem
607 1921 708 1948 Arabia
735 1921 905 1950 Phoenicem:
927 1923 998 1950 haud

208 1966 263 1992 scio
290 1974 325 1992 an
345 1965 476 2000 fabulose,
502 1974 583 1992 unum
608 1967 635 1993 in
662 1971 715 1993 toto
742 1967 813 2000 orbe,
838 1977 884 1994 nec
913 1970 998 1996 visum

208 2019 374 2046 magnopere.
394 2011 578 2047 Hieronymus
593 2013 746 2045 Cardanus,
765 2014 811 2041 lib.
831 2023 857 2047 χ,
875 2014 914 2041 De
934 2015 998 2042 sub-

209 2057 305 2084 tilitate
323 2066 333 2086 :
352 2058 509 2086 Phoenicem
525 2059 709 2094 praedicarunt
731 2061 820 2093 multi,
838 2069 925 2095 avem,
956 2062 997 2088 in-

208 2103 278 2138 quit,
296 2103 393 2130 fabula:
408 2111 489 2139 quam
505 2105 611 2131 veritati
628 2105 781 2140 propiorem
796 2115 803 2139 ;
821 2111 848 2133 et
863 2106 996 2134 Maximus

208 2149 320 2185 ltlartyr,
339 2150 357 2177 l.
376 2149 409 2176 ad
432 2149 542 2177 Petrum
564 2151 697 2178 illustrem
717 2157 813 2179 contra
834 2152 928 2180 Severi
948 2153 995 2180 do-

1060 221 1136 241 avem
1146 221 1208 241 esse
1219 215 1328 242 nomine
1339 215 1506 247 semendam.
1515 224 1575 250 qua:
1583 220 1705 244 rostrum
1715 217 1801 244 habet
1810 218 1851 244 tri.

1059 259 1123 294 plici
1134 259 1240 292 ordine,
1254 265 1335 296 atque
1346 265 1374 288 ut
1391 262 1418 288 in
1430 262 1584 297 ellychiniis
1594 264 1784 299 undequaque
1795 271 1851 299 pcr-

1059 305 1189 339 foratum,
1199 314 1259 341 quae
1270 307 1402 334 moritura
1413 307 1493 335 dulce
1504 314 1584 336 canat
1596 316 1752 344 cygnorum
1767 317 1849 337 more.

1059 350 1123 379 lnde
1144 353 1267 380 collectis
1280 354 1425 382 sarmentis
1441 360 1515 382 motu
1537 355 1640 382 alarum
1657 355 1797 382 accendat
1810 363 1850 387 ea,

1059 403 1220 434 uraturque,
1242 407 1274 427 ex
1295 401 1374 434 cujus
1395 401 1487 429 cinere
1500 401 1611 433 vermis,
1632 406 1689 428 tum
1705 409 1740 428 ex
1763 408 1851 429 verme

1059 447 1117 473 avis
1136 445 1226 473 denuo
1244 451 1414 474 renascatur.
1431 447 1564 483 Scaliger,
1576 449 1778 475 exercitatione
1789 455 1851 474 con-

1059 495 1101 517 tra
1114 491 1270 519 Cardanum
1289 493 1343 520 253
1357 503 1364 521 :
1380 494 1539 526 Phoenicem,
1555 494 1653 529 inquit,
1670 503 1725 521 non
1741 502 1799 520 esse
1811 502 1852 528 pe-

1058 538 1129 564 nitus
1149 538 1298 573 fabulosam
1314 539 1423 574 legimus
1439 541 1466 567 in
1481 539 1684 568 Commentariis
1704 541 1852 575 navigatio-

1059 591 1121 609 nunt
1140 584 1167 609 in
1191 584 1389 612 mediterraneis
1413 585 1500 613 Indiae
1520 586 1638 620 reperiri.
1655 585 1795 613 Semenda
1813 594 1852 612 oo-

1058 635 1135 657 catur
1149 630 1181 657 ab
1193 631 1298 659 incolis.
1319 631 1450 659 therum
1463 632 1540 666 hujus
1553 632 1673 659 historia:
1687 632 1774 667 ﬁdem
1790 632 1852 659 leuat

1059 675 1180 703 additum
1194 677 1370 704 mendacium.
1385 677 1467 704 Aiunt
1478 679 1547 704 enim
1562 678 1586 705 ei
1607 683 1728 704 rostrum
1745 677 1853 712 tri/ima

1059 723 1124 757 lare,
1149 728 1178 750 ut
1196 725 1325 751 musicum
1350 724 1410 751 edat
1437 733 1542 752 sonum.
1565 723 1648 758 Cujus
1670 724 1705 751 ad
1722 724 1852 751 imitatio-

1059 778 1116 796 nem
1135 775 1255 804 pastores
1278 771 1482 798 instrumentum
1504 771 1698 806 composuerint
1719 769 1797 797 haud
1816 771 1853 797 iu-

1058 824 1149 844 suave.

1093 861 1173 895 lbitl.,
1193 863 1241 890 lin.
1255 864 1287 891 ιΗ
1305 873 1311 891 :
1333 864 1379 897 Ὡς
1393 863 1552 898 ἱστορῆσαι
1569 863 1619 891 καὶ
1634 863 1768 896 ἄλλους.
1789 862 1853 890 Car-

1057 907 1131 935 mina
1151 912 1215 936 sunt
1234 908 1384 936 Ezechielis
1405 909 1598 945 tragwdiarum
1615 908 1781 944 scriptoris,
1797 915 1853 942 quae

1056 955 1121 982 item
1137 955 1272 984 Eusebius
1301 956 1348 983 lib.
1377 964 1406 983 lx
1428 956 1465 983 De
1486 955 1683 991 praparatione
1701 953 1852 989 evangelica

1056 1003 1160 1030 retulit.
1173 1002 1220 1030 Sic
1232 1003 1489 1038 debentdistingui.

1092 1061 1214 1094 Ἕτερον
1229 1060 1263 1087 δὲ
1282 1061 1358 1095 πρὸς
1374 1060 1468 1087 τοῖσδ’
1483 1060 1603 1095 εἴδομεν
1616 1059 1690 1090 ζῶον
1705 1058 1813 1092 ξένον,

1091 1096 1281 1130 Θαυμαστὸν,
1295 1095 1360 1123 οἷον
1374 1095 1490 1122 οὐδέπω
1503 1095 1599 1130 ὦρακέ
1611 1104 1668 1128 τις.

1090 1129 1222 1158 Διπλοῦν
1235 1131 1290 1166 γὰρ
1306 1130 1345 1167 ἧν
1362 1131 1395 1158 τὸ
1408 1131 1506 1167 μῆκος
1519 1129 1618 1167 αἰετοῦ
1635 1129 1766 1165 σχεδὸν,

1090 1167 1226 1200 "tepon
1243 1168 1437 1197 ποικίλοισιν,
1455 1166 1509 1200 ’ἡδὲ
1525 1166 1690 1201 χρώμασιν.

1091 1202 1204 1235 Στῆθος
1218 1202 1277 1237 μὲν
1294 1202 1387 1229 αὐτοῦ
1403 1201 1577 1236 πορφυροῦν
1592 1201 1747 1237 ἐφαίνετο·

1090 1238 1187 1270 Σκέλη
1204 1236 1238 1263 δὲ
1251 1239 1449 1272 μιλτόκρωτα,
1467 1238 1515 1264 καὶ
1532 1237 1595 1263 κατ’
1611 1236 1731 1271 αὐχένα

1088 1271 1286 1306 Κροκωτίνοις
1300 1272 1465 1307 μαλλοῆΤιν
1480 1271 1675 1306 εὐτρεπίζετσ

1088 1308 1171 1342 Κάρα
1183 1308 1217 1334 δὲ
1235 1309 1337 1341 κοίτης
1356 1307 1477 1342 ἡμέροις
1491 1309 1679 1342 παρεμφερὲς

1089 1344 1142 1370 Καὶ
1158 1344 1272 1377 μηλίνῃ
1285 1343 1343 1378 μὲν
1356 1342 1393 1377 τῇ
1411 1343 1484 1377 κόρῃ
1501 1343 1690 1376 προσέϐλεπε

1088 1379 1206 1410 Κύκλῳ,
1223 1381 1296 1412 κόρῃ
1311 1378 1345 1404 δὲ
1361 1378 1470 1410 κόκκος
1484 1378 1524 1410 ὡς
1536 1378 1686 1412 ἐφαίνετο.

1089 1414 1195 1447 Φωνὴν
1210 1413 1244 1439 δὲ
1259 1413 1380 1440 πάντων
1393 1412 1475 1447 εἶχεν
1488 1413 1750 1447 ἐκπρεπεστάτην.

1088 1449 1239 1481 Βασιλεὺς
1254 1449 1288 1475 δὲ
1305 1448 1426 1475 πάντων
1438 1447 1549 1482 ὀρνέων
1559 1449 1712 1483 ἐφαίνετο,

1094 1484 1141 1517 Ὡς
1158 1483 1196 1519 ἦν
1210 1484 1329 1518 νοῆσαι.
1343 1483 1444 1510 Πάντα
1460 1483 1515 1519 γὰρ
1529 1484 1565 1510 τὰ
1581 1483 1670 1516 πτήν⁸
1683 1483 1763 1518 ὁμοῦ

1090 1518 1230 1547 Ὀπιάθεν
1250 1519 1344 1545 αὐτοῦ
1359 1518 1502 1545 daemon"
1519 1518 1685 1550 ἐπέσσυτο,

1087 1554 1183 1587 Αὐτὸς
1201 1553 1236 1580 δὲ
1253 1555 1375 1587 πρόσθε,
1394 1554 1502 1587 ταῦρος
1517 1554 1556 1586 ὡς
1569 1555 1789 1589 γαυρούμενος,

1089 1590 1205 1616 Ἐϐαινε
1218 1589 1365 1624 κραιπνὸν
1378 1589 1464 1624 ,ϐῆμα
1477 1588 1637 1622 ,βαστάζων
1650 1589 1760 1622 ποδός.

1086 1644 1166 1678 lbid.,
1182 1645 1230 1671 lin.
1252 1645 1297 1672 58.
1321 1645 1411 1672 Τοῦτό
1429 1654 1504 1680 φασι
1526 1646 1702 1681 μονογενὲς.
1730 1647 1845 1675 Michael

1050 1691 1159 1726 Glycas,
1177 1690 1225 1717 lib.
1240 1699 1247 1717 l
1267 1691 1366 1718 Annal.
1378 1691 1424 1717 :‘O
1439 1692 1528 1726 φοῖνιξ
1545 1693 1559 1719 ό
1582 1692 1731 1728 Ἀραϐικὸς
1745 1694 1846 1729 ὀρνέων

1049 1737 1157 1772 λέγεται
1176 1734 1246 1764 εἶναι
1270 1738 1413 1772 μονογενὲς
1436 1738 1536 1772 ἄζυγον
1557 1740 1585 1765 ὲν
1609 1740 1641 1774 τῇ
1663 1739 1843 1776 δημιουργίᾳ

1049 1783 1121 1810 κατὰ
1141 1784 1188 1820 ἔτη
1217 1787 1242 1818 φ’
1269 1783 1347 1810 τοῦτο
1361 1785 1470 1819 πάσχει·
1491 1785 1505 1811 ὂ
1522 1785 1569 1812 καὶ
1594 1786 1712 1821 φαιδρὰν
1726 1788 1846 1822 παριπᾴ

1048 1830 1097 1865 τὴν
1110 1831 1266 1857 ἀνάστασιν.
1285 1830 1318 1857 Et
1331 1831 1383 1858 hoc
1396 1830 1445 1858 fuit
1465 1832 1630 1867 praecipuum
1650 1838 1844 1867 argumentum

1049 1877 1158 1904 Maximi
1182 1878 1318 1912 martyris.
1333 1877 1442 1904 Animal
1457 1886 1522 1913 ergo
1536 1886 1589 1905 non
1604 1879 1767 1914 singulare;
1788 1881 1844 1907 ani-

1049 1928 1151 1950 matum
1163 1924 1238 1958 quid,
1248 1928 1275 1951 et
1285 1931 1367 1951 sensu
1378 1924 1532 1958 prtedilum,
1543 1932 1608 1960 ergo
1618 1933 1675 1952 non
1689 1926 1842 1962 singulare,

1048 1976 1109 1996 cum
1128 1969 1232 1997 nullum
1256 1969 1358 1997 animal
1379 1970 1478 2002 solum,
1502 1971 1605 1998 nullum
1622 1972 1791 2006 animatum,
1814 1980 1843 2001 ae

1047 2023 1130 2043 sensu
1145 2015 1305 2050 praeditum,
1331 2015 1396 2042 dum
1416 2016 1596 2051 generationi,
1623 2020 1650 2044 et
1668 2019 1842 2053 corruptioni

1047 2063 1195 2090 obnoxium
1210 2067 1262 2094 est,
1280 2063 1369 2090 solum
1391 2071 1453 2090 esse
1474 2064 1569 2098 possit.

1082 2108 1142 2136 Col.
1157 2109 1219 2141 7322,
1234 2109 1282 2137 lin.
1298 2110 1310 2136 l
1333 2119 1339 2136 ε
1357 2109 1411 2136 Kal
1430 2109 1482 2144 ἔτη
1500 2109 1553 2144 ζῆν
1574 2113 1774 2140 πεντακόσια.
1789 2112 1841 2140 Nec

1047 2154 1073 2181 in
1087 2155 1248 2190 explicando
1270 2155 1405 2191 phoenicis
1420 2157 1483 2184 vitae
1498 2157 1610 2192 periodo
1625 2162 1758 2186 auctores
1778 2167 1842 2186 cono

208 2201 298 2231 gmata
311 2205 317 2222 :
331 2196 360 2222 Εἰ
378 2195 431 2231 γάρ
452 2197 526 2222 ἐστιν
546 2196 620 2232 ὅρνις
635 2198 649 2224 ὀ
664 2198 760 2232 φοῖνιξ,
780 2198 826 2225 καὶ
843 2198 912 2230 ζῶον
928 2200 993 2226 πάν-

1086 2202 1171 2229 uiunt.
1188 2201 1293 2229 Plinius
1308 2206 1452 2230 sexcentos
1477 2203 1620 2238 sexaginta
1643 2211 1735 2232 annos
1752 2205 1842 2232 vivere

207 2251 261 2272 τως
278 2241 361 2268 ἐστίν.
380 2242 411 2268 Ei
430 2242 459 2268 δὲ
474 2242 552 2274 ζῶον,
569 2243 677 2278 πρῶτον
693 2244 740 2279 μὲν
755 2245 785 2271 οὺ
803 2245 891 2280 πάντη
911 2254 994 2280 μονα-

207 2288 291 2320 δικὸν,
303 2288 370 2315 καθὸ
383 2288 462 2322 ζῶον,
474 2289 504 2315 οὐ
518 2289 571 2324 γὰρ
585 2290 663 2324 μόνον
678 2289 755 2322 ζῶον·
767 2290 862 2317 ἔπειτα
876 2291 904 2317 δὲ
916 2291 995 2326 εἴπερ

207 2333 286 2366 ζῶον,
310 2335 357 2361 καὶ
381 2335 460 2369 σῶμα
482 2334 601 2369 ἔμψυχον
624 2335 790 2370 αἰσθητικόν.
814 2336 846 2362 Εἰ
870 2336 898 2362 δὲ
916 2336 996 2371 σῶμα

207 2381 328 2416 ἔμψυχον
347 2382 505 2418 αἰσθητικόν
523 2384 596 2408 ἐστιν
610 2383 624 2408 ὁ
641 2382 736 2417 φοῖνιξ,
756 2384 802 2410 καὶ
822 2384 874 2410 ὑπὸ
888 2384 996 2418 γένεσίν

206 2429 264 2454 ἐστι
283 2428 402 2463 δηλονότι
418 2429 464 2455 καὶ
483 2428 595 2465 φθοράν·
613 2429 711 2461 αὐτοὺς
732 2431 913 2466 ὲρωτήσωμεν
931 2431 995 2463 τοὺς

207 2474 306 2507 σοφοὺς
325 2473 379 2500 τῶν
397 2474 481 2500 ὄντων
501 2474 646 2509 θεάμονας,
664 2475 688 2501 εἰ
702 2475 813 2501 δυνατόν
831 2476 889 2502 ἐστί
908 2477 994 2503 τιτῶν

206 2519 258 2545 ὑπὸ
269 2519 374 2553 γένεσιν
385 2520 432 2546 καὶ
445 2520 547 2554 φθορὰν
562 2520 692 2556 ἐμψύχων
705 2522 751 2547 καὶ
763 2521 928 2557 αἰσθητικῶν
941 2531 993 2548 σω-

207 2565 311 2599 μάτων,
328 2567 473 2601 μοναδικῆς
490 2567 623 2602 ὑπάρχειν
639 2567 699 2594 καθ’
712 2568 860 2594 ὑπόστασιν
875 2568 991 2603 φύσεως,

206 2609 243 2638 ὧν
259 2613 275 2645 ἡ
292 2611 319 2644 ἐξ
337 2612 459 2647 ἀλλήλων
480 2613 540 2640 κατ’
557 2611 628 2645 εἶδος
648 2613 756 2649 διαδοχὴ
772 2614 896 2650 ἀρίδηλος
912 2624 994 2651 χαρα-

206 2657 274 2692 κτὴρ
290 2657 339 2683 τοῦ
348 2655 418 2684 εἴναι
429 2658 476 2684 καὶ
489 2659 550 2693 ὅρος
558 2659 625 2690 ἐστὶ,
636 2659 760 2694 καθάπερ
773 2659 842 2694 καὶὴ
852 2660 911 2686 θεία
923 2669 992 2695 μαρ-

205 2704 283 2736 τυρεῖ
296 2703 391 2739 Γραφὴ
401 2704 430 2729 τὸ
439 2703 547 2739 βέϐαιον
556 2704 588 2730 δι’
604 2705 702 2739 ἑαυτῆς
716 2704 762 2731 τοῦ
778 2704 858 2739 λόγου
874 2714 992 2741 παρεχο-

209 2745 275 2780 μένη
288 2746 327 2781 τῷ
341 2747 435 2782 δικαίῳ
447 2747 519 2779 Νῶε,
531 2748 657 2775 Εῖσελθε
673 2749 713 2775 σὺ
728 2749 776 2775 καὶ
791 2748 860 2782 πᾶς,
874 2753 939 2782 etc.,
951 2748 992 2782 οἷς

207 2790 286 2825 εἰπερ
295 2791 332 2822 ὡς
342 2793 440 2826 πτηνὸν
450 2792 517 2824 ζῶον
531 2794 545 2820 ὁ
558 2793 645 2827 φοίνίξ
653 2795 726 2820 ἐστιν
735 2795 902 2830 ἐναρίθμιος,
913 2803 991 2831 μονα-

206 2836 284 2873 δικῆς
299 2835 358 2863 καθ’
376 2837 521 2865 ὑπύστασιν
535 2838 642 2873 φύσεως
657 2840 706 2867 οὐκ
715 2840 771 2867 ἔστι
780 2841 849 2869 κατὰ
859 2841 906 2878 τὴν
916 2841 990 2870 θείαν

1048 2247 1095 2281 ait,
1128 2247 1239 2276 Solinus
1263 2249 1427 2284 quingentos
1461 2249 1658 2284 quadraginta,
1684 2249 1839 2278 Philostra-

1047 2300 1091 2322 tus
1112 2297 1266 2326 sexcentos,
1289 2294 1415 2325 Nonnus,
1438 2294 1591 2330 Dionysiac.
1613 2295 1661 2322 lib.
1687 2303 1736 2328 XL,
1757 2297 1840 2329 mille,

1046 2339 1170 2375 quidam.
1201 2339 1340 2368 referente
1377 2340 1482 2372 Tacito,
1517 2341 1592 2368 mille
1619 2342 1840 2378 quadringentos

1046 2387 1190 2421 sexaginta
1207 2394 1305 2419 unum,
1324 2386 1443 2415 Joannes
1459 2387 1573 2415 Tzetzes
1598 2395 1630 2414 ex
1655 2387 1838 2416 Chmremone

1045 2432 1174 2468 Egyptio
1187 2439 1328 2459 sacrarum
1348 2433 1498 2460 litterarum
1515 2433 1616 2466 scriba,
1631 2441 1680 2461 sex
1691 2439 1720 2462 et
1736 2438 1838 2470 septem

1045 2479 1165 2506 millibus
1191 2479 1271 2507 annis
1298 2479 1390 2506 vivere
1406 2479 1481 2506 illum
1512 2483 1672 2507 constanter
1698 2480 1837 2512 alﬁrmat;

1044 2523 1143 2552 Noster
1172 2524 1351 2555 Eustathius,
1379 2524 1544 2556 Herodotus.
1576 2525 1701 2557 Tacitus,
1737 2526 1835 2558 Horus,

1043 2568 1171 2596 Aurelius
1201 2568 1304 2601 Victor,
1334 2568 1432 2604 Glycas
1458 2573 1485 2597 et
1517 2570 1563 2596 alii
1591 2571 1764 2605 quingentis.
1795 2571 1836 2598 Sic

1043 2615 1124 2642 etiam
1143 2615 1309 2650 Epiphanius
1324 2616 1351 2642 in
1369 2616 1537 2651 Physiologo,
1553 2624 1613 2651 cap.
1628 2616 1673 2643 Η.

1078 2660 1156 2693 Ibid.,
1172 2661 1220 2688 lin.
1237 2661 1265 2688 2.
1284 2662 1337 2688 Kal
1355 2663 1390 2688 ἐν
1402 2662 1493 2696 καιρῷ
1506 2662 1558 2689 τοῦ
1567 2663 1705 2697 μέλλειν.
1723 2663 1834 2690 Michael

1042 2706 1150 2742 Glycas.
1168 2707 1267 2735 Annal.
1283 2713 1350 2736 tom.
1372 2707 1382 2734 l
1398 2709 1497 2735 εΑὺτοὶ
1520 2708 1574 2744 γὰρ
1593 2709 1641 2735 καὶ
1661 2710 1687 2736 oi
1706 2710 1834 2744 Ἓλληνες

1043 2752 1107 2788 περὶ
1120 2752 1202 2778 αὐτοῦ
1217 2753 1384 2788 διηγοῦνται,
1405 2754 1446 2780 ὅτι
1463 2755 1596 2790 προγνοὺς
1610 2754 1641 2780 τὸ
1657 2754 1739 2786 τέλος
1756 2754 1832 2781 αὑτοῦ

1042 2797 1150 2833 ἔρχεται
1167 2798 1230 2834 περὶ
1251 2799 1300 2834 τὴν
1323 2800 1470 2833 Αἴγυπτον,
1492 2800 1539 2826 καὶ
1557 2800 1674 2836 ἀντικρὺ
1690 2801 1742 2827 τοῦ
1762 2800 1833 2836 ἡλίου

1042 2844 1158 2878 ἵσταται,
1169 2842 1228 2873 εἶτα
1240 2845 1395 2880 τεφροῦται,
1411 2846 1458 2874 καὶ
1471 2846 1524 2874 ἀπὸ
1535 2845 1582 2873 τοῦ
1590 2846 1653 2882 χοὸς
1665 2847 1752 2874 αὑτοῦ
1767 2846 1834 2874 σκώ-
