1897 3073
55 91 138 121 807
589 103 621 130 ΙΝ
636 103 821 134 EUSTATHll
840 107 1076 139 HEXAEMERON
1099 112 1216 141 NOTIE.
1657 122 1709 150 898

51 149 126 186 ληξ
148 154 286 187 γεννᾶται,
307 156 353 182 καὶ
368 157 447 189 αὐτὸς
463 156 540 190 αὖθις
555 161 594 192 εἰς
617 162 715 197 πτηνὸν
736 165 813 198 μετα(

51 194 152 211 3..-...
171 199 217 211 -x..
372 201 408 211 ιη
522 205 529 211 .
559 205 564 211 .

899 174 907 198 ι
922 165 1023 195 Versus
1045 168 1137 197 Μυεκί
1154 170 1188 198 de
1205 180 1319 200 numero
1331 181 1444 203 ovorum
1461 177 1614 211 aquilarum
1625 179 1649 207 is
1666 185 1708 208 est

73 204 155 225 εται
170 199 217 226 τὸν
234 200 352 234 φοίνικα.
371 201 497 235 Nonnus,
513 205 540 231 d.
559 205 617 233 loco
632 215 638 234 :

49 255 129 300 Ῑέαξ
150 256 230 300 ξιξλα
243 257 376 300 antliam?
389 260 487 300 φέρι-ψ
503 263 678 300 may-dirimi
693 267 792 300 ταρσῷ

48 289 336 336 ΞΑΞιεΞὴς-Ισορὸίς.
343 289 433 336 ὄρνειςῖ
438 296 483 322 ἐπ’
499 289 614 336 initam

50 325 180 371 29717.5
197 325 289 371 τέρμὶι
300 325 380 371 βιοὶο
394 325 491 371 ᾴέρῳν
505 325 807 371 aozadnépo'r'ip’ﬁw

53 360 214 405 τίςιτετιῇ
228 360 512 405 ζὸνοτϋῆοιιίχρόνρυ
529 360 864 405 γειαλινάῗνρεέὲξὴέὶκὼν,

48 396 180 430 Λύσας
188 397 214 424 δ’
225 398 260 425 ἐν
269 400 340 434 :tvpl
351 396 455 435 γῆῥᾶς,
465 402 614 437 ἀμείϐεται
625 396 864 443 t5;

50 450 200 480 Alcimus
211 454 308 482 Avitus
323 464 330 481 :

54 507 126 549 {lic
140 518 201 544 quae
212 510 308 538 donari
320 513 444 547 mentitur
458 515 532 549 fama
550 515 652 545 Saba-is

46 542 213 589 gynn‘ama
232 545 388 589 nascuntur,
405 542 480 589 rivda;
494 542 668 587 quwicolligit
691 554 755 589 ales,

48 577 172 620 gaioli.
184 589 243 607 cum
257 583 311 620 ﬁne
328 577 404 617 perit.
424 577 534 620 nidoq'ue

47 612 219 658 §_uccedens
240 612 342 645 sibimet
355 612 465 653 quaesita
491 612 573 658 inor'te
590 624 723 658 resurgit;
742 623 744 627 ⁷

47 647 125 692 g’Vec
140 656 266 678 contenta
278 661 326 692 suo
344 647 445 681 tantum
461 657 540 682 semel
552 657 643 685 ordine
658 647 742 692 riasét',

46 683 158 726 {longa
174 688 305 726 veternosi
322 694 460 716 renovatur
474 693 590 726 corporis
605 698 686 726 tetas,

46 718 261 757 [mensamque
281 723 366 750 levant
384 725 506 753 incendia
519 718 615 754 'crebra
628 718 768 757 senectam.

45 775 152 804 Aliter
168 780 260 805 tamen
285 784 399 807 narrant
421 781 480 816 ejus
499 788 614 812 mortem
640 786 739 820 Horus,
761 788 808 815 lib.
825 796 856 821 ll,

45 828 124 857 cap.
143 822 195 856 57;
213 823 356 860 Origenes,
374 827 421 855 lib.
441 835 468 855 IV
490 834 582 856 contra
597 829 718 864 Celsum;
737 834 856 862 Achilles
874 838 894 867 Β

46 867 173 902 Tatius,
192 870 240 898 lib.
262 879 304 902 Ill,
332 872 359 899 in
381 873 443 901 line.
466 874 634 910 Epiphanius
650 877 677 904 in
699 877 856 915 Physiologo

45 914 97 941 ait
117 924 124 942 :
143 915 295 951 Postquam
314 917 340 945 in
358 919 477 946 cinerem
492 924 548 948 tota
564 928 725 958 consumpta
742 929 793 958 cst,
811 914 856 954 se-

43 962 157 996 quenti
173 963 218 990 die
233 964 285 992 alis
298 966 402 993 renatis
417 967 543 1002 inveniri,
559 970 640 996 tertio
661 970 794 1006 integram
811 981 855 1001 sa-

43 1007 203 1036 cerdotem
219 1010 348 1043 salutare,
360 1016 597 1051 restauratamque
608 1016 692 1044 abire.
715 1017 853 1052 Albertus,

44 1053 132 1088 ignis
151 1055 179 1082 vi
194 1056 221 1082 in
236 1056 355 1084 cinerem
370 1059 450 1091 verti,
466 1059 510 1087 die
525 1061 611 1088 altero
627 1070 743 1091 vermcm
769 1065 796 1092 in
811 1065 852 1093 ci-

44 1108 124 1128 nere
139 1102 228 1134 nasci,
244 1103 290 1138 qui
304 1104 355 1131 alis
373 1105 416 1132 die
428 1106 506 1134 tertia
531 1109 679 1143 assumptis
700 1109 770 1138 intra
786 1119 852 1146 pau-

43 1153 104 1173 cos
122 1147 183 1175 dies
201 1148 227 1175 in
251 1156 327 1176 avem
354 1151 477 1186 pristina:
502 1153 594 1187 figura:
613 1160 808 1187 commutatur.
825 1163 851 1185 et

45 1192 163 1220 avolat.
191 1193 392 1228 Artemidorus,
417 1196 565 1226 Onerocrit.
588 1200 648 1232 lib.,
668 1209 727 1236 cap.
740 1201 785 1232 49,
809 1203 850 1229 lo-

44 1245 120 1263 cum
137 1246 172 1265 ex
184 1247 238 1273 quo
247 1240 357 1274 phmnix
371 1242 458 1270 evolct
475 1243 502 1270 in
514 1244 672 1280 Egyptum,
684 1251 710 1273 et
722 1247 754 1274 ad
768 1255 848 1282 quem

44 1290 122 1309 mox
144 1288 313 1318 revertatur,
330 1287 367 1314 ait
389 1287 518 1323 ignorari.
539 1287 739 1319 Artemidorum
758 1297 848 1321 trans-

43 1329 155 1364 cripsit
169 1329 268 1359 Suidas
279 1333 362 1360 verbo
375 1334 474 1367 Φοῖνιξ.
485 1335 523 1363 De
532 1336 659 1371 phoenice
669 1342 696 1365 et
708 1339 766 1373 ejus
781 1347 846 1375 rogo

41 1374 116 1402 vide
129 1375 242 1403 Petrum
257 1377 427 1413 Damianum,
445 1380 491 1408 lib.
507 1389 536 1414 ιι,
553 1382 632 1416 epist.
649 1383 692 1410 t8.

84 1419 171 1453 lbid.,
187 1420 236 1448 lin.
252 1421 296 1449 lO.
311 1423 338 1448 Ὀ
355 1423 389 1450 δὲ
404 1424 490 1458 ἀετὸς
504 1426 570 1460 περὶ
586 1426 644 1462 τὴν
658 1428 842 1464 ἀνατροφήν.

40 1465 185 1499 Basilius.
203 1468 279 1496 hom.
298 1469 314 1496 8
327 1478 334 1496 :
357 1470 536 1503 Ἀδικώτατος
551 1474 615 1509 περὶ
630 1474 679 1509 τὴν
693 1474 747 1501 τῶν
762 1476 841 1510 ὲκγό-

921 218 1001 245 quem
1015 212 1098 240 refert
1110 215 1271 245 Aristoteles
1288 218 1361 246 dicto
1376 220 1446 254 loco,
1463 225 1490 249 et
1503 221 1705 254 Plutarchusin

919 255 1009 284 Hario
1026 265 1036 284 :

957 303 1005 334 Ὃς
1019 303 1081 338 τρία
1097 306 1147 340 μὲν
1159 307 1258 340 τίκτει,
1269 309 1316 336 δύο
1330 310 1473 344 δ’ὲκλέπει,
1492 312 1521 339 ἒν
1530 313 1552 340 δ’
1568 315 1701 350 ἁλεγίζει’

918 347 975 375 lloc
993 350 1090 379 ultimo
1105 352 1293 389 Dalecampius
1322 356 1396 392 legit,
1425 358 1453 385 ἒν
1474 359 1496 385 δ’
1513 347 1660 394 nisaee};
1675 368 1702 391 et

917 397 1078 424 sententiam
1093 406 1151 425 eam
1163 407 1225 428 esse
1235 402 1300 433 vult,
1313 404 1430 438 aquilam
1447 413 1529 433 unum
1543 415 1622 435 ovum
1639 417 1701 437 cor-

915 448 1053 476 rumpere,
1090 444 1212 478 perdere,
1245 446 1299 474 duo
1327 449 1483 483 excludere,
1511 452 1564 479 tria
1593 442 1698 488 parere,

914 486 1160 523 animadvertitque
1177 490 1203 517 iu
1221 491 1394 527 interpretem
1409 496 1454 529 qui
1473 496 1539 523 illud
1551 498 1580 524 ἓν
1591 486 1624 525 ad
1639 500 1700 534 pul-

914 531 981 564 lum,
996 541 1050 562 nou
1068 534 1101 561 ad
1116 542 1196 562 ovum
1213 538 1351 571 retulerit;
1362 547 1411 566 nec
1428 541 1486 575 ipsc
1500 545 1590 570 tamen
1604 544 1697 572 Musaei

913 579 1076 608 sententiam
1087 588 1229 610 assecutus
1239 589 1291 615 est,
1308 593 1389 620 quam
1405 595 1438 614 ex
1454 589 1607 623 aquilarum
1617 591 1698 619 histo-

911 627 952 654 ria
967 627 1080 661 claram,
1097 629 1191 657 nescio
1203 632 1339 665 quomodo
1354 636 1493 669 pervertit,
1510 644 1541 664 ea
1553 639 1625 665 enim
1637 643 1695 668 cst:

910 672 1035 706 Aquilam
1053 673 1103 700 tria
1118 682 1169 701 ova
1185 683 1326 710 generare,
1355 677 1410 706 duo
1437 681 1592 714 excludere,
1610 691 1696 711 unum

910 718 1014 746 scilicet
1038 720 1153 753 pullum,
1170 729 1232 748 cum
1248 722 1304 757 jam
1335 732 1384 751 ora
1403 733 1457 753 non
1474 732 1548 761 sunt,
1564 729 1694 762 educare,

909 765 1035 800 alercque
1049 766 1109 800 ejus
1122 762 1214 795 curam
1230 770 1358 804 gerendo.
1376 771 1466 805 Quare
1480 778 1575 808 postea
1585 776 1694 804 Aristo-

908 811 976 838 teles
992 812 1100 841 subdit:
1113 813 1243 846 Quamvis
1257 824 1355 852 magna
1368 826 1401 846 ex
1417 824 1494 854 parte
1504 821 1531 849 id
1545 821 1600 854 ﬁat,
1618 823 1693 851 vide-

909 857 981 889 licet,
998 866 1082 886 unum
1098 860 1224 893 educere,
1250 865 1340 890 tamen
1362 865 1508 900 aliquando
1524 871 1551 894 et
1568 872 1623 896 tres
1640 870 1693 897 visi

908 907 971 930 sunt
983 904 1059 938 pulli.
1075 904 1130 932 Nec
1149 906 1304 935 Aristotelis
1321 911 1482 938 sententiam
1495 912 1628 949 integram
1643 923 1692 942 ex-

906 950 1005 983 pressit
1018 950 1122 978 Plinius
1133 961 1139 978 :
1150 951 1264 980 Pariunt
1277 963 1325 982 ova
1341 957 1411 983 trina
1425 965 1432 983 :
1455 958 1690 995 excluduntpullos

905 995 979 1022 binos
994 1004 1003 1022 :
1017 997 1064 1023 visi
1078 1003 1138 1024 sunt
1148 1003 1173 1025 et
1189 1004 1241 1026 tres
1258 1001 1416 1035 aliquando;
1426 1003 1518 1031 omisit
1534 1005 1606 1032 enim
1622 1007 1690 1038 illud

903 1041 975 1074 quod
992 1046 1051 1069 erat
1062 1050 1167 1071 summe
1183 1047 1377 1079 necessarium,
1388 1055 1468 1074 unum
1486 1049 1544 1076 alit.
1560 1049 1605 1077 Sic
1614 1051 1688 1079 enim

903 1088 1043 1115 sententia:
1070 1089 1201 1117 absoluta:
1228 1093 1352 1126 exceptio
1379 1094 1435 1126 illa,
1462 1099 1488 1122 et
1505 1096 1583 1130 quasi
1599 1105 1632 1124 ex
1652 1098 1687 1126 iis

901 1140 961 1167 qua:
975 1140 1038 1160 raro
1073 1135 1235 1170 contingunt
1258 1138 1463 1172 notatiunculze,
1496 1140 1554 1168 Visi
1579 1147 1641 1168 sunt
1660 1147 1686 1169 et

901 1183 951 1204 tres
965 1179 1120 1213 aliquando,
1142 1183 1377 1218 corresponderel.
1396 1184 1449 1212 Nec
1462 1186 1556 1214 dubito
1578 1189 1685 1215 exscri-

900 1228 1008 1258 ptorum
1024 1225 1050 1252 id
1073 1226 1186 1254 incuriae
1214 1230 1315 1263 potius,
1337 1238 1416 1264 quam
1434 1231 1514 1259 Plinii
1533 1234 1684 1262 oscitantiae

899 1270 1089 1305 tribuendum;
1106 1273 1152 1307 qui
1170 1274 1272 1308 optima
1291 1283 1406 1311 quaeque
1432 1279 1466 1305 ab
1488 1279 1549 1306 aliis
1567 1280 1681 1312 dictata,

896 1317 938 1344 vel
962 1318 1073 1352 scripta,
1099 1320 1307 1354 perversissime
1333 1323 1484 1358 excipiunt,
1509 1330 1682 1360 pervertunt-

897 1369 957 1397 que.

931 1408 1008 1442 |bid.,
1021 1409 1068 1436 lin.
1080 1410 1122 1437 l5.
1137 1411 1167 1438 Ἡ
1175 1411 1209 1437 δὲ
1218 1412 1298 1447 μήνη
1308 1413 1363 1441 τὸν
1373 1415 1497 1443 ἀποποι.
1506 1417 1680 1452 Aristoteles,

894 1455 941 1481 lib.
958 1463 984 1482 vt
1007 1455 1043 1482 De
1055 1456 1148 1484 histor.
1169 1458 1265 1489 anim.,
1280 1466 1339 1494 cap.
1357 1461 1383 1491 6.
1400 1461 1451 1488 Τὸν
1465 1462 1494 1488 δὲ
1516 1464 1681 1499 ἐκϐληθέντα

40 1521 105 1540 νων
123 1514 262 1549 ἐκτροφὴν
278 1515 292 1540 ὁ
307 1516 395 1548 ἀετός.
413 1517 465 1543 Δύο
480 1518 534 1553 γὰρ
546 1503 688 1554 ἐξαγαγὼν
703 1503 813 1548 νεοσσοί»

899 1503 1010 1537 fixerat.
1026 1505 1072 1530 καὶ
1087 1505 1180 1539 τρέφει
1193 1507 1208 1541 ἡ
1224 1507 1304 1542 φήνη,
1322 1512 1348 1535 et
1361 1509 1407 1536 lib.
1425 1518 1462 1542 Ix,
1475 1519 1534 1546 cap.
1553 1512 1596 1544 54,
1610 1515 1640 1540 Ol
1651 1514 1679 1540 δὲ

39 1560 94 1584 τὸν
108 1559 203 1594 ἕτερον
210 1560 299 1587 αὐτῶν
309 1561 348 1593 εἰς
355 1561 407 1597 γῆν
418 1564 633 1599 καταρρήγνυσι,
649 1568 708 1597 ταῖς
721 1566 839 1602 πληγαῖς

39 1605 231 1648 τῶν-πτερῶν
247 1607 449 1648 ιξπωθούμενος.
469 1610 521 1637 Τὸν
537 1611 558 1637 δ’
574 1611 666 1646 ἓτερον
681 1613 760 1648 μόνον
774 1614 839 1640 ἀνα-

38 1644 142 1672 λειὸὼν
168 1646 324 1679 οἰκειοῦται,
356 1648 400 1674 διὰ
433 1649 464 1675 τὸ
502 1650 551 1685 τῆς
578 1644 687 1687 τροφῆέ
711 1652 838 1680 ἐπίπονον

39 1689 268 1726 ἀποποιούμενος
286 1691 315 1718 ὃν
340 1693 495 1729 ἐγέννησεν.
524 1695 592 1722 Ἀλλ’
616 1697 666 1723 οὐκ
681 1698 714 1732 ἐᾷ
732 1697 835 1730 τοῦτον,

38 1734 84 1767 ὥς
109 1744 189 1770 φατι,
216 1737 398 1775 διαφθαρῆναι
423 1741 439 1774 ή
466 1741 551 1776 φήνη,
580 1741 636 1768 ἀλλ’
666 1742 836 1770 ὑπολαϐοῦσα

39 1781 130 1808 αὑτὸν
153 1784 210 1815 τοῖς
231 1784 340 1816 οἰκείοις
369 1785 468 1821 ἑαυτῆς
501 1789 620 1819 νεοσσοῖς
648 1789 834 1824 συνεκτρέφει.

39 1828 140 1862 Quare
155 1829 246 1864 aquila
264 1838 329 1858 suos
350 1831 441 1866 pullos
457 1832 549 1866 ejiciat
570 1833 649 1860 aliam
674 1833 751 1861 all‘ert
773 1842 836 1861 can.

39 1881 105 1902 sam
126 1874 298 1906 Aristoteles,
310 1876 357 1903 lib.
375 1884 402 1903 1x
419 1877 458 1904 De
471 1878 533 1906 hist.
551 1887 608 1910 an.,
627 1887 687 1914 cap.
698 1879 732 1906 54
745 1891 752 1907 ;
766 1879 833 1906 Mit-

39 1921 76 1947 tit
85 1929 200 1956 namque
219 1930 280 1949 suos
293 1923 383 1958 aquila
403 1929 543 1959 antequam
573 1930 673 1960 tempus
688 1927 733 1958 sit,
748 1927 833 1953 adhuc

38 1969 163 2001 parentis
180 1975 286 2002 operam
305 1968 495 2001 desiderantes,
518 1979 564 1997 nec
588 1971 695 1998 volandi
725 1971 831 2006 adeptos

38 2013 201 2047 facultatem
222 2021 231 2040 :
245 2014 313 2048 quod
330 2023 375 2049 per
389 2015 516 2042 invidiam
539 2017 566 2042 id
586 2017 672 2050 facere
689 2017 807 2044 creditur
822 2025 831 2044 :

39 2065 144 2086 natura
157 2060 226 2087 enim
240 2059 330 2087 invida
340 2065 364 2087 et
374 2061 498 2095 famelica
508 2066 556 2095 est,
567 2070 612 2089 nec
630 2065 735 2096 copiosa
752 2072 830 2090 vena-

40 2106 113 2132 tione
126 2113 135 2131 :
150 2113 274 2140 magnum
285 2110 371 2133 tamen
386 2106 448 2141 quid
458 2107 620 2134 nanciscitur
636 2116 695 2134 eum
711 2115 828 2135 venatur.

41 2151 147 2178 Invidet
158 2159 219 2186 ergo
235 2152 290 2178 suis
299 2151 425 2186 ﬁliisjam
437 2153 574 2184 masculis,
586 2160 663 2188 atque
674 2153 829 2181 edaciuscu-

894 1549 1086 1584 ἐκϐαλλόμενοι
1102 1549 1194 1585 βοῶσι,
1212 1552 1259 1578 καὶ
1278 1552 1364 1586 οὕτως
1382 1556 1567 1592 ὑπολαμϐάνει
1580 1560 1679 1592 αὐτοὺς

891 1594 907 1628 ἡ
922 1594 1003 1629 φήνη.
1024 1594 1140 1627 Plinius,
1158 1596 1205 1624 lib.
1222 1605 1249 1629 x,
1262 1606 1322 1633 cap.
1340 1599 1375 1627 5:
1391 1600 1442 1627 Sed
1461 1603 1555 1636 ejectos
1580 1604 1613 1631 ab
1636 1605 1676 1632 his

890 1646 1031 1674 cognatum
1047 1649 1127 1676 genus
1143 1643 1282 1678 ossifragte
1291 1646 1433 1679 excipiunt,
1449 1652 1474 1674 et
1488 1649 1600 1676 educant
1615 1659 1675 1678 cum

888 1686 953 1712 suis.
974 1685 1049 1714 Hanc
1075 1688 1237 1723 ossifragam
1256 1698 1310 1717 non
1333 1693 1448 1720 multum
1475 1696 1563 1724 oculis
1583 1698 1675 1726 valere

889 1731 971 1757 tradit
982 1731 1153 1760 Aristoteles.
1170 1733 1207 1761 Dc
1218 1735 1308 1770 aquila
1327 1737 1376 1763 hoc
1394 1737 1464 1765 idem
1481 1739 1563 1767 habet
1574 1741 1674 1770 Petrus

886 1775 1044 1810 DamianuS,
1064 1779 1111 1806 lib.
1138 1787 1168 1810 ιι,
1187 1781 1266 1815 epist.
1286 1781 1327 1808 18.
1344 1782 1438 1810 Obiter
1455 1789 1545 1812 tamen
1573 1793 1674 1815 notau-

886 1823 949 1850 dum
968 1824 1013 1851 hic
1033 1828 1075 1852 est
1109 1826 1184 1852 illum
1202 1827 1336 1856 allirmarc
1355 1829 1456 1863 pullum
1481 1833 1577 1866 aquilre
1595 1834 1670 1869 deje—

885 1873 958 1896 ctum
969 1877 1022 1896 non
1043 1870 1077 1897 ab
1096 1872 1197 1906 aquila,
1213 1880 1273 1907 quae
1289 1874 1423 1910 ossifraga
1441 1876 1550 1908 dicitur.
1566 1880 1669 1915 suscipi

884 1919 910 1942 et
923 1916 1048 1948 enutriri,
1066 1918 1112 1944 sed
1130 1926 1144 1945 a
1157 1918 1260 1952 plebeia
1277 1920 1393 1954 quadam
1420 1922 1473 1955 avi,
1496 1923 1577 1952 fulica
1594 1926 1669 1954 vidc-

883 1961 962 1988 licct:
979 1963 1129 1990 secundum
1142 1965 1199 1990 vult
1219 1964 1328 1991 fulicam
1346 1967 1433 2003 φήνην
1447 1968 1540 1997 Grmce
1558 1979 1667 1999 nuncu-

882 2007 950 2041 pari.
973 2007 1084 2035 Falsum
1102 2014 1248 2044 utrumque
1263 2014 1290 2037 et
1306 2016 1403 2045 praeter
1430 2013 1551 2042 historiae
1566 2017 1666 2044 veri:a—

882 2055 947 2079 tem.
959 2051 1013 2080 Nec
1031 2053 1103 2080 enim
1117 2055 1263 2089 pullusille
1280 2064 1294 2083 a
1309 2057 1414 2092 plebeia
1433 2060 1477 2086 avi
1498 2062 1664 2097 suscipitur;

880 2101 906 2125 et.
920 2098 992 2126 aliud
1005 2103 1047 2126 est
1061 2099 1152 2131 fulica,
1167 2101 1240 2128 aliud
1261 2103 1344 2138 φήνη.

912 2143 991 2177 lbid.,
1001 2144 1050 2172 lin.
1064 2145 1107 2173 15.
1123 2146 1240 2180 Θρέψας
1247 2147 1282 2173 δὲ
1292 2148 1344 2175 τὸν
1360 2152 1490 2178 νεοττόν.
1501 2151 1600 2180 Eadem
1614 2153 1664 2180 ha-

41 2196 122 2227 lis,et
136 2196 167 2222 ob
178 2205 236 2223 eam
246 2204 299 2223 rem
311 2197 440 2231 unguibus
455 2202 534 2224 secat.
552 2197 626 2225 Pulli
635 2201 715 2225 etiam
722 2199 789 2226 inter
801 2209 828 2227 se
845 2203 865 2229 D
880 2189 924 2216 bet
939 2190 1098 2219 Ᾱνίδίοίθιυδ
1110 2192 1217 2224 locem"
1233 2197 1259 2220 θι
1271 2193 1390 2223 puni“:
1401 2196 1547 2225 Παίίίθείυδ
1560 2203 1662 2226 “mum

39 2249 160 2276 pugnare
174 2243 303 2277 incipiunt
315 2241 346 2269 de
358 2242 418 2270 sede
432 2247 457 2270 et
472 2249 567 2276 pastu;
585 2245 674 2279 itaque
692 2254 707 2271 a
719 2251 827 2280 parente

38 2288 195 2319 eiiciuntur,
205 2292 230 2314 ct
244 2288 397 2322 pulsantur,
414 2288 508 2324 dejecti
517 2290 703 2325 vociferantur,
719 2292 827 2325 pericli-

39 2337 202 2368 tanturque;
218 2337 245 2361 et
259 2334 306 2361 lib.
320 2342 357 2366 vt,
375 2342 435 2370 cap.
453 2335 480 2367 6,
496 2336 575 2362 taedio
590 2337 672 2363 etiam
686 2338 826 2365 nutriendi

40 2379 102 2405 illos
116 2379 254 2414 expellere
264 2379 373 2412 fatetur,
381 2388 413 2407 eo
426 2381 497 2407 enim
512 2386 633 2416 tempore
646 2382 823 2418 degenerare,

38 2427 65 2451 et
86 2425 233 2452 hebescere
245 2425 355 2456 dicitur.
373 2434 479 2461 ungues
498 2427 608 2460 inverti,
627 2436 730 2462 pennas
749 2430 824 2457 albe-

37 2478 124 2501 scere,
137 2478 223 2505 quare
238 2475 266 2498 ut
279 2472 312 2499 ad
326 2473 448 2506 rapinam
461 2473 569 2508 ineptae,
580 2475 668 2508 pullos
676 2484 744 2511 quos
757 2476 823 2503 edu-

39 2522 101 2541 care
131 2519 280 2550 uequeunt,
305 2516 368 2543 odio
394 2517 511 2551 quodam
539 2518 671 2553 taedioque
701 2520 820 2548 mittunt.

38 2559 152 2594 Plinius,
171 2561 264 2593 lib..x,
282 2569 342 2596 cap.
364 2563 400 2589 ὅς
427 2561 577 2597 Nidiﬁcant
600 2564 626 2591 in
638 2566 720 2599 petris
738 2571 761 2592 et
779 2574 822 2592 ar-

39 2606 141 2633 boribus
157 2614 166 2632 :
179 2607 287 2640 pariunt
298 2616 346 2634 ova
362 2612 447 2639 terna,
464 2609 607 2636 excludunt
620 2610 706 2644 pullos
725 2611 799 2639 binos
810 2620 820 2639 :

38 2652 84 2678 nisi
98 2657 160 2679 sunt
182 2658 205 2679 et
219 2658 270 2679 tres
284 2653 438 2688 aliquando,
457 2654 569 2681 alterum
587 2655 719 2689 expellunt
740 2657 819 2684 (adio

38 2697 177 2725 nutriendi.
195 2698 295 2732 Quippe
305 2707 335 2726 eo
351 2708 464 2735 tempore
476 2701 539 2733 ipsis
554 2701 639 2728 cibum
648 2704 749 2737 negavit
771 2712 820 2731 na-

37 2748 93 2770 tura
102 2744 277 2778 prospiciens,
295 2753 326 2772 ne
336 2747 452 2773 omnium
469 2747 589 2781 ferarum
604 2748 672 2782 [etus
692 2757 817 2784 raperen-

37 2795 84 2817 tur.
99 2789 203 2825 Ungues
217 2799 317 2826 quoque
327 2800 418 2819 earum
426 2794 591 2820 invertuntur
600 2793 692 2822 diebus
707 2804 741 2822 xv
755 2804 761 2828 ;
780 2797 819 2823 al-

38 2836 137 2864 lmcunt
149 2836 239 2864 inedia
253 2845 343 2871 perime
353 2859 360 2872 ,
373 2844 402 2866 ut
416 2841 510 2867 merito
520 2844 612 2868 aartus
627 2848 688 2867 suos
700 2841 812 2870 oderint.

879 2236 1017 2269 implumes
1030 2238 1172 2265 etiamnum
1192 2240 1279 2273 pullos
1302 2249 1363 2268 suos
1382 2244 1528 2276 percutiens
1551 2244 1662 2273 subinde

877 2283 944 2316 cogit
956 2282 1078 2310 adversos
1094 2284 1190 2311 intueri
1204 2286 1267 2312 solis
1278 2286 1378 2319 radios,
1395 2293 1420 2315 et
1433 2289 1455 2315 si
1470 2290 1658 2329 conniventem,

876 2328 1117 2366 humectuntemque
1125 2332 1321 2365 animadvertit,
1333 2335 1484 2368 prtecipitat
1502 2343 1516 2362 e
1531 2336 1591 2363 nido
1607 2337 1661 2364 vel-

875 2379 903 2401 ut
915 2376 1093 2403 adulterinum
1111 2383 1187 2413 atque
1204 2379 1353 2414 degenerem
1370 2388 1379 2406 :
1394 2381 1471 2407 illum
1488 2382 1563 2416 cujus
1587 2383 1657 2410 acies

875 2421 953 2454 ﬁrma
967 2427 1057 2449 contra
1074 2425 1193 2457 steterit,
1209 2424 1313 2452 educat.
1330 2425 1407 2460 Apud
1423 2427 1596 2455 Aristotelem
1615 2433 1658 2456 est.

874 2467 966 2500 aquila
982 2468 1072 2502 ὰετόςλ
1092 2477 1147 2496 non
1174 2470 1323 2502 haliaeetus,
1348 2472 1473 2506 quamvis
1485 2474 1519 2500 de
1532 2473 1657 2501 haliaacto

873 2511 1077 2547 intelligendum
1095 2523 1156 2542 esse
1178 2516 1280 2543 nemini
1299 2516 1423 2549 dubium,
1448 2526 1510 2545 cum
1537 2520 1655 2554 aquilam

873 2557 943 2584 hanc
955 2566 1003 2594 per
1022 2567 1097 2587 mare
1110 2565 1138 2587 et
1153 2561 1257 2594 littora,
1273 2562 1345 2589 unde
1359 2570 1456 2589 nomen
1477 2565 1589 2598 accepit,
1608 2572 1656 2592 va-

872 2605 929 2637 gari
943 2605 1030 2632 tradat
1044 2606 1120 2634 Phile
1136 2607 1162 2634 in
1178 2607 1279 2635 lambis

908 2669 1042 2709 199291.59
1053 2672 1192 2709 νεοττοὺς
1207 2673 1295 2706 ὄντας
1305 2674 1443 2708 ἀπτῆνας
1455 2675 1525 2709 τέως

911 2704 1076 2744 Ἐπὶέένην
1084 2706 1226 2744 ,βᾴσανον
1239 2704 1402 2742 ὡς’νόινούς
1419 2704 1512 2744 ἄγων,

904 2739 987 2778 (lutei
995 2740 1142 2778 δικᾳστὴν
1155 2739 1318 2778 σξρακτιᾶιὸν
1328 2745 1381 2770 τὸν
1391 2739 1563 2778 ξρωέγφόῥον.

952 2774 1011 2808 μὲν
1020 2774 1076 2813 γὰρ
1088 2774 1180 2813 αὑτοῦ
1191 2778 1369 2811 ταῖς-βολαῖς
1381 2774 1580 2813 ἇντιὸἷλέπων,

975 2810 1124 2848 φιλτάτων
1140 2809 1274 2848 decoret,
1293 2814 1341 2840 καὶ
1355 2809 1415 2840 ἑῶν
1423 2809 1579 2848 ἐκκρίτων-ξ

911 2845 1026 2878 Ὀφυεις
1038 2854 1071 2879 γε
1087 2846 1216 2880 καθαρὸς
1229 2847 1397 2880 δυστενοῦς
1409 2845 1548 2880 excit-lac
