1897 3073
221 120 274 160 ⁸99

266 190 296 217 '0
306 191 331 216 δ’
349 187 399 219 αὖ.
414 190 488 223 πρίις
509 189 603 216 αὑτὸν
617 188 843 223 σκαρδαμύξας,
865 187 973 220 εὐθέως

264 225 433 259 Ἆλζλοτρίου
443 225 532 257 τόκος
540 225 564 251 θ’
576 224 682 259 εὑρέθη
701 223 884 258 σπέρματος,

258 261 312 287 Kal
324 259 377 293 τῆς
392 259 500 292 καλιᾶς
511 259 670 294 δυστυχῶς
685 259 842 293 ἀπεκρίθη.

221 304 281 332 Huc
293 304 420 332 allusisse
432 305 542 332 videtur
554 303 748 335 Cassiodorus,
768 303 908 330 Variarum
920 303 938 330 l.
951 311 1011 332 vni.

221 352 301 386 epist.
321 351 354 378 21
374 359 381 376 :
401 350 446 378 Sic
463 351 532 386 fetus
549 351 588 378 tui
611 359 683 378 more
701 350 798 385 aquila:
814 359 841 377 se
861 350 1012 384 probantes,

221 398 322 432 regales
340 397 432 426 oculos
449 397 481 423 ab
498 397 562 431 ipsis
588 405 652 431 pene
671 396 810 423 cunabulis
837 397 1011 430 pertulerunt.

258 438 338 474 lbid.,
354 442 403 469 lin.
427 442 473 469 21.
505 441 582 468 Φασὶ
607 442 662 476 γὰρ
688 441 873 476 γηράσαντα.
896 442 1011 475 Plinius,

222 488 269 515 lib.
283 496 313 521 ι,
327 496 386 524 cap.
404 489 421 515 ὅ
434 497 440 515 :
455 488 585 523 Oppetunt
605 496 656 514 non
671 488 753 520 senio,
776 496 820 514 nec
843 487 1011 523 mgritudine,

221 534 266 561 sed
280 534 360 569 fame,
376 535 403 561 in
417 539 520 561 tantum
537 534 671 568 superiore
688 538 849 560 accrescente
868 539 966 566 rostro,
983 539 1012 561 ut

221 581 362 608 aduncitas
378 581 474 615 aperiri
496 588 548 607 non
575 584 662 614 queat.
684 579 790 607 Similia
807 580 888 608 habet
909 580 1010 612 Horus,

221 627 270 654 lib.
284 635 316 659 ιι,
328 634 388 662 cap.
399 626 444 657 96.
454 626 624 660 Aristoteles,
639 626 687 653 lib.
702 634 740 658 ix,
755 626 793 653 De
807 627 902 654 histor.
916 628 1010 660 anim.,

221 678 282 706 cap.
299 670 349 704 52,
368 670 537 705 Epiphanius
554 670 582 697 in
600 669 771 706 Physiologo,
784 676 811 698 et
828 671 884 698 alii.

256 716 336 748 lbid.,
353 716 401 743 lin.
416 716 461 743 22.
476 715 530 743 Καὶ
549 717 592 749 εὶς
605 716 707 752 πηγὴν
717 717 915 752 ἀφικνεῖσθαι.
935 718 1012 746 Hanc

224 763 322 798 aquila:
334 764 537 791 renovationem
553 764 598 790 alii
613 763 691 791 aliter
704 769 826 791 narrant.
843 764 1011 800 Epiphanius

223 809 261 835 ait
290 809 317 836 in
339 809 423 836 altum
447 817 508 837 sese
530 809 663 841 attollere,
690 813 717 837 et
745 811 772 837 in
796 816 960 847 praeruptam
982 821 1012 840 sc

895 125 1011 153 LEOle

1083 124 1173 152 LATll
1814 122 1856 149 9οι]

1031 190 1054 217 Α
1069 186 1141 214 Nam
1163 186 1243 213 herile
1261 195 1307 220 ego
1330 191 1354 212 te
1378 184 1460 212 barba
1484 184 1606 220 continuo
1627 183 1763 220 arripiam
1788 187 1814 209 et
1836 184 1858 210 ἱιι

1556 219 1652 255 [ignem
1666 219 1770 255 conjici
1773 227 1828 249 am,

1067 256 1150 292 Teque
1160 256 1367 283 ambustulatum
1377 255 1499 291 objieiam
1508 253 1609 290 magnis
1618 254 1709 281 avibus
1721 253 1858 288 pabulum.

1065 313 1133 342 Vide
1150 318 1279 350 praeterea
1293 312 1528 348 Theophylactum
1541 310 1723 342 Simocatum,
1740 311 1772 337 in
1788 310 1860 343 Quo:-

1066 359 1198 386 stionibus
1214 357 1392 389 naturalibus,
1410 360 1507 392 quast.
1523 356 1550 388 8,
1562 356 1608 391 qui
1623 363 1674 383 sua
1696 363 1733 383 ex
1751 355 1860 382 Eliano

1063 409 1205 432 mutuatus
1221 407 1273 437 cst,
1290 407 1316 431 et
1331 402 1483 437 Gasparum
1500 401 1680 432 Bauchinum,
1701 400 1743 426 De
1757 400 1861 426 herum-

1063 450 1248 486 phroditorum
1270 453 1530 482 monstrosarumth
1545 452 1670 481 portuum
1684 450 1800 478 natura,
1815 445 1860 471 lib.

1065 506 1095 531 ιι,
1113 503 1173 532 cap.
1191 497 1298 524 ultimo.

1099 544 1179 576 lbid.,
1196 543 1245 570 lin.
1269 543 1315 570 51.
1337 540 1499 571 Αὑλίζεται.
1517 540 1688 578 Aristoteles,
1710 538 1763 565 lib.
1786 546 1811 564 vr
1829 537 1860 564 De

1063 592 1157 618 histor.
1171 591 1269 621 anim.,
1285 597 1345 624 cap.
1361 589 1388 621 5,
1406 588 1500 616 scribit
1519 588 1642 614 vultures
1664 585 1814 612 nidiﬁcare
1836 584 1859 610 in

1062 637 1259 666 excelsissimis
1286 636 1410 671 rupibus,
1434 635 1506 662 unde
1531 634 1560 661 lit
1586 638 1615 660 ut
1640 640 1703 660 raro
1732 631 1817 658 nidus
1836 635 1859 657 et

1063 685 1129 719 pulli
1146 683 1264 711 vulturis
1280 686 1438 710 cernantur.
1455 681 1590 714 Quocirca
1614 679 1776 707 Herodotus
1798 677 1860 712 Bry-

1063 730 1140 757 sonis
1156 728 1277 757 rhetoris
1291 731 1368 763 pater
1383 728 1506 756 vultures
1520 735 1552 754 ex
1567 727 1677 754 diverso
1698 725 1770 752 orbe
1784 723 1860 751 nobis

1063 775 1202 810 incognito
1222 774 1349 801 advolare
1363 772 1502 800 credebat.
1527 771 1626 798 Eadem
1642 770 1744 805 repetit
1764 773 1793 796 et
1814 769 1858 795 lib.

1063 829 1100 854 nt,
1114 828 1173 855 cap.
1194 820 1237 854 ll,
1250 819 1428 854 atlirmatque,
1445 817 1570 853 quamvis
1584 817 1610 843 id
1633 816 1669 844 sit
1683 814 1809 846 ditiicile,
1823 814 1859 840 ri-

222 854 357 889 projicere
371 863 477 890 rupem,
493 855 526 882 ad
541 864 623 890 quam
644 861 763 884 rostrum
780 857 884 892 allidit;
902 862 930 886 et
949 866 1011 886 cum

1083 874 1124 893 um
1140 870 1230 893 tamen
1254 864 1402 900 aliquando
1417 864 1476 898 ejus
1496 863 1600 890 nidum.
1625 861 1745 893 Plinius,
1763 860 1812 888 lib.
1831 868 1856 891 Σ,

223 908 253 928 se
266 899 372 936 frigidis
387 901 551 929 immerserit
566 903 655 936 aquis,
672 903 705 929 ad
721 903 825 931 solares
839 903 933 931 radios
950 912 1011 932 sese

222 954 370 982 opponere,
386 952 506 983 tuncque
519 956 552 976 ex
565 950 653 977 oculis
666 949 764 977 cadere
781 950 969 984 lippitudines,
984 955 1011 978 et

222 993 260 1020 ita
269 993 456 1028 juvenescere.
468 994 565 1023 Petrus
578 995 735 1028 Damianus,
749 997 796 1024 lib.
813 1005 842 1028 ιι,
857 997 937 1032 epist.
955 997 987 1024 l8
1003 1007 1008 1024 :

221 1039 329 1076 Aquila,
344 1041 392 1072 ait,
415 1049 473 1067 cum
496 1042 621 1075 senuerit,
645 1046 670 1068 et
693 1043 800 1077 gravari
822 1044 947 1077 caperint
961 1044 1012 1071 alte

221 1086 289 1121 ejus,
304 1092 381 1122 atque
402 1086 472 1113 oculi
491 1087 618 1122 caligare,
630 1091 690 1114 tunc
711 1088 805 1123 quterit
819 1089 918 1122 fontem
937 1097 1012 1124 aqua:

221 1137 315 1160 contra
336 1142 411 1168 quem
433 1134 520 1168 posita
537 1134 607 1160 volat
628 1142 708 1169 usque
732 1135 766 1161 ad
791 1135 918 1162 circulum
936 1137 1010 1169 solis,

221 1179 328 1215 illisque
346 1179 375 1206 in
397 1179 499 1214 puriori
514 1181 619 1207 cet/ieris
638 1181 762 1208 vastitate
775 1181 874 1208 librata
885 1181 919 1208 ad
934 1190 1013 1216 vapo-

221 1233 277 1252 rem
299 1225 363 1252 solis
391 1230 416 1251 et
448 1224 506 1251 alas
529 1225 642 1252 incendit
667 1230 692 1252 et
716 1226 854 1261 caliginem
877 1228 1012 1254 oculorum

219 1276 330 1303 prorsus
350 1268 447 1300 exurit,
473 1276 584 1303 morque
597 1269 753 1297 descendens
773 1271 855 1298 tribus
871 1272 898 1298 in
915 1272 1011 1307 fontem

222 1314 320 1342 vicibus
336 1315 470 1349 mergitur,
491 1319 515 1341 ct
536 1315 575 1342 sic
592 1315 696 1342 alarum
722 1317 804 1351 vigor,
826 1324 851 1344 et
875 1318 1012 1345 oculorum

222 1359 291 1386 acies
318 1358 399 1386 multo
418 1359 509 1386 melius
533 1367 611 1394 quam
636 1359 757 1394 juventus
783 1362 919 1396 attulerat,
936 1372 1012 1391 reno-

222 1409 311 1432 vatur.
331 1404 414 1431 Multa
436 1405 463 1431 in
489 1404 559 1432 hanc
587 1406 749 1433 sententiam
771 1415 804 1434 ex
827 1407 1011 1445 Hieronymo,

222 1449 386 1485 Augustino,
403 1450 479 1477 rabbi
496 1449 591 1482 David,
608 1451 760 1484 Vincentio,
781 1454 884 1489 colligit
898 1454 1012 1484 Pontius

223 1496 251 1523 in
266 1495 369 1523 dictum
384 1496 472 1523 locum
488 1495 640 1531 Epiphanii,
655 1505 734 1532 quem
747 1500 869 1527 consule.
886 1500 1012 1529 Theodo-

1065 923 1125 950 cap.
1139 915 1155 941 6
1169 923 1176 940 :
1198 914 1337 940 Vulturum
1350 911 1491 947 prccvalcnt
1504 911 1582 945 nigri.
1599 909 1686 936 Nidos
1701 916 1782 935 nemo
1798 909 1857 934 atti-

1064 962 1109 996 git.
1127 961 1190 988 Ideo
1209 960 1289 987 etiam
1306 960 1378 994 fuere
1401 959 1446 994 qui
1468 961 1590 992 putarent
1611 956 1673 983 illos
1695 963 1730 982 ea:
1750 954 1858 981 aduerso

1066 1007 1126 1034 orbe
1140 1006 1274 1033 advolare.
1289 1005 1372 1032 Falso
1387 1012 1396 1030 :
1414 1004 1554 1038 nidiﬁcant
1577 1003 1645 1029 enim
1667 1001 1695 1028 in
1710 1000 1858 1028 excelsissi-

1065 1053 1115 1080 mis
1135 1052 1252 1086 rupibus.
1272 1050 1427 1083 Juvenalis,
1442 1053 1526 1084 satyr.
1540 1048 1583 1080 l5,
1599 1046 1718 1075 credidit
1734 1046 1764 1073 in
1781 1045 1858 1072 arbo-

1065 1099 1141 1126 ribus
1156 1097 1236 1125 nidos
1257 1098 1346 1124 facere
1359 1107 1365 1124 :

1070 1154 1175 1187 Vultur,
1188 1154 1307 1189 jumento
1327 1158 1351 1180 et
1365 1152 1473 1180 canibus
1486 1152 1658 1189 crucibusque
1675 1150 1792 1189 relictis,

1122 1187 1326 1229 fetus-properat
1340 1194 1490 1229 partemque
1509 1187 1643 1229 cadaveris
1660 1187 1754 1229 alfert,

1067 1222 1170 1252 llic-est
1184 1222 1331 1259 ergo'cibus
1348 1224 1437 1259 magni
1453 1231 1553 1259 quoque
1569 1222 1692 1259 vulturis,
1707 1227 1735 1259 et
1745 1228 1775 1247 se

1067 1256 1222 1292 Pasccntis,‘
1234 1260 1342 1295 propria
1357 1256 1415 1285 cuin
1425 1256 1483 1293 jam
1500 1256 1564 1292 facit
1580 1257 1673 1284 arbore
1687 1256 1781 1283 nidos.

1101 1317 1181 1348 lbid.,
1203 1316 1251 1343 lin.
1277 1316 1321 1343 55.
1340 1315 1394 1342 Καὶ
1416 1314 1516 1342 λαϐὼν
1536 1314 1590 1340 τὸν
1605 1314 1756 1340 εὐτόκιον.
1778 1311 1858 1339 Ειιῑο-

1066 1362 1138 1389 cium
1152 1361 1268 1396 lapidem
1284 1360 1390 1388 actitcm
1404 1368 1474 1392 esse,
1487 1359 1588 1388 nemini
1605 1359 1721 1386 dubium
1734 1365 1798 1385 esse
1812 1356 1858 1384 de

1066 1409 1121 1441 bet,
1137 1415 1198 1434 cum
1212 1415 1272 1442 quae
1283 1408 1316 1434 de
1335 1407 1443 1434 eutocio
1454 1406 1613 1434 Eustathius
1626 1404 1724 1436 refert,
1734 1404 1770 1432 de
1782 1403 1858 1431 aetite

1066 1453 1110 1480 alii
1123 1454 1225 1481 dicunt.
1239 1453 1354 1485 Plinius,
1369 1453 1416 1480 lib.
1432 1461 1460 1485 χ,
1477 1453 1558 1487 capit.
1576 1459 1602 1478 IV
1617 1461 1623 1478 :
1639 1451 1738 1478 Tribus
1754 1450 1856 1485 primis,

1065 1503 1089 1524 et
1112 1499 1202 1533 quinto
1224 1499 1374 1533 aquilarum
1394 1498 1482 1532 generi
1502 1496 1682 1531 inwdiﬁcatur
1703 1496 1769 1522 nido
1795 1495 1857 1529 lupis

223 1550 272 1570 rus
286 1546 376 1569 tamen
393 1541 592 1575 Heracleensis,
610 1541 756 1571 Comment.
771 1545 798 1572 in
817 1546 885 1580 psal.
899 1554 946 1578 cn,
964 1556 1013 1574 ne-
1027 1540 1048 1568 C
1065 1544 1168 1577 uelites,
1190 1553 1265 1580 quem
1280 1544 1362 1579 aliqui
1376 1544 1465 1570 dixere
1477 1548 1609 1579 gagatem,
1626 1542 1660 1569 ad
1673 1542 1764 1568 multa
1778 1549 1857 1567 reme-

223 1591 269 1624 gat
297 1587 417 1623 aquilam
444 1589 593 1616 renovari:
614 1589 650 1615 Οὐ
670 1589 748 1616 τοῦτο
772 1590 896 1625 βούλεται
918 1594 1015 1625 εἰπεῖν,

223 1635 264 1661 ὅτι
282 1633 483 1665 ἀνακαινίζεται
499 1635 513 1660 ὁ
528 1634 606 1667 ἀετός
617 1644 624 1649 ·
641 1635 671 1662 οὺ
691 1636 745 1672 γὰρ
765 1637 976 1670 ἀνακαινίζεται,
992 1644 1016 1669 εἰ

225 1681 263 1715 μὴ
278 1679 367 1715 μόνον,
381 1679 418 1711 ὥς
432 1688 524 1714 φασιν,
541 1681 555 1706 ὁ
576 1681 665 1715 φοῖνιξ
681 1682 710 1708 τὸ
726 1682 831 1717 ὄρνεον·
850 1683 906 1710 ἀλλ’
923 1685 1016 1720 ἐπειδὴ

211 1727 238 1761 »ὁ
252 1726 329 1758 ἀετὸς
342 1726 414 1752 δοκεῖ
427 1726 577 1761 βασιλεύειν
593 1727 647 1754 τῶν
664 1729 795 1755 πετεινῶν
806 1730 945 1762 ἁπάντων,
959 1731 1016 1766 βού-

224 1772 299 1798 λεται
319 1772 416 1804 εἰπεῖν,
434 1772 475 1798 ὅτι
490 1773 506 1807 ἡ
524 1772 673 1807 παλαιότης
688 1772 767 1808 ἡμῶν
789 1774 805 1808 ὴ
827 1775 855 1800 ὲν
877 1775 1015 1802 Βαϐυλῶνι

223 1819 479 1854 ἀνακαινισθήσεται
497 1819 536 1849 εις
556 1818 692 1853 βασιλείαν
714 1817 801 1852 αὖθις,
824 1819 918 1856 ὥσπερ
945 1819 1016 1857 ἦμέν

224 1873 301 1892 ποτε.
316 1863 364 1890 Διὰ
378 1863 432 1899 γὰρ
449 1863 496 1890 τοῦ
513 1863 620 1899 ὕρνιθος
635 1863 681 1890 τοῦ
704 1864 784 1890 ἀετοῦ
806 1864 855 1900 τὴν
876 1865 1015 1901 βασιλείαν

224 1910 381 1938 αἰνίττεται.
396 1909 514 1938 Consule
534 1909 599 1937 item
620 1909 730 1938 Caelium
747 1909 902 1947 Rodigium,
918 1912 936 1940 l.
954 1920 1013 1946 xui,

225 1963 286 1991 cap.
304 1956 349 1983 ‘20.

261 2011 341 2043 lbid.,
357 2011 406 2038 lin.
422 2011 467 2038 29.
486 2011 518 2038 '0
532 2011 566 2038 δὲ
581 2011 645 2046 γὺψ
655 2012 829 2048 ὑπηνέμιον.
847 2013 946 2042 Petrus
963 2014 1014 2041 Da-

225 2057 345 2089 mianus,
361 2057 408 2084 lib.
423 2057 591 2092 it,epist.18
605 2067 611 2084 :
629 2057 804 2085 Per/iibentur
814 2059 930 2086 vultures
960 2068 1014 2087 cce-

225 2105 343 2128 terarum
354 2102 441 2128 avium
453 2110 533 2135 more,
546 2103 693 2130 concubitui
704 2103 855 2131 nullatenus
864 2104 1013 2140 indulgere:

225 2147 271 2176 sed
285 2149 380 2183 absque
396 2148 453 2175 ulla
468 2157 576 2183 prorsus
599 2150 741 2177 masculini
763 2159 840 2178 sexus
856 2151 1014 2179 admistione

225 2195 367 2229 concipere.
385 2193 527 2227 Quomodo
552 2198 643 2222 autem
665 2196 692 2223 id
713 2196 758 2223 tiat
773 2197 899 2231 pluribus
919 2203 1014 2225 narrat

225 2238 315 2267 Horus
344 2239 390 2267 lib.
415 2247 435 2272 ι,
465 2247 526 2274 cap.
555 2240 604 2273 ll;
627 2240 801 2273 Plutarchus,
828 2242 1012 2270 Romanarum

224 2287 367 2321 quaestion.
384 2287 418 2314 93
433 2296 440 2314 :
458 2287 530 2322 θῆλυ
548 2287 600 2313 πᾶν
616 2287 646 2313 τὸ
660 2289 736 2322 γένος
756 2289 815 2315 ἐστὶ
827 2290 873 2316 καὶ
889 2291 1015 2317 κυΐσκον-

224 2340 269 2359 ται
282 2332 423 2368 δεχόμεναι
439 2332 484 2359 τὸν
504 2331 672 2368 ἀπηλιώτην,
690 2333 783 2369 ὥσπερ
800 2334 834 2360 τὰ
855 2335 950 2370 δένδρα
969 2335 1014 2362 τὸν

224 2378 351 2414 ζέφυρον.
368 2379 504 2411 Elianus,
523 2379 570 2406 lib.
586 2387 615 2410 ll,
628 2387 688 2414 cap.
704 2379 737 2406 46
751 2389 758 2407 ;
774 2380 851 2407 Γῦπα,
868 2380 896 2407 δὲ
913 2381 1016 2416 ἄρρενα

224 2424 254 2450 οὺ
270 2425 335 2458 φασὶ
347 2424 473 2459 γενέσθαι
493 2424 569 2456 ποτὲ,
583 2423 651 2450 ἀλλὰ
663 2423 774 2459 θηλείας
792 2425 910 2457 ἁπάσας.
926 2427 1015 2462 Ὅπερ

225 2472 394 2507 ἐπιστάμενα
408 2472 442 2498 τὰ
457 2471 524 2504 ζῶα,
537 2472 584 2498 καὶ
598 2471 715 2508 ἐρημίαν
729 2472 832 2499 τέκνων
846 2472 961 2505 δεδιότα,
975 2475 1015 2505 εἰς

225 2518 353 2553 ἐπιγονὴν
365 2518 467 2545 τέκνων
487 2518 600 2546 τοιαῦτα
624 2520 684 2554 δρᾷ,
706 2519 882 2554 ’Λντίπρωροι
896 2519 935 2554 τῷ
947 2519 1015 2554 νότῳ

225 2565 365 2597 πέτονται,
389 2565 414 2591 ει
437 2565 465 2591 δὲ
486 2565 523 2600 μὴ
542 2565 584 2600 εἴη
601 2565 686 2598 νότος,
703 2564 742 2600 τῷ
767 2564 839 2600 εὔρῳ
868 2566 1013 2600 κεχήνασι.

225 2611 271 2637 καὶ
291 2611 322 2637 τὸ
347 2610 455 2646 πνεῦμα.
480 2611 584 2646 εἰσρέον
605 2610 703 2646 πληροῖ
722 2609 823 2642 αὑτὰς,
851 2611 898 2637 καὶ
920 2611 1014 2638 κύουσι

225 2657 307 2692 τριῶν
323 2657 401 2684 ὲτῶν.
419 2656 485 2690 Qua:
499 2657 620 2684 carmine
636 2657 752 2684 reddidit
767 2657 795 2683 in
813 2656 914 2684 Iambis
927 2657 1012 2685 Phile.

225 2704 362 2731 Adrianus
386 2703 546 2736 Turnebus,
574 2704 621 2731 lib.
639 2712 721 2736 xxvt,
745 2704 828 2739 capit.
850 2704 887 2736 Ξ,
916 2710 942 2732 et
960 2705 1013 2740 lib.

226 2757 306 2781 nul,
321 2749 402 2783 capit.
430 2749 456 2782 5,
482 2753 509 2777 et
532 2749 721 2784 Dalecampius
750 2751 874 2778 scribunt
893 2751 1015 2779 vultures

227 2802 340 2829 magnas
356 2803 419 2823 aves
439 2803 454 2822 a
479 2795 575 2823 Plauto
595 2796 622 2823 iu
644 2795 759 2824 Rudente
787 2801 959 2832 nuncupatas
987 2797 1015 2824 in

227 2840 282 2868 illis
300 2840 426 2868 vorsibus
443 2852 449 2868 :

1068 1590 1114 1616 dia
1129 1589 1214 1623 utilis,
1231 1590 1297 1616 nihil
1312 1590 1371 1624 igne
1385 1588 1535 1623 deperdcns.
1558 1587 1607 1614 Est
1623 1592 1713 1614 autem
1728 1585 1800 1620 lapis
1814 1585 1858 1611 iste

1067 1643 1217 1670 pra'gnans,
1232 1635 1303 1661 intus
1317 1643 1376 1661 cum
1390 1635 1508 1669 quatias,
1529 1634 1582 1660 alie
1597 1632 1665 1660 velut
1680 1632 1709 1658 in
1722 1636 1801 1657 utero
1821 1640 1858 1658 so-

1067 1687 1155 1714 nante,
1168 1681 1212 1708 sed
1224 1682 1262 1708 vis
1274 1681 1323 1708 illa
1338 1681 1440 1707 medica
1450 1689 1502 1707 non
1516 1680 1567 1707 nisi
1579 1679 1640 1706 nido
1655 1678 1783 1708 direptis.
1796 1677 1857 1706 Oll‘e

1066 1724 1171 1753 Plinius
1193 1733 1248 1752 non
1275 1726 1342 1752 satis
1369 1725 1525 1761 distinguit,
1553 1725 1616 1752 dum
1645 1729 1774 1760 gagatem
1800 1731 1857 1751 cum

1067 1771 1148 1798 actito
1168 1770 1320 1798 confundit.
1336 1771 1455 1799 Consule
1478 1772 1566 1806 ipsum
1592 1771 1638 1798 lib.
1661 1778 1759 1803 χχιι-ι,
1779 1771 1856 1805 capit.

1066 1818 1098 1844 21
1117 1821 1144 1845 et
1161 1818 1243 1853 capit.
1259 1817 1301 1850 19,
1315 1818 1447 1846 Calenum
1465 1822 1491 1846 ct
1512 1817 1711 1845 Dioscoridem.
1729 1816 1857 1852 Lapidem

1067 1864 1138 1891 hunc
1164 1864 1340 1899 Ilarpocralio
1370 1864 1570 1892 Alexandrinus
1593 1864 1742 1899 ocytocion
1773 1869 1857 1893 vocat.

1067 1909 1264 1945 distinguitquc
1291 1911 1325 1938 ab
1353 1911 1435 1938 aetite
1462 1920 1469 1938 :
1497 1911 1650 1942 Ὠκυτόκιος
1681 1910 1759 1942 λίῡος
1789 1909 1858 1936 ὲπὶν

1065 1956 1162 1988 ἐοικὼς
1175 1957 1214 1992 τῷ
1226 1957 1330 1993 ἀετίτῃ,
1349 1958 1509 1993 μικρότερος
1521 1957 1549 1983 δὲ
1570 1957 1686 1987 ἐκεινου,
1703 1956 1777 1991 πλὴν
1790 1956 1858 1990 ἁπη-

1065 2002 1129 2038 χῶν,
1143 2003 1180 2036 ὼς
1197 2004 1310 2035 ἐκεῖνος,
1328 2005 1357 2030 ἐν
1372 2003 1411 2039 τῷ
1428 2003 1560 2031 κινεῖσθαι
1577 2003 1652 2039 παρὰ
1665 2003 1696 2029 τὸ
1710 2000 1772 2034 οὖς.
1785 2003 1858 2029 Ἐστι

1064 2048 1093 2074 δὲ
1109 2048 1155 2075 καὶ
1174 2049 1245 2081 λεῖος
1258 2051 1291 2085 τῇ
1308 2049 1368 2085 θέᾳ.

1099 2107 1179 2138 lbid.,
1193 2107 1240 2134 lib.
1258 2107 1302 2135 55.
1315 2107 1368 2134 Kal
1381 2108 1540 2134 ἀποτίκτει.
1554 2105 1671 2138 Plinius,
1687 2106 1739 2134 lib.
1756 2114 1787 2138 Χ,
1801 2114 1856 2141 cap.

1065 2153 1081 2180 6
1103 2163 1109 2180 :
1140 2153 1222 2180 Fetus
1245 2153 1349 2189 quidem
1373 2158 1515 2181 cernuntur
1543 2153 1596 2188 fere
1621 2153 1686 2180 bini.
1707 2153 1857 2180 Umbricius

1065 2199 1217 2232 aruspicum
1243 2199 1270 2225 in
1293 2203 1383 2225 nostro
1400 2207 1454 2225 ιευο
1474 2198 1651 2233 peritissimus
1666 2206 1765 2232 parere
1781 2198 1858 2225 tradit

1065 2252 1113 2271 ova
1124 2245 1176 2271 tria
1189 2252 1199 2271 :
1213 2252 1264 2271 uno
1279 2252 1311 2271 ea:
1332 2245 1366 2271 iis
1389 2244 1490 2280 reliqua
1509 2253 1557 2272 oua
1572 2244 1718 2280 nidumque
1735 2245 1855 2275 lustrare,

1065 2298 1126 2317 mox-
1141 2290 1265 2325 abjicere.
1287 2290 1361 2318 Idem
1384 2291 1465 2319 habet
1491 2291 1604 2319 Aristot.
1626 2290 1666 2317 De
1684 2291 1752 2318 hist.
1767 2292 1855 2323 anim,

1065 2345 1124 2372 cap.
1145 2337 1170 2364 6.
1188 2336 1302 2369 Tamen,
1319 2338 1366 2365 lib.
1393 2345 1430 2369 ix,
1446 2345 1506 2372 cap.
1526 2337 1569 2369 ll,
1586 2337 1684 2365 scribit
1701 2347 1708 2364 :
1728 2337 1796 2365 Edit
1812 2347 1856 2365 non

1064 2384 1123 2418 plus
1137 2392 1216 2419 quam
1231 2392 1312 2410 unum
1324 2392 1410 2416 ovum,
1421 2389 1466 2410 aut
1474 2384 1525 2410 duo
1534 2384 1754 2418 complurimum.
1765 2385 1830 2418 Quae
1837 2384 1855 2411 si

1065 2433 1191 2455 naturain
1202 2429 1293 2456 av'rum
1308 2433 1382 2457 recte
1397 2429 1565 2462 consideres,
1579 2429 1641 2464 quis
1656 2429 1695 2456 ita
1708 2430 1824 2465 iniquus
1832 2434 1855 2456 ut

1066 2482 1165 2509 negare
1182 2474 1280 2502 audeat
1299 2475 1434 2502 vulturem
1447 2483 1523 2501 avem
1537 2482 1587 2502 ova
1595 2475 1729 2510 gignere?
1743 2475 1779 2502 At
1788 2475 1855 2502 luere

1066 2521 1112 2554 qui
1125 2520 1246 2548 dicerent
1259 2528 1306 2548 cos
1319 2528 1369 2548 ova
1389 2529 1444 2548 non
1464 2520 1619 2553 excludere,
1636 2521 1685 2548 sed
1702 2522 1797 2556 pullos
1812 2529 1854 2556 pa—

1065 2573 1137 2597 rere,
1151 2573 1253 2601 eosque
1266 2567 1358 2593 statiua
1372 2574 1387 2593 a
1401 2572 1480 2601 partu
1493 2567 1619 2594 volatiles
1630 2574 1704 2594 esse.
1722 2567 1854 2598 IEIianus,

1065 2612 1114 2640 lib.
1130 2620 1160 2645 11,
1173 2620 1233 2647 cap.
1251 2613 1285 2639 46
1298 2623 1305 2640 ;
1321 2612 1413 2644 Γῦπας
1428 2613 1456 2639 δὲ
1471 2613 1507 2648 μὴ
1522 2612 1564 2639 ὼὰ
1574 2613 1677 2640 τίκτειν
1693 2614 1853 2648 πέπεισμαι,

1066 2659 1188 2690 νεοττοὺς
1208 2659 1236 2685 δὲ
1253 2659 1368 2686 ὠδίνειν.
1389 2659 1444 2686 Καὶ
1468 2659 1505 2690 (is;
1534 2659 1588 2685 ἀπὸ
1603 2660 1703 2693 γενεᾶς
1720 2661 1854 2687 κατάπτε-

1067 2704 1108 2740 ροί
1119 2705 1181 2737 εἰσι,
1192 2705 1238 2731 καὶ
1252 2704 1329 2732 τοῦτο
1344 2705 1459 2740 ἥκουσα.
1472 2705 1505 2732 Ει
1524 2705 1752 2740 Theophylactus
1772 2707 1854 2734 Simo-

1066 2755 1155 2782 catus,
1179 2751 1207 2777 in
1229 2750 1329 2783 Quu'st.
1347 2758 1447 2784 natur.,
1466 2754 1562 2786 quast.
1581 2751 1607 2784 8.
1633 2751 1666 2779 de
1681 2744 1852 2779 vulturibusi

1065 2791 1121 2823 Kal
1143 2797 1263 2823 τίκτουσι
1285 2796 1352 2828 ζῶα,
1379 2797 1429 2823 οὑκ
1445 2797 1485 2823 ὼὰ
1502 2797 1650 2832 ὑπηνέμια.
1669 2798 1719 2824 Διὸ
1735 2798 1853 2824 πλείστου

1066 2842 1162 2878 χρόνου
1177 2842 1261 2870 δεῖται
1277 2843 1293 2878 ἡ
1309 2842 1390 2876 φύσις
1405 2843 1473 2878 πρὸς
1489 2842 1559 2875 Cibo-.3
1575 2842 1795 2878 τελεσιουργίαν,
1807 2843 1853 2870 Πο-
