1897 3073
49 118 100 146 90!
556 119 590 147 IN
610 118 794 147 EUSTATHII
816 118 1051 147 llEXAEMERON
1063 119 1180 149 NOTAE.

49 165 194 201 ὶὺκρατες.
218 165 341 192 Χαλεπὸν
362 165 415 201 γὰρ
440 165 486 192 καὶ
501 165 559 193 λίαν
572 166 689 202 ἐργῶδες
702 168 735 202 τῇ
749 166 814 201 φύσε

961 166 1070 207 Qiconia
1084 168 1166 207 etiam
1178 171 1265 202 grata,
1277 168 1426 207 peregrina,
1445 166 1557 207 hospita,

48 216 115 243 me"
132 215 160 239 ει
176 211 264 244 phile,
282 212 309 239 in
326 211 427 240 lambis
442 220 451 239 _.
958 201 1072 244 Pietatis
1087 201 1357 244 matria-gracilipes,
1370 203 1535 238 glotoristria

1627 119 1677 148 90‘)

1691 231 1706 244 Δ

47 278 153 312 θῆλυς
166 279 201 305 δὲ
215 279 274 312 πᾶς
287 279 359 315 γὺψ,
371 280 419 307 καὶ
436 280 552 314 σπορᾶς
568 280 640 306 ἄνευ
654 280 727 306 κύει.

46 315 167 340 Χαίνων
176 315 231 349 γὰρ
247 315 429 349 ἀντίπρωρος
444 316 525 349 ὑψοῦ
539 315 612 349 πρὸς
627 315 725 347 νότον,

45 349 258 383 Σινλλημϐἀνει
272 350 305 376 τὸ
318 351 445 384 πνεῦμα,
463 351 511 377 καὶ
530 351 628 384 τρίτου
644 351 754 383 χρόνού

45 386 69 410 Σ
73 384 217 420 ζρςυυοὺς
232 385 399 419 πτερωτοὺς
414 385 458 420 ἄρ’
470 385 530 412 ἀπὸ
546 385 660 419 μήτρας
675 384 783 420 ἐξάγει.

42 419 78 443 οἳ
91 418 182 455 ζῶσιν
193 418 331 452 caetrae
342 418 460 455 όνύχών
477 418 617 454 ἀρπάγων

45 454 179 488 Πνίγους
191 448 304 482 καλιῶν
313 448 483 490 ἑύρεθὲντες
497 448 673 489 κρείττονες.

81 521 165 554 Ibid.,
181 521 230 548 lin.
243 523 287 550 58.
299 523 375 551 Φασὶ
388 522 421 549 δὲ
432 523 484 550 τὸν
495 523 584 558 γῦπα.
596 524 701 552 Plinius
714 524 836 551 vultures

43 567 132 594 odore
143 565 244 602 fugari,
263 567 311 595 lib.
329 576 358 600 ιι,
382 575 442 603 cap.
465 569 509 603 45,
529 569 634 597 scribit.
657 569 729 597 idem
751 567 837 596 lElia-

44 621 109 646 nus,
126 613 175 640 lib.
190 621 232 646 ιιι,
245 621 306 649 cap.
325 614 350 646 7,
363 618 390 642 et
407 614 454 642 lib.
472 622 509 647 ιν,
523 622 582 650 cap.
602 615 649 649 IS;
665 615 836 649 Aristoteles,

43 657 93 684 lib.
109 657 180 691 Περὶ
198 658 370 692 θαυμασίων
392 658 598 693 ἀκουσμάτων.
622 659 835 695 Theophrastus,

43 703 93 730 lib.
125 703 166 731 De
194 703 318 732 odoribus
337 712 347 731 :
370 705 464 733 Πονείν
485 705 513 731 δὲ
540 705 600 732 ἔνια
623 706 748 741 φαίνεται
776 708 836 739 ταῖς

42 749 144 784 ὀσμαῖς
164 749 212 776 καὶ
230 751 289 781 ταῖς
315 750 449 785 εὐωδίαις,
462 752 485 778 εἰ
501 751 598 787 ἀληθὲς
610 752 640 778 τὸ
655 753 700 779 ἐπὶ
717 753 772 779 τῶν
787 762 830 788 γυ.

43 794 105 822 πῶν
131 795 181 821 καὶ
202 795 354 831 κανθάρων.
382 797 415 822 Et
443 797 572 824 collector
595 796 763 832 Geoponicor.
789 799 833 826 lib.

960 237 1023 264 Avis
1038 237 1114 264 exsul
1131 237 1234 269 hiemis.
1250 242 1302 266 etc.

888 293 1006 321 Consule
1029 293 1141 321 Adriani
1161 293 1234 321 Junii
1251 293 1416 321 Animadver.
1434 293 1481 321 lib.
1495 302 1532 327 vr,
1548 301 1608 329 cap.
1633 294 1675 321 15.

923 339 1003 372 lhid.,
1026 339 1074 366 lin.
1102 339 1146 366 47.
1174 339 1456 374 Τετραυματισμέναι
1475 339 1539 374 γάρ.
1557 339 1615 372 Qua
1632 346 1668 365 ra-

887 384 960 412 tione
985 385 1036 412 sibi
1062 385 1221 413 medeantur
1240 385 1352 412 ciconia:
1369 393 1429 412 cum
1444 385 1544 412 vulnus
1560 392 1674 420 accepe-

887 427 953 461 rint,
968 427 1105 461 Elianns,
1119 429 1166 456 lib.
1184 437 1212 462 ν,
1232 436 1292 464 cap.
1305 428 1357 462 46;
1374 433 1401 456 et
1416 429 1585 457 Aristoteles.

921 473 1001 507 lbid.,
1016 474 1063 501 lin.
1080 474 1125 501 48.
1148 475 1218 502 Ἐὰν
1241 474 1274 501 δὲ
1291 475 1419 510 γηράσῃ.
1447 475 1578 508 Basilius,
1599 475 1671 503 hom.

887 519 903 546 8
917 528 922 546 :
941 520 1058 546 Ἐκεῖνοι
1071 520 1114 546 τὸν
1138 521 1251 556 πατέρα,
1267 521 1319 548 ὑπὸ
1334 521 1380 548 τοῦ
1399 522 1491 557 γήρως
1505 522 1674 558 πτερορρυή-

887 574 982 597 σαντα,
999 566 1175 602 περιστάντες
1193 567 1221 594 ἐν
1241 567 1343 602 κύκλῳ,
1357 568 1413 599 τοῖς
1436 568 1545 599 οἰκείοις
1566 569 1674 604 πτεροῖς

886 611 1071 644 διαθάλπουσι,
1091 612 1138 639 καὶ
1161 613 1210 644 τὰς
1235 613 1338 648 τροφὰς
1361 613 1484 648 ἀφθόνως
1502 614 1675 648 παρασκευά-

887 657 988 692 ζοντες,
1007 658 1056 694 τὴν
1077 658 1190 694 δυνατὴν
1213 659 1261 686 καὶ
1283 660 1311 686 ὲν
1334 661 1367 695 τῇ
1390 661 1487 695 πτήσει
1511 660 1674 696 παρέχονται

888 703 1023 739 βοήθειαν,
1039 704 1130 740 ἡρέμα
1142 704 1180 740 τῷ
1195 705 1287 741 πτερῷ
1301 704 1473 740 κουφίζοντες
1494 707 1672 742 ἑκατέρωθεν.

887 751 941 777 Καὶ
966 750 1037 777 οὕτω
1052 751 1130 777 τοῦτο
1142 750 1217 786 παρὰ
1240 752 1306 778 πᾶσι
1327 751 1517 788 διαϐεϐόηται,
1535 752 1604 779 ὥστε
1623 752 1675 787 ἤδη

886 796 957 828 τινὲς
970 797 1019 832 τὴν
1031 796 1084 823 τῶν
1106 797 1330 834 εὐεργετημάτων
1346 797 1488 829 ἀντίδοσιν,
1512 797 1674 833 ἀντιπελάρ-

43 848 110 868 xtv:
133 841 324 877 Ἀριστοτέλης
339 842 406 878 φησὶ
424 843 514 877 γῦπας
534 843 619 879 μύρου
634 845 704 880 ὀσμῇ
721 839 814 871 ἀπόλλι

890 850 970 877 γωσιν
988 842 1158 877 ὀνομάζουσι.
1174 842 1381 877 Aristophanes,
1396 842 1423 869 in
1437 842 1536 869 Avibus
1549 850 1558 869 :

44 886 124 913 σθαι·
145 886 298 923 κανθάρους
312 887 340 913 δὲ
355 889 387 923 τῇ
404 888 475 924 ὀσμῇ
497 889 550 916 τῶν
573 890 667 925 ῥόδων.
689 889 765 918 Εἶναι
781 891 835 926 γὰρ

42 932 152 964 τούτοις
169 933 301 969 σωτήριον
317 933 366 969 τὴν
383 934 525 961 δυσωδίαν.

79 977 164 1010 lbid.,
177 979 224 1006 lin.
237 979 281 1006 M.
301 979 406 1007 Ἠνίκα
420 980 453 1007 δέ
465 989 560 1015 φασιν
573 982 689 1016 ἄνδρες.
706 982 834 1016 Basilius,

42 1024 120 1052 hom.
137 1024 154 1052 8
169 1034 175 1052 :
191 1025 239 1057 Τίς
252 1026 307 1058 τοῖς
327 1026 394 1061 γυψὶ
409 1028 640 1064 προαπαγγέλλων
662 1028 716 1055 τῶν
732 1028 836 1064 ἀνθρώ-

42 1078 105 1097 πων
117 1070 166 1096 τὸν
185 1070 309 1103 θάνατον,
322 1071 386 1099 ὃταν
401 1074 462 1099 κατ’
479 1073 600 1110 ἀλλήλων
617 1074 836 1110 ἐπιστρατεύσω-

44 1124 87 1142 etv
101 1123 109 1148 ;
128 1116 209 1148 Ἰδοις
223 1116 277 1152 γὰρ
289 1117 324 1144 ἂν
340 1118 440 1152 μυρίας
459 1118 558 1153 ἀγέλας
571 1119 665 1154 γυπῶν
681 1121 736 1152 τοῖς
755 1128 837 1155 στρα-

43 1162 171 1194 τοπέδοις
193 1163 402 1199 παρεπομένας,
428 1165 460 1191 ἐκ
483 1165 532 1199 τῆς
557 1165 610 1192 τῶν
634 1166 722 1193 ὅπλων
748 1175 837 1202 παρα-

44 1208 149 1242 σκευῆς
174 1209 396 1245 τεκμαιρομένων
423 1211 473 1246 τὴν
504 1210 624 1238 ἔκϐασιν.
656 1210 728 1239 idem
756 1211 836 1240 habet

44 1253 186 1286 Elianus,
200 1256 246 1282 lib.
271 1263 301 1287 ιι,
319 1256 402 1291 capit.
420 1256 476 1291 46;
499 1256 614 1289 Plinius,
632 1257 679 1285 lib.
702 1266 729 1289 x,
753 1259 834 1294 capit.

42 1300 84 1327 6:
106 1300 208 1327 Triduo
234 1305 322 1329 autem
344 1307 414 1334 ante,
436 1308 483 1330 aut
507 1303 586 1331 biduo
609 1305 697 1331 volare
716 1313 770 1337 eos,
792 1305 837 1332 ubi

43 1345 179 1374 cad-vera
192 1347 284 1382 futura
296 1353 368 1375 sunt.
385 1348 419 1376 Et
433 1349 546 1377 Plautus
558 1350 586 1377 in
603 1350 761 1386 Truculento
774 1359 783 1378 :

44 1403 123 1441 Illud
133 1409 193 1432 est:
210 1405 267 1441 vide
282 1410 311 1432 ut
326 1406 380 1437 iam
394 1407 471 1441 quasi
485 1407 601 1439 volturii,
615 1408 702 1434 triduo

43 1439 129 1466 Prius
145 1438 320 1474 pradivinant
334 1450 384 1476 quo
397 1438 439 1468 die
452 1443 524 1469 esuri
535 1443 612 1470 sient.

926 897 1001 923 Ἀλλ’
1014 897 1100 923 ἔστιν
1111 897 1182 931 ἡμῖν
1196 896 1292 923 τοῖσιν
1303 896 1420 930 ὄρνισιν
1433 897 1524 931 νόμος

920 931 1062 965 Παλαιὸς,
1078 933 1112 958 ὲν
1122 932 1183 964 τοῖς
1201 931 1260 958 τῶν
1273 931 1429 965 πελαργῶν
1442 933 1584 965 κύρϐεσιν
1594 941 1600 948 ·

927 967 1018 1001 Ὲπὴν
1028 968 1044 993 ὀ
1058 966 1154 1000 πατὴρ
1167 969 1184 993 ὁ
1195 967 1342 1001 πελαργὸς
1355 967 1574 1001 ἐκπετησίμους

920 1002 1039 1035 Πάντας
1051 1001 1164 1035 ποιῆσῃ
1181 1002 1250 1034 τοὺς
1266 1001 1453 1035 πελαργιδεῖς
1467 1002 1593 1036 τρέφων,

920 1037 970 1064 Δεῖ
982 1037 1052 1070 τοὺς
1061 1037 1200 1070 νεοττοὺς
1211 1038 1264 1064 τὸν
1278 1036 1389 1071 πατέρα
1405 1037 1498 1064 πάλιν
1509 1038 1636 1072 τρέφειν.

886 1092 1013 1121 Ciconias
1036 1092 1152 1128 juvenes
1188 1092 1246 1127 jam
1273 1093 1477 1121 senescentibus
1512 1094 1674 1128 parenthus

886 1146 966 1174 opem
980 1139 1052 1166 terre
1064 1146 1167 1173 eosque
1178 1139 1296 1166 educare
1318 1139 1402 1166 tradit
1420 1139 1508 1172 Plato,
1531 1139 1672 1168 Alcibiade

886 1185 970 1220 printo
982 1184 1052 1212 κατὰ
1066 1184 1096 1212 τὸ
1116 1184 1207 1216 τέλος·
1225 1184 1386 1212 Aristoteles
1400 1185 1438 1212 De
1447 1185 1540 1212 histor.
1559 1186 1671 1213 animal.

887 1231 933 1258 lib.
950 1237 1058 1266 ix,eap.
1073 1231 1122 1263 l3;
1139 1230 1276 1263 lElianus,
1287 1231 1334 1258 lib.
1348 1238 1460 1266 in,cap.
1478 1231 1524 1264 ΞΒ,
1538 1235 1565 1259 et
1578 1232 1626 1260 lib.
1643 1241 1671 1264 ιι,

886 1285 948 1312 cap.
964 1277 1015 1310 l6;
1030 1276 1230 1309 Artemidorus,
1252 1277 1400 1304 Onerocrit.
1423 1278 1470 1306 lib.
1487 1286 1518 1310 ιι,
1542 1286 1602 1314 cap.
1620 1278 1672 1312 20;

886 1321 1002 1354 Plinius,
1020 1321 1067 1348 lib.
1095 1330 1123 1353 x,
1141 1329 1203 1357 cap.
1221 1322 1272 1355 25;
1297 1322 1398 1355 Horas,
1418 1323 1466 1350 lib.
1489 1331 1520 1357 ιι,
1538 1331 1598 1359 cap.
1619 1325 1671 1358 51;

887 1366 975 1401 Philo,
995 1368 1021 1395 in
1047 1367 1218 1402 Expositione
1241 1369 1383 1404 Decalogi;
1407 1368 1549 1405 Origenes.
1579 1375 1673 1397 contra

887 1411 1004 1444 Celsum,
1018 1413 1064 1440 lib.
1074 1421 1101 1440 ιν
1113 1422 1119 1446 ;
1130 1413 1323 1445 Philostratus,
1336 1415 1372 1442 De
1383 1415 1429 1443 vit.
1449 1415 1584 1450 Apollonii
1600 1417 1671 1452 Tya-

888 1457 940 1489 nei,
953 1466 1014 1493 pag.
1034 1457 1084 1486 l9:
1101 1458 1218 1485 Basilius
1229 1459 1354 1494 Magnus,
1371 1464 1440 1487 orat.
1459 1461 1493 1488 de
1505 1461 1608 1489 honore
1618 1469 1673 1496 quo

145 1496 227 1524 etiam
258 1496 343 1525 lberis
370 1497 493 1526 vultures
517 1497 593 1526 l‘uere
620 1499 738 1535 sepulcri
766 1501 835 1529 loco.
851 1511 872 1540 α
889 1507 954 1531 sunt
974 1502 1106 1531 alliciendi
1119 1503 1488 1539 parentes;Epiphanius,in
1501 1495 1671 1542 Physiotoqtr,

43 1539 132 1568 Silius
149 1550 156 1568 :

81 1594 200 1635 lallare,
212 1600 241 1622 ut
253 1596 404 1635 perhibent,
417 1597 439 1624 is
455 1606 511 1635 mos
529 1599 654 1635 antiquus
670 1600 750 1628 lbera

82 1629 217 1658 Exanima
232 1629 357 1659 obscenus
373 1629 503 1660 consumit
520 1629 632 1669 corpora
646 1636 744 1663 vultur.

79 1686 162 1721 lbid.,
179 1688 228 1715 lin.
243 1688 289 1716 44.
302 1687 381 1716 Οἶδὲ
395 1690 548 1725 πελαργοί.
564 1690 693 1725 Basilius,
710 1692 784 1720 hom.
796 1692 812 1720 8
828 1703 834 1721 :

41 1734 84 1762 Τδ
97 1734 127 1761 δὲ
138 1734 193 1761 τῶν
207 1735 351 1771 πελαργῶν
365 1735 425 1763 οὐδὲ
448 1736 543 1772 πόρῤω
569 1737 627 1764 ἐστὶ
650 1738 782 1770 συνέσεως
795 1739 838 1766 λο-

43 1780 142 1816 γικῆς,
156 1780 228 1807 οὕτω
247 1781 296 1816 μὲν
307 1782 378 1808 κατὰ
392 1782 437 1809 τδν
449 1781 497 1809 ἕνα
515 1783 610 1819 καιρὸν
626 1783 730 1816 πάντας
745 1785 838 1820 ὲπιδη⁴

43 1828 108 1862 μεῖν
124 1827 181 1858 τοῖς
201 1827 265 1864 τῇδε
289 1828 409 1864 χωρίοις,
423 1827 494 1855 οὕτω
514 1829 543 1855 δὲ
561 1830 605 1864 ὑφ’
627 1829 667 1856 ἐνὶ
688 1830 837 1866 συνθήματι

41 1873 151 1905 πάντας
174 1873 310 1909 ἀπαίρειν.
342 1873 524 1910 Δορυφοροῦσι
551 1875 579 1902 δὲ
601 1875 699 1908 αὐτοὺς
720 1877 748 1902 at
774 1878 837 1912 παρ’

41 1921 113 1956 ἡμῖν
133 1920 251 1956 κορῶναι
269 1921 316 1947 καὶ
329 1921 570 1957 παραπέμπουσιν,
587 1922 648 1957 ἐμοὶ
660 1922 762 1955 δοκεῖν,
791 1923 838 1950 καὶ

43 1967 208 2003 συμμαχίαν
230 1966 292 1994 τινὰ
321 1967 504 2004 παρεχόμεναι
530 1967 598 2004 πρὸς
623 1968 732 2005 ὄρνιθας
759 1970 839 1996 πολε-

43 2013 137 2049 μίους.
151 2012 267 2048 Σημεῖον
279 2012 308 2039 δὲ
324 2012 430 2049 πρῶτον
455 2013 503 2048 μὲν
519 2013 550 2040 τὸ
574 2013 611 2049 μὴ
631 2013 771 2048 φαίνεσθαι
786 2014 838 2041 ὑπὸ

40 2059 90 2086 τὸν
109 2058 206 2094 καιρὸν
226 2060 328 2086 ἐκεῖνον
347 2058 470 2096 κορώνην
486 2059 674 2086 παντάπασιν·
695 2059 779 2086 ἔπειθ’
797 2060 838 2087 ὅτι

44 2105 118 2141 μετὰ
139 2105 304 2140 τραυμάτων
331 2104 543 2140 ἐπανερχόμεναι
571 2105 674 2140 ἐναργῆ
700 2105 747 2132 τοῦ
777 2114 838 2132 συν-

43 2151 185 2188 ασπισμοῦ
201 2151 314 2186 καὶτῆς
338 2151 486 2186 ἐπιμαχίας
505 2151 539 2177 τὰ
564 2153 665 2186 σημεῖα
685 2151 834 2187 κομίζουσι.

888 1557 948 1584 cap.
960 1549 1005 1576 25.
1019 1549 1086 1576 llinc
1095 1553 1188 1576 natum
1200 1549 1372 1584 proverbium
1381 1551 1599 1588 ἀντιπελαργεῖν,
1613 1561 1674 1579 mu-

888 1598 963 1621 tuam
974 1593 1054 1621 ollicii
1069 1594 1156 1622 vicem
1173 1594 1333 1630 rependere.
1353 1595 1500 1628 Zenohius,
1527 1597 1672 1630 Erasmus,

887 1639 1078 1672 Aristaenetus,
1099 1640 1146 1667 lib.
1160 1647 1180 1673 ι,
1196 1640 1276 1675 epist.
1295 1641 1341 1673 25,
1353 1642 1385 1667 Τί
1401 1642 1429 1668 δὲ
1443 1642 1493 1668 οὐκ
1503 1643 1613 1678 ἔμελλον
1628 1643 1674 1678 ζή-

887 1685 937 1722 λην
954 1687 1016 1722 ἐμοὶ
1026 1686 1171 1722 καθοῴσα
1178 1687 1228 1722 τὴν
1244 1687 1313 1723 ὲμὴν
1326 1688 1452 1724 ἀδελφὴν,
1467 1689 1501 1724 ἣν
1510 1691 1570 1721 ταῖς
1592 1690 1672 1725 ἐμαῖς

888 1733 1034 1768 ἀνέτρεφον
1047 1732 1181 1767 ἀγκάλαις
1194 1741 1202 1766 ;
1217 1733 1334 1762 Τοιαῦτά
1346 1743 1391 1770 μοι
1406 1735 1558 1770 παράὐτῆς
1571 1736 1605 1763 τὰ
1611 1745 1674 1773 τρο-

888 1778 1039 1814 eam,an
1053 1788 1086 1815 με
1098 1778 1145 1806 νῦν
1160 1780 1393 1816 ἀντιπελαργοῦσα
1406 1781 1513 1808 δικαίαν
1526 1782 1673 1810 ἀποδίδωσι.

887 1826 976 1862 χάριν.
990 1825 1022 1852 Ει
1035 1826 1131 1854 Crates
1147 1827 1260 1862 cynicus
1277 1827 1401 1855 scribens
1418 1827 1589 1863 Hipparchia:
1605 1837 1673 1856 uxo-

887 1873 910 1900 ri
926 1872 959 1900 de
974 1871 1029 1899 lilio
1046 1876 1120 1905 nato,
1149 1873 1294 1908 pollicetur
1321 1874 1373 1901 sibi
1402 1882 1475 1901 curae
1490 1874 1623 1907 futurum,
1643 1880 1673 1903 ut.

888 1918 966 1945 illum
977 1919 1058 1945 matri
1071 1918 1205 1946 ciconiam
1219 1927 1269 1954 pro
1280 1927 1347 1947 cane
1364 1921 1485 1948 remittat
1500 1922 1528 1948 in
1547 1926 1670 1950 senecta.

888 1963 979 1991 llorus
1002 1963 1136 1990 ciconiam
1152 1964 1238 1992 solam
1259 1972 1293 1993 ex
1307 1966 1490 1994 animantibus
1507 1967 1610 1994 ratione
1623 1975 1672 1995 ea-

887 2009 1013 2036 rentibus
1032 2009 1175 2036 educatam
1195 2017 1210 2036 a
1231 2011 1390 2044 parentibus
1407 2011 1502 2039 iisdem
1516 2019 1608 2047 parem
1627 2021 1671 2040 re-

888 2053 959 2081 ferre
967 2054 1081 2089 gratiam
1093 2053 1169 2080 dicit.
1178 2054 1351 2088 Aristoteles,
1364 2056 1478 2089 Plinius,
1489 2057 1536 2084 lib.
1548 2065 1575 2089 ι,
1587 2058 1671 2088 ε.50;

888 2100 1025 2133 ΔΕιίιιιιιιε,
1041 2108 1068 2127 ιιι
1083 2100 1122 2127 De
1142 2101 1236 2129 histor.
1269 2101 1363 2135 anim.,
1391 2110 1452 2138 eap.
1476 2103 1529 2138 30;
1549 2104 1673 2139 Meropas

888 2146 959 2173 idem
984 2145 1074 2173 facere
1104 2146 1238 2174 scribunt.
1261 2146 1393 2183 Scaliger,
1410 2148 1558 2176 Exercitui.
1580 2155 1673 2176 contra

42 2196 162 2228 Plinius,
178 2196 226 2224 lib.
242 2204 268 2228 Χ,
285 2203 344 2230 cap.
361 2195 391 2222 51
412 2205 418 2222 :
437 2194 551 2222 Cicouia:
567 2204 680 2230 quonam
693 2204 706 2222 e
724 2195 780 2223 loco
795 2204 836 2223 ve-
852 2199 874 2227 D
887 2192 1051 2223 Cardanum,
1083 2193 1129 2224 95,
1166 2194 1198 2225 Δ,
1226 2193 1310 2221 relcrt
1339 2194 1496 2222 Africanum
1534 2195 1671 2223 vulturem

43 2240 133 2273 niant,
152 2244 198 2266 aut
218 2247 268 2274 quo
292 2247 318 2266 se
332 2239 468 2273 conferant
483 2239 671 2274 incompertum
684 2240 769 2267 adhuc
784 2245 833 2268 est.

43 2285 70 2312 Ε
92 2285 234 2320 longinquo
250 2286 335 2312 venire
351 2293 402 2312 non
423 2285 542 2318 dubium,
569 2285 659 2312 eodem
682 2295 732 2321 quo
757 2295 834 2322 grues

44 2332 145 2359 modo:
160 2332 222 2359 illas
242 2332 351 2364 hiemis,
375 2331 424 2358 has
446 2332 546 2359 (estatis
568 2331 692 2359 advenas.
716 2332 835 2359 Abiturw

44 2384 239 2414 congregantur
263 2379 290 2405 in
314 2378 370 2408 loco
403 2383 492 2411 certo,
523 2379 704 2413 comitatazque
731 2379 779 2410 sic,
806 2383 835 2405 ut

44 2425 121 2451 nulla
143 2425 185 2452 sui
206 2425 306 2459 generis
321 2425 500 2460 relinquatur,
522 2426 574 2452 nisi
591 2426 694 2459 captiva
711 2429 736 2452 et
749 2433 833 2458 serva,

44 2479 92 2497 ceu
101 2470 158 2505 lege
176 2470 304 2503 praedicta
315 2470 356 2497 die
371 2470 502 2497 recedunt.
513 2472 595 2498 Nemo
604 2471 668 2498 vidit
678 2480 769 2506 agmen
777 2472 834 2498 dis-

44 2516 193 2544 cedentium
205 2525 262 2543 cum
274 2516 450 2544 discessurum
469 2522 594 2552 appareat
606 2526 615 2543 :
626 2525 671 2544 nec
679 2518 774 2549 venire,
790 2517 835 2545 sed

45 2562 146 2589 vertisse
171 2562 320 2595 cernimus;
343 2568 481 2598 utrumque
507 2563 641 2589 nocturnis
662 2563 692 2598 ﬁt
715 2564 836 2598 tempori—

45 2608 103 2635 bus.
121 2607 156 2634 Et
181 2608 298 2643 quamvis
320 2609 392 2635 ultra
417 2610 513 2635 cilrave
533 2609 680 2643 pervolant,
703 2617 835 2644 nunquam

44 2660 136 2682 tamen
164 2654 299 2682 aduenisse
325 2663 436 2690 usquam
461 2655 514 2682 nisi
537 2660 615 2682 noctu
639 2655 833 2682 existimantur.

45 2700 175 2727 Pilhonos
199 2708 290 2727 conten
317 2704 409 2726 vocant
426 2700 453 2726 in
471 2700 537 2726 Asia
559 2699 707 2733 patentibus
724 2700 834 2734 campis,

44 2746 88 2773 ubi
101 2751 268 2782 congregata-
283 2747 350 2773 inler
360 2754 389 2773 se
405 2750 641 2776 commurmurant,
658 2754 765 2780 eamque
778 2753 836 2781 qua:

44 2794 193 2821 novissima
210 2794 315 2820 advenit
329 2794 456 2824 lacerant,
473 2797 548 2828 atque
562 2793 600 2819 ita
615 2791 718 2819 abeunt.
739 2792 834 2821 Petro-

45 2840 108 2868 nius
125 2841 238 2868 Arbiter
254 2840 295 2868 his
314 2840 440 2875 epithetis
458 2840 494 2866 ita
511 2847 570 2867 eam
585 2839 711 2866 honestat
726 2848 731 2866 :

887 2239 979 2266 tandiu
997 2239 1024 2266 in
1050 2239 1133 2274 Libya
1153 2244 1179 2266 et
1200 2239 1310 2266 Atlante
1338 2245 1430 2267 monte
1451 2241 1495 2267 ubi
1518 2248 1580 2268 eum
1602 2240 1672 2268 Sner

885 2289 995 2317 vocant,
1020 2287 1120 2318 vivere,
1139 2287 1228 2321 quoad
1249 2286 1339 2314 nudus
1364 2287 1487 2322 pennisa
1501 2287 1560 2314 suis
1583 2288 1673 2315 alatur

886 2332 979 2367 pullis.
995 2331 1064 2359 llinc
1080 2332 1247 2367 lepidissime
1261 2333 1370 2366 jocatur
1394 2333 1422 2360 in
1441 2332 1560 2365 Graaeos,
1591 2334 1671 2368 quasi

885 2385 917 2405 ex
928 2377 990 2410 hac,
1003 2385 1083 2412 quam
1098 2377 1155 2412 ipse
1171 2382 1250 2405 vocat
1267 2385 1364 2405 novam
1382 2378 1525 2405 historiam
1540 2386 1591 2406 nec
1606 2386 1673 2406 con-

886 2423 1070 2455 temnendam,
1088 2423 1241 2458 tingendum
1255 2425 1290 2451 sit
1312 2424 1347 2451 iis
1362 2423 1434 2450 aliud
1458 2432 1568 2456 nomen,
1590 2433 1672 2459 quam

886 2469 1103 2504 ἀντιπελαργεῖν,
1117 2477 1214 2504 nempe
1226 2470 1390 2495 ὰντοιωνεῖν.
1406 2468 1467 2496 Haec
1479 2473 1568 2496 tamen
1579 2473 1672 2496 tantus

885 2515 979 2546 homo,
1001 2514 1101 2542 Graeca:
1118 2516 1216 2550 lingua:
1230 2514 1387 2550 Latinaeque
1413 2519 1552 2542 corrector
1565 2519 1592 2542 et
1609 2523 1674 2550 pro-

886 2564 999 2595 pagator
1024 2560 1207 2596 ἀποῤῥοιὸδεῖ,
1232 2561 1279 2587 καὶ
1306 2561 1395 2593 τοίους
1411 2561 1443 2587 ἐκ
1463 2560 1588 2596 τρίποδος
1600 2560 1672 2595 βδέει

886 2606 1060 2639 λιῦανωτούς,
1075 2611 1102 2634 et
1114 2607 1166 2634 sibi
1185 2607 1253 2634 bene
1266 2608 1340 2635 olere
1352 2608 1470 2635 videtur.
1478 2607 1584 2634 Nomen
1597 2607 1673 2634 Grae-

887 2652 927 2680 cis
942 2651 1122 2687 ellingendum
1140 2661 1155 2680 a
1169 2654 1276 2681 vulture
1293 2654 1399 2681 desumi
1415 2654 1503 2686 debet,
1519 2654 1598 2688 cujus
1622 2660 1671 2680 na-

887 2702 948 2725 tura
968 2699 1162 2734 ingeniumque
1193 2701 1411 2735 exprimendum,
1439 2709 1494 2728 non
1511 2701 1546 2728 ab
1564 2701 1670 2734 avibus,

887 2753 1003 2780 quorum
1019 2746 1142 2780 plerique
1164 2747 1191 2773 in
1207 2751 1332 2781 parentes
1351 2747 1427 2782 impii
1443 2755 1505 2775 esse
1519 2747 1671 2783 deprehen-

887 2791 999 2818 duntur.
1013 2791 1080 2819 Cum
1093 2793 1164 2819 enim
1177 2793 1339 2820 sententiam
1354 2793 1424 2820 hanc
1435 2801 1490 2828 pra:
1503 2802 1532 2822 se
1547 2794 1617 2821 ferre
1625 2793 1673 2820 de-

887 2839 960 2871 beat,
972 2839 1046 2867 vices
1058 2838 1183 2867 videlicet
1196 2839 1320 2868 beneﬁcii
1338 2839 1496 2876 rependere,
1511 2841 1584 2876 quod
1600 2840 1674 2868 aliti-
