1897 3073
237 116 290 144 903

904 108 1025 136 ιιοΝιε
1043 108 1181 135 ALLATll

1812 114 1856 142 9οὶ

239 171 292 199 bus
307 169 432 198 omnibus
447 177 500 197 non
521 169 660 201 convenit,
686 175 741 196 non
755 168 789 194 ab
804 167 869 199 illis,
888 166 935 194 sed
950 170 1021 194 a're,
1037 165 1060 192 Α
1074 168 1194 198 pretatus
1208 169 1250 192 est
1264 165 1345 193 verba
1361 165 1453 194 Grmca
1467 167 1598 203 Georgius
1612 168 1705 196 Dousa
1726 168 1755 195 in
1773 167 1854 196 Geor-

238 218 274 244 de
286 216 375 252 quaid
390 215 462 250 quod
481 223 529 249 per
544 222 643 242 nomen
658 214 811 249 explicatur
824 212 936 242 dicitur,
954 215 980 237 at
991 209 1024 236 de

239 263 346 289 vulture
366 262 392 289 id
407 265 512 288 tantum
538 268 634 288 verum
651 268 728 294 esse;
750 259 888 295 quomodo
902 263 966 292 ergo
981 257 1023 282 ἀν-

238 309 358 335 ¹ιεοιωνεῖν
369 307 397 335 id
412 309 570 343 explicaret.
595 307 648 334 Sed
673 306 813 341 Scaligero
830 305 902 332 sicut
925 307 1021 330 sonant

238 354 341 385 omnia,
356 355 393 381 ita
409 354 514 387 ethoc;
536 357 564 380 et
581 353 702 388 Scaliger
720 353 757 379 ita
783 350 893 385 eliingit.
912 348 1023 376 Graecus

239 407 294 427 non
309 400 385 432 item,
396 399 454 435 qui.
467 400 490 427 si
504 406 519 426 a
536 399 644 426 vulture
656 398 682 425 id
696 397 777 425 vellet
789 397 916 427 formare,
929 394 1023 428 utique

239 453 290 473 nec
305 446 455 480 incongrue
478 445 582 472 diceret
610 443 806 478 ἅντιγυπίζειν,
838 446 867 469 ιιι
897 446 1022 468 naturam

238 491 310 518 hanc
320 490 437 518 vulturis
448 491 623 525 exprimeret,
641 488 755 517 sicutad
769 489 881 516 ciconia:
897 491 1022 530 naturam

238 532 442 567 exprimendam
465 532 671 568 ἁντιπελαργεῖν
692 531 824 559 vocabulo
838 537 905 557 usus
921 528 1020 555 fuerat.

237 577 278 605 En
294 577 431 605 Graeculos
440 578 551 609 sciolos,
561 585 630 613 quos
643 582 671 604 tu
687 577 756 603 male
773 581 868 604 contra
885 575 926 601 fas
937 580 1020 600 omne

238 624 343 652 laceras
358 624 478 659 iniquus,
506 627 567 650 utut
578 626 652 655 sunt.
666 627 727 650 tuas
739 627 829 649 tamen
840 623 1020 656 cognoscunt,

237 675 266 699 et
293 671 428 703 inscitias,
443 675 471 698 et
495 674 679 705 nugamenta:
695 670 756 697 aliis
774 669 877 696 fumum
893 666 1019 699 vendita;

237 717 277 745 illi
289 717 376 744 lucem
390 716 540 752 possident.

274 762 357 798 Egre
373 763 426 790 fert
441 763 562 790 calamus
582 762 750 788 ciconiarum
765 761 793 787 in
814 761 958 797 Byzantios
974 762 1021 790 be.-

239 809 329 836 nclicii
350 816 403 835 non
430 807 613 838 comminisci,
631 815 746 842 quarum
771 815 821 841 ope
845 807 941 835 civitas
973 809 1018 835 illa

239 861 337 881 noxam
354 856 510 888 serpentum
529 852 643 888 depulit.
667 852 760 880 Dinmo
778 860 894 888 namque
919 853 1023 889 Byzan-

238 900 339 927 tiorum
355 899 425 926 duce
443 899 552 934 plurimi
568 899 702 926 dracones
715 899 788 925 illam
804 899 978 930 infestabant.
995 905 1022 927 et

237 945 384 982 perniciem
400 945 505 972 civibus
519 944 680 978 offerebant;
695 952 742 972 eos
757 944 930 972 inductarum
948 945 1022 972 cico-

237 991 344 1018 niarum
361 997 412 1025 ope
424 989 603 1016 sustulerunt.
616 987 712 1015 Postea
726 995 788 1015 cum
805 988 917 1014 cieonize
933 988 1021 1015 noxiae

236 1039 328 1062 essent
342 1035 448 1062 civibus
475 1033 622 1068 multisque
639 1037 754 1060 mortem
780 1032 920 1065 ali'errent,
947 1033 1019 1068 quod

235 1084 376 1116 serpentes
394 1081 421 1108 in
434 1085 530 1115 puteos
543 1079 697 1113 injicerent,
707 1079 801 1113 sicque
816 1086 901 1113 aquas
912 1078 1022 1106 infesta-

235 1131 307 1156 rent.
333 1127 373 1154 vel
386 1125 459 1161 quod
474 1126 501 1152 in
517 1125 590 1152 cives
605 1125 631 1151 in
645 1124 733 1151 triviis
749 1124 887 1159 insperato
902 1125 1018 1159 projice-

235 1176 306 1204 rent,
323 1172 423 1207 populo
437 1175 509 1198 metu
519 1170 612 1201 anxio.
623 1173 650 1197 et
665 1170 774 1197 concilii
792 1170 866 1205 inopi
883 1178 961 1205 opem
975 1174 1019 1197 tn-

235 1219 266 1245 lit
279 1217 406 1253 Tyaneus
418 1216 579 1251 Apollonius
593 1215 680 1242 tribus
694 1215 808 1242 ciconiis
818 1223 834 1242 e
846 1215 933 1249 lapide
949 1215 1019 1242 inter

235 1271 265 1292 se
279 1263 405 1291 obversis
428 1262 538 1294 erectis,
555 1269 615 1296 qua:
634 1261 763 1295 deinceps
780 1261 841 1288 aliis
856 1261 969 1288 ciconiis
985 1268 1019 1288 ne

235 1309 331 1337 urbem
347 1308 528 1335 ascenderent
543 1311 622 1334 erant
642 1306 847 1341 impedimento.
874 1306 962 1340 llnjns
976 1307 1018 1334 hi-

235 1355 328 1382 storias
342 1357 437 1381 auctor
452 1357 494 1380 est
508 1351 658 1388 Hesychius
673 1351 796 1379 Milesius
812 1352 902 1379 libello
919 1352 955 1379 De
976 1361 1018 1379 re-

235 1401 284 1428 bus
294 1400 389 1434 patriis
411 1398 722 1432 Conslantinopolilanis.
737 1397 825 1426 Verba
850 1399 910 1433 ejus
926 1404 991 1425 sunt
1008 1407 1015 1426 :

234 1445 340 1480 Μικρὸν
355 1444 404 1479 μὲν
426 1443 538 1479 ὕστερον
560 1443 665 1474 διαϐὰς.
684 1442 793 1470 Dineeus
811 1451 918 1478 nempe.
932 1444 961 1469 ὲν
982 1444 1015 1478 τῇ

235 1490 323 1522 πόλει,
335 1490 382 1516 καὶ
393 1490 455 1520 τοὺς
465 1488 619 1524 βαρϐάρους
632 1488 821 1523 ἀπωσάμενος,
831 1488 910 1519 αὐτὸς
919 1490 1017 1524 ὲστρα-
1031 1506 1052 1534 c

234 1537 337 1572 τήγησε
352 1536 400 1562 τοῦ
416 1535 501 1571 δήμου
517 1534 571 1561 τῶν
589 1534 751 1566 Βυζαντίων.
771 1534 839 1560 Καθ’
853 1533 899 1565 οὒς
911 1534 944 1569 δὴ
957 1534 1019 1570 χρό-

235 1590 297 1614 νους
313 1582 360 1608 καὶ
371 1581 525 1617 δρακόντων
539 1580 652 1606 πλεῖστα
662 1579 728 1614 γένη
745 1579 907 1614 ὲπεφοίτησε
918 1581 950 1614 τῇ
968 1580 1017 1606 πό-

234 1628 286 1660 λει,
302 1626 340 1659 ὡς
349 1627 412 1658 τοὺς
426 1626 566 1657 οἰκοῦντας
581 1626 664 1656 αὐτὴν
677 1625 878 1661 διαφθείρεσθαι
896 1633 902 1640 ·
927 1625 973 1657 οὓς
986 1625 1018 1660 δὴ

234 1673 268 1707 τῇ
284 1670 339 1697 τῶν
354 1670 527 1706 καλουμένων
543 1670 688 1706 πελαργῶν
701 1669 816 1706 ὀρνίθων
837 1671 957 1705 ἐπιφορᾷ
980 1671 1019 1697 δι-

234 1718 395 1754 εχρήσαντο,
412 1716 587 1749 Ποσειδῶνος,
601 1716 639 1748 ὥς
648 1725 723 1751 φασι,
741 1717 964 1752 συνεργήσαντος.
980 1717 1017 1743 Οὐ

235 1763 305 1798 μετὰ
323 1762 389 1789 πολὺ
401 1762 430 1789 δὲ
444 1762 491 1789 καὶ
507 1762 561 1789 τῶν
575 1761 690 1798 ὀρνίθων
707 1761 798 1793 αὐτοῖς
821 1761 930 1788 ἐναντία
952 1770 1017 1797 φρο-

233 1810 360 1841 νούντων,
388 1810 436 1837 καὶ
462 1809 586 1836 θανάτων
612 1809 701 1836 αἰτίαν
717 1808 882 1843 ἐπαγόντων,
899 1808 962 1840 τούς
987 1817 1016 1835 τε

233 1855 430 1891 ἁλισκομένους
441 1855 533 1887 αὐτοῖς
543 1855 618 1890 ὄφεις
634 1854 700 1890 πρὸς
711 1854 758 1886 τὰς
766 1854 819 1881 τῶν
831 1855 933 1881 ὑδάτων
941 1854 1017 1887 δεξα-

234 1902 318 1937 μενὰς
343 1901 546 1934 ἀκοντιζόντων,
573 1901 619 1927 καὶ
647 1901 702 1932 τοῖς
715 1909 746 1934 γε
765 1900 887 1932 πολίταις
907 1900 1016 1935 ἀφανῶς

232 1947 441 1978 ἐπιϐαλλόντων,
454 1948 483 1973 ὲν
493 1947 598 1982 ἀφασίᾳ
611 1946 753 1973 διετέλουν.
776 1947 857 1982 Ἀνὴρ
870 1947 898 1973 δέ
912 1955 953 1978 τις
965 1947 1016 1972 τῶν

232 1992 391 2024 ὲκΤυάνων,
399 1991 518 2027 τοῦνομα
525 1991 710 2023 Ἀπολλώνιος,
720 1992 752 2018 ὲκ
759 1991 832 2017 λίθου
841 1991 933 2024 ξεστοῦ
944 1993 1016 2026 τρεῖς

233 2039 399 2073 ἀνεστήσατο
412 2038 564 2074 πελαργοὺς
574 2037 788 2073 ἁντιπροσώπως
798 2037 922 2072 ἀλλήλοις
932 2037 1017 2071 ὀρῶν-

233 2092 293 2115 ιτας,
311 2084 335 2110 οἱ
352 2084 398 2110 καὶ
414 2083 493 2119 μέχρι
510 2083 564 2110 τῶν
580 2082 627 2109 νῦν
647 2083 804 2118 διαμένουσι
829 2082 883 2109 τῶν
900 2083 1014 2117 χρόνων,

233 2129 264 2154 οὐ
280 2128 481 2163 συγχωροῦντες
505 2127 676 2162 ὲπιεροιτῆσαι
704 2128 736 2162 τῇ
760 2127 835 2153 πόλει
854 2127 884 2153 τὸ
899 2126 953 2153 τῶν
973 2134 1017 2152 ςτε-

1039 831 1060 858 Β

1075 209 1110 243 gii
1124 209 1218 236 Co'dini
1234 211 1323 239 libello
1335 211 1373 239 De
1387 213 1462 240 rebus
1474 215 1568 248 patriis
1577 214 1853 248 Constantinopoleos.

1074 261 1135 281 cum
1151 256 1187 281 ita
1199 256 1357 291 scripserit:
1377 258 1437 285 Non
1452 259 1525 294 longe
1539 265 1608 293 post,
1623 268 1682 286 cum
1700 268 1763 286 aves
1778 261 1854 287 inimi-

1074 308 1132 326 cum
1145 302 1263 328 animant
1275 302 1432 336 induissent,
1444 310 1552 331 mortem
1568 306 1674 339 insuper
1681 305 1824 339 inferrent,
1837 312 1857 332 el

1074 350 1204 379 serpentes
1221 346 1248 372 in
1265 355 1334 381 aqua
1356 354 1445 382 captos
1461 350 1488 376 in
1502 350 1571 376 uiam
1592 350 1729 384 publicam
1744 351 1857 385 projice-

1073 394 1140 420 rent,
1159 390 1226 416 cives
1237 395 1343 425 stupore
1358 393 1471 425 perculsi
1485 398 1570 420 erant.

1108 435 1188 468 lbid.,
1205 435 1252 462 lin.
1263 437 1306 463 54.
1330 439 1364 464 At
1385 437 1419 464 δὲ
1436 438 1553 473 γέρανοι
1567 439 1641 473 ὁμοῦ
1657 438 1766 466 πᾶσαι.
1790 439 1860 468 Basi-

1073 481 1136 515 lius,
1160 482 1233 509 hom.
1252 483 1283 510 8:
1301 484 1362 515 Πῶς
1381 485 1430 519 μὲν
1447 486 1474 511 αἱ
1491 485 1601 521 γέρανοι
1615 487 1666 518 τὰς
1681 488 1712 513 ἐν
1731 489 1768 523 τῇ
1785 490 1859 515 νυκτὶ

1073 528 1195 562 φυλακὰς
1220 530 1252 555 ἐκ
1278 531 1444 566 περιτροπῆς
1465 532 1653 566 ὑποδέχονται;
1681 533 1729 559 καὶ
1757 534 1787 560 αἱ
1813 534 1858 568 μὲν

1072 573 1257 606 καθεύδουσιν,
1267 576 1295 601 αἰ
1308 575 1335 602 δὲ
1347 576 1438 611 κΰκλῳ
1449 577 1602 612 περιῐοῦσαι
1617 579 1708 604 πᾶσαν
1720 579 1819 610 αὑταῖς
1832 581 1858 606 ἐν

1071 618 1110 654 τῷ
1124 618 1201 655 ὕπνῳ
1213 621 1376 656 παρέχονται
1389 622 1438 657 τὴν
1448 623 1607 656 ἀσφάλειαν.
1621 622 1688 650 Εἶτα
1698 625 1746 651 τοῦ
1762 626 1857 661 καιροῦ

1071 665 1121 700 τῆς
1144 666 1266 701 φυλακῆς
1293 667 1494 703 πληρουμένου,
1520 669 1536 704 ή
1570 669 1620 704 μὲν
1638 669 1766 704 βοήσασα
1794 672 1858 705 πρὸς

1072 709 1155 737 ὕπνον
1169 712 1314 747 ἐτράπετο,
1330 714 1346 748 ή
1361 713 1449 748 δὲτὴν
1464 714 1588 750 διαδοχὴν
1606 715 1809 751 ὑποδεξαμένη,
1827 715 1858 752 ἧς

1072 754 1166 790 ἔτυχεν
1178 757 1326 791 ἀσφαλείας
1334 758 1481 785 ἀντέδωκεν
1493 759 1522 785 ἐν
1539 759 1577 793 τῷ
1592 759 1680 794 μέρει.
1695 760 1809 795 Ταύτην
1817 761 1859 787 καὶ

1075 801 1103 826 ἐν
1115 803 1148 844 τῇ
1158 803 1256 838 πτήσει
1264 803 1313 838 τὴν
1324 803 1448 836 εὐταξίαν
1463 803 1584 839 κατόψει.
1601 804 1712 831 Ἀλλατε
1729 806 1787 840 γὰρ
1795 806 1856 840 ἄλλη

1075 847 1123 881 τὴν
1138 847 1248 883 ὁδηγίαν
1261 849 1411 883 ἐκδέχεται,
1429 850 1475 876 καὶ
1491 851 1590 878 τακτόν
1602 860 1662 878 τινα
1678 852 1779 886 χρόνον
1793 860 1857 886 προ-

1075 890 1286 927 καθηγησαμένη
1299 893 1349 927 τῆς
1365 894 1500 929 πτήσεως,
1517 895 1557 926 εἰς
1572 895 1601 922 τὺ
1618 897 1736 923 κατόπιν
1752 897 1859 932 περιελ-

1076 936 1159 963 θοῦσα
1177 939 1208 972 τῇ
1222 937 1281 972 μεθ’
1292 938 1377 974 αὐτὴν
1394 940 1441 974 τὴν
1455 940 1662 976 ἡγεμονίαν-τῆς
1675 942 1738 968 ὁδοῦ
1751 942 1859 977 παραδί-

1073 981 1166 1008 δωσιν.
1184 981 1288 1009 Similia
1306 984 1401 1010 seribit
1418 985 1588 1018 Aristoteles,
1613 986 1661 1013 lib.
1686 995 1714 1014 ix
1731 986 1773 1014 De
1798 987 1856 1015 hist.

1074 1027 1169 1059 anim.,
1185 1035 1245 1062 cap.
1260 1029 1308 1070 lt};
1322 1028 1439 1062 Plinius,
1453 1030 1502 1058 lib.
1518 1039 1545 1063 Χ,
1562 1039 1621 1066 cap.
1636 1032 1691 1066 εἴη
1715 1032 1807 1064 Phile.
1830 1034 1854 1060 in

1074 1073 1191 1106 lambis;
1205 1074 1339 1108 Elianus,
1356 1076 1404 1103 lib.
1423 1084 1442 1103 ιι
1458 1077 1496 1104 De
1507 1077 1569 1104 hist.
1585 1078 1681 1110 anim.,
1697 1087 1762 1113 cap.
1782 1080 1808 1106 Ι.

1108 1119 1168 1146 Col.
1185 1120 1246 1153 735,
1265 1121 1313 1148 lin.
1332 1121 1357 1149 1.
1389 1123 1441 1148 Ἐν
1454 1122 1489 1149 δὲ
1503 1122 1543 1156 τῷ
1557 1123 1726 1151 καθεύδειν.
1739 1124 1856 1157 Plinius,

1072 1165 1120 1192 lib.
1135 1173 1164 1198 ιι,
1179 1173 1238 1201 cap.
1263 1166 1315 1200 25;
1342 1167 1516 1200 Plutarchus,
1542 1168 1580 1196 De
1607 1169 1699 1196 solert.
1732 1171 1857 1202 animal.;

1073 1210 1174 1242 llorus,
1188 1211 1236 1239 lib.
1252 1220 1282 1245 ιι,
1298 1219 1358 1247 cap.
1374 1213 1426 1246 94;
1451 1213 1624 1246 Aristoteles.
1641 1215 1689 1242 lib.
1707 1224 1748 1247 is,
1763 1216 1804 1243 De
1820 1217 1856 1243 hi-

1072 1262 1138 1284 star.
1167 1258 1290 1289 animal.,
1321 1266 1381 1293 cap.
1413 1259 1464 1292 l0;
1487 1259 1635 1292 Gregorius
1653 1261 1856 1295 Nazianzenus.

1071 1307 1141 1330 orat.
1158 1304 1185 1336 2,
1202 1304 1235 1332 de
1263 1304 1428 1339 Theologia;
1446 1305 1585 1339 Elianns,
1605 1308 1650 1335 lib.
1671 1315 1716 1340 ιιι,
1739 1310 1782 1337 De
1797 1310 1854 1336 bist.

1072 1351 1166 1383 anim.,
1183 1358 1244 1386 cap.
1261 1351 1310 1382 l3;
1326 1351 1460 1380 Maximus
1472 1353 1582 1388 Tyrius,
1595 1359 1666 1382 orat.
1679 1356 1734 1388 40;
1750 1356 1854 1388 Cicero.

1071 1403 1091 1421 ιι
1108 1395 1145 1422 De
1159 1400 1256 1422 natura
1281 1395 1412 1429 deorum;
1436 1397 1558 1430 Solinus,
1574 1399 1700 1428 Andreas
1723 1401 1854 1433 Alciatus.

1071 1441 1117 1468 lib.
1137 1441 1314 1476 tl’arergon.,
1331 1450 1392 1477 cap.
1406 1443 1452 1474 9-0,
1469 1445 1515 1478 qui
1533 1450 1590 1471 tum
1604 1445 1637 1472 de
1657 1454 1759 1481 gruum
1779 1455 1855 1474 ercu-

1071 1489 1133 1519 biis,
1160 1492 1217 1516 tum
1243 1489 1334 1516 volatu
1351 1493 1481 1517 tractant.
1498 1491 1530 1518 Et
1543 1491 1741 1524 Cassiodorus,
1753 1493 1802 1520 lib.
1820 1502 1854 1524 ix,

1069 1533 1148 1568 epist.
1166 1533 1183 1560 ‘2
1199 1543 1205 1560 :
1225 1533 1306 1561 Grues
1319 1536 1445 1562 moralem
1462 1541 1586 1563 not-erunt
1606 1545 1729 1565 exercere
1750 1547 1853 1565 concor-

1069 1581 1141 1606 diam
1157 1588 1166 1606 :
1181 1580 1248 1606 inter
1266 1589 1331 1615 quas
1358 1582 1448 1609 nullus
1478 1583 1608 1616 primatus
1633 1586 1782 1619 queritur;
1797 1586 1853 1620 quia

1069 1624 1217 1659 iniquitatis
1233 1625 1411 1653 ambitusnon
1435 1627 1556 1654 habetur.
1587 1627 1707 1662 Vigilant
1730 1629 1852 1662 vicissim,

1069 1671 1200 1697 communi
1217 1679 1243 1698 se
1257 1672 1361 1699 cautela
1377 1672 1539 1705 custodiunt,
1557 1674 1611 1707 ipse
1621 1679 1717 1708 pastus
1739 1676 1852 1702 alternus

1068 1720 1116 1743 est.
1134 1716 1178 1743 Sic
1192 1716 1275 1742 honor
1287 1717 1367 1744 nullis
1381 1717 1518 1749 adimitur,
1535 1718 1597 1744 dum
1618 1719 1710 1745 omnia
1727 1721 1776 1746 sub
1793 1729 1855 1747 tom-

1069 1762 1190 1788 munione
1205 1767 1350 1790 servantur.
1364 1763 1412 1790 llis
1424 1764 1504 1790 etiam
1518 1763 1621 1790 volatus
1632 1765 1735 1791 vicaria
1750 1767 1853 1800 aquosi-

1070 1811 1122 1834 tatc
1136 1807 1295 1840 dispertitur,
1319 1809 1414 1834 ultima
1429 1809 1460 1842 ﬁt
1478 1809 1575 1843 prima,
1597 1814 1622 1836 et
1637 1818 1697 1844 quia
1713 1811 1852 1843 primatum

1069 1853 1151 1879 tenuit
1163 1861 1218 1880 esse
1231 1855 1359 1888 posterior
1373 1862 1424 1880 non
1440 1859 1553 1882 recusat.
1577 1854 1621 1882 Sic
1634 1856 1756 1890 quadam
1788 1865 1853 1884 cont-

1068 1899 1190 1925 munione
1212 1899 1320 1925 sociant
1331 1899 1381 1925 sibi
1400 1899 1456 1925 sine
1473 1899 1576 1934 regibus
1592 1899 1787 1935 obsequuntur,
1803 1902 1853 1928 sine

1068 1943 1205 1970 dominatu
1218 1949 1320 1978 parent,
1333 1945 1390 1970 sine
1403 1949 1502 1971 terrore
1526 1945 1704 1977 famulantur.
1728 1946 1853 1973 Volunta-

1067 1989 1115 2015 τίω
1139 1988 1273 2015 serviendo
1302 1989 1390 2015 liberte
1411 1994 1483 2021 sunt,
1502 1994 1526 2016 ct
1541 1991 1651 2017 invicem
1668 1999 1696 2018 se
1722 1992 1853 2027 diligendo

1067 2035 1231 2061 muniuntur.
1242 2034 1360 2065 Quarum
1372 2043 1460 2062 rerum
1473 2036 1624 2069 scriptores,
1644 2045 1736 2063 rerum
1749 2044 1853 2064 natura-

1069 2079 1131 2105 lium
1146 2083 1307 2112 contuentes,
1333 2080 1453 2114 politiam
1470 2081 1663 2116 quodammodo
1689 2083 1761 2109 inter
1789 2084 1852 2117 ipsa:

1067 2132 1122 2151 esse
1138 2131 1352 2158 commemorant,
1362 2135 1427 2160 quas
1436 2128 1516 2154 ciuica
1529 2127 1625 2162 aﬂ'ectu
1637 2128 1721 2155 uiuere
1732 2138 1852 2164 cognora-

234 2172 343 2209 λαργῶν
369 2173 456 2207 γένος.
478 2172 543 2205 Quae
559 2180 700 2207 perperam
715 2172 794 2198 aliter
809 2170 905 2198 Latine
929 2171 1015 2197 inter-
1032 2178 1055 2207 ε)
1069 2173 1139 2196 runt.
1167 2169 1244 2202 Quod
1271 2174 1360 2198 autem
1389 2172 1466 2198 multi
1490 2175 1601 2198 narrant
1625 2172 1659 2200 de
1677 2173 1781 2207 lapide,
1804 2182 1851 2208 quo

235 2224 339 2254 prelata
356 2222 429 2250 sunt,
452 2225 514 2245 cum
531 2218 672 2245 sententiae
701 2217 822 2244 auctoris
846 2216 947 2244 Graeca:
962 2216 1014 2243 La-

235 2266 292 2292 tina
307 2271 361 2290 non
376 2263 568 2298 respondeant.
585 2262 645 2289 Non
661 2262 733 2290 enim
751 2262 865 2290 ciconia-
881 2270 915 2290 ex
934 2263 1014 2297 aquis

233 2309 413 2338 extrahebant
439 2311 590 2343 serpentes,
619 2315 688 2342 quos
717 2307 744 2334 in
763 2307 866 2342 plateas
893 2307 1015 2342 publicas

233 2356 413 2392 proiicerent;
432 2354 480 2382 sed
496 2354 609 2381 ciconia:
627 2353 749 2380 sublatos
779 2356 931 2387 serpentes,
953 2360 1016 2387 par-

234 2403 283 2430 tim
299 2402 325 2428 in
341 2405 449 2436 puteos,
466 2399 523 2427 sive
539 2399 675 2426 cisternas
694 2397 883 2427 demittebant.
898 2405 1013 2432 quorum

233 2455 338 2475 veneno
354 2454 431 2481 aqua:
446 2445 650 2475 inliciebantur.
668 2443 783 2477 ideoque
796 2443 902 2470 civibus
918 2443 1015 2471 biben-

234 2494 307 2520 tibus
318 2493 416 2523 noxim,
432 2491 474 2518 vel
488 2491 583 2519 saltem
595 2494 730 2524 suspecta:
743 2488 937 2521 reddebantur,
953 2497 1015 2524 par-

234 2541 282 2566 tim
300 2546 382 2573 super
391 2539 464 2573 ipsos
480 2537 553 2564 cives
566 2536 639 2562 aliud
653 2539 777 2570 agentes,
794 2535 835 2562 vel
853 2535 937 2563 rebus
953 2536 1014 2562 aliis

235 2585 262 2612 in
284 2584 373 2611 triviis
398 2587 425 2611 et
444 2583 542 2617 plateis
568 2581 683 2616 publicis
711 2580 899 2608 incumbentes
917 2586 1013 2615 praeter

235 2638 321 2665 spem,
339 2635 366 2657 et
377 2630 518 2663 absqueeo
531 2627 603 2662 quod
619 2627 670 2661 ipsi
687 2626 713 2653 id
725 2626 915 2659 odorarcntur,
928 2627 1015 2661 conji-

236 2675 352 2702 ciebant.
364 2673 454 2707 Quare
467 2674 540 2700 cives
556 2676 582 2699 et
606 2675 678 2698 metu
699 2672 822 2706 periculi,
849 2677 876 2698 et
904 2673 1014 2700 remedii

235 2720 333 2754 ignari,
343 2719 469 2746 maximis
478 2719 643 2753 urgebantur
655 2718 798 2751 angustiis.
811 2718 897 2744 Simili
911 2726 1012 2749 errore,

235 2770 262 2791 et
276 2765 333 2798 pari
353 2765 492 2792 sententia:
505 2764 674 2799 ignoratione
686 2764 712 2790 in
733 2763 866 2790 similibus
882 2764 971 2790 verbis
988 2768 1014 2790 et

238 2809 332 2837 eadem
350 2810 474 2843 materia,
490 2810 612 2845 quamvis
629 2809 657 2836 in
679 2813 788 2836 auctore
799 2809 906 2836 diverso
924 2810 1010 2836 inter-

1067 2222 1148 2248 grues
1169 2219 1299 2250 tanquam
1327 2215 1485 2243 fulcimento
1508 2220 1633 2248 utuntur,
1657 2216 1725 2243 dum
1753 2219 1848 2246 volant.

1067 2259 1165 2287 falsum
1193 2268 1254 2288 esse
1274 2261 1341 2288 dicit
1363 2261 1534 2294 Aristoteles,
1566 2262 1614 2288 lib.
1639 2270 1701 2292 Vill,
1730 2262 1771 2289 De
1793 2264 1847 2289 hist.

1067 2308 1160 2338 artim.,
1177 2315 1238 2342 cap.
1254 2307 1303 2334 1‘2:
1322 2306 1372 2334 Sed
1391 2308 1477 2333 avium
1489 2315 1576 2342 grues,
1597 2312 1626 2334 ut
1639 2308 1742 2334 dictum
1758 2314 1807 2338 est.
1822 2317 1849 2335 ex

1067 2354 1167 2380 ultimis
1180 2354 1205 2379 in
1217 2353 1313 2379 ultima
1327 2352 1433 2385 abeunt,
1453 2353 1540 2379 volant
1555 2354 1622 2387 ﬂatu
1634 2355 1764 2381 secundo.
1781 2354 1849 2388 Quod

1066 2399 1097 2425 de
1111 2398 1197 2433 lapide
1216 2402 1337 2429 narrant,
1361 2398 1458 2432 falsum
1475 2403 1524 2427 est,
1539 2397 1649 2431 [ltpident
1668 2400 1742 2425 enim
1758 2408 1802 2426 cas
1815 2405 1848 2426 tc-

1067 2453 1125 2472 rtere
1141 2444 1304 2479 fulcimento,
1323 2452 1397 2478 quem
1410 2443 1456 2470 ubi
1469 2443 1605 2476 deciderit,
1622 2445 1710 2478 accipi
1722 2445 1847 2472 utilemml

1067 2490 1313 2526 auriprobationem
1330 2490 1415 2516 aiunt.
1439 2489 1530 2524 Neque
1549 2490 1660 2518 silentio
1685 2495 1846 2525 prmlercnn-

1066 2537 1130 2563 dum
1162 2535 1234 2571 quod
1257 2535 1345 2562 Julius
1364 2535 1486 2570 Scaliger
1509 2535 1536 2561 in
1562 2535 1678 2562 l’oeticis
1697 2537 1726 2563 in
1745 2536 1846 2564 Graecos

1067 2582 1267 2609 animadvertit.
1289 2580 1417 2607 Fabulam
1430 2588 1490 2608 esse
1504 2582 1659 2616 graeculam,
1678 2590 1743 2615 qua:
1757 2582 1847 2609 llome-

1065 2635 1113 2654 rns
1128 2625 1257 2653 rciertde
1277 2632 1373 2660 gruum
1399 2633 1461 2652 cum
1488 2627 1618 2660 pygmaais
1646 2634 1752 2661 pugna.
1778 2626 1845 2659 Quod

1066 2681 1127 2699 cum
1154 2675 1227 2698 esset
1250 2671 1435 2702 Homericum,
1450 2672 1485 2698 ab
1507 2671 1623 2699 llomero
1643 2672 1764 2705 dictum,
1789 2674 1844 2700 nihil

1065 2718 1164 2744 mirum
1187 2717 1208 2743 si
1224 2725 1277 2744 non
1300 2717 1402 2744 arridet
1415 2717 1561 2752 Scaligero.
1581 2717 1648 2744 Illud
1664 2719 1769 2746 mirum
1785 2727 1844 2754 quo-

1065 2763 1146 2789 modo
1163 2763 1202 2789 illi
1222 2770 1275 2789 non
1288 2763 1420 2795 arriserit,
1441 2763 1510 2790 idem
1527 2763 1680 2791 afﬁrmante
1692 2765 1843 2792 Aristotele.

1066 2808 1115 2835 llic
1129 2815 1256 2843 namque,
1285 2808 1331 2835 lib.
1351 2817 1398 2835 vtu
1426 2809 1462 2836 De
1480 2809 1541 2836 hist.
1559 2810 1654 2837 anim.
1677 2818 1741 2840 can.
1764 2811 1795 2838 12
1809 2810 1843 2837 rel
