1897 3073
49 114 95 142 905

598 114 631 141 IN
650 113 835 141 EUSTATHII
855 113 1089 142 HEXAEMERON
1108 112 1221 142 NOTAE.

1604 116 1656 144 906

50 172 86 204 l5,
96 175 124 199 ut
135 170 192 198 vult
215 169 345 205 Scaliger,
368 171 405 198 itu
422 171 527 202 scribit,
551 171 627 197 Ἐστι
656 171 683 198 δὲ
705 172 717 197 ὁ
740 172 820 203 τόπος
837 182 854 202 Α
873 172 961 206 pluvia
981 174 1077 199 divino
1093 172 1208 207 quodam
1225 174 1335 201 numine
1355 180 1436 201 canes
1461 173 1604 202 latratibus
1620 175 1659 202 ci-

48 215 114 249 οὗτος
123 217 188 252 περὶ
200 217 231 243 ὂν
248 218 273 243 οξ
288 218 422 252 Πυγμαῖοι
441 216 622 243 κατοικοῦσιν.
634 218 670 243 υὺ
687 218 741 251 γάρ
764 218 821 244 ἐστι

48 265 115 291 τοῦτο
130 262 222 299 μῦθος,
237 263 295 290 ἁλλ’
309 263 366 290 ἔστι
379 264 450 290 κατὰ
459 264 508 298 τὴν
521 262 653 298 ’ἀλήθειαν
663 283 671 295 ,
685 263 762 297 γένος
777 273 822 298 μι-

47 310 103 346 κρὸν
119 309 166 345 μὲν
184 308 282 345 ὥσπερ
307 309 425 343 λέγεται,
447 309 493 336 καὶ
516 309 592 336 αὐτοὶ
618 310 664 336 καὶ
690 310 713 335 οἱ
730 310 818 341 ἵπποι,

48 354 215 391 τρωγλοδύται
229 355 253 381 δ’
265 356 320 382 εἰσὶ
330 355 375 381 τὸν
389 355 454 390 βίον.
471 355 593 388 Quorum
608 362 639 382 ea
653 360 695 382 est.
711 359 822 382 sentcn-

47 403 87 432 tia,
101 401 127 428 l's
139 401 273 433 locusest,
289 409 364 436 quem
379 402 491 436 pygmwi
505 400 627 428 habitant
639 409 646 427 :
660 409 740 436 neque
751 401 819 427 enim

45 449 86 476 hoc
111 447 200 483 fabula
216 452 268 480 est,
293 447 337 474 sed
354 453 392 474 est
417 447 559 474 secundum
573 448 719 479 veritatem,
741 455 820 482 genus

45 494 166 529 pusillum,
177 497 205 520 ut
220 493 338 520 traditur
350 497 375 520 et
389 493 450 527 ipsi,
465 498 489 520 et
504 494 572 528 equi,
585 498 610 519 et
624 498 653 519 ut
667 493 821 528 trogladytte

46 541 128 575 reliqui
146 539 229 566 vitam
245 539 353 574 degunt.
371 538 476 571 Quibus
504 538 596 566 verbis
617 538 683 573 quid
705 538 820 564 manife-

46 586 212 621 stius?ncgat
229 593 292 613 esse
307 584 436 617 fabulam,
452 584 597 612 conﬁrmat
612 584 762 611 secundum
776 591 821 610 ve-

46 633 141 660 ritatem
165 631 202 657 ita
221 637 252 658 se
280 630 390 662 habere,
419 629 492 665 quod
511 630 592 664 vulgo
618 629 819 661 circumfertur,

46 685 178 714 pygmaeos,
193 684 347 712 eorumque
361 684 447 711 equos
465 669 578 711 pusillos
588 682 659 703 esse.
677 675 820 708 Quomodo

45 732 100 760 ergo
111 723 218 751 fabula?
229 724 287 755 Ait,
302 722 495 757 philosophum
511 729 619 756 semper
639 721 819 754 moderatum,

44 776 67 798 et
79 769 237 805 prudentem
253 768 323 796 illud
345 768 483 796 addidisse
497 767 592 803 ὥσπερ
605 767 725 802 λέγεται.
740 766 821 795 Certe

44 822 86 843 nec
93 815 245 842 Aristotelis
257 817 375 842 mentem
385 821 435 841 nec
444 813 607 841 sententiam
616 816 759 841 assecutus
768 815 820 840 est.

872 224 918 242 res
937 216 992 250 jam
1024 224 1120 244 somno
1144 217 1246 252 sopitos
1275 218 1446 251 excitarunt;
1474 218 1573 253 quibus
1595 227 1659 246 cum

872 262 1021 296 lampades,
1039 271 1086 289 seu
1104 263 1190 290 nubes
1206 270 1326 290 accensae
1338 264 1485 298 periculum
1498 264 1554 299 jam
1569 265 1656 292 i'mmi-

873 315 940 334 nens
963 308 1147 335 oste-idiSseut
1170 309 1253 335 alacri
1267 309 1357 335 animo
1371 309 1477 336 hostem
1499 309 1533 337 ab
1551 309 1595 337 illa
1612 318 1658 337 ur-

871 353 914 381 bis
940 354 1082 381 obsidione
1103 355 1269 390 repulerunt.
1289 354 1432 382 llesichius
1453 355 1584 388 Milesius,
1607 357 1654 384 lib.

871 397 910 425 De
933 398 1010 425 rebus
1033 399 1126 433 patriis
1153 399 1450 434 Constantinopolitnnis
1471 409 1480 427 :
1504 400 1657 438 'Ep‘oimsp

870 444 1000 476 Φίλιππος
1026 447 1040 472 ὁ
1066 445 1119 472 τῶν
1143 446 1306 473 Μακεδόνων
1332 446 1468 481 βασιλεὺς,
1489 448 1503 473 ὁ
1526 447 1655 483 ’Λμύντου

872 491 934 522 παῖς
950 491 1079 525 γεγονὼς,
1095 491 1196 528 πολλὴν
1213 493 1383 528 ἐπαγόμενος
1397 494 1510 529 δύναμιν
1532 494 1655 530 ἐπολιόρ-

871 544 913 562 κει
928 537 977 572 τὴν
995 537 1080 568 πόλιν,
1098 537 1206 574 διώρυξι
1229 547 1257 565 τε
1278 539 1325 566 καὶ
1347 541 1482 572 παντοίοις
1502 540 1657 576 πολεμικοῖς

873 582 1052 618 μηχανήμασι
1073 585 1129 616 τοῖς
1147 584 1249 620 τείχεσι
1268 585 1471 620 προσπελάξων.
1496 587 1550 612 Καὶ
1575 587 1607 622 δὴ
1625 587 1657 614 ἂν

870 627 972 663 ταύτην
999 628 1082 661 ἐξεῖλε
1106 630 1200 662 νυκτὸς
1224 630 1417 666 ἐπιλαϐόμενος
1440 632 1588 667 ἀσελήνου,
1611 633 1658 659 καὶ

872 673 974 710 ὄμϐρου
999 676 1220 711 καταρραγέντος
1245 677 1375 709 ἐξαισίου,
1401 679 1424 704 εἰ
1449 679 1485 714 μή
1509 687 1550 710 τις
1568 679 1658 710 αὐτοῖς

872 720 919 747 τοῦ
938 721 1010 748 θείου
1026 722 1119 756 γεγόνε
1136 722 1278 758 συμμαχία
1291 723 1353 755 τοὺς
1374 723 1443 750 κατὰ
1457 725 1506 761 τὴν
1519 725 1594 751 πόλιν
1608 724 1654 751 κύ-

871 776 919 800 νας
933 768 1001 804 προς
1017 768 1118 805 ὑλακὴν
1137 769 1335 805 ἀναπήσαντος
1345 790 1352 802 ,
1374 771 1420 796 καὶ
1436 771 1549 805 νεφέλας
1574 771 1658 806 πυρὸς

871 816 928 847 τοῖς
955 815 1089 851 ἀρκτῴοις
1116 816 1300 850 ἐπαγαγόντος
1318 816 1444 852 μέρεσιν·
1469 817 1498 850 ἐξ
1519 816 1604 853 οὗπερ
1631 819 1655 844 οἱ

44 860 154 896 Namque
166 861 234 888 illud
247 860 343 896 ὥσπερ
354 859 474 894 λέγεται,
489 863 518 886 et
532 866 585 886 una
597 866 703 886 mecum
717 858 819 886 Aristo-

873 860 951 896 δῆμοι
965 861 1157 898 διεγερθέντες,
1172 863 1217 888 καὶ
1238 862 1346 898 θερμῶς
1362 864 1418 894 τοῖς
1439 862 1576 898 πολεμίοις
1597 872 1658 890 ουν-

44 907 96 934 telis
105 907 194 939 verba,
210 906 306 939 lector,
319 905 472 937 considera,
491 912 545 932 non
560 904 678 932 refertur
693 904 726 931 ad
745 904 822 931 labu-

44 953 98 985 lam,
121 953 199 987 quasi
221 952 289 980 velit
316 952 477 980 Aristoteles
510 958 694 987 pygmaeorum
719 949 821 977 famam

45 1007 90 1025 non
103 1006 161 1027 esse
177 999 298 1026 fabulam
313 998 408 1034 ὥσπερ
431 997 550 1032 λέγεται,
571 996 620 1024 sed
631 996 665 1023 ad
685 1004 821 1032 pygmaaos

45 1046 119 1080 ipsos,
130 1046 176 1081 qui
193 1050 223 1073 ut
232 1046 373 1078 dicuntur,
388 1045 488 1080 pusillo
499 1049 563 1072 sunt
577 1052 686 1079 genere,
699 1051 762 1072 cum
772 1051 820 1072 eos

45 1091 194 1120 Aristoteles
207 1100 265 1119 non
279 1091 386 1119 viderit.
411 1091 465 1119 Sed
489 1091 550 1119 vide
570 1092 716 1126 pessimam
734 1090 821 1118 homi-

46 1137 82 1174 nis
96 1138 247 1171 audaciam,
264 1142 346 1173 atque
356 1138 549 1170 temeritatem,
567 1138 594 1164 in
615 1145 665 1165 sua
688 1138 821 1172 interpre-

45 1183 136 1210 tatione
150 1183 246 1211 Latina
258 1184 350 1211 omisit
364 1190 424 1219 qum
437 1186 533 1210 contra
550 1191 579 1211 se
593 1183 713 1210 militare
724 1182 819 1210 existi-

45 1229 134 1260 mabat,
150 1233 178 1257 ct
188 1230 318 1263 reddidit,
339 1229 381 1256 Ea
398 1229 456 1257 loca
472 1234 534 1256 sunt
547 1236 606 1264 qute
618 1229 729 1264 pygmazi
749 1229 820 1255 inco-

45 1274 94 1300 lunt
108 1281 117 1300 :
131 1275 260 1309 pusillum
290 1284 383 1311 genus,
407 1280 436 1302 ut
455 1276 530 1303 aiunt
546 1275 609 1310 ipsi,
635 1279 714 1310 atque
739 1275 819 1301 etiam

45 1321 113 1355 equi:
127 1330 304 1357 cavernasque
331 1323 461 1350 habitant.
491 1321 591 1350 Hancne
609 1325 661 1354 est,
687 1320 819 1356 Scaliger,

45 1374 109 1399 vera,
124 1367 185 1401 lida,
198 1373 226 1396 et
240 1376 324 1404 quant
342 1368 369 1396 in
385 1369 446 1396 aliis
459 1375 515 1396 non
529 1367 754 1404 reprehenderes,
777 1368 820 1394 in-

45 1415 207 1448 terpretatio?
226 1415 362 1443 Omittere
387 1423 448 1450 qua
460 1418 556 1442 contra
573 1419 647 1442 tuam
665 1415 819 1450 opinionem

46 1457 154 1486 iaciunt?
166 1459 250 1488 verba
264 1460 310 1487 illa
323 1460 353 1486 οὐ
364 1461 420 1495 γάρ
434 1461 491 1487 ἐστι
500 1461 579 1488 τοῦτο
594 1460 687 1496 μῦθος,
696 1460 753 1487 ἀλλ’
762 1459 819 1486 ἐστι

46 1504 107 1531 κατὰ
128 1505 176 1541 τὴν
199 1505 340 1542 ἀλήθειαν,
363 1506 448 1534 Sorex
469 1507 615 1543 quispiam,
645 1510 674 1534 ut
689 1510 764 1542 puto,
786 1513 818 1534 ex

45 1553 86 1578 tuo
95 1552 240 1588 exemplari
256 1553 351 1585 erosit,
366 1553 409 1580 cui
420 1561 455 1581 ne
471 1553 593 1589 ingratus
605 1553 677 1581 vices
688 1552 818 1588 repende-

46 1604 93 1630 res,
110 1598 165 1626 haec
181 1604 229 1627 tua
246 1599 337 1635 qualia
360 1600 451 1635 qualia
479 1603 544 1628 sunt
568 1600 660 1635 potius
680 1599 818 1627 erodenda

45 1645 202 1673 committere
215 1645 345 1674 debuisti.
362 1645 416 1674 Sed
429 1654 460 1673 ea
472 1650 582 1673 manent
593 1646 686 1681 pejora
701 1645 767 1672 fata.
780 1645 819 1673 lte

47 1696 110 1717 nunc
118 1691 215 1726 quibus
229 1695 325 1719 tantus
338 1692 418 1720 homo
431 1692 498 1720 deus
510 1696 562 1725 est,
572 1695 599 1720 et
613 1692 672 1726 ejus
685 1692 818 1726 interpre-

46 1736 193 1770 tationibus,
208 1745 242 1765 ac
256 1738 400 1766 sententiis
415 1742 534 1766 mentem
548 1737 651 1766 inﬂate.
666 1737 718 1765 Sed
732 1738 766 1765 de
778 1737 819 1765 his

46 1780 118 1810 latius
134 1790 247 1819 agemus
258 1784 286 1811 in
302 1790 396 1812 nostro
407 1783 526 1812 Homero
537 1791 553 1811 a
568 1783 713 1811 calumniis
729 1783 819 1810 vindi-

47 1830 109 1854 cato.

76 1873 151 1908 lbid.,
175 1875 224 1903 lin.
252 1875 279 1903 6.
311 1876 345 1903 Τὸ
371 1875 405 1902 δὲ
431 1875 532 1911 γηνῶν
558 1875 655 1911 γένος.
688 1874 816 1908 Basilius,

47 1918 110 1947 hom.
123 1920 147 1953 8,
165 1922 225 1954 Πῶς
250 1922 387 1958 ἄγρυπνον
411 1921 441 1948 τὸ
464 1921 519 1948 τῶν
540 1922 630 1957 γηνῶν
659 1921 748 1955 γένος,
771 1922 820 1948 καὶ

47 1963 105 2000 πρὸς
114 1966 161 2002 τὴν
171 1967 224 1994 τῶν
237 1967 423 1994 λανθανόντων
436 1966 562 2002 αἴσθησιν
581 1966 721 1999 ὀξύτατον.
740 1966 774 1992 Οἵ
787 1966 820 1999 γέ

47 2018 103 2037 ποτε
117 2012 162 2039 καὶ
184 2012 233 2048 τὴν
258 2012 380 2047 βασιλίδα
400 2011 475 2038 πόλιν
499 2010 712 2047 περιεσώσαντο.
745 2011 821 2036 πολε-

48 2055 116 2090 μίους
129 2059 201 2091 τινὰς
212 2060 335 2094 ἀφανεῖς,
351 2059 373 2085 δ’
386 2059 528 2094 ὑπονόμων
550 2057 662 2092 ἀφανῶν
686 2057 735 2092 ήδη
757 2056 820 2092 μέλ-

45 2101 129 2135 λοντας
147 2105 196 2141 τὴν
209 2106 299 2141 ἄκραν
314 2105 364 2141 τῆς
381 2104 476 2141 ῥώμης
490 2103 710 2139 καταλαμϐάνειν
735 2111 819 2130 κατα-

49 2149 212 2185 μηνύσαντες.
223 2152 256 2180 Et
268 2151 382 2184 Plinius,
396 2151 444 2178 lib.
460 2159 488 2184 ς,
505 2158 565 2186 cap.
583 2150 628 2183 22,
646 2149 695 2176 Est
705 2153 729 2176 et
742 2158 820 2176 anse-

48 2194 68 2220 ri
78 2195 134 2230 vigil
148 2205 228 2230 cura;
240 2201 267 2225 et
281 2197 413 2230 Isidorus,
432 2197 481 2223 lib.
494 2204 543 2229 xu,
560 2204 620 2231 cap.
634 2196 660 2229 ’1,
676 2194 733 2222 Iste
748 2195 815 2230 vigi-

46 2238 91 2267 lias
102 2243 181 2270 noctis
196 2243 354 2271 assiduitate
366 2243 499 2278 clangoris
513 2247 638 2270 testatur.

75 2285 148 2318 lbid.,
171 2289 218 2316 lin.
249 2289 276 2316 8.
301 2289 382 2316 Οὕτω
404 2289 478 2323 γοῦν
500 2289 660 2324 πολεμίων.
686 2287 818 2321 Isidorus,

47 2331 99 2361 loco
113 2334 183 2362 dicto
198 2346 204 2364 :
223 2335 335 2363 Nullum
349 2340 436 2363 autent
450 2336 552 2364 animal
566 2337 604 2362 ita
617 2335 723 2362 odorem
736 2335 820 2362 Itami-

47 2380 81 2406 πει
92 2383 164 2412 stitit
180 2388 208 2409 ut
228 2391 304 2410 anser
316 2391 326 2410 :
345 2382 415 2410 unde
428 2386 452 2409 et
471 2382 593 2417 clangore
609 2382 665 2416 ejus
681 2380 819 2408 Gallorum

47 2434 156 2456 ascensus
173 2430 198 2456 in
211 2429 341 2465 Capitolio
356 2429 528 2463 deprehensus
541 2432 590 2455 est.
606 2427 726 2455 Meminit
738 2427 820 2462 hujus

47 2471 154 2501 historia:
169 2474 284 2508 Plinius,
300 2475 346 2501 lib.
364 2482 391 2507 x,
406 2481 466 2509 cap.
490 2473 536 2504 2‘2,
552 2476 579 2500 et
602 2472 650 2500 lib.
667 2481 743 2504 xxix,
759 2481 818 2507 cap.

46 2517 68 2548 5.
83 2527 182 2548 necnon
197 2522 278 2549 etiam
300 2520 422 2552 honeris,
436 2527 518 2554 quem
533 2526 667 2550 meruere,
682 2519 818 2554 quomodo

47 2567 126 2592 autem
140 2566 165 2593 id
182 2566 311 2594 acciderit
328 2569 419 2593 narrat
439 2564 576 2597 Elianus,
593 2563 629 2590 De
649 2563 741 2590 histor.
760 2564 820 2590 ani-

47 2609 102 2636 mal.
128 2610 173 2638 lib.
198 2620 246 2642 xu,
271 2612 353 2647 capit.
377 2611 421 2638 ‘55.
446 2609 564 2637 Consule
585 2609 690 2636 Livium
706 2613 733 2636 et
752 2609 819 2636 alios

48 2653 163 2686 Romana
186 2659 307 2687 historiae
329 2659 486 2693 scriptores.
505 2656 560 2684 Nec
575 2656 700 2683 dissimili
716 2656 821 2682 ratione

47 2707 119 2730 canes
128 2711 270 2732 servarunt
282 2705 419 2740 iuniorem
430 2702 556 2733 Romam,
570 2705 635 2728 tunc
649 2700 818 2736 Byzantium.

49 2745 107 2774 Dum
121 2750 189 2777 enim
210 2751 361 2786 Philippus,
378 2749 464 2784 copiis
489 2747 613 2775 adductis
636 2746 752 2781 aliisque
775 2745 821 2772 in-

48 2797 192 2824 Strumentis
207 2796 321 2829 bellicis,
338 2795 474 2824 moenibus
497 2794 652 2821 immlneret
672 2796 700 2819 et
714 2796 820 2819 tantum

48 2843 95 2866 non
107 2847 227 2876 cepisset,
254 2842 281 2869 in
303 2845 380 2869 tanto
400 2840 531 2876 periculo,
558 2843 639 2867 nocte
668 2837 764 2868 illumi,
790 2845 818 2864 ο·

171 2890 305 2922 ΡΑτιιοι.
321 2889 379 2920 Gn.
394 2888 507 2919 XVIII.

872 905 1038 942 ενεχθέντες,
1057 907 1106 943 ἤδη
1123 907 1172 943 τὴν
1191 907 1265 934 πόλιν
1281 908 1333 934 ὑπὸ
1348 907 1387 944 τῷ
1401 908 1525 944 Φιλίππῳ
1543 910 1656 945 γενομέ-

875 960 923 986 νην
937 951 1076 988 ἐρύσαντο.

906 997 985 1029 lbid.,
1002 998 1048 1024 lin.
1065 998 1090 1025 9.
1109 999 1148 1024 Δι’
1170 999 1329 1033 ὑπονόμων
1350 999 1536 1027 ὑποδύντων.
1554 999 1657 1034 Livius,

872 1043 919 1071 lib.
939 1052 963 1077 ν,
993 1044 1088 1071 scribit
1116 1044 1208 1072 Gallos
1235 1045 1417 1072 animadverso
1445 1045 1479 1072 ad
1508 1046 1657 1074 Carmentis

871 1097 965 1117 saxum
987 1099 1096 1117 ascensu
1120 1098 1205 1125 aequo,
1235 1096 1307 1118 nocte
1337 1091 1464 1118 sublustri
1488 1100 1546 1118 cum
1571 1093 1657 1127 primo

870 1135 1005 1168 inermem,
1019 1137 1064 1172 qui
1079 1141 1188 1164 tentaret
1207 1137 1275 1163 viam
1289 1137 1478 1172 prtentisissent
1491 1157 1498 1169 ,
1525 1138 1657 1166 tradentes

871 1180 930 1208 inde
946 1190 1033 1214 arma,
1049 1181 1094 1209 ubi
1108 1182 1170 1217 quid
1189 1183 1271 1218 iniqui
1283 1187 1359 1214 esset,
1375 1182 1471 1209 alterni
1484 1183 1580 1216 innixi,
1596 1183 1657 1211 sub-

870 1227 1034 1263 levantesque
1049 1228 1167 1260 invicem,
1183 1233 1208 1255 et
1225 1228 1355 1255 trahentes
1377 1228 1424 1255 alii
1438 1229 1504 1256 alios
1519 1234 1596 1264 prout
1610 1237 1657 1264 ρο-

871 1272 981 1300 stuluret
999 1273 1081 1305 locus,
1098 1274 1125 1300 in
1141 1282 1275 1300 summum
1297 1275 1420 1302 evasisse.
1442 1274 1476 1301 Et
1493 1274 1657 1302 Plutarchus

871 1317 984 1346 Camillo
997 1327 1006 1346 .'
1021 1320 1088 1356 Περὶ
1104 1319 1188 1355 μέσας
1207 1319 1306 1352 νύκτας
1329 1319 1472 1352 ἐπιϐάντες
1486 1315 1544 1356 ἆμα
1565 1320 1657 1348 πολλοὶ⁵

869 1365 919 1400 τῆς
937 1364 1038 1400 πέτρας
1051 1363 1170 1400 ἐχώρουν
1185 1365 1240 1392 ἄνω
1257 1365 1326 1399 μετὰ
1343 1365 1466 1400 σιωπῆς;
1483 1364 1596 1393 Servius
1614 1369 1656 1392 ta-

871 1417 943 1443 men,
958 1419 1006 1438 vut
1021 1410 1150 1438 zEneidos
1173 1412 1201 1438 in
1222 1411 1309 1438 illud:
1609 1407 1611 1410 ⁴

907 1467 977 1494 Galli
991 1475 1035 1502 per
1051 1467 1144 1495 dumos
1160 1468 1281 1500 aderant,
1298 1476 1434 1503 arcemque
1451 1468 1622 1503 triumphant,

832 1533 853 1562 ο
871 1525 929 1552 hzec
943 1525 1054 1552 adnotat
1071 1534 1077 1551 :
1095 1524 1197 1556 Gallos,
1213 1525 1260 1551 alii
1277 1532 1323 1559 per
1337 1524 1443 1551 dumeta
1459 1531 1484 1552 et
1499 1533 1567 1552 saxa
1582 1533 1657 1560 aspe-

869 1579 911 1602 ra,
927 1571 974 1598 alii
987 1579 1033 1605 per
1045 1569 1191 1601 cuniculos,
1208 1570 1296 1596 dicunt
1310 1574 1417 1596 conatos
1434 1577 1491 1596 esse
1507 1569 1655 1598 ascendere.

903 1617 984 1648 lbid.,
1000 1617 1048 1644 lin.
1064 1617 1106 1643 15.
1121 1614 1250 1643 Ὰςλκυών
1265 1615 1330 1642 ἐστι
1344 1614 1511 1642 θαλάττιον.
1527 1615 1654 1646 Basilius.

869 1663 942 1689 hom.
957 1662 974 1689 8
991 1672 998 1689 :
1021 1660 1138 1688 Ἀλκεών
1154 1662 1211 1687 ἐστι
1228 1660 1368 1688 θαλάττιον
1385 1660 1487 1696 ὄρνεον.
1503 1661 1576 1697 Αὕτη
1590 1662 1654 1696 παρ’

869 1708 966 1739 αὐτοὺς
981 1707 1116 1734 νοσσεύειν
1130 1707 1192 1738 τοὺς
1210 1706 1348 1740 αἰγιαλοὺς
1364 1706 1493 1740 πέφυκεν,
1513 1707 1556 1733 ἐπ’
1572 1707 1654 1742 αὐτῆς

869 1754 903 1780 τὰ
925 1754 966 1780 ὼὰ
986 1753 1036 1788 τῆς
1051 1753 1164 1788 ψάμμου
1181 1751 1352 1787 καταθεμένη
1364 1760 1370 1766 ·
1387 1752 1434 1778 καὶ
1448 1752 1568 1778 νοσσεύει
1585 1753 1655 1780 κατὰ

871 1799 952 1834 μέσον
977 1807 1027 1825 που
1047 1799 1093 1825 τὸν
1120 1797 1261 1833 χειμῶνα,
1285 1797 1329 1824 ὅτε
1359 1797 1464 1829 πολλοῖς
1487 1798 1533 1824 καὶ
1559 1797 1655 1832 βιαίοις

869 1845 979 1880 ἀνέμοις
993 1845 1010 1880 ἡ
1024 1844 1143 1871 Θάλαττα
1155 1845 1188 1880 τῇ
1200 1845 1235 1879 γῇ
1252 1843 1481 1879 προσαράσσεται.
1501 1843 1569 1870 Ἀλλ’
1582 1844 1655 1879 ὅμως

870 1891 1036 1926 κοιμίζονται
1054 1891 1103 1926 μὲν
1117 1890 1217 1922 πάντες
1239 1889 1354 1924 ἄνεμοι,
1378 1889 1507 1925 ἡσυχάζει
1530 1890 1558 1916 δὲ
1580 1890 1655 1926 κῦμα

869 1937 1020 1969 θαλάττιον,
1042 1937 1104 1963 ὅταν
1121 1935 1228 1963 ἀλκυὼν
1246 1936 1358 1972 ἐπωάζῃ
1379 1936 1427 1968 τὰς
1452 1935 1521 1962 ἑπτὰ
1539 1936 1653 1972 ἡμέρας.

875 1984 918 2010 Ἐν
932 1983 1076 2015 τοσαύταις
1093 1983 1146 2019 γὰρ
1162 1983 1256 2019 μόναις
1278 1983 1414 2015 ὲκλεπίζει
1439 1983 1502 2014 τοὺς
1523 1983 1654 2015 νεοττούς.

875 2030 950 2056 Ἐπεὶ
963 2029 991 2055 δὲ
1004 2030 1051 2056 καὶ
1064 2030 1167 2064 τροφῆς
1183 2029 1274 2060 αὺτοῖς
1288 2029 1377 2064 χρεία,
1394 2028 1476 2060 ἄλλας
1497 2027 1567 2055 ἑπτὰ
1588 2028 1656 2064 προς

868 2076 918 2111 τὴν
941 2074 996 2101 τῶν
1016 2075 1129 2101 νεοττῶν
1156 2074 1269 2109 αὕξησιν
1290 2075 1304 2101 ὁ
1329 2074 1513 2110 μεγαλόδωρος
1533 2074 1598 2105 Θεὸς
1617 2073 1656 2109 τῷ

871 2121 1025 2157 μικροτάτῳ
1041 2120 1101 2156 ζώῳ
1114 2120 1276 2156 παρέσχετο.
1296 2119 1344 2148 His
1359 2120 1448 2147 allinia
1463 2121 1543 2147 tradit
1559 2119 1655 2147 Petrus

871 2166 1029 2197 Damianus,
1054 2166 1100 2192 lib.
1131 2173 1159 2198 ιι,
1184 2166 1263 2199 epist.
1285 2165 1337 2198 18;
1363 2165 1502 2200 alcyonem
1525 2165 1655 2192 describit

834 2204 854 2231 θ
869 2211 984 2243 Plinius,
1006 2211 1053 2238 lib.
1076 2219 1102 2244 x,
1124 2218 1186 2246 cap.
1203 2210 1237 2238 32
1252 2221 1257 2238 :
1275 2210 1338 2245 Ipsa
1367 2211 1420 2238 auis
1442 2210 1520 2245 paulo
1543 2210 1657 2245 amplior

869 2267 984 2294 passere,
1007 2259 1094 2286 calore
1112 2267 1226 2294 cyanea.
1254 2267 1286 2285 ex
1311 2263 1385 2293 parte
1413 2258 1532 2291 majore,
1554 2262 1657 2285 tantum

869 2306 1006 2340 purpureis
1026 2310 1050 2331 et
1072 2305 1191 2331 candidis
1217 2304 1339 2330 admisti;
1361 2303 1462 2338 pennis,
1476 2302 1543 2330 collo
1561 2303 1657 2338 gracili

871 2359 900 2378 ac
922 2359 1038 2385 procero.
1061 2350 1127 2383 Quae
1153 2350 1244 2377 omnia
1272 2350 1366 2376 habuit
1390 2357 1422 2376 cx
1447 2348 1602 2382 Aristotele,
1619 2348 1657 2376 De

870 2397 964 2424 histor.
986 2397 1096 2423 animal.
1113 2396 1158 2423 lib.
1177 2405 1203 2427 v,
1220 2403 1279 2430 cap.
1299 2396 1326 2424 8.
1341 2399 1368 2422 et
1390 2395 1437 2422 lib.
1465 2402 1503 2426 ιχ,
1528 2402 1588 2430 cap.
1612 2395 1655 2422 l4.

872 2442 958 2478 llujus
976 2444 1043 2475 mis,
1068 2451 1128 2477 qua:
1153 2442 1292 2469 rarissima
1314 2441 1430 2472 videtur,
1449 2445 1479 2467 ut
1497 2441 1657 2468 Aristoteles

871 2494 898 2516 et
910 2488 1015 2516 Plinius
1033 2488 1162 2518 referunt,
1179 2487 1326 2514 meminere
1339 2486 1473 2514 Pacuvius
1489 2486 1517 2512 in
1536 2485 1656 2513 Teucro:

872 2544 1030 2572 Flexnnima
1049 2550 1173 2580 tanquam
1189 2543 1324 2580 lymphata
1337 2548 1361 2570 et
1377 2542 1474 2580 Bacchi
1490 2543 1574 2569 sacris

871 2580 1018 2611 Commota,
1038 2581 1064 2606 in
1084 2577 1207 2606 tumulis
1221 2579 1347 2605 Teucrum
1371 2577 1536 2605 commorans
1558 2585 1655 2607 meum.

871 2616 996 2650 Alcyonia
1011 2616 1063 2642 ritu
1078 2615 1151 2642 littus
1163 2614 1298 2648 peruolans
1313 2614 1393 2648 feror.

870 2672 982 2699 Plautus
998 2671 1025 2698 in
1043 2665 1171 2698 Pseudolo
1189 2680 1197 2698 .'

870 2729 942 2762 lam,
957 2729 1058 2756 hercle!
1070 2733 1097 2755 tu
1108 2729 1209 2763 peristi,
1225 2729 1277 2755 nisi
1291 2727 1366 2755 illam
1382 2727 1445 2755 mihi
1457 2732 1511 2769 tam
1525 2728 1654 2769 trqnquil-

872 2800 959 2834 Quam
977 2807 1050 2827 mars
1063 2803 1100 2826 est
1119 2798 1191 2830 olim,
1210 2806 1270 2826 cum
1289 2798 1325 2826 ibi
1345 2798 1436 2826 alcedo
1459 2763 1656 2870 ἑίιῗίεῗΐὲΐιῗεὸε

1549 2842 1620 2862 suos.

1549 2842 1620 2862 suos.

1480 2882 1520 2912 29
