1897 3073
229 107 281 134 90'!

230 165 330 192 llarum
356 165 409 192 duo
433 171 530 199 genera
550 163 670 194 tradunt,
691 170 776 198 eaque
801 163 931 200 distingui
951 172 1010 191 ma—
1025 167 1046 194 Α

229 211 368 246 gnitudine
385 214 412 237 et
425 214 506 236 cantu
521 219 526 236 :
545 213 572 236 et
593 210 713 236 minores
731 209 759 236 in
780 209 950 237 arundinetis
966 217 1012 236 ca-

229 265 302 284 nere.
318 255 404 283 Mares
418 255 499 290 ceryli
519 261 660 286 vocantur.
677 259 707 281 ιιι
722 254 913 281 animadvertit
934 255 1011 281 Anti-

227 309 314 336 geuus
330 302 473 331 Caristius,
488 301 534 328 lib.
554 300 590 327 De
605 300 720 327 mirabil.
739 305 842 328 narrat.
858 300 908 333 Qui
921 321 928 333 ,
948 308 1009 327 cum

227 347 303 375 senio
328 347 432 374 viribus
455 346 574 378 amissis,
591 346 681 373 volare
706 353 787 380 posse
808 346 946 378 desinunt,
963 354 1011 381 εει

227 397 336 420 stantur
356 392 407 420 alis
431 392 610 420 lemcllarum.
636 391 691 418 Hoc
715 398 797 419 senex
821 392 876 426 jam
896 396 923 419 et
941 399 1012 426 ager

226 439 351 471 Alcman,
367 445 417 465 nec
434 446 486 465 una
500 445 563 464 cum
580 437 677 472 puellis
690 437 789 465 choros
805 437 905 464 ducere
917 438 1010 465 valens

227 485 260 511 ad
277 484 428 519 cerylorum
452 484 657 511 similitudinem
681 483 756 518 cupit
773 483 872 518 gestari
892 491 907 510 a
930 485 1012 520 virgi-

227 530 318 558 nibus.

224 587 264 613 Οὔ
278 586 308 620 μ’
322 586 364 612 ἔτι
380 585 552 620 παρθενικαὶ
565 583 743 619 μελιγάρυες
754 584 907 620 ιερόφωνοι

226 619 301 648 Γυῖα
322 620 422 655 φέρειν
441 620 574 648 δύναται.
596 619 674 646 Βάλε
689 619 737 652 δὴ,
758 619 849 650 βάλε.
875 620 1012 680 [lignumq-

888 664 901 680 Ε
917 664 955 680 ην
966 664 973 670 ⁶

937 664 955 680 ν
966 664 973 670 .

227 691 306 717 Ὅστ¹
320 690 369 725 ἐπὶ
383 691 512 725 κύματος
527 690 617 722 ἄνθος
627 689 674 724 ἅμ’
689 655 1011 724 ἀλκυόνεσσὲῗιζζέῆται

226 725 339 760 Νηλεὲς
352 723 425 760 ἦτορ
434 725 512 759 ἔχων
521 723 725 759 ἀλιπόρθέυρος
737 726 835 759 εἴαρος
848 726 940 759 ὅρνις.

227 781 293 809 Illud
312 782 493 817 ἁλιπόρφυρος
515 781 548 808 ad
575 781 695 817 corylum
715 782 805 817 ipsum
833 785 948 817 spectat,
963 781 1010 816 qui

226 827 364 855 coloribus
381 835 483 862 cyaneo
498 835 688 862 purpureoque
702 828 890 863 distinguitur,
907 836 960 854 non
977 826 1009 854 ad

227 874 313 900 undas
338 874 457 900 marinas
491 878 519 900 ut
550 873 709 901 Guilielmus
738 873 883 909 :Xylander
909 878 1009 900 temere

228 920 318 947 vertit.

261 964 340 995 lbid.,
357 964 404 991 lin.
428 963 474 991 30.
499 963 553 990 Kal
575 963 654 997 παρὰ
678 963 747 996 τοὺς
771 963 825 997 τῆς
851 961 1009 996 θαλάττης.

225 1009 396 1040 Plutarchus.
413 1009 460 1035 lib.
478 1008 516 1035 De
529 1017 617 1035 amore
629 1012 766 1043 parentum
784 1009 812 1035 in
825 1009 907 1043 filios,
921 1008 1012 1043 alcyo-

225 1056 266 1082 uel
293 1055 348 1082 nidi
373 1061 538 1082 structuram
567 1055 662 1081 miram
688 1055 900 1090 elegantissimis
920 1055 1011 1082 verbis

224 1101 407 1137 prosequitur,
434 1100 507 1135 quod
537 1100 669 1135 prolixius
702 1101 871 1135 exsequitur,
898 1100 945 1128 lib.
973 1099 1011 1127 De

224 1146 355 1179 industria
374 1146 540 1173 animalium.
562 1145 628 1173 Vide
649 1145 760 1173 omnino
783 1145 934 1177 Etianum,
960 1145 1009 1172 lib.

225 1199 266 1224 ix,
294 1192 332 1218 De
354 1192 448 1219 hiitor.
471 1191 594 1222 animal.,
617 1199 676 1226 cap.
701 1190 744 1223 l7,
779 1191 826 1225 qui
858 1190 1010 1218 admirabili

225 1239 366 1265 verborum
383 1237 491 1272 eloquio
507 1238 569 1264 talis
586 1237 641 1263 nidi
655 1241 823 1264 structuram
837 1237 957 1271 exponit.

259 1283 339 1315 lbid.,
354 1284 401 1311 lin.
417 1283 556 1311 15.”οταν
568 1281 625 1310 οὖν
635 1282 805 1316 ἐπωάζηται.
819 1282 935 1317 Ideoque
950 1283 1008 1310 dics

224 1330 262 1356 illi
290 1329 446 1365 alcyonides
468 1334 610 1362 vocantur,
634 1329 666 1356 dc
695 1329 868 1363 tranquillam
891 1333 918 1356 et
939 1329 1009 1357 otio-

224 1382 282 1402 sam
300 1375 383 1401 vitam
397 1375 549 1410 agentibus.
565 1374 762 1409 Aristophanes
778 1375 804 1401 in
815 1375 922 1401 Avibus.

301 1419 493 1452 Ἀλκυονίδας
515 1420 539 1446 τ’
561 1420 640 1454 ἤγεθ’
660 1419 771 1454 ἡμέρας
786 1420 842 1446 ἀεί.

223 1466 342 1494 Consule
370 1465 482 1493 Luciani
510 1465 650 1500 Dialogum
675 1466 718 1492 cui
749 1467 845 1494 titulus
862 1466 1003 1494 Ἀλκυὼν.

225 1511 353 1548 Virgilius
368 1506 439 1539 inter
454 1513 627 1548 prognostica
651 1512 749 1539 futura:
773 1514 941 1546 tempestatis
953 1513 1004 1540 hoc
1020 1520 1039 1547 (ξ

223 1566 331 1593 quoque
346 1557 428 1586 refert
443 1567 450 1585 :

224 1614 285 1641 Non
308 1614 422 1649 tepidum
447 1614 479 1641 ad
498 1614 577 1641 solem
600 1622 698 1648 pennas
721 1615 748 1641 in
775 1615 864 1641 littore
884 1614 1002 1648 pandunt

223 1649 332 1677 Dilectae
348 1649 450 1676 Thetidi
468 1650 599 1684 alcyones.

223 1706 262 1732 Ad
277 1705 328 1733 hoc
347 1706 438 1734 allusit
453 1710 480 1733 et
494 1705 656 1733 Theocritus
673 1705 699 1732 in

222 1773 394 1806 Χάλκυόνες
409 1773 603 1807 στορεσεῦντι
627 1773 662 1799 τὰ
684 1773 809 1807 κύματα,
826 1772 932 1843 alliciam
951 1773 1002 1800 θά-

869 1827 878 1833 .
910 1815 1002 1838 σσαν,

869 1815 1002 1838 νιασσαν,

225 1844 279 1870 Τόν
292 1851 323 1870 τε
330 1844 430 1875 νότον,
442 1843 495 1871 τόν
508 1843 532 1869 τ’
542 1840 643 1876 εὖρον,
651 1842 684 1875 ὃς
694 1842 807 1877 ἔσχατα
816 1840 908 1876 grvida
917 1842 1001 1869 κινεῖ.

228 1878 388 1911 Ἀλκυόνες
400 1878 544 1912 τλαυκαῖς
559 1879 686 1912 Νηρηϊσι
699 1878 746 1904 ταί
762 1886 793 1904 τε
802 1877 934 1911 μάλιστα

227 1913 362 1946 Ὀρνιθων
375 1911 542 1948 nemo”,
558 1913 645 1946 ὅσαις
658 1911 688 1938 τέ
699 1920 753 1946 περ
764 1913 797 1945 ἐξ
806 1912 879 1945 ἁλὸς
889 1912 973 1947 ἄγρα.

256 1970 334 2001 lbid..
356 1970 405 1998 lin.
429 1970 472 1997 18.
495 1970 632 1997 Ἐπειδὰν
646 1965 704 1996 οὖν
719 1970 899 2003 neminium).
915 1968 1003 1996 Variae

222 2017 303 2043 etiam
333 2020 395 2043 sunt
421 2017 585 2050 scriptorum
613 2016 765 2050 opiniones.
788 2015 959 2047 Aristoteles,
976 2019 1002 2042 et

223 2061 376 2088 Simonides
401 2061 529 2096 quinque,
560 2060 724 2095 Demagoras
753 2059 860 2087 Samius
886 2063 1000 2095 septem,

223 2106 398 2134 Philochorus
424 2114 531 2138 novem,
548 2106 673 2134 nonnulli
695 2106 910 2141 quatuordecim.
929 2105 1002 2132 Con-

221 2153 280 2180 sule
304 2152 478 2187 Rodiginum,
495 2153 541 2180 lib.
561 2160 616 2184 xtv,
634 2159 693 2187 cap.
707 2153 750 2179 tl.
764 2151 878 2187 Dignum
891 2151 999 2178 tandem

220 2203 314 2225 notato
329 2204 380 2230 est.
407 2199 478 2233 quod
503 2199 535 2226 de
559 2199 702 2234 alcyonum
727 2198 792 2230 pelle
813 2198 1004 2228 animadvertit
1022 2198 1040 2224 ι)

220 2244 423 2279 Theophrastus
465 2244 626 2272 Paracelsus
658 2245 691 2271 de
723 2244 829 2272 cwlesti
855 2243 1000 2276 medicina,

219 2295 298 2318 tract.
317 2290 342 2321 i.
357 2290 423 2317 Item
437 2291 503 2318 vires
523 2291 608 2317 adhuc
629 2291 737 2317 retinere
754 2294 812 2323 post
825 2295 933 2316 mortem
951 2289 1002 2315 ali—

218 2344 270 2371 qua
283 2337 364 2369 probo
388 2344 434 2370 per
457 2338 592 2371 alcyonem
617 2344 702 2367 (ιι-ειη,
720 2335 795 2369 cujus
818 2335 893 2369 pellis
915 2342 931 2360 a
953 2341 1000 2360 suo

218 2381 342 2407 cadavere
355 2386 477 2416 separata
492 2381 566 2409 clavo
580 2389 707 2416 suspensa
720 2386 744 2407 et
757 2381 891 2407 exsiccata
908 2379 998 2413 singu-

219 2429 251 2454 lis
264 2429 339 2455 annis
354 2429 457 2462 plumas
469 2429 564 2464 rejicit,
574 2430 682 2464 aliaque
695 2433 839 2455 nascuntur
851 2427 885 2459 ei,
898 2435 928 2453 ne
938 2426 1000 2452 dum

217 2481 270 2500 uno
285 2474 322 2500 vel
335 2473 435 2501 duobus
447 2475 533 2507 annis,
547 2479 574 2501 at
588 2474 706 2508 pluribus
723 2482 774 2500 uno
790 2478 848 2505 post
863 2474 955 2500 alium.

253 2518 332 2551 lbid.,
348 2519 395 2545 lin.
411 2519 455 2545 Ἢ.
468 2520 596 2553 Δολερὸν
609 2521 624 2546 ό
640 2518 755 2552 πέρδιξ.
772 2517 855 2545 Multa
874 2518 918 2545 hie
936 2526 999 2553 pos-

218 2570 288 2598 sent,
308 2573 339 2592 ex
358 2565 477 2598 .lEliano,
491 2565 590 2598 Plinio,
606 2565 750 2592 Aristotele
766 2565 881 2599 aliisque
895 2564 998 2596 alIerri,

217 2611 315 2644 quibus
343 2610 394 2637 hoc
422 2611 521 2637 animal
544 2610 660 2646 δολερὸν,
681 2610 845 2645 πανοῦργον,
861 2610 905 2636 καὶ
921 2609 999 2645 ζηλό-

217 2665 299 2683 τυπον
322 2661 414 2691 posset
437 2657 579 2690 convinci;
597 2665 658 2684 nam
673 2657 749 2690 spina
768 2661 792 2683 et
808 2656 911 2690 frutice.
930 2655 998 2682 refe-

217 2708 292 2731 rente
311 2703 408 2736 Plinio,
425 2705 464 2731 sic
491 2705 611 2731 muniunt
636 2703 840 2738 receptaculum,
862 2707 998 2729 utcontra

218 2749 288 2782 feras
313 2749 413 2776 abunde
431 2749 570 2777 vallentur.
590 2749 642 2782 Qui
663 2749 821 2783 stragulum,
846 2748 919 2775 molli
937 2748 995 2781 pul-

218 2802 274 2820 rere
287 2796 477 2825 contumulant.
495 2803 540 2822 nec
553 2796 580 2822 in
596 2803 645 2830 quo
658 2795 714 2822 loco
728 2803 846 2829 peperere
860 2794 995 2825 incubant,

218 2847 276 2866 iure
296 2841 336 2865 cui
354 2839 510 2873 frequentior
525 2842 687 2869 conversatio
706 2842 740 2869 sit
754 2847 883 2875 suspecta.
906 2845 995 2867 trans-

895 103 1015 132 LEONlS
1034 103 1166 130 ALLATII

1802 103 1845 130 903

1063 163 1149 196 ferunt
1179 162 1243 189 alio.
1266 161 1325 189 Illa:
1345 162 1448 197 quidem
1469 165 1493 188 et
1516 162 1627 188 maritus
1658 169 1724 188 suos
1742 160 1846 195 fallunt,

1061 209 1184 244 quoniam
1199 209 1398 242 intemperantia
1410 208 1526 235 libidinis
1538 207 1665 242 frangunt
1680 215 1778 234 earum
1792 216 1845 238 ora.

1062 263 1094 281 ne
1123 254 1269 281 incubando
1299 254 1474 280 detineantur.
1510 253 1585 280 Unde
1612 259 1640 280 el
1669 253 1846 289 Aristophani

1062 301 1153 328 tictttm
1171 301 1283 328 verbum
1297 301 1324 327 in
1335 300 1431 326 Avibus
1448 299 1658 334 ἐκπερδικίζειν,
1682 300 1701 326 i.
1717 307 1744 327 e.
1764 305 1847 328 astute

1061 347 1131 374 elabi
1159 346 1363 381 periculumque
1387 345 1481 372 vitare.
1514 344 1581 372 Vide
1603 345 1784 380 liodiginum,
1803 346 1845 374 lib.

1062 400 1137 424 xxix,
1165 400 1224 428 cap.
1249 392 1293 419 26.
1311 391 1423 424 Tamen,
1448 395 1477 418 ut
1500 400 1549 426 ego
1571 392 1679 426 opinor,
1693 396 1794 419 auctor
1806 392 1845 419 hic

1061 442 1155 466 noster
1167 445 1227 466 eam
1241 437 1392 473 πανοῦργον
1406 437 1548 473 appellavit
1563 439 1597 466 ob
1614 439 1738 466 ibidinis
1755 439 1845 466 intem—

1061 483 1223 518 perantiam,
1252 483 1285 511 de
1311 491 1364 519 qua
1381 484 1441 511 vide
1464 483 1576 516 Horum,
1602 485 1650 511 lib.
1671 492 1703 516 ii,
1719 493 1782 519 cap.
1798 485 1844 518 95;

1062 528 1178 556 Plinium
1205 527 1233 556 d.
1259 528 1338 562 loco;
1364 529 1532 560 Athenaeum,
1555 529 1600 556 lib.
1630 537 1675 563 ix;
1694 529 1843 561 Elianum,

1062 575 1108 601 lib.
1121 582 1167 607 tit;
1186 582 1246 610 cap.
1260 575 1310 607 16;
1327 575 1440 602 Aristot.
1454 583 1490 606 ix,
1508 574 1546 601 De
1557 575 1617 601 liist,
1633 576 1730 607 anim.,
1747 583 1808 610 cap.
1820 575 1844 607 8,

1061 628 1122 655 quas
1140 621 1254 647 aliorum
1274 621 1429 647 animalium
1453 621 1555 648 viribus
1568 629 1621 647 non
1641 625 1785 653 euntcnta,
1801 629 1843 648 ne-

1060 665 1128 692 farie
1140 666 1167 692 in
1179 666 1314 693 masculos
1328 673 1387 693 sese
1398 666 1495 700 agitat;
1506 673 1555 693 nec
1568 674 1628 693 cum
1639 666 1735 693 eadem
1748 667 1843 700 specie,

1062 711 1109 739 sed
1135 716 1162 738 et
1184 719 1246 738 cum
1268 711 1368 738 diversi
1391 711 1498 746 generis
1515 711 1611 739 aribus
1625 719 1655 739 se
1672 712 1843 742 commiscet.

1061 758 1083 785 si
1097 757 1234 784 Aristoteli
1246 756 1384 784 credimus
1398 756 1435 782 De
1444 756 1609 790 generatione
1623 756 1738 782 animal.
1747 763 1809 791 cap.
1820 756 1843 782 5.

1061 801 1201 836 Origenes,
1215 801 1287 828 hom.
1303 801 1329 827 4.
1349 801 1377 827 in
1392 799 1534 827 Jeremiam
1552 808 1562 828 :
1577 799 1655 826 Ἐςτι
1669 800 1698 826 δὲ
1716 799 1766 825 καὶ
1781 799 1845 826 ἀκά-

1027 852 1046 879 t}
1061 848 1169 884 Θαρτον,
1197 847 1266 874 ὥστε
1295 847 1357 879 τοὺς
1387 847 1548 882 θηρεύοντας
1572 847 1643 881 (lego
1669 845 1845 881 χηρεὺοντας)

1064 896 1224 931 μονομαχεῖν
1240 894 1363 929 ἀλλήλοις
1387 894 1450 928 περὶ
1473 893 1520 927 τῆς
1547 892 1657 928 μίξεως,
1672 893 1721 918 καὶ
1745 892 1845 927 apem

1064 941 1132 976 μετὰ
1143 940 1220 975 νίκην
1231 939 1382 966 ’ὲπιὸαίνξιν
1392 939 1439 965 τοῦ
1454 939 1576 974 ἄρρενος.
1589 937 1646 966 Nisi
1660 943 1754 965 tamen
1771 939 1844 965 aliter

1063 985 1150 1012 locum
1167 986 1234 1013 velis
1246 993 1278 1012 ex
1301 985 1411 1017 Basilio,
1427 984 1502 1010 hom.
1518 985 1545 1015 8,
1568 984 1656 1018 legere
1675 992 1682 1010 :
1698 983 1814 1018 Δολερὸν
1831 985 1845 1010 ό

1061 1030 1164 1066 πέρδιξ,
1179 1031 1226 1057 καὶ
1241 1030 1398 1065 ζηλότυπον,
1411 1029 1571 1064 κακούργως
1588 1028 1777 1064 συμπράττων
1791 1030 1844 1059 τοῖς

1061 1076 1205 1112 θηρευταῖς
1228 1076 1302 1111 πρὸς
1315 1075 1364 1112 τὴν
1386 1075 1484 1110 ἄγραν.
1504 1074 1548 1101 Sic
1568 1075 1640 1102 enim
1664 1082 1722 1101 non
1738 1074 1774 1101 ad
1789 1074 1845 1108 ejus

1062 1121 1210 1154 libidinem,
1225 1121 1272 1148 sed
1291 1120 1324 1148 ad
1351 1120 1491 1152 callidum,
1504 1119 1729 1154 malitiosumque
1744 1118 1844 1146 referes

1061 1167 1208 1202 ingenium,
1233 1173 1287 1201 quo
1309 1165 1482 1193 venatoribus
1504 1168 1533 1192 ut
1561 1165 1627 1192 alias
1648 1165 1781 1200 deceptas
1802 1172 1843 1191 ca-

1061 1213 1144 1247 piant.
1160 1219 1270 1247 operam
1285 1215 1406 1246 praestat.

1092 1258 1159 1285 Ibid.
1175 1258 1223 1284 lin.
1239 1256 1283 1284 22.
1298 1256 1498 1292 Συμπράττων
1514 1256 1576 1289 τοῖς
1591 1255 1761 1290 θτιρευταῖς.
1776 1253 1843 1282 Voce

1059 1305 1129 1332 enim
1151 1304 1220 1331 alias
1239 1303 1372 1335 alliciunt,
1394 1303 1560 1338 laqueosque
1577 1307 1735 1338 praeparant
1751 1302 1842 1329 amicis

1058 1351 1267 1385 inexspectatos,
1297 1349 1468 1384 praedamque
1505 1349 1639 1384 objiciunt
1674 1348 1840 1376 hominibus.

1058 1395 1254 1427 Theodoretus,
1274 1399 1364 1423 caten.
1389 1395 1416 1422 in
1433 1394 1543 1427 Jerem.,
1572 1402 1631 1430 cap.
1649 1403 1717 1421 xvu.
1735 1395 1843 1428 Λέγοιτο

1056 1441 1078 1467 δ’
1096 1441 1129 1468 ἂν
1143 1441 1238 1477 πέρδιξ
1254 1441 1398 1477 θηρατικὸς
1415 1441 1461 1467 καὶ
1477 1442 1491 1467 ὁ
1505 1440 1684 1472 Βαϐυλώνιος.
1701 1440 1842 1471 Τοιούτους

1057 1487 1110 1523 γὰρ
1125 1488 1148 1513 οἱ
1164 1487 1217 1514 τῶν
1231 1487 1366 1523 περδίκων
1377 1487 1554 1522 περιφέρουσι
1568 1486 1709 1522 θηρευταὶ,
1725 1484 1764 1513 ὧν
1780 1486 1842 1521 πρὸς

1058 1533 1106 1568 τὴν
1126 1533 1216 1568 φωνὴν
1237 1533 1261 1559 οἱ
1279 1533 1416 1568 ὁμογενεῖς
1435 1532 1626 1567 συντρέχοντες
1641 1531 1772 1568 πέρδικες
1790 1533 1842 1563 τοῖς

1058 1579 1201 1615 θηράτροις
1221 1579 1410 1614 ἐμπίπτουσιν.
1423 1578 1511 1606 lllices
1538 1578 1653 1610 Latinis,
1672 1579 1778 1606 Graecis
1794 1587 1841 1604 πα-

1057 1623 1185 1659 λευτριαι.
1213 1623 1302 1656 Quare
1323 1628 1349 1651 et
1377 1623 1530 1656 Turnebus,
1556 1624 1660 1651 advers.
1686 1624 1734 1650 lib.
1771 1633 1841 1655 utr,

1057 1680 1116 1706 cap.
1141 1672 1186 1703 58,
1216 1672 1306 1699 locum
1331 1671 1410 1699 Plinii
1431 1671 1468 1698 ita
1487 1670 1733 1706 legitzliapiuntur
1745 1679 1842 1707 quoque

1055 1719 1232 1753 pugnacitate,
1247 1723 1339 1746 contra
1362 1719 1470 1752 aucupis
1491 1718 1588 1745 illicem
1606 1723 1716 1745 exeunte
1730 1718 1758 1744 in
1779 1725 1842 1751 pra!-

1057 1766 1120 1791 lium
1146 1764 1211 1791 duce
1238 1765 1317 1791 totius
1340 1764 1434 1798 gregis.
1463 1761 1602 1798 Oppianus
1628 1763 1666 1790 De
1696 1764 1840 1793 venatione.

1056 1809 1103 1836 lib.
1121 1817 1150 1837 ιι.
1176 1808 1335 1836 Perdicibus
1366 1808 1491 1835 homines
1512 1809 1550 1834 uti
1574 1808 1607 1835 ad
1623 1808 1720 1836 damas
1734 1811 1841 1843 capien-

1056 1854 1114 1885 das.
1128 1854 1267 1888 damisque
1279 1853 1312 1880 ad
1331 1853 1466 1888 perdices,
1481 1857 1573 1880 mutua
1590 1860 1710 1887 namque
1727 1853 1842 1880 familia-

1057 1899 1146 1928 ritate.
1161 1901 1187 1925 et
1204 1897 1384 1925 contubernio
1399 1897 1521 1929 devictae,
1537 1898 1628 1925 vicina
1649 1898 1756 1925 habent.
1768 1898 1842 1926 cubi-

1057 1944 1102 1975 lia,
1114 1943 1263 1979 eodemque
1279 1947 1428 1978 pascuntur
1441 1943 1469 1970 in
1484 1943 1553 1970 loco.

1055 2000 1195 2035 Πέρδικες
1209 2000 1307 2034 θοῦροι
1324 2000 1358 2026 δὲ
1377 2000 1526 2034 πυρώδεες
1543 1999 1721 2034 αιολόδειροι

1055 2037 1220 2070 Δόρκοισιν,
1247 2035 1351 2070 φιλίην
1371 2035 1450 2069 παρὰ
1472 2035 1616 2069 τέμπεονιν
1645 2035 1838 2062 ἐσπείσαντο.

1062 2071 1197 2098 Ἠθαλεοί
1210 2078 1241 2097 τε
1256 2069 1403 2097 πέλουσιν
1421 2071 1469 2097 καὶ
1478 2070 1660 2103 ἀλλήλοισιν
1669 2070 1808 2104 ὄμαυλοι,

1056 2106 1155 2138 Εὺνάς
1162 2106 1186 2132 τ’
1192 2105 1281 2140 ἐγγὺς
1289 2105 1405 2140 ἔχουσι,
1413 2105 1462 2132 καὶ
1468 2106 1523 2131 οὐκ
1529 2104 1679 2140 ἀπάνευθε
1688 2105 1838 2137 νέμοι-ται.

1055 2139 1096 2168 Ἦ
1109 2140 1192 2175 μάλα
1206 2139 1243 2174 δὴ
1256 2142 1437 2175 μετόπισθεν
1447 2140 1591 2173 ἐταιρείης
1602 2139 1679 2174 τάχα
1698 2140 1809 2174 πικρῆς

1055 2177 1108 2203 Kal
1125 2176 1227 2210 φιλίης
1243 2175 1422 2202 ἀπέλαυσαν
1441 2175 1588 2209 ἀμιδέος.
1610 2175 1726 2201 ὁππότε
1747 2175 1840 2210 φῶτες

1054 2210 1211 2244 Κερὸιιλέοι
1228 2210 1373 2237 δειλοῖσιν
1395 2211 1539 2244 ἐπίφρονα
1551 2210 1732 2244 μητίσαιντο

1055 2245 1198 2279 Πέρδικας
1209 2245 1341 2278 ὃόρκοισι
1359 2246 1459 2279 φίλοις
1474 2245 1623 2277 ἀπατήλια
1636 2244 1743 2277 θέντες

1056 2281 1186 2315 Ἕμπιιλι
1199 2280 1225 2306 δ’
1237 2278 1276 2307 αὖ
1296 2278 1421 2315 deprimi;-
1439 2280 1554 2314 ἑτάροις
1568 2280 1621 2306 ἴσα
1631 2279 1836 2313 περδίκεσσιγ.

1088 2336 1154 2364 lbid.
1170 2337 1324 2370 Ἀλλότρια
1339 2336 1373 2363 δὲ
1392 2337 1537 2364 κλέπτων.
1565 2336 1699 2368 Isidorus.
1715 2337 1765 2364 lib.
1792 2344 1835 2364 xu.

1053 2385 1134 2419 capit.
1163 2384 1190 2415 7,
1218 2383 1289 2410 Adeo
1313 2388 1399 2409 autem
1425 2382 1606 2415 fraudulenta,
1632 2387 1661 2408 ut
1687 2383 1770 2409 alteri
1793 2390 1836 2408 ora

1052 2429 1177 2463 diripiens
1192 2429 1276 2463 foueat
1292 2437 1301 2455 :
1322 2428 1397 2462 fraus
1418 2427 1533 2462 fructum
1548 2435 1598 2454 non
1620 2427 1709 2454 liabet.
1723 2427 1836 2462 Denique

1052 2474 1114 2500 ilum
1134 2473 1199 2507 pulli
1212 2473 1326 2508 propria:
1339 2481 1423 2500 vocem
1438 2473 1573 2507 genitricis
1598 2472 1745 2504 audierint.
1759 2478 1834 2499 natu-

1051 2518 1103 2544 rali
1113 2518 1225 2553 quodam
1236 2518 1362 2544 instinctu
1371 2518 1448 2548 lianc,
1458 2525 1515 2552 qum
1527 2525 1572 2543 eos
1586 2517 1661 2551 fouit,
1676 2518 1834 2554 relinquunt,

1050 2570 1075 2592 et
1104 2565 1138 2591 ad
1164 2564 1281 2591 eamdem
1300 2571 1358 2598 quae
1379 2565 1464 2598 genuit
1487 2569 1662 2591 revertuntur.
1676 2564 1833 2591 Consimilia

1052 2610 1133 2637 liabet
1152 2609 1325 2641 Ambrosius,
1357 2608 1404 2635 lib.
1433 2616 1475 2640 \‘l,
1499 2616 1559 2643 cap.
1583 2609 1614 2639 5.
1640 2609 1669 2634 in
1689 2607 1834 2639 Herium;

1051 2654 1126 2682 Phile
1141 2657 1168 2681 in
1185 2654 1296 2688 iambis;
1311 2653 1478 2689 Epiphanius
1494 2655 1520 2680 in
1536 2653 1708 2689 Physiologo,
1734 2654 1832 2689 cap.9;

1051 2700 1231 2735 Hieronymus
1255 2700 1282 2727 in
1309 2707 1370 2734 cap.
1383 2707 1436 2726 xvu
1456 2699 1588 2731 Jercmiie,
1606 2707 1633 2726 in
1647 2707 1731 2734 quem
1749 2701 1833 2727 locum

1049 2751 1076 2774 ct
1108 2746 1268 2781 Hippolytus
1304 2751 1407 2781 martyr
1441 2746 1468 2773 in
1493 2750 1601 2777 catena,
1629 2747 1668 2772 Οὺ
1707 2746 1797 2782 μάτην
1820 2747 1833 2771 ό

1049 2794 1190 2828 προφήτης
1205 2793 1360 2828 ἀπεφήνετο
1372 2793 1403 2818 τὸ
1419 2792 1499 2828 ῥητὸν
1513 2794 1546 2827 τῇ
1564 2792 1610 2818 τοῦ
1628 2792 1699 2824 {ibeo
1715 2792 1831 2828 παραδο-

1049 2839 1080 2876 λῇ
1092 2838 1238 2874 χρώμενος.
1256 2838 1309 2865 Τοῦ
1318 2839 1371 2873 γὰρ
1381 2838 1507 2875 πέρδικος
1519 2838 1659 2872 κενοδόξου
1672 2839 1745 2871 ζώου
1756 2839 1833 2866 ὑπάρ-
