1897 3073
212 71 260 97 9H

211 127 260 153 οὐκ
277 126 308 154 ἄν
327 126 376 153 ἴδοι
389 134 430 157 τις
443 125 595 160 μιγνύμενα
607 124 693 151 ταῦτα
709 124 743 151 τὰ
759 125 816 157 ςῶα
829 124 937 161 ἀνέδην,
947 125 994 151 καὶ
1011 130 1028 154 Α

211 172 248 204 ὡς
260 171 349 207 ἔτυχε.
370 171 485 204 Λέγουσι
501 171 530 197 δὲ
545 171 570 197 οἱ
583 170 617 197 τὰ
641 171 705 206 περὶ
726 170 830 197 τούτων
846 170 993 206 ἀκριϐοῦν-

212 226 266 249 τες,
286 218 337 249 ᾶτι,
353 217 404 243 κᾶν
414 217 543 243 ἀποθάνοι
559 217 590 243 τὸ
606 217 709 252 ἕτερον,
722 217 753 243 τὸ
766 217 858 243 λοιπὸν
872 216 994 252 χηρεύει.

218 262 321 289 ’Δκούω
338 262 366 288 δὲ
382 263 444 294 τοὺς
460 262 543 289 πάλαι
562 262 608 289 καὶ
623 263 652 289 ὲν
672 265 729 294 τοῖς
746 263 846 297 γάμοις
866 262 935 298 μετὰ
951 263 996 290 τὸν

213 309 336 344 ὑμέναιον
344 309 392 345 τὴν
406 309 527 346 κορώνην
537 309 638 341 καλεῖν,
649 309 774 345 σύνθημα
784 310 909 345 ὁμονοίας
919 310 997 336 τοῦτο

212 357 268 388 τοῖς
286 356 421 383 συνιοῦσιν
448 357 493 382 ἐπὶ
506 356 661 391 παιδοποιίᾳ
688 356 815 388 διδόντες.
853 356 894 383 Ob
926 356 997 384 hanc

212 410 279 438 ergo
307 404 392 430 maris
407 407 435 430 et
451 402 556 430 feminze
580 403 766 434 concordiam,
790 406 817 430 et
835 406 995 438 perpetuam

213 449 342 477 connubii
361 450 445 485 legem
460 457 493 476 ac
509 450 598 481 ﬁdem.
616 449 745 477 solitaria:
763 449 882 477 cornicis
896 458 994 476 occur-

213 504 261 524 sus
275 496 376 523 malum
398 503 477 523 omen
500 495 618 523 faciebat
635 495 763 523 Elianus
786 495 860 522 dicto
885 497 943 523 luco
966 501 993 523 et

212 542 268 570 alii.

248 587 328 620 “)ld.,
340 588 387 614 lin.
400 587 444 614 45.
469 587 496 613 '0
514 586 548 613 δὲ
562 587 752 621 νυκτικάραξ.
768 587 856 621 Hujus
870 588 994 615 meminit

213 633 341 664 Basilius,
357 633 429 660 hom.
445 633 462 660 8
479 633 505 659 in
524 633 666 665 Παταριηά
679 633 778 665 llorus,
793 633 839 660 lib.
853 641 882 664 ιι,
897 641 925 661 c.
943 633 993 666 25;

213 680 383 711 Aristoteles,
402 679 439 705 De
452 679 547 706 histor.
573 679 670 711 anim.,
700 679 747 706 lib.
767 687 828 710 vut.
842 687 902 714 cap.
923 679 950 709 5.
967 685 994 706 et

213 723 260 751 lib.
283 731 321 756 ix,
339 731 399 759 cap.
413 724 459 752 59.
476 724 645 759 Apollinario
664 724 759 759 psalm.
780 731 817 758 CI,
842 729 884 752 est
898 725 995 756 νυκτὸς

212 770 307 806 κόραξ.

247 827 404 866 ᾼξρκεσθᾳι
418 828 509 866 φαίης
518 835 571 866 κεν·
581 826 767 866 ἐρῃμρνόμον
777 825 957 865 nte/lamina,
1010 807 1030 835 Β

250 863 288 890 "H
301 862 415 895 mmor;
423 863 536 896 κόρακα
546 861 645 895 ψιλῶν
656 861 793 888 δαπέδων
802 861 941 894 νιπτῆρα,

249 898 439 932 Ἦστρωυσόν
447 897 501 924 τιν’
510 897 625 924 ἄϋπνον
631 897 707 923 ἐόντ’
713 897 747 923 ἐν
755 896 863 931 δώματι
868 896 993 931 μοῦνον.

249 954 328 985 lbid.,
347 954 394 982 lin.
420 954 465 981 45.
483 954 684 988 Φιλόσῖορτος
708 954 724 980 ό
744 953 836 987 ἔποψ.
856 952 993 983 ΑΞΙίιιιιιιε.

214 1000 260 1027 lib.
279 1008 305 1031 ι,
318 1007 378 1034 cap.
399 999 442 1031 16,
466 999 610 1035 Egyptios
638 1000 677 1025 ait
695 998 826 1029 ciconias,
848 998 995 1032 vulpanse-

214 1053 267 1075 res,
297 1049 323 1071 et
345 1052 450 1079 upupas
466 1047 492 1072 in
505 1045 607 1071 honore
629 1044 740 1077 habere,
761 1043 833 1078 quod
854 1047 996 1070 senectute

213 1092 323 1118 allectos
340 1095 466 1125 parentes
487 1091 573 1118 alunt.
591 1090 716 1125 Upupam
739 1090 833 1116 nidum
848 1097 863 1116 e
875 1093 996 1117 stercore

213 1136 347 1170 pr.t-t‘ipue
356 1137 474 1163 humano
481 1136 614 1163 coniicere
626 1135 710 1162 tradit
723 1134 883 1162 Aristoteles
898 1135 943 1161 lib.
957 1141 994 1165 l\',

213 1190 272 1217 cap.
291 1182 331 1215 l5,
350 1182 387 1210 De
402 1183 464 1209 hist.
475 1183 570 1214 anim.;
590 1182 635 1217 qui
659 1186 760 1212 tamen,
776 1189 837 1215 cap.
852 1181 878 1212 t,
895 1181 942 1208 lib.
958 1188 994 1212 vI,

215 1236 334 1263 upupam
356 1237 409 1256 non
435 1228 577 1256 nidiﬁcare
601 1229 647 1261 ait,
671 1229 717 1255 sed
736 1228 763 1255 in
776 1228 851 1255 cavis
867 1229 996 1254 arborum

213 1283 308 1310 parere
321 1275 447 1305 sineullo
455 1278 615 1306 stramento,
635 1275 686 1301 '06”
697 1274 766 1309 ἔποψ
780 1269 858 1309 μόνος
870 1274 900 1300 οὺ
912 1275 997 1300 ποιεῖ-

212 1330 257 1348 ται
273 1321 408 1348 νεοττείαν
432 1320 486 1347 τῶν
505 1320 566 1347 καθ’
587 1320 682 1346 ἑαυτὸν
709 1319 910 1353 νεοττευόντων,
939 1319 996 1346 ἀλλ’

213 1368 382 1402 εἰσδυόμενος
409 1367 448 1398 εἰς
468 1367 503 1394 τὰ
524 1366 648 1402 στελέχη,
673 1367 701 1392 ἐν
725 1367 781 1398 τοῖς
796 1366 894 1397 κοίλοις
908 1365 997 1393 αὐτῶν

214 1413 313 1444 τίκτει,
326 1412 399 1439 οὐδὲν
413 1411 643 1447 συμφορούμενος.

250 1459 330 1490 lbid.,
356 1458 403 1485 lin.
415 1458 460 1485 49.
490 1459 524 1486 Ἡ
541 1458 576 1485 δὲ
591 1458 719 1492 χελιδὼν
733 1458 814 1491 ἅπαξ
824 1457 925 1493 γεννᾷ.
940 1458 998 1485 Αιί⁹
1010 1474 1031 1502 C

215 1505 325 1532 swteles
341 1507 433 1531 tamen
445 1505 493 1531 lib.
515 1513 542 1536 v,
561 1504 598 1531 De
615 1505 677 1530 hist.
694 1505 788 1535 anim.,
806 1512 867 1539 cap.
891 1505 934 1535 l5,
954 1505 996 1531 hi-

214 1550 358 1578 rundinem
378 1551 415 1577 ait
437 1550 477 1577 bis
495 1558 565 1576 anno
584 1558 688 1585 parere,
704 1550 777 1585 quod
802 1550 948 1577 coritirmat
972 1555 999 1577 et

214 1595 329 1628 Plinius,
345 1595 392 1623 lib.
409 1603 436 1626 ιι,
453 1602 513 1629 cap.
530 1595 574 1624 55,
590 1594 754 1622 llirzmdines
767 1600 792 1621 et
802 1595 909 1622 merqu
919 1601 943 1622 et
954 1604 999 1630 pu-

216 1643 307 1674 lumbi,
319 1646 343 1669 et
360 1647 474 1668 turtures
490 1641 529 1668 bis
542 1649 612 1668 anno
624 1642 740 1676 pariunt,
757 1647 859 1668 cwterw
871 1650 928 1669 ares
944 1643 998 1676 fere

217 1688 306 1715 semel.
325 1687 391 1714 Avis
407 1687 464 1714 hinc
477 1687 548 1713 inter
563 1687 630 1714 alias
655 1687 738 1713 multa
762 1687 842 1714 habet
868 1687 923 1714 illis
944 1696 998 1715 non

215 1732 380 1765 communia,
396 1740 455 1767 qua:
469 1732 589 1759 referunt
604 1732 622 1758 ii
635 1732 681 1766 qui
692 1732 726 1759 de
742 1732 905 1760 animalibus
918 1733 1000 1760 histo-

215 1778 272 1805 rias
296 1779 440 1813 scripsere.
466 1777 519 1804 Sed
544 1778 708 1812 pramipuum
725 1782 752 1804 et
768 1778 885 1805 maxime
911 1779 998 1806 admi-

216 1824 332 1852 randum
349 1823 415 1851 illud
438 1831 499 1851 esse
521 1824 587 1850 mihi
614 1823 732 1855 videtur,
757 1824 828 1858 quod
853 1825 886 1851 de
904 1832 999 1852 earnm

217 1871 290 1897 coitu
304 1870 400 1897 scribit
413 1868 549 1899 IElianus.
561 1869 599 1896 De
611 1869 704 1896 histor.
720 1870 814 1903 anim.,
834 1870 880 1897 lib.
895 1878 925 1902 ιι,
938 1879 997 1906 cap.

217 1916 250 1942 5:
264 1916 294 1941 0t
311 1914 360 1950 μὲν
373 1914 477 1950 ὄρνιθες
487 1915 510 1940 οἱ
524 1915 611 1950 ἕτεροι
621 1914 862 1948 ὰνα6αίνονται,ώς
875 1915 962 1949 λόγος,
972 1916 1000 1942 αἱ

218 1962 246 1987 δὲ
257 1960 388 1996 χελιδόνες
402 1960 442 1992 οὓ,
459 1959 527 1987 ἀλλὰ
541 1959 643 1987 τούτων
651 1969 682 1995 γε
697 1961 828 1996 ἐναντίαή
841 1961 913 1996 μίξις
930 1962 999 1992 ἐστὶ,

219 2006 266 2032 καὶ
284 2005 313 2031 τὸ
324 2006 408 2032 αἴτιον
422 2003 516 2041 οἶδενὴ
531 2005 621 2039 φύσις·
639 2005 719 2040 Λέγει
733 2005 761 2032 δὲ
770 2008 784 2033 ό
800 2006 899 2033 πλείων
909 2007 998 2041 λόγος,

219 2052 260 2078 ὅτι.
275 2051 422 2087 πεφρίκασι
437 2051 481 2078 τὸν
497 2051 592 2087 τηρέα,
611 2052 657 2078 καὶ
673 2051 818 2083 δεδοίκασι,
834 2053 938 2088 μήποτε
947 2052 1001 2088 ἄρα

221 2097 413 2133 προσερπύσας
437 2097 534 2133 λάθρα,
547 2095 607 2124 εἶτα
620 2098 768 2134 ἐργάσηται
787 2099 937 2135 τραγῳδίαν
954 2099 999 2126 καὶ

221 2151 278 2169 νυν.

256 2188 337 2220 lbid.,
366 2188 543 2223 Πηγνυμένη
568 2184 602 2215 δὲ
625 2188 692 2224 τήν.
708 2189 837 2221 Basilius,
869 2190 942 2218 hom.
958 2190 975 2218 8
994 2201 1000 2218 :

228 2235 333 2270 Ἐκείνη
344 2235 398 2270 γὰρ
412 2236 460 2270 τὴν
475 2235 570 2262 καλιὰν
593 2236 763 2271 πηγνυμένη,
784 2236 819 2263 τὰ
841 2236 889 2272 μὲν
906 2237 999 2273 κάρφη

220 2281 259 2316 τῷ
272 2280 385 2316 στόματι
397 2279 557 2315 διακομίζει,
576 2281 660 2316 πηλὸν
674 2281 701 2307 δὲ
716 2283 771 2314 τοῖς
784 2282 862 2308 ποσὶν
878 2280 945 2318 ἆραι
965 2282 1002 2317 μὴ

221 2326 367 2361 δυναμένη,
379 2325 414 2352 τὰ
433 2325 505 2360 ἄκρα
520 2325 572 2352 τῶν
599 2325 687 2352 ποδῶν
711 2325 787 2352 ὕδατι
802 2326 929 2361 βρέξασα,
944 2325 1003 2354 εἶτα

221 2374 254 2407 τῇ
283 2371 433 2407 λεπτοτάτῃ
448 2371 520 2398 κόνει
543 2371 718 2406 ὲνειληθεῖσα,
733 2371 819 2403 οὕτως
835 2372 937 2398 ἐπινοεῖ
953 2372 1001 2398 τοῦ

222 2418 308 2454 πηλοῦ
332 2417 380 2453 τὴν
405 2417 509 2453 χρείαν,
540 2417 587 2444 κα.)¹
617 2417 687 2444 κατὰ
711 2417 807 2453 μικρὸν
828 2418 954 2455 ἀλλήλοις
969 2418 1004 2446 τὰ

223 2465 315 2499 κάρφη
331 2461 387 2490 οἷον
405 2463 487 2500 κόλλῃ
497 2463 549 2490 τινὶ
564 2462 603 2498 τῷ
617 2463 695 2498 πηλῷ
709 2463 871 2499 συνδήσασα,
886 2464 915 2491 ἐν
930 2465 1000 2501 αὐτῇ

222 2510 285 2541 τοὺς
301 2510 422 2540 νεοττοὺς
446 2508 583 2544 ἐκτρέφει.
613 2507 650 2535 De
672 2509 848 2536 hirundinum
869 2509 1005 2538 industria

223 2555 251 2581 in
263 2554 333 2582 nidis
349 2553 526 2581 conﬁciendis
542 2552 713 2587 Aristoteles,
729 2554 776 2581 lib.
792 2562 830 2587 Ix,
846 2562 907 2590 cap.
924 2556 950 2588 7,
964 2556 1003 2584 De

210 2599 316 2626 histor.
335 2599 501 2631 animal.,ex
518 2605 573 2634 quo
590 2606 640 2625 sua
662 2599 757 2626 habuit
776 2598 880 2628 Plinius
903 2601 950 2628 lib.
975 2609 1003 2634 ι,

225 2653 283 2680 cap.
295 2645 338 2678 33,
360 2645 524 2673 Hirundines
549 2647 605 2674 luto
619 2644 784 2678 construunt.
797 2652 943 2675 stramento
958 2656 1003 2674 ro-

224 2690 327 2717 borant.
341 2689 370 2717 Si
383 2691 488 2725 quando
501 2691 589 2729 inopia
605 2697 643 2719 est
659 2692 720 2724 luti,
741 2692 897 2727 madefacta
916 2692 1002 2719 multa

225 2743 292 2770 aqua
304 2738 393 2769 pennis
406 2737 536 2772 pulverem
561 2744 698 2774 spargunt,
721 2739 808 2774 ipsum
833 2747 892 2766 vero
910 2739 1003 2765 nidum

225 2781 348 2808 molliens
360 2783 467 2817 plumis,
483 2784 622 2819 [lact-isque
636 2789 805 2812 consternunt
817 2785 1003 2820 tepefaciendis

877 67 998 96 LEONlS
1015 68 1151 102 ALLATlI

1781 72 1831 100 9H

1044 126 1109 158 ovis,
1120 126 1199 152 simul
1222 134 1254 153 ne
1277 127 1360 154 durus
1374 127 1410 153 sit
1426 127 1573 162 infantibus
1583 128 1679 164 pullis.
1703 127 1831 157 Elianus

1047 173 1085 200 De
1110 172 1204 200 histor.
1221 174 1315 204 anim.,
1331 173 1378 201 lib.
1394 181 1435 205 ιιι,
1451 182 1512 209 cap.
1534 174 1580 207 24,
1614 175 1646 201 Ἡ
1662 174 1692 201 δὲ
1707 174 1830 210 χελιδὼν,

1045 219 1089 245 ὅτε
1102 218 1231 253 εὑποροίη
1243 217 1329 254 πηλοῦ
1341 219 1397 250 τοῖς
1408 217 1481 250 ὄνυξι
1495 218 1583 255 φέρει,
1595 219 1640 245 καὶ
1657 219 1831 254 συμπλάττει

1045 265 1093 300 τὴν
1104 265 1210 292 καλιάν.
1226 264 1257 291 Εἰ
1265 264 1292 291 δὲ
1302 264 1403 300 ἀπορία
1415 265 1468 299 εἴη,
1486 265 1524 296 ὼς
1545 264 1735 300 Ἀριστοτέλης
1746 264 1831 298 λέγει,

1046 311 1144 346 ἑαυτὴν
1157 310 1257 346 βρέχει,
1274 310 1320 336 καὶ
1335 311 1375 342 είς
1390 311 1463 336 κόνιν
1480 309 1560 346 φύρει
1580 310 1615 337 τὰ
1636 310 1728 346 πτερὰ
1747 311 1833 346 ἐμπε-

1047 358 1140 390 σοῦσα,
1156 357 1257 384 καὶτοῦ
1272 356 1356 392 πηλοῦ
1365 356 1572 392 περιπαγέντος,
1581 356 1707 383 ἐντεῦθεν
1724 356 1833 382 ὑπαπο-

1045 405 1167 440 ψήχουσα
1189 403 1228 438 τῷ
1252 403 1354 439 ῥάμφει
1383 402 1432 438 τὴν
1460 402 1643 438 προκειμένην
1673 401 1832 436 οἰκώομίαν

1046 451 1208 485 χειρουργεῖ.
1229 448 1334 475 Ἄπειλά
1346 457 1376 474 τε
1389 448 1453 474 ὅντα
1466 448 1500 474 τὰ
1508 448 1622 478 νεόττια,
1641 448 1689 473 καὶ
1705 446 1762 473 τῶν
1774 447 1833 474 πτί-

1045 497 1098 523 λων
1113 496 1203 530 γυμνὰ
1223 492 1277 521 οἶδε
1302 494 1390 526 καλῶς
1413 495 1459 520 ἐπὶ
1482 493 1566 528 ψιλῶν
1592 495 1705 529 καρφῶν
1721 494 1747 520 εἰ
1767 494 1832 520 ἀνα-

1045 543 1168 574 παύοιτο,
1187 543 1227 569 ὅτι
1250 540 1445 576 κολασθήσεται
1459 541 1602 574 ἀλγοῦντα.
1617 540 1723 567 Οὐκοῦν
1736 541 1785 567 ἐπὶ
1800 542 1832 567 τᾶ

1045 588 1116 615 νῶτα
1132 588 1186 614 τῶν
1200 588 1343 623 προϐάτων
1366 587 1450 619 ἱζάνει
1463 587 1510 614 καὶ
1523 588 1633 623 ἀποσπᾷ
1647 587 1695 614 τοῦ
1717 587 1830 622 μαλλοῦ,

1045 635 1092 661 καὶ
1116 634 1240 662 ἐντεῦθεν
1259 634 1314 665 τοῖς
1327 633 1424 669 ἑαυτῆς
1442 633 1552 670 βρέφεσι
1568 633 1599 659 τὸ
1613 633 1692 668 λέχος
1710 632 1831 668 μαλακὸν

1045 681 1173 716 έστρωσε.
1194 679 1262 707 Vide
1278 679 1465 711 Plutarchum,
1485 679 1522 707 De
1537 680 1646 707 solertia
1661 679 1830 706 animalium.

1044 726 1136 762 Neque
1160 725 1269 753 silentio
1303 725 1520 760 praetereundum
1538 725 1610 759 quod
1626 724 1712 751 tradit
1729 723 1830 753 Horas.

1045 773 1091 800 lib.
1105 780 1133 803 ιι,
1152 779 1203 806 cap
1217 771 1261 804 51,
1287 771 1360 797 illam
1374 770 1429 805 jam
1455 770 1536 797 morti
1557 770 1709 804 proximam
1729 769 1790 796 luto
1805 776 1832 796 se

1046 818 1132 852 ipsam
1167 817 1305 847 volutare,
1335 819 1362 843 et
1399 815 1480 850 pullis
1512 815 1630 842 latebras
1658 821 1830 849 comparare.

1051 863 1157 898 Ἐκείνη
1176 862 1231 898 γὰρ
1242 861 1328 888 κυλίει
1341 861 1437 896 ἑαυτὴν
1448 862 1489 892 είς
1508 861 1602 896 πηλὸν,
1615 861 1663 887 καὶ
1673 861 1764 893 κτίζει
1779 861 1832 891 τοῖς

1045 909 1160 939 νεοττοῖς
1179 907 1280 942 φωλεὸν
1300 906 1432 942 μέλλουσα
1443 907 1587 934 τεθνάναις
1607 907 1680 941 quod
1697 913 1755 933 non
1777 913 1832 932 me-

1046 953 1112 979 mini
1131 960 1173 980 me
1182 952 1246 979 alibi
1260 952 1370 987 legisse.

1082 997 1162 1028 lbid.,
1179 997 1226 1023 lin.
1244 996 1288 1024 5i.
1310 996 1484 1031 Μόνανδρος
1503 996 1523 1030 ὴ
1547 995 1674 1032 τρυγών.
1701 990 1830 1027 Basilius,

1046 1043 1120 1070 1ιοιιι.
1132 1043 1159 1075 8,
1176 1043 1231 1079 Τὴν
1246 1043 1362 1080 τρυγόνα
1384 1044 1460 1078 φασὶ,
1484 1042 1688 1078 διαζευχθεῖσαν
1703 1043 1771 1069 ποτὲ
1786 1042 1831 1069 τοῦ

1046 1088 1188 1124 ὁμὸξυγος,
1208 1089 1305 1124 μηκέτι
1319 1089 1368 1124 τὴν
1381 1089 1449 1124 πρὸς
1462 1089 1554 1124 ἕτερον
1566 1088 1767 1124 καταδέχεσθαι
1778 1097 1832 1115 κοι-

1047 1135 1153 1166 νωνίαν,
1175 1134 1244 1161 ἀλλὰ
1267 1135 1357 1170 μένειν
1378 1134 1560 1161 ἀσυνδύαοτον
1584 1135 1679 1170 μνήμῃ
1699 1134 1748 1160 τοῦ
1770 1143 1832 1160 ποτε

1048 1180 1248 1215 συξευχθέντος,
1261 1179 1309 1215 τὴν
1321 1179 1388 1214 πρὸς
1399 1180 1491 1215 ἕτερον
1504 1180 1647 1207 κοινωνίαν
1661 1181 1833 1216 ἀπαρνουμέε

1047 1233 1106 1260 νην.
1122 1225 1247 1252 Clemens
1270 1225 1481 1255 Alexandrinus.
1508 1224 1606 1252 Strom.
1627 1225 1661 1258 2;
1682 1224 1831 1260 Gregorius

1047 1270 1223 1302 Nazianzcn.,
1250 1271 1339 1298 Carm.
1356 1271 1390 1297 ad
1405 1271 1470 1305 virg.
1484 1270 1586 1305 Mirum
1605 1271 1632 1298 id
1649 1272 1724 1306 quod
1741 1276 1832 1298 narrat

1048 1317 1174 1343 [Elianus
1204 1317 1237 1344 de
1266 1322 1400 1343 turturum
1433 1323 1465 1343 ac
1495 1316 1683 1343 columbarum
1711 1316 1830 1344 albarum

1048 1363 1186 1390 castitate.
1203 1362 1232 1389 Si
1243 1362 1314 1389 enim
1330 1361 1475 1396 impudicis
1492 1362 1640 1394 amoribus,
1656 1363 1831 1397 externisquu

1048 1407 1194 1434 inservisse
1210 1408 1404 1442 perscnserint,
1421 1407 1531 1441 reliqua:
1543 1411 1674 1439 turtures,
1687 1411 1717 1434 et
1732 1408 1832 1434 colum-

1049 1454 1088 1480 lim
1106 1461 1208 1481 marem
1229 1454 1395 1488 discerpunt,
1413 1460 1440 1480 et.
1459 1454 1575 1488 pessime
1591 1453 1709 1488 perdunt
1729 1462 1737 1479 :
1759 1452 1830 1480 femi-

1051 1507 1091 1526 nae
1105 1507 1169 1527 vero
1189 1499 1374 1526 misericordia
1394 1503 1532 1534 permotus.
1553 1498 1628 1525 nulla
1648 1498 1725 1525 illata
1751 1498 1830 1525 mole-

1050 1546 1102 1572 stia
1117 1546 1143 1572 in
1167 1545 1298 1572 viduitate
1323 1545 1455 1580 reliquam
1480 1549 1584 1571 {etatem
1600 1545 1703 1572 ducere
1721 1545 1831 1580 permit-

1049 1595 1120 1619 tunt.
1139 1592 1189 1619 hoc
1202 1591 1272 1618 idem
1289 1595 1315 1618 et
1327 1591 1466 1625 palumbes
1482 1592 1494 1618 f
1509 1599 1570 1618 cere
1582 1591 1709 1622 allirmat,
1726 1596 1832 1626 practer-

1050 1646 1130 1673 quam
1147 1638 1218 1672 quod
1238 1637 1287 1670 illi,
1313 1642 1340 1664 et
1362 1645 1474 1668 marem,
1496 1641 1523 1664 et
1544 1637 1672 1664 feminam
1695 1637 1830 1664 occidunt.

1050 1684 1088 1711 De
1099 1684 1191 1711 histor.
1204 1683 1326 1716 animal.,
1339 1684 1386 1711 lib.
1414 1691 1455 1716 ιιι,
1477 1691 1536 1718 cap.
1552 1684 1598 1714 M,
1611 1683 1833 1719 Σωφρονέσταται

1049 1725 1166 1765 ὀρνίθων
1179 1730 1207 1756 αἱ
1224 1730 1323 1764 φᾶτται
1337 1730 1454 1765 ᾅδονται.
1476 1730 1504 1756 Ὀ
1522 1729 1586 1763 γοῦν
1599 1730 1689 1766 ἄρρην
1703 1731 1753 1756 καὶ
1764 1731 1778 1757 ὁ
1790 1731 1832 1766 θῆ-

1049 1775 1107 1808 λυς,
1129 1775 1346 1808 συνδυασθέντες,
1369 1776 1416 1802 καὶ
1438 1776 1518 1802 οἱονεὶ
1537 1776 1782 1812 συμπνεύσαντες,
1798 1779 1834 1809 είς

1050 1822 1138 1857 γάμον
1153 1821 1273 1856 ἀλλήλων
1287 1821 1403 1856 ἔχονται,
1421 1822 1467 1847 καὶ
1479 1822 1657 1857 σωφρονοῦσι,
1673 1822 1724 1849 καὶ
1742 1823 1792 1849 οὐκ
1804 1823 1834 1850 ἂν

1050 1868 1153 1894 ὀθνείου
1168 1868 1261 1902 λέχους
1277 1867 1416 1903 οὐδέτερος
1432 1868 1529 1902 ἅψεται
1542 1868 1595 1894 τῶν
1612 1869 1730 1904 ὀρνίθων
1743 1870 1830 1896 τῶνδε.

1057 1914 1120 1941 Ἐὰν
1136 1913 1163 1940 δὲ
1179 1913 1434 1948 ὲποφθαλμιάσωσιν
1447 1913 1559 1949 ἑτέροις,
1581 1915 1774 1950 περιέρχονται
1790 1915 1833 1941 αὺο

1050 1961 1111 1991 τοὺς
1124 1960 1148 1986 οἱ
1159 1959 1256 1986 λοιποί
1276 1959 1322 1986 καὶ
1336 1959 1381 1985 τὸν
1398 1959 1445 1994 μὲν
1461 1959 1563 1995 ἄρρενα
1581 1961 1605 1986 οί
1622 1961 1766 1995 ὁμογενεῖς
1780 1961 1833 1987 δια-

1052 2006 1166 2037 σπῶσιν,
1181 2007 1209 2032 αἱ
1229 2005 1334 2041 θήλειαι
1355 2005 1383 2032 δὲ
1400 2007 1445 2032 τὸν
1467 2006 1558 2041 θῆλυν,
1580 2006 1673 2041 Οὕτως
1690 2007 1745 2043 ἄρα
1761 2009 1775 2034 ό
1790 2007 1833 2042 τῆς

1052 2053 1227 2088 σωφροσύνης
1245 2053 1326 2087 νόμος
1342 2052 1388 2079 καὶ
1407 2053 1436 2084 ἐς
1453 2052 1502 2083 τὰς
1517 2053 1652 2088 τρυγόνας
1671 2054 1833 2089 ἀφικνεῖται,

1051 2098 1098 2124 καὶ
1120 2097 1252 2134 ἄτρεπτος
1282 2098 1370 2133 μένει,
1396 2098 1444 2124 καὶ
1469 2099 1497 2130 ἐς
1528 2099 1578 2130 τὰς
1606 2099 1775 2134 περιστερὰς
1791 2100 1834 2131 τὰς

1015 2149 1036 2176 υ
1051 2143 1158 2175 λευκὰς,
1177 2144 1245 2179 πλὴν
1269 2143 1315 2171 τοῦ
1342 2143 1520 2171 θανατοῦσθαι
1541 2145 1670 2180 ἑκάτερον
1689 2145 1737 2172 τὸν
1754 2146 1832 2181 δρνιψ

1053 2190 1113 2216 ἐπεὶ
1127 2189 1173 2216 τὸν
1189 2190 1237 2225 μὲν
1252 2190 1354 2225 ἄρρενα
1368 2190 1519 2225 ἀναιροῦσι,
1540 2190 1588 2225 τὴν
1601 2190 1630 2216 δὲ
1646 2190 1732 2225 θῆλυν
1744 2191 1834 2226 ᾠκτεί-

1055 2242 1115 2270 ραν,
1141 2234 1187 2260 καὶ
1213 2235 1306 2261 εῐασαν
1329 2235 1421 2270 ἀπαθῆ
1442 2235 1500 2267 ,καὶ
1525 2235 1644 2271 περίεισι
1667 2236 1765 2271 χῆρος.
1790 2236 1833 2263 HIC

1053 2280 1118 2307 dum
1138 2280 1171 2307 de
1192 2284 1298 2308 turture
1319 2289 1471 2308 sermonem
1492 2281 1634 2314 habemus,
1657 2282 1736 2309 nuilo
1760 2285 1833 2309 modo

1054 2325 1174 2352 silendus
1192 2330 1234 2353 est
1248 2325 1358 2353 Davidis
1378 2325 1524 2353 Hmschelii
1539 2333 1618 2354 error
1632 2327 1772 2355 maximus
1783 2328 1833 2354 ἀνι-

1055 2371 1209 2407 στορησίας.
1229 2371 1296 2398 Cum
1311 2372 1383 2399 enim
1399 2371 1490 2399 Horus
1513 2372 1562 2399 lib.
1579 2378 1610 2403 tr,
1633 2378 1696 2406 cap.
1720 2372 1783 2405 “2,
1804 2372 1832 2399 de

1055 2420 1160 2445 turture
1188 2417 1293 2444 marina
1315 2417 1481 2452 loqueretur,
1504 2417 1631 2453 illiusque
1646 2417 1788 2454 ingenium
1804 2426 1833 2446 ex

1054 2462 1244 2498 Egyptiorum
1259 2463 1394 2491 sententia
1414 2467 1572 2499 exponeret,
1593 2463 1768 2493 Hmschelius
1784 2472 1832 2492 non

1055 2508 1272 2536 animadverteris
1292 2508 1325 2536 de
1353 2517 1471 2544 quonam
1491 2517 1583 2537 sermo
1600 2513 1684 2543 esset,
1702 2509 1795 2544 heret,
1809 2515 1832 2537 et

1054 2558 1084 2582 ut
1098 2555 1204 2582 videtur
1219 2555 1252 2583 de
1272 2559 1378 2583 turture
1393 2556 1541 2583 accilorum
1561 2556 1637 2583 illum
1660 2556 1797 2592 intelligit,
1810 2562 1832 2583 ct

1055 2599 1177 2634 quaedam
1197 2600 1249 2627 alia
1266 2600 1400 2636 πάρεργα,
1417 2600 1463 2627 καὶ
1477 2600 1529 2634 ἔξω
1547 2601 1594 2628 τοῦ
1611 2602 1716 2629 σκοποῦ
1734 2602 1762 2629 in
1780 2609 1830 2630 me-

1054 2645 1129 2673 dium
1151 2645 1238 2679 ali‘ert,
1262 2654 1331 2681 quae,
1352 2650 1382 2673 ut
1405 2646 1464 2682 ipse
1479 2646 1650 2682 opinabatur,
1676 2655 1692 2675 a
1718 2648 1830 2684 subjecta

1054 2691 1168 2719 materia
1181 2691 1292 2720 minime
1305 2696 1383 2719 erant
1397 2693 1496 2724 aliena,
1512 2697 1577 2728 puto
1594 2693 1646 2721 hoc
1664 2694 1704 2721 illi
1718 2695 1774 2729 jam
1797 2695 1830 2721 la-

1054 2738 1166 2765 boribus
1192 2737 1283 2772 potius
1298 2738 1326 2766 in
1348 2739 1421 2767 notis
1441 2739 1497 2766 illis
1514 2739 1694 2768 conﬁciendis
1720 2741 1828 2769 defrsso.

1054 2792 1134 2820 quam
1154 2784 1261 2812 inscitia
1275 2785 1409 2814 evenisse.
1425 2786 1605 2821 Antiquorum
1622 2787 1717 2822 itaque
1734 2792 1830 2815 sentcn-
