1897 3073
67 146 112 173 915

65 205 105 232 tiis
121 202 202 233 ducti,
220 201 320 229 [lorum
337 208 392 228 non
407 200 441 228 de
458 193 723 231 terrestrt‘turture,
738 205 764 228 et
779 208 838 231 ave.
855 203 876 230 Α

65 249 107 277 sed
130 248 162 275 de
185 247 326 282 pastinaca
341 247 467 279 .marina,
496 246 616 273 locutum
636 245 763 274 dicimus.
781 246 840 281 Ipsa

64 294 128 322 enim
144 293 224 320 hamo
240 292 382 327 implicita,
395 292 500 326 spinam
514 297 596 325 quam
613 291 639 317 in
655 291 741 318 cauda
759 291 841 318 habet

64 339 148 374 abjicit
164 348 170 366 :
185 342 212 366 et
233 339 277 366 hic
293 339 401 366 videtur
424 346 521 366 sensus
539 337 614 370 ilori.
636 337 672 364 De
695 345 747 372 qua
763 337 840 372 plura

64 385 193 421 Oppianus
215 383 335 415 Halieut,
352 384 400 410 lib.
420 391 439 415 ι,
456 387 483 410 et
510 391 546 416 ll;
575 383 700 415 Aristot.,
722 383 768 410 lib.
799 390 838 414 Ix,

64 439 116 467 cap.
132 432 179 464 57;
196 429 380 463 Dioscorides,
405 430 452 458 lib.
471 438 519 461 vn,
542 438 602 464 cap.
618 430 645 462 8,
665 433 692 457 et
713 430 760 456 lib.
779 437 838 461 Vlll,

64 485 117 512 cap,
132 478 162 510 7;
177 477 295 509 Plinius,
313 477 359 504 lib.
377 485 415 507 ix,
432 483 493 511 cap.
512 475 564 508 48;
581 475 715 502 Nicander
731 476 756 502 in
774 475 840 503 The-

65 524 153 555 riacit;
166 523 241 550 Phile
256 523 284 550 in
296 522 405 555 iambis,
421 525 449 549 et
469 522 524 551 alii.
543 521 615 556 quod
632 521 676 548 hic
696 528 840 549 recensere

64 569 218 604 superﬂuum
236 576 297 596 esse
313 568 387 595 duxi.
405 567 555 594 Conﬁrmat
570 570 660 594 autent
676 574 762 593 meam
774 574 839 593 sen-

62 614 164 642 tentiam
175 613 248 648 quod
261 613 356 641 scribit
363 612 507 640 Cornelius
517 612 614 640 Celsus
630 612 677 638 lib.
691 620 727 642 vi.
738 619 798 646 cap.
811 611 839 638 9.

63 659 134 686 Ριαηὶ
147 659 238 694 piscis,
264 658 362 693 inquit,
383 665 458 692 quem
474 658 638 692 pastinacam
657 657 751 687 nostri.
775 665 840 692 τρυ-

61 705 119 737 γόνα
132 704 217 731 ϐηεεί
233 708 337 735 vacant,
354 703 462 730 aculeus
477 707 602 733 torretur,
615 702 708 728 deinde
724 702 839 728 conteri-

62 756 109 782 tur,
121 751 258 785 resinaque
277 750 418 784 excipitur,
434 758 493 785 qua?
507 749 577 776 denti
593 749 759 775 circumdata
772 748 839 774 hunc

61 797 139 824 solvit.
155 795 188 822 Et
203 796 319 828 Plinius,
336 796 383 823 lib.
403 804 441 827 Ix,
457 803 518 829 cap.
537 794 582 828 48,
599 794 650 822 Sed
672 794 774 821 nullum
793 802 840 820 tu-

61 851 128 877 quam
139 843 338 875 ersecrabilius,
355 850 432 877 quam
448 841 539 868 radius
556 848 634 874 super
647 840 760 867 caudam
773 840 838 866 emi-

60 874 115 914 nens
138 888 265 923 tryganis,
296 874 372 922 quem
398 888 482 913 nostri
505 887 671 921 pastinacam
705 885 837 920 appellant
855 874 874 901 Β

59 934 187 969 quincunci
203 933 395 968 magnitudine.
409 933 524 968 Ideoque
537 940 597 960 eam
612 931 718 959 vocavit
729 931 838 958 ὀπισθό-

60 988 159 1015 κεντρον
185 979 378 1014 Epicharmus,
406 983 476 1007 teste
501 978 641 1009 Allienzeo,
660 978 707 1004 lib.
724 985 773 1009 vn,
790 977 836 1004 sed

60 1026 84 1053 in
98 1033 124 1053 re
137 1025 209 1053 clara
223 1029 252 1053 et
264 1029 358 1060 aperta
371 1025 430 1052 haec
442 1025 566 1052 innuisse
581 1024 648 1052 satis
666 1024 711 1051 sit.

89 1082 164 1114 lbid.,
177 1083 227 1109 lin.
241 1082 287 1110 58.
313 1083 349 1109 Al
365 1082 399 1109 δὲ
414 1081 596 1109 κατοικίδιοι.
613 1081 742 1112 Basilius,
763 1079 834 1106 hom.

58 1127 81 1159 8,
97 1128 147 1154 Kal
166 1129 193 1155 al.
215 1128 376 1155 κατοικίδιοι
396 1127 487 1163 ὄρνεις
503 1127 550 1154 ἐπὶ
574 1126 675 1157 παντὸς
691 1124 788 1161 καιροῦ
807 1124 837 1150 τὸ

58 1174 269 1200 «avocatae-ctbe
299 1173 431 1208 ἐχουσαιε
452 1178 479 1200 et
492 1171 663 1203 Aristoteles,
686 1171 734 1198 lib.
755 1177 770 1196 v
800 1169 837 1195 De

58 1220 112 1248 hist.
131 1221 255 1253 animal.,
274 1228 336 1255 cap.
357 1220 406 1253 l5;
422 1223 449 1247 et
463 1219 579 1252 Plinius,
604 1219 652 1246 lib.
667 1226 695 1248 x,
714 1224 772 1251 cap.
790 1215 834 1243 57).

59 1266 86 1294 Et
100 1267 164 1294 ratio
175 1271 218 1294 est
230 1267 259 1294 in
273 1270 399 1302 promptu
415 1277 421 1293 :
438 1265 502 1300 quia
525 1264 690 1295 callidiorcs,
706 1267 732 1290 et
746 1263 836 1289 minus

60 1313 269 1341 revolutionibus
293 1317 447 1347 temporum
466 1311 601 1342 obnoxiae,
625 1318 676 1337 nec
696 1309 836 1336 laboribus

58 1358 150 1389 fractae.
169 1364 216 1386 aut
231 1362 318 1389 metu,
335 1357 378 1384 vel
394 1359 557 1392 tempestate
573 1354 680 1390 fugatae.

86 1415 141 1443 Col.
155 1414 207 1442 736
236 1415 286 1442 lin.
310 1414 335 1440 1.
354 1413 391 1441 Τὰ
405 1413 439 1439 δὲ
455 1411 596 1447 φίλυδρα.
614 1410 744 1442 Basilius,
760 1409 833 1437 hom.

56 1461 79 1494 8,
95 1461 173 1487 Πάλιν
195 1460 230 1487 τὰ
253 1459 368 1495 φίλυδρα
384 1458 437 1485 τῶν
453 1457 529 1490 ζώων
546 1455 723 1492 καταμαθὼν,
740 1455 836 1491 ἑτέραν

57 1508 82 1534 ὲν
100 1507 186 1539 αὐτοῖς
211 1505 385 1540 κατασκευὴν
401 1504 539 1539 εὑρήσεις,
559 1502 640 1534 πόδας
659 1501 721 1528 οὗτε
736 1501 835 1536 διεσχι-

57 1552 171 1587 σμένους,
187 1552 225 1583 ὡς
250 1552 312 1582 τοὺς
332 1551 381 1585 τῆς
401 1548 534 1584 κορώνης,
553 1548 614 1575 οὔτε
635 1548 779 1582 ἀγκύλους,
798 1548 835 1579 ὡς
849 1546 869 1573 C

56 1599 110 1630 τοὺς
120 1598 171 1624 τῶν
183 1597 377 1634 σαρκοφάγων,
393 1593 460 1623 ἀλλὰ
481 1596 591 1627 πλατεῖς
610 1595 657 1621 καὶ
677 1594 834 1629 ὑμενώδεις,

56 1645 94 1671 ἴνα
107 1645 202 1680 ῥαδίως
214 1644 399 1679 ὲπινήχωνται
412 1642 450 1677 τῷ
466 1641 552 1673 ὕδατι,
567 1642 648 1668 οἱονεὶ
660 1641 765 1673 κώπαις
780 1640 835 1667 τισὶ

55 1692 104 1722 τοῖς
117 1691 167 1717 τῶν
184 1689 274 1716 ποδῶν
287 1688 368 1724 ὑμέσι
381 1687 411 1714 τὺ
426 1687 507 1723 ὑγρὸν
517 1686 702 1722 διωθούμενοι.

85 1747 160 1781 lbid.,
172 1749 221 1775 lin.
234 1747 262 1774 6.
283 1747 310 1773 '0
323 1745 357 1772 δὲ
369 1745 482 1778 κύκνος
492 1745 691 1779 μακρότερον.
705 1742 833 1772 Basilius,

56 1793 121 1821 hom.
137 1793 163 1827 8,
184 1792 250 1820 Ἐὰν
263 1791 292 1818 δὲ
307 1789 470 1826 καταμάθῃς
481 1790 555 1821 ὅπως
566 1790 606 1820 εἰς
618 1788 700 1824 βάθος
713 1789 727 1814 ὁ
737 1787 835 1818 κύκνος

55 1840 149 1871 καθιεὶς
164 1839 209 1866 τὸν
225 1839 330 1875 αὐχένα
346 1837 467 1865 κάτωθεν
485 1835 573 1871 ἑαυτῴ
587 1835 636 1870 τὴν
650 1833 752 1870 τροφὴν
767 1834 834 1860 ἁνα-

55 1885 134 1921 φέρει,
152 1886 212 1913 τίετε
229 1886 357 1920 εὑρήσεις
376 1883 426 1919 τὴν
449 1879 546 1917 σόφίαν
561 1881 607 1908 τοῦ
623 1880 775 1911 κτίσαντος,
793 1880 834 1906 ὅτι

54 1931 92 1958 διὰ
111 1932 187 1959 τοῦτο
205 1931 376 1967 μακρότερον
399 1928 453 1955 τῶν
468 1927 555 1954 ποδῶν
570 1927 615 1954 τὸν
633 1926 734 1962 αὐχένα
751 1933 833 1961 προπ-

55 1977 152 2012 έΘηκεν,
168 1977 213 2004 ἵνα
226 1976 322 2011 ὥσπερ
343 1974 405 2001 τινὰ
425 1973 525 2009 ὁρμιὰν
541 1972 668 2007 κατάγων
684 1971 733 2007 τὴν
749 1971 778 1997 ὲν
794 1969 832 2005 τῷ

55 2021 122 2056 βάθει
134 2021 328 2058 κεκρυμμένην
339 2020 442 2056 τροφὴν
458 2018 644 2054 ἐκπορίζηται.

84 2078 160 2112 lbid.,
186 2079 238 2105 lin.
262 2078 290 2105 8.
321 2076 382 2103 Τῶν
401 2076 435 2102 δὲ
454 2075 565 2110 ὀρνέων
588 2072 698 2100 πολλά.
722 2072 760 2098 De
779 2072 831 2098 hoc

55 2122 123 2157 plura
140 2123 314 2155 Aristoteles,
336 2123 382 2148 lib.
403 2129 431 2147 ιιι
456 2121 491 2147 De
509 2120 571 2147 hist.
596 2121 689 2150 anim,
707 2126 767 2154 cap.
786 2119 828 2150 l2,

54 2173 77 2196 et
90 2169 133 2197 lib.
153 2178 190 2200 Ix,
203 2177 266 2204 cap.
281 2169 326 2200 Η,
342 2172 369 2195 et
388 2167 502 2198 Plinius,
519 2167 565 2193 lib.
583 2174 611 2197 ιι.
624 2173 683 2200 cap.
696 2166 740 2192 t9.

84 2214 157 2246 lbid..
171 2216 220 2244 lin.
234 2215 260 2242 9.
283 2215 309 2241 Ὀ
324 2214 380 2249 γὰρ
391 2213 547 2247 κόττυφος.
563 2211 734 2243 Aristoteles,
744 2210 828 2238 lib.tx
845 2213 866 2240 Ι)

54 2259 87 2287 De
102 2261 163 2289 hist.
175 2263 271 2292 anim.,
288 2268 350 2296 cap.
364 2260 409 2292 49,
425 2259 479 2286 Καὶ
495 2258 561 2285 ἄλλα
574 2258 602 2284 δὲ
618 2257 702 2284 πολλὰ
715 2256 769 2283 τῶν
782 2257 828 2292 ὀρ-

53 2307 126 2334 νίθων
142 2307 338 2343 μεταϐάλλουσι
355 2306 424 2333 κατὰ
443 2305 492 2336 τὰς
510 2304 591 2340 ὧρας,
610 2304 657 2330 καὶ
673 2303 702 2330 τὸ
719 2302 827 2339 χρῶμα,

53 2353 95 2378 καὶ
107 2353 153 2388 τὴν
169 2353 272 2388 φωνὴν,
287 2349 342 2378 οἷον
355 2352 369 2377 ὁ
381 2351 513 2385 κόττυφος
523 2350 582 2376 ἀντὶ
599 2349 712 2384 μέλανος
722 2348 827 2382 ξανθὸς,

53 2396 95 2422 καὶ
105 2397 151 2432 τὴν
165 2397 257 2432 φωνὴν
274 2396 353 2431 ῐσχει.
377 2395 420 2421 Ἑν
436 2394 483 2430 μὲν
495 2395 548 2429 γὰρ
562 2393 599 2428 τῷ
613 2393 685 2425 Θέρει
697 2392 763 2428 ᾄδει,
781 2392 827 2418 τοῦ

52 2442 78 2469 δὲ
90 2443 219 2478 χειμῶνος
229 2443 357 2477 παταγεῖ,
373 2442 533 2476 καὶγίνεται
547 2440 706 2476 θορυὸώδες.
720 2439 758 2466 Ex
773 2447 827 2474 quo

54 2496 97 2516 sua
111 2489 204 2518 habuit
220 2489 325 2516 Plinius
341 2489 368 2515 d.
385 2489 456 2515 loco.
477 2486 578 2514 Merula
597 2495 627 2514 ex
648 2486 725 2522 nigra
745 2486 826 2513 ruiie-
842 2506 844 2508 .

54 2536 109 2568 scit,
125 2537 198 2564 canit
219 2539 325 2567 (state,
342 2535 430 2562 hieme
446 2534 571 2564 balbutit,
589 2533 662 2560 circa
680 2532 825 2560 solstitium

53 2585 131 2609 muta.

84 2627 158 2659 lbid.,
174 2629 222 2656 lin.
242 2629 284 2657 ιο.
305 2628 380 2655 Ἡδὲ
396 2627 496 2661 ἀηδὼν
512 2625 545 2652 τὸ
565 2625 676 2660 χρῶμα.
696 2625 824 2655 Basilius.

54 2672 120 2702 hum.
138 2674 164 2706 8,
178 2674 240 2705 Πῶς
255 2675 392 2710 ἄγρυπνον
411 2674 428 2707 ἠ
449 2671 549 2707 ἀηδὼν,
573 2672 635 2697 ὅταν
656 2671 765 2706 ὲπωάζῃ
783 2671 825 2698 διὰ

54 2719 135 2754 πάσης
156 2720 252 2751 νυκτὸς
269 2721 318 2754 τῆς
343 2719 473 2754 μελῳδίας
497 2718 534 2753 μὴ
553 2717 735 2752 ἁπολήγουσα.
753 2717 825 2744 Con-

54 2762 106 2790 sule
121 2763 233 2790 Aristot.
249 2763 276 2790 d.
297 2764 366 2790 loco.
384 2762 574 2790 Lusciniarum
592 2767 688 2789 cantus
707 2762 824 2789 varieta-

53 2809 113 2838 tem.
125 2811 152 2835 et
163 2808 326 2835 suavitatem
342 2807 545 2842 elegantissime
559 2808 696 2842 expressit
709 2806 823 2840 Plinius,

55 2851 97 2881 lib.
111 2861 138 2887 ι,
152 2862 212 2888 cap.
225 2853 271 2887 29,
287 2857 314 2882 et
327 2853 471 2882 Homerus.

612 141 644 169 IN
665 141 849 184 ευετιιτιιιι
870 143 1106 174 ΗΕΧΑΕΜΕΠΟΝ
1127 142 1241 174 NOTAE.

1624 147 1674 175 9|!

926 200 1006 234 lbid.,
1024 202 1072 230 lin.
1087 203 1130 230 14.
1152 204 1234 231 Ἔνια
1249 204 1282 231 δὲ
1294 204 1354 232 τῶν
1368 205 1488 239 ὀρνέων.
1504 204 1541 233 De
1556 205 1599 233 his
1614 206 1675 232 vide

891 246 1078 281 Aristotelem,
1094 248 1243 282 (Elianum,
1263 250 1378 277 Plinium
1394 255 1420 278 et
1435 251 1514 278 alios.

926 293 1006 325 lbid.,
1038 294 1086 320 lin.
1117 295 1161 322 16.
1194 295 1281 323 Ἀλλὰ
1303 297 1423 330 καὶτὰς
1442 297 1673 332 ὑπογπστριους.

891 337 1010 366 Consule
1025 340 1210 373 Aristotelem,
1223 342 1270 370 lib.
1281 350 1318 374 vi,
1339 342 1383 378 De;
1393 343 1454 370 hist.
1469 343 1562 375 anim.,
1575 350 1635 377 cap.
1647 342 1672 374 l,

891 387 918 410 et
931 382 1060 416 Plinium,
1078 385 1125 412 lib.
1144 393 1184 418 tu,
1200 393 1260 421 cap.
1277 387 1320 413 53.

928 427 1007 460 lbid.,
1028 429 1078 456 lin.
1092 430 1135 457 19.
1154 431 1188 457 Αἱ
1207 429 1240 456 δὲ
1252 429 1367 463 θήλειαι
1385 430 1488 464 ὄρνεις.
1505 430 1672 462 Aristoteles,

889 473 936 501 lib.
956 481 992 506 tv,
1011 474 1049 502 De
1071 483 1157 510 gener.
1184 477 1266 502 anim.
1288 483 1348 511 cap.
1366 476 1392 507 5,
1411 476 1488 511 μόνα,
1510 477 1606 513 inquit,
1620 477 1674 503 τῶν

890 519 967 551 ζώων
983 520 1074 556 ὀχείαν
1098 521 1266 556 ἐπιδέχονται
1288 522 1404 550 κυοῦντα
1425 521 1493 558 γύνη
1513 522 1559 549 καὶ¹
1580 522 1671 555 ἵππος.

892 565 982 593 Hor-us
996 566 1030 593 de
1043 567 1133 601 aquila
1149 568 1244 594 scribit
1259 577 1266 595 :
1281 567 1348 595 Cum
1362 568 1465 603 reliqua
1481 569 1608 596 animalia
1619 577 1673 597 non

889 618 998 646 semper
1014 613 1083 638 mari
1107 612 1140 639 ad
1167 620 1273 640 omnem
1295 613 1450 641 tnislionem
1472 621 1568 649 parere
1580 615 1673 645 velint,

889 658 979 692 aquila
1005 665 1122 693 semper.
1151 657 1296 686 Terdecies
1322 659 1395 687 enim
1411 661 1436 687 in
1451 660 1494 687 die
1517 667 1673 695 compressa

889 707 1032 738 postquam
1049 704 1178 736 surrexit,
1195 705 1217 731 si
1246 712 1304 732 mas
1327 709 1414 736 vocet,
1431 706 1521 733 denuo
1542 707 1672 739 accurrit,

889 748 958 776 adeo
970 749 997 776 in
1013 748 1144 777 Venerem
1160 757 1245 784 prona
1261 756 1311 778 est.
1330 750 1376 778 Sic
1390 750 1541 786 Oppianus,
1559 752 1607 780 lib.
1633 761 1672 785 ιιι,

890 795 994 831 Κυνηγ.
1016 795 1146 823 Ursarum
1162 796 1290 824 eti'rcnem
1307 797 1345 823 ait
1360 805 1420 825 esse
1440 798 1591 828 libidinem.
1608 799 1674 826 adeo

890 846 919 868 ut
936 849 969 869 ne
986 841 1093 876 quidem
1110 843 1269 878 gestationis
1283 847 1403 878 tempore
1426 851 1441 871 a
1462 845 1608 872 concubitu
1625 845 1675 873 ab-

890 888 1009 916 stineant
1020 897 1027 922 ;
1040 888 1155 921 Plinius,
1169 889 1216 916 lib.
1229 897 1276 919 vn.
1290 897 1349 924 cap.
1364 890 1406 916 H.
1421 889 1522 918 Praeter
1533 891 1674 919 mulierem

890 941 976 968 pauca
990 934 1117 961 animalia
1133 934 1233 961 coitum
1250 942 1350 962 no'tere
1370 935 1488 970 gravida.
1507 935 1596 962 Unum
1612 938 1674 971 qui-

889 977 949 1005 dem
969 983 1016 1005 aut.
1037 978 1151 1006 alterum
1169 979 1327 1012 superfetat.
1350 978 1436 1014 Hujus
1454 983 1543 1007 autem
1563 987 1673 1008 causam

888 1024 978 1051 reddit
993 1023 1161 1057 Lactantius,
1175 1025 1223 1052 lib.
1237 1033 1264 1052 vr
1290 1025 1379 1052 Divin.
1393 1025 1598 1058 institutionum,
1611 1033 1672 1060 cap.

887 1069 942 1103 23;
958 1077 1039 1106 quam
1062 1072 1143 1099 etiam
1170 1071 1370 1101 incertitudinis
1396 1072 1424 1099 in
1447 1076 1569 1108 tempore
1586 1073 1674 1100 coitus

887 1124 998 1144 causam
1018 1117 1188 1149 Ambrosius,
1203 1126 1230 1150 ν,
1248 1117 1389 1149 Ilexaem.,
1416 1125 1477 1153 cap.
1492 1118 1536 1149 10.
1551 1117 1589 1145 ait
1600 1126 1672 1149 esse.

888 1169 938 1189 cur
964 1162 991 1188 in
1006 1170 1103 1196 genere
1115 1163 1235 1190 humano
1248 1163 1345 1190 mulier
1359 1163 1463 1190 nullum
1479 1164 1576 1192 habeat
1589 1164 1671 1192 ﬁxum

888 1215 920 1235 ac
943 1212 1043 1236 svatum
1067 1210 1130 1236 anni
1146 1215 1252 1246 tempus
1268 1211 1301 1237 ad
1318 1211 1489 1245 pariendum,
1503 1215 1532 1238 ut
1550 1211 1606 1239 fere
1620 1220 1672 1240 caa-

887 1256 943 1280 tera
957 1254 1095 1280 animalia.
1109 1253 1266 1290 Exemplum
1279 1263 1361 1288 super
1372 1255 1423 1282 hoc
1437 1255 1561 1283 Zenobia'
1573 1258 1671 1285 castis-

887 1297 962 1324 simae
973 1297 1189 1326 Palmirenorum
1207 1300 1306 1334 regina:
1323 1300 1405 1327 habes
1419 1300 1491 1335 apud
1506 1299 1672 1329 Trebellium

886 1343 1047 1372 Pollionem.

922 1389 1002 1421 lbid.,
1021 1389 1069 1416 lin.
1084 1389 1129 1422 2‘2,
1148 1392 1181 1418 Ol
1194 1390 1228 1418 δὲ
1251 1390 1391 1426 κάνθαροι
1406 1391 1469 1419 ἐάν.
1493 1391 1567 1420 Idem
1588 1391 1672 1420 refert

887 1434 1104 1470 Theophrastus,
1122 1436 1159 1463 De
1175 1437 1299 1464 odoribus
1311 1444 1321 1464 :
1334 1438 1470 1465 Collecwr
1485 1437 1670 1473 Geoponicon.,

886 1480 934 1507 lib.
951 1489 1005 1512 xlv,
1022 1488 1081 1516 cap.
1094 1481 1161 1516 uit.;
1177 1482 1347 1515 Aristoteles,
1361 1483 1406 1510 lib.
1421 1484 1490 1518 Περὶ
1500 1484 1672 1519 θαυμασίων

886 1525 1101 1560 ἁκουσμάτων;
1116 1525 1251 1559 Ειίτιηυε,
1268 1527 1316 1555 lib.
1337 1536 1374 1559 tv,
1388 1536 1448 1564 cap.
1470 1529 1512 1563 18,
1530 1529 1671 1565 Κάνθαρον

886 1573 915 1600 δὲ
928 1573 1046 1606 ἀπολεῖς,
1063 1574 1087 1600 ει
1103 1574 1234 1610 autem;
1253 1575 1306 1601 τῶν
1321 1575 1405 1610 ῥόδων
1427 1575 1510 1611 αὐτῷ.
1527 1575 1617 1608 Quare
1633 1577 1670 1603 nil

887 1619 996 1653 mirum,
1016 1620 1038 1647 si
1059 1619 1273 1655 impurissimum
1290 1621 1341 1648 hoc
1359 1621 1458 1648 animal
1485 1621 1671 1656 impurissimo

886 1666 1028 1694 Moamethi
1047 1667 1083 1693 ita
1099 1666 1179 1693 fuerit
1192 1666 1316 1698 charum,
1333 1671 1360 1694 et
1372 1667 1399 1693 in
1413 1667 1529 1698 deliciis,
1544 1673 1572 1695 ut
1593 1669 1669 1699 iussu

887 1712 932 1739 Dei
950 1713 976 1739 id
1006 1713 1034 1739 in
1065 1712 1228 1739 sacriﬁcium
1258 1712 1397 1740 obtulerit.
1413 1713 1450 1739 Ita
1470 1714 1542 1740 enim
1557 1713 1621 1741 dicit
1636 1723 1668 1742 ex

886 1766 1000 1793 persona
1028 1758 1086 1791 Dei,
1108 1758 1202 1793 Ἡμεῖς
1226 1757 1380 1794 δεδώκαμεν
1403 1766 1455 1789 σοι,
1479 1759 1515 1785 ita
1533 1759 1670 1787 srribente

886 1804 1029 1839 Euthymio
1047 1804 1074 1831 in
1101 1803 1242 1838 Panoplia,
1271 1803 1314 1830 τὸν
1336 1804 1479 1840 κάνθαρον,
1502 1801 1578 1837 εὖξαι
1600 1805 1669 1842 πρὸς

885 1851 929 1877 τὸν
940 1849 1033 1886 κύριόν
1055 1858 1112 1882 σου,
1138 1851 1184 1876 καὶ
1205 1849 1315 1884 σφάξαν.
1333 1849 1527 1877 Admirandum
1544 1858 1611 1878 sane
1625 1859 1669 1878 sa-

884 1897 1028 1928 crificium,
1054 1900 1081 1923 et
1105 1896 1289 1931 magniﬁcum,
1318 1895 1420 1930 talique
1442 1896 1597 1931 legislature
1624 1896 1668 1924 di-

884 1949 977 1977 gnum.

918 1987 1000 2020 lbid.,
1018 1987 1067 2014 lin.
1083 1987 1129 2014 25.
1145 1988 1180 2014 At
1195 1986 1229 2012 δὲ
1242 1986 1387 2021 μέλισσαι
1406 1986 1455 2013 καὶ
1473 1985 1599 2021 σφῆκες.
1616 1985 1670 2012 Ba-

883 2033 970 2064 silius,
991 2032 1064 2059 hnm.
1082 2031 1110 2063 8,
1131 2031 1165 2058 de
1185 2031 1294 2064 iisdem,
1317 2031 1416 2067 Διόπερ
1430 2031 1476 2058 καὶ
1491 2031 1573 2066 ὲλαιῳ
1583 2039 1667 2057 κατα-

884 2078 1031 2114 ϐρεχθέντα
1063 2077 1202 2112 φθείρεται
1234 2076 1289 2104 τῶν
1321 2077 1411 2112 πόρων
1442 2077 1666 2112 ἀποφραγέντων.

883 2120 979 2156 Ὀξους
995 2124 1023 2150 δὲ
1041 2123 1122 2155 εὐθὺς
1137 2122 1337 2157 ὲπιόληθὲντος,
1362 2122 1442 2150 πάλιν
1459 2122 1666 2152 ἀναϐιώσκεται,

880 2168 935 2195 τῶν
958 2167 1082 2201 διεξόδων
1103 2168 1295 2204 ἀνοιγομένων.
1319 2168 1435 2200 Plinius,
1459 2169 1505 2196 lib.
1533 2176 1589 2200 nt,
1604 2176 1666 2203 cap.

883 2214 926 2244 12,
944 2213 982 2240 ait
1007 2217 1135 2240 constare
1160 2221 1225 2248 apes
1240 2213 1318 2240 olivae
1340 2213 1433 2240 ﬂorem
1449 2220 1502 2239 non
1522 2213 1664 2247 attingere,

883 2261 997 2295 ideoque
1006 2260 1075 2286 hanc
1091 2259 1216 2287 arborem
1231 2259 1325 2294 procul
1340 2266 1401 2286 esse
1413 2259 1510 2286 melius
1522 2263 1580 2286 est:
1593 2259 1666 2293 quod

883 2310 962 2333 antea
979 2313 1088 2336 vanum,
1114 2304 1269 2339 falsumque
1292 2311 1352 2332 esse
1369 2304 1529 2333 tradiderat.
1552 2303 1600 2330 lib.
1626 2311 1665 2336 xt,

881 2358 942 2386 cap.
961 2350 989 2380 8.
1006 2349 1100 2380 Falso.
1117 2355 1142 2376 et
1153 2350 1225 2377 oleas
1240 2350 1324 2384 excipi
1344 2348 1470 2380 arbitror,
1485 2349 1577 2383 quippe
1591 2349 1666 2375 alica:

880 2401 1005 2430 proventu
1031 2395 1145 2429 plurima
1169 2396 1291 2422 examina
1313 2395 1384 2429 gigni
1408 2400 1507 2420 certam
1533 2398 1582 2421 est.
1611 2393 1664 2420 Nec

881 2443 954 2470 aliud
972 2442 1093 2469 sensisse
1115 2441 1275 2468 Aristoteles
1292 2440 1406 2478 videtur,
1424 2440 1472 2466 lib.
1487 2448 1513 2471 v,
1535 2447 1596 2474 cap.
1617 2440 1662 2470 Ἡ,

882 2487 919 2514 De
945 2488 1038 2514 histor.
1070 2487 1164 2518 anim.,
1190 2486 1243 2513 illis
1270 2485 1370 2517 verbis,
1394 2484 1462 2511 Ἀλλ’
1485 2484 1590 2520 αὐχμοῦ
1615 2485 1664 2519 μὲν

880 2532 965 2564 δντος,
984 2532 1044 2567 μέλι
1058 2531 1219 2566 ἐργάζονται
1233 2530 1341 2566 μᾶλλον,
1355 2529 1506 2565 ἐπομϐρίας
1521 2529 1560 2561 δὲ,
1576 2529 1663 2563 γόνον.

880 2578 924 2604 Διὸ
943 2578 988 2604 καὶ
1002 2578 1059 2612 ἅμα
1075 2577 1216 2613 συμϐαίνει
1232 2575 1328 2603 ἐλαιῶν
1347 2576 1416 2611 φορὰ
1430 2576 1478 2602 καὶ
1490 2575 1591 2610 ἐσμῶν.
1612 2575 1664 2602 Eo-

880 2623 941 2649 dem
954 2623 1035 2657 igitur
1049 2628 1152 2649 natura:
1164 2623 1270 2657 ingenio
1285 2622 1408 2649 feruntur
1417 2622 1450 2648 ad
1463 2620 1567 2649 fructus
1581 2621 1663 2648 eden-
1679 2645 1684 2651 ,

880 2669 930 2696 dos
945 2668 1033 2699 olivae,
1051 2672 1077 2694 et
1096 2675 1170 2702 apes,
1195 2672 1222 2694 et
1239 2667 1310 2702 quod
1329 2667 1406 2694 oliva:
1424 2667 1552 2694 damnum
1573 2665 1661 2695 atl‘ert.

879 2714 950 2741 idem
965 2717 991 2740 et
1008 2713 1104 2747 apibus
1121 2718 1285 2740 uocumento
1295 2717 1347 2740 est.
1366 2712 1500 2740 Imbribus
1515 2712 1602 2739 olivas
1616 2711 1663 2738 mi~

879 2768 932 2787 nus
944 2759 1001 2787 olei.
1015 2759 1104 2786 facere
1129 2760 1221 2787 multis
1239 2759 1393 2786 rationibus
1421 2763 1449 2786 et
1470 2758 1663 2794 experimentis

879 2809 1049 2840 compertutn
1066 2813 1119 2837 est,
1139 2810 1166 2833 et
1191 2806 1362 2833 conﬁrmavit
1379 2805 1594 2840 Theophrastus.
1625 2804 1662 2832 De

880 2853 967 2880 causis
983 2852 1081 2886 plant,
1094 2851 1140 2880 lib.
1157 2859 1195 2885 Vt,
1213 2859 1272 2886 cap.
1288 2852 1330 2882 Η,
1349 2852 1408 2877 Ὀτι
1423 2851 1446 2877 δ’
1456 2851 1507 2877 οὐκ
1522 2851 1551 2877 ὲν
1565 2849 1662 2879 ἰ’-λήθει
