  <div class='ocr_page' id='page_1' title='image "/cluster/home/n/w/nwhite01/storage/ocr_20150623/18/njp.32101077772455/748.png"; bbox 0 0 1897 3073; ppageno 0'>
   <div class='ocr_carea' id='block_1_1' title="bbox 73 111 125 139">
    <p class='ocr_par' dir='ltr' id='par_1_1' title="bbox 73 111 125 139">
     <span class='ocr_line' id='line_1_1' title="bbox 73 111 125 139; baseline -0.019 0"><span class='ocrx_word' id='word_1_1' title='bbox 73 111 125 139; x_wconf 84' lang='lat' dir='ltr'><strong>9l&#39;l</strong></span> 
     </span>
    </p>
   </div>
   <div class='ocr_carea' id='block_1_2' title="bbox 635 113 1260 143">
    <p class='ocr_par' dir='ltr' id='par_1_2' title="bbox 635 113 1260 143">
     <span class='ocr_line' id='line_1_2' title="bbox 635 113 1260 143; baseline 0 -3"><span class='ocrx_word' id='word_1_2' title='bbox 635 113 667 141; x_wconf 80' lang='lat' dir='ltr'><strong>IN</strong></span> <span class='ocrx_word' id='word_1_3' title='bbox 687 114 872 143; x_wconf 72' lang='lat' dir='ltr'><strong>EUSTATHH</strong></span> <span class='ocrx_word' id='word_1_4' title='bbox 892 114 1125 143; x_wconf 74' lang='lat' dir='ltr'><strong>HEXAEMERON</strong></span> <span class='ocrx_word' id='word_1_5' title='bbox 1144 113 1260 141; x_wconf 63' lang='lat' dir='ltr'><strong>NOTAE.</strong></span> 
     </span>
    </p>
   </div>
   <div class='ocr_carea' id='block_1_3' title="bbox 1646 113 1697 140">
    <p class='ocr_par' dir='ltr' id='par_1_3' title="bbox 1646 113 1697 140">
     <span class='ocr_line' id='line_1_3' title="bbox 1646 113 1697 140; baseline 0 0"><span class='ocrx_word' id='word_1_6' title='bbox 1646 113 1697 140; x_wconf 79' lang='lat'><strong>918</strong></span> 
     </span>
    </p>
   </div>
   <div class='ocr_carea' id='block_1_4' title="bbox 71 169 854 212">
    <p class='ocr_par' dir='ltr' id='par_1_4' title="bbox 71 172 853 211">
     <span class='ocr_line' id='line_1_4' title="bbox 71 172 853 211; baseline 0.008 -13"><span class='ocrx_word' id='word_1_7' title='bbox 71 178 121 198; x_wconf 69' lang='lat' dir='ltr'><strong>ante</strong></span> <span class='ocrx_word' id='word_1_8' title='bbox 139 178 204 197; x_wconf 76' lang='lat' dir='ltr'><strong>eum</strong></span> <span class='ocrx_word' id='word_1_9' title='bbox 218 172 407 207; x_wconf 82' lang='lat' dir='ltr'><strong>conglobatur,</strong></span> <span class='ocrx_word' id='word_1_10' title='bbox 427 173 518 208; x_wconf 80' lang='lat' dir='ltr'><strong>cingit,</strong></span> <span class='ocrx_word' id='word_1_11' title='bbox 531 176 653 210; x_wconf 82' lang='lat' dir='ltr'><strong>protegit.</strong></span> <span class='ocrx_word' id='word_1_12' title='bbox 667 177 737 203; x_wconf 83' lang='lat' dir='ltr'><strong>cerni</strong></span> <span class='ocrx_word' id='word_1_13' title='bbox 756 185 806 204; x_wconf 88' lang='lat' dir='ltr'><strong>non</strong></span> <span class='ocrx_word' id='word_1_14' title='bbox 820 185 853 211; x_wconf 87' lang='lat' dir='ltr'><strong>pa</strong></span> 
     </span>
    </p>
   </div>
   <div class='ocr_carea' id='block_1_5' title="bbox 913 169 1698 212">
    <p class='ocr_par' dir='ltr' id='par_1_5' title="bbox 918 169 1698 212">
     <span class='ocr_line' id='line_1_5' title="bbox 918 169 1698 212; baseline -0.005 -9"><span class='ocrx_word' id='word_1_15' title='bbox 918 185 966 212; x_wconf 84' lang='grc' dir='ltr'><strong>την</strong></span> <span class='ocrx_word' id='word_1_16' title='bbox 986 178 1045 208; x_wconf 80' lang='grc' dir='ltr'><strong>ταῖς</strong></span> <span class='ocrx_word' id='word_1_17' title='bbox 1072 175 1207 210; x_wconf 77' lang='grc' dir='ltr'>κοιλότησι</span> <span class='ocrx_word' id='word_1_18' title='bbox 1230 173 1283 201; x_wconf 82' lang='grc' dir='ltr'><strong>τῶν</strong></span> <span class='ocrx_word' id='word_1_19' title='bbox 1307 173 1408 209; x_wconf 84' lang='grc' dir='ltr'><strong>κηρίων</strong></span> <span class='ocrx_word' id='word_1_20' title='bbox 1433 169 1549 209; x_wconf 65' lang='grc' dir='ltr'><strong>ἐνξῄσινο</strong></span> <span class='ocrx_word' id='word_1_21' title='bbox 1571 173 1631 200; x_wconf 70' lang='grc' dir='ltr'>ὅθεν</span> <span class='ocrx_word' id='word_1_22' title='bbox 1651 174 1698 199; x_wconf 67' lang='lat' dir='ltr'><strong>sui.</strong></span> 
     </span>
    </p>
   </div>
   <div class='ocr_carea' id='block_1_6' title="bbox 72 216 868 258">
    <p class='ocr_par' dir='ltr' id='par_1_6' title="bbox 72 216 868 258">
     <span class='ocr_line' id='line_1_6' title="bbox 72 216 868 258; baseline 0.009 -15"><span class='ocrx_word' id='word_1_23' title='bbox 72 217 148 244; x_wconf 87' lang='lat' dir='ltr'><strong>titur.</strong></span> <span class='ocrx_word' id='word_1_24' title='bbox 165 216 285 250; x_wconf 82' lang='lat' dir='ltr'><strong>Quibus</strong></span> <span class='ocrx_word' id='word_1_25' title='bbox 307 219 380 246; x_wconf 91' lang='lat' dir='ltr'><strong>addit</strong></span> <span class='ocrx_word' id='word_1_26' title='bbox 405 219 530 248; x_wconf 61' lang='lat' dir='ltr'><strong>(Elianus</strong></span> <span class='ocrx_word' id='word_1_27' title='bbox 547 221 607 248; x_wconf 89' lang='lat' dir='ltr'><strong>loco</strong></span> <span class='ocrx_word' id='word_1_28' title='bbox 624 222 651 250; x_wconf 88' lang='lat' dir='ltr'><strong>d.</strong></span> <span class='ocrx_word' id='word_1_29' title='bbox 675 223 756 250; x_wconf 88' lang='lat' dir='ltr'><strong>etiam</strong></span> <span class='ocrx_word' id='word_1_30' title='bbox 780 231 868 258; x_wconf 79' lang='lat' dir='ltr'><strong>regem</strong></span> 
     </span>
    </p>
   </div>
   <div class='ocr_carea' id='block_1_7' title="bbox 72 261 869 302">
    <p class='ocr_par' dir='ltr' id='par_1_7' title="bbox 72 261 869 302">
     <span class='ocr_line' id='line_1_7' title="bbox 72 261 869 302; baseline 0.009 -15"><span class='ocrx_word' id='word_1_31' title='bbox 72 261 222 296; x_wconf 78' lang='lat' dir='ltr'><strong>fugitivum</strong></span> <span class='ocrx_word' id='word_1_32' title='bbox 242 271 397 296; x_wconf 83' lang='lat' dir='ltr'><strong>accersere.</strong></span> <span class='ocrx_word' id='word_1_33' title='bbox 426 271 452 292; x_wconf 91' lang='lat' dir='ltr'><strong>et</strong></span> <span class='ocrx_word' id='word_1_34' title='bbox 477 265 503 292; x_wconf 95' lang='lat' dir='ltr'><strong>in</strong></span> <span class='ocrx_word' id='word_1_35' title='bbox 528 275 641 302; x_wconf 77' lang='lat' dir='ltr'><strong>regnum</strong></span> <span class='ocrx_word' id='word_1_36' title='bbox 657 268 797 296; x_wconf 87' lang='lat' dir='ltr'><strong>reducere.</strong></span> <span class='ocrx_word' id='word_1_37' title='bbox 818 269 869 295; x_wconf 82' lang='grc' dir='ltr'><strong>Τὸν</strong></span> 
     </span>
    </p>
   </div>
   <div class='ocr_carea' id='block_1_8' title="bbox 73 307 866 350">
    <p class='ocr_par' dir='ltr' id='par_1_8' title="bbox 73 307 866 350">
     <span class='ocr_line' id='line_1_8' title="bbox 73 307 866 350; baseline 0.01 -17"><span class='ocrx_word' id='word_1_38' title='bbox 73 307 188 342; x_wconf 79' lang='grc' dir='ltr'><strong>βασιλέα</strong></span> <span class='ocrx_word' id='word_1_39' title='bbox 206 309 304 337; x_wconf 82' lang='grc' dir='ltr'>αὐτῶν</span> <span class='ocrx_word' id='word_1_40' title='bbox 324 311 352 338; x_wconf 76' lang='grc' dir='ltr'><strong>αἱ</strong></span> <span class='ocrx_word' id='word_1_41' title='bbox 375 311 496 345; x_wconf 80' lang='grc' dir='ltr'><strong>μέλιτται</strong></span> <span class='ocrx_word' id='word_1_42' title='bbox 518 313 604 348; x_wconf 83' lang='grc' dir='ltr'>πρᾶον</span> <span class='ocrx_word' id='word_1_43' title='bbox 619 313 682 340; x_wconf 77' lang='grc' dir='ltr'>ὅντα</span> <span class='ocrx_word' id='word_1_44' title='bbox 696 314 742 340; x_wconf 74' lang='grc' dir='ltr'><strong>καὶ</strong></span> <span class='ocrx_word' id='word_1_45' title='bbox 755 313 866 350; x_wconf 74' lang='grc' dir='ltr'>ἥμερον,</span> 
     </span>
    </p>
   </div>
   <div class='ocr_carea' id='block_1_9' title="bbox 72 351 868 394">
    <p class='ocr_par' dir='ltr' id='par_1_9' title="bbox 72 351 868 394">
     <span class='ocr_line' id='line_1_9' title="bbox 72 351 868 394; baseline 0.01 -16"><span class='ocrx_word' id='word_1_46' title='bbox 72 351 118 378; x_wconf 76' lang='grc' dir='ltr'><strong>καὶ</strong></span> <span class='ocrx_word' id='word_1_47' title='bbox 130 354 202 388; x_wconf 83' lang='grc' dir='ltr'>όμοῡ</span> <span class='ocrx_word' id='word_1_48' title='bbox 216 363 245 381; x_wconf 80' lang='grc' dir='ltr'><strong>τι</strong></span> <span class='ocrx_word' id='word_1_49' title='bbox 262 356 311 382; x_wconf 77' lang='grc' dir='ltr'><strong>καὶ</strong></span> <span class='ocrx_word' id='word_1_50' title='bbox 324 356 535 393; x_wconf 83' lang='grc' dir='ltr'>ἄκεντρον,ὅταν</span> <span class='ocrx_word' id='word_1_51' title='bbox 549 357 632 389; x_wconf 83' lang='grc' dir='ltr'><strong>αὑτὰς</strong></span> <span class='ocrx_word' id='word_1_52' title='bbox 646 359 774 394; x_wconf 75' lang='grc' dir='ltr'><strong>ἀπολίπῃ,</strong></span> <span class='ocrx_word' id='word_1_53' title='bbox 788 368 868 394; x_wconf 82' lang='grc' dir='ltr'><strong>μετα-</strong></span> 
     </span>
    </p>
   </div>
   <div class='ocr_carea' id='block_1_10' title="bbox 73 397 866 439">
    <p class='ocr_par' dir='ltr' id='par_1_10' title="bbox 73 397 866 439">
     <span class='ocr_line' id='line_1_10' title="bbox 73 397 866 439; baseline 0.009 -15"><span class='ocrx_word' id='word_1_54' title='bbox 73 397 163 425; x_wconf 80' lang='grc' dir='ltr'><strong>θέουσι</strong></span> <span class='ocrx_word' id='word_1_55' title='bbox 186 408 231 431; x_wconf 65' lang='lat' dir='ltr'><strong>te,</strong></span> <span class='ocrx_word' id='word_1_56' title='bbox 261 402 310 428; x_wconf 76' lang='grc' dir='ltr'><strong>καὶ</strong></span> <span class='ocrx_word' id='word_1_57' title='bbox 333 402 459 429; x_wconf 82' lang='grc' dir='ltr'><strong>διώκουσι</strong></span> <span class='ocrx_word' id='word_1_58' title='bbox 483 403 588 437; x_wconf 76' lang='grc' dir='ltr'>φυγάδα</span> <span class='ocrx_word' id='word_1_59' title='bbox 613 403 662 438; x_wconf 82' lang='grc' dir='ltr'><strong>τῆς</strong></span> <span class='ocrx_word' id='word_1_60' title='bbox 685 404 772 439; x_wconf 80' lang='grc' dir='ltr'><strong>ἀρχῆς</strong></span> <span class='ocrx_word' id='word_1_61' title='bbox 793 405 866 432; x_wconf 79' lang='grc' dir='ltr'>ὄντα.</span> 
     </span>
    </p>
   </div>
   <div class='ocr_carea' id='block_1_11' title="bbox 79 443 867 484">
    <p class='ocr_par' dir='ltr' id='par_1_11' title="bbox 79 443 867 484">
     <span class='ocr_line' id='line_1_11' title="bbox 79 443 867 484; baseline 0.008 -14"><span class='ocrx_word' id='word_1_62' title='bbox 79 443 277 479; x_wconf 78' lang='grc' dir='ltr'><strong>Ῥινηλατοῦσι</strong></span> <span class='ocrx_word' id='word_1_63' title='bbox 293 447 321 473; x_wconf 80' lang='grc' dir='ltr'><strong>δὲ</strong></span> <span class='ocrx_word' id='word_1_64' title='bbox 336 447 418 474; x_wconf 79' lang='grc' dir='ltr'>αὐτὸν</span> <span class='ocrx_word' id='word_1_65' title='bbox 428 448 599 484; x_wconf 82' lang='grc' dir='ltr'><strong>ἀπορῤήτως,</strong></span> <span class='ocrx_word' id='word_1_66' title='bbox 615 449 662 475; x_wconf 80' lang='grc' dir='ltr'><strong>καὶ</strong></span> <span class='ocrx_word' id='word_1_67' title='bbox 673 449 705 475; x_wconf 86' lang='grc' dir='ltr'><strong>ὲκ</strong></span> <span class='ocrx_word' id='word_1_68' title='bbox 716 449 766 484; x_wconf 76' lang='grc' dir='ltr'><strong>τῆς</strong></span> <span class='ocrx_word' id='word_1_69' title='bbox 780 449 867 484; x_wconf 74' lang='grc' dir='ltr'><strong>ὀσμῆς</strong></span> 
     </span>
    </p>
   </div>
   <div class='ocr_carea' id='block_1_12' title="bbox 70 490 866 529">
    <p class='ocr_par' dir='ltr' id='par_1_12' title="bbox 70 490 866 529">
     <span class='ocr_line' id='line_1_12' title="bbox 70 490 866 529; baseline 0.006 -13"><span class='ocrx_word' id='word_1_70' title='bbox 70 490 120 526; x_wconf 78' lang='grc' dir='ltr'><strong>τῆς</strong></span> <span class='ocrx_word' id='word_1_71' title='bbox 134 491 202 526; x_wconf 79' lang='grc' dir='ltr'><strong>περὶ</strong></span> <span class='ocrx_word' id='word_1_72' title='bbox 215 493 303 519; x_wconf 80' lang='grc' dir='ltr'>αὐτὸν</span> <span class='ocrx_word' id='word_1_73' title='bbox 313 493 431 529; x_wconf 77' lang='grc' dir='ltr'><strong>αἱροῦσι,</strong></span> <span class='ocrx_word' id='word_1_74' title='bbox 452 494 498 520; x_wconf 79' lang='grc' dir='ltr'><strong>καὶ</strong></span> <span class='ocrx_word' id='word_1_75' title='bbox 514 495 541 526; x_wconf 74' lang='grc' dir='ltr'><strong>ἐς</strong></span> <span class='ocrx_word' id='word_1_76' title='bbox 555 495 604 529; x_wconf 80' lang='grc' dir='ltr'>τὴν</span> <span class='ocrx_word' id='word_1_77' title='bbox 617 494 752 529; x_wconf 77' lang='grc' dir='ltr'><strong>βασιλείαν</strong></span> <span class='ocrx_word' id='word_1_78' title='bbox 765 495 866 522; x_wconf 76' lang='grc' dir='ltr'><strong>ἐπανά-</strong></span> 
     </span>
    </p>
   </div>
   <div class='ocr_carea' id='block_1_13' title="bbox 71 538 867 576">
    <p class='ocr_par' dir='ltr' id='par_1_13' title="bbox 71 538 867 576">
     <span class='ocr_line' id='line_1_13' title="bbox 71 538 867 576; baseline 0.006 -13"><span class='ocrx_word' id='word_1_79' title='bbox 71 545 177 571; x_wconf 80' lang='grc' dir='ltr'><strong>γουσιν,</strong></span> <span class='ocrx_word' id='word_1_80' title='bbox 195 538 316 566; x_wconf 75' lang='grc' dir='ltr'><strong>ἑκοῦσαι</strong></span> <span class='ocrx_word' id='word_1_81' title='bbox 332 547 361 565; x_wconf 83' lang='grc' dir='ltr'>τε</span> <span class='ocrx_word' id='word_1_82' title='bbox 378 539 425 566; x_wconf 76' lang='grc' dir='ltr'><strong>καὶ</strong></span> <span class='ocrx_word' id='word_1_83' title='bbox 442 539 601 575; x_wconf 83' lang='grc' dir='ltr'>βουλόμεναι</span> <span class='ocrx_word' id='word_1_84' title='bbox 619 540 666 567; x_wconf 82' lang='grc' dir='ltr'><strong>τοῦ</strong></span> <span class='ocrx_word' id='word_1_85' title='bbox 681 541 782 576; x_wconf 82' lang='grc' dir='ltr'><strong>τρόπου</strong></span> <span class='ocrx_word' id='word_1_86' title='bbox 799 541 867 575; x_wconf 84' lang='grc' dir='ltr'><strong>ἀγά-</strong></span> 
     </span>
    </p>
   </div>
   <div class='ocr_carea' id='block_1_14' title="bbox 72 583 866 623">
    <p class='ocr_par' dir='ltr' id='par_1_14' title="bbox 72 583 866 623">
     <span class='ocr_line' id='line_1_14' title="bbox 72 583 866 623; baseline 0.006 -13"><span class='ocrx_word' id='word_1_87' title='bbox 72 591 164 618; x_wconf 68' lang='grc' dir='ltr'><strong>μεναι.</strong></span> <span class='ocrx_word' id='word_1_88' title='bbox 179 583 333 616; x_wconf 86' lang='lat' dir='ltr'><strong>Quomodo</strong></span> <span class='ocrx_word' id='word_1_89' title='bbox 347 591 436 612; x_wconf 90' lang='lat' dir='ltr'><strong>autem</strong></span> <span class='ocrx_word' id='word_1_90' title='bbox 451 593 506 613; x_wconf 90' lang='lat' dir='ltr'><strong>una</strong></span> <span class='ocrx_word' id='word_1_91' title='bbox 517 594 580 613; x_wconf 87' lang='lat' dir='ltr'><strong>cum</strong></span> <span class='ocrx_word' id='word_1_92' title='bbox 597 594 659 622; x_wconf 75' lang='lat' dir='ltr'><strong>rege</strong></span> <span class='ocrx_word' id='word_1_93' title='bbox 673 587 799 621; x_wconf 78' lang='lat' dir='ltr'><strong>migrant,</strong></span> <span class='ocrx_word' id='word_1_94' title='bbox 811 595 866 623; x_wconf 91' lang='lat' dir='ltr'><strong>quo</strong></span> 
     </span>
    </p>
   </div>
   <div class='ocr_carea' id='block_1_15' title="bbox 71 629 866 664">
    <p class='ocr_par' dir='ltr' id='par_1_15' title="bbox 71 629 866 664">
     <span class='ocr_line' id='line_1_15' title="bbox 71 629 866 664; baseline 0.006 -9"><span class='ocrx_word' id='word_1_95' title='bbox 71 629 162 664; x_wconf 75' lang='lat' dir='ltr'><strong>signo,</strong></span> <span class='ocrx_word' id='word_1_96' title='bbox 195 638 256 664; x_wconf 82' lang='lat' dir='ltr'><strong>qua</strong></span> <span class='ocrx_word' id='word_1_97' title='bbox 286 638 360 663; x_wconf 92' lang='lat' dir='ltr'><strong>voce,</strong></span> <span class='ocrx_word' id='word_1_98' title='bbox 385 635 412 658; x_wconf 88' lang='lat' dir='ltr'><strong>et</strong></span> <span class='ocrx_word' id='word_1_99' title='bbox 437 631 618 664; x_wconf 74' lang='lat' dir='ltr'><strong>observantia,</strong></span> <span class='ocrx_word' id='word_1_100' title='bbox 644 631 803 660; x_wconf 81' lang='lat' dir='ltr'><strong>Aristoteles</strong></span> <span class='ocrx_word' id='word_1_101' title='bbox 828 633 866 661; x_wconf 80' lang='lat' dir='ltr'><strong>De</strong></span> 
     </span>
    </p>
   </div>
   <div class='ocr_carea' id='block_1_16' title="bbox 71 674 837 712">
    <p class='ocr_par' dir='ltr' id='par_1_16' title="bbox 71 674 837 712">
     <span class='ocr_line' id='line_1_16' title="bbox 71 674 837 712; baseline 0.007 -11"><span class='ocrx_word' id='word_1_102' title='bbox 71 674 167 702; x_wconf 83' lang='lat' dir='ltr'><strong>histor.</strong></span> <span class='ocrx_word' id='word_1_103' title='bbox 187 677 292 707; x_wconf 84' lang='lat' dir='ltr'><strong>anim.,</strong></span> <span class='ocrx_word' id='word_1_104' title='bbox 308 676 355 704; x_wconf 86' lang='lat' dir='ltr'><strong>lib.</strong></span> <span class='ocrx_word' id='word_1_105' title='bbox 371 685 408 707; x_wconf 77' lang='grc' dir='ltr'><strong>ιι.</strong></span> <span class='ocrx_word' id='word_1_106' title='bbox 422 685 483 712; x_wconf 82' lang='lat' dir='ltr'><strong>cap.</strong></span> <span class='ocrx_word' id='word_1_107' title='bbox 497 677 542 709; x_wconf 71' lang='lat' dir='ltr'><strong>L0,</strong></span> <span class='ocrx_word' id='word_1_108' title='bbox 555 681 582 705; x_wconf 89' lang='lat' dir='ltr'><strong>et</strong></span> <span class='ocrx_word' id='word_1_109' title='bbox 599 677 712 709; x_wconf 92' lang='lat' dir='ltr'><strong>Plinius,</strong></span> <span class='ocrx_word' id='word_1_110' title='bbox 726 678 753 706; x_wconf 90' lang='lat' dir='ltr'><strong>d.</strong></span> <span class='ocrx_word' id='word_1_111' title='bbox 766 679 837 706; x_wconf 89' lang='lat' dir='ltr'><strong>loco.</strong></span> 
     </span>
    </p>
   </div>
   <div class='ocr_carea' id='block_1_17' title="bbox 105 719 864 756">
    <p class='ocr_par' dir='ltr' id='par_1_17' title="bbox 105 719 864 756">
     <span class='ocr_line' id='line_1_17' title="bbox 105 719 864 756; baseline 0.005 -9"><span class='ocrx_word' id='word_1_112' title='bbox 105 719 189 753; x_wconf 85' lang='lat' dir='ltr'><strong>lbid.,</strong></span> <span class='ocrx_word' id='word_1_113' title='bbox 207 721 260 749; x_wconf 91' lang='lat' dir='ltr'><strong>lin.</strong></span> <span class='ocrx_word' id='word_1_114' title='bbox 273 721 319 748; x_wconf 73' lang='grc'>29.</span> <span class='ocrx_word' id='word_1_115' title='bbox 339 721 422 749; x_wconf 81' lang='grc' dir='ltr'><strong>Ἐστι</strong></span> <span class='ocrx_word' id='word_1_116' title='bbox 436 721 470 748; x_wconf 77' lang='grc' dir='ltr'><strong>δὲ</strong></span> <span class='ocrx_word' id='word_1_117' title='bbox 484 722 587 755; x_wconf 83' lang='grc' dir='ltr'><strong>αὐταῖς</strong></span> <span class='ocrx_word' id='word_1_118' title='bbox 603 720 700 756; x_wconf 58' lang='lat' dir='ltr'><strong>mirae.</strong></span> <span class='ocrx_word' id='word_1_119' title='bbox 720 722 778 750; x_wconf 84' lang='lat' dir='ltr'><strong>Non</strong></span> <span class='ocrx_word' id='word_1_120' title='bbox 792 723 864 751; x_wconf 83' lang='lat' dir='ltr'><strong>enim</strong></span> 
     </span>
    </p>
   </div>
   <div class='ocr_carea' id='block_1_18' title="bbox 71 766 865 805">
    <p class='ocr_par' dir='ltr' id='par_1_18' title="bbox 71 766 865 805">
     <span class='ocr_line' id='line_1_18' title="bbox 71 766 865 805; baseline 0.005 -12"><span class='ocrx_word' id='word_1_121' title='bbox 71 766 187 802; x_wconf 68' lang='lat' dir='ltr'><strong>eligunt,</strong></span> <span class='ocrx_word' id='word_1_122' title='bbox 203 768 257 795; x_wconf 88' lang='lat' dir='ltr'><strong>sed</strong></span> <span class='ocrx_word' id='word_1_123' title='bbox 270 768 443 796; x_wconf 85' lang='lat' dir='ltr'><strong>successione</strong></span> <span class='ocrx_word' id='word_1_124' title='bbox 459 772 486 796; x_wconf 88' lang='lat' dir='ltr'><strong>et</strong></span> <span class='ocrx_word' id='word_1_125' title='bbox 500 776 599 803; x_wconf 77' lang='lat' dir='ltr'><strong>genere</strong></span> <span class='ocrx_word' id='word_1_126' title='bbox 613 770 731 804; x_wconf 86' lang='lat' dir='ltr'><strong>optimos</strong></span> <span class='ocrx_word' id='word_1_127' title='bbox 742 778 865 805; x_wconf 88' lang='lat' dir='ltr'><strong>quosque</strong></span> 
     </span>
    </p>
   </div>
   <div class='ocr_carea' id='block_1_19' title="bbox 71 813 865 850">
    <p class='ocr_par' dir='ltr' id='par_1_19' title="bbox 71 813 865 850">
     <span class='ocr_line' id='line_1_19' title="bbox 71 813 865 850; baseline 0.005 -11"><span class='ocrx_word' id='word_1_128' title='bbox 71 817 256 846; x_wconf 85' lang='lat' dir='ltr'><strong>conservant,</strong></span> <span class='ocrx_word' id='word_1_129' title='bbox 283 821 315 841; x_wconf 92' lang='lat' dir='ltr'><strong>ac</strong></span> <span class='ocrx_word' id='word_1_130' title='bbox 340 813 455 841; x_wconf 76' lang='lat' dir='ltr'><strong>fovendo</strong></span> <span class='ocrx_word' id='word_1_131' title='bbox 474 817 607 847; x_wconf 94' lang='lat' dir='ltr'><strong>tutantur,</strong></span> <span class='ocrx_word' id='word_1_132' title='bbox 634 815 772 850; x_wconf 87' lang='lat' dir='ltr'><strong>improbos</strong></span> <span class='ocrx_word' id='word_1_133' title='bbox 791 817 865 843; x_wconf 80' lang='lat' dir='ltr'><strong>occi-</strong></span> 
     </span>
    </p>
   </div>
   <div class='ocr_carea' id='block_1_20' title="bbox 71 847 900 897">
    <p class='ocr_par' dir='ltr' id='par_1_20' title="bbox 71 847 900 897">
     <span class='ocr_line' id='line_1_20' title="bbox 71 847 900 897; baseline 0.005 -12"><span class='ocrx_word' id='word_1_134' title='bbox 71 858 149 890; x_wconf 84' lang='lat' dir='ltr'><strong>dunt,</strong></span> <span class='ocrx_word' id='word_1_135' title='bbox 163 862 194 885; x_wconf 94' lang='lat' dir='ltr'><strong>ut</strong></span> <span class='ocrx_word' id='word_1_136' title='bbox 212 866 249 886; x_wconf 83' lang='lat' dir='ltr'><strong>ex</strong></span> <span class='ocrx_word' id='word_1_137' title='bbox 268 867 350 894; x_wconf 86' lang='lat' dir='ltr'><strong>supra</strong></span> <span class='ocrx_word' id='word_1_138' title='bbox 364 859 443 886; x_wconf 89' lang='lat' dir='ltr'><strong>dictis</strong></span> <span class='ocrx_word' id='word_1_139' title='bbox 458 860 615 888; x_wconf 84' lang='lat' dir='ltr'><strong>auctoribus</strong></span> <span class='ocrx_word' id='word_1_140' title='bbox 627 847 800 889; x_wconf 77' lang='lat' dir='ltr'><strong>manifestum</strong></span> <span class='ocrx_word' id='word_1_141' title='bbox 816 869 864 897; x_wconf 83' lang='lat' dir='ltr'><strong>ap-</strong></span> <span class='ocrx_word' id='word_1_142' title='bbox 879 847 900 875; x_wconf 68' lang='grc' dir='ltr'><strong>Β</strong></span> 
     </span>
    </p>
   </div>
   <div class='ocr_carea' id='block_1_21' title="bbox 71 903 862 942">
    <p class='ocr_par' dir='ltr' id='par_1_21' title="bbox 71 903 862 942">
     <span class='ocr_line' id='line_1_21' title="bbox 71 903 862 942; baseline 0.006 -12"><span class='ocrx_word' id='word_1_143' title='bbox 71 907 158 938; x_wconf 86' lang='lat' dir='ltr'><strong>paret.</strong></span> <span class='ocrx_word' id='word_1_144' title='bbox 178 903 263 931; x_wconf 88' lang='lat' dir='ltr'><strong>Hunc</strong></span> <span class='ocrx_word' id='word_1_145' title='bbox 282 913 362 940; x_wconf 91' lang='lat' dir='ltr'><strong>porro</strong></span> <span class='ocrx_word' id='word_1_146' title='bbox 386 905 580 941; x_wconf 80' lang='lat' dir='ltr'><strong>magnitudine,</strong></span> <span class='ocrx_word' id='word_1_147' title='bbox 603 906 687 942; x_wconf 77' lang='lat' dir='ltr'><strong>llgura</strong></span> <span class='ocrx_word' id='word_1_148' title='bbox 707 915 738 935; x_wconf 87' lang='lat' dir='ltr'><strong>ac</strong></span> <span class='ocrx_word' id='word_1_149' title='bbox 757 915 862 935; x_wconf 91' lang='lat' dir='ltr'><strong>morum</strong></span> 
     </span>
    </p>
   </div>
   <div class='ocr_carea' id='block_1_22' title="bbox 72 949 863 986">
    <p class='ocr_par' dir='ltr' id='par_1_22' title="bbox 72 949 863 986">
     <span class='ocr_line' id='line_1_22' title="bbox 72 949 863 986; baseline 0.006 -11"><span class='ocrx_word' id='word_1_150' title='bbox 72 949 211 977; x_wconf 75' lang='lat' dir='ltr'><strong>suavitate</strong></span> <span class='ocrx_word' id='word_1_151' title='bbox 233 954 350 979; x_wconf 63' lang='lat' dir='ltr'><strong>caeteras</strong></span> <span class='ocrx_word' id='word_1_152' title='bbox 363 959 427 986; x_wconf 84' lang='lat' dir='ltr'><strong>apes</strong></span> <span class='ocrx_word' id='word_1_153' title='bbox 444 951 605 979; x_wconf 82' lang='lat' dir='ltr'><strong>autecellere</strong></span> <span class='ocrx_word' id='word_1_154' title='bbox 622 957 715 980; x_wconf 87' lang='lat' dir='ltr'><strong>narrat</strong></span> <span class='ocrx_word' id='word_1_155' title='bbox 729 952 863 981; x_wconf 82' lang='lat' dir='ltr'><strong>Aristote-</strong></span> 
     </span>
    </p>
   </div>
   <div class='ocr_carea' id='block_1_23' title="bbox 72 992 861 1032">
    <p class='ocr_par' dir='ltr' id='par_1_23' title="bbox 72 992 861 1032">
     <span class='ocr_line' id='line_1_23' title="bbox 72 992 861 1032; baseline 0.008 -13"><span class='ocrx_word' id='word_1_156' title='bbox 72 992 120 1024; x_wconf 88' lang='lat' dir='ltr'><strong>les,</strong></span> <span class='ocrx_word' id='word_1_157' title='bbox 137 993 178 1020; x_wconf 88' lang='lat' dir='ltr'><strong>De</strong></span> <span class='ocrx_word' id='word_1_158' title='bbox 191 1000 314 1029; x_wconf 77' lang='lat' dir='ltr'><strong>generat.</strong></span> <span class='ocrx_word' id='word_1_159' title='bbox 330 996 452 1027; x_wconf 82' lang='lat' dir='ltr'><strong>animoL,</strong></span> <span class='ocrx_word' id='word_1_160' title='bbox 469 996 516 1023; x_wconf 89' lang='lat' dir='ltr'><strong>lib.</strong></span> <span class='ocrx_word' id='word_1_161' title='bbox 530 1003 570 1027; x_wconf 88' lang='lat' dir='ltr'><strong>tu.</strong></span> <span class='ocrx_word' id='word_1_162' title='bbox 586 997 668 1032; x_wconf 87' lang='lat' dir='ltr'><strong>capit.</strong></span> <span class='ocrx_word' id='word_1_163' title='bbox 683 997 732 1030; x_wconf 74' lang='lat'><strong>10;</strong></span> <span class='ocrx_word' id='word_1_164' title='bbox 749 998 861 1032; x_wconf 83' lang='lat' dir='ltr'><strong>Plinius,</strong></span> 
     </span>
    </p>
   </div>
   <div class='ocr_carea' id='block_1_24' title="bbox 72 1038 860 1077">
    <p class='ocr_par' dir='ltr' id='par_1_24' title="bbox 72 1038 860 1077">
     <span class='ocr_line' id='line_1_24' title="bbox 72 1038 860 1077; baseline 0.009 -13"><span class='ocrx_word' id='word_1_165' title='bbox 72 1038 118 1066; x_wconf 90' lang='lat' dir='ltr'><strong>lib.</strong></span> <span class='ocrx_word' id='word_1_166' title='bbox 132 1047 171 1071; x_wconf 85' lang='lat' dir='ltr'><strong>xl,</strong></span> <span class='ocrx_word' id='word_1_167' title='bbox 189 1041 280 1075; x_wconf 88' lang='lat' dir='ltr'><strong>capit.</strong></span> <span class='ocrx_word' id='word_1_168' title='bbox 295 1040 338 1072; x_wconf 76' lang='grc'><strong>16,</strong></span> <span class='ocrx_word' id='word_1_169' title='bbox 350 1040 427 1077; x_wconf 81' lang='lat' dir='ltr'><strong>Reges</strong></span> <span class='ocrx_word' id='word_1_170' title='bbox 439 1042 525 1076; x_wconf 84' lang='lat' dir='ltr'><strong>plures</strong></span> <span class='ocrx_word' id='word_1_171' title='bbox 540 1042 707 1075; x_wconf 83' lang='lat' dir='ltr'><strong>inchoantur,</strong></span> <span class='ocrx_word' id='word_1_172' title='bbox 721 1051 752 1070; x_wconf 89' lang='lat' dir='ltr'><strong>ne</strong></span> <span class='ocrx_word' id='word_1_173' title='bbox 766 1043 860 1071; x_wconf 77' lang='lat' dir='ltr'><strong>desint.</strong></span> 
     </span>
    </p>
   </div>
   <div class='ocr_carea' id='block_1_25' title="bbox 73 1081 861 1122">
    <p class='ocr_par' dir='ltr' id='par_1_25' title="bbox 73 1081 861 1122">
     <span class='ocr_line' id='line_1_25' title="bbox 73 1081 861 1122; baseline 0.009 -13"><span class='ocrx_word' id='word_1_174' title='bbox 73 1081 170 1111; x_wconf 87' lang='lat' dir='ltr'><strong>Postca</strong></span> <span class='ocrx_word' id='word_1_175' title='bbox 183 1093 219 1111; x_wconf 77' lang='lat' dir='ltr'><strong>ea;</strong></span> <span class='ocrx_word' id='word_1_176' title='bbox 233 1085 277 1112; x_wconf 82' lang='lat' dir='ltr'><strong>his</strong></span> <span class='ocrx_word' id='word_1_177' title='bbox 288 1085 388 1114; x_wconf 84' lang='lat' dir='ltr'><strong>soboles</strong></span> <span class='ocrx_word' id='word_1_178' title='bbox 399 1095 459 1114; x_wconf 85' lang='lat' dir='ltr'><strong>cum</strong></span> <span class='ocrx_word' id='word_1_179' title='bbox 470 1087 563 1115; x_wconf 85' lang='lat' dir='ltr'><strong>adulta</strong></span> <span class='ocrx_word' id='word_1_180' title='bbox 575 1096 630 1115; x_wconf 78' lang='lat' dir='ltr'><strong>esse</strong></span> <span class='ocrx_word' id='word_1_181' title='bbox 643 1089 730 1122; x_wconf 67' lang='lat' dir='ltr'><strong>capit,</strong></span> <span class='ocrx_word' id='word_1_182' title='bbox 740 1090 861 1117; x_wconf 78' lang='lat' dir='ltr'><strong>concordi</strong></span> 
     </span>
    </p>
   </div>
   <div class='ocr_carea' id='block_1_26' title="bbox 71 1129 860 1169">
    <p class='ocr_par' dir='ltr' id='par_1_26' title="bbox 71 1129 860 1169">
     <span class='ocr_line' id='line_1_26' title="bbox 71 1129 860 1169; baseline 0.008 -14"><span class='ocrx_word' id='word_1_183' title='bbox 71 1129 202 1163; x_wconf 74' lang='lat' dir='ltr'><strong>su/I‘ragio</strong></span> <span class='ocrx_word' id='word_1_184' title='bbox 219 1130 377 1159; x_wconf 84' lang='lat' dir='ltr'><strong>deterrimos</strong></span> <span class='ocrx_word' id='word_1_185' title='bbox 400 1137 504 1165; x_wconf 87' lang='lat' dir='ltr'><strong>necant,</strong></span> <span class='ocrx_word' id='word_1_186' title='bbox 524 1141 555 1160; x_wconf 80' lang='lat' dir='ltr'><strong>ne</strong></span> <span class='ocrx_word' id='word_1_187' title='bbox 579 1133 729 1160; x_wconf 84' lang='lat' dir='ltr'><strong>distrahant</strong></span> <span class='ocrx_word' id='word_1_188' title='bbox 745 1136 860 1169; x_wconf 81' lang='lat' dir='ltr'><strong>agmina.</strong></span> 
     </span>
    </p>
   </div>
   <div class='ocr_carea' id='block_1_27' title="bbox 73 1173 862 1216">
    <p class='ocr_par' dir='ltr' id='par_1_27' title="bbox 73 1173 862 1216">
     <span class='ocr_line' id='line_1_27' title="bbox 73 1173 862 1216; baseline 0.008 -15"><span class='ocrx_word' id='word_1_189' title='bbox 73 1173 130 1201; x_wconf 85' lang='lat' dir='ltr'><strong>Duo</strong></span> <span class='ocrx_word' id='word_1_190' title='bbox 145 1181 239 1203; x_wconf 81' lang='lat' dir='ltr'><strong>autem</strong></span> <span class='ocrx_word' id='word_1_191' title='bbox 257 1185 352 1212; x_wconf 86' lang='lat' dir='ltr'><strong>genera</strong></span> <span class='ocrx_word' id='word_1_192' title='bbox 367 1186 467 1210; x_wconf 86' lang='lat' dir='ltr'><strong>eorum,</strong></span> <span class='ocrx_word' id='word_1_193' title='bbox 490 1178 582 1205; x_wconf 77' lang='lat' dir='ltr'><strong>melior</strong></span> <span class='ocrx_word' id='word_1_194' title='bbox 600 1179 674 1214; x_wconf 78' lang='lat' dir='ltr'><strong>rufus</strong></span> <span class='ocrx_word' id='word_1_195' title='bbox 697 1188 775 1214; x_wconf 87' lang='lat' dir='ltr'><strong>quam</strong></span> <span class='ocrx_word' id='word_1_196' title='bbox 790 1181 862 1216; x_wconf 80' lang='lat' dir='ltr'><strong>niger</strong></span> 
     </span>
    </p>
   </div>
   <div class='ocr_carea' id='block_1_28' title="bbox 73 1220 860 1260">
    <p class='ocr_par' dir='ltr' id='par_1_28' title="bbox 73 1220 860 1260">
     <span class='ocr_line' id='line_1_28' title="bbox 73 1220 860 1260; baseline 0.008 -14"><span class='ocrx_word' id='word_1_197' title='bbox 73 1220 223 1255; x_wconf 73' lang='lat' dir='ltr'><strong>variusque.</strong></span> <span class='ocrx_word' id='word_1_198' title='bbox 239 1221 368 1249; x_wconf 79' lang='lat' dir='ltr'><strong>Omnibus</strong></span> <span class='ocrx_word' id='word_1_199' title='bbox 384 1223 470 1258; x_wconf 82' lang='lat' dir='ltr'><strong>forma</strong></span> <span class='ocrx_word' id='word_1_200' title='bbox 498 1231 598 1257; x_wconf 81' lang='lat' dir='ltr'><strong>semper</strong></span> <span class='ocrx_word' id='word_1_201' title='bbox 613 1225 725 1259; x_wconf 82' lang='lat' dir='ltr'><strong>egregia.</strong></span> <span class='ocrx_word' id='word_1_202' title='bbox 741 1230 765 1252; x_wconf 85' lang='lat' dir='ltr'><strong>et</strong></span> <span class='ocrx_word' id='word_1_203' title='bbox 781 1225 860 1260; x_wconf 87' lang='lat' dir='ltr'><strong>duplo</strong></span> 
     </span>
    </p>
   </div>
   <div class='ocr_carea' id='block_1_29' title="bbox 72 1268 859 1304">
    <p class='ocr_par' dir='ltr' id='par_1_29' title="bbox 72 1268 859 1304">
     <span class='ocr_line' id='line_1_29' title="bbox 72 1268 859 1304; baseline 0.009 -12"><span class='ocrx_word' id='word_1_204' title='bbox 72 1273 149 1300; x_wconf 84' lang='lat' dir='ltr'><strong>quam</strong></span> <span class='ocrx_word' id='word_1_205' title='bbox 168 1268 278 1294; x_wconf 72' lang='lat' dir='ltr'><strong>emeris</strong></span> <span class='ocrx_word' id='word_1_206' title='bbox 299 1268 395 1302; x_wconf 81' lang='lat' dir='ltr'><strong>major,</strong></span> <span class='ocrx_word' id='word_1_207' title='bbox 419 1277 509 1304; x_wconf 69' lang='lat' dir='ltr'><strong>pennae</strong></span> <span class='ocrx_word' id='word_1_208' title='bbox 525 1268 662 1301; x_wconf 74' lang='lat' dir='ltr'><strong>breviores,</strong></span> <span class='ocrx_word' id='word_1_209' title='bbox 682 1278 760 1298; x_wconf 76' lang='lat' dir='ltr'><strong>crura</strong></span> <span class='ocrx_word' id='word_1_210' title='bbox 778 1277 859 1303; x_wconf 86' lang='lat' dir='ltr'><strong>recta,</strong></span> 
     </span>
    </p>
   </div>
   <div class='ocr_carea' id='block_1_30' title="bbox 74 1311 859 1351">
    <p class='ocr_par' dir='ltr' id='par_1_30' title="bbox 74 1311 859 1351">
     <span class='ocr_line' id='line_1_30' title="bbox 74 1311 859 1351; baseline 0.009 -15"><span class='ocrx_word' id='word_1_211' title='bbox 74 1311 207 1345; x_wconf 80' lang='lat' dir='ltr'><strong>ingressus</strong></span> <span class='ocrx_word' id='word_1_212' title='bbox 225 1313 334 1344; x_wconf 77' lang='lat' dir='ltr'><strong>celsior,</strong></span> <span class='ocrx_word' id='word_1_213' title='bbox 353 1314 380 1339; x_wconf 90' lang='lat' dir='ltr'><strong>in</strong></span> <span class='ocrx_word' id='word_1_214' title='bbox 400 1313 487 1348; x_wconf 79' lang='lat' dir='ltr'><strong>fronte</strong></span> <span class='ocrx_word' id='word_1_215' title='bbox 510 1317 615 1343; x_wconf 83' lang='lat' dir='ltr'><strong>macula</strong></span> <span class='ocrx_word' id='word_1_216' title='bbox 637 1317 750 1351; x_wconf 87' lang='lat' dir='ltr'><strong>quodam</strong></span> <span class='ocrx_word' id='word_1_217' title='bbox 768 1316 859 1344; x_wconf 84' lang='lat' dir='ltr'><strong>diade-</strong></span> 
     </span>
    </p>
   </div>
   <div class='ocr_carea' id='block_1_31' title="bbox 73 1357 860 1396">
    <p class='ocr_par' dir='ltr' id='par_1_31' title="bbox 73 1357 860 1396">
     <span class='ocr_line' id='line_1_31' title="bbox 73 1357 860 1396; baseline 0.009 -15"><span class='ocrx_word' id='word_1_218' title='bbox 73 1361 141 1383; x_wconf 84' lang='lat' dir='ltr'><strong>mate</strong></span> <span class='ocrx_word' id='word_1_219' title='bbox 164 1357 326 1387; x_wconf 87' lang='lat' dir='ltr'><strong>candicans.</strong></span> <span class='ocrx_word' id='word_1_220' title='bbox 349 1358 430 1385; x_wconf 89' lang='lat' dir='ltr'><strong>multo</strong></span> <span class='ocrx_word' id='word_1_221' title='bbox 459 1359 537 1386; x_wconf 82' lang='lat' dir='ltr'><strong>etiam</strong></span> <span class='ocrx_word' id='word_1_222' title='bbox 557 1361 640 1388; x_wconf 85' lang='lat' dir='ltr'><strong>nitore</strong></span> <span class='ocrx_word' id='word_1_223' title='bbox 660 1370 675 1387; x_wconf 88' lang='lat' dir='ltr'><strong>a</strong></span> <span class='ocrx_word' id='word_1_224' title='bbox 693 1361 768 1396; x_wconf 82' lang='lat' dir='ltr'><strong>vulgo</strong></span> <span class='ocrx_word' id='word_1_225' title='bbox 783 1362 860 1396; x_wconf 77' lang='lat' dir='ltr'><strong>diffe-</strong></span> 
     </span>
    </p>
   </div>
   <div class='ocr_carea' id='block_1_32' title="bbox 74 1401 860 1441">
    <p class='ocr_par' dir='ltr' id='par_1_32' title="bbox 74 1401 860 1441">
     <span class='ocr_line' id='line_1_32' title="bbox 74 1401 860 1441; baseline 0.009 -14"><span class='ocrx_word' id='word_1_226' title='bbox 74 1407 144 1428; x_wconf 85' lang='lat' dir='ltr'><strong>runt.</strong></span> <span class='ocrx_word' id='word_1_227' title='bbox 161 1401 234 1430; x_wconf 79' lang='lat' dir='ltr'><strong>Vide</strong></span> <span class='ocrx_word' id='word_1_228' title='bbox 250 1402 402 1435; x_wconf 64' lang='lat' dir='ltr'><strong>xElianum,</strong></span> <span class='ocrx_word' id='word_1_229' title='bbox 418 1404 464 1432; x_wconf 87' lang='lat' dir='ltr'><strong>lib.</strong></span> <span class='ocrx_word' id='word_1_230' title='bbox 483 1413 509 1437; x_wconf 88' lang='lat' dir='ltr'><strong>v,</strong></span> <span class='ocrx_word' id='word_1_231' title='bbox 524 1413 584 1440; x_wconf 87' lang='lat' dir='ltr'><strong>cap.</strong></span> <span class='ocrx_word' id='word_1_232' title='bbox 600 1406 632 1434; x_wconf 92' lang='lat' dir='ltr'><strong>l0</strong></span> <span class='ocrx_word' id='word_1_233' title='bbox 648 1410 674 1434; x_wconf 90' lang='lat' dir='ltr'><strong>et</strong></span> <span class='ocrx_word' id='word_1_234' title='bbox 691 1407 718 1433; x_wconf 86' lang='lat' dir='ltr'><strong>li</strong></span> <span class='ocrx_word' id='word_1_235' title='bbox 733 1415 740 1440; x_wconf 88' lang='lat'><strong>;</strong></span> <span class='ocrx_word' id='word_1_236' title='bbox 761 1405 860 1441; x_wconf 85' lang='lat' dir='ltr'><strong>Geapo-</strong></span> 
     </span>
    </p>
   </div>
   <div class='ocr_carea' id='block_1_33' title="bbox 73 1447 430 1478">
    <p class='ocr_par' dir='ltr' id='par_1_33' title="bbox 73 1447 430 1478">
     <span class='ocr_line' id='line_1_33' title="bbox 73 1447 430 1478; baseline 0.011 -5"><span class='ocrx_word' id='word_1_237' title='bbox 73 1447 148 1474; x_wconf 81' lang='lat' dir='ltr'><strong>nicon</strong></span> <span class='ocrx_word' id='word_1_238' title='bbox 165 1449 290 1478; x_wconf 85' lang='lat' dir='ltr'><strong>collect..</strong></span> <span class='ocrx_word' id='word_1_239' title='bbox 310 1454 337 1476; x_wconf 90' lang='lat' dir='ltr'><strong>et</strong></span> <span class='ocrx_word' id='word_1_240' title='bbox 352 1449 430 1478; x_wconf 87' lang='lat' dir='ltr'><strong>alios.</strong></span> 
     </span>
    </p>
   </div>
   <div class='ocr_carea' id='block_1_34' title="bbox 106 1491 894 1543">
    <p class='ocr_par' dir='ltr' id='par_1_34' title="bbox 106 1491 894 1543">
     <span class='ocr_line' id='line_1_34' title="bbox 106 1491 894 1543; baseline 0.009 -24"><span class='ocrx_word' id='word_1_241' title='bbox 106 1491 244 1543; x_wconf 45' lang='lat' dir='ltr'><strong>ibim-lin.</strong></span> <span class='ocrx_word' id='word_1_242' title='bbox 266 1494 310 1543; x_wconf 47' lang='lat'><strong>52-.</strong></span> <span class='ocrx_word' id='word_1_243' title='bbox 329 1494 412 1543; x_wconf 53' lang='lat'><em>&#39;30:“</em></span> <span class='ocrx_word' id='word_1_244' title='bbox 426 1495 490 1543; x_wconf 52' lang='lat' dir='ltr'><strong>per</strong></span> <span class='ocrx_word' id='word_1_245' title='bbox 508 1496 563 1530; x_wconf 77' lang='grc' dir='ltr'><strong>γὰρ</strong></span> <span class='ocrx_word' id='word_1_246' title='bbox 585 1497 719 1531; x_wconf 82' lang='grc' dir='ltr'><strong>κέντρον.</strong></span> <span class='ocrx_word' id='word_1_247' title='bbox 739 1497 768 1525; x_wconf 85' lang='lat' dir='ltr'><strong>Id</strong></span> <span class='ocrx_word' id='word_1_248' title='bbox 788 1497 858 1526; x_wconf 87' lang='lat' dir='ltr'><strong>idem</strong></span> <span class='ocrx_word' id='word_1_249' title='bbox 872 1513 894 1543; x_wconf 67' lang='grc' dir='ltr'>ο</span> 
     </span>
    </p>
   </div>
   <div class='ocr_carea' id='block_1_35' title="bbox 74 1537 858 1578">
    <p class='ocr_par' dir='ltr' id='par_1_35' title="bbox 74 1537 858 1578">
     <span class='ocr_line' id='line_1_35' title="bbox 74 1537 858 1578; baseline 0.008 -13"><span class='ocrx_word' id='word_1_250' title='bbox 74 1537 153 1566; x_wconf 80' lang='lat' dir='ltr'><strong>habet</strong></span> <span class='ocrx_word' id='word_1_251' title='bbox 168 1539 344 1571; x_wconf 82' lang='lat' dir='ltr'><strong>Aristoteles.</strong></span> <span class='ocrx_word' id='word_1_252' title='bbox 368 1539 406 1567; x_wconf 92' lang='lat' dir='ltr'><strong>De</strong></span> <span class='ocrx_word' id='word_1_253' title='bbox 421 1541 513 1568; x_wconf 90' lang='lat' dir='ltr'><strong>histor.</strong></span> <span class='ocrx_word' id='word_1_254' title='bbox 529 1542 623 1575; x_wconf 88' lang='lat' dir='ltr'><strong>anim.,</strong></span> <span class='ocrx_word' id='word_1_255' title='bbox 645 1550 705 1578; x_wconf 88' lang='lat' dir='ltr'><strong>cap.</strong></span> <span class='ocrx_word' id='word_1_256' title='bbox 729 1543 774 1576; x_wconf 78' lang='lat'><strong>2|,</strong></span> <span class='ocrx_word' id='word_1_257' title='bbox 790 1545 858 1570; x_wconf 81' lang='lat' dir='ltr'><strong>Acu-</strong></span> 
     </span>
    </p>
   </div>
   <div class='ocr_carea' id='block_1_36' title="bbox 74 1583 860 1625">
    <p class='ocr_par' dir='ltr' id='par_1_36' title="bbox 74 1583 860 1625">
     <span class='ocr_line' id='line_1_36' title="bbox 74 1583 860 1625; baseline 0.009 -16"><span class='ocrx_word' id='word_1_258' title='bbox 74 1583 141 1610; x_wconf 87' lang='lat' dir='ltr'><strong>leum</strong></span> <span class='ocrx_word' id='word_1_259' title='bbox 161 1592 224 1618; x_wconf 78' lang='lat' dir='ltr'><strong>apes</strong></span> <span class='ocrx_word' id='word_1_260' title='bbox 237 1585 383 1619; x_wconf 81' lang='lat' dir='ltr'><strong>possident,</strong></span> <span class='ocrx_word' id='word_1_261' title='bbox 401 1586 456 1621; x_wconf 84' lang='lat' dir='ltr'><strong>fuci</strong></span> <span class='ocrx_word' id='word_1_262' title='bbox 477 1595 507 1614; x_wconf 87' lang='lat' dir='ltr'><strong>eo</strong></span> <span class='ocrx_word' id='word_1_263' title='bbox 518 1593 617 1619; x_wconf 87' lang='lat' dir='ltr'><strong>carent,</strong></span> <span class='ocrx_word' id='word_1_264' title='bbox 637 1596 707 1623; x_wconf 86' lang='lat' dir='ltr'><strong>reges</strong></span> <span class='ocrx_word' id='word_1_265' title='bbox 733 1589 860 1625; x_wconf 80' lang='lat' dir='ltr'><strong>ducesque</strong></span> 
     </span>
    </p>
   </div>
   <div class='ocr_carea' id='block_1_37' title="bbox 74 1628 858 1668">
    <p class='ocr_par' dir='ltr' id='par_1_37' title="bbox 74 1628 858 1668">
     <span class='ocr_line' id='line_1_37' title="bbox 74 1628 858 1668; baseline 0.009 -13"><span class='ocrx_word' id='word_1_266' title='bbox 74 1628 177 1662; x_wconf 78' lang='lat' dir='ltr'><strong>habent,</strong></span> <span class='ocrx_word' id='word_1_267' title='bbox 194 1630 243 1658; x_wconf 85' lang='lat' dir='ltr'><strong>sed</strong></span> <span class='ocrx_word' id='word_1_268' title='bbox 261 1640 312 1658; x_wconf 89' lang='lat' dir='ltr'><strong>non</strong></span> <span class='ocrx_word' id='word_1_269' title='bbox 329 1637 439 1658; x_wconf 88' lang='lat' dir='ltr'><strong>utuntur</strong></span> <span class='ocrx_word' id='word_1_270' title='bbox 452 1640 461 1664; x_wconf 85' lang='lat'><strong>,&#39;</strong></span> <span class='ocrx_word' id='word_1_271' title='bbox 476 1634 597 1668; x_wconf 76' lang='lat' dir='ltr'><strong>quocirca</strong></span> <span class='ocrx_word' id='word_1_272' title='bbox 610 1642 652 1661; x_wconf 88' lang='lat' dir='ltr'><strong>eos</strong></span> <span class='ocrx_word' id='word_1_273' title='bbox 667 1642 757 1662; x_wconf 83' lang='lat' dir='ltr'><strong>carere</strong></span> <span class='ocrx_word' id='word_1_274' title='bbox 769 1636 858 1662; x_wconf 79' lang='lat' dir='ltr'><strong>aculeo</strong></span> 
     </span>
    </p>
   </div>
   <div class='ocr_carea' id='block_1_38' title="bbox 75 1675 857 1713">
    <p class='ocr_par' dir='ltr' id='par_1_38' title="bbox 75 1675 857 1713">
     <span class='ocr_line' id='line_1_38' title="bbox 75 1675 857 1713; baseline 0.01 -13"><span class='ocrx_word' id='word_1_275' title='bbox 75 1675 194 1702; x_wconf 82' lang='lat' dir='ltr'><strong>nonnulli</strong></span> <span class='ocrx_word' id='word_1_276' title='bbox 217 1677 381 1703; x_wconf 71' lang='lat' dir='ltr'><strong>existimant.</strong></span> <span class='ocrx_word' id='word_1_277' title='bbox 396 1677 533 1710; x_wconf 65' lang='lat' dir='ltr'><strong>Elianus,</strong></span> <span class='ocrx_word' id='word_1_278' title='bbox 552 1678 589 1705; x_wconf 88' lang='lat' dir='ltr'><strong>De</strong></span> <span class='ocrx_word' id='word_1_279' title='bbox 612 1678 707 1706; x_wconf 88' lang='lat' dir='ltr'><strong>histor.</strong></span> <span class='ocrx_word' id='word_1_280' title='bbox 735 1681 857 1713; x_wconf 86' lang='lat' dir='ltr'><strong>animal.,</strong></span> 
     </span>
    </p>
   </div>
   <div class='ocr_carea' id='block_1_39' title="bbox 75 1719 858 1761">
    <p class='ocr_par' dir='ltr' id='par_1_39' title="bbox 75 1719 858 1761">
     <span class='ocr_line' id='line_1_39' title="bbox 75 1719 858 1761; baseline 0.009 -15"><span class='ocrx_word' id='word_1_281' title='bbox 75 1719 121 1748; x_wconf 78' lang='lat' dir='ltr'><strong>lib.</strong></span> <span class='ocrx_word' id='word_1_282' title='bbox 140 1729 159 1753; x_wconf 86' lang='lat' dir='ltr'><strong>I,</strong></span> <span class='ocrx_word' id='word_1_283' title='bbox 173 1728 236 1756; x_wconf 87' lang='lat' dir='ltr'><strong>cap.</strong></span> <span class='ocrx_word' id='word_1_284' title='bbox 257 1721 301 1752; x_wconf 87' lang='lat'><strong>60,</strong></span> <span class='ocrx_word' id='word_1_285' title='bbox 318 1723 397 1756; x_wconf 80' lang='grc' dir='ltr'><strong>Λέγει</strong></span> <span class='ocrx_word' id='word_1_286' title='bbox 416 1723 464 1758; x_wconf 85' lang='grc' dir='ltr'><strong>μέν</strong></span> <span class='ocrx_word' id='word_1_287' title='bbox 478 1732 519 1755; x_wconf 88' lang='grc' dir='ltr'><strong>τις</strong></span> <span class='ocrx_word' id='word_1_288' title='bbox 539 1723 616 1758; x_wconf 84' lang='grc' dir='ltr'><strong>λόγος</strong></span> <span class='ocrx_word' id='word_1_289' title='bbox 631 1725 776 1761; x_wconf 79' lang='grc' dir='ltr'><strong>ἀκέντρους</strong></span> <span class='ocrx_word' id='word_1_290' title='bbox 790 1724 858 1753; x_wconf 82' lang='grc' dir='ltr'>εἶναι</span> 
     </span>
    </p>
   </div>
   <div class='ocr_carea' id='block_1_40' title="bbox 74 1765 858 1805">
    <p class='ocr_par' dir='ltr' id='par_1_40' title="bbox 74 1765 858 1805">
     <span class='ocr_line' id='line_1_40' title="bbox 74 1765 858 1805; baseline 0.01 -15"><span class='ocrx_word' id='word_1_291' title='bbox 74 1765 135 1796; x_wconf 75' lang='grc' dir='ltr'>τοὺς</span> <span class='ocrx_word' id='word_1_292' title='bbox 149 1765 256 1792; x_wconf 85' lang='grc' dir='ltr'>τούτων</span> <span class='ocrx_word' id='word_1_293' title='bbox 273 1766 407 1802; x_wconf 79' lang='grc' dir='ltr'><strong>βασιλέας·</strong></span> <span class='ocrx_word' id='word_1_294' title='bbox 424 1768 497 1802; x_wconf 80' lang='grc' dir='ltr'><strong>λέγει</strong></span> <span class='ocrx_word' id='word_1_295' title='bbox 513 1768 542 1794; x_wconf 80' lang='grc' dir='ltr'><strong>δὲ</strong></span> <span class='ocrx_word' id='word_1_296' title='bbox 554 1769 600 1796; x_wconf 77' lang='grc' dir='ltr'><strong>καὶ</strong></span> <span class='ocrx_word' id='word_1_297' title='bbox 615 1769 707 1805; x_wconf 70' lang='grc' dir='ltr'>ἕτερος</span> <span class='ocrx_word' id='word_1_298' title='bbox 723 1771 770 1797; x_wconf 75' lang='grc' dir='ltr'><strong>καὶ</strong></span> <span class='ocrx_word' id='word_1_299' title='bbox 788 1771 858 1798; x_wconf 82' lang='grc' dir='ltr'>πάνυ</span> 
     </span>
    </p>
   </div>
   <div class='ocr_carea' id='block_1_41' title="bbox 74 1810 858 1849">
    <p class='ocr_par' dir='ltr' id='par_1_41' title="bbox 74 1810 858 1849">
     <span class='ocr_line' id='line_1_41' title="bbox 74 1810 858 1849; baseline 0.01 -13"><span class='ocrx_word' id='word_1_300' title='bbox 74 1810 217 1846; x_wconf 79' lang='grc' dir='ltr'><strong>ὲρῤωμένα</strong></span> <span class='ocrx_word' id='word_1_301' title='bbox 243 1812 275 1839; x_wconf 80' lang='grc' dir='ltr'><strong>τὰ</strong></span> <span class='ocrx_word' id='word_1_302' title='bbox 299 1813 398 1848; x_wconf 74' lang='grc' dir='ltr'><strong>κέντρα</strong></span> <span class='ocrx_word' id='word_1_303' title='bbox 414 1815 618 1849; x_wconf 79' lang='grc' dir='ltr'><strong>συμπεφυκέναι</strong></span> <span class='ocrx_word' id='word_1_304' title='bbox 637 1816 737 1847; x_wconf 76' lang='grc' dir='ltr'><strong>αὐτοῖς,</strong></span> <span class='ocrx_word' id='word_1_305' title='bbox 752 1817 798 1843; x_wconf 73' lang='grc' dir='ltr'><strong>καὶ</strong></span> <span class='ocrx_word' id='word_1_306' title='bbox 815 1826 858 1843; x_wconf 84' lang='grc' dir='ltr'><strong>τε-</strong></span> 
     </span>
    </p>
   </div>
   <div class='ocr_carea' id='block_1_42' title="bbox 75 1855 857 1899">
    <p class='ocr_par' dir='ltr' id='par_1_42' title="bbox 75 1855 857 1899">
     <span class='ocr_line' id='line_1_42' title="bbox 75 1855 857 1899; baseline 0.009 -16"><span class='ocrx_word' id='word_1_307' title='bbox 75 1855 196 1891; x_wconf 81' lang='grc' dir='ltr'><strong>Θηγμένα</strong></span> <span class='ocrx_word' id='word_1_308' title='bbox 212 1858 398 1894; x_wconf 69' lang='grc' dir='ltr'><strong>ἀνδρειότατα.</strong></span> <span class='ocrx_word' id='word_1_309' title='bbox 410 1859 477 1886; x_wconf 78' lang='grc' dir='ltr'><strong>Οὔτε</strong></span> <span class='ocrx_word' id='word_1_310' title='bbox 487 1861 515 1887; x_wconf 79' lang='grc' dir='ltr'><strong>δὲ</strong></span> <span class='ocrx_word' id='word_1_311' title='bbox 526 1861 568 1887; x_wconf 75' lang='grc' dir='ltr'><strong>ἐπ’</strong></span> <span class='ocrx_word' id='word_1_312' title='bbox 578 1862 654 1897; x_wconf 79' lang='grc' dir='ltr'><strong>ἀνδρί</strong></span> <span class='ocrx_word' id='word_1_313' title='bbox 666 1871 730 1889; x_wconf 84' lang='grc' dir='ltr'>ποτε</span> <span class='ocrx_word' id='word_1_314' title='bbox 743 1863 857 1899; x_wconf 83' lang='grc' dir='ltr'><strong>χρῆσθαι</strong></span> 
     </span>
    </p>
   </div>
   <div class='ocr_carea' id='block_1_43' title="bbox 75 1902 858 1941">
    <p class='ocr_par' dir='ltr' id='par_1_43' title="bbox 75 1902 858 1941">
     <span class='ocr_line' id='line_1_43' title="bbox 75 1902 858 1941; baseline 0.009 -13"><span class='ocrx_word' id='word_1_315' title='bbox 75 1902 162 1935; x_wconf 78' lang='grc' dir='ltr'>αὐτοῖς</span> <span class='ocrx_word' id='word_1_316' title='bbox 185 1904 250 1931; x_wconf 81' lang='grc' dir='ltr'>οὔτε</span> <span class='ocrx_word' id='word_1_317' title='bbox 275 1905 322 1931; x_wconf 77' lang='grc' dir='ltr'><strong>ἐπὶ</strong></span> <span class='ocrx_word' id='word_1_318' title='bbox 343 1907 404 1937; x_wconf 84' lang='grc' dir='ltr'><strong>ταῖς</strong></span> <span class='ocrx_word' id='word_1_319' title='bbox 425 1906 570 1941; x_wconf 82' lang='grc' dir='ltr'><strong>μελίτταις·</strong></span> <span class='ocrx_word' id='word_1_320' title='bbox 598 1907 666 1934; x_wconf 77' lang='grc' dir='ltr'><strong>ἀλλὰ</strong></span> <span class='ocrx_word' id='word_1_321' title='bbox 685 1908 730 1934; x_wconf 74' lang='grc' dir='ltr'><strong>καὶ</strong></span> <span class='ocrx_word' id='word_1_322' title='bbox 757 1909 858 1935; x_wconf 82' lang='grc' dir='ltr'><strong>ὑποπε-</strong></span> 
     </span>
    </p>
   </div>
   <div class='ocr_carea' id='block_1_44' title="bbox 75 1947 858 1989">
    <p class='ocr_par' dir='ltr' id='par_1_44' title="bbox 75 1947 858 1989">
     <span class='ocr_line' id='line_1_44' title="bbox 75 1947 858 1989; baseline 0.01 -16"><span class='ocrx_word' id='word_1_323' title='bbox 75 1947 190 1976; x_wconf 68' lang='grc' dir='ltr'><strong>ῖηλάσθαι</strong></span> <span class='ocrx_word' id='word_1_324' title='bbox 207 1949 289 1984; x_wconf 76' lang='grc' dir='ltr'>φόϐον</span> <span class='ocrx_word' id='word_1_325' title='bbox 309 1950 404 1982; x_wconf 80' lang='grc' dir='ltr'><strong>ἄλλως.</strong></span> <span class='ocrx_word' id='word_1_326' title='bbox 423 1951 467 1987; x_wconf 84' lang='grc' dir='ltr'><strong>Μὴ</strong></span> <span class='ocrx_word' id='word_1_327' title='bbox 493 1951 547 1988; x_wconf 79' lang='grc' dir='ltr'><strong>γὰρ</strong></span> <span class='ocrx_word' id='word_1_328' title='bbox 563 1952 640 1988; x_wconf 83' lang='grc' dir='ltr'><strong>θέμιν</strong></span> <span class='ocrx_word' id='word_1_329' title='bbox 651 1951 719 1980; x_wconf 77' lang='grc' dir='ltr'>εἶναι</span> <span class='ocrx_word' id='word_1_330' title='bbox 743 1953 787 1980; x_wconf 72' lang='grc' dir='ltr'><strong>τὸν</strong></span> <span class='ocrx_word' id='word_1_331' title='bbox 810 1955 858 1989; x_wconf 76' lang='grc' dir='ltr'><strong>ἆρ-</strong></span> 
     </span>
    </p>
   </div>
   <div class='ocr_carea' id='block_1_45' title="bbox 75 1996 855 2035">
    <p class='ocr_par' dir='ltr' id='par_1_45' title="bbox 75 1996 855 2035">
     <span class='ocr_line' id='line_1_45' title="bbox 75 1996 855 2035; baseline 0.009 -15"><span class='ocrx_word' id='word_1_332' title='bbox 75 2002 152 2027; x_wconf 81' lang='grc' dir='ltr'>χοντα</span> <span class='ocrx_word' id='word_1_333' title='bbox 174 1996 224 2023; x_wconf 66' lang='grc' dir='ltr'><strong>καὶ</strong></span> <span class='ocrx_word' id='word_1_334' title='bbox 246 1996 292 2022; x_wconf 78' lang='grc' dir='ltr'><strong>τὸν</strong></span> <span class='ocrx_word' id='word_1_335' title='bbox 309 1997 432 2024; x_wconf 75' lang='grc' dir='ltr'>τοσοῦτον</span> <span class='ocrx_word' id='word_1_336' title='bbox 455 1998 550 2033; x_wconf 74' lang='grc' dir='ltr'>ἔφορον</span> <span class='ocrx_word' id='word_1_337' title='bbox 571 1999 654 2026; x_wconf 79' lang='grc' dir='ltr'>κακὸν</span> <span class='ocrx_word' id='word_1_338' title='bbox 677 1999 855 2035; x_wconf 75' lang='grc' dir='ltr'><strong>ἐργάσασθαι.</strong></span> 
     </span>
    </p>
   </div>
   <div class='ocr_carea' id='block_1_46' title="bbox 76 2038 852 2076">
    <p class='ocr_par' dir='ltr' id='par_1_46' title="bbox 76 2038 852 2076">
     <span class='ocr_line' id='line_1_46' title="bbox 76 2038 852 2076; baseline 0.01 -11"><span class='ocrx_word' id='word_1_339' title='bbox 76 2038 138 2070; x_wconf 66' lang='lat' dir='ltr'><strong>Quae</strong></span> <span class='ocrx_word' id='word_1_340' title='bbox 157 2048 211 2067; x_wconf 93' lang='lat' dir='ltr'><strong>non</strong></span> <span class='ocrx_word' id='word_1_341' title='bbox 232 2041 333 2076; x_wconf 78' lang='lat' dir='ltr'><strong>integre</strong></span> <span class='ocrx_word' id='word_1_342' title='bbox 352 2043 397 2076; x_wconf 74' lang='lat' dir='ltr'><strong>sed</strong></span> <span class='ocrx_word' id='word_1_343' title='bbox 415 2043 509 2070; x_wconf 83' lang='lat' dir='ltr'><strong>mutile</strong></span> <span class='ocrx_word' id='word_1_344' title='bbox 523 2044 627 2072; x_wconf 87' lang='lat' dir='ltr'><strong>reddita</strong></span> <span class='ocrx_word' id='word_1_345' title='bbox 644 2049 708 2073; x_wconf 86' lang='lat' dir='ltr'><strong>sunt</strong></span> <span class='ocrx_word' id='word_1_346' title='bbox 724 2045 757 2073; x_wconf 91' lang='lat' dir='ltr'><strong>ab</strong></span> <span class='ocrx_word' id='word_1_347' title='bbox 773 2046 852 2073; x_wconf 86' lang='lat' dir='ltr'><strong>inter-</strong></span> 
     </span>
    </p>
   </div>
   <div class='ocr_carea' id='block_1_47' title="bbox 76 2084 856 2126">
    <p class='ocr_par' dir='ltr' id='par_1_47' title="bbox 76 2084 856 2126">
     <span class='ocr_line' id='line_1_47' title="bbox 76 2084 856 2126; baseline 0.012 -17"><span class='ocrx_word' id='word_1_348' title='bbox 76 2088 166 2116; x_wconf 86' lang='lat' dir='ltr'><strong>prete;</strong></span> <span class='ocrx_word' id='word_1_349' title='bbox 183 2084 300 2118; x_wconf 87' lang='lat' dir='ltr'><strong>Plinius,</strong></span> <span class='ocrx_word' id='word_1_350' title='bbox 314 2087 361 2114; x_wconf 87' lang='lat' dir='ltr'><strong>lib.</strong></span> <span class='ocrx_word' id='word_1_351' title='bbox 376 2094 414 2117; x_wconf 84' lang='lat' dir='ltr'><strong>xt.</strong></span> <span class='ocrx_word' id='word_1_352' title='bbox 428 2095 487 2122; x_wconf 85' lang='lat' dir='ltr'><strong>cap.</strong></span> <span class='ocrx_word' id='word_1_353' title='bbox 510 2088 552 2120; x_wconf 84' lang='lat' dir='ltr'><strong>l7,</strong></span> <span class='ocrx_word' id='word_1_354' title='bbox 570 2089 662 2121; x_wconf 75' lang='lat' dir='ltr'><strong>lueret,</strong></span> <span class='ocrx_word' id='word_1_355' title='bbox 683 2098 733 2117; x_wconf 90' lang='lat' dir='ltr'><strong>nec</strong></span> <span class='ocrx_word' id='word_1_356' title='bbox 755 2091 856 2126; x_wconf 86' lang='lat' dir='ltr'><strong>aliquid</strong></span> 
     </span>
    </p>
   </div>
   <div class='ocr_carea' id='block_1_48' title="bbox 77 2129 857 2170">
    <p class='ocr_par' dir='ltr' id='par_1_48' title="bbox 77 2129 857 2170">
     <span class='ocr_line' id='line_1_48' title="bbox 77 2129 857 2170; baseline 0.01 -15"><span class='ocrx_word' id='word_1_357' title='bbox 77 2129 142 2155; x_wconf 78' lang='lat' dir='ltr'><strong>certi</strong></span> <span class='ocrx_word' id='word_1_358' title='bbox 170 2130 345 2158; x_wconf 81' lang='lat' dir='ltr'><strong>determinat.</strong></span> <span class='ocrx_word' id='word_1_359' title='bbox 375 2132 485 2165; x_wconf 70' lang='lat' dir='ltr'><strong>Quaerat</strong></span> <span class='ocrx_word' id='word_1_360' title='bbox 521 2142 589 2161; x_wconf 86' lang='lat' dir='ltr'><strong>nunc</strong></span> <span class='ocrx_word' id='word_1_361' title='bbox 617 2135 723 2170; x_wconf 88' lang='lat' dir='ltr'><strong>aliquis,</strong></span> <span class='ocrx_word' id='word_1_362' title='bbox 756 2144 857 2163; x_wconf 87' lang='lat' dir='ltr'><strong>unusne</strong></span> 
     </span>
    </p>
   </div>
   <div class='ocr_carea' id='block_1_49' title="bbox 920 218 1696 258">
    <p class='ocr_par' dir='ltr' id='par_1_49' title="bbox 920 218 1696 258">
     <span class='ocr_line' id='line_1_49' title="bbox 920 218 1696 258; baseline -0.004 -10"><span class='ocrx_word' id='word_1_363' title='bbox 920 222 1000 258; x_wconf 79' lang='grc' dir='ltr'>ὑγρὸν</span> <span class='ocrx_word' id='word_1_364' title='bbox 1014 221 1088 257; x_wconf 73' lang='grc' dir='ltr'><strong>παρὰ</strong></span> <span class='ocrx_word' id='word_1_365' title='bbox 1105 221 1154 256; x_wconf 84' lang='grc' dir='ltr'><strong>τὴν</strong></span> <span class='ocrx_word' id='word_1_366' title='bbox 1177 219 1285 255; x_wconf 86' lang='grc' dir='ltr'>πρώτην</span> <span class='ocrx_word' id='word_1_367' title='bbox 1298 220 1380 253; x_wconf 67' lang='grc' dir='ltr'><strong>ἐστὶν,</strong></span> <span class='ocrx_word' id='word_1_368' title='bbox 1393 218 1450 246; x_wconf 77' lang='grc' dir='ltr'><strong>εἶτα</strong></span> <span class='ocrx_word' id='word_1_369' title='bbox 1463 219 1502 255; x_wconf 82' lang='grc' dir='ltr'><strong>τῷ</strong></span> <span class='ocrx_word' id='word_1_370' title='bbox 1521 220 1607 255; x_wconf 83' lang='grc' dir='ltr'>χρόνῳ</span> <span class='ocrx_word' id='word_1_371' title='bbox 1628 228 1696 254; x_wconf 82' lang='grc' dir='ltr'><strong>συμ-</strong></span> 
     </span>
    </p>
   </div>
   <div class='ocr_carea' id='block_1_50' title="bbox 919 265 1695 303">
    <p class='ocr_par' dir='ltr' id='par_1_50' title="bbox 919 265 1695 303">
     <span class='ocr_line' id='line_1_50' title="bbox 919 265 1695 303; baseline -0.003 -9"><span class='ocrx_word' id='word_1_372' title='bbox 919 268 1038 303; x_wconf 81' lang='grc' dir='ltr'><strong>πεφθὲν,</strong></span> <span class='ocrx_word' id='word_1_373' title='bbox 1068 267 1135 302; x_wconf 82' lang='grc' dir='ltr'><strong>πρὸς</strong></span> <span class='ocrx_word' id='word_1_374' title='bbox 1167 267 1216 302; x_wconf 80' lang='grc' dir='ltr'><strong>τὴν</strong></span> <span class='ocrx_word' id='word_1_375' title='bbox 1243 266 1345 292; x_wconf 80' lang='grc' dir='ltr'><strong>οἰκείαν</strong></span> <span class='ocrx_word' id='word_1_376' title='bbox 1373 265 1498 292; x_wconf 84' lang='grc' dir='ltr'><strong>σύστασιν</strong></span> <span class='ocrx_word' id='word_1_377' title='bbox 1530 266 1576 292; x_wconf 76' lang='grc' dir='ltr'><strong>καὶ</strong></span> <span class='ocrx_word' id='word_1_378' title='bbox 1601 265 1695 301; x_wconf 81' lang='grc' dir='ltr'>ἡδονὴν</span> 
     </span>
    </p>
   </div>
   <div class='ocr_carea' id='block_1_51' title="bbox 918 310 1695 348">
    <p class='ocr_par' dir='ltr' id='par_1_51' title="bbox 918 310 1695 348">
     <span class='ocr_line' id='line_1_51' title="bbox 918 310 1695 348; baseline -0.003 -8"><span class='ocrx_word' id='word_1_379' title='bbox 918 314 1103 348; x_wconf 69' lang='grc' dir='ltr'><strong>ἐπανέρχεται.</strong></span> <span class='ocrx_word' id='word_1_380' title='bbox 1121 311 1172 344; x_wconf 85' lang='lat' dir='ltr'><strong>Qui</strong></span> <span class='ocrx_word' id='word_1_381' title='bbox 1198 312 1253 339; x_wconf 88' lang='lat' dir='ltr'><strong>sint</strong></span> <span class='ocrx_word' id='word_1_382' title='bbox 1278 311 1323 338; x_wconf 85' lang='lat' dir='ltr'><strong>isti</strong></span> <span class='ocrx_word' id='word_1_383' title='bbox 1346 310 1434 342; x_wconf 82' lang='lat' dir='ltr'><strong>ﬂores,</strong></span> <span class='ocrx_word' id='word_1_384' title='bbox 1452 319 1485 338; x_wconf 81' lang='lat' dir='ltr'><strong>ex</strong></span> <span class='ocrx_word' id='word_1_385' title='bbox 1509 311 1608 346; x_wconf 80' lang='lat' dir='ltr'><strong>quibus</strong></span> <span class='ocrx_word' id='word_1_386' title='bbox 1632 318 1695 346; x_wconf 83' lang='lat' dir='ltr'><strong>apes</strong></span> 
     </span>
    </p>
   </div>
   <div class='ocr_carea' id='block_1_52' title="bbox 917 357 1695 395">
    <p class='ocr_par' dir='ltr' id='par_1_52' title="bbox 917 357 1695 395">
     <span class='ocr_line' id='line_1_52' title="bbox 917 357 1695 395; baseline -0.004 -9"><span class='ocrx_word' id='word_1_387' title='bbox 917 359 1068 395; x_wconf 80' lang='lat' dir='ltr'><strong>colligendo</strong></span> <span class='ocrx_word' id='word_1_388' title='bbox 1094 365 1191 386; x_wconf 82' lang='lat' dir='ltr'><strong>succos</strong></span> <span class='ocrx_word' id='word_1_389' title='bbox 1214 364 1262 385; x_wconf 90' lang='lat' dir='ltr'><strong>sua</strong></span> <span class='ocrx_word' id='word_1_390' title='bbox 1283 357 1429 384; x_wconf 83' lang='lat' dir='ltr'><strong>conﬁciunt</strong></span> <span class='ocrx_word' id='word_1_391' title='bbox 1453 357 1531 384; x_wconf 88' lang='lat' dir='ltr'><strong>mella</strong></span> <span class='ocrx_word' id='word_1_392' title='bbox 1555 360 1695 384; x_wconf 83' lang='lat' dir='ltr'><strong>enumerat</strong></span> 
     </span>
    </p>
   </div>
   <div class='ocr_carea' id='block_1_53' title="bbox 916 401 1693 438">
    <p class='ocr_par' dir='ltr' id='par_1_53' title="bbox 916 401 1693 438">
     <span class='ocr_line' id='line_1_53' title="bbox 916 401 1693 438; baseline -0.003 -6"><span class='ocrx_word' id='word_1_393' title='bbox 916 405 1088 436; x_wconf 81' lang='lat' dir='ltr'><strong>Aristoteles,</strong></span> <span class='ocrx_word' id='word_1_394' title='bbox 1103 413 1128 436; x_wconf 84' lang='grc' dir='ltr'>ν,</span> <span class='ocrx_word' id='word_1_395' title='bbox 1144 404 1182 431; x_wconf 88' lang='lat' dir='ltr'><strong>De</strong></span> <span class='ocrx_word' id='word_1_396' title='bbox 1191 404 1283 431; x_wconf 85' lang='lat' dir='ltr'><strong>histor.</strong></span> <span class='ocrx_word' id='word_1_397' title='bbox 1299 401 1419 435; x_wconf 83' lang='lat' dir='ltr'><strong>animal.,</strong></span> <span class='ocrx_word' id='word_1_398' title='bbox 1435 410 1495 438; x_wconf 86' lang='lat' dir='ltr'><strong>cap.</strong></span> <span class='ocrx_word' id='word_1_399' title='bbox 1506 403 1561 435; x_wconf 71' lang='lat'><strong>‘22;</strong></span> <span class='ocrx_word' id='word_1_400' title='bbox 1579 403 1693 434; x_wconf 85' lang='lat' dir='ltr'><strong>Plinius.</strong></span> 
     </span>
    </p>
   </div>
   <div class='ocr_carea' id='block_1_54' title="bbox 916 449 1692 485">
    <p class='ocr_par' dir='ltr' id='par_1_54' title="bbox 916 449 1692 485">
     <span class='ocr_line' id='line_1_54' title="bbox 916 449 1692 485; baseline -0.003 -7"><span class='ocrx_word' id='word_1_401' title='bbox 916 451 962 478; x_wconf 89' lang='lat' dir='ltr'><strong>lib.</strong></span> <span class='ocrx_word' id='word_1_402' title='bbox 979 459 1017 483; x_wconf 77' lang='grc' dir='ltr'><strong>ιι,</strong></span> <span class='ocrx_word' id='word_1_403' title='bbox 1037 458 1096 485; x_wconf 88' lang='lat' dir='ltr'><strong>cap.</strong></span> <span class='ocrx_word' id='word_1_404' title='bbox 1113 450 1140 481; x_wconf 90' lang='lat'><strong>8,</strong></span> <span class='ocrx_word' id='word_1_405' title='bbox 1152 449 1275 484; x_wconf 62' lang='lat' dir='ltr'><strong>quadam</strong></span> <span class='ocrx_word' id='word_1_406' title='bbox 1291 457 1323 477; x_wconf 81' lang='lat' dir='ltr'><strong>ex</strong></span> <span class='ocrx_word' id='word_1_407' title='bbox 1339 449 1392 476; x_wconf 83' lang='lat' dir='ltr'><strong>illis</strong></span> <span class='ocrx_word' id='word_1_408' title='bbox 1404 449 1513 483; x_wconf 75' lang='lat' dir='ltr'><strong>excipit,</strong></span> <span class='ocrx_word' id='word_1_409' title='bbox 1525 452 1551 476; x_wconf 94' lang='lat' dir='ltr'><strong>et</strong></span> <span class='ocrx_word' id='word_1_410' title='bbox 1562 449 1692 484; x_wconf 82' lang='lat' dir='ltr'><strong>quosdam</strong></span> 
     </span>
    </p>
   </div>
   <div class='ocr_carea' id='block_1_55' title="bbox 915 493 1694 532">
    <p class='ocr_par' dir='ltr' id='par_1_55' title="bbox 915 493 1694 532">
     <span class='ocr_line' id='line_1_55' title="bbox 915 493 1694 532; baseline -0.001 -10"><span class='ocrx_word' id='word_1_411' title='bbox 915 498 961 532; x_wconf 89' lang='lat' dir='ltr'><strong>qui</strong></span> <span class='ocrx_word' id='word_1_412' title='bbox 975 497 1098 532; x_wconf 69' lang='lat' dir='ltr'><strong>quaedam</strong></span> <span class='ocrx_word' id='word_1_413' title='bbox 1115 499 1277 530; x_wconf 80' lang='lat' dir='ltr'><strong>exceperant</strong></span> <span class='ocrx_word' id='word_1_414' title='bbox 1290 495 1461 530; x_wconf 88' lang='lat' dir='ltr'><strong>reprehendit</strong></span> <span class='ocrx_word' id='word_1_415' title='bbox 1476 503 1483 522; x_wconf 72' lang='grc' dir='ltr'><em>τ</em></span> <span class='ocrx_word' id='word_1_416' title='bbox 1499 493 1579 521; x_wconf 82' lang='lat' dir='ltr'><strong>Ceras</strong></span> <span class='ocrx_word' id='word_1_417' title='bbox 1592 502 1624 521; x_wconf 76' lang='lat' dir='ltr'><strong>ea;</strong></span> <span class='ocrx_word' id='word_1_418' title='bbox 1637 503 1694 522; x_wconf 81' lang='lat' dir='ltr'><strong>ont-</strong></span> 
     </span>
    </p>
   </div>
   <div class='ocr_carea' id='block_1_56' title="bbox 915 540 1692 576">
    <p class='ocr_par' dir='ltr' id='par_1_56' title="bbox 915 540 1692 576">
     <span class='ocr_line' id='line_1_56' title="bbox 915 540 1692 576; baseline -0.003 -7"><span class='ocrx_word' id='word_1_419' title='bbox 915 543 987 569; x_wconf 88' lang='lat' dir='ltr'><strong>nium</strong></span> <span class='ocrx_word' id='word_1_420' title='bbox 1010 542 1135 569; x_wconf 85' lang='lat' dir='ltr'><strong>arborum</strong></span> <span class='ocrx_word' id='word_1_421' title='bbox 1155 545 1323 576; x_wconf 83' lang='lat' dir='ltr'><strong>satorumque</strong></span> <span class='ocrx_word' id='word_1_422' title='bbox 1344 540 1451 575; x_wconf 82' lang='lat' dir='ltr'><strong>ﬂoribus</strong></span> <span class='ocrx_word' id='word_1_423' title='bbox 1473 541 1631 575; x_wconf 74' lang='lat' dir='ltr'><strong>conﬁngunt,</strong></span> <span class='ocrx_word' id='word_1_424' title='bbox 1647 548 1692 568; x_wconf 52' lang='lat' dir='ltr'><strong>ex.</strong></span> 
     </span>
    </p>
   </div>
   <div class='ocr_carea' id='block_1_57' title="bbox 914 586 1691 623">
    <p class='ocr_par' dir='ltr' id='par_1_57' title="bbox 914 586 1691 623">
     <span class='ocr_line' id='line_1_57' title="bbox 914 586 1691 623; baseline -0.004 -7"><span class='ocrx_word' id='word_1_425' title='bbox 914 594 988 623; x_wconf 83' lang='lat' dir='ltr'><strong>cepta</strong></span> <span class='ocrx_word' id='word_1_426' title='bbox 1011 590 1108 616; x_wconf 84' lang='lat' dir='ltr'><strong>rumice</strong></span> <span class='ocrx_word' id='word_1_427' title='bbox 1131 593 1155 616; x_wconf 91' lang='lat' dir='ltr'><strong>et</strong></span> <span class='ocrx_word' id='word_1_428' title='bbox 1173 587 1328 622; x_wconf 77' lang='lat' dir='ltr'><strong>chenopode,</strong></span> <span class='ocrx_word' id='word_1_429' title='bbox 1347 586 1485 614; x_wconf 79' lang='lat' dir='ltr'><strong>herbarum</strong></span> <span class='ocrx_word' id='word_1_430' title='bbox 1510 586 1565 614; x_wconf 67' lang='lat' dir='ltr'><strong>hec</strong></span> <span class='ocrx_word' id='word_1_431' title='bbox 1589 595 1691 621; x_wconf 85' lang='lat' dir='ltr'><strong>genera.</strong></span> 
     </span>
    </p>
   </div>
   <div class='ocr_carea' id='block_1_58' title="bbox 915 633 1693 669">
    <p class='ocr_par' dir='ltr' id='par_1_58' title="bbox 915 633 1693 669">
     <span class='ocr_line' id='line_1_58' title="bbox 915 633 1693 669; baseline -0.003 -7"><span class='ocrx_word' id='word_1_432' title='bbox 915 635 997 662; x_wconf 79' lang='lat' dir='ltr'><strong>Falso</strong></span> <span class='ocrx_word' id='word_1_433' title='bbox 1011 635 1142 669; x_wconf 74' lang='lat' dir='ltr'><strong>excipitur</strong></span> <span class='ocrx_word' id='word_1_434' title='bbox 1153 638 1177 661; x_wconf 85' lang='lat' dir='ltr'><strong>et</strong></span> <span class='ocrx_word' id='word_1_435' title='bbox 1192 639 1319 669; x_wconf 79' lang='lat' dir='ltr'><strong>spartum,</strong></span> <span class='ocrx_word' id='word_1_436' title='bbox 1335 634 1427 669; x_wconf 83' lang='lat' dir='ltr'><strong>quippe</strong></span> <span class='ocrx_word' id='word_1_437' title='bbox 1443 642 1500 660; x_wconf 85' lang='lat' dir='ltr'><strong>eum</strong></span> <span class='ocrx_word' id='word_1_438' title='bbox 1518 633 1547 660; x_wconf 87' lang='lat' dir='ltr'><strong>in</strong></span> <span class='ocrx_word' id='word_1_439' title='bbox 1564 633 1693 666; x_wconf 75' lang='lat' dir='ltr'><strong>Hispania</strong></span> 
     </span>
    </p>
   </div>
   <div class='ocr_carea' id='block_1_59' title="bbox 914 677 1693 714">
    <p class='ocr_par' dir='ltr' id='par_1_59' title="bbox 914 677 1693 714">
     <span class='ocr_line' id='line_1_59' title="bbox 914 677 1693 714; baseline -0.003 -8"><span class='ocrx_word' id='word_1_440' title='bbox 914 681 996 707; x_wconf 88' lang='lat' dir='ltr'><strong>multa</strong></span> <span class='ocrx_word' id='word_1_441' title='bbox 1008 680 1034 706; x_wconf 92' lang='lat' dir='ltr'><strong>in</strong></span> <span class='ocrx_word' id='word_1_442' title='bbox 1049 679 1188 714; x_wconf 78' lang='lat' dir='ltr'><strong>spartariis</strong></span> <span class='ocrx_word' id='word_1_443' title='bbox 1203 679 1281 706; x_wconf 88' lang='lat' dir='ltr'><strong>mella</strong></span> <span class='ocrx_word' id='word_1_444' title='bbox 1291 679 1396 706; x_wconf 83' lang='lat' dir='ltr'><strong>herbam</strong></span> <span class='ocrx_word' id='word_1_445' title='bbox 1410 687 1466 705; x_wconf 88' lang='lat' dir='ltr'><strong>eam</strong></span> <span class='ocrx_word' id='word_1_446' title='bbox 1481 679 1596 712; x_wconf 78' lang='lat' dir='ltr'><strong>sapiant.</strong></span> <span class='ocrx_word' id='word_1_447' title='bbox 1612 677 1693 704; x_wconf 84' lang='lat' dir='ltr'><strong>Falso</strong></span> 
     </span>
    </p>
   </div>
   <div class='ocr_carea' id='block_1_60' title="bbox 912 724 1694 760">
    <p class='ocr_par' dir='ltr' id='par_1_60' title="bbox 912 724 1694 760">
     <span class='ocr_line' id='line_1_60' title="bbox 912 724 1694 760; baseline -0.003 -7"><span class='ocrx_word' id='word_1_448' title='bbox 912 731 937 753; x_wconf 86' lang='lat' dir='ltr'><strong>et</strong></span> <span class='ocrx_word' id='word_1_449' title='bbox 951 726 1022 753; x_wconf 86' lang='lat' dir='ltr'><strong>oleas</strong></span> <span class='ocrx_word' id='word_1_450' title='bbox 1038 726 1122 760; x_wconf 70' lang='lat' dir='ltr'><strong>excipi</strong></span> <span class='ocrx_word' id='word_1_451' title='bbox 1146 725 1272 756; x_wconf 81' lang='lat' dir='ltr'><strong>arbitror,</strong></span> <span class='ocrx_word' id='word_1_452' title='bbox 1292 726 1384 760; x_wconf 86' lang='lat' dir='ltr'><strong>quippe</strong></span> <span class='ocrx_word' id='word_1_453' title='bbox 1403 725 1476 752; x_wconf 74' lang='lat' dir='ltr'><strong>olivae</strong></span> <span class='ocrx_word' id='word_1_454' title='bbox 1499 729 1622 759; x_wconf 81' lang='lat' dir='ltr'><strong>prouentu</strong></span> <span class='ocrx_word' id='word_1_455' title='bbox 1634 724 1694 759; x_wconf 86' lang='lat' dir='ltr'><strong>plu-</strong></span> 
     </span>
    </p>
   </div>
   <div class='ocr_carea' id='block_1_61' title="bbox 914 769 1693 806">
    <p class='ocr_par' dir='ltr' id='par_1_61' title="bbox 914 769 1693 806">
     <span class='ocr_line' id='line_1_61' title="bbox 914 769 1693 806; baseline -0.004 -8"><span class='ocrx_word' id='word_1_456' title='bbox 914 773 980 799; x_wconf 90' lang='lat' dir='ltr'><strong>rima</strong></span> <span class='ocrx_word' id='word_1_457' title='bbox 995 772 1119 798; x_wconf 79' lang='lat' dir='ltr'><strong>exanima</strong></span> <span class='ocrx_word' id='word_1_458' title='bbox 1133 771 1203 806; x_wconf 85' lang='lat' dir='ltr'><strong>gigni</strong></span> <span class='ocrx_word' id='word_1_459' title='bbox 1217 775 1316 798; x_wconf 81' lang='lat' dir='ltr'><strong>certum</strong></span> <span class='ocrx_word' id='word_1_460' title='bbox 1329 775 1376 797; x_wconf 88' lang='lat' dir='ltr'><strong>est.</strong></span> <span class='ocrx_word' id='word_1_461' title='bbox 1399 769 1539 797; x_wconf 87' lang='lat' dir='ltr'><strong>Fructibus</strong></span> <span class='ocrx_word' id='word_1_462' title='bbox 1552 769 1632 796; x_wconf 78' lang='lat' dir='ltr'><strong>nullis</strong></span> <span class='ocrx_word' id='word_1_463' title='bbox 1646 778 1693 796; x_wconf 81' lang='lat' dir='ltr'><strong>no-</strong></span> 
     </span>
    </p>
   </div>
   <div class='ocr_carea' id='block_1_62' title="bbox 914 814 1692 850">
    <p class='ocr_par' dir='ltr' id='par_1_62' title="bbox 914 814 1692 850">
     <span class='ocr_line' id='line_1_62' title="bbox 914 814 1692 850; baseline -0.005 -6"><span class='ocrx_word' id='word_1_464' title='bbox 914 823 985 844; x_wconf 88' lang='lat' dir='ltr'><strong>cetur</strong></span> <span class='ocrx_word' id='word_1_465' title='bbox 995 826 1004 844; x_wconf 98' lang='lat'><em>:</em></span> <span class='ocrx_word' id='word_1_466' title='bbox 1020 816 1128 843; x_wconf 75' lang='lat' dir='ltr'><strong>mortuis</strong></span> <span class='ocrx_word' id='word_1_467' title='bbox 1151 824 1182 843; x_wconf 91' lang='lat' dir='ltr'><strong>nc</strong></span> <span class='ocrx_word' id='word_1_468' title='bbox 1204 815 1312 850; x_wconf 84' lang='lat' dir='ltr'><strong>floribus</strong></span> <span class='ocrx_word' id='word_1_469' title='bbox 1327 814 1429 849; x_wconf 89' lang='lat' dir='ltr'><strong>quidem</strong></span> <span class='ocrx_word' id='word_1_470' title='bbox 1444 823 1495 842; x_wconf 85' lang='lat' dir='ltr'><strong>non</strong></span> <span class='ocrx_word' id='word_1_471' title='bbox 1512 814 1585 841; x_wconf 90' lang='lat' dir='ltr'><strong>modo</strong></span> <span class='ocrx_word' id='word_1_472' title='bbox 1600 822 1692 848; x_wconf 85' lang='lat' dir='ltr'><strong>corpo-</strong></span> 
     </span>
    </p>
   </div>
   <div class='ocr_carea' id='block_1_63' title="bbox 914 859 1692 892">
    <p class='ocr_par' dir='ltr' id='par_1_63' title="bbox 914 859 1692 892">
     <span class='ocr_line' id='line_1_63' title="bbox 914 859 1692 892; baseline -0.005 -3"><span class='ocrx_word' id='word_1_473' title='bbox 914 863 986 889; x_wconf 82' lang='lat' dir='ltr'><strong>ribus</strong></span> <span class='ocrx_word' id='word_1_474' title='bbox 1008 862 1136 889; x_wconf 88' lang='lat' dir='ltr'><strong>insidunt.</strong></span> <span class='ocrx_word' id='word_1_475' title='bbox 1163 861 1214 888; x_wconf 88' lang='lat' dir='ltr'><strong>Sed</strong></span> <span class='ocrx_word' id='word_1_476' title='bbox 1237 860 1351 892; x_wconf 83' lang='lat' dir='ltr'><strong>Plinius,</strong></span> <span class='ocrx_word' id='word_1_477' title='bbox 1367 860 1393 887; x_wconf 93' lang='lat' dir='ltr'><strong>in</strong></span> <span class='ocrx_word' id='word_1_478' title='bbox 1417 859 1554 887; x_wconf 85' lang='lat' dir='ltr'><strong>nonnullis</strong></span> <span class='ocrx_word' id='word_1_479' title='bbox 1570 859 1692 886; x_wconf 83' lang='lat' dir='ltr'><strong>animad-</strong></span> 
     </span>
    </p>
   </div>
   <div class='ocr_carea' id='block_1_64' title="bbox 914 905 1690 942">
    <p class='ocr_par' dir='ltr' id='par_1_64' title="bbox 914 905 1690 942">
     <span class='ocr_line' id='line_1_64' title="bbox 914 905 1690 942; baseline -0.005 -8"><span class='ocrx_word' id='word_1_480' title='bbox 914 907 1038 934; x_wconf 87' lang='lat' dir='ltr'><strong>versione</strong></span> <span class='ocrx_word' id='word_1_481' title='bbox 1053 907 1151 942; x_wconf 82' lang='lat' dir='ltr'><strong>dignus</strong></span> <span class='ocrx_word' id='word_1_482' title='bbox 1169 906 1282 934; x_wconf 84' lang='lat' dir='ltr'><strong>videtur.</strong></span> <span class='ocrx_word' id='word_1_483' title='bbox 1299 905 1336 932; x_wconf 86' lang='lat' dir='ltr'><strong>De</strong></span> <span class='ocrx_word' id='word_1_484' title='bbox 1350 905 1416 932; x_wconf 90' lang='lat' dir='ltr'><strong>oleis</strong></span> <span class='ocrx_word' id='word_1_485' title='bbox 1434 905 1558 939; x_wconf 86' lang='lat' dir='ltr'><strong>superius</strong></span> <span class='ocrx_word' id='word_1_486' title='bbox 1570 905 1690 940; x_wconf 66' lang='lat' dir='ltr'><strong>quaedam</strong></span> 
     </span>
    </p>
   </div>
   <div class='ocr_carea' id='block_1_65' title="bbox 913 951 1689 986">
    <p class='ocr_par' dir='ltr' id='par_1_65' title="bbox 913 951 1689 986">
     <span class='ocr_line' id='line_1_65' title="bbox 913 951 1689 986; baseline -0.004 -6"><span class='ocrx_word' id='word_1_487' title='bbox 913 952 1049 986; x_wconf 78' lang='lat' dir='ltr'><strong>diximus;</strong></span> <span class='ocrx_word' id='word_1_488' title='bbox 1066 953 1099 980; x_wconf 88' lang='lat' dir='ltr'><strong>de</strong></span> <span class='ocrx_word' id='word_1_489' title='bbox 1119 952 1233 980; x_wconf 88' lang='lat' dir='ltr'><strong>mortuis</strong></span> <span class='ocrx_word' id='word_1_490' title='bbox 1250 951 1409 986; x_wconf 79' lang='lat' dir='ltr'><strong>corporibus</strong></span> <span class='ocrx_word' id='word_1_491' title='bbox 1425 958 1475 978; x_wconf 91' lang='lat' dir='ltr'><strong>nec</strong></span> <span class='ocrx_word' id='word_1_492' title='bbox 1496 951 1547 977; x_wconf 86' lang='lat' dir='ltr'><strong>sibi</strong></span> <span class='ocrx_word' id='word_1_493' title='bbox 1567 955 1689 980; x_wconf 86' lang='lat' dir='ltr'><strong>constat;</strong></span> 
     </span>
    </p>
   </div>
   <div class='ocr_carea' id='block_1_66' title="bbox 913 996 1690 1033">
    <p class='ocr_par' dir='ltr' id='par_1_66' title="bbox 913 996 1690 1033">
     <span class='ocr_line' id='line_1_66' title="bbox 913 996 1690 1033; baseline -0.003 -9"><span class='ocrx_word' id='word_1_494' title='bbox 913 1002 1033 1025; x_wconf 89' lang='lat' dir='ltr'><strong>mortuas</strong></span> <span class='ocrx_word' id='word_1_495' title='bbox 1051 998 1149 1033; x_wconf 85' lang='lat' dir='ltr'><strong>quippe</strong></span> <span class='ocrx_word' id='word_1_496' title='bbox 1169 997 1283 1032; x_wconf 76' lang='lat' dir='ltr'><strong>gallinas</strong></span> <span class='ocrx_word' id='word_1_497' title='bbox 1299 997 1395 1031; x_wconf 86' lang='lat' dir='ltr'><strong>apibus</strong></span> <span class='ocrx_word' id='word_1_498' title='bbox 1411 997 1500 1024; x_wconf 85' lang='lat' dir='ltr'><strong>cibum</strong></span> <span class='ocrx_word' id='word_1_499' title='bbox 1516 1004 1576 1024; x_wconf 87' lang='lat' dir='ltr'><strong>esse</strong></span> <span class='ocrx_word' id='word_1_500' title='bbox 1598 1004 1648 1024; x_wconf 93' lang='lat' dir='ltr'><strong>nos</strong></span> <span class='ocrx_word' id='word_1_501' title='bbox 1663 996 1690 1023; x_wconf 90' lang='lat' dir='ltr'><strong>in</strong></span> 
     </span>
    </p>
   </div>
   <div class='ocr_carea' id='block_1_67' title="bbox 913 1042 1690 1078">
    <p class='ocr_par' dir='ltr' id='par_1_67' title="bbox 913 1042 1690 1078">
     <span class='ocr_line' id='line_1_67' title="bbox 913 1042 1690 1078; baseline -0.003 -8"><span class='ocrx_word' id='word_1_502' title='bbox 913 1044 973 1072; x_wconf 85' lang='lat' dir='ltr'><strong>aliis</strong></span> <span class='ocrx_word' id='word_1_503' title='bbox 993 1044 1142 1071; x_wconf 87' lang='lat' dir='ltr'><strong>admonuit.</strong></span> <span class='ocrx_word' id='word_1_504' title='bbox 1163 1043 1215 1070; x_wconf 87' lang='lat' dir='ltr'><strong>Sed</strong></span> <span class='ocrx_word' id='word_1_505' title='bbox 1229 1043 1291 1078; x_wconf 86' lang='lat' dir='ltr'><strong>quis</strong></span> <span class='ocrx_word' id='word_1_506' title='bbox 1309 1043 1335 1070; x_wconf 91' lang='lat' dir='ltr'><strong>in</strong></span> <span class='ocrx_word' id='word_1_507' title='bbox 1362 1047 1435 1069; x_wconf 85' lang='lat' dir='ltr'><strong>tanta</strong></span> <span class='ocrx_word' id='word_1_508' title='bbox 1458 1050 1546 1069; x_wconf 86' lang='lat' dir='ltr'><strong>rerum</strong></span> <span class='ocrx_word' id='word_1_509' title='bbox 1563 1042 1690 1069; x_wconf 84' lang='lat' dir='ltr'><strong>varietate</strong></span> 
     </span>
    </p>
   </div>
   <div class='ocr_carea' id='block_1_68' title="bbox 911 1087 1690 1123">
    <p class='ocr_par' dir='ltr' id='par_1_68' title="bbox 911 1087 1690 1123">
     <span class='ocr_line' id='line_1_68' title="bbox 911 1087 1690 1123; baseline -0.005 -5"><span class='ocrx_word' id='word_1_510' title='bbox 911 1096 937 1118; x_wconf 87' lang='lat' dir='ltr'><strong>et</strong></span> <span class='ocrx_word' id='word_1_511' title='bbox 953 1090 1109 1118; x_wconf 84' lang='lat' dir='ltr'><strong>diversitate</strong></span> <span class='ocrx_word' id='word_1_512' title='bbox 1131 1089 1287 1123; x_wconf 87' lang='lat' dir='ltr'><strong>opinionum</strong></span> <span class='ocrx_word' id='word_1_513' title='bbox 1306 1088 1343 1115; x_wconf 88' lang='lat' dir='ltr'><strong>ita</strong></span> <span class='ocrx_word' id='word_1_514' title='bbox 1369 1088 1421 1116; x_wconf 86' lang='lat' dir='ltr'><strong>sibi</strong></span> <span class='ocrx_word' id='word_1_515' title='bbox 1445 1088 1573 1114; x_wconf 80' lang='lat' dir='ltr'><strong>memoria</strong></span> <span class='ocrx_word' id='word_1_516' title='bbox 1593 1087 1690 1122; x_wconf 87' lang='lat' dir='ltr'><strong>poterit</strong></span> 
     </span>
    </p>
   </div>
   <div class='ocr_carea' id='block_1_69' title="bbox 911 1131 1612 1168">
    <p class='ocr_par' dir='ltr' id='par_1_69' title="bbox 911 1131 1612 1168">
     <span class='ocr_line' id='line_1_69' title="bbox 911 1131 1612 1168; baseline -0.006 -6"><span class='ocrx_word' id='word_1_517' title='bbox 911 1139 1038 1162; x_wconf 82' lang='lat' dir='ltr'><strong>constare</strong></span> <span class='ocrx_word' id='word_1_518' title='bbox 1055 1139 1084 1161; x_wconf 93' lang='lat' dir='ltr'><strong>ut</strong></span> <span class='ocrx_word' id='word_1_519' title='bbox 1097 1142 1128 1161; x_wconf 92' lang='lat' dir='ltr'><strong>ea</strong></span> <span class='ocrx_word' id='word_1_520' title='bbox 1143 1134 1196 1160; x_wconf 91' lang='lat' dir='ltr'><strong>labi</strong></span> <span class='ocrx_word' id='word_1_521' title='bbox 1215 1132 1378 1168; x_wconf 87' lang='lat' dir='ltr'><strong>quandoque</strong></span> <span class='ocrx_word' id='word_1_522' title='bbox 1393 1140 1446 1159; x_wconf 90' lang='lat' dir='ltr'><strong>non</strong></span> <span class='ocrx_word' id='word_1_523' title='bbox 1459 1131 1612 1166; x_wconf 74' lang='lat' dir='ltr'><strong>contingat?</strong></span> 
     </span>
    </p>
   </div>
   <div class='ocr_carea' id='block_1_70' title="bbox 946 1177 1692 1212">
    <p class='ocr_par' dir='ltr' id='par_1_70' title="bbox 946 1177 1692 1212">
     <span class='ocr_line' id='line_1_70' title="bbox 946 1177 1692 1212; baseline -0.004 -4"><span class='ocrx_word' id='word_1_524' title='bbox 946 1180 1023 1208; x_wconf 86' lang='lat' dir='ltr'><strong>Ibid..</strong></span> <span class='ocrx_word' id='word_1_525' title='bbox 1039 1181 1087 1207; x_wconf 86' lang='lat' dir='ltr'><strong>lin.</strong></span> <span class='ocrx_word' id='word_1_526' title='bbox 1099 1179 1143 1207; x_wconf 68' lang='grc'><strong>54.</strong></span> <span class='ocrx_word' id='word_1_527' title='bbox 1157 1179 1210 1206; x_wconf 70' lang='grc' dir='ltr'><strong>Καὶ</strong></span> <span class='ocrx_word' id='word_1_528' title='bbox 1220 1178 1466 1212; x_wconf 77' lang='grc' dir='ltr'><strong>τὴνδροσοειδῶς.</strong></span> <span class='ocrx_word' id='word_1_529' title='bbox 1479 1177 1692 1205; x_wconf 77' lang='lat' dir='ltr'><strong>Accuratissime</strong></span> 
     </span>
    </p>
   </div>
   <div class='ocr_carea' id='block_1_71' title="bbox 911 1219 1690 1253">
    <p class='ocr_par' dir='ltr' id='par_1_71' title="bbox 911 1219 1690 1253">
     <span class='ocr_line' id='line_1_71' title="bbox 911 1219 1690 1253; baseline -0.005 -4"><span class='ocrx_word' id='word_1_530' title='bbox 911 1223 967 1249; x_wconf 62' lang='lat' dir='ltr'><strong>haec</strong></span> <span class='ocrx_word' id='word_1_531' title='bbox 987 1222 1078 1248; x_wconf 89' lang='lat' dir='ltr'><strong>omnia</strong></span> <span class='ocrx_word' id='word_1_532' title='bbox 1105 1221 1261 1248; x_wconf 82' lang='lat' dir='ltr'><strong>Aristoteles</strong></span> <span class='ocrx_word' id='word_1_533' title='bbox 1286 1221 1313 1247; x_wconf 91' lang='lat' dir='ltr'><strong>d.</strong></span> <span class='ocrx_word' id='word_1_534' title='bbox 1340 1221 1419 1246; x_wconf 88' lang='lat' dir='ltr'><strong>loco:</strong></span> <span class='ocrx_word' id='word_1_535' title='bbox 1439 1219 1598 1246; x_wconf 73' lang='lat' dir='ltr'><strong>Construunt</strong></span> <span class='ocrx_word' id='word_1_536' title='bbox 1616 1219 1690 1253; x_wconf 79' lang='lat' dir='ltr'><strong>favos</strong></span> 
     </span>
    </p>
   </div>
   <div class='ocr_carea' id='block_1_72' title="bbox 910 1265 1689 1301">
    <p class='ocr_par' dir='ltr' id='par_1_72' title="bbox 910 1265 1689 1301">
     <span class='ocr_line' id='line_1_72' title="bbox 910 1265 1689 1301; baseline -0.005 -7"><span class='ocrx_word' id='word_1_537' title='bbox 910 1276 924 1294; x_wconf 86' lang='lat' dir='ltr'><strong>c</strong></span> <span class='ocrx_word' id='word_1_538' title='bbox 934 1267 1051 1301; x_wconf 79' lang='lat' dir='ltr'><strong>ﬂoribus,</strong></span> <span class='ocrx_word' id='word_1_539' title='bbox 1064 1275 1163 1298; x_wconf 74' lang='lat' dir='ltr'><strong>ceram,</strong></span> <span class='ocrx_word' id='word_1_540' title='bbox 1175 1273 1206 1292; x_wconf 75' lang='lat' dir='ltr'><strong>ea;</strong></span> <span class='ocrx_word' id='word_1_541' title='bbox 1223 1265 1339 1300; x_wconf 80' lang='lat' dir='ltr'><strong>lacryma</strong></span> <span class='ocrx_word' id='word_1_542' title='bbox 1353 1265 1475 1292; x_wconf 85' lang='lat' dir='ltr'><strong>arborum</strong></span> <span class='ocrx_word' id='word_1_543' title='bbox 1491 1265 1601 1300; x_wconf 82' lang='lat' dir='ltr'><strong>ﬁngunt,</strong></span> <span class='ocrx_word' id='word_1_544' title='bbox 1611 1265 1689 1291; x_wconf 75' lang='lat' dir='ltr'><strong>mella</strong></span> 
     </span>
    </p>
   </div>
   <div class='ocr_carea' id='block_1_73' title="bbox 910 1311 1688 1344">
    <p class='ocr_par' dir='ltr' id='par_1_73' title="bbox 910 1311 1688 1344">
     <span class='ocr_line' id='line_1_73' title="bbox 910 1311 1688 1344; baseline -0.003 -6"><span class='ocrx_word' id='word_1_545' title='bbox 910 1320 942 1339; x_wconf 70' lang='lat' dir='ltr'><strong>ea:</strong></span> <span class='ocrx_word' id='word_1_546' title='bbox 957 1320 1014 1338; x_wconf 89' lang='lat' dir='ltr'><strong>rore</strong></span> <span class='ocrx_word' id='word_1_547' title='bbox 1029 1312 1109 1343; x_wconf 86' lang='lat' dir='ltr'><strong>aeris,</strong></span> <span class='ocrx_word' id='word_1_548' title='bbox 1125 1311 1240 1338; x_wconf 87' lang='lat' dir='ltr'><strong>siderum</strong></span> <span class='ocrx_word' id='word_1_549' title='bbox 1263 1315 1354 1337; x_wconf 66' lang='grc' dir='ltr'><strong>ρίου-ιιι</strong></span> <span class='ocrx_word' id='word_1_550' title='bbox 1378 1311 1551 1344; x_wconf 86' lang='lat' dir='ltr'><strong>potissimum,</strong></span> <span class='ocrx_word' id='word_1_551' title='bbox 1571 1316 1594 1336; x_wconf 85' lang='lat' dir='ltr'><strong>et</strong></span> <span class='ocrx_word' id='word_1_552' title='bbox 1611 1318 1688 1336; x_wconf 84' lang='lat' dir='ltr'><strong>arcus</strong></span> 
     </span>
    </p>
   </div>
   <div class='ocr_carea' id='block_1_74' title="bbox 910 1355 1689 1391">
    <p class='ocr_par' dir='ltr' id='par_1_74' title="bbox 910 1355 1689 1391">
     <span class='ocr_line' id='line_1_74' title="bbox 910 1355 1689 1391; baseline -0.004 -6"><span class='ocrx_word' id='word_1_553' title='bbox 910 1359 1020 1385; x_wconf 78' lang='lat' dir='ltr'><strong>caelestis</strong></span> <span class='ocrx_word' id='word_1_554' title='bbox 1034 1357 1149 1384; x_wconf 75' lang='lat' dir='ltr'><strong>incubitu</strong></span> <span class='ocrx_word' id='word_1_555' title='bbox 1166 1357 1331 1384; x_wconf 84' lang='lat' dir='ltr'><strong>contrahunt.</strong></span> <span class='ocrx_word' id='word_1_556' title='bbox 1351 1356 1464 1384; x_wconf 73' lang='lat' dir='ltr'><strong>Omnino</strong></span> <span class='ocrx_word' id='word_1_557' title='bbox 1485 1361 1543 1383; x_wconf 81' lang='lat' dir='ltr'><strong>ante</strong></span> <span class='ocrx_word' id='word_1_558' title='bbox 1564 1355 1689 1391; x_wconf 78' lang='lat' dir='ltr'><strong>Vergilia-</strong></span> 
     </span>
    </p>
   </div>
   <div class='ocr_carea' id='block_1_75' title="bbox 910 1402 1687 1438">
    <p class='ocr_par' dir='ltr' id='par_1_75' title="bbox 910 1402 1687 1438">
     <span class='ocr_line' id='line_1_75' title="bbox 910 1402 1687 1438; baseline -0.004 -7"><span class='ocrx_word' id='word_1_559' title='bbox 910 1413 968 1432; x_wconf 86' lang='lat' dir='ltr'><strong>rum</strong></span> <span class='ocrx_word' id='word_1_560' title='bbox 988 1409 1106 1431; x_wconf 72' lang='lat' dir='ltr'><strong>ezortum</strong></span> <span class='ocrx_word' id='word_1_561' title='bbox 1125 1404 1174 1430; x_wconf 90' lang='lat' dir='ltr'><strong>mel</strong></span> <span class='ocrx_word' id='word_1_562' title='bbox 1192 1412 1242 1431; x_wconf 91' lang='lat' dir='ltr'><strong>non</strong></span> <span class='ocrx_word' id='word_1_563' title='bbox 1260 1404 1299 1438; x_wconf 77' lang='lat' dir='ltr'><strong>ﬁt.</strong></span> <span class='ocrx_word' id='word_1_564' title='bbox 1318 1402 1404 1430; x_wconf 76' lang='lat' dir='ltr'><strong>Favos</strong></span> <span class='ocrx_word' id='word_1_565' title='bbox 1420 1403 1516 1438; x_wconf 88' lang='lat' dir='ltr'><strong>itaque,</strong></span> <span class='ocrx_word' id='word_1_566' title='bbox 1541 1408 1568 1430; x_wconf 90' lang='lat' dir='ltr'><strong>ut</strong></span> <span class='ocrx_word' id='word_1_567' title='bbox 1591 1403 1687 1430; x_wconf 77' lang='lat' dir='ltr'><strong>dictant</strong></span> 
     </span>
    </p>
   </div>
   <div class='ocr_carea' id='block_1_76' title="bbox 910 1448 1690 1484">
    <p class='ocr_par' dir='ltr' id='par_1_76' title="bbox 910 1448 1690 1484">
     <span class='ocr_line' id='line_1_76' title="bbox 910 1448 1690 1484; baseline -0.004 -7"><span class='ocrx_word' id='word_1_568' title='bbox 910 1455 958 1482; x_wconf 85' lang='lat' dir='ltr'><strong>est,</strong></span> <span class='ocrx_word' id='word_1_569' title='bbox 975 1459 988 1477; x_wconf 92' lang='lat' dir='ltr'><strong>e</strong></span> <span class='ocrx_word' id='word_1_570' title='bbox 1000 1449 1108 1484; x_wconf 75' lang='lat' dir='ltr'><strong>ﬂoribus</strong></span> <span class='ocrx_word' id='word_1_571' title='bbox 1125 1449 1235 1482; x_wconf 83' lang='lat' dir='ltr'><strong>faciunt.</strong></span> <span class='ocrx_word' id='word_1_572' title='bbox 1261 1448 1313 1476; x_wconf 82' lang='lat' dir='ltr'><strong>Mel</strong></span> <span class='ocrx_word' id='word_1_573' title='bbox 1331 1454 1417 1476; x_wconf 86' lang='lat' dir='ltr'><strong>autem</strong></span> <span class='ocrx_word' id='word_1_574' title='bbox 1444 1457 1493 1475; x_wconf 90' lang='lat' dir='ltr'><strong>non</strong></span> <span class='ocrx_word' id='word_1_575' title='bbox 1518 1449 1587 1482; x_wconf 80' lang='lat' dir='ltr'><strong>ipsas</strong></span> <span class='ocrx_word' id='word_1_576' title='bbox 1605 1449 1690 1483; x_wconf 74' lang='lat' dir='ltr'><strong>facere</strong></span> 
     </span>
    </p>
   </div>
   <div class='ocr_carea' id='block_1_77' title="bbox 910 1494 1689 1530">
    <p class='ocr_par' dir='ltr' id='par_1_77' title="bbox 910 1494 1689 1530">
     <span class='ocr_line' id='line_1_77' title="bbox 910 1494 1689 1530; baseline -0.003 -8"><span class='ocrx_word' id='word_1_577' title='bbox 910 1503 984 1530; x_wconf 79' lang='lat' dir='ltr'><strong>apes,</strong></span> <span class='ocrx_word' id='word_1_578' title='bbox 1002 1495 1048 1522; x_wconf 84' lang='lat' dir='ltr'><strong>sed</strong></span> <span class='ocrx_word' id='word_1_579' title='bbox 1071 1503 1155 1522; x_wconf 87' lang='lat' dir='ltr'><strong>rorem</strong></span> <span class='ocrx_word' id='word_1_580' title='bbox 1176 1494 1329 1522; x_wconf 84' lang='lat' dir='ltr'><strong>candentem</strong></span> <span class='ocrx_word' id='word_1_581' title='bbox 1356 1494 1457 1529; x_wconf 78' lang='lat' dir='ltr'><strong>deferre</strong></span> <span class='ocrx_word' id='word_1_582' title='bbox 1478 1499 1629 1530; x_wconf 87' lang='lat' dir='ltr'><strong>argumento</strong></span> <span class='ocrx_word' id='word_1_583' title='bbox 1651 1499 1689 1520; x_wconf 83' lang='lat' dir='ltr'><strong>est</strong></span> 
     </span>
    </p>
   </div>
   <div class='ocr_carea' id='block_1_78' title="bbox 910 1539 1689 1574">
    <p class='ocr_par' dir='ltr' id='par_1_78' title="bbox 910 1539 1689 1574">
     <span class='ocr_line' id='line_1_78' title="bbox 910 1539 1689 1574; baseline -0.001 -8"><span class='ocrx_word' id='word_1_584' title='bbox 910 1539 978 1574; x_wconf 85' lang='lat' dir='ltr'><strong>quod</strong></span> <span class='ocrx_word' id='word_1_585' title='bbox 1000 1548 1052 1566; x_wconf 72' lang='lat' dir='ltr'><strong>uno</strong></span> <span class='ocrx_word' id='word_1_586' title='bbox 1077 1544 1122 1566; x_wconf 86' lang='lat' dir='ltr'><strong>aut</strong></span> <span class='ocrx_word' id='word_1_587' title='bbox 1145 1540 1228 1566; x_wconf 88' lang='lat' dir='ltr'><strong>altero</strong></span> <span class='ocrx_word' id='word_1_588' title='bbox 1254 1539 1294 1566; x_wconf 86' lang='lat' dir='ltr'><strong>die</strong></span> <span class='ocrx_word' id='word_1_589' title='bbox 1318 1539 1397 1566; x_wconf 82' lang='lat' dir='ltr'><strong>cellas</strong></span> <span class='ocrx_word' id='word_1_590' title='bbox 1413 1539 1488 1566; x_wconf 81' lang='lat' dir='ltr'><strong>melle</strong></span> <span class='ocrx_word' id='word_1_591' title='bbox 1510 1539 1599 1574; x_wconf 79' lang='lat' dir='ltr'><strong>plenas</strong></span> <span class='ocrx_word' id='word_1_592' title='bbox 1620 1539 1689 1565; x_wconf 79' lang='lat' dir='ltr'><strong>inve-</strong></span> 
     </span>
    </p>
   </div>
   <div class='ocr_carea' id='block_1_79' title="bbox 909 1585 1687 1620">
    <p class='ocr_par' dir='ltr' id='par_1_79' title="bbox 909 1585 1687 1620">
     <span class='ocr_line' id='line_1_79' title="bbox 909 1585 1687 1620; baseline -0.001 -8"><span class='ocrx_word' id='word_1_593' title='bbox 909 1586 983 1612; x_wconf 87' lang='lat' dir='ltr'><strong>niunt</strong></span> <span class='ocrx_word' id='word_1_594' title='bbox 998 1586 1102 1620; x_wconf 85' lang='lat' dir='ltr'><strong>apiarii.</strong></span> <span class='ocrx_word' id='word_1_595' title='bbox 1122 1585 1153 1612; x_wconf 87' lang='lat' dir='ltr'><strong>Et</strong></span> <span class='ocrx_word' id='word_1_596' title='bbox 1168 1585 1213 1613; x_wconf 88' lang='lat' dir='ltr'><strong>lib.</strong></span> <span class='ocrx_word' id='word_1_597' title='bbox 1230 1593 1267 1618; x_wconf 78' lang='lat' dir='ltr'><strong>ix,</strong></span> <span class='ocrx_word' id='word_1_598' title='bbox 1283 1593 1342 1620; x_wconf 85' lang='lat' dir='ltr'><strong>cap.</strong></span> <span class='ocrx_word' id='word_1_599' title='bbox 1359 1585 1403 1617; x_wconf 77' lang='grc'><strong>40,</strong></span> <span class='ocrx_word' id='word_1_600' title='bbox 1420 1585 1572 1612; x_wconf 80' lang='lat' dir='ltr'><strong>observavit</strong></span> <span class='ocrx_word' id='word_1_601' title='bbox 1587 1593 1687 1612; x_wconf 89' lang='lat' dir='ltr'><strong>morem</strong></span> 
     </span>
    </p>
   </div>
   <div class='ocr_carea' id='block_1_80' title="bbox 909 1629 1688 1666">
    <p class='ocr_par' dir='ltr' id='par_1_80' title="bbox 909 1629 1688 1666">
     <span class='ocr_line' id='line_1_80' title="bbox 909 1629 1688 1666; baseline 0 -10"><span class='ocrx_word' id='word_1_602' title='bbox 909 1637 999 1665; x_wconf 84' lang='lat' dir='ltr'><strong>apum,</strong></span> <span class='ocrx_word' id='word_1_603' title='bbox 1019 1638 1054 1657; x_wconf 88' lang='lat' dir='ltr'><strong>ne</strong></span> <span class='ocrx_word' id='word_1_604' title='bbox 1071 1629 1194 1658; x_wconf 85' lang='lat' dir='ltr'><strong>videlicet</strong></span> <span class='ocrx_word' id='word_1_605' title='bbox 1209 1629 1304 1656; x_wconf 87' lang='lat' dir='ltr'><strong>llorum</strong></span> <span class='ocrx_word' id='word_1_606' title='bbox 1323 1630 1399 1665; x_wconf 84' lang='lat' dir='ltr'><strong>plura</strong></span> <span class='ocrx_word' id='word_1_607' title='bbox 1416 1637 1513 1666; x_wconf 80' lang='lat' dir='ltr'><strong>genera</strong></span> <span class='ocrx_word' id='word_1_608' title='bbox 1530 1634 1620 1665; x_wconf 83' lang='lat' dir='ltr'><strong>petant</strong></span> <span class='ocrx_word' id='word_1_609' title='bbox 1633 1638 1688 1657; x_wconf 90' lang='lat' dir='ltr'><strong>uno</strong></span> 
     </span>
    </p>
   </div>
   <div class='ocr_carea' id='block_1_81' title="bbox 908 1675 1688 1711">
    <p class='ocr_par' dir='ltr' id='par_1_81' title="bbox 908 1675 1688 1711">
     <span class='ocr_line' id='line_1_81' title="bbox 908 1675 1688 1711; baseline -0.001 -8"><span class='ocrx_word' id='word_1_610' title='bbox 908 1676 1056 1711; x_wconf 87' lang='lat' dir='ltr'><strong>eodemque</strong></span> <span class='ocrx_word' id='word_1_611' title='bbox 1067 1675 1199 1710; x_wconf 78' lang='lat' dir='ltr'><strong>proiectu,</strong></span> <span class='ocrx_word' id='word_1_612' title='bbox 1214 1675 1260 1703; x_wconf 88' lang='lat' dir='ltr'><strong>sed</strong></span> <span class='ocrx_word' id='word_1_613' title='bbox 1272 1676 1385 1710; x_wconf 82' lang='lat' dir='ltr'><strong>singulis</strong></span> <span class='ocrx_word' id='word_1_614' title='bbox 1399 1676 1515 1711; x_wconf 74' lang='lat' dir='ltr'><strong>singula,</strong></span> <span class='ocrx_word' id='word_1_615' title='bbox 1534 1676 1609 1703; x_wconf 87' lang='lat' dir='ltr'><strong>verbi</strong></span> <span class='ocrx_word' id='word_1_616' title='bbox 1625 1684 1688 1711; x_wconf 82' lang='lat' dir='ltr'><strong>gra-</strong></span> 
     </span>
    </p>
   </div>
   <div class='ocr_carea' id='block_1_82' title="bbox 909 1721 1686 1756">
    <p class='ocr_par' dir='ltr' id='par_1_82' title="bbox 909 1721 1686 1756">
     <span class='ocr_line' id='line_1_82' title="bbox 909 1721 1686 1756; baseline -0.001 -7"><span class='ocrx_word' id='word_1_617' title='bbox 909 1722 946 1749; x_wconf 82' lang='lat' dir='ltr'><strong>tia</strong></span> <span class='ocrx_word' id='word_1_618' title='bbox 961 1730 976 1749; x_wconf 84' lang='lat' dir='ltr'><strong>a</strong></span> <span class='ocrx_word' id='word_1_619' title='bbox 997 1722 1066 1749; x_wconf 78' lang='lat' dir='ltr'><strong>viola</strong></span> <span class='ocrx_word' id='word_1_620' title='bbox 1082 1721 1114 1748; x_wconf 88' lang='lat' dir='ltr'><strong>ad</strong></span> <span class='ocrx_word' id='word_1_621' title='bbox 1127 1722 1225 1749; x_wconf 84' lang='lat' dir='ltr'><strong>violam</strong></span> <span class='ocrx_word' id='word_1_622' title='bbox 1239 1721 1374 1754; x_wconf 87' lang='lat' dir='ltr'><strong>advolant,</strong></span> <span class='ocrx_word' id='word_1_623' title='bbox 1389 1729 1440 1749; x_wconf 88' lang='lat' dir='ltr'><strong>nec</strong></span> <span class='ocrx_word' id='word_1_624' title='bbox 1453 1721 1525 1748; x_wconf 71' lang='lat' dir='ltr'><strong>aliud</strong></span> <span class='ocrx_word' id='word_1_625' title='bbox 1540 1722 1686 1756; x_wconf 74' lang='lat' dir='ltr'><strong>attingunt.</strong></span> 
     </span>
    </p>
   </div>
   <div class='ocr_carea' id='block_1_83' title="bbox 908 1765 1686 1801">
    <p class='ocr_par' dir='ltr' id='par_1_83' title="bbox 908 1765 1686 1801">
     <span class='ocr_line' id='line_1_83' title="bbox 908 1765 1686 1801; baseline -0.001 -7"><span class='ocrx_word' id='word_1_626' title='bbox 908 1774 1049 1801; x_wconf 84' lang='lat' dir='ltr'><strong>quousque</strong></span> <span class='ocrx_word' id='word_1_627' title='bbox 1062 1774 1140 1794; x_wconf 87' lang='lat' dir='ltr'><strong>suum</strong></span> <span class='ocrx_word' id='word_1_628' title='bbox 1156 1766 1182 1793; x_wconf 92' lang='lat' dir='ltr'><strong>in</strong></span> <span class='ocrx_word' id='word_1_629' title='bbox 1195 1766 1298 1793; x_wconf 67' lang='lat' dir='ltr'><strong>alveum</strong></span> <span class='ocrx_word' id='word_1_630' title='bbox 1309 1765 1430 1797; x_wconf 87' lang='lat' dir='ltr'><strong>redeant,</strong></span> <span class='ocrx_word' id='word_1_631' title='bbox 1446 1766 1489 1792; x_wconf 90' lang='lat' dir='ltr'><strong>hic</strong></span> <span class='ocrx_word' id='word_1_632' title='bbox 1505 1774 1533 1793; x_wconf 91' lang='lat' dir='ltr'><strong>se</strong></span> <span class='ocrx_word' id='word_1_633' title='bbox 1550 1767 1686 1801; x_wconf 84' lang='lat' dir='ltr'><strong>quatiunt;</strong></span> 
     </span>
    </p>
   </div>
   <div class='ocr_carea' id='block_1_84' title="bbox 908 1812 1687 1847">
    <p class='ocr_par' dir='ltr' id='par_1_84' title="bbox 908 1812 1687 1847">
     <span class='ocr_line' id='line_1_84' title="bbox 908 1812 1687 1847; baseline -0.001 -9"><span class='ocrx_word' id='word_1_634' title='bbox 908 1818 934 1839; x_wconf 87' lang='lat' dir='ltr'><strong>et</strong></span> <span class='ocrx_word' id='word_1_635' title='bbox 951 1813 1071 1847; x_wconf 79' lang='lat' dir='ltr'><strong>singulas</strong></span> <span class='ocrx_word' id='word_1_636' title='bbox 1096 1817 1151 1840; x_wconf 87' lang='lat' dir='ltr'><strong>tres</strong></span> <span class='ocrx_word' id='word_1_637' title='bbox 1178 1816 1223 1839; x_wconf 90' lang='lat' dir='ltr'><strong>aut</strong></span> <span class='ocrx_word' id='word_1_638' title='bbox 1246 1815 1362 1847; x_wconf 87' lang='lat' dir='ltr'><strong>quatuor</strong></span> <span class='ocrx_word' id='word_1_639' title='bbox 1383 1816 1541 1846; x_wconf 86' lang='lat' dir='ltr'><strong>sequuntur.</strong></span> <span class='ocrx_word' id='word_1_640' title='bbox 1557 1812 1608 1840; x_wconf 88' lang='lat' dir='ltr'><strong>Sed</strong></span> <span class='ocrx_word' id='word_1_641' title='bbox 1623 1813 1687 1847; x_wconf 79' lang='lat' dir='ltr'><strong>quid</strong></span> 
     </span>
    </p>
   </div>
   <div class='ocr_carea' id='block_1_85' title="bbox 909 1855 1689 1893">
    <p class='ocr_par' dir='ltr' id='par_1_85' title="bbox 909 1855 1689 1893">
     <span class='ocr_line' id='line_1_85' title="bbox 909 1855 1689 1893; baseline 0.001 -9"><span class='ocrx_word' id='word_1_642' title='bbox 909 1858 1044 1892; x_wconf 84' lang='lat' dir='ltr'><strong>accipiant</strong></span> <span class='ocrx_word' id='word_1_643' title='bbox 1069 1858 1139 1885; x_wconf 86' lang='lat' dir='ltr'><strong>haud</strong></span> <span class='ocrx_word' id='word_1_644' title='bbox 1161 1855 1238 1885; x_wconf 80' lang='lat' dir='ltr'><strong>facile</strong></span> <span class='ocrx_word' id='word_1_645' title='bbox 1261 1858 1377 1891; x_wconf 84' lang='lat' dir='ltr'><strong>videris;</strong></span> <span class='ocrx_word' id='word_1_646' title='bbox 1401 1865 1450 1885; x_wconf 88' lang='lat' dir='ltr'><strong>nec</strong></span> <span class='ocrx_word' id='word_1_647' title='bbox 1469 1865 1533 1885; x_wconf 82' lang='lat' dir='ltr'><strong>vero</strong></span> <span class='ocrx_word' id='word_1_648' title='bbox 1558 1858 1689 1893; x_wconf 86' lang='lat' dir='ltr'><strong>quemad-</strong></span> 
     </span>
    </p>
   </div>
   <div class='ocr_carea' id='block_1_86' title="bbox 909 1904 1449 1938">
    <p class='ocr_par' dir='ltr' id='par_1_86' title="bbox 909 1904 1449 1938">
     <span class='ocr_line' id='line_1_86' title="bbox 909 1904 1449 1938; baseline 0 -8"><span class='ocrx_word' id='word_1_649' title='bbox 909 1904 1016 1930; x_wconf 90' lang='lat' dir='ltr'><strong>modum</strong></span> <span class='ocrx_word' id='word_1_650' title='bbox 1033 1907 1179 1938; x_wconf 84' lang='lat' dir='ltr'><strong>operentur</strong></span> <span class='ocrx_word' id='word_1_651' title='bbox 1196 1904 1283 1931; x_wconf 86' lang='lat' dir='ltr'><strong>visum</strong></span> <span class='ocrx_word' id='word_1_652' title='bbox 1296 1904 1384 1932; x_wconf 89' lang='lat' dir='ltr'><strong>adhuc</strong></span> <span class='ocrx_word' id='word_1_653' title='bbox 1397 1908 1449 1931; x_wconf 86' lang='lat' dir='ltr'><strong>est.</strong></span> 
     </span>
    </p>
   </div>
   <div class='ocr_carea' id='block_1_87' title="bbox 942 1946 1685 1982">
    <p class='ocr_par' dir='ltr' id='par_1_87' title="bbox 942 1946 1685 1982">
     <span class='ocr_line' id='line_1_87' title="bbox 942 1946 1685 1982; baseline -0.005 -6"><span class='ocrx_word' id='word_1_654' title='bbox 942 1948 1021 1979; x_wconf 83' lang='lat' dir='ltr'><strong>Ibid.,</strong></span> <span class='ocrx_word' id='word_1_655' title='bbox 1041 1948 1088 1974; x_wconf 92' lang='lat' dir='ltr'><strong>lin.</strong></span> <span class='ocrx_word' id='word_1_656' title='bbox 1104 1948 1147 1975; x_wconf 74' lang='grc'><strong>57.</strong></span> <span class='ocrx_word' id='word_1_657' title='bbox 1162 1948 1247 1976; x_wconf 82' lang='grc' dir='ltr'><strong>Ὅθεν</strong></span> <span class='ocrx_word' id='word_1_658' title='bbox 1262 1948 1309 1974; x_wconf 80' lang='grc' dir='ltr'><strong>καὶ</strong></span> <span class='ocrx_word' id='word_1_659' title='bbox 1326 1949 1416 1982; x_wconf 72' lang='grc' dir='ltr'>ὑγρόν</span> <span class='ocrx_word' id='word_1_660' title='bbox 1428 1947 1500 1974; x_wconf 79' lang='grc' dir='ltr'><strong>ἐστι.</strong></span> <span class='ocrx_word' id='word_1_661' title='bbox 1518 1946 1685 1982; x_wconf 77' lang='lat' dir='ltr'><strong>Aristoteles,</strong></span> 
     </span>
    </p>
   </div>
   <div class='ocr_carea' id='block_1_88' title="bbox 908 1991 1686 2028">
    <p class='ocr_par' dir='ltr' id='par_1_88' title="bbox 908 1991 1686 2028">
     <span class='ocr_line' id='line_1_88' title="bbox 908 1991 1686 2028; baseline -0.003 -7"><span class='ocrx_word' id='word_1_662' title='bbox 908 1994 954 2022; x_wconf 86' lang='lat' dir='ltr'><strong>lib.</strong></span> <span class='ocrx_word' id='word_1_663' title='bbox 975 2002 990 2021; x_wconf 90' lang='lat' dir='ltr'><strong>v</strong></span> <span class='ocrx_word' id='word_1_664' title='bbox 1007 1993 1044 2020; x_wconf 88' lang='lat' dir='ltr'><strong>De</strong></span> <span class='ocrx_word' id='word_1_665' title='bbox 1059 1993 1152 2020; x_wconf 82' lang='lat' dir='ltr'><strong>histor.</strong></span> <span class='ocrx_word' id='word_1_666' title='bbox 1177 1993 1298 2026; x_wconf 84' lang='lat' dir='ltr'><strong>animal.,</strong></span> <span class='ocrx_word' id='word_1_667' title='bbox 1323 2001 1382 2028; x_wconf 89' lang='lat' dir='ltr'><strong>cap.</strong></span> <span class='ocrx_word' id='word_1_668' title='bbox 1407 1993 1453 2024; x_wconf 76' lang='grc'><strong>22,</strong></span> <span class='ocrx_word' id='word_1_669' title='bbox 1483 1992 1640 2019; x_wconf 78' lang='grc' dir='ltr'><strong>Συνίσταται</strong></span> <span class='ocrx_word' id='word_1_670' title='bbox 1658 1991 1686 2019; x_wconf 77' lang='grc' dir='ltr'><strong>δὲ</strong></span> 
     </span>
    </p>
   </div>
   <div class='ocr_carea' id='block_1_89' title="bbox 907 2037 1689 2076">
    <p class='ocr_par' dir='ltr' id='par_1_89' title="bbox 907 2037 1689 2076">
     <span class='ocr_line' id='line_1_89' title="bbox 907 2037 1689 2076; baseline -0.003 -10"><span class='ocrx_word' id='word_1_671' title='bbox 907 2040 938 2067; x_wconf 65' lang='grc' dir='ltr'><strong>τὸ</strong></span> <span class='ocrx_word' id='word_1_672' title='bbox 954 2041 1013 2076; x_wconf 82' lang='grc' dir='ltr'><strong>μέλι</strong></span> <span class='ocrx_word' id='word_1_673' title='bbox 1031 2040 1201 2075; x_wconf 78' lang='grc' dir='ltr'><strong>πεττόμενον.</strong></span> <span class='ocrx_word' id='word_1_674' title='bbox 1227 2039 1269 2072; x_wconf 77' lang='grc' dir='ltr'><strong>Ἐξ</strong></span> <span class='ocrx_word' id='word_1_675' title='bbox 1285 2040 1370 2075; x_wconf 85' lang='grc' dir='ltr'><strong>ἀρχῆς</strong></span> <span class='ocrx_word' id='word_1_676' title='bbox 1385 2040 1438 2074; x_wconf 80' lang='grc' dir='ltr'><strong>γὰρ</strong></span> <span class='ocrx_word' id='word_1_677' title='bbox 1452 2037 1506 2066; x_wconf 71' lang='grc' dir='ltr'>οἷον</span> <span class='ocrx_word' id='word_1_678' title='bbox 1531 2039 1602 2074; x_wconf 80' lang='grc' dir='ltr'><strong>ὕδωρ</strong></span> <span class='ocrx_word' id='word_1_679' title='bbox 1619 2039 1689 2073; x_wconf 77' lang='grc' dir='ltr'>γίνε-</span> 
     </span>
    </p>
   </div>
   <div class='ocr_carea' id='block_1_90' title="bbox 907 2084 1690 2121">
    <p class='ocr_par' dir='ltr' id='par_1_90' title="bbox 907 2084 1690 2121">
     <span class='ocr_line' id='line_1_90' title="bbox 907 2084 1690 2121; baseline -0.003 -8"><span class='ocrx_word' id='word_1_680' title='bbox 907 2095 961 2119; x_wconf 79' lang='grc' dir='ltr'><strong>ται,</strong></span> <span class='ocrx_word' id='word_1_681' title='bbox 979 2087 1025 2113; x_wconf 77' lang='grc' dir='ltr'><strong>καὶ</strong></span> <span class='ocrx_word' id='word_1_682' title='bbox 1042 2087 1083 2121; x_wconf 79' lang='grc' dir='ltr'><strong>ἐφ’</strong></span> <span class='ocrx_word' id='word_1_683' title='bbox 1097 2086 1202 2121; x_wconf 81' lang='grc' dir='ltr'><strong>ἡμέρας</strong></span> <span class='ocrx_word' id='word_1_684' title='bbox 1221 2085 1268 2120; x_wconf 87' lang='grc' dir='ltr'><strong>μέν</strong></span> <span class='ocrx_word' id='word_1_685' title='bbox 1285 2094 1359 2116; x_wconf 83' lang='grc' dir='ltr'>τινας</span> <span class='ocrx_word' id='word_1_686' title='bbox 1380 2085 1461 2121; x_wconf 83' lang='grc' dir='ltr'>ὑγρόν</span> <span class='ocrx_word' id='word_1_687' title='bbox 1477 2086 1550 2112; x_wconf 78' lang='grc' dir='ltr'><strong>ἐστι·</strong></span> <span class='ocrx_word' id='word_1_688' title='bbox 1576 2085 1615 2111; x_wconf 85' lang='grc' dir='ltr'><strong>διὸ</strong></span> <span class='ocrx_word' id='word_1_689' title='bbox 1636 2084 1690 2111; x_wconf 64' lang='grc' dir='ltr'>κᾶν</span> 
     </span>
    </p>
   </div>
   <div class='ocr_carea' id='block_1_91' title="bbox 908 2130 1689 2168">
    <p class='ocr_par' dir='ltr' id='par_1_91' title="bbox 908 2130 1689 2168">
     <span class='ocr_line' id='line_1_91' title="bbox 908 2130 1689 2168; baseline -0.004 -9"><span class='ocrx_word' id='word_1_690' title='bbox 908 2132 1039 2168; x_wconf 83' lang='grc' dir='ltr'><strong>ὑφαιρεθῇ</strong></span> <span class='ocrx_word' id='word_1_691' title='bbox 1056 2133 1083 2158; x_wconf 85' lang='grc' dir='ltr'>ἐν</span> <span class='ocrx_word' id='word_1_692' title='bbox 1103 2132 1197 2163; x_wconf 80' lang='grc' dir='ltr'><strong>αὑταῖς</strong></span> <span class='ocrx_word' id='word_1_693' title='bbox 1218 2133 1275 2162; x_wconf 81' lang='grc' dir='ltr'>ταῖς</span> <span class='ocrx_word' id='word_1_694' title='bbox 1295 2130 1419 2166; x_wconf 82' lang='grc' dir='ltr'><strong>ἡμέραις,</strong></span> <span class='ocrx_word' id='word_1_695' title='bbox 1436 2131 1484 2166; x_wconf 76' lang='grc' dir='ltr'><strong>οὐχ</strong></span> <span class='ocrx_word' id='word_1_696' title='bbox 1505 2130 1572 2165; x_wconf 71' lang='grc' dir='ltr'><strong>ἴσχει</strong></span> <span class='ocrx_word' id='word_1_697' title='bbox 1592 2131 1689 2165; x_wconf 66' lang='grc' dir='ltr'><strong>πάχος,</strong></span> 
     </span>
    </p>
   </div>
   <div class='ocr_carea' id='block_1_92' title="bbox 78 2171 854 2214">
    <p class='ocr_par' dir='ltr' id='par_1_92' title="bbox 78 2171 852 2214">
     <span class='ocr_line' id='line_1_92' title="bbox 78 2171 852 2214; baseline 0.014 -17"><span class='ocrx_word' id='word_1_698' title='bbox 78 2171 200 2202; x_wconf 81' lang='lat' dir='ltr'><strong>Hercules</strong></span> <span class='ocrx_word' id='word_1_699' title='bbox 216 2176 307 2209; x_wconf 84' lang='lat' dir='ltr'><strong>fuerit,</strong></span> <span class='ocrx_word' id='word_1_700' title='bbox 323 2181 346 2203; x_wconf 89' lang='lat' dir='ltr'><strong>et</strong></span> <span class='ocrx_word' id='word_1_701' title='bbox 361 2177 429 2211; x_wconf 87' lang='lat' dir='ltr'><strong>quod</strong></span> <span class='ocrx_word' id='word_1_702' title='bbox 443 2177 529 2205; x_wconf 71' lang='lat' dir='ltr'><strong>Liberi</strong></span> <span class='ocrx_word' id='word_1_703' title='bbox 547 2178 637 2206; x_wconf 82' lang='lat' dir='ltr'><strong>Patris</strong></span> <span class='ocrx_word' id='word_1_704' title='bbox 656 2180 812 2214; x_wconf 83' lang='lat' dir='ltr'><strong>sepulcrum,</strong></span> <span class='ocrx_word' id='word_1_705' title='bbox 828 2187 852 2208; x_wconf 87' lang='lat' dir='ltr'><strong>et</strong></span> 
     </span>
    </p>
   </div>
   <div class='ocr_carea' id='block_1_93' title="bbox 913 2171 1687 2214">
    <p class='ocr_par' dir='ltr' id='par_1_93' title="bbox 913 2176 1687 2212">
     <span class='ocr_line' id='line_1_93' title="bbox 913 2176 1687 2212; baseline -0.004 -7"><span class='ocrx_word' id='word_1_706' title='bbox 913 2187 932 2205; x_wconf 71' lang='grc' dir='ltr'>ιν</span> <span class='ocrx_word' id='word_1_707' title='bbox 947 2179 1031 2205; x_wconf 81' lang='grc' dir='ltr'><strong>εἴκοσι</strong></span> <span class='ocrx_word' id='word_1_708' title='bbox 1046 2178 1074 2204; x_wconf 76' lang='grc' dir='ltr'><strong>δὲ</strong></span> <span class='ocrx_word' id='word_1_709' title='bbox 1096 2178 1210 2212; x_wconf 68' lang='grc' dir='ltr'><strong>μάλιστα</strong></span> <span class='ocrx_word' id='word_1_710' title='bbox 1227 2177 1392 2203; x_wconf 78' lang='grc' dir='ltr'><strong>συνίσταται.</strong></span> <span class='ocrx_word' id='word_1_711' title='bbox 1416 2176 1498 2211; x_wconf 84' lang='grc' dir='ltr'>Δῆλον</span> <span class='ocrx_word' id='word_1_712' title='bbox 1513 2177 1541 2202; x_wconf 83' lang='grc' dir='ltr'><strong>δέ</strong></span> <span class='ocrx_word' id='word_1_713' title='bbox 1555 2177 1626 2203; x_wconf 77' lang='grc' dir='ltr'><strong>ἐστιν</strong></span> <span class='ocrx_word' id='word_1_714' title='bbox 1642 2177 1687 2202; x_wconf 74' lang='grc' dir='ltr'>εὑ-</span> 
     </span>
    </p>
   </div>
   <div class='ocr_carea' id='block_1_94' title="bbox 77 2217 853 2260">
    <p class='ocr_par' dir='ltr' id='par_1_94' title="bbox 77 2217 853 2260">
     <span class='ocr_line' id='line_1_94' title="bbox 77 2217 853 2260; baseline 0.013 -16"><span class='ocrx_word' id='word_1_715' title='bbox 77 2217 174 2253; x_wconf 85' lang='lat' dir='ltr'><strong>reliqua</strong></span> <span class='ocrx_word' id='word_1_716' title='bbox 190 2223 327 2249; x_wconf 81' lang='lat' dir='ltr'><strong>vetustatis</strong></span> <span class='ocrx_word' id='word_1_717' title='bbox 344 2223 397 2249; x_wconf 83' lang='lat' dir='ltr'><strong>situ</strong></span> <span class='ocrx_word' id='word_1_718' title='bbox 415 2222 518 2251; x_wconf 87' lang='lat' dir='ltr'><strong>abruta.</strong></span> <span class='ocrx_word' id='word_1_719' title='bbox 537 2224 602 2252; x_wconf 78' lang='lat' dir='ltr'><strong>Ecce</strong></span> <span class='ocrx_word' id='word_1_720' title='bbox 616 2226 643 2252; x_wconf 88' lang='lat' dir='ltr'><strong>in</strong></span> <span class='ocrx_word' id='word_1_721' title='bbox 663 2234 690 2252; x_wconf 86' lang='lat' dir='ltr'><strong>re</strong></span> <span class='ocrx_word' id='word_1_722' title='bbox 708 2234 789 2260; x_wconf 83' lang='lat' dir='ltr'><strong>parva</strong></span> <span class='ocrx_word' id='word_1_723' title='bbox 804 2227 853 2254; x_wconf 83' lang='lat' dir='ltr'><strong>vil-</strong></span> 
     </span>
    </p>
   </div>
   <div class='ocr_carea' id='block_1_95' title="bbox 79 2263 853 2304">
    <p class='ocr_par' dir='ltr' id='par_1_95' title="bbox 79 2263 853 2304">
     <span class='ocr_line' id='line_1_95' title="bbox 79 2263 853 2304; baseline 0.013 -15"><span class='ocrx_word' id='word_1_724' title='bbox 79 2263 156 2298; x_wconf 80' lang='lat' dir='ltr'><strong>lisque</strong></span> <span class='ocrx_word' id='word_1_725' title='bbox 168 2267 268 2293; x_wconf 86' lang='lat' dir='ltr'><strong>nostris</strong></span> <span class='ocrx_word' id='word_1_726' title='bbox 290 2275 402 2299; x_wconf 66' lang='lat' dir='ltr'><strong>anneza,</strong></span> <span class='ocrx_word' id='word_1_727' title='bbox 424 2276 498 2303; x_wconf 64' lang='lat' dir='ltr'><strong>cujus</strong></span> <span class='ocrx_word' id='word_1_728' title='bbox 514 2270 622 2296; x_wconf 84' lang='lat' dir='ltr'><strong>assidua</strong></span> <span class='ocrx_word' id='word_1_729' title='bbox 642 2273 718 2304; x_wconf 87' lang='lat' dir='ltr'><strong>copia</strong></span> <span class='ocrx_word' id='word_1_730' title='bbox 737 2276 785 2302; x_wconf 87' lang='lat' dir='ltr'><strong>cst.</strong></span> <span class='ocrx_word' id='word_1_731' title='bbox 802 2280 853 2298; x_wconf 86' lang='lat' dir='ltr'><strong>non</strong></span> 
     </span>
    </p>
   </div>
   <div class='ocr_carea' id='block_1_96' title="bbox 78 2311 853 2342">
    <p class='ocr_par' dir='ltr' id='par_1_96' title="bbox 78 2311 853 2342">
     <span class='ocr_line' id='line_1_96' title="bbox 78 2311 853 2342; baseline 0.01 -8"><span class='ocrx_word' id='word_1_732' title='bbox 78 2313 176 2336; x_wconf 79' lang='lat' dir='ltr'><strong>constat</strong></span> <span class='ocrx_word' id='word_1_733' title='bbox 191 2311 258 2337; x_wconf 90' lang='lat' dir='ltr'><strong>inter</strong></span> <span class='ocrx_word' id='word_1_734' title='bbox 272 2317 392 2339; x_wconf 85' lang='lat' dir='ltr'><strong>auctores</strong></span> <span class='ocrx_word' id='word_1_735' title='bbox 408 2321 417 2338; x_wconf 91' lang='lat'><strong><em>:</em></strong></span> <span class='ocrx_word' id='word_1_736' title='bbox 434 2312 487 2340; x_wconf 80' lang='lat' dir='ltr'><strong>Rea:</strong></span> <span class='ocrx_word' id='word_1_737' title='bbox 509 2314 644 2342; x_wconf 85' lang='lat' dir='ltr'><strong>nullumne</strong></span> <span class='ocrx_word' id='word_1_738' title='bbox 663 2315 734 2342; x_wconf 78' lang='lat' dir='ltr'><strong>solus</strong></span> <span class='ocrx_word' id='word_1_739' title='bbox 760 2315 853 2342; x_wconf 82' lang='lat' dir='ltr'><strong>habeat</strong></span> 
     </span>
    </p>
   </div>
   <div class='ocr_carea' id='block_1_97' title="bbox 79 2354 853 2391">
    <p class='ocr_par' dir='ltr' id='par_1_97' title="bbox 79 2354 853 2391">
     <span class='ocr_line' id='line_1_97' title="bbox 79 2354 853 2391; baseline 0.014 -14"><span class='ocrx_word' id='word_1_740' title='bbox 79 2354 204 2386; x_wconf 85' lang='lat' dir='ltr'><strong>aculeum.</strong></span> <span class='ocrx_word' id='word_1_741' title='bbox 232 2357 370 2391; x_wconf 85' lang='lat' dir='ltr'><strong>majestate</strong></span> <span class='ocrx_word' id='word_1_742' title='bbox 397 2363 498 2385; x_wconf 88' lang='lat' dir='ltr'><strong>tantum</strong></span> <span class='ocrx_word' id='word_1_743' title='bbox 528 2365 648 2387; x_wconf 87' lang='lat' dir='ltr'><strong>armatus</strong></span> <span class='ocrx_word' id='word_1_744' title='bbox 669 2369 677 2387; x_wconf 90' lang='lat'><em>:</em></span> <span class='ocrx_word' id='word_1_745' title='bbox 695 2369 729 2388; x_wconf 89' lang='lat' dir='ltr'><strong>an</strong></span> <span class='ocrx_word' id='word_1_746' title='bbox 754 2361 853 2388; x_wconf 77' lang='lat' dir='ltr'><strong>dederit</strong></span> 
     </span>
    </p>
   </div>
   <div class='ocr_carea' id='block_1_98' title="bbox 78 2402 854 2442">
    <p class='ocr_par' dir='ltr' id='par_1_98' title="bbox 78 2402 854 2442">
     <span class='ocr_line' id='line_1_98' title="bbox 78 2402 854 2442; baseline 0.015 -19"><span class='ocrx_word' id='word_1_747' title='bbox 78 2405 133 2424; x_wconf 82' lang='lat' dir='ltr'><strong>eum</strong></span> <span class='ocrx_word' id='word_1_748' title='bbox 148 2402 251 2434; x_wconf 84' lang='lat' dir='ltr'><strong>quidem</strong></span> <span class='ocrx_word' id='word_1_749' title='bbox 263 2407 369 2434; x_wconf 86' lang='lat' dir='ltr'><strong>natura,</strong></span> <span class='ocrx_word' id='word_1_750' title='bbox 384 2404 429 2430; x_wconf 86' lang='lat' dir='ltr'><strong>sed</strong></span> <span class='ocrx_word' id='word_1_751' title='bbox 442 2412 517 2431; x_wconf 86' lang='lat' dir='ltr'><strong>usum</strong></span> <span class='ocrx_word' id='word_1_752' title='bbox 532 2406 588 2440; x_wconf 85' lang='lat' dir='ltr'><strong>ejus</strong></span> <span class='ocrx_word' id='word_1_753' title='bbox 603 2407 644 2433; x_wconf 86' lang='lat' dir='ltr'><strong>illi</strong></span> <span class='ocrx_word' id='word_1_754' title='bbox 657 2412 759 2434; x_wconf 84' lang='lat' dir='ltr'><strong>tantum</strong></span> <span class='ocrx_word' id='word_1_755' title='bbox 775 2417 854 2442; x_wconf 82' lang='lat' dir='ltr'><strong>nega-</strong></span> 
     </span>
    </p>
   </div>
   <div class='ocr_carea' id='block_1_99' title="bbox 80 2445 853 2483">
    <p class='ocr_par' dir='ltr' id='par_1_99' title="bbox 80 2445 853 2483">
     <span class='ocr_line' id='line_1_99' title="bbox 80 2445 853 2483; baseline 0.014 -13"><span class='ocrx_word' id='word_1_756' title='bbox 80 2445 149 2470; x_wconf 79' lang='lat' dir='ltr'><strong>t’erit.</strong></span> <span class='ocrx_word' id='word_1_757' title='bbox 168 2445 241 2473; x_wconf 81' lang='lat' dir='ltr'><strong>Illud</strong></span> <span class='ocrx_word' id='word_1_758' title='bbox 257 2453 359 2475; x_wconf 86' lang='lat' dir='ltr'><strong>constat</strong></span> <span class='ocrx_word' id='word_1_759' title='bbox 376 2450 559 2483; x_wconf 80' lang='lat' dir='ltr'><strong>imperatorem</strong></span> <span class='ocrx_word' id='word_1_760' title='bbox 576 2452 665 2479; x_wconf 85' lang='lat' dir='ltr'><strong>aculeo</strong></span> <span class='ocrx_word' id='word_1_761' title='bbox 680 2462 730 2480; x_wconf 84' lang='lat' dir='ltr'><strong>non</strong></span> <span class='ocrx_word' id='word_1_762' title='bbox 738 2455 786 2480; x_wconf 86' lang='lat' dir='ltr'><strong>uti.</strong></span> <span class='ocrx_word' id='word_1_763' title='bbox 802 2454 853 2481; x_wconf 75' lang='lat' dir='ltr'><strong>Nc-</strong></span> 
     </span>
    </p>
   </div>
   <div class='ocr_carea' id='block_1_100' title="bbox 78 2487 853 2532">
    <p class='ocr_par' dir='ltr' id='par_1_100' title="bbox 78 2487 853 2532">
     <span class='ocr_line' id='line_1_100' title="bbox 78 2487 853 2532; baseline 0.01 -17"><span class='ocrx_word' id='word_1_764' title='bbox 78 2491 120 2520; x_wconf 70' lang='lat' dir='ltr'><strong>gat</strong></span> <span class='ocrx_word' id='word_1_765' title='bbox 135 2487 248 2523; x_wconf 83' lang='lat' dir='ltr'><strong>Seneca,</strong></span> <span class='ocrx_word' id='word_1_766' title='bbox 268 2493 314 2520; x_wconf 88' lang='lat' dir='ltr'><strong>lib.</strong></span> <span class='ocrx_word' id='word_1_767' title='bbox 337 2502 356 2525; x_wconf 83' lang='lat' dir='ltr'><strong>I,</strong></span> <span class='ocrx_word' id='word_1_768' title='bbox 373 2494 410 2520; x_wconf 90' lang='lat' dir='ltr'><strong>De</strong></span> <span class='ocrx_word' id='word_1_769' title='bbox 429 2495 575 2528; x_wconf 80' lang='lat' dir='ltr'><strong>clementia,</strong></span> <span class='ocrx_word' id='word_1_770' title='bbox 592 2505 652 2532; x_wconf 88' lang='lat' dir='ltr'><strong>cap.</strong></span> <span class='ocrx_word' id='word_1_771' title='bbox 674 2498 718 2529; x_wconf 81' lang='lat' dir='ltr'><strong>i9,</strong></span> <span class='ocrx_word' id='word_1_772' title='bbox 741 2498 853 2525; x_wconf 86' lang='lat' dir='ltr'><strong>Iracun-</strong></span> 
     </span>
    </p>
   </div>
   <div class='ocr_carea' id='block_1_101' title="bbox 79 2532 852 2576">
    <p class='ocr_par' dir='ltr' id='par_1_101' title="bbox 79 2532 852 2576">
     <span class='ocr_line' id='line_1_101' title="bbox 79 2532 852 2576; baseline 0.013 -16"><span class='ocrx_word' id='word_1_773' title='bbox 79 2532 199 2570; x_wconf 69' lang='lat' dir='ltr'><strong>dissimw,</strong></span> <span class='ocrx_word' id='word_1_774' title='bbox 225 2546 256 2564; x_wconf 82' lang='lat' dir='ltr'><strong>ac</strong></span> <span class='ocrx_word' id='word_1_775' title='bbox 274 2546 320 2572; x_wconf 85' lang='lat' dir='ltr'><strong>pro</strong></span> <span class='ocrx_word' id='word_1_776' title='bbox 339 2540 453 2573; x_wconf 68' lang='lat' dir='ltr'><strong>corporis</strong></span> <span class='ocrx_word' id='word_1_777' title='bbox 473 2546 549 2575; x_wconf 89' lang='lat' dir='ltr'><strong>captu</strong></span> <span class='ocrx_word' id='word_1_778' title='bbox 572 2544 772 2576; x_wconf 76' lang='lat' dir='ltr'><strong>pugnacissimw</strong></span> <span class='ocrx_word' id='word_1_779' title='bbox 793 2549 852 2570; x_wconf 83' lang='lat' dir='ltr'><strong>sunt</strong></span> 
     </span>
    </p>
   </div>
   <div class='ocr_carea' id='block_1_102' title="bbox 79 2583 854 2622">
    <p class='ocr_par' dir='ltr' id='par_1_102' title="bbox 79 2583 854 2622">
     <span class='ocr_line' id='line_1_102' title="bbox 79 2583 854 2622; baseline 0.013 -16"><span class='ocrx_word' id='word_1_780' title='bbox 79 2585 146 2611; x_wconf 78' lang='grc' dir='ltr'>αρεε.</span> <span class='ocrx_word' id='word_1_781' title='bbox 160 2586 185 2608; x_wconf 85' lang='lat' dir='ltr'><strong>et</strong></span> <span class='ocrx_word' id='word_1_782' title='bbox 201 2583 303 2611; x_wconf 88' lang='lat' dir='ltr'><strong>aculeos</strong></span> <span class='ocrx_word' id='word_1_783' title='bbox 319 2586 344 2610; x_wconf 85' lang='lat' dir='ltr'><strong>in</strong></span> <span class='ocrx_word' id='word_1_784' title='bbox 358 2585 461 2612; x_wconf 79' lang='lat' dir='ltr'><strong>vulnere</strong></span> <span class='ocrx_word' id='word_1_785' title='bbox 476 2586 624 2620; x_wconf 87' lang='lat' dir='ltr'><strong>relinquunt</strong></span> <span class='ocrx_word' id='word_1_786' title='bbox 639 2595 648 2615; x_wconf 86' lang='lat'><em>:</em></span> <span class='ocrx_word' id='word_1_787' title='bbox 664 2587 719 2614; x_wconf 67' lang='lat' dir='ltr'><strong>Rex</strong></span> <span class='ocrx_word' id='word_1_788' title='bbox 731 2590 785 2622; x_wconf 79' lang='lat' dir='ltr'><strong>ipse</strong></span> <span class='ocrx_word' id='word_1_789' title='bbox 799 2590 854 2616; x_wconf 78' lang='lat' dir='ltr'><strong>sine</strong></span> 
     </span>
    </p>
   </div>
   <div class='ocr_carea' id='block_1_103' title="bbox 82 2625 782 2669">
    <p class='ocr_par' dir='ltr' id='par_1_103' title="bbox 82 2625 782 2669">
     <span class='ocr_line' id='line_1_103' title="bbox 82 2625 782 2669; baseline 0.02 -21"><span class='ocrx_word' id='word_1_790' title='bbox 82 2625 166 2653; x_wconf 85' lang='lat' dir='ltr'><strong>aculeo</strong></span> <span class='ocrx_word' id='word_1_791' title='bbox 180 2633 227 2655; x_wconf 86' lang='lat' dir='ltr'><strong>est.</strong></span> <span class='ocrx_word' id='word_1_792' title='bbox 242 2629 360 2657; x_wconf 85' lang='lat' dir='ltr'><strong>Consule</strong></span> <span class='ocrx_word' id='word_1_793' title='bbox 376 2631 520 2664; x_wconf 83' lang='lat' dir='ltr'><strong>Brodeum,</strong></span> <span class='ocrx_word' id='word_1_794' title='bbox 543 2633 590 2659; x_wconf 91' lang='lat' dir='ltr'><strong>lib.</strong></span> <span class='ocrx_word' id='word_1_795' title='bbox 607 2641 642 2665; x_wconf 81' lang='grc' dir='ltr'><strong>ιν,</strong></span> <span class='ocrx_word' id='word_1_796' title='bbox 657 2641 717 2669; x_wconf 84' lang='lat' dir='ltr'><strong>cap.</strong></span> <span class='ocrx_word' id='word_1_797' title='bbox 738 2635 782 2662; x_wconf 77' lang='grc'><strong>10.</strong></span> 
     </span>
    </p>
   </div>
   <div class='ocr_carea' id='block_1_104' title="bbox 112 2669 852 2712">
    <p class='ocr_par' dir='ltr' id='par_1_104' title="bbox 112 2669 852 2712">
     <span class='ocr_line' id='line_1_104' title="bbox 112 2669 852 2712; baseline 0.014 -15"><span class='ocrx_word' id='word_1_798' title='bbox 112 2669 188 2705; x_wconf 85' lang='lat' dir='ltr'><strong>lbid.,</strong></span> <span class='ocrx_word' id='word_1_799' title='bbox 204 2674 250 2702; x_wconf 91' lang='lat' dir='ltr'><strong>lin.</strong></span> <span class='ocrx_word' id='word_1_800' title='bbox 279 2676 322 2703; x_wconf 77' lang='grc'><strong>55.</strong></span> <span class='ocrx_word' id='word_1_801' title='bbox 348 2677 514 2712; x_wconf 67' lang='grc' dir='ltr'><strong>Συνάγουσι</strong></span> <span class='ocrx_word' id='word_1_802' title='bbox 529 2677 563 2703; x_wconf 80' lang='grc' dir='ltr'><strong>δὲ</strong></span> <span class='ocrx_word' id='word_1_803' title='bbox 585 2678 618 2705; x_wconf 76' lang='grc' dir='ltr'><strong>ἐκ</strong></span> <span class='ocrx_word' id='word_1_804' title='bbox 632 2678 700 2707; x_wconf 81' lang='grc' dir='ltr'>τῶν.</span> <span class='ocrx_word' id='word_1_805' title='bbox 726 2679 852 2711; x_wconf 74' lang='lat' dir='ltr'><strong>Basilius.</strong></span> 
     </span>
    </p>
   </div>
   <div class='ocr_carea' id='block_1_105' title="bbox 81 2713 853 2762">
    <p class='ocr_par' dir='ltr' id='par_1_105' title="bbox 81 2713 853 2762">
     <span class='ocr_line' id='line_1_105' title="bbox 81 2713 853 2762; baseline 0.016 -21"><span class='ocrx_word' id='word_1_806' title='bbox 81 2713 148 2743; x_wconf 90' lang='lat' dir='ltr'><strong>hom.</strong></span> <span class='ocrx_word' id='word_1_807' title='bbox 161 2718 177 2745; x_wconf 88' lang='lat'><strong><em>8</em></strong></span> <span class='ocrx_word' id='word_1_808' title='bbox 190 2729 196 2746; x_wconf 89' lang='lat'><strong>:</strong></span> <span class='ocrx_word' id='word_1_809' title='bbox 214 2720 263 2747; x_wconf 73' lang='grc' dir='ltr'><strong>Τὸν</strong></span> <span class='ocrx_word' id='word_1_810' title='bbox 277 2722 325 2756; x_wconf 81' lang='grc' dir='ltr'><strong>μὲν</strong></span> <span class='ocrx_word' id='word_1_811' title='bbox 336 2722 388 2758; x_wconf 83' lang='grc' dir='ltr'><strong>γὰρ</strong></span> <span class='ocrx_word' id='word_1_812' title='bbox 402 2724 484 2759; x_wconf 80' lang='grc' dir='ltr'>κηρὸν</span> <span class='ocrx_word' id='word_1_813' title='bbox 501 2724 553 2750; x_wconf 81' lang='grc' dir='ltr'><strong>ἀπὸ</strong></span> <span class='ocrx_word' id='word_1_814' title='bbox 567 2724 620 2750; x_wconf 82' lang='grc' dir='ltr'><strong>τῶν</strong></span> <span class='ocrx_word' id='word_1_815' title='bbox 633 2725 719 2751; x_wconf 79' lang='grc' dir='ltr'>ἀνθῶν</span> <span class='ocrx_word' id='word_1_816' title='bbox 734 2727 853 2762; x_wconf 78' lang='grc' dir='ltr'><strong>φανερῶς</strong></span> 
     </span>
    </p>
   </div>
   <div class='ocr_carea' id='block_1_106' title="bbox 82 2765 853 2806">
    <p class='ocr_par' dir='ltr' id='par_1_106' title="bbox 82 2765 853 2806">
     <span class='ocr_line' id='line_1_106' title="bbox 82 2765 853 2806; baseline 0.014 -19"><span class='ocrx_word' id='word_1_817' title='bbox 82 2765 241 2800; x_wconf 77' lang='grc' dir='ltr'><strong>αυναγεὶρει·</strong></span> <span class='ocrx_word' id='word_1_818' title='bbox 255 2767 284 2793; x_wconf 82' lang='grc' dir='ltr'><strong>τὸ</strong></span> <span class='ocrx_word' id='word_1_819' title='bbox 295 2767 323 2794; x_wconf 83' lang='grc' dir='ltr'><strong>δὲ</strong></span> <span class='ocrx_word' id='word_1_820' title='bbox 336 2768 405 2802; x_wconf 77' lang='grc' dir='ltr'><strong>μέλι,</strong></span> <span class='ocrx_word' id='word_1_821' title='bbox 420 2769 468 2804; x_wconf 84' lang='grc' dir='ltr'><strong>τὴν</strong></span> <span class='ocrx_word' id='word_1_822' title='bbox 481 2769 635 2804; x_wconf 84' lang='grc' dir='ltr'><strong>δροσοειδῶς</strong></span> <span class='ocrx_word' id='word_1_823' title='bbox 651 2772 853 2806; x_wconf 70' lang='grc' dir='ltr'><strong>ὲνεσπαρμένην</strong></span> 
     </span>
    </p>
   </div>
   <div class='ocr_carea' id='block_1_107' title="bbox 84 2807 838 2853">
    <p class='ocr_par' dir='ltr' id='par_1_107' title="bbox 84 2807 838 2853">
     <span class='ocr_line' id='line_1_107' title="bbox 84 2807 838 2853; baseline 0.019 -23"><span class='ocrx_word' id='word_1_824' title='bbox 84 2807 162 2835; x_wconf 56' lang='lat' dir='ltr'><strong>vti-lia</strong></span> <span class='ocrx_word' id='word_1_825' title='bbox 181 2812 233 2843; x_wconf 62' lang='grc' dir='ltr'><strong>πῶς</strong></span> <span class='ocrx_word' id='word_1_826' title='bbox 251 2812 356 2839; x_wconf 76' lang='grc' dir='ltr'>ἄνθεσιν</span> <span class='ocrx_word' id='word_1_827' title='bbox 377 2815 582 2851; x_wconf 66' lang='grc' dir='ltr'><strong>ἐπισπασαμένη</strong></span> <span class='ocrx_word' id='word_1_828' title='bbox 598 2816 635 2851; x_wconf 81' lang='grc' dir='ltr'><strong>τῷ</strong></span> <span class='ocrx_word' id='word_1_829' title='bbox 651 2825 773 2853; x_wconf 74' lang='grc' dir='ltr'><strong>στοματι,</strong></span> <span class='ocrx_word' id='word_1_830' title='bbox 790 2818 838 2844; x_wconf 64' lang='grc' dir='ltr'><strong>ταῦ</strong></span> 
     </span>
    </p>
   </div>
   <div class='ocr_carea' id='block_1_108' title="bbox 905 2220 1685 2258">
    <p class='ocr_par' dir='ltr' id='par_1_108' title="bbox 905 2220 1685 2258">
     <span class='ocr_line' id='line_1_108' title="bbox 905 2220 1685 2258; baseline -0.004 -8"><span class='ocrx_word' id='word_1_831' title='bbox 905 2224 972 2256; x_wconf 66' lang='lat' dir='ltr'><strong>bim;</strong></span> <span class='ocrx_word' id='word_1_832' title='bbox 988 2224 1018 2250; x_wconf 81' lang='grc' dir='ltr'><strong>τὸ</strong></span> <span class='ocrx_word' id='word_1_833' title='bbox 1030 2224 1083 2250; x_wconf 82' lang='grc' dir='ltr'><strong>ἀπὸ</strong></span> <span class='ocrx_word' id='word_1_834' title='bbox 1099 2223 1144 2249; x_wconf 77' lang='grc' dir='ltr'><strong>τοῦ</strong></span> <span class='ocrx_word' id='word_1_835' title='bbox 1158 2223 1243 2258; x_wconf 81' lang='grc' dir='ltr'>χυμοῦ</span> <span class='ocrx_word' id='word_1_836' title='bbox 1261 2223 1385 2258; x_wconf 73' lang='grc' dir='ltr'><strong>μάλιστα.</strong></span> <span class='ocrx_word' id='word_1_837' title='bbox 1407 2222 1471 2255; x_wconf 72' lang='lat' dir='ltr'><strong>Qlue</strong></span> <span class='ocrx_word' id='word_1_838' title='bbox 1486 2222 1522 2248; x_wconf 85' lang='lat' dir='ltr'><strong>ita</strong></span> <span class='ocrx_word' id='word_1_839' title='bbox 1538 2223 1617 2249; x_wconf 89' lang='lat' dir='ltr'><strong>vertit</strong></span> <span class='ocrx_word' id='word_1_840' title='bbox 1632 2220 1685 2248; x_wconf 81' lang='lat' dir='ltr'><strong>Pli-</strong></span> 
     </span>
    </p>
   </div>
   <div class='ocr_carea' id='block_1_109' title="bbox 906 2267 1689 2303">
    <p class='ocr_par' dir='ltr' id='par_1_109' title="bbox 906 2267 1689 2303">
     <span class='ocr_line' id='line_1_109' title="bbox 906 2267 1689 2303; baseline -0.004 -8"><span class='ocrx_word' id='word_1_841' title='bbox 906 2269 981 2300; x_wconf 88' lang='lat' dir='ltr'><strong>nius,</strong></span> <span class='ocrx_word' id='word_1_842' title='bbox 999 2268 1044 2295; x_wconf 86' lang='lat' dir='ltr'><strong>lib.</strong></span> <span class='ocrx_word' id='word_1_843' title='bbox 1064 2277 1101 2300; x_wconf 68' lang='grc' dir='ltr'><strong>χι,</strong></span> <span class='ocrx_word' id='word_1_844' title='bbox 1127 2276 1186 2303; x_wconf 86' lang='lat' dir='ltr'><strong>cap.</strong></span> <span class='ocrx_word' id='word_1_845' title='bbox 1222 2267 1342 2295; x_wconf 74' lang='grc' dir='ltr'><strong>15εΕδι</strong></span> <span class='ocrx_word' id='word_1_846' title='bbox 1368 2272 1453 2294; x_wconf 87' lang='lat' dir='ltr'><strong>autem</strong></span> <span class='ocrx_word' id='word_1_847' title='bbox 1475 2267 1549 2294; x_wconf 87' lang='lat' dir='ltr'><strong>initio</strong></span> <span class='ocrx_word' id='word_1_848' title='bbox 1576 2267 1634 2297; x_wconf 81' lang='lat' dir='ltr'><strong>mel,</strong></span> <span class='ocrx_word' id='word_1_849' title='bbox 1659 2274 1689 2293; x_wconf 83' lang='lat' dir='ltr'><strong>ut.</strong></span> 
     </span>
    </p>
   </div>
   <div class='ocr_carea' id='block_1_110' title="bbox 904 2314 1684 2349">
    <p class='ocr_par' dir='ltr' id='par_1_110' title="bbox 904 2314 1684 2349">
     <span class='ocr_line' id='line_1_110' title="bbox 904 2314 1684 2349; baseline -0.003 -8"><span class='ocrx_word' id='word_1_850' title='bbox 904 2324 984 2349; x_wconf 85' lang='lat' dir='ltr'><strong>aqua,</strong></span> <span class='ocrx_word' id='word_1_851' title='bbox 999 2315 1121 2345; x_wconf 83' lang='lat' dir='ltr'><strong>dilutum,</strong></span> <span class='ocrx_word' id='word_1_852' title='bbox 1137 2319 1161 2341; x_wconf 86' lang='lat' dir='ltr'><strong>et</strong></span> <span class='ocrx_word' id='word_1_853' title='bbox 1182 2315 1273 2348; x_wconf 81' lang='lat' dir='ltr'><strong>primis</strong></span> <span class='ocrx_word' id='word_1_854' title='bbox 1300 2314 1390 2341; x_wconf 81' lang='lat' dir='ltr'><strong>diebus</strong></span> <span class='ocrx_word' id='word_1_855' title='bbox 1413 2316 1502 2348; x_wconf 76' lang='lat' dir='ltr'><strong>ferret.</strong></span> <span class='ocrx_word' id='word_1_856' title='bbox 1516 2319 1544 2340; x_wconf 93' lang='lat' dir='ltr'><strong>ut</strong></span> <span class='ocrx_word' id='word_1_857' title='bbox 1560 2318 1684 2344; x_wconf 84' lang='lat' dir='ltr'><strong>mustum,</strong></span> 
     </span>
    </p>
   </div>
   <div class='ocr_carea' id='block_1_111' title="bbox 904 2359 1687 2397">
    <p class='ocr_par' dir='ltr' id='par_1_111' title="bbox 904 2359 1687 2397">
     <span class='ocr_line' id='line_1_111' title="bbox 904 2359 1687 2397; baseline -0.001 -10"><span class='ocrx_word' id='word_1_858' title='bbox 904 2369 979 2396; x_wconf 83' lang='lat' dir='ltr'><strong>seque</strong></span> <span class='ocrx_word' id='word_1_859' title='bbox 993 2365 1103 2395; x_wconf 87' lang='lat' dir='ltr'><strong>purgat:</strong></span> <span class='ocrx_word' id='word_1_860' title='bbox 1117 2361 1235 2386; x_wconf 85' lang='lat' dir='ltr'><strong>vicesimo</strong></span> <span class='ocrx_word' id='word_1_861' title='bbox 1249 2360 1289 2387; x_wconf 92' lang='lat' dir='ltr'><strong>die</strong></span> <span class='ocrx_word' id='word_1_862' title='bbox 1301 2361 1436 2387; x_wconf 68' lang='lat' dir='ltr'><strong>crassescit</strong></span> <span class='ocrx_word' id='word_1_863' title='bbox 1448 2369 1456 2391; x_wconf 54' lang='grc' dir='ltr'><strong><em>ι</em></strong></span> <span class='ocrx_word' id='word_1_864' title='bbox 1475 2367 1534 2397; x_wconf 55' lang='lat' dir='ltr'><strong>nios</strong></span> <span class='ocrx_word' id='word_1_865' title='bbox 1549 2359 1687 2387; x_wconf 75' lang='lat' dir='ltr'><strong>obducitur</strong></span> 
     </span>
    </p>
   </div>
   <div class='ocr_carea' id='block_1_112' title="bbox 905 2405 1685 2441">
    <p class='ocr_par' dir='ltr' id='par_1_112' title="bbox 905 2405 1685 2441">
     <span class='ocr_line' id='line_1_112' title="bbox 905 2405 1685 2441; baseline 0 -9"><span class='ocrx_word' id='word_1_866' title='bbox 905 2406 976 2432; x_wconf 86' lang='lat' dir='ltr'><strong>tenui</strong></span> <span class='ocrx_word' id='word_1_867' title='bbox 1002 2406 1164 2437; x_wconf 83' lang='lat' dir='ltr'><strong>membrana,</strong></span> <span class='ocrx_word' id='word_1_868' title='bbox 1187 2414 1243 2441; x_wconf 73' lang='lat' dir='ltr'><strong>qua:</strong></span> <span class='ocrx_word' id='word_1_869' title='bbox 1262 2405 1370 2440; x_wconf 78' lang='lat' dir='ltr'><strong>fervoris</strong></span> <span class='ocrx_word' id='word_1_870' title='bbox 1400 2407 1481 2440; x_wconf 72' lang='lat' dir='ltr'><strong>ipsius</strong></span> <span class='ocrx_word' id='word_1_871' title='bbox 1506 2414 1598 2440; x_wconf 84' lang='lat' dir='ltr'><strong>spuma</strong></span> <span class='ocrx_word' id='word_1_872' title='bbox 1624 2414 1685 2432; x_wconf 88' lang='lat' dir='ltr'><strong>con-</strong></span> 
     </span>
    </p>
   </div>
   <div class='ocr_carea' id='block_1_113' title="bbox 904 2452 1006 2479">
    <p class='ocr_par' dir='ltr' id='par_1_113' title="bbox 904 2452 1006 2479">
     <span class='ocr_line' id='line_1_113' title="bbox 904 2452 1006 2479; baseline 0.02 -2"><span class='ocrx_word' id='word_1_873' title='bbox 904 2452 1006 2479; x_wconf 81' lang='lat' dir='ltr'><strong>crescit.</strong></span> 
     </span>
    </p>
   </div>
   <div class='ocr_carea' id='block_1_114' title="bbox 939 2496 1685 2532">
    <p class='ocr_par' dir='ltr' id='par_1_114' title="bbox 939 2496 1685 2532">
     <span class='ocr_line' id='line_1_114' title="bbox 939 2496 1685 2532; baseline -0.001 -8"><span class='ocrx_word' id='word_1_874' title='bbox 939 2498 1017 2528; x_wconf 88' lang='lat' dir='ltr'><strong>lbid.,</strong></span> <span class='ocrx_word' id='word_1_875' title='bbox 1034 2498 1082 2526; x_wconf 91' lang='lat' dir='ltr'><strong>lin.</strong></span> <span class='ocrx_word' id='word_1_876' title='bbox 1105 2498 1149 2526; x_wconf 77' lang='lat'><strong>59.</strong></span> <span class='ocrx_word' id='word_1_877' title='bbox 1161 2497 1272 2532; x_wconf 69' lang='grc' dir='ltr'><strong>’Σαφῶς</strong></span> <span class='ocrx_word' id='word_1_878' title='bbox 1292 2497 1325 2524; x_wconf 78' lang='grc' dir='ltr'><strong>δὲ</strong></span> <span class='ocrx_word' id='word_1_879' title='bbox 1341 2497 1389 2524; x_wconf 73' lang='grc' dir='ltr'><strong>καὶ</strong></span> <span class='ocrx_word' id='word_1_880' title='bbox 1406 2497 1468 2529; x_wconf 76' lang='grc' dir='ltr'><strong>τάς.</strong></span> <span class='ocrx_word' id='word_1_881' title='bbox 1492 2496 1529 2524; x_wconf 93' lang='lat' dir='ltr'><strong>De</strong></span> <span class='ocrx_word' id='word_1_882' title='bbox 1543 2497 1595 2523; x_wconf 88' lang='lat' dir='ltr'><strong>hoc</strong></span> <span class='ocrx_word' id='word_1_883' title='bbox 1615 2496 1685 2523; x_wconf 86' lang='lat' dir='ltr'><strong>miro</strong></span> 
     </span>
    </p>
   </div>
   <div class='ocr_carea' id='block_1_115' title="bbox 905 2543 1683 2578">
    <p class='ocr_par' dir='ltr' id='par_1_115' title="bbox 905 2543 1683 2578">
     <span class='ocr_line' id='line_1_115' title="bbox 905 2543 1683 2578; baseline 0 -8"><span class='ocrx_word' id='word_1_884' title='bbox 905 2545 995 2578; x_wconf 86' lang='lat' dir='ltr'><strong>apium</strong></span> <span class='ocrx_word' id='word_1_885' title='bbox 1011 2545 1126 2572; x_wconf 84' lang='lat' dir='ltr'><strong>artiﬁcio</strong></span> <span class='ocrx_word' id='word_1_886' title='bbox 1142 2545 1168 2572; x_wconf 95' lang='lat' dir='ltr'><strong>in</strong></span> <span class='ocrx_word' id='word_1_887' title='bbox 1187 2545 1254 2572; x_wconf 81' lang='lat' dir='ltr'><strong>favis</strong></span> <span class='ocrx_word' id='word_1_888' title='bbox 1275 2544 1465 2572; x_wconf 80' lang='lat' dir='ltr'><strong>construendis</strong></span> <span class='ocrx_word' id='word_1_889' title='bbox 1483 2544 1592 2571; x_wconf 85' lang='lat' dir='ltr'><strong>consule</strong></span> <span class='ocrx_word' id='word_1_890' title='bbox 1607 2543 1683 2571; x_wconf 85' lang='lat' dir='ltr'><strong>Basi-</strong></span> 
     </span>
    </p>
   </div>
   <div class='ocr_carea' id='block_1_116' title="bbox 874 2588 1685 2629">
    <p class='ocr_par' dir='ltr' id='par_1_116' title="bbox 874 2588 1685 2629">
     <span class='ocr_line' id='line_1_116' title="bbox 874 2588 1685 2629; baseline 0.001 -14"><span class='ocrx_word' id='word_1_891' title='bbox 874 2625 877 2629; x_wconf 38' lang='grc' dir='ltr'><strong>Ι</strong></span> <span class='ocrx_word' id='word_1_892' title='bbox 906 2590 982 2622; x_wconf 84' lang='lat' dir='ltr'><strong>lium,</strong></span> <span class='ocrx_word' id='word_1_893' title='bbox 1006 2591 1078 2618; x_wconf 86' lang='lat' dir='ltr'><strong>bom.</strong></span> <span class='ocrx_word' id='word_1_894' title='bbox 1103 2592 1138 2623; x_wconf 85' lang='lat'><strong>8;</strong></span> <span class='ocrx_word' id='word_1_895' title='bbox 1162 2591 1351 2622; x_wconf 84' lang='lat' dir='ltr'><strong>Aristotelem,</strong></span> <span class='ocrx_word' id='word_1_896' title='bbox 1375 2590 1423 2617; x_wconf 89' lang='lat' dir='ltr'><strong>lih.</strong></span> <span class='ocrx_word' id='word_1_897' title='bbox 1451 2597 1489 2622; x_wconf 78' lang='grc' dir='ltr'><strong>ιι,</strong></span> <span class='ocrx_word' id='word_1_898' title='bbox 1521 2596 1580 2623; x_wconf 87' lang='lat' dir='ltr'><strong>cap.</strong></span> <span class='ocrx_word' id='word_1_899' title='bbox 1597 2588 1640 2620; x_wconf 66' lang='lat'><strong>40,</strong></span> <span class='ocrx_word' id='word_1_900' title='bbox 1659 2593 1685 2616; x_wconf 85' lang='lat' dir='ltr'><strong>et</strong></span> 
     </span>
    </p>
   </div>
   <div class='ocr_carea' id='block_1_117' title="bbox 906 2633 1684 2670">
    <p class='ocr_par' dir='ltr' id='par_1_117' title="bbox 906 2633 1684 2670">
     <span class='ocr_line' id='line_1_117' title="bbox 906 2633 1684 2670; baseline -0.003 -7"><span class='ocrx_word' id='word_1_901' title='bbox 906 2636 1054 2668; x_wconf 65' lang='lat' dir='ltr'><strong>Elianum,</strong></span> <span class='ocrx_word' id='word_1_902' title='bbox 1073 2637 1110 2664; x_wconf 89' lang='lat' dir='ltr'><strong>De</strong></span> <span class='ocrx_word' id='word_1_903' title='bbox 1132 2638 1225 2665; x_wconf 83' lang='lat' dir='ltr'><strong>histor.</strong></span> <span class='ocrx_word' id='word_1_904' title='bbox 1245 2636 1367 2667; x_wconf 72' lang='lat' dir='ltr'><strong>animal..</strong></span> <span class='ocrx_word' id='word_1_905' title='bbox 1389 2637 1434 2662; x_wconf 78' lang='lat' dir='ltr'><strong>tib.</strong></span> <span class='ocrx_word' id='word_1_906' title='bbox 1454 2644 1477 2667; x_wconf 83' lang='grc' dir='ltr'>ν,</span> <span class='ocrx_word' id='word_1_907' title='bbox 1499 2643 1558 2670; x_wconf 85' lang='lat' dir='ltr'><strong>cap.</strong></span> <span class='ocrx_word' id='word_1_908' title='bbox 1578 2635 1620 2667; x_wconf 77' lang='lat' dir='ltr'><strong>i3,</strong></span> <span class='ocrx_word' id='word_1_909' title='bbox 1639 2633 1684 2670; x_wconf 86' lang='lat' dir='ltr'><strong>qui</strong></span> 
     </span>
    </p>
   </div>
   <div class='ocr_carea' id='block_1_118' title="bbox 904 2682 1679 2716">
    <p class='ocr_par' dir='ltr' id='par_1_118' title="bbox 904 2682 1679 2716">
     <span class='ocr_line' id='line_1_118' title="bbox 904 2682 1679 2716; baseline 0 -9"><span class='ocrx_word' id='word_1_910' title='bbox 904 2682 1113 2716; x_wconf 75' lang='lat' dir='ltr'><strong>elegantissimis</strong></span> <span class='ocrx_word' id='word_1_911' title='bbox 1135 2683 1223 2710; x_wconf 80' lang='lat' dir='ltr'><strong>verbis</strong></span> <span class='ocrx_word' id='word_1_912' title='bbox 1246 2682 1405 2709; x_wconf 84' lang='lat' dir='ltr'><strong>industriam</strong></span> <span class='ocrx_word' id='word_1_913' title='bbox 1429 2683 1497 2708; x_wconf 87' lang='lat' dir='ltr'><strong>banc</strong></span> <span class='ocrx_word' id='word_1_914' title='bbox 1515 2690 1679 2716; x_wconf 79' lang='lat' dir='ltr'><strong>prosequun-</strong></span> 
     </span>
    </p>
   </div>
   <div class='ocr_carea' id='block_1_119' title="bbox 905 2733 956 2754">
    <p class='ocr_par' dir='ltr' id='par_1_119' title="bbox 905 2733 956 2754">
     <span class='ocr_line' id='line_1_119' title="bbox 905 2733 956 2754; baseline 0 -1"><span class='ocrx_word' id='word_1_915' title='bbox 905 2733 956 2754; x_wconf 81' lang='lat' dir='ltr'><strong>llll&#39;.</strong></span> 
     </span>
    </p>
   </div>
   <div class='ocr_carea' id='block_1_120' title="bbox 941 2772 1683 2808">
    <p class='ocr_par' dir='ltr' id='par_1_120' title="bbox 941 2772 1683 2808">
     <span class='ocr_line' id='line_1_120' title="bbox 941 2772 1683 2808; baseline -0.001 -11"><span class='ocrx_word' id='word_1_916' title='bbox 941 2772 1018 2804; x_wconf 68' lang='grc' dir='ltr'><strong>ΗΜ..</strong></span> <span class='ocrx_word' id='word_1_917' title='bbox 1032 2773 1078 2799; x_wconf 84' lang='lat' dir='ltr'><strong>lin.</strong></span> <span class='ocrx_word' id='word_1_918' title='bbox 1099 2773 1141 2802; x_wconf 58' lang='grc' dir='ltr'><strong>Αἵ,</strong></span> <span class='ocrx_word' id='word_1_919' title='bbox 1159 2775 1192 2800; x_wconf 78' lang='grc' dir='ltr'><strong>Αἱ</strong></span> <span class='ocrx_word' id='word_1_920' title='bbox 1211 2774 1243 2799; x_wconf 74' lang='grc' dir='ltr'><strong>δὲ</strong></span> <span class='ocrx_word' id='word_1_921' title='bbox 1262 2774 1377 2808; x_wconf 76' lang='grc' dir='ltr'><strong>ἀκρίδες</strong></span> <span class='ocrx_word' id='word_1_922' title='bbox 1395 2774 1450 2801; x_wconf 65' lang='grc' dir='ltr'>ἑνί.</span> <span class='ocrx_word' id='word_1_923' title='bbox 1471 2773 1596 2804; x_wconf 74' lang='lat' dir='ltr'><strong>Basilius,</strong></span> <span class='ocrx_word' id='word_1_924' title='bbox 1613 2773 1683 2799; x_wconf 86' lang='lat' dir='ltr'><strong>hom.</strong></span> 
     </span>
    </p>
   </div>
   <div class='ocr_carea' id='block_1_121' title="bbox 906 2819 1685 2857">
    <p class='ocr_par' dir='ltr' id='par_1_121' title="bbox 906 2819 1685 2857">
     <span class='ocr_line' id='line_1_121' title="bbox 906 2819 1685 2857; baseline 0 -11"><span class='ocrx_word' id='word_1_925' title='bbox 906 2820 921 2845; x_wconf 78' lang='lat'>8</span> <span class='ocrx_word' id='word_1_926' title='bbox 935 2829 941 2846; x_wconf 75' lang='grc' dir='ltr'>ἰ</span> <span class='ocrx_word' id='word_1_927' title='bbox 957 2819 1016 2850; x_wconf 50' lang='lat' dir='ltr'><strong>Ibi;</strong></span> <span class='ocrx_word' id='word_1_928' title='bbox 1032 2828 1070 2845; x_wconf 78' lang='grc' dir='ltr'><strong>σοι</strong></span> <span class='ocrx_word' id='word_1_929' title='bbox 1094 2819 1141 2850; x_wconf 72' lang='grc' dir='ltr'><strong>τὰς</strong></span> <span class='ocrx_word' id='word_1_930' title='bbox 1165 2819 1281 2854; x_wconf 68' lang='grc' dir='ltr'><strong>ιξοδερὰς</strong></span> <span class='ocrx_word' id='word_1_931' title='bbox 1308 2821 1496 2856; x_wconf 55' lang='grc' dir='ltr'><strong>ἐπιστρατείας</strong></span> <span class='ocrx_word' id='word_1_932' title='bbox 1512 2821 1559 2857; x_wconf 74' lang='grc' dir='ltr'>τῆς</span> <span class='ocrx_word' id='word_1_933' title='bbox 1580 2819 1685 2856; x_wconf 50' lang='lat' dir='ltr'><strong>inpiis;</strong></span> 
     </span>
    </p>
   </div>
  </div>
