1897 3073
195 94 247 122 9|!)

857 83 979 113 LEONIS
997 82 1132 110 ALLATII

1761 77 1816 105 9‘30

193 154 365 190 διηγήσομαι,
382 153 399 188 ἢ
411 153 455 187 ὑφ’
471 151 511 178 ἑνὶ
527 151 677 185 συνθήματι
695 150 768 176 πᾶσα
790 148 913 184 ἀρθεῖσα,
931 147 969 174 na‘

1028 149 1126 181 praeter
1138 144 1267 172 rationem
1285 147 1419 178 suntquaa
1440 141 1608 169 Democritus
1630 139 1703 175 apud
1728 140 1816 169 colleh

194 198 478 236 στρατοπεδευσαμένη
497 197 567 224 κατὰ
586 196 616 223 τὺ
636 196 735 227 πλάτος
753 195 802 230 τῆς
820 195 920 230 χώρας,
944 195 973 221 οὐ

194 247 323 283 πρότερον
338 244 452 272 ἅπτεται
467 243 521 270 τῶν
540 241 654 277 καρπῶν
673 241 738 277 πρὶν
751 241 886 276 ὲνδοθῆναι
906 241 973 275 αὐτῇ

193 293 222 319 τδ
235 292 304 319 θεῖον
320 290 496 326 πρόσταγμα;
516 288 578 319 Πῶς
591 288 608 322 ή
624 287 745 318 σελευκὶς
760 286 888 320 ὲφέπεται
907 286 975 320 ῐαμα

192 338 241 373 τῆς
257 337 364 372 πληγῆς
380 335 529 370 ἀπέραντον
544 333 642 368 ἔχουσα
657 332 703 359 τοῦ
718 331 816 358 ἐσθίειν
830 331 878 366 τὴν
892 331 974 358 δύνα-

193 392 249 418 μιν,
273 381 319 409 τοῦ
343 380 531 415 φιλανθρώπου
553 378 621 405 Θεοῦ
648 378 793 413 ἀκόρεστον
816 377 900 413 αὐτῆς
923 377 974 412 τὴν

191 427 272 462 φύσιν
293 428 336 453 ἐπ’
354 425 496 461 εὐεργεσίᾳ
509 424 562 451 τῶν
585 423 735 460 ἀνθρώπων
754 423 972 450 κατασκευάσαν-

190 482 246 505 τος.
267 472 382 504 Plinius,
403 472 448 499 lib.
470 479 500 502 ιι,
517 477 576 505 cap.
598 469 644 502 29,
667 470 694 496 in
712 476 766 504 quo
788 469 834 496 ira;
860 469 972 496 deorum

192 524 294 554 pestem
307 526 354 546 eas
373 522 521 552 nuncupat.
542 523 590 544 eas
610 523 716 543 summe
733 516 829 542 noxias
849 515 973 550 lrugibus

192 573 261 599 quas
273 565 390 592 exedunt
404 569 429 591 et
443 562 558 598 perdunt
571 561 605 589 ad
620 561 842 593 internecionem,
853 561 972 588 maximo

193 609 347 636 mortalium
362 608 532 636 incommodo
552 607 696 634 universus
712 607 787 634 orbis
810 606 972 642 quandoque

193 655 340 690 experitur.
361 654 412 682 Eas
429 655 466 680 ita
483 653 627 688 descripsit
641 652 807 680 Claudianus
821 660 828 678 :

230 711 326 738 Horret
342 718 407 744 apes:
421 711 525 744 capitis,
539 709 623 736 medio
639 709 696 744 fera
713 708 814 736 lumina
826 713 936 744 surgunt

232 746 330 772 Vertice
344 750 469 780 cognatus
488 745 566 771 dorso
582 745 696 771 durescit
711 745 821 780 amictus
839 752 849 771 :

228 781 344 807 Armavit
361 779 457 807 natura
471 785 564 809 cutem.
579 780 701 814 dumique
716 779 834 806 rubentes

227 815 383 850 Cuspidibus
395 816 480 849 parvis
494 815 584 841 multis
599 823 690 842 acuere
705 815 821 841 rubores.

227 883 306 916 lbid.,
334 883 380 909 lin.
404 882 449 910 ιθ.
478 881 639 909 Μετέπειτα
661 881 695 908 δὲ
720 881 831 915 αὐτοῖς.
857 881 971 914 Plinius,

192 929 238 956 lib.
253 937 280 961 ιι,
296 928 377 964 capit.
391 928 424 954 27
438 937 445 955 :
461 927 607 956 Seteucides
631 936 689 955 aves
712 932 847 960 uocantur,
861 936 973 962 quarum

190 974 328 1002 adventant
348 983 365 1001 α
389 974 452 1001 Jove
481 974 598 1008 precibus
626 975 766 1009 impetrant
792 974 855 1001 ϐακέ
876 975 973 1002 montis

190 1020 282 1048 incola:
299 1020 385 1055 fruges
410 1028 498 1047 eorum
514 1020 622 1047 locustis
638 1019 813 1047 vastantibus.
832 1019 887 1047 Nec
905 1020 973 1047 unde

190 1066 304 1097 veniant,
319 1072 398 1099 quove
413 1064 506 1092 abeant
519 1068 690 1098 compertum,
712 1072 846 1099 nunquam
866 1072 973 1099 conspe-

190 1112 248 1142 ctis,
267 1111 318 1138 nisi
331 1119 389 1137 cum
402 1110 524 1145 prmsidio
538 1119 626 1137 earum
637 1111 775 1145 indigetur.
789 1110 907 1138 Galenus
925 1118 972 1138 eas

189 1155 282 1191 ὄρνεον
293 1155 352 1182 εἶπε
363 1155 409 1182 καὶ
423 1155 578 1191 ἀκόρεστον,
592 1155 638 1181 καὶ
651 1154 812 1191 πανοῦργον,
827 1158 853 1183 et
868 1155 917 1182 lib.
933 1163 970 1188 γι,

188 1210 249 1237 cap.
263 1202 292 1233 5,
306 1202 339 1229 de
353 1202 404 1229 loc.
422 1201 511 1228 alit-ct.
531 1200 658 1228 Aviculas
679 1208 747 1236 quas
768 1205 905 1229 nostrates
921 1201 971 1228 Se-

189 1246 308 1274 leueidas
324 1250 431 1279 vocant,
443 1246 544 1281 jugiter
560 1247 679 1274 locustas
700 1247 794 1279 edunt,
808 1253 908 1281 easque
927 1254 971 1273 ce-

189 1292 280 1319 leriter
295 1296 454 1319 excernunt.
473 1291 570 1318 Eadem
588 1299 648 1326 quae
663 1296 690 1319 et
704 1297 798 1319 noster
813 1291 970 1320 Eustathius

188 1337 270 1363 habet
293 1337 463 1367 Ambrosius.
478 1337 524 1363 lib.
542 1345 558 1361 ν
574 1336 741 1368 He.raenier.,
764 1345 824 1372 cap.
841 1338 887 1365 25.
903 1337 971 1366 Vide

188 1386 316 1417 praeterea
333 1382 486 1410 Conradum
502 1382 660 1413 Gesnerum.
689 1383 734 1410 lib.
751 1391 779 1410 ιιι
803 1383 841 1410 De
862 1383 970 1415 avibus;

189 1429 334 1456 Antonium
363 1428 529 1461 Galatinum,
554 1428 590 1455 De
614 1429 666 1455 situ
690 1427 822 1464 Iapygiw;
841 1428 969 1456 Zosinum

188 1473 334 1507 comitem,
359 1473 427 1501 Hist.
454 1473 500 1500 lib.
528 1482 554 1507 ις
578 1472 710 1500 Diodorus
732 1473 876 1502 Tarsensis
899 1474 969 1509 apud

187 1518 312 1546 Pbotium
336 1520 372 1546 ita
389 1520 438 1547 has
451 1527 514 1547 aves
531 1519 643 1546 locustis
663 1527 724 1547 esse
738 1519 864 1547 inimicas
878 1520 969 1554 tradit,

188 1571 217 1592 ut
231 1566 271 1593 vel
286 1566 381 1593 umbra
399 1566 457 1593 sola
479 1573 526 1594 eas
546 1565 702 1593 interimant
718 1574 724 1592 :
742 1566 796 1592 Kal
814 1567 830 1601 ἠ
851 1566 971 1598 σελευκὶς

186 1613 216 1638 τὸ
227 1612 326 1648 πτηνὸν
336 1612 422 1645 οὕτως
432 1613 504 1639 ἐστὶν
518 1612 625 1648 ἀκρίσιν
635 1611 763 1648 ὀλέθριον,
772 1611 841 1638 ὥστε
852 1612 898 1638 καὶ
909 1613 969 1639 ὅσαι

187 1658 219 1685 ἂν
233 1660 266 1694 τῇ
278 1659 341 1694 σκιᾷ
351 1658 452 1694 ταύτης
467 1657 680 1692 καταλειφθεῖεν,
697 1657 861 1693 φθείρονται.
871 1657 904 1684 Εῑ
919 1658 970 1685 hoc

187 1704 313 1739 precibus
327 1712 342 1731 a
358 1704 413 1732 Deo
429 1705 567 1739 impetrari
582 1709 697 1735 tantum,
713 1709 742 1730 ut
760 1704 884 1730 immanae
898 1704 969 1731 mul-

187 1748 311 1776 titudinis
339 1749 481 1777 voracitati
511 1749 596 1784 possit
622 1749 740 1780 occurri,
765 1749 844 1776 etiam
865 1748 968 1777 Plinius

187 1795 267 1823 homo
292 1795 418 1822 ethnicus
444 1794 547 1822 videtur
572 1795 694 1822 innuere.
722 1793 820 1821 Earum
852 1802 969 1830 namque

187 1842 332 1869 adventum
356 1841 406 1869 soli
426 1841 480 1868 Deo
496 1841 522 1868 in
540 1844 615 1867 tanta
641 1840 750 1868 miseria
778 1840 967 1868 ascribendum

187 1894 240 1913 non
252 1887 340 1914 solum
357 1886 514 1914 Eustathius
530 1891 622 1913 uoster
633 1885 770 1920 praedicat,
784 1886 829 1913 sed
844 1886 967 1920 quilibet,

185 1932 232 1966 qui
247 1932 414 1959 locustarum
430 1939 528 1958 noxam
544 1952 552 1964 ,
565 1935 601 1962 et,
618 1935 653 1958 ut.
666 1931 703 1958 ita
720 1931 818 1963 dicam,
833 1939 966 1959 venenum

186 1978 276 2004 omnia
288 1977 411 2005 inliciens
431 1985 550 2012 unquam
571 1977 647 2009 vidit,
665 1977 786 2005 censebit
799 1977 965 2005 necessario.

187 2023 272 2050 llabet
286 2027 376 2050 tamen
388 2027 415 2051 et
428 2023 545 2050 humana
561 2027 666 2055 natura,
679 2023 803 2058 quamvis
817 2022 966 2058 saepissime

187 2068 305 2101 fallatur,
319 2076 383 2096 suas
398 2069 479 2100 vires,
495 2072 519 2095 et
535 2074 565 2095 ut
580 2069 615 2095 ita
628 2069 727 2100 dicam,
741 2068 890 2101 solertiam,
904 2069 966 2103 qui-

186 2115 236 2141 bus
250 2113 379 2148 quidquid
401 2113 510 2141 infestat
526 2121 540 2141 a
557 2122 586 2141 se
601 2115 736 2149 propellit,
751 2118 778 2142 et
801 2115 834 2142 ab
855 2114 964 2142 inimico

1026 197 1127 219 ctorem
1144 191 1316 225 Geoponican.
1333 190 1380 216 lib.
1397 196 1456 221 χιιι,
1470 187 1561 220 refert,
1583 191 1610 214 et
1630 188 1663 215 ad
1688 194 1738 214 eas
1756 187 1815 221 jam

1025 236 1160 264 irruentes
1171 234 1365 270 impediendas,
1376 233 1429 265 vel,
1443 233 1467 261 si
1478 233 1646 268 irrepserint,
1660 232 1816 259 absumen-

1025 281 1085 313 das,
1098 284 1163 309 sunt
1175 280 1247 308 enim
1266 284 1293 307 et
1307 283 1410 306 naturae
1425 286 1516 306 rerum
1530 282 1727 309 consentanea,
1742 279 1816 304 mul-

1023 327 1115 362 tisque
1140 325 1332 361 experimentis
1351 324 1536 359 comprobata.
1559 323 1597 352 De
1620 324 1724 360 quibus
1749 323 1815 350 alibi

1023 371 1212 407 opportunius.

1058 417 1136 449 Ibid.,
1149 416 1197 444 lin.
1212 415 1266 452 52.⁴
1281 415 1338 450 Τὴν
1351 414 1468 450 γλαῦκά
1482 422 1565 450 φασι.
1580 414 1710 446 Basilius,
1735 414 1812 441 hom.

1022 462 1039 490 8
1056 472 1062 490 :
1082 462 1136 489 Καὶ
1161 461 1214 498 γὰρ
1240 461 1345 497 ἐκείνης
1367 461 1384 496 ή
1410 460 1471 495 ὕψις
1494 460 1590 492 νυκτὸς
1610 460 1659 495 μὲν
1678 460 1813 495 ἔρρωται,

1023 509 1100 544 ἡλίου
1115 508 1143 535 δὲ
1158 507 1312 543 λάμψαντος
1325 507 1503 543 ἀμαυροῦται.
1520 505 1635 541 Ideoque
1648 511 1735 533 noctu
1751 513 1813 534 eam

1023 555 1114 590 vagari
1132 555 1213 582 refert
1235 555 1404 586 Aristoteles,
1421 554 1459 581 De
1469 554 1562 583 histor.
1579 555 1704 587 animal.,
1721 553 1773 581 lib.
1792 561 1812 584 ι,

1021 609 1082 636 cap.
1100 601 1124 633 I,
1151 605 1178 628 et
1200 601 1247 628 lib.
1267 609 1306 632 ιιι,
1331 608 1391 636 cap.
1405 601 1449 632 54,
1470 601 1508 628 ait
1537 605 1661 633 noctuas,
1681 600 1812 632 viciniae,

1021 653 1048 676 et
1068 648 1173 682 reliqua
1198 655 1258 682 qua:
1279 646 1397 674 interdiu
1423 654 1533 674 cernere
1552 650 1700 681 nequeunt,
1726 652 1813 675 noctu

1021 693 1146 721 venando
1171 693 1262 720 cibum
1286 692 1337 721 sibi
1365 693 1514 727 acquirere.
1538 692 1637 720 Verum
1666 701 1725 721 non
1754 697 1812 721 tota

1022 744 1101 768 nocte
1118 739 1143 767 id
1160 739 1258 770 facere,
1272 738 1318 766 sed
1342 738 1508 772 vespertino,
1522 741 1549 765 et
1570 738 1714 765 matutino.
1731 738 1811 773 Apud

1024 784 1149 812 Photium
1164 783 1193 810 in
1206 782 1378 812 Bibliotheca,
1387 782 1520 810 Antonius
1532 781 1664 817 Diogenes
1675 783 1703 810 in
1721 782 1812 810 Incre-

985 818 1007 846 Β
1023 830 1146 857 dibilium
1158 828 1234 856 libris
1244 828 1277 855 de
1291 827 1379 855 insula
1393 827 1478 854 Thule
1492 827 1753 859 meminitcivitatis,
1765 836 1813 855 cu-

1020 877 1066 912 jus
1077 875 1173 903 incolae
1185 878 1266 901 noctu
1279 873 1387 908 quidem
1399 873 1500 905 vident,
1513 872 1630 899 interdiu
1650 874 1810 900 carentium.

1057 922 1138 954 Ibid.,
1159 928 1186 956 p.
1203 920 1246 947 54.
1267 920 1368 947 Ἠνίκα
1385 919 1410 946 δ’
1430 921 1459 946 αὶ
1481 919 1662 954 νυκτερίδες.
1680 920 1810 953 Basilius.

1022 969 1098 996 hom.
1110 967 1126 995 8
1141 977 1148 994 :
1165 966 1227 998 Πῶς
1242 967 1391 1001 τετράπους
1417 966 1447 993 τὺ
1467 966 1531 993 αὐτὸ
1555 966 1602 993 καὶ
1621 966 1723 1002 πτηνὸν
1737 968 1755 1003 ἡ
1768 976 1812 994 νυ-

1022 1014 1125 1050 κτερὶς,
1143 1014 1200 1045 πῶς
1215 1012 1282 1048 μόνη
1295 1012 1349 1039 τῶν
1361 1011 1474 1047 ὀρνίθων
1492 1011 1580 1039 ὀδοῦσι
1599 1012 1744 1049 κέχρηται,
1764 1015 1810 1041 καὶ

1022 1061 1150 1094 ζωοτοκεῖ
1166 1059 1215 1095 μὲν
1229 1059 1266 1090 ὡς
1278 1058 1441 1094 τετράποδα,
1458 1058 1618 1091 ἐπιπολάζει
1639 1059 1667 1086 δὲ
1689 1060 1729 1096 τῷ
1748 1060 1808 1096 ἀέρι

1021 1106 1082 1142 οὐχ)⁴
1099 1106 1190 1141 πτέρῳ
1207 1104 1400 1139 κουφιζομένη,
1414 1104 1471 1131 ἀλλ’
1485 1104 1564 1140 ὑμένι
1577 1105 1630 1132 τινὶ
1644 1106 1806 1142 δερματίνῳ.

1021 1152 1084 1184 Πῶς
1097 1151 1187 1186 μέντοι
1197 1149 1334 1178 καὶτοῦτο
1349 1149 1403 1185 ἔχει
1413 1158 1440 1176 τι
1453 1150 1612 1186 φιλάλληλον
1621 1151 1651 1177 ἐν
1666 1153 1700 1187 τῇ
1715 1151 1808 1187 φύσει·

1021 1197 1069 1224 καὶ
1082 1197 1137 1232 γὰρ
1151 1196 1246 1231 ὥσπερ
1259 1195 1377 1231 ὁρμαθὺς
1395 1196 1514 1231 ἀλλήλων
1527 1197 1555 1223 αἱ
1568 1198 1723 1232 νυκτερίδες
1738 1198 1807 1233 ἔχον-

1021 1251 1076 1273 ται,
1088 1242 1135 1269 καὶ
1150 1241 1199 1276 μία
1211 1243 1261 1277 τῆς
1279 1242 1344 1277 μιᾶς
1359 1242 1502 1277 ἤρτηνται·
1526 1243 1594 1278 ὅπερ
1608 1243 1650 1277 ἐφ’
1665 1243 1745 1279 ἡμῶν
1756 1244 1808 1270 τῶν

1021 1286 1169 1323 ἀνθρώπων
1184 1286 1214 1313 οὺ
1230 1287 1319 1322 ῥᾴδιον
1330 1287 1542 1323 κατορθωθῆναι.
1556 1288 1589 1315 Et
1601 1294 1664 1316 ante
1683 1290 1734 1317 hos
1751 1290 1804 1318 Ilo-

1020 1340 1122 1365 merus,
1140 1333 1187 1361 lib.
1206 1333 1300 1362 ultimo
1316 1333 1439 1369 Odyssea
1451 1344 1460 1362 .-

1027 1389 1110 1429 Ξῼς
1122 1390 1171 1417 ὅτε
1183 1393 1353 1429 νυκτερίδες
1363 1393 1449 1429 μυχῷ
1465 1393 1573 1428 ἄντρου
1587 1395 1759 1422 θεσπεσίοιο

1025 1423 1174 1467 ἔρι’ζίηισίξι
1185 1423 1350 1467 Ζνεοτέᾇνταιξ
1362 1423 1477 1467 ξπὲϊνιέ
1487 1423 1532 1462 rt}
1544 1430 1740 1467 ἀποπέσῃσιν

1032 1461 1166 1494 ορμαθοῦ
1178 1462 1211 1489 ἐκ
1227 1462 1346 1498 πέτρης,
1364 1465 1421 1492 ἀνά
1438 1465 1462 1491 τ’
1486 1461 1806 1499 ἀλλήλῃσινῗχονται.

1057 1514 1136 1548 Ibid.,
1160 1517 1207 1544 lin.
1231 1518 1275 1546 56.
1299 1519 1396 1547 Μόνον
1417 1520 1451 1546 δὲ
1476 1520 1534 1547 τῶν
1552 1520 1705 1547 πετεινῶν.
1734 1520 1807 1548 Hunc

1022 1568 1072 1588 nec
1089 1570 1191 1590 murem
1206 1572 1277 1596 esse,
1291 1573 1342 1593 nec
1358 1567 1496 1594 volucrem
1519 1567 1625 1595 dicebat
1636 1566 1725 1594 Varro
1739 1567 1805 1602 apud

1021 1605 1161 1635 Nonium:
1183 1609 1337 1645 Vesper-tilio
1362 1613 1462 1639 animal
1492 1614 1593 1640 volucre
1617 1613 1729 1647 biforme
1752 1613 1807 1648 (alii

1021 1653 1147 1689 diforme)
1161 1655 1261 1682 dictum
1274 1657 1343 1691 quod
1357 1666 1459 1693 vespere
1471 1666 1498 1685 se
1513 1659 1546 1685 ad
1560 1659 1676 1686 volatum
1693 1659 1807 1694 proferat

1021 1700 1114 1727 noctis.
1140 1701 1203 1730 Var.
1223 1702 1358 1737 Agathone
1377 1712 1387 1730 :

1057 1757 1126 1796 Quid
1145 1760 1249 1796 multa?
1267 1760 1420 1795 Vespertilio
1435 1762 1521 1796 factus
1534 1770 1603 1794 sum,
1618 1769 1700 1796 neque

1056 1793 1089 1820 In
1106 1795 1224 1823 muribus
1240 1793 1327 1830 plane,
1343 1805 1422 1833 neque
1434 1793 1461 1824 in
1476 1793 1623 1824 volucribus
1639 1793 1710 1824 sum.

1021 1849 1053 1876 Et
1075 1851 1194 1886 Angelus
1216 1851 1368 1880 Politianus
1393 1853 1421 1880 in
1448 1854 1563 1888 quadam
1581 1854 1698 1888 epistola
1716 1862 1722 1880 :
1743 1852 1806 1879 Dum

1020 1903 1066 1922 nec
1078 1904 1163 1923 mures
1177 1897 1263 1931 plane,
1278 1905 1327 1924 nec
1342 1906 1402 1926 aves
1418 1907 1518 1930 sumus,
1532 1899 1648 1933 utrisque
1661 1903 1749 1925 tamen
1763 1907 1806 1924 nos

1017 1942 1128 1977 probare
1141 1948 1282 1975 tentamus,
1293 1953 1403 1972 causam
1415 1946 1495 1980 hujus
1509 1946 1686 1973 haesitationis
1709 1945 1804 1980 optime

1017 1988 1136 2022 explicat
1156 1989 1326 2023 Aristoteles,
1357 1991 1402 2018 lib.
1426 1991 1464 2017 De
1484 1991 1602 2025 partibus
1626 1992 1722 2023 anim.,
1740 1998 1799 2025 cap.

1023 2033 1065 2066 I3,
1077 2041 1157 2068 quem
1168 2035 1290 2062 consule.

1052 2078 1132 2112 lbid.,
1147 2080 1194 2107 lin.
1212 2080 1256 2107 57.
1271 2079 1367 2114 Πέτρα
1383 2079 1501 2112 σκελές.
1524 2078 1628 2106 Forsan
1653 2087 1801 2114 τετρασκε-

1014 2125 1072 2158 λές,
1092 2129 1121 2152 ut
1144 2126 1213 2152 idem
1237 2126 1333 2153 innuat
1346 2126 1418 2160 quod
1441 2125 1555 2152 Basilius
1576 2125 1635 2152 loco
1651 2126 1803 2160 supradicto

185 2166 213 2185 se
227 2162 311 2185 tutam
327 2158 459 2186 defendit.
474 2158 536 2185 Ideo
553 2159 623 2194 leges
638 2167 691 2186 non
705 2164 808 2186 tantum
830 2160 856 2186 in
873 2160 959 2186 homi-
978 2160 1000 2187 I)
1020 2178 1086 2197 voce
1101 2170 1261 2206 τετράπουν,
1284 2158 1443 2203 Qua-idem
1463 2173 1504 2197 est
1526 2169 1598 2205 quod
1617 2158 1711 2202 πεζός,
1732 2177 1758 2198 ει
1773 2179 1802 2198 ω

185 2211 248 2230 num
271 2203 392 2231 moribus
417 2203 607 2235 instituendis,
636 2204 682 2231 sed
708 2205 790 2232 etiam
815 2205 842 2231 in
866 2205 918 2232 hoc
936 2206 970 2232 de

184 2258 238 2285 quo
261 2251 368 2285 agimus
392 2251 527 2286 evulgavit
541 2271 548 2284 ,
570 2256 596 2279 et
623 2253 730 2279 modum
750 2253 916 2287 prmscripsit
940 2256 969 2279 ut

183 2296 307 2324 videlicet
328 2297 440 2324 locustae
456 2298 496 2324 vel
523 2298 616 2332 procul
641 2302 787 2324 arceantur
809 2305 843 2324 ne
871 2298 970 2324 irrum-

183 2345 259 2376 pant,
278 2343 319 2369 vel
349 2347 495 2377 praesentes
519 2343 574 2376 jam
601 2347 681 2377 atque
710 2344 802 2370 omnia
832 2347 968 2369 vastantes

183 2388 336 2416 absumant.
355 2388 445 2415 Ilcl'crt
462 2387 577 2418 Plinius.
595 2389 641 2416 lih.
657 2397 694 2419 in,
718 2397 778 2422 cap.
792 2387 827 2415 ‘29
843 2398 850 2415 :
869 2387 901 2415 In
917 2388 967 2422 Cy-

183 2436 288 2462 ronacia
302 2436 403 2470 regione
419 2436 497 2470 legem
518 2436 599 2469 fuisse
614 2441 651 2462 ter
667 2445 735 2462 anno
749 2444 793 2466 eas
808 2435 966 2467 debellandi,

182 2483 265 2516 primo
279 2490 327 2508 ova
347 2482 494 2512 obterendo,
510 2481 601 2508 deinde
617 2482 697 2515 fetum
711 2502 718 2512 ,
744 2486 872 2515 postremo
887 2482 965 2508 adul-

182 2532 243 2554 tas:
267 2527 406 2554 desertoris
431 2534 506 2561 prem:
527 2528 553 2554 in
579 2536 638 2554 eum
653 2529 697 2561 qui
719 2528 865 2554 cessaverit.
891 2527 924 2554 Et
940 2529 966 2554 in

181 2572 277 2600 Lemno
300 2573 387 2599 insula
412 2579 483 2599 certa
506 2581 627 2600 mensura
650 2574 783 2607 prin/inita
809 2579 857 2603 est,
889 2582 965 2608 quant

182 2619 278 2653 singuli
295 2624 460 2645 enecatnrum
482 2619 515 2645 ad
531 2620 700 2654 magistratus
714 2619 837 2652 referant.
851 2619 882 2645 Et
898 2620 965 2646 infe-

182 2662 239 2688 rius
255 2671 261 2688 :
281 2661 380 2690 Necare
395 2668 419 2689 et
440 2664 465 2689 in
485 2663 563 2697 Syria
581 2663 691 2689 militari
704 2663 810 2696 imperio
825 2668 962 2698 coguntur.

182 2706 257 2738 Quod
279 2711 306 2733 et
330 2708 357 2733 in
382 2707 500 2734 Lucania
526 2709 605 2735 hodie
627 2716 675 2735 nec
701 2716 754 2735 non
781 2707 886 2743 Iapygia
908 2710 963 2744 lege

182 2758 242 2778 Isse
257 2752 403 2786 sancitum,
417 2753 480 2779 dum
500 2753 549 2781 hoc
567 2754 666 2779 malum
684 2757 769 2779 terras
787 2753 962 2787 hominesque

183 2795 303 2827 infestat,
320 2797 384 2823 mihi
403 2799 515 2825 relatum
541 2805 590 2831 est,
617 2805 641 2826 ct
665 2807 714 2833 ego
734 2800 883 2827 observavi.
908 2801 961 2827 Nec

1020 2216 1134 2243 adverso
1157 2217 1301 2250 respondet
1323 2215 1425 2251 πτηνῷ.
1450 2215 1548 2247 Herus,
1573 2215 1621 2243 lib.
1637 2224 1668 2247 ιι,
1686 2224 1747 2251 cap.
1761 2217 1800 2246 55.

1019 2262 1090 2288 inter
1102 2270 1197 2289 omnes
1210 2262 1331 2289 volucres
1345 2262 1563 2296 vespertilionem
1576 2261 1672 2289 dentes
1683 2267 1711 2289 et
1724 2271 1802 2290 mam—

1018 2315 1077 2334 mas
1097 2307 1196 2335 habere
1210 2308 1285 2334 dicit.
1305 2308 1377 2343 Αὖτη
1391 2309 1445 2344 γὰρ
1471 2309 1537 2343 μόνη
1559 2307 1613 2334 τῶν
1637 2308 1726 2334 ἄλλων
1741 2317 1801 2344 πτη-

1018 2353 1070 2378 νῶν
1090 2353 1196 2384 ὀδόντας
1219 2353 1266 2380 καὶ
1285 2354 1406 2388 μαστοὺς
1428 2354 1493 2389 ἔχει.
1520 2354 1552 2380 Et
1565 2353 1681 2387 Plinius,
1702 2354 1749 2381 lib.
1766 2362 1799 2383 κιρ

1018 2406 1076 2432 cap.
1093 2398 1127 2425 57
1142 2402 1169 2425 ct
1191 2399 1224 2425 δῦ
1242 2409 1247 2425 :
1271 2399 1411 2425 Volucrum
1440 2400 1506 2426 nulli
1533 2399 1621 2426 dentes
1647 2404 1744 2433 pra'ter
1764 2409 1800 2427 re-

1018 2445 1192 2478 spertilionem
1205 2452 1214 2475 ;
1227 2449 1253 2471 et
1271 2445 1316 2471 lib.
1337 2454 1363 2475 κ,
1383 2454 1407 2471 (·.
1424 2445 1453 2472 (il
1468 2455 1473 2472 ε
1493 2445 1632 2472 Voluerunt
1645 2446 1746 2472 animal
1758 2454 1799 2479 pa-

1017 2491 1051 2516 rit
1073 2491 1219 2524 vespcrtilio
1245 2497 1357 2523 tantum,
1378 2492 1421 2518 cui
1444 2497 1467 2518 et
1491 2491 1697 2518 nteutbranacerc
1720 2493 1798 2522 pinna:

1017 2536 1072 2562 uni.
1095 2535 1193 2564 Eadem
1214 2537 1270 2564 sola
1287 2538 1419 2564 volucrum
1439 2538 1505 2564 lacte
1527 2538 1627 2569 nutrit,
1654 2537 1735 2564 ubera
1756 2538 1798 2564 ad-

1017 2590 1131 2613 monens,
1153 2584 1267 2617 geminos
1296 2584 1387 2609 volitat
1413 2583 1532 2617 amplexa
1547 2583 1685 2617 infantes:
1703 2591 1797 2610 secum-

1017 2636 1065 2662 que
1078 2627 1208 2662 deportat.
1227 2629 1317 2655 Eidem
1333 2630 1462 2655 coxendia:
1480 2637 1533 2655 una
1548 2629 1672 2660 traditur,
1689 2633 1714 2655 et
1727 2630 1752 2655 in
1766 2629 1797 2655 ti-

1015 2674 1077 2700 batu
1101 2675 1195 2701 culices
1220 2676 1375 2710 gratissimi.
1401 2675 1529 2702 Isidorus.
1556 2675 1603 2701 l'ib.
1623 2683 1673 2706 xu,
1697 2683 1754 2709 cap.
1774 2675 1786 2700 7

1016 2721 1072 2747 haec
1087 2722 1177 2747 omnia
1196 2720 1231 2746 ita
1249 2721 1407 2755 cmnplexus
1422 2726 1462 2747 est
1483 2730 1488 2747 τ
1511 2720 1665 2754 νινερεγιίιὶο
1678 2728 1724 2754 pro
1742 2725 1794 2746 tam-

1013 2775 1075 2799 pore
1098 2776 1188 2794 nomen
1213 2769 1321 2802 decepit,
1340 2776 1368 2794 eo
1390 2768 1458 2802 quod
1478 2769 1559 2794 lucem
1586 2767 1688 2802 fugiens
1714 2775 1795 2801 crepu-

1016 2813 1086 2840 sculo
1103 2814 1246 2840 resvertiuo
1261 2813 1439 2841 circumvolat.
1457 2813 1585 2840 τινα-οἱοὶιὶ
1604 2817 1676 2839 motu
1691 2818 1757 2840 acta.
1771 2818 1791 2838 ct
