1897 3073
60 105 104 134 9‘2!

60 168 208 195 tenuissimi:
236 168 403 197 brachiorum
423 171 546 199 membris
566 179 691 206 suspensa
707 180 715 197 :
731 169 832 198 animal
845 173 868 201 Α

60 215 163 241 murium
173 214 271 247 simile,
284 224 335 243 non
347 221 402 244 tam
412 226 470 245 uoce
483 226 605 246 resonans
619 226 697 251 quam
708 217 829 251 stridore,

59 261 130 295 specie
144 269 243 296 quoque
259 263 375 291 volatilis
398 265 478 291 simul
495 270 519 292 et
542 266 700 300 quadrupes.
717 265 784 299 quod
802 265 830 290 in

58 307 111 334 aliis
124 307 210 334 ovibus
225 310 336 343 reperiri
354 319 405 337 non
421 311 496 338 solet.
510 311 575 344 Quae
588 319 648 338 cum
662 311 770 338 brachia
783 318 830 345 pe-

58 354 148 388 desque
163 353 274 386 habeat,
288 355 351 390 quid
370 356 468 383 mirum
497 357 518 384 si
533 356 710 392 τετρασκελές
732 356 767 383 sit
783 363 832 382 no-

58 403 108 426 stro
125 399 247 426 auctori?
274 402 397 435 quamvis
421 410 504 429 unum
536 406 642 429 tantum
674 402 767 432 σχέλος
793 401 831 428 illi

58 446 118 473 tradi
130 446 234 474 Plinius
248 447 371 475 afﬁrmet.
388 448 416 476 Id
432 453 519 475 tamen
534 453 627 475 notum
643 451 685 475 est
699 456 759 475 esse
773 448 831 475 sine

56 500 173 527 genuum,
193 493 381 522 malleolorum
397 494 549 530 pedumque
563 494 697 521 articulis.

87 536 161 569 lbid.,
176 537 225 564 lin.
242 538 289 565 59.
308 540 340 565 Ol
358 538 392 565 δὲ
410 539 547 574 τέττιγες.
568 539 693 569 Basilius.
713 538 786 565 hom.
802 538 830 570 8,

59 583 99 615 Τίς
109 583 122 609 ὁ
134 584 233 618 τρόπος
250 584 302 619 τῆς
320 585 450 620 μελῳδίας
469 585 516 612 τοῦ
533 586 663 619 τέττιγος.
678 585 739 616 Πῶς
755 585 783 611 ὲν
797 585 829 620 τῇ

61 629 206 665 μεσημόριᾳ
227 630 331 657 ἑαυτῶν
355 632 423 658 εἰσιν
449 631 614 667 ᾠδικώτεροι
639 633 671 667 τῇ
696 632 761 667 ὁλκῇ
783 632 830 658 τοῦ

59 674 137 710 ἀέρος,
151 675 184 710 ἢν
199 676 228 702 ὲν
241 677 275 711 τῇ
291 676 415 712 διαστολῇ
432 677 569 704 ποιοῦνται
586 676 632 704 τοῦ
647 676 769 712 θώρακος
783 677 828 704 έκ-

58 719 183 754 διδομένου
197 720 245 746 τοῦ
262 720 392 755 φθόγγου.
414 721 585 753 Aristoteles,
603 721 641 749 De
656 721 751 749 histor.
772 722 832 749 ani-

59 764 126 796 παι..
139 772 198 800 cap.
212 765 258 797 50,
275 765 434 793 Proveniant
443 766 516 801 large
532 767 612 800 capite
627 766 760 793 imbrium.

88 809 141 837 Ibid
170 810 367 844 Ἠσυχάζουσι
391 811 425 838 δὲ
450 813 561 845 καιρόν.
590 812 758 843 Aristoteles,
783 812 829 840 lib.

59 864 108 886 vm.
121 855 158 883 De
178 856 274 885 histor.
296 858 391 889 anim.,
409 865 470 893 cap.
486 858 520 884 17
539 867 545 885 :
561 857 667 886 Cicada:
681 858 724 885 ubi
742 865 832 892 erupe-
848 849 868 874 Β

60 904 124 932 runt,
136 901 212 932 oleis.
230 905 277 928 aut
290 902 463 929 arundinibus
476 902 616 929 insidunt:
628 907 663 934 et,
676 911 736 929 cum
756 907 831 937 rupto

60 947 170 980 operculo
180 953 286 979 exeunt,
303 956 412 982 parvum
434 948 559 983 quiddam
582 949 610 975 in
632 957 661 976 eo
685 950 832 984 relinquunt

60 992 178 1024 humoris,
200 1001 247 1020 nec
263 994 346 1021 multo
366 998 425 1028 post
438 994 537 1026 uolant,
553 999 577 1021 et
592 995 717 1029 incipiunt
729 1003 830 1022 canere.

90 1039 144 1068 Col.
161 1041 223 1073 737,
237 1041 286 1068 lin.
305 1042 331 1068 I.
346 1042 494 1075 Πλήττειν
505 1042 539 1068 δὲ
551 1041 599 1068 καὶ
612 1042 704 1076 ᾄδειν.
714 1042 830 1070 Causam

60 1080 136 1121 quare
159 1087 262 1115 cicadae
287 1091 388 1115 canant
400 1089 512 1123 exponit
531 1088 702 1120 Aristoteles,
718 1089 764 1116 lib.
793 1089 832 1116 De

56 1133 147 1167 juvent.
161 1138 186 1160 et
201 1138 298 1160 senest.
321 1133 383 1160 vita.
400 1137 425 1160 et
441 1139 519 1161 mort.
541 1138 566 1160 et
582 1134 687 1167 respir.,
702 1140 769 1168 -cap.
786 1134 830 1161 Η.

61 1178 182 1206 Videntur
197 1179 271 1206 enim
280 1187 312 1206 ea
322 1179 426 1206 ratione
437 1179 482 1206 illa
494 1179 598 1206 scilicet
613 1179 831 1207 membranarum

62 1225 169 1252 elatione
187 1225 328 1259 anhelare,
341 1229 367 1253 et
382 1225 536 1260 refrigerari
565 1226 783 1260 quodammodo;
805 1230 832 1254 et

62 1270 101 1298 lib.
114 1278 138 1297 IV
156 1270 191 1298 De
205 1272 302 1298 histor.
319 1272 430 1299 animal.
445 1292 453 1304 ,
469 1279 529 1306 cap.
545 1272 571 1302 9.
589 1272 708 1300 declarat
722 1273 831 1300 modum

62 1317 134 1351 hujus
147 1318 217 1344 soni.
235 1318 281 1345 Ait
296 1325 367 1344 enim
390 1317 561 1345 membranas
579 1317 639 1345 illas
655 1318 751 1352 spiritu
763 1318 832 1346 inte-

60 1363 117 1389 riori
142 1363 255 1394 moveri,
280 1371 335 1390 non
351 1363 490 1395 exteriori,
506 1363 632 1397 illiusque
651 1364 763 1399 spiritus
789 1367 831 1390 at-

61 1408 117 1435 tritu
140 1416 235 1436 sonum
262 1409 316 1436 edi.
339 1409 378 1436 Τὰ
402 1409 451 1444 μὲν
472 1406 519 1435 οὖν
535 1408 639 1444 ἔντομα
661 1409 721 1436 οὒτε
737 1410 830 1444 φωνεῖ,

60 1453 114 1480 οὔτε
126 1454 288 1488 διαλέγεται,
304 1454 385 1489 ψοφεῖ
403 1454 432 1481 δὲ
450 1454 489 1490 τῷ
510 1454 562 1480 ἔσω
581 1454 724 1490 πνεύματι,
746 1455 776 1482 οὐ
793 1454 832 1491 τῷ

61 1498 161 1535 θύραζε.
184 1500 266 1527 Οὐδὲν
291 1500 346 1535 γὰρ
369 1501 481 1527 ἀναπνεῖ
511 1501 609 1534 αὐτῶν,
637 1500 704 1528 ἀλλὰ
724 1501 759 1527 τὰ
784 1500 832 1537 μὲν
846 1512 867 1541 C

62 1542 171 1579 βομϐεῐν,
195 1543 251 1571 οἷον
280 1544 399 1580 μέλιττα,
430 1545 476 1571 καὶ
502 1545 537 1572 τὰ
566 1545 655 1580 πτηνὰ
676 1545 775 1577 αὐτῶν,
800 1545 834 1572 τὰ

61 1588 85 1613 δὲ
102 1589 170 1623 ᾄδειν
191 1590 310 1624 λέγεται,
328 1587 382 1616 οἷον
403 1591 427 1616 οἱ
452 1589 583 1623 τέττιγες.
599 1590 689 1616 Πάντα
704 1589 732 1616 δὲ
749 1589 834 1616 ταῦτα

61 1630 133 1666 ψοφεῖ
157 1632 194 1668 τῷ
212 1634 296 1669 ὑμήνι
318 1633 369 1660 ὑπὸ
387 1634 417 1660 τὸ
436 1632 514 1668 ζῶμα
535 1634 596 1661 ὅσον
618 1634 754 1670 διῄρητον,
779 1631 833 1661 οἷον

61 1677 88 1702 τὸ
104 1678 154 1704 τῶν
175 1679 305 1713 τεττίγων
336 1679 413 1712 γένος
433 1680 466 1714 τῇ
489 1679 579 1715 τρίψει
601 1679 648 1706 τοῦ
670 1679 832 1715 πνεύματος.

62 1722 168 1759 Ideoque
199 1725 232 1752 ad
264 1725 315 1752 hoc
333 1728 363 1752 ut
388 1730 486 1752 canant
504 1733 616 1753 necesse
641 1729 702 1758 est,
730 1729 760 1752 ut
779 1725 834 1753 sint

64 1770 197 1803 praeeinctu
226 1772 358 1803 dividuaa,
376 1775 403 1798 et
426 1771 477 1799 sub
504 1775 581 1806 septo
602 1775 758 1799 transverso
777 1771 833 1799 dis-

63 1819 155 1842 sectum
181 1824 242 1844 esse
271 1817 335 1849 illis,
359 1816 416 1844 sive
442 1816 567 1852 majores]
583 1817 648 1848 sint,
669 1816 727 1844 sive
743 1816 832 1844 mino-

62 1854 110 1891 res,
127 1869 186 1888 nam
204 1870 258 1889 non
274 1862 403 1893 dividuis,
420 1865 447 1888 et
460 1862 560 1896 quibus
573 1869 628 1888 non
648 1867 689 1889 est
706 1861 832 1894 scissum,

63 1910 136 1933 Illlllig
157 1912 219 1935 sunt
243 1908 365 1935 omnino.
389 1907 476 1935 Dorso
497 1908 558 1935 illas
575 1915 705 1935 resonare
724 1907 833 1942 scripsit

64 1949 154 1982 llurus,
171 1953 215 1980 lib.
236 1962 265 1985 ιι,
282 1961 341 1988 cap.
357 1953 400 1985 5‘5,
419 1950 502 1985 Οὗτος
514 1953 567 1989 γὰρ
582 1953 626 1980 διὰ
640 1953 686 1980 τοῦ
703 1953 834 1988 στόματος

63 1997 90 2022 οὐ
107 1997 184 2025 λαλεῖ·
202 1999 270 2026 ἀλλὰ
291 1999 334 2026 διὰ
352 1999 401 2034 τῆς
423 1999 526 2034 ῥάχεως
544 1998 728 2034 φθεγγόμενος
750 1999 833 2025 καλὸν

65 2041 136 2075 μέλος
146 2045 236 2072 ἀείδει.
254 2045 286 2071 Et
302 2045 438 2076 Elianus,
454 2045 492 2072 De
505 2045 597 2072 histor.
615 2045 736 2078 animai.,
752 2045 798 2072 lib.
811 2053 831 2077 ι,

63 2095 116 2122 Cap.
136 2090 179 2118 20.
202 2091 242 2118 Τὰ
258 2092 307 2126 μὲν
321 2091 388 2119 ἄλλα
409 2091 464 2118 τῶν
484 2091 599 2118 Ἰνδικῶν
620 2091 720 2126 ὀρνέων
741 2090 829 2116 εὐστο-

65 2137 113 2168 μεῖ.
134 2137 178 2164 καὶ
208 2140 240 2174 τῇ
261 2137 368 2175 γλώττῃ
394 2137 539 2172 φθέγγεται
565 2137 643 2173 δίκην
669 2136 830 2172 ἀνθρώπου·

63 2181 84 2205 οἱ
104 2181 130 2208 δὲ
151 2183 270 2218 τέττιγες
296 2184 365 2210 κατὰ
393 2183 440 2218 τὴν
458 2182 514 2215 ῑξύν
540 2183 592 2209 εἰσι
619 2182 782 2209 λαλίστατοι.
800 2182 833 2209 Et
849 2180 869 2207 D

64 2231 119 2254 ante
144 2228 280 2257 (Elianum
309 2230 485 2260 Aristoteles,
517 2228 555 2255 De
584 2229 678 2255 histor.
709 2228 831 2259 anintal.,

64 2272 104 2300 lib.
120 2282 154 2308 tv,
165 2284 225 2312 cap.
236 2277 252 2303 τ
268 2286 274 2303 :
292 2275 392 2303 Cicada
407 2277 475 2303 inter
489 2275 554 2307 lucc,
573 2280 597 2302 et
615 2276 720 2302 omnino
734 2275 760 2301 in
776 2275 833 2301 ani-

64 2319 164 2346 malium
186 2329 277 2357 genere
298 2330 351 2349 una
377 2330 421 2348 ore
443 2325 536 2348 caret:
554 2321 686 2356 prolixum
708 2320 833 2355 quiddam

64 2372 227 2400 compactum,
241 2368 431 2403 indivisumque
454 2368 530 2402 gerit.
544 2368 630 2394 simile
647 2368 684 2394 eis
699 2366 766 2403 quod
783 2367 834 2394 lin-

64 2418 115 2443 guae
124 2415 229 2446 speciem
242 2415 337 2449 refert;
351 2414 378 2441 in
391 2414 423 2440 iis
436 2414 529 2449 quibus
546 2414 651 2441 aculeus
663 2414 690 2439 in
707 2421 750 2440 ore
766 2421 774 2439 :
790 2421 833 2440 eo-

64 2464 105 2488 que
115 2458 166 2492 ipso
182 2468 266 2488 rorem
277 2461 366 2487 haurit
375 2480 381 2492 ,
395 2460 547 2487 alimentum
560 2468 640 2487 unum
653 2464 677 2486 et
692 2459 831 2493 peculiare.

66 2500 96 2528 De
121 2504 274 2533 cicadarum
296 2506 478 2541 Rheginarum
497 2506 605 2534 silentio
629 2506 714 2533 multa
736 2505 833 2533 Strabo

37 2561 40 2564 ⁴
65 2545 222 2583 (ἶεοῃναρήὶω
233 2552 280 2579 lib.
291 2559 337 2583 vt;
353 2551 472 2582 Solinus.
485 2559 544 2586 cap.
557 2551 583 2582 8,
596 2551 628 2578 de
648 2551 755 2578 silentio
767 2558 833 2578 con-

65 2595 139 2628 venit,
152 2598 185 2625 de
200 2606 284 2626 causa
300 2598 435 2626 dissentit.
450 2597 482 2624 Et
496 2605 529 2625 ex
545 2597 646 2624 Granio
660 2597 692 2624 ad
716 2597 831 2629 fabulas,

65 2642 87 2663 ιιι
103 2645 235 2673 poetarum
248 2643 425 2671 deliramenta
441 2642 496 2669 haec
513 2643 619 2676 rejieit;
635 2650 684 2670 nec
700 2643 726 2669 in
742 2642 832 2669 omni-

65 2682 110 2711 Ῑιιιε
120 2694 176 2720 qua:
193 2689 230 2717 ibi
246 2693 340 2717 narrat
362 2697 454 2720 verax,
471 2689 508 2715 ait
530 2689 601 2715 enim
617 2698 623 2715 :
642 2688 749 2715 Cicada:
763 2687 833 2722 apud

67 2727 183 2764 Rhegium
206 2740 295 2767 mune,
316 2743 361 2761 nec
375 2743 486 2769 usquam
504 2734 579 2761 alibi.
598 2733 630 2760 Et
644 2742 705 2761 eum
723 2738 833 2761 secutus

66 2772 185 2811 Isidorus,
210 2780 256 2807 lib.
282 2788 338 2811 xu,
355 2788 415 2815 cap.
433 2779 449 2808 8
468 2789 474 2806 :
495 2779 601 2806 Cicada:
624 2786 656 2806 ea:
679 2778 832 2806 cucnlorum

66 2826 198 2851 nascuntur
210 2831 295 2860 sputo.
315 2825 359 2853 Hae
373 2826 399 2852 in
416 2824 489 2853 Italia
511 2825 581 2861 apud
598 2823 734 2860 Rheginos
753 2827 833 2852 mutae

605 110 635 137 IN
656 108 841 137 EUSTATHII
855 110 1090 139 HEXAEMERON
1105 110 1220 140 NOTAE.

1605 118 1657 145 9‘23

883 172 931 205 (ita
942 171 1015 199 enim
1029 172 1148 208 corrigo)
1159 177 1233 207 sunt,
1249 181 1298 201 nec
1307 181 1421 209 usquam
1438 174 1512 202 alibi.
1524 174 1601 208 Quod
1617 177 1656 203 vel

881 219 940 246 solo
952 219 1052 247 ΑΞιίθηὶ
1070 221 1226 248 testimonio
1245 221 1348 248 relellet
1363 222 1424 256 quis
1442 231 1448 249 :
1470 222 1493 250 is
1506 223 1590 255 enim,
1608 223 1655 250 lib.

882 272 921 295 ιιι,
934 264 970 291 De
982 266 1076 293 histor.
1089 266 1184 298 anim.,
1196 273 1255 301 cap.
1265 265 1310 297 55,
1322 266 1360 292 ait
1374 266 1401 293 in
1417 266 1571 295 Macedonia
1581 275 1656 299 sues,

879 316 907 338 et
921 318 1007 345 genus
1023 311 1157 345 quoddam
1172 311 1327 338 cicadarum
1345 319 1406 338 esse
1426 316 1547 345 mutum;
1567 317 1594 340 et
1610 313 1657 339 ad-

880 356 962 383 ducta
979 356 1084 384 ratione
1099 364 1114 383 a
1130 355 1264 384 Strabone
1291 357 1361 384 facili
1387 357 1413 384 id
1434 358 1541 392 negotio
1566 361 1657 392 posset

881 401 1002 436 probari.
1012 409 1073 429 cum
1089 409 1120 430 ea
1131 409 1214 430 causa
1228 411 1283 430 non
1296 403 1324 430 in
1341 402 1469 438 ltheginis
1483 393 1596 434 tantuin.
1609 404 1656 432 sed

880 451 907 474 et
924 447 950 473 in
968 447 1030 474 aliis
1044 448 1125 474 etiam
1149 448 1202 475 vim
1226 456 1303 476 suam
1327 449 1456 475 obtineat.
1478 448 1548 482 Quin
1568 449 1656 477 Theo-

880 492 1023 527 phylactus
1040 491 1203 525 Simocatus,
1218 497 1316 528 quaest.
1333 497 1422 520 natur.
1436 494 1479 525 I5,
1495 493 1608 521 allirmat
1618 496 1657 522 ci-

881 538 964 566 cadas
977 546 1072 565 omnes
1088 538 1203 566 feminas
1219 545 1308 566 mulas
1327 547 1398 571 esse,
1416 547 1564 575 earumque
1580 541 1657 576 frigi-

880 583 992 610 ditatem
1008 591 1118 611 causam
1135 591 1196 611 esse
1211 583 1278 616 vult,
1304 584 1398 618 Τέττιε
1412 582 1458 612 οὖν
1479 585 1571 622 θήλεια
1590 587 1659 613 κατὰ

881 629 948 656 πολὺ
974 629 1126 665 ψυχροτέρα
1150 629 1197 656 τοῦ
1214 630 1343 666 ᾱρρενος,
1364 631 1410 657 καὶ
1427 631 1506 666 φύσις
1524 632 1592 667 αὐτῇ
1610 631 1658 666 τὴν

881 675 985 710 σιωπὴν
1001 675 1183 709 ὲγκελεύεται,
1199 676 1322 703 ἐπίτασιν
1335 676 1468 704 ὲντιθεῖσα
1481 677 1657 713 ψυχρότητος.

881 721 926 748 Διὸ
936 721 1048 753 κωτίλος
1064 721 1152 754 τέττιξ
1165 722 1214 748 οὐκ
1228 721 1284 749 ἔστι
1295 722 1397 758 θήλεια.
1412 722 1489 756 Quod
1499 728 1524 750 et
1538 723 1572 751 de
1586 723 1659 751 Seri-

881 767 954 802 phiis
970 768 1056 799 ranis,
1073 775 1134 802 qua:
1147 771 1228 796 mutae
1239 773 1314 800 sunt,
1331 773 1427 803 quaest.
1440 769 1484 802 18,
1500 770 1592 797 tradit.

916 812 996 844 Ibid.,
1006 813 1054 840 lin.
1068 813 1093 840 'I.
1109 814 1200 848 Ἂπερ
1214 813 1320 848 κοινὴν
1332 814 1398 849 μέν.
1411 813 1537 842 Omnium
1553 815 1597 842 illa
1609 815 1659 842 fuit

883 859 1028 891 sententia,
1045 859 1180 888 hominem
1196 867 1257 888 esse
1280 860 1395 887 divisum
1419 861 1445 888 in
1471 865 1560 895 partes
1576 861 1657 893 duas,

882 913 981 940 corpus
995 909 1022 933 et
1037 906 1166 938 animam,
1183 910 1211 933 et
1226 906 1276 934 hac
1295 906 1395 941 aliquid
1410 906 1510 934 habere
1528 915 1588 934 cum
1604 908 1659 936 Deo

882 958 1035 981 commune.
1051 951 1098 978 illo
1113 959 1176 978 cum
1194 951 1290 984 brutis,
1309 955 1336 979 et
1351 952 1457 980 belluis.
1470 952 1502 979 Et
1512 953 1584 980 sicut
1597 955 1656 981 ani-

882 1003 926 1023 mo
952 996 1058 1024 ceteris
1084 997 1269 1024 animantibus
1294 997 1373 1031 longe
1396 1001 1515 1031 praestat,
1532 998 1658 1025 animalia

882 1041 1036 1073 arboribus,
1047 1045 1074 1069 et
1085 1041 1219 1076 virgultis.
1233 1042 1391 1077 caatcrisque
1399 1049 1480 1070 sensu
1491 1043 1657 1075 carentibus,

881 1085 984 1113 homini
998 1094 1031 1114 ex
1045 1086 1137 1114 animo
1152 1087 1232 1118 ratio.
1247 1087 1300 1115 illis
1314 1095 1411 1115 sensus
1429 1095 1461 1115 ex
1477 1095 1590 1122 corpore
1601 1096 1609 1116 :
1621 1089 1659 1115 ita

881 1137 972 1160 tamen
995 1137 1067 1160 utet
1085 1133 1189 1161 homini
1213 1134 1253 1160 uti
1278 1135 1401 1168 corporis
1418 1135 1536 1168 compoti
1561 1141 1658 1163 sensus

881 1186 936 1206 non
950 1179 1108 1214 denegetur.
1129 1179 1244 1207 Interest
1266 1185 1355 1207 autem
1381 1179 1453 1207 inter
1477 1179 1614 1207 hominem
1631 1185 1658 1208 et

881 1224 998 1252 belluam
1024 1225 1092 1252 illud
1116 1225 1244 1257 maxime,
1256 1225 1329 1260 quod
1357 1226 1447 1253 bellua
1473 1226 1496 1254 si
1525 1229 1658 1258 movetur,

882 1278 964 1298 sensu
981 1275 1105 1298 movetur
1121 1275 1238 1303 tantum,
1250 1274 1277 1299 et
1292 1271 1324 1298 ad
1337 1279 1458 1306 praesens
1472 1271 1566 1304 fertur,
1576 1272 1658 1299 nihil-

881 1323 934 1350 que
957 1321 1052 1350 prmter
1070 1316 1234 1351 voluptatem
1251 1316 1344 1347 sentit.
1360 1317 1392 1343 ad
1408 1324 1521 1351 eamque
1537 1320 1592 1343 toto
1607 1316 1659 1343 im-

881 1365 943 1396 petu
968 1361 1090 1396 rapitur;
1106 1362 1197 1393 homo,
1224 1368 1286 1388 cum
1314 1361 1350 1389 sit
1372 1361 1485 1389 rationis
1515 1361 1658 1395 particeps,

881 1407 963 1434 etiam
980 1407 1044 1434 dum
1065 1406 1158 1437 sentit,
1173 1407 1297 1441 quamvis
1324 1414 1407 1435 sensu
1435 1407 1559 1437 ducatur,
1573 1406 1660 1433 elevat

882 1454 911 1482 se
923 1457 1014 1481 tamen
1029 1453 1062 1480 ad
1078 1453 1173 1480 altiora
1188 1451 1397 1485 consideranda,
1415 1455 1442 1479 et
1456 1452 1546 1479 divina
1561 1451 1660 1478 intelli-

884 1498 981 1533 genda,
995 1502 1022 1525 et
1037 1498 1065 1525 in
1080 1499 1219 1533 proprium
1235 1504 1314 1533 usum
1332 1505 1386 1524 non
1407 1505 1488 1525 sensu
1503 1502 1592 1530 actus,
1612 1496 1659 1525 sed

884 1544 990 1571 ratione
1005 1543 1097 1571 omnia
1113 1543 1310 1570 accommodat.
1325 1542 1415 1575 Quare
1428 1542 1509 1569 etiam
1520 1545 1547 1569 et
1561 1549 1660 1569 causas

882 1597 974 1617 rerum
989 1593 1016 1616 et
1032 1589 1240 1617 consecutiones
1254 1588 1345 1620 videt,
1361 1595 1508 1622 earumque
1532 1595 1659 1622 progres-

883 1643 931 1663 sus
945 1642 999 1662 non
1016 1635 1134 1670 ignorat.
1149 1634 1332 1669 Utrorumque
1347 1637 1437 1661 tamen
1461 1640 1558 1660 sensus
1574 1633 1601 1659 in
1615 1640 1660 1660 ea-

883 1680 943 1708 dem
959 1680 1044 1707 fertur
1052 1680 1156 1715 objecta
1168 1683 1194 1707 et
1204 1680 1261 1714 pari
1275 1679 1379 1706 ratione
1392 1678 1425 1705 ab
1433 1678 1486 1706 illis
1498 1678 1660 1705 commutari

882 1725 1057 1753 manifestum
1081 1730 1134 1758 est,
1154 1724 1283 1760 quidquid
1295 1724 1367 1751 dicat
1378 1723 1555 1752 Jamblichus.
1566 1723 1659 1760 Neque

881 1772 1003 1806 negarim
1016 1771 1043 1798 in
1056 1771 1192 1806 aliquibus
1204 1771 1238 1798 ab
1251 1770 1407 1798 hominibus
1422 1769 1536 1801 belluas.
1551 1770 1576 1796 in
1598 1770 1659 1797 aliis

883 1817 1006 1845 homines
1023 1825 1039 1844 a
1054 1817 1152 1844 belluis
1164 1817 1296 1852 superari,
1311 1823 1371 1851 quae
1382 1819 1424 1843 est
1436 1815 1588 1842 communis
1597 1816 1658 1851 opi-

882 1862 938 1892 nio,
957 1865 984 1889 et
998 1861 1177 1889 Aristotelica:
1194 1861 1325 1888 doctrinm
1343 1860 1430 1895 magis
1445 1860 1657 1888 accommodata.

884 1906 938 1934 Sed
956 1907 1014 1934 hmo
1030 1907 1142 1934 alterius
1158 1910 1221 1934 sunt
1232 1906 1341 1941 negotii.
1362 1905 1433 1934 Satis
1449 1905 1485 1933 sit
1500 1905 1577 1938 illud,
1593 1913 1660 1932 con-

883 1957 955 1980 stare
982 1952 1118 1980 hominem
1145 1952 1246 1985 animo,
1261 1951 1312 1978 hoc
1331 1955 1372 1979 est
1395 1951 1507 1978 rationis
1535 1956 1659 1985 compote

882 1998 942 2026 aliis
967 1998 1151 2025 animantibus
1174 2004 1235 2024 esse
1249 1997 1473 2032 praestantiorem,
1486 2000 1513 2024 et
1525 2004 1556 2025 eo
1572 1997 1659 2025 solmn

884 2044 983 2071 abillis
999 2043 1138 2079 distingui.
1163 2043 1253 2077 Quare
1268 2043 1365 2077 saepius
1377 2050 1431 2069 uno
1443 2050 1548 2070 mecum
1566 2048 1661 2077 reputo

883 2089 1044 2117 Sallustiana
1057 2089 1101 2116 illa
1109 2096 1171 2116 vere
1179 2088 1292 2116 aureain
1306 2087 1437 2123 prommio
1453 2088 1491 2116 De
1500 2087 1660 2122 conjuratio-

882 2144 913 2162 ne
928 2134 1059 2167 Catilime,
1073 2141 1132 2168 quae
1154 2133 1236 2161 veluti
1257 2133 1512 2161 commentariorum
1534 2132 1598 2159 huic
1612 2139 1661 2158 no-

884 2186 941 2210 stro
957 2181 1060 2208 auctori
1075 2181 1161 2207 lucem
1178 2179 1274 2207 alierre
1287 2184 1420 2215 possunt:
1436 2179 1530 2207 Omnes
1545 2178 1660 2205 homines

882 2229 927 2263 qui
943 2235 997 2254 sese
1012 2226 1118 2253 student
1132 2230 1258 2260 prwstare
1271 2226 1371 2253 cazteris
1387 2225 1574 2254 animantibus,
1586 2231 1659 2250 sum-
1691 2243 1694 2246 .

883 2282 926 2300 ma
939 2281 984 2307 ope
997 2273 1044 2299 m’ti
1059 2272 1141 2304 decet,
1153 2280 1184 2298 ne
1199 2273 1279 2298 vitam
1302 2271 1406 2298 silentio
1422 2270 1567 2304 transigant
1582 2268 1660 2296 ueluti
1711 2266 1719 2275 “

882 2328 986 2355 pecora,
1005 2328 1062 2354 qua:
1084 2324 1180 2346 natura
1198 2325 1281 2352 prona
1307 2321 1383 2352 atque
1404 2316 1486 2343 uentri
1514 2314 1659 2341 obedientia

882 2367 969 2402 finxit,
987 2366 1033 2393 sed
1047 2367 1132 2392 omnis
1150 2369 1240 2391 nostra
1256 2364 1293 2390 eis
1309 2364 1335 2390 in
1351 2363 1448 2393 animo,
1460 2366 1600 2395 etcorpore
1609 2360 1660 2386 sita

881 2417 930 2440 est.
957 2412 1046 2438 Animi
1066 2410 1184 2445 imperio,
1206 2410 1323 2443 corporis
1339 2408 1441 2435 servitio
1453 2407 1536 2441 magis
1551 2406 1658 2432 utimur.

883 2459 1003 2486 Alterum
1024 2457 1097 2484 nobis
1121 2464 1181 2490 cum
1197 2456 1259 2486 diis,
1281 2454 1393 2481 alterum
1403 2461 1462 2480 cum
1479 2451 1571 2479 belluis
1591 2459 1660 2477 com.

883 2510 958 2528 mune
987 2505 1035 2529 est.
1058 2501 1115 2533 Quo
1136 2500 1201 2526 mihi
1220 2499 1315 2526 rectius
1344 2506 1398 2525 esse
1428 2495 1538 2528 videtur,
1565 2495 1662 2530 ingenii

881 2556 959 2582 quam
976 2547 1070 2574 virium
1093 2546 1185 2580 opibus
1213 2545 1325 2580 gloriam
1341 2551 1454 2579 quaerere
1468 2550 1477 2569 :
1494 2546 1518 2568 et
1538 2541 1661 2576 quoniam

883 2595 935 2620 vita
950 2594 1076 2628 ipsaqua
1092 2593 1216 2627 fruimur,
1237 2591 1319 2618 breuis
1331 2594 1380 2622 est,
1396 2588 1548 2616 memoriam
1564 2588 1659 2618 nostri,

881 2648 959 2674 quam
975 2639 1088 2665 maxime
1114 2638 1216 2673 longam
1232 2637 1345 2672 efficere.
1366 2635 1437 2662 Nam
1459 2634 1611 2660 divitiarum
1636 2636 1660 2658 et

882 2686 973 2719 forma:
989 2684 1085 2720 gloria,
1102 2684 1186 2718 ﬂuxa,
1202 2688 1277 2717 atque
1290 2682 1393 2718 fragilis
1409 2686 1447 2708 est
1461 2689 1469 2708 :
1481 2680 1563 2707 uirtus
1576 2678 1659 2710 clara,

883 2736 1029 2766 a'ternaque
1039 2730 1157 2757 habetur.
1176 2729 1256 2756 Disce
1269 2733 1308 2760 tu,
1322 2736 1339 2755 o
1363 2727 1443 2755 homo
1455 2724 1609 2753 Christiana
1620 2723 1661 2750 di-

884 2776 997 2811 sciplina
1013 2776 1132 2802 imbutus
1144 2782 1158 2800 a
1179 2774 1236 2801 viro
1249 2774 1368 2805 ethnico,
1389 2777 1436 2800 tuo
1449 2771 1548 2801 animo,
1562 2774 1662 2803 tuaque

884 2822 998 2856 ratione,
1012 2825 1041 2849 ut
1056 2821 1110 2856 jus,
1129 2819 1223 2855 fasque
1238 2819 1362 2855 requirit,
1379 2818 1434 2852 uti;
1450 2816 1515 2853 quid
1536 2815 1662 2852 majesta-
