  <div class='ocr_page' id='page_1' title='image "/cluster/home/n/w/nwhite01/storage/ocr_20150623/18/njp.32101077772455/751.png"; bbox 0 0 1897 3073; ppageno 0'>
   <div class='ocr_carea' id='block_1_1' title="bbox 238 132 290 161">
    <p class='ocr_par' dir='ltr' id='par_1_1' title="bbox 238 132 290 161">
     <span class='ocr_line' id='line_1_1' title="bbox 238 132 290 161; baseline 0 0"><span class='ocrx_word' id='word_1_1' title='bbox 238 132 290 161; x_wconf 70' lang='lat'><strong>925</strong></span> 
     </span>
    </p>
   </div>
   <div class='ocr_carea' id='block_1_2' title="bbox 238 189 1021 227">
    <p class='ocr_par' dir='ltr' id='par_1_2' title="bbox 238 189 1021 227">
     <span class='ocr_line' id='line_1_2' title="bbox 238 189 1021 227; baseline 0 -8"><span class='ocrx_word' id='word_1_2' title='bbox 238 197 291 219; x_wconf 89' lang='lat' dir='ltr'><strong>tem</strong></span> <span class='ocrx_word' id='word_1_3' title='bbox 303 196 376 217; x_wconf 88' lang='lat' dir='ltr'><strong>tuam</strong></span> <span class='ocrx_word' id='word_1_4' title='bbox 391 189 532 217; x_wconf 72' lang='lat' dir='ltr'><strong>vilissimis</strong></span> <span class='ocrx_word' id='word_1_5' title='bbox 549 190 727 217; x_wconf 64' lang='lat' dir='ltr'><strong>animantium</strong></span> <span class='ocrx_word' id='word_1_6' title='bbox 749 190 877 218; x_wconf 80' lang='lat' dir='ltr'><strong>ductibus</strong></span> <span class='ocrx_word' id='word_1_7' title='bbox 889 198 1021 227; x_wconf 76' lang='lat' dir='ltr'><strong>conspur-</strong></span> 
     </span>
    </p>
   </div>
   <div class='ocr_carea' id='block_1_3' title="bbox 238 235 1017 271">
    <p class='ocr_par' dir='ltr' id='par_1_3' title="bbox 238 235 1017 271">
     <span class='ocr_line' id='line_1_3' title="bbox 238 235 1017 271; baseline 0.001 -7"><span class='ocrx_word' id='word_1_8' title='bbox 238 244 285 264; x_wconf 81' lang='lat' dir='ltr'><strong>cas</strong></span> <span class='ocrx_word' id='word_1_9' title='bbox 299 235 466 264; x_wconf 82' lang='lat' dir='ltr'><strong>lcedissime?</strong></span> <span class='ocrx_word' id='word_1_10' title='bbox 481 235 566 262; x_wconf 88' lang='lat' dir='ltr'><strong>llomo</strong></span> <span class='ocrx_word' id='word_1_11' title='bbox 577 243 608 263; x_wconf 86' lang='lat' dir='ltr'><strong>es</strong></span> <span class='ocrx_word' id='word_1_12' title='bbox 629 236 662 262; x_wconf 91' lang='lat' dir='ltr'><strong>ad</strong></span> <span class='ocrx_word' id='word_1_13' title='bbox 686 236 828 270; x_wconf 85' lang='lat' dir='ltr'><strong>superiora</strong></span> <span class='ocrx_word' id='word_1_14' title='bbox 854 237 1017 271; x_wconf 86' lang='lat' dir='ltr'><strong>destinatus,</strong></span> 
     </span>
    </p>
   </div>
   <div class='ocr_carea' id='block_1_4' title="bbox 237 280 894 315">
    <p class='ocr_par' dir='ltr' id='par_1_4' title="bbox 237 280 894 315">
     <span class='ocr_line' id='line_1_4' title="bbox 237 280 894 315; baseline 0.002 -7"><span class='ocrx_word' id='word_1_15' title='bbox 237 289 272 308; x_wconf 79' lang='lat' dir='ltr'><strong>ne</strong></span> <span class='ocrx_word' id='word_1_16' title='bbox 283 285 442 309; x_wconf 71' lang='lat' dir='ltr'><strong>contemnas</strong></span> <span class='ocrx_word' id='word_1_17' title='bbox 453 281 525 315; x_wconf 85' lang='lat' dir='ltr'><strong>quod</strong></span> <span class='ocrx_word' id='word_1_18' title='bbox 542 281 569 306; x_wconf 93' lang='lat' dir='ltr'><strong>in</strong></span> <span class='ocrx_word' id='word_1_19' title='bbox 589 284 614 306; x_wconf 90' lang='lat' dir='ltr'><strong>te</strong></span> <span class='ocrx_word' id='word_1_20' title='bbox 628 280 894 313; x_wconf 44' lang='lat' dir='ltr'><strong>elucet,Divinitatis.</strong></span> 
     </span>
    </p>
   </div>
   <div class='ocr_carea' id='block_1_5' title="bbox 272 326 1018 360">
    <p class='ocr_par' dir='ltr' id='par_1_5' title="bbox 272 326 1018 360">
     <span class='ocr_line' id='line_1_5' title="bbox 272 326 1018 360; baseline 0.001 -6"><span class='ocrx_word' id='word_1_21' title='bbox 272 326 352 358; x_wconf 85' lang='lat' dir='ltr'><strong>Ibid.,</strong></span> <span class='ocrx_word' id='word_1_22' title='bbox 367 327 416 354; x_wconf 91' lang='lat' dir='ltr'><strong>lin.</strong></span> <span class='ocrx_word' id='word_1_23' title='bbox 431 327 457 353; x_wconf 89' lang='lat'><strong>9.</strong></span> <span class='ocrx_word' id='word_1_24' title='bbox 476 326 531 353; x_wconf 78' lang='lat' dir='ltr'><strong>Kal</strong></span> <span class='ocrx_word' id='word_1_25' title='bbox 551 327 712 360; x_wconf 76' lang='grc' dir='ltr'><strong>κινούμενα</strong></span> <span class='ocrx_word' id='word_1_26' title='bbox 728 327 859 360; x_wconf 72' lang='grc' dir='ltr'><strong>κίνησιν.</strong></span> <span class='ocrx_word' id='word_1_27' title='bbox 878 327 959 355; x_wconf 79' lang='lat' dir='ltr'><strong>Multa</strong></span> <span class='ocrx_word' id='word_1_28' title='bbox 975 328 1018 356; x_wconf 91' lang='lat' dir='ltr'><strong>hic</strong></span> 
     </span>
    </p>
   </div>
   <div class='ocr_carea' id='block_1_6' title="bbox 237 373 1018 411">
    <p class='ocr_par' dir='ltr' id='par_1_6' title="bbox 237 373 1018 411">
     <span class='ocr_line' id='line_1_6' title="bbox 237 373 1018 411; baseline 0.005 -11"><span class='ocrx_word' id='word_1_29' title='bbox 237 379 348 409; x_wconf 79' lang='lat' dir='ltr'><strong>pussent</strong></span> <span class='ocrx_word' id='word_1_30' title='bbox 367 373 458 401; x_wconf 77' lang='lat' dir='ltr'><strong>alferri</strong></span> <span class='ocrx_word' id='word_1_31' title='bbox 475 374 508 400; x_wconf 85' lang='lat' dir='ltr'><strong>de</strong></span> <span class='ocrx_word' id='word_1_32' title='bbox 531 375 635 401; x_wconf 92' lang='lat' dir='ltr'><strong>ratione</strong></span> <span class='ocrx_word' id='word_1_33' title='bbox 659 378 750 402; x_wconf 87' lang='lat' dir='ltr'><strong>motus</strong></span> <span class='ocrx_word' id='word_1_34' title='bbox 774 375 940 407; x_wconf 84' lang='lat' dir='ltr'><strong>animalium,</strong></span> <span class='ocrx_word' id='word_1_35' title='bbox 958 385 1018 411; x_wconf 74' lang='lat' dir='ltr'><strong>qua:</strong></span> 
     </span>
    </p>
   </div>
   <div class='ocr_carea' id='block_1_7' title="bbox 238 419 1017 454">
    <p class='ocr_par' dir='ltr' id='par_1_7' title="bbox 238 419 1017 454">
     <span class='ocr_line' id='line_1_7' title="bbox 238 419 1017 454; baseline 0.004 -8"><span class='ocrx_word' id='word_1_36' title='bbox 238 419 355 447; x_wconf 76' lang='lat' dir='ltr'><strong>facultas</strong></span> <span class='ocrx_word' id='word_1_37' title='bbox 370 420 536 454; x_wconf 88' lang='lat' dir='ltr'><strong>requiratur,</strong></span> <span class='ocrx_word' id='word_1_38' title='bbox 552 420 656 454; x_wconf 90' lang='lat' dir='ltr'><strong>etquid</strong></span> <span class='ocrx_word' id='word_1_39' title='bbox 680 421 787 448; x_wconf 88' lang='lat' dir='ltr'><strong>tandem</strong></span> <span class='ocrx_word' id='word_1_40' title='bbox 813 428 959 449; x_wconf 87' lang='lat' dir='ltr'><strong>concurrat</strong></span> <span class='ocrx_word' id='word_1_41' title='bbox 983 424 1017 450; x_wconf 86' lang='lat' dir='ltr'><strong>ad</strong></span> 
     </span>
    </p>
   </div>
   <div class='ocr_carea' id='block_1_8' title="bbox 237 465 1018 500">
    <p class='ocr_par' dir='ltr' id='par_1_8' title="bbox 237 465 1018 500">
     <span class='ocr_line' id='line_1_8' title="bbox 237 465 1018 500; baseline 0.005 -8"><span class='ocrx_word' id='word_1_42' title='bbox 237 470 340 492; x_wconf 87' lang='lat' dir='ltr'><strong>motum</strong></span> <span class='ocrx_word' id='word_1_43' title='bbox 365 465 438 492; x_wconf 91' lang='lat' dir='ltr'><strong>hunc</strong></span> <span class='ocrx_word' id='word_1_44' title='bbox 460 466 672 500; x_wconf 84' lang='lat' dir='ltr'><strong>exsequendum,</strong></span> <span class='ocrx_word' id='word_1_45' title='bbox 697 467 743 494; x_wconf 88' lang='lat' dir='ltr'><strong>sed</strong></span> <span class='ocrx_word' id='word_1_46' title='bbox 772 474 803 493; x_wconf 89' lang='lat' dir='ltr'><strong>ea</strong></span> <span class='ocrx_word' id='word_1_47' title='bbox 829 467 1018 496; x_wconf 88' lang='lat' dir='ltr'><strong>subtilioribus</strong></span> 
     </span>
    </p>
   </div>
   <div class='ocr_carea' id='block_1_9' title="bbox 237 511 1017 547">
    <p class='ocr_par' dir='ltr' id='par_1_9' title="bbox 237 511 1017 547">
     <span class='ocr_line' id='line_1_9' title="bbox 237 511 1017 547; baseline 0.006 -9"><span class='ocrx_word' id='word_1_48' title='bbox 237 511 407 547; x_wconf 77' lang='lat' dir='ltr'><strong>philosophis</strong></span> <span class='ocrx_word' id='word_1_49' title='bbox 430 512 563 547; x_wconf 86' lang='lat' dir='ltr'><strong>relinquo.</strong></span> <span class='ocrx_word' id='word_1_50' title='bbox 583 512 718 539; x_wconf 82' lang='lat' dir='ltr'><strong>Adducam</strong></span> <span class='ocrx_word' id='word_1_51' title='bbox 747 517 837 540; x_wconf 89' lang='lat' dir='ltr'><strong>tamen</strong></span> <span class='ocrx_word' id='word_1_52' title='bbox 865 521 948 542; x_wconf 93' lang='lat' dir='ltr'><strong>unum</strong></span> <span class='ocrx_word' id='word_1_53' title='bbox 976 516 1017 543; x_wconf 87' lang='lat' dir='ltr'><strong>vel</strong></span> 
     </span>
    </p>
   </div>
   <div class='ocr_carea' id='block_1_10' title="bbox 236 557 1016 592">
    <p class='ocr_par' dir='ltr' id='par_1_10' title="bbox 236 557 1016 592">
     <span class='ocr_line' id='line_1_10' title="bbox 236 557 1016 592; baseline 0.004 -8"><span class='ocrx_word' id='word_1_54' title='bbox 236 558 353 584; x_wconf 73' lang='lat' dir='ltr'><strong>alterunt</strong></span> <span class='ocrx_word' id='word_1_55' title='bbox 373 558 407 584; x_wconf 90' lang='lat' dir='ltr'><strong>ad</strong></span> <span class='ocrx_word' id='word_1_56' title='bbox 423 557 504 592; x_wconf 86' lang='lat' dir='ltr'><strong>hujus</strong></span> <span class='ocrx_word' id='word_1_57' title='bbox 525 557 578 584; x_wconf 89' lang='lat' dir='ltr'><strong>loci</strong></span> <span class='ocrx_word' id='word_1_58' title='bbox 599 558 816 592; x_wconf 74' lang='lat' dir='ltr'><strong>explicationem.</strong></span> <span class='ocrx_word' id='word_1_59' title='bbox 833 558 930 586; x_wconf 86' lang='lat' dir='ltr'><strong>Noster</strong></span> <span class='ocrx_word' id='word_1_60' title='bbox 945 560 1016 587; x_wconf 88' lang='lat' dir='ltr'><strong>enim</strong></span> 
     </span>
    </p>
   </div>
   <div class='ocr_carea' id='block_1_11' title="bbox 238 602 1017 639">
    <p class='ocr_par' dir='ltr' id='par_1_11' title="bbox 238 602 1017 639">
     <span class='ocr_line' id='line_1_11' title="bbox 238 602 1017 639; baseline 0.004 -9"><span class='ocrx_word' id='word_1_61' title='bbox 238 602 397 631; x_wconf 79' lang='lat' dir='ltr'><strong>Eustathius</strong></span> <span class='ocrx_word' id='word_1_62' title='bbox 418 611 479 630; x_wconf 89' lang='lat' dir='ltr'><strong>cum</strong></span> <span class='ocrx_word' id='word_1_63' title='bbox 503 603 530 630; x_wconf 93' lang='lat' dir='ltr'><strong>in</strong></span> <span class='ocrx_word' id='word_1_64' title='bbox 556 603 646 631; x_wconf 85' lang='lat' dir='ltr'><strong>verbis</strong></span> <span class='ocrx_word' id='word_1_65' title='bbox 666 605 853 639; x_wconf 83' lang='lat' dir='ltr'><strong>superioribus</strong></span> <span class='ocrx_word' id='word_1_66' title='bbox 878 605 1017 633; x_wconf 80' lang='lat' dir='ltr'><strong>videretur</strong></span> 
     </span>
    </p>
   </div>
   <div class='ocr_carea' id='block_1_12' title="bbox 236 649 1016 686">
    <p class='ocr_par' dir='ltr' id='par_1_12' title="bbox 236 649 1016 686">
     <span class='ocr_line' id='line_1_12' title="bbox 236 649 1016 686; baseline 0.005 -11"><span class='ocrx_word' id='word_1_67' title='bbox 236 650 331 676; x_wconf 80' lang='lat' dir='ltr'><strong>nescio</strong></span> <span class='ocrx_word' id='word_1_68' title='bbox 341 649 477 684; x_wconf 85' lang='lat' dir='ltr'><strong>quomodo</strong></span> <span class='ocrx_word' id='word_1_69' title='bbox 486 668 493 681; x_wconf 91' lang='lat'><strong>,</strong></span> <span class='ocrx_word' id='word_1_70' title='bbox 505 649 625 676; x_wconf 88' lang='lat' dir='ltr'><strong>animum</strong></span> <span class='ocrx_word' id='word_1_71' title='bbox 641 650 728 677; x_wconf 88' lang='lat' dir='ltr'><strong>brutis</strong></span> <span class='ocrx_word' id='word_1_72' title='bbox 749 651 954 686; x_wconf 86' lang='lat' dir='ltr'><strong>pecudibusque</strong></span> <span class='ocrx_word' id='word_1_73' title='bbox 967 652 1016 679; x_wconf 84' lang='lat' dir='ltr'><strong>de-</strong></span> 
     </span>
    </p>
   </div>
   <div class='ocr_carea' id='block_1_13' title="bbox 238 695 1016 729">
    <p class='ocr_par' dir='ltr' id='par_1_13' title="bbox 238 695 1016 729">
     <span class='ocr_line' id='line_1_13' title="bbox 238 695 1016 729; baseline 0.006 -9"><span class='ocrx_word' id='word_1_74' title='bbox 238 701 362 729; x_wconf 80' lang='lat' dir='ltr'><strong>negasse,</strong></span> <span class='ocrx_word' id='word_1_75' title='bbox 375 698 401 722; x_wconf 89' lang='lat' dir='ltr'><strong>et</strong></span> <span class='ocrx_word' id='word_1_76' title='bbox 415 699 518 722; x_wconf 90' lang='lat' dir='ltr'><strong>tantum</strong></span> <span class='ocrx_word' id='word_1_77' title='bbox 541 702 650 722; x_wconf 85' lang='lat' dir='ltr'><strong>sensum</strong></span> <span class='ocrx_word' id='word_1_78' title='bbox 678 695 732 724; x_wconf 91' lang='lat' dir='ltr'><strong>illis</strong></span> <span class='ocrx_word' id='word_1_79' title='bbox 745 696 913 729; x_wconf 86' lang='lat' dir='ltr'><strong>attribuisse,</strong></span> <span class='ocrx_word' id='word_1_80' title='bbox 932 698 959 724; x_wconf 93' lang='lat' dir='ltr'><strong>in</strong></span> <span class='ocrx_word' id='word_1_81' title='bbox 975 697 1016 726; x_wconf 81' lang='lat' dir='ltr'><strong>liis</strong></span> 
     </span>
    </p>
   </div>
   <div class='ocr_carea' id='block_1_14' title="bbox 236 739 1014 777">
    <p class='ocr_par' dir='ltr' id='par_1_14' title="bbox 236 739 1014 777">
     <span class='ocr_line' id='line_1_14' title="bbox 236 739 1014 777; baseline 0.005 -11"><span class='ocrx_word' id='word_1_82' title='bbox 236 746 269 767; x_wconf 82' lang='lat' dir='ltr'><strong>se</strong></span> <span class='ocrx_word' id='word_1_83' title='bbox 277 739 403 775; x_wconf 82' lang='lat' dir='ltr'><strong>explicat,</strong></span> <span class='ocrx_word' id='word_1_84' title='bbox 415 739 448 767; x_wconf 89' lang='lat' dir='ltr'><strong>de</strong></span> <span class='ocrx_word' id='word_1_85' title='bbox 459 747 574 775; x_wconf 87' lang='lat' dir='ltr'><strong>quonam</strong></span> <span class='ocrx_word' id='word_1_86' title='bbox 590 748 681 769; x_wconf 86' lang='lat' dir='ltr'><strong>annuo</strong></span> <span class='ocrx_word' id='word_1_87' title='bbox 691 743 853 777; x_wconf 77' lang='lat' dir='ltr'><strong>loquebatur</strong></span> <span class='ocrx_word' id='word_1_88' title='bbox 863 752 871 777; x_wconf 91' lang='lat'><strong>;</strong></span> <span class='ocrx_word' id='word_1_89' title='bbox 883 744 921 770; x_wconf 91' lang='lat' dir='ltr'><strong>ait</strong></span> <span class='ocrx_word' id='word_1_90' title='bbox 931 744 1014 777; x_wconf 83' lang='lat' dir='ltr'><strong>enim,</strong></span> 
     </span>
    </p>
   </div>
   <div class='ocr_carea' id='block_1_15' title="bbox 236 785 1016 821">
    <p class='ocr_par' dir='ltr' id='par_1_15' title="bbox 236 785 1016 821">
     <span class='ocr_line' id='line_1_15' title="bbox 236 785 1016 821; baseline 0.009 -10"><span class='ocrx_word' id='word_1_91' title='bbox 236 785 364 812; x_wconf 74' lang='lat' dir='ltr'><strong>animalia</strong></span> <span class='ocrx_word' id='word_1_92' title='bbox 381 785 447 817; x_wconf 73' lang='lat' dir='ltr'><strong>haec,</strong></span> <span class='ocrx_word' id='word_1_93' title='bbox 469 794 530 821; x_wconf 72' lang='lat' dir='ltr'><strong>qua:</strong></span> <span class='ocrx_word' id='word_1_94' title='bbox 555 794 666 814; x_wconf 85' lang='lat' dir='ltr'><strong>sensum</strong></span> <span class='ocrx_word' id='word_1_95' title='bbox 691 795 745 815; x_wconf 86' lang='lat' dir='ltr'><strong>una</strong></span> <span class='ocrx_word' id='word_1_96' title='bbox 770 796 832 816; x_wconf 91' lang='lat' dir='ltr'><strong>eum</strong></span> <span class='ocrx_word' id='word_1_97' title='bbox 860 789 1016 818; x_wconf 87' lang='lat' dir='ltr'><strong>hominibus</strong></span> 
     </span>
    </p>
   </div>
   <div class='ocr_carea' id='block_1_16' title="bbox 235 831 1015 871">
    <p class='ocr_par' dir='ltr' id='par_1_16' title="bbox 235 831 1015 871">
     <span class='ocr_line' id='line_1_16' title="bbox 235 831 1015 871; baseline 0.008 -13"><span class='ocrx_word' id='word_1_98' title='bbox 235 837 406 858; x_wconf 84' lang='lat' dir='ltr'><strong>communem</strong></span> <span class='ocrx_word' id='word_1_99' title='bbox 423 831 532 864; x_wconf 82' lang='lat' dir='ltr'><strong>habent,</strong></span> <span class='ocrx_word' id='word_1_100' title='bbox 544 840 599 860; x_wconf 89' lang='lat' dir='ltr'><strong>non</strong></span> <span class='ocrx_word' id='word_1_101' title='bbox 611 838 700 862; x_wconf 84' lang='lat' dir='ltr'><strong>tamen</strong></span> <span class='ocrx_word' id='word_1_102' title='bbox 725 834 847 870; x_wconf 80' lang='lat' dir='ltr'><strong>ejusdem</strong></span> <span class='ocrx_word' id='word_1_103' title='bbox 871 836 1015 871; x_wconf 81' lang='lat' dir='ltr'><strong>perfectio-</strong></span> 
     </span>
    </p>
   </div>
   <div class='ocr_carea' id='block_1_17' title="bbox 235 877 1015 918">
    <p class='ocr_par' dir='ltr' id='par_1_17' title="bbox 235 877 1015 918">
     <span class='ocr_line' id='line_1_17' title="bbox 235 877 1015 918; baseline 0.009 -14"><span class='ocrx_word' id='word_1_104' title='bbox 235 877 280 905; x_wconf 89' lang='lat' dir='ltr'><strong>nis</strong></span> <span class='ocrx_word' id='word_1_105' title='bbox 308 878 439 910; x_wconf 85' lang='lat' dir='ltr'><strong>animum,</strong></span> <span class='ocrx_word' id='word_1_106' title='bbox 469 880 560 906; x_wconf 86' lang='lat' dir='ltr'><strong>vivere</strong></span> <span class='ocrx_word' id='word_1_107' title='bbox 585 883 613 906; x_wconf 90' lang='lat' dir='ltr'><strong>et</strong></span> <span class='ocrx_word' id='word_1_108' title='bbox 643 881 746 908; x_wconf 80' lang='lat' dir='ltr'><strong>moveri</strong></span> <span class='ocrx_word' id='word_1_109' title='bbox 776 889 830 908; x_wconf 89' lang='lat' dir='ltr'><strong>non</strong></span> <span class='ocrx_word' id='word_1_110' title='bbox 855 888 931 910; x_wconf 90' lang='lat' dir='ltr'><strong>motu</strong></span> <span class='ocrx_word' id='word_1_111' title='bbox 961 891 1015 918; x_wconf 90' lang='lat' dir='ltr'><strong>quo</strong></span> 
     </span>
    </p>
   </div>
   <div class='ocr_carea' id='block_1_18' title="bbox 235 923 1014 962">
    <p class='ocr_par' dir='ltr' id='par_1_18' title="bbox 235 923 1014 962">
     <span class='ocr_line' id='line_1_18' title="bbox 235 923 1014 962; baseline 0.009 -13"><span class='ocrx_word' id='word_1_112' title='bbox 235 927 377 951; x_wconf 85' lang='lat' dir='ltr'><strong>moventur</strong></span> <span class='ocrx_word' id='word_1_113' title='bbox 394 923 536 958; x_wconf 88' lang='lat' dir='ltr'><strong>homines;</strong></span> <span class='ocrx_word' id='word_1_114' title='bbox 548 929 613 952; x_wconf 92' lang='lat' dir='ltr'><strong>tunc</strong></span> <span class='ocrx_word' id='word_1_115' title='bbox 628 926 699 953; x_wconf 92' lang='lat' dir='ltr'><strong>enim</strong></span> <span class='ocrx_word' id='word_1_116' title='bbox 711 933 737 954; x_wconf 89' lang='lat' dir='ltr'><strong>et</strong></span> <span class='ocrx_word' id='word_1_117' title='bbox 753 928 882 962; x_wconf 55' lang='lat' dir='ltr'><strong>aqualem</strong></span> <span class='ocrx_word' id='word_1_118' title='bbox 895 929 1014 957; x_wconf 92' lang='lat' dir='ltr'><strong>animum</strong></span> 
     </span>
    </p>
   </div>
   <div class='ocr_carea' id='block_1_19' title="bbox 235 968 1013 1008">
    <p class='ocr_par' dir='ltr' id='par_1_19' title="bbox 235 968 1013 1008">
     <span class='ocr_line' id='line_1_19' title="bbox 235 968 1013 1008; baseline 0.008 -14"><span class='ocrx_word' id='word_1_119' title='bbox 235 968 439 1003; x_wconf 86' lang='lat' dir='ltr'><strong>participarent.</strong></span> <span class='ocrx_word' id='word_1_120' title='bbox 455 969 524 996; x_wconf 81' lang='lat' dir='ltr'><strong>Cum</strong></span> <span class='ocrx_word' id='word_1_121' title='bbox 546 970 626 998; x_wconf 89' lang='lat' dir='ltr'><strong>homo</strong></span> <span class='ocrx_word' id='word_1_122' title='bbox 641 979 695 998; x_wconf 91' lang='lat' dir='ltr'><strong>non</strong></span> <span class='ocrx_word' id='word_1_123' title='bbox 713 971 879 1007; x_wconf 78' lang='lat' dir='ltr'><strong>intelligatur</strong></span> <span class='ocrx_word' id='word_1_124' title='bbox 897 981 1013 1008; x_wconf 87' lang='lat' dir='ltr'><strong>unquam</strong></span> 
     </span>
    </p>
   </div>
   <div class='ocr_carea' id='block_1_20' title="bbox 234 1014 1014 1053">
    <p class='ocr_par' dir='ltr' id='par_1_20' title="bbox 234 1014 1014 1053">
     <span class='ocr_line' id='line_1_20' title="bbox 234 1014 1014 1053; baseline 0.006 -13"><span class='ocrx_word' id='word_1_125' title='bbox 234 1014 349 1053; x_wconf 74' lang='lat' dir='ltr'><strong>moveri,</strong></span> <span class='ocrx_word' id='word_1_126' title='bbox 365 1015 417 1042; x_wconf 87' lang='lat' dir='ltr'><strong>nisi</strong></span> <span class='ocrx_word' id='word_1_127' title='bbox 434 1015 540 1043; x_wconf 86' lang='lat' dir='ltr'><strong>ratione</strong></span> <span class='ocrx_word' id='word_1_128' title='bbox 565 1020 590 1043; x_wconf 90' lang='lat' dir='ltr'><strong>et</strong></span> <span class='ocrx_word' id='word_1_129' title='bbox 618 1017 670 1051; x_wconf 79' lang='lat' dir='ltr'><strong>line</strong></span> <span class='ocrx_word' id='word_1_130' title='bbox 696 1017 785 1052; x_wconf 92' lang='lat' dir='ltr'><strong>primo</strong></span> <span class='ocrx_word' id='word_1_131' title='bbox 814 1018 848 1045; x_wconf 90' lang='lat' dir='ltr'><strong>ab</strong></span> <span class='ocrx_word' id='word_1_132' title='bbox 876 1018 1014 1046; x_wconf 85' lang='lat' dir='ltr'><strong>intellectu</strong></span> 
     </span>
    </p>
   </div>
   <div class='ocr_carea' id='block_1_21' title="bbox 233 1059 1014 1099">
    <p class='ocr_par' dir='ltr' id='par_1_21' title="bbox 233 1059 1014 1099">
     <span class='ocr_line' id='line_1_21' title="bbox 233 1059 1014 1099; baseline 0.008 -14"><span class='ocrx_word' id='word_1_133' title='bbox 233 1066 282 1094; x_wconf 89' lang='lat' dir='ltr'><strong>per</strong></span> <span class='ocrx_word' id='word_1_134' title='bbox 295 1059 450 1088; x_wconf 87' lang='lat' dir='ltr'><strong>discursum</strong></span> <span class='ocrx_word' id='word_1_135' title='bbox 463 1061 624 1097; x_wconf 85' lang='lat' dir='ltr'><strong>sibimetipsi</strong></span> <span class='ocrx_word' id='word_1_136' title='bbox 639 1063 790 1098; x_wconf 87' lang='lat' dir='ltr'><strong>proposito,</strong></span> <span class='ocrx_word' id='word_1_137' title='bbox 807 1064 878 1099; x_wconf 87' lang='lat' dir='ltr'><strong>quod</strong></span> <span class='ocrx_word' id='word_1_138' title='bbox 891 1064 1014 1091; x_wconf 89' lang='lat' dir='ltr'><strong>animan-</strong></span> 
     </span>
    </p>
   </div>
   <div class='ocr_carea' id='block_1_22' title="bbox 234 1105 1015 1145">
    <p class='ocr_par' dir='ltr' id='par_1_22' title="bbox 234 1105 1015 1145">
     <span class='ocr_line' id='line_1_22' title="bbox 234 1105 1015 1145; baseline 0.006 -13"><span class='ocrx_word' id='word_1_139' title='bbox 234 1105 308 1133; x_wconf 88' lang='lat' dir='ltr'><strong>tibus</strong></span> <span class='ocrx_word' id='word_1_140' title='bbox 319 1106 423 1133; x_wconf 65' lang='lat' dir='ltr'><strong>cmteris</strong></span> <span class='ocrx_word' id='word_1_141' title='bbox 439 1107 550 1134; x_wconf 91' lang='lat' dir='ltr'><strong>omnino</strong></span> <span class='ocrx_word' id='word_1_142' title='bbox 566 1115 619 1134; x_wconf 94' lang='lat' dir='ltr'><strong>non</strong></span> <span class='ocrx_word' id='word_1_143' title='bbox 637 1109 765 1136; x_wconf 85' lang='lat' dir='ltr'><strong>convenit</strong></span> <span class='ocrx_word' id='word_1_144' title='bbox 781 1119 787 1136; x_wconf 86' lang='lat'><strong>:</strong></span> <span class='ocrx_word' id='word_1_145' title='bbox 806 1110 864 1144; x_wconf 87' lang='lat' dir='ltr'><strong>ipsa</strong></span> <span class='ocrx_word' id='word_1_146' title='bbox 879 1110 951 1137; x_wconf 93' lang='lat' dir='ltr'><strong>enim</strong></span> <span class='ocrx_word' id='word_1_147' title='bbox 966 1118 1015 1145; x_wconf 83' lang='lat' dir='ltr'><strong>ap-</strong></span> 
     </span>
    </p>
   </div>
   <div class='ocr_carea' id='block_1_23' title="bbox 233 1151 1013 1189">
    <p class='ocr_par' dir='ltr' id='par_1_23' title="bbox 233 1151 1013 1189">
     <span class='ocr_line' id='line_1_23' title="bbox 233 1151 1013 1189; baseline 0.009 -12"><span class='ocrx_word' id='word_1_148' title='bbox 233 1151 316 1185; x_wconf 89' lang='lat' dir='ltr'><strong>petitu</strong></span> <span class='ocrx_word' id='word_1_149' title='bbox 344 1156 462 1183; x_wconf 89' lang='lat' dir='ltr'><strong>tantum,</strong></span> <span class='ocrx_word' id='word_1_150' title='bbox 483 1157 509 1180; x_wconf 91' lang='lat' dir='ltr'><strong>et</strong></span> <span class='ocrx_word' id='word_1_151' title='bbox 537 1153 728 1188; x_wconf 79' lang='lat' dir='ltr'><strong>imaginatione</strong></span> <span class='ocrx_word' id='word_1_152' title='bbox 757 1161 909 1184; x_wconf 84' lang='lat' dir='ltr'><strong>moventur.</strong></span> <span class='ocrx_word' id='word_1_153' title='bbox 936 1156 1013 1189; x_wconf 85' lang='lat' dir='ltr'><strong>Quod</strong></span> 
     </span>
    </p>
   </div>
   <div class='ocr_carea' id='block_1_24' title="bbox 233 1197 1014 1231">
    <p class='ocr_par' dir='ltr' id='par_1_24' title="bbox 233 1197 1014 1231">
     <span class='ocr_line' id='line_1_24' title="bbox 233 1197 1014 1231; baseline 0.008 -8"><span class='ocrx_word' id='word_1_154' title='bbox 233 1197 312 1224; x_wconf 89' lang='lat' dir='ltr'><strong>nobis</strong></span> <span class='ocrx_word' id='word_1_155' title='bbox 326 1203 422 1224; x_wconf 89' lang='lat' dir='ltr'><strong>auctor</strong></span> <span class='ocrx_word' id='word_1_156' title='bbox 433 1198 531 1231; x_wconf 85' lang='lat' dir='ltr'><strong>innuit,</strong></span> <span class='ocrx_word' id='word_1_157' title='bbox 543 1198 606 1225; x_wconf 89' lang='lat' dir='ltr'><strong>dum</strong></span> <span class='ocrx_word' id='word_1_158' title='bbox 621 1200 687 1226; x_wconf 86' lang='lat' dir='ltr'><strong>dicit</strong></span> <span class='ocrx_word' id='word_1_159' title='bbox 702 1210 708 1227; x_wconf 74' lang='grc' dir='ltr'>ε</span> <span class='ocrx_word' id='word_1_160' title='bbox 733 1200 795 1228; x_wconf 69' lang='lat' dir='ltr'><strong>Haec</strong></span> <span class='ocrx_word' id='word_1_161' title='bbox 818 1202 945 1228; x_wconf 85' lang='lat' dir='ltr'><strong>animalia</strong></span> <span class='ocrx_word' id='word_1_162' title='bbox 969 1202 1014 1229; x_wconf 81' lang='lat' dir='ltr'><strong>lio-</strong></span> 
     </span>
    </p>
   </div>
   <div class='ocr_carea' id='block_1_25' title="bbox 232 1237 1013 1281">
    <p class='ocr_par' dir='ltr' id='par_1_25' title="bbox 232 1237 1013 1281">
     <span class='ocr_line' id='line_1_25' title="bbox 232 1237 1013 1281; baseline 0.005 -11"><span class='ocrx_word' id='word_1_163' title='bbox 232 1243 304 1271; x_wconf 88' lang='lat' dir='ltr'><strong>Iuine</strong></span> <span class='ocrx_word' id='word_1_164' title='bbox 319 1237 408 1271; x_wconf 73' lang='lat' dir='ltr'><strong>minus</strong></span> <span class='ocrx_word' id='word_1_165' title='bbox 423 1244 594 1279; x_wconf 77' lang='lat' dir='ltr'><strong>perfectiora,</strong></span> <span class='ocrx_word' id='word_1_166' title='bbox 610 1250 714 1272; x_wconf 52' lang='lat' dir='ltr'><strong>natura!</strong></span> <span class='ocrx_word' id='word_1_167' title='bbox 724 1247 749 1272; x_wconf 89' lang='lat' dir='ltr'><strong>vi</strong></span> <span class='ocrx_word' id='word_1_168' title='bbox 759 1247 886 1281; x_wconf 87' lang='lat' dir='ltr'><strong>quadam,</strong></span> <span class='ocrx_word' id='word_1_169' title='bbox 901 1248 1013 1281; x_wconf 75' lang='lat' dir='ltr'><strong>sangui-</strong></span> 
     </span>
    </p>
   </div>
   <div class='ocr_carea' id='block_1_26' title="bbox 232 1290 1013 1326">
    <p class='ocr_par' dir='ltr' id='par_1_26' title="bbox 232 1290 1013 1326">
     <span class='ocr_line' id='line_1_26' title="bbox 232 1290 1013 1326; baseline 0.003 -10"><span class='ocrx_word' id='word_1_170' title='bbox 232 1296 266 1316; x_wconf 90' lang='lat' dir='ltr'><strong>ne</strong></span> <span class='ocrx_word' id='word_1_171' title='bbox 287 1293 367 1324; x_wconf 89' lang='lat' dir='ltr'><strong>atque</strong></span> <span class='ocrx_word' id='word_1_172' title='bbox 386 1297 447 1317; x_wconf 87' lang='lat' dir='ltr'><strong>aere</strong></span> <span class='ocrx_word' id='word_1_173' title='bbox 462 1290 615 1325; x_wconf 88' lang='lat' dir='ltr'><strong>impellente</strong></span> <span class='ocrx_word' id='word_1_174' title='bbox 632 1291 686 1326; x_wconf 83' lang='lat' dir='ltr'><strong>agi.</strong></span> <span class='ocrx_word' id='word_1_175' title='bbox 699 1291 735 1319; x_wconf 88' lang='lat' dir='ltr'><strong>De</strong></span> <span class='ocrx_word' id='word_1_176' title='bbox 749 1299 831 1318; x_wconf 79' lang='lat' dir='ltr'><strong>causa</strong></span> <span class='ocrx_word' id='word_1_177' title='bbox 848 1296 936 1319; x_wconf 85' lang='lat' dir='ltr'><strong>motus</strong></span> <span class='ocrx_word' id='word_1_178' title='bbox 953 1293 1013 1318; x_wconf 82' lang='lat' dir='ltr'><strong>ani-</strong></span> 
     </span>
    </p>
   </div>
   <div class='ocr_carea' id='block_1_27' title="bbox 232 1337 1012 1370">
    <p class='ocr_par' dir='ltr' id='par_1_27' title="bbox 232 1337 1012 1370">
     <span class='ocr_line' id='line_1_27' title="bbox 232 1337 1012 1370; baseline 0.004 -7"><span class='ocrx_word' id='word_1_179' title='bbox 232 1337 343 1364; x_wconf 87' lang='lat' dir='ltr'><strong>malium</strong></span> <span class='ocrx_word' id='word_1_180' title='bbox 360 1337 530 1367; x_wconf 85' lang='lat' dir='ltr'><strong>Aristoteles.</strong></span> <span class='ocrx_word' id='word_1_181' title='bbox 552 1338 599 1364; x_wconf 88' lang='lat' dir='ltr'><strong>lib.</strong></span> <span class='ocrx_word' id='word_1_182' title='bbox 617 1346 659 1369; x_wconf 86' lang='grc' dir='ltr'><strong>ιιι,</strong></span> <span class='ocrx_word' id='word_1_183' title='bbox 676 1338 714 1365; x_wconf 82' lang='lat' dir='ltr'><strong>De</strong></span> <span class='ocrx_word' id='word_1_184' title='bbox 729 1339 829 1370; x_wconf 83' lang='lat' dir='ltr'><strong>animo,</strong></span> <span class='ocrx_word' id='word_1_185' title='bbox 843 1343 908 1366; x_wconf 86' lang='lat' dir='ltr'><strong>text.</strong></span> <span class='ocrx_word' id='word_1_186' title='bbox 925 1339 969 1370; x_wconf 67' lang='grc'><strong>48.</strong></span> <span class='ocrx_word' id='word_1_187' title='bbox 986 1343 1012 1367; x_wconf 87' lang='lat' dir='ltr'><strong>et</strong></span> 
     </span>
    </p>
   </div>
   <div class='ocr_carea' id='block_1_28' title="bbox 233 1381 1010 1419">
    <p class='ocr_par' dir='ltr' id='par_1_28' title="bbox 233 1381 1010 1419">
     <span class='ocr_line' id='line_1_28' title="bbox 233 1381 1010 1419; baseline 0.004 -10"><span class='ocrx_word' id='word_1_188' title='bbox 233 1387 356 1417; x_wconf 80' lang='lat' dir='ltr'><strong>scquent.</strong></span> <span class='ocrx_word' id='word_1_189' title='bbox 365 1381 472 1409; x_wconf 78' lang='lat' dir='ltr'><strong>Relellit</strong></span> <span class='ocrx_word' id='word_1_190' title='bbox 483 1383 574 1417; x_wconf 87' lang='lat' dir='ltr'><strong>itaque</strong></span> <span class='ocrx_word' id='word_1_191' title='bbox 589 1384 630 1411; x_wconf 87' lang='lat' dir='ltr'><strong>his</strong></span> <span class='ocrx_word' id='word_1_192' title='bbox 641 1384 731 1412; x_wconf 86' lang='lat' dir='ltr'><strong>verbis</strong></span> <span class='ocrx_word' id='word_1_193' title='bbox 741 1392 833 1411; x_wconf 88' lang='lat' dir='ltr'><strong>eorum</strong></span> <span class='ocrx_word' id='word_1_194' title='bbox 845 1385 1010 1419; x_wconf 89' lang='lat' dir='ltr'><strong>opinionem,</strong></span> 
     </span>
    </p>
   </div>
   <div class='ocr_carea' id='block_1_29' title="bbox 231 1427 1009 1461">
    <p class='ocr_par' dir='ltr' id='par_1_29' title="bbox 231 1427 1009 1461">
     <span class='ocr_line' id='line_1_29' title="bbox 231 1427 1009 1461; baseline 0.006 -9"><span class='ocrx_word' id='word_1_195' title='bbox 231 1427 278 1461; x_wconf 85' lang='lat' dir='ltr'><strong>qui</strong></span> <span class='ocrx_word' id='word_1_196' title='bbox 294 1427 381 1454; x_wconf 87' lang='lat' dir='ltr'><strong>brutis</strong></span> <span class='ocrx_word' id='word_1_197' title='bbox 399 1428 512 1455; x_wconf 79' lang='lat' dir='ltr'><strong>rationis</strong></span> <span class='ocrx_word' id='word_1_198' title='bbox 526 1428 580 1454; x_wconf 80' lang='lat' dir='ltr'><strong>vim</strong></span> <span class='ocrx_word' id='word_1_199' title='bbox 599 1432 626 1454; x_wconf 89' lang='lat' dir='ltr'><strong>et</strong></span> <span class='ocrx_word' id='word_1_200' title='bbox 643 1429 796 1456; x_wconf 90' lang='lat' dir='ltr'><strong>discursum</strong></span> <span class='ocrx_word' id='word_1_201' title='bbox 818 1431 1009 1458; x_wconf 82' lang='lat' dir='ltr'><strong>attribuerunt.</strong></span> 
     </span>
    </p>
   </div>
   <div class='ocr_carea' id='block_1_30' title="bbox 232 1467 1009 1508">
    <p class='ocr_par' dir='ltr' id='par_1_30' title="bbox 232 1467 1009 1508">
     <span class='ocr_line' id='line_1_30' title="bbox 232 1467 1009 1508; baseline 0.005 -10"><span class='ocrx_word' id='word_1_202' title='bbox 232 1467 411 1508; x_wconf 69' lang='lat' dir='ltr'><strong>Porphyrius,</strong></span> <span class='ocrx_word' id='word_1_203' title='bbox 423 1473 469 1500; x_wconf 89' lang='lat' dir='ltr'><strong>lib.</strong></span> <span class='ocrx_word' id='word_1_204' title='bbox 487 1481 527 1504; x_wconf 86' lang='lat' dir='ltr'><strong>tu,</strong></span> <span class='ocrx_word' id='word_1_205' title='bbox 542 1473 580 1500; x_wconf 83' lang='lat' dir='ltr'><strong>De</strong></span> <span class='ocrx_word' id='word_1_206' title='bbox 596 1475 752 1501; x_wconf 76' lang='lat' dir='ltr'><strong>abstinentia</strong></span> <span class='ocrx_word' id='word_1_207' title='bbox 767 1475 799 1501; x_wconf 86' lang='lat' dir='ltr'><strong>ab</strong></span> <span class='ocrx_word' id='word_1_208' title='bbox 815 1483 859 1502; x_wconf 72' lang='lat' dir='ltr'><strong>esu</strong></span> <span class='ocrx_word' id='word_1_209' title='bbox 879 1469 1009 1508; x_wconf 60' lang='lat' dir='ltr'><strong>carnium,</strong></span> 
     </span>
    </p>
   </div>
   <div class='ocr_carea' id='block_1_31' title="bbox 232 1520 1010 1556">
    <p class='ocr_par' dir='ltr' id='par_1_31' title="bbox 232 1520 1010 1556">
     <span class='ocr_line' id='line_1_31' title="bbox 232 1520 1010 1556; baseline 0.005 -11"><span class='ocrx_word' id='word_1_210' title='bbox 232 1520 339 1550; x_wconf 79' lang='lat' dir='ltr'><strong>statuit,</strong></span> <span class='ocrx_word' id='word_1_211' title='bbox 355 1523 477 1546; x_wconf 87' lang='lat' dir='ltr'><strong>naturam</strong></span> <span class='ocrx_word' id='word_1_212' title='bbox 488 1520 613 1548; x_wconf 91' lang='lat' dir='ltr'><strong>omnibus</strong></span> <span class='ocrx_word' id='word_1_213' title='bbox 631 1521 825 1553; x_wconf 84' lang='lat' dir='ltr'><strong>animantibus.</strong></span> <span class='ocrx_word' id='word_1_214' title='bbox 837 1522 936 1556; x_wconf 89' lang='lat' dir='ltr'><strong>quibus</strong></span> <span class='ocrx_word' id='word_1_215' title='bbox 948 1529 1010 1549; x_wconf 90' lang='lat' dir='ltr'><strong>sen-</strong></span> 
     </span>
    </p>
   </div>
   <div class='ocr_carea' id='block_1_32' title="bbox 232 1565 1009 1602">
    <p class='ocr_par' dir='ltr' id='par_1_32' title="bbox 232 1565 1009 1602">
     <span class='ocr_line' id='line_1_32' title="bbox 232 1565 1009 1602; baseline 0.004 -11"><span class='ocrx_word' id='word_1_216' title='bbox 232 1573 292 1592; x_wconf 88' lang='lat' dir='ltr'><strong>sum</strong></span> <span class='ocrx_word' id='word_1_217' title='bbox 309 1569 336 1592; x_wconf 91' lang='lat' dir='ltr'><strong>et</strong></span> <span class='ocrx_word' id='word_1_218' title='bbox 354 1565 510 1592; x_wconf 83' lang='lat' dir='ltr'><strong>memoriam</strong></span> <span class='ocrx_word' id='word_1_219' title='bbox 522 1565 606 1599; x_wconf 85' lang='lat' dir='ltr'><strong>dedit,</strong></span> <span class='ocrx_word' id='word_1_220' title='bbox 622 1566 752 1593; x_wconf 87' lang='lat' dir='ltr'><strong>rationem</strong></span> <span class='ocrx_word' id='word_1_221' title='bbox 770 1575 888 1602; x_wconf 84' lang='lat' dir='ltr'><strong>quoque,</strong></span> <span class='ocrx_word' id='word_1_222' title='bbox 909 1568 964 1594; x_wconf 84' lang='lat' dir='ltr'><strong>imo</strong></span> <span class='ocrx_word' id='word_1_223' title='bbox 983 1572 1009 1596; x_wconf 93' lang='lat' dir='ltr'><strong>et</strong></span> 
     </span>
    </p>
   </div>
   <div class='ocr_carea' id='block_1_33' title="bbox 231 1612 1008 1647">
    <p class='ocr_par' dir='ltr' id='par_1_33' title="bbox 231 1612 1008 1647">
     <span class='ocr_line' id='line_1_33' title="bbox 231 1612 1008 1647; baseline 0.006 -10"><span class='ocrx_word' id='word_1_224' title='bbox 231 1612 391 1643; x_wconf 87' lang='lat' dir='ltr'><strong>orationem,</strong></span> <span class='ocrx_word' id='word_1_225' title='bbox 411 1615 465 1638; x_wconf 87' lang='lat' dir='ltr'><strong>tam</strong></span> <span class='ocrx_word' id='word_1_226' title='bbox 483 1612 615 1639; x_wconf 88' lang='lat' dir='ltr'><strong>internam</strong></span> <span class='ocrx_word' id='word_1_227' title='bbox 627 1620 706 1647; x_wconf 87' lang='lat' dir='ltr'><strong>quam</strong></span> <span class='ocrx_word' id='word_1_228' title='bbox 719 1616 858 1640; x_wconf 84' lang='lat' dir='ltr'><strong>externam</strong></span> <span class='ocrx_word' id='word_1_229' title='bbox 870 1613 1008 1646; x_wconf 84' lang='lat' dir='ltr'><strong>tribuisse,</strong></span> 
     </span>
    </p>
   </div>
   <div class='ocr_carea' id='block_1_34' title="bbox 231 1657 1010 1693">
    <p class='ocr_par' dir='ltr' id='par_1_34' title="bbox 231 1657 1010 1693">
     <span class='ocr_line' id='line_1_34' title="bbox 231 1657 1010 1693; baseline 0.003 -9"><span class='ocrx_word' id='word_1_230' title='bbox 231 1657 311 1692; x_wconf 84' lang='lat' dir='ltr'><strong>idque</strong></span> <span class='ocrx_word' id='word_1_231' title='bbox 325 1657 448 1692; x_wconf 86' lang='lat' dir='ltr'><strong>pluribus</strong></span> <span class='ocrx_word' id='word_1_232' title='bbox 463 1659 639 1692; x_wconf 77' lang='lat' dir='ltr'><strong>argumentis,</strong></span> <span class='ocrx_word' id='word_1_233' title='bbox 652 1663 678 1685; x_wconf 88' lang='lat' dir='ltr'><strong>et</strong></span> <span class='ocrx_word' id='word_1_234' title='bbox 693 1658 874 1693; x_wconf 85' lang='lat' dir='ltr'><strong>Empedoclis,</strong></span> <span class='ocrx_word' id='word_1_235' title='bbox 890 1659 1010 1687; x_wconf 84' lang='lat' dir='ltr'><strong>Platonis</strong></span> 
     </span>
    </p>
   </div>
   <div class='ocr_carea' id='block_1_35' title="bbox 230 1703 1006 1734">
    <p class='ocr_par' dir='ltr' id='par_1_35' title="bbox 230 1703 1006 1734">
     <span class='ocr_line' id='line_1_35' title="bbox 230 1703 1006 1734; baseline 0.003 -4"><span class='ocrx_word' id='word_1_236' title='bbox 230 1706 257 1730; x_wconf 91' lang='lat' dir='ltr'><strong>et</strong></span> <span class='ocrx_word' id='word_1_237' title='bbox 272 1703 426 1731; x_wconf 88' lang='lat' dir='ltr'><strong>Aristotelis</strong></span> <span class='ocrx_word' id='word_1_238' title='bbox 444 1704 523 1731; x_wconf 88' lang='lat' dir='ltr'><strong>etiam</strong></span> <span class='ocrx_word' id='word_1_239' title='bbox 540 1704 704 1732; x_wconf 90' lang='lat' dir='ltr'><strong>testimoniis</strong></span> <span class='ocrx_word' id='word_1_240' title='bbox 717 1709 833 1732; x_wconf 85' lang='lat' dir='ltr'><strong>conatur</strong></span> <span class='ocrx_word' id='word_1_241' title='bbox 854 1706 1006 1734; x_wconf 82' lang='lat' dir='ltr'><strong>ostendere.</strong></span> 
     </span>
    </p>
   </div>
   <div class='ocr_carea' id='block_1_36' title="bbox 230 1749 1006 1787">
    <p class='ocr_par' dir='ltr' id='par_1_36' title="bbox 230 1749 1006 1787">
     <span class='ocr_line' id='line_1_36' title="bbox 230 1749 1006 1787; baseline 0.004 -11"><span class='ocrx_word' id='word_1_242' title='bbox 230 1749 404 1780; x_wconf 84' lang='lat' dir='ltr'><strong>Plutarchus,</strong></span> <span class='ocrx_word' id='word_1_243' title='bbox 418 1750 465 1776; x_wconf 87' lang='lat' dir='ltr'><strong>lib.</strong></span> <span class='ocrx_word' id='word_1_244' title='bbox 475 1756 491 1777; x_wconf 83' lang='lat' dir='ltr'><strong>v</strong></span> <span class='ocrx_word' id='word_1_245' title='bbox 504 1749 542 1777; x_wconf 81' lang='lat' dir='ltr'><strong>De</strong></span> <span class='ocrx_word' id='word_1_246' title='bbox 557 1751 672 1785; x_wconf 77' lang='lat' dir='ltr'><strong>placitis,</strong></span> <span class='ocrx_word' id='word_1_247' title='bbox 685 1758 744 1785; x_wconf 81' lang='lat' dir='ltr'><strong>cap.</strong></span> <span class='ocrx_word' id='word_1_248' title='bbox 756 1751 1006 1787; x_wconf 74' lang='lat' dir='ltr'><strong>9.0,Anaxagoram,</strong></span> 
     </span>
    </p>
   </div>
   <div class='ocr_carea' id='block_1_37' title="bbox 229 1795 1008 1833">
    <p class='ocr_par' dir='ltr' id='par_1_37' title="bbox 229 1795 1008 1833">
     <span class='ocr_line' id='line_1_37' title="bbox 229 1795 1008 1833; baseline 0.005 -11"><span class='ocrx_word' id='word_1_249' title='bbox 229 1799 256 1822; x_wconf 78' lang='lat' dir='ltr'><strong>et</strong></span> <span class='ocrx_word' id='word_1_250' title='bbox 272 1795 450 1831; x_wconf 80' lang='lat' dir='ltr'><strong>Pythagoram</strong></span> <span class='ocrx_word' id='word_1_251' title='bbox 467 1795 536 1823; x_wconf 88' lang='lat' dir='ltr'><strong>idem</strong></span> <span class='ocrx_word' id='word_1_252' title='bbox 553 1797 672 1824; x_wconf 86' lang='lat' dir='ltr'><strong>sensisse</strong></span> <span class='ocrx_word' id='word_1_253' title='bbox 691 1801 817 1829; x_wconf 84' lang='lat' dir='ltr'><strong>testatur,</strong></span> <span class='ocrx_word' id='word_1_254' title='bbox 834 1798 932 1831; x_wconf 76' lang='lat' dir='ltr'><strong>quibus</strong></span> <span class='ocrx_word' id='word_1_255' title='bbox 950 1799 1008 1833; x_wconf 89' lang='lat' dir='ltr'><strong>ipse</strong></span> 
     </span>
    </p>
   </div>
   <div class='ocr_carea' id='block_1_38' title="bbox 229 1841 1007 1876">
    <p class='ocr_par' dir='ltr' id='par_1_38' title="bbox 229 1841 1007 1876">
     <span class='ocr_line' id='line_1_38' title="bbox 229 1841 1007 1876; baseline 0.001 -8"><span class='ocrx_word' id='word_1_256' title='bbox 229 1841 392 1876; x_wconf 82' lang='lat' dir='ltr'><strong>sull&#39;ragatur</strong></span> <span class='ocrx_word' id='word_1_257' title='bbox 408 1842 434 1868; x_wconf 94' lang='lat' dir='ltr'><strong>in</strong></span> <span class='ocrx_word' id='word_1_258' title='bbox 453 1841 563 1876; x_wconf 82' lang='lat' dir='ltr'><strong>Dialogo</strong></span> <span class='ocrx_word' id='word_1_259' title='bbox 574 1849 653 1876; x_wconf 83' lang='lat' dir='ltr'><strong>quem</strong></span> <span class='ocrx_word' id='word_1_260' title='bbox 666 1842 813 1876; x_wconf 79' lang='lat' dir='ltr'><strong>inscripsit,</strong></span> <span class='ocrx_word' id='word_1_261' title='bbox 829 1843 905 1876; x_wconf 85' lang='lat' dir='ltr'><strong>Quod</strong></span> <span class='ocrx_word' id='word_1_262' title='bbox 924 1844 1007 1870; x_wconf 78' lang='lat' dir='ltr'><strong>brutis</strong></span> 
     </span>
    </p>
   </div>
   <div class='ocr_carea' id='block_1_39' title="bbox 229 1888 1008 1924">
    <p class='ocr_par' dir='ltr' id='par_1_39' title="bbox 229 1888 1008 1924">
     <span class='ocr_line' id='line_1_39' title="bbox 229 1888 1008 1924; baseline 0.001 -9"><span class='ocrx_word' id='word_1_263' title='bbox 229 1889 298 1915; x_wconf 81' lang='lat' dir='ltr'><strong>ratio</strong></span> <span class='ocrx_word' id='word_1_264' title='bbox 316 1889 390 1915; x_wconf 73' lang='lat' dir='ltr'><strong>insit.</strong></span> <span class='ocrx_word' id='word_1_265' title='bbox 408 1888 467 1921; x_wconf 92' lang='lat' dir='ltr'><strong>Quo</strong></span> <span class='ocrx_word' id='word_1_266' title='bbox 492 1888 557 1922; x_wconf 92' lang='lat' dir='ltr'><strong>quid</strong></span> <span class='ocrx_word' id='word_1_267' title='bbox 582 1888 750 1916; x_wconf 84' lang='lat' dir='ltr'><strong>absurdius?</strong></span> <span class='ocrx_word' id='word_1_268' title='bbox 772 1888 837 1924; x_wconf 90' lang='lat' dir='ltr'><strong>quid</strong></span> <span class='ocrx_word' id='word_1_269' title='bbox 860 1889 1008 1917; x_wconf 78' lang='lat' dir='ltr'><strong>insulsius?</strong></span> 
     </span>
    </p>
   </div>
   <div class='ocr_carea' id='block_1_40' title="bbox 229 1933 1007 1970">
    <p class='ocr_par' dir='ltr' id='par_1_40' title="bbox 229 1933 1007 1970">
     <span class='ocr_line' id='line_1_40' title="bbox 229 1933 1007 1970; baseline 0.001 -9"><span class='ocrx_word' id='word_1_270' title='bbox 229 1933 356 1962; x_wconf 84' lang='lat' dir='ltr'><strong>Plurimis</strong></span> <span class='ocrx_word' id='word_1_271' title='bbox 369 1934 519 1962; x_wconf 81' lang='lat' dir='ltr'><strong>rationibus</strong></span> <span class='ocrx_word' id='word_1_272' title='bbox 530 1933 601 1960; x_wconf 87' lang='lat' dir='ltr'><strong>hanc</strong></span> <span class='ocrx_word' id='word_1_273' title='bbox 616 1934 778 1961; x_wconf 87' lang='lat' dir='ltr'><strong>sententiam</strong></span> <span class='ocrx_word' id='word_1_274' title='bbox 799 1935 927 1962; x_wconf 80' lang='lat' dir='ltr'><strong>refellunt</strong></span> <span class='ocrx_word' id='word_1_275' title='bbox 947 1936 1007 1970; x_wconf 70' lang='lat' dir='ltr'><strong>plai-</strong></span> 
     </span>
    </p>
   </div>
   <div class='ocr_carea' id='block_1_41' title="bbox 228 1979 1004 2015">
    <p class='ocr_par' dir='ltr' id='par_1_41' title="bbox 228 1979 1004 2015">
     <span class='ocr_line' id='line_1_41' title="bbox 228 1979 1004 2015; baseline 0.003 -9"><span class='ocrx_word' id='word_1_276' title='bbox 228 1980 333 2015; x_wconf 89' lang='lat' dir='ltr'><strong>losophi</strong></span> <span class='ocrx_word' id='word_1_277' title='bbox 358 1979 428 2014; x_wconf 86' lang='lat' dir='ltr'><strong>apud</strong></span> <span class='ocrx_word' id='word_1_278' title='bbox 447 1979 628 2010; x_wconf 89' lang='lat' dir='ltr'><strong>Aristotelem,</strong></span> <span class='ocrx_word' id='word_1_279' title='bbox 646 1987 724 2014; x_wconf 91' lang='lat' dir='ltr'><strong>quos,</strong></span> <span class='ocrx_word' id='word_1_280' title='bbox 741 1979 764 2006; x_wconf 90' lang='lat' dir='ltr'><strong>si</strong></span> <span class='ocrx_word' id='word_1_281' title='bbox 784 1980 859 2013; x_wconf 83' lang='lat' dir='ltr'><strong>libet,</strong></span> <span class='ocrx_word' id='word_1_282' title='bbox 882 1981 1004 2008; x_wconf 89' lang='lat' dir='ltr'><strong>consule.</strong></span> 
     </span>
    </p>
   </div>
   <div class='ocr_carea' id='block_1_42' title="bbox 227 2024 849 2060">
    <p class='ocr_par' dir='ltr' id='par_1_42' title="bbox 227 2024 849 2060">
     <span class='ocr_line' id='line_1_42' title="bbox 227 2024 849 2060; baseline 0.002 -9"><span class='ocrx_word' id='word_1_283' title='bbox 227 2024 311 2052; x_wconf 84' lang='lat' dir='ltr'><strong>Nobis</strong></span> <span class='ocrx_word' id='word_1_284' title='bbox 321 2025 361 2052; x_wconf 87' lang='lat' dir='ltr'><strong>vel</strong></span> <span class='ocrx_word' id='word_1_285' title='bbox 378 2025 491 2060; x_wconf 87' lang='lat' dir='ltr'><strong>hujusce</strong></span> <span class='ocrx_word' id='word_1_286' title='bbox 503 2024 542 2051; x_wconf 88' lang='lat' dir='ltr'><strong>rei</strong></span> <span class='ocrx_word' id='word_1_287' title='bbox 554 2025 709 2052; x_wconf 89' lang='lat' dir='ltr'><strong>meminisse</strong></span> <span class='ocrx_word' id='word_1_288' title='bbox 723 2025 790 2053; x_wconf 86' lang='lat' dir='ltr'><strong>satis</strong></span> <span class='ocrx_word' id='word_1_289' title='bbox 805 2025 849 2052; x_wconf 87' lang='lat' dir='ltr'><strong>sit.</strong></span> 
     </span>
    </p>
   </div>
   <div class='ocr_carea' id='block_1_43' title="bbox 262 2068 1005 2103">
    <p class='ocr_par' dir='ltr' id='par_1_43' title="bbox 262 2068 1005 2103">
     <span class='ocr_line' id='line_1_43' title="bbox 262 2068 1005 2103; baseline 0 -6"><span class='ocrx_word' id='word_1_290' title='bbox 262 2069 341 2102; x_wconf 85' lang='lat' dir='ltr'><strong>lbid.,</strong></span> <span class='ocrx_word' id='word_1_291' title='bbox 366 2069 414 2096; x_wconf 90' lang='lat' dir='ltr'><strong>lin.</strong></span> <span class='ocrx_word' id='word_1_292' title='bbox 444 2070 487 2096; x_wconf 83' lang='lat' dir='ltr'><strong>ll.</strong></span> <span class='ocrx_word' id='word_1_293' title='bbox 507 2070 589 2095; x_wconf 83' lang='grc' dir='ltr'><strong>Ἔστι</strong></span> <span class='ocrx_word' id='word_1_294' title='bbox 612 2068 646 2096; x_wconf 72' lang='grc' dir='ltr'><strong>δὲ</strong></span> <span class='ocrx_word' id='word_1_295' title='bbox 668 2070 714 2096; x_wconf 75' lang='grc' dir='ltr'><strong>καὶ</strong></span> <span class='ocrx_word' id='word_1_296' title='bbox 737 2071 772 2097; x_wconf 85' lang='grc' dir='ltr'><strong>ἐν</strong></span> <span class='ocrx_word' id='word_1_297' title='bbox 792 2070 904 2103; x_wconf 80' lang='grc' dir='ltr'><strong>αὐτοῖς.</strong></span> <span class='ocrx_word' id='word_1_298' title='bbox 935 2070 1005 2098; x_wconf 86' lang='lat' dir='ltr'><strong>Sane</strong></span> 
     </span>
    </p>
   </div>
   <div class='ocr_carea' id='block_1_44' title="bbox 228 2116 1003 2152">
    <p class='ocr_par' dir='ltr' id='par_1_44' title="bbox 228 2116 1003 2152">
     <span class='ocr_line' id='line_1_44' title="bbox 228 2116 1003 2152; baseline 0.003 -10"><span class='ocrx_word' id='word_1_299' title='bbox 228 2116 410 2152; x_wconf 65' lang='lat' dir='ltr'><strong>pulcherrima</strong></span> <span class='ocrx_word' id='word_1_300' title='bbox 423 2120 463 2143; x_wconf 89' lang='lat' dir='ltr'><strong>est</strong></span> <span class='ocrx_word' id='word_1_301' title='bbox 474 2116 530 2143; x_wconf 68' lang='lat' dir='ltr'><strong>haec</strong></span> <span class='ocrx_word' id='word_1_302' title='bbox 549 2116 684 2151; x_wconf 74' lang='lat' dir='ltr'><strong>digressio</strong></span> <span class='ocrx_word' id='word_1_303' title='bbox 701 2116 728 2143; x_wconf 87' lang='lat' dir='ltr'><strong>in</strong></span> <span class='ocrx_word' id='word_1_304' title='bbox 743 2125 807 2151; x_wconf 85' lang='lat' dir='ltr'><strong>qua,</strong></span> <span class='ocrx_word' id='word_1_305' title='bbox 823 2125 856 2144; x_wconf 87' lang='lat' dir='ltr'><strong>ex</strong></span> <span class='ocrx_word' id='word_1_306' title='bbox 875 2117 1003 2145; x_wconf 89' lang='lat' dir='ltr'><strong>omnibus</strong></span> 
     </span>
    </p>
   </div>
   <div class='ocr_carea' id='block_1_45' title="bbox 227 2162 1005 2198">
    <p class='ocr_par' dir='ltr' id='par_1_45' title="bbox 227 2162 1005 2198">
     <span class='ocr_line' id='line_1_45' title="bbox 227 2162 1005 2198; baseline 0.001 -8"><span class='ocrx_word' id='word_1_307' title='bbox 227 2164 308 2190; x_wconf 89' lang='lat' dir='ltr'><strong>rebus</strong></span> <span class='ocrx_word' id='word_1_308' title='bbox 320 2171 334 2190; x_wconf 91' lang='lat' dir='ltr'><strong>a</strong></span> <span class='ocrx_word' id='word_1_309' title='bbox 353 2162 407 2190; x_wconf 89' lang='lat' dir='ltr'><strong>Deo</strong></span> <span class='ocrx_word' id='word_1_310' title='bbox 425 2163 523 2190; x_wconf 87' lang='lat' dir='ltr'><strong>creatis</strong></span> <span class='ocrx_word' id='word_1_311' title='bbox 538 2164 564 2190; x_wconf 91' lang='lat' dir='ltr'><strong>in</strong></span> <span class='ocrx_word' id='word_1_312' title='bbox 587 2163 639 2190; x_wconf 86' lang='lat' dir='ltr'><strong>hoc</strong></span> <span class='ocrx_word' id='word_1_313' title='bbox 659 2163 771 2194; x_wconf 88' lang='lat' dir='ltr'><strong>mundo,</strong></span> <span class='ocrx_word' id='word_1_314' title='bbox 788 2169 915 2190; x_wconf 70' lang='lat' dir='ltr'><strong>:eternam</strong></span> <span class='ocrx_word' id='word_1_315' title='bbox 932 2164 1005 2198; x_wconf 89' lang='lat' dir='ltr'><strong>ejus-</strong></span> 
     </span>
    </p>
   </div>
   <div class='ocr_carea' id='block_1_46' title="bbox 226 2208 1005 2242">
    <p class='ocr_par' dir='ltr' id='par_1_46' title="bbox 226 2208 1005 2242">
     <span class='ocr_line' id='line_1_46' title="bbox 226 2208 1005 2242; baseline -0.001 -6"><span class='ocrx_word' id='word_1_316' title='bbox 226 2209 286 2236; x_wconf 86' lang='lat' dir='ltr'><strong>dem</strong></span> <span class='ocrx_word' id='word_1_317' title='bbox 301 2208 347 2235; x_wconf 88' lang='lat' dir='ltr'><strong>Dei</strong></span> <span class='ocrx_word' id='word_1_318' title='bbox 362 2209 388 2235; x_wconf 91' lang='lat' dir='ltr'><strong>in</strong></span> <span class='ocrx_word' id='word_1_319' title='bbox 403 2208 459 2235; x_wconf 72' lang='lat' dir='ltr'><strong>haec</strong></span> <span class='ocrx_word' id='word_1_320' title='bbox 467 2208 599 2235; x_wconf 80' lang='lat' dir='ltr'><strong>inferiora</strong></span> <span class='ocrx_word' id='word_1_321' title='bbox 614 2208 809 2242; x_wconf 84' lang='lat' dir='ltr'><strong>providentiam</strong></span> <span class='ocrx_word' id='word_1_322' title='bbox 830 2209 1005 2236; x_wconf 83' lang='lat' dir='ltr'><strong>validissimis</strong></span> 
     </span>
    </p>
   </div>
   <div class='ocr_carea' id='block_1_47' title="bbox 226 2253 1006 2288">
    <p class='ocr_par' dir='ltr' id='par_1_47' title="bbox 226 2253 1006 2288">
     <span class='ocr_line' id='line_1_47' title="bbox 226 2253 1006 2288; baseline 0 -7"><span class='ocrx_word' id='word_1_323' title='bbox 226 2254 378 2282; x_wconf 87' lang='lat' dir='ltr'><strong>rationibus</strong></span> <span class='ocrx_word' id='word_1_324' title='bbox 393 2253 551 2287; x_wconf 82' lang='lat' dir='ltr'><strong>conﬁrmat;</strong></span> <span class='ocrx_word' id='word_1_325' title='bbox 565 2257 591 2281; x_wconf 80' lang='lat' dir='ltr'><strong>et</strong></span> <span class='ocrx_word' id='word_1_326' title='bbox 602 2261 661 2288; x_wconf 64' lang='lat' dir='ltr'><strong>quae</strong></span> <span class='ocrx_word' id='word_1_327' title='bbox 674 2254 718 2280; x_wconf 88' lang='lat' dir='ltr'><strong>alii</strong></span> <span class='ocrx_word' id='word_1_328' title='bbox 738 2254 825 2288; x_wconf 80' lang='lat' dir='ltr'><strong>longis</strong></span> <span class='ocrx_word' id='word_1_329' title='bbox 849 2261 880 2280; x_wconf 91' lang='lat' dir='ltr'><strong>ac</strong></span> <span class='ocrx_word' id='word_1_330' title='bbox 891 2254 1006 2281; x_wconf 83' lang='lat' dir='ltr'><strong>divulsis</strong></span> 
     </span>
    </p>
   </div>
   <div class='ocr_carea' id='block_1_48' title="bbox 226 2299 1006 2334">
    <p class='ocr_par' dir='ltr' id='par_1_48' title="bbox 226 2299 1006 2334">
     <span class='ocr_line' id='line_1_48' title="bbox 226 2299 1006 2334; baseline 0.001 -9"><span class='ocrx_word' id='word_1_331' title='bbox 226 2299 370 2326; x_wconf 88' lang='lat' dir='ltr'><strong>verborum</strong></span> <span class='ocrx_word' id='word_1_332' title='bbox 386 2299 544 2330; x_wconf 87' lang='lat' dir='ltr'><strong>structuris,</strong></span> <span class='ocrx_word' id='word_1_333' title='bbox 559 2299 602 2334; x_wconf 91' lang='lat' dir='ltr'><strong>pie</strong></span> <span class='ocrx_word' id='word_1_334' title='bbox 617 2304 708 2326; x_wconf 90' lang='lat' dir='ltr'><strong>tamen</strong></span> <span class='ocrx_word' id='word_1_335' title='bbox 720 2302 934 2334; x_wconf 87' lang='lat' dir='ltr'><strong>pertractarunt,</strong></span> <span class='ocrx_word' id='word_1_336' title='bbox 948 2300 1006 2334; x_wconf 87' lang='lat' dir='ltr'><strong>ipse</strong></span> 
     </span>
    </p>
   </div>
   <div class='ocr_carea' id='block_1_49' title="bbox 225 2346 1005 2382">
    <p class='ocr_par' dir='ltr' id='par_1_49' title="bbox 225 2346 1005 2382">
     <span class='ocr_line' id='line_1_49' title="bbox 225 2346 1005 2382; baseline 0.001 -10"><span class='ocrx_word' id='word_1_337' title='bbox 225 2346 416 2380; x_wconf 83' lang='lat' dir='ltr'><strong>compendiosa</strong></span> <span class='ocrx_word' id='word_1_338' title='bbox 436 2346 554 2382; x_wconf 87' lang='lat' dir='ltr'><strong>quadam</strong></span> <span class='ocrx_word' id='word_1_339' title='bbox 580 2351 800 2382; x_wconf 80' lang='lat' dir='ltr'><strong>argumentorum</strong></span> <span class='ocrx_word' id='word_1_340' title='bbox 841 2351 867 2374; x_wconf 87' lang='lat' dir='ltr'><strong>et</strong></span> <span class='ocrx_word' id='word_1_341' title='bbox 893 2346 1005 2373; x_wconf 88' lang='lat' dir='ltr'><strong>demon-</strong></span> 
     </span>
    </p>
   </div>
   <div class='ocr_carea' id='block_1_50' title="bbox 224 2392 1006 2425">
    <p class='ocr_par' dir='ltr' id='par_1_50' title="bbox 224 2392 1006 2425">
     <span class='ocr_line' id='line_1_50' title="bbox 224 2392 1006 2425; baseline 0.001 -7"><span class='ocrx_word' id='word_1_342' title='bbox 224 2392 385 2419; x_wconf 75' lang='lat' dir='ltr'><strong>strationum</strong></span> <span class='ocrx_word' id='word_1_343' title='bbox 415 2393 629 2425; x_wconf 85' lang='lat' dir='ltr'><strong>enumeratione,</strong></span> <span class='ocrx_word' id='word_1_344' title='bbox 658 2393 797 2420; x_wconf 89' lang='lat' dir='ltr'><strong>succincte</strong></span> <span class='ocrx_word' id='word_1_345' title='bbox 827 2399 859 2419; x_wconf 90' lang='lat' dir='ltr'><strong>ac</strong></span> <span class='ocrx_word' id='word_1_346' title='bbox 888 2392 1006 2419; x_wconf 79' lang='lat' dir='ltr'><strong>breviter</strong></span> 
     </span>
    </p>
   </div>
   <div class='ocr_carea' id='block_1_51' title="bbox 223 2437 1005 2474">
    <p class='ocr_par' dir='ltr' id='par_1_51' title="bbox 223 2437 1005 2474">
     <span class='ocr_line' id='line_1_51' title="bbox 223 2437 1005 2474; baseline 0 -9"><span class='ocrx_word' id='word_1_347' title='bbox 223 2446 254 2465; x_wconf 82' lang='lat' dir='ltr'><strong>er</strong></span> <span class='ocrx_word' id='word_1_348' title='bbox 259 2439 350 2473; x_wconf 87' lang='lat' dir='ltr'><strong>plicat.</strong></span> <span class='ocrx_word' id='word_1_349' title='bbox 363 2437 568 2473; x_wconf 83' lang='lat' dir='ltr'><strong>Elegantissime</strong></span> <span class='ocrx_word' id='word_1_350' title='bbox 576 2439 627 2466; x_wconf 91' lang='lat' dir='ltr'><strong>hoc</strong></span> <span class='ocrx_word' id='word_1_351' title='bbox 637 2443 823 2474; x_wconf 78' lang='lat' dir='ltr'><strong>argumentum</strong></span> <span class='ocrx_word' id='word_1_352' title='bbox 830 2438 1005 2473; x_wconf 84' lang='lat' dir='ltr'><strong>pertractavit</strong></span> 
     </span>
    </p>
   </div>
   <div class='ocr_carea' id='block_1_52' title="bbox 224 2483 1004 2519">
    <p class='ocr_par' dir='ltr' id='par_1_52' title="bbox 224 2483 1004 2519">
     <span class='ocr_line' id='line_1_52' title="bbox 224 2483 1004 2519; baseline 0.001 -8"><span class='ocrx_word' id='word_1_353' title='bbox 224 2483 412 2513; x_wconf 86' lang='lat' dir='ltr'><strong>Theodoretus</strong></span> <span class='ocrx_word' id='word_1_354' title='bbox 428 2485 521 2513; x_wconf 85' lang='lat' dir='ltr'><strong>decem</strong></span> <span class='ocrx_word' id='word_1_355' title='bbox 536 2485 718 2513; x_wconf 86' lang='lat' dir='ltr'><strong>sermonibus.</strong></span> <span class='ocrx_word' id='word_1_356' title='bbox 729 2485 818 2518; x_wconf 88' lang='lat' dir='ltr'><strong>Quare</strong></span> <span class='ocrx_word' id='word_1_357' title='bbox 837 2485 1004 2519; x_wconf 81' lang='lat' dir='ltr'><strong>superﬂuum</strong></span> 
     </span>
    </p>
   </div>
   <div class='ocr_carea' id='block_1_53' title="bbox 222 2531 1004 2559">
    <p class='ocr_par' dir='ltr' id='par_1_53' title="bbox 222 2531 1004 2559">
     <span class='ocr_line' id='line_1_53' title="bbox 222 2531 1004 2559; baseline 0.001 -2"><span class='ocrx_word' id='word_1_358' title='bbox 222 2531 287 2557; x_wconf 83' lang='lat' dir='ltr'><strong>Inibi</strong></span> <span class='ocrx_word' id='word_1_359' title='bbox 298 2531 402 2558; x_wconf 91' lang='lat' dir='ltr'><strong>videtur</strong></span> <span class='ocrx_word' id='word_1_360' title='bbox 417 2531 461 2558; x_wconf 88' lang='lat' dir='ltr'><strong>hic</strong></span> <span class='ocrx_word' id='word_1_361' title='bbox 474 2531 588 2558; x_wconf 89' lang='lat' dir='ltr'><strong>aliorum</strong></span> <span class='ocrx_word' id='word_1_362' title='bbox 606 2531 761 2558; x_wconf 89' lang='lat' dir='ltr'><strong>testimonia</strong></span> <span class='ocrx_word' id='word_1_363' title='bbox 775 2531 808 2558; x_wconf 88' lang='lat' dir='ltr'><strong>ad</strong></span> <span class='ocrx_word' id='word_1_364' title='bbox 826 2531 896 2558; x_wconf 88' lang='lat' dir='ltr'><strong>hanc</strong></span> <span class='ocrx_word' id='word_1_365' title='bbox 916 2532 1004 2559; x_wconf 90' lang='lat' dir='ltr'><strong>nostri</strong></span> 
     </span>
    </p>
   </div>
   <div class='ocr_carea' id='block_1_54' title="bbox 222 2577 1002 2614">
    <p class='ocr_par' dir='ltr' id='par_1_54' title="bbox 222 2577 1002 2614">
     <span class='ocr_line' id='line_1_54' title="bbox 222 2577 1002 2614; baseline 0.004 -11"><span class='ocrx_word' id='word_1_366' title='bbox 222 2577 341 2604; x_wconf 88' lang='lat' dir='ltr'><strong>auctoris</strong></span> <span class='ocrx_word' id='word_1_367' title='bbox 356 2578 517 2604; x_wconf 83' lang='lat' dir='ltr'><strong>sententiam</strong></span> <span class='ocrx_word' id='word_1_368' title='bbox 533 2578 698 2612; x_wconf 88' lang='lat' dir='ltr'><strong>probandam</strong></span> <span class='ocrx_word' id='word_1_369' title='bbox 712 2578 841 2606; x_wconf 86' lang='lat' dir='ltr'><strong>inserere.</strong></span> <span class='ocrx_word' id='word_1_370' title='bbox 851 2578 1002 2614; x_wconf 76' lang='lat' dir='ltr'><strong>Adjungam</strong></span> 
     </span>
    </p>
   </div>
   <div class='ocr_carea' id='block_1_55' title="bbox 222 2623 1001 2657">
    <p class='ocr_par' dir='ltr' id='par_1_55' title="bbox 222 2623 1001 2657">
     <span class='ocr_line' id='line_1_55' title="bbox 222 2623 1001 2657; baseline 0.004 -8"><span class='ocrx_word' id='word_1_371' title='bbox 222 2625 312 2650; x_wconf 84' lang='lat' dir='ltr'><strong>tamen</strong></span> <span class='ocrx_word' id='word_1_372' title='bbox 327 2624 371 2650; x_wconf 90' lang='lat' dir='ltr'><strong>hic</strong></span> <span class='ocrx_word' id='word_1_373' title='bbox 387 2624 524 2651; x_wconf 87' lang='lat' dir='ltr'><strong>corollarii</strong></span> <span class='ocrx_word' id='word_1_374' title='bbox 540 2625 600 2651; x_wconf 88' lang='lat' dir='ltr'><strong>loco</strong></span> <span class='ocrx_word' id='word_1_375' title='bbox 614 2625 695 2652; x_wconf 70' lang='lat' dir='ltr'><strong>verba</strong></span> <span class='ocrx_word' id='word_1_376' title='bbox 711 2625 845 2652; x_wconf 86' lang='lat' dir='ltr'><strong>Lactantii</strong></span> <span class='ocrx_word' id='word_1_377' title='bbox 862 2623 1001 2657; x_wconf 82' lang='lat' dir='ltr'><strong>Firmiani,</strong></span> 
     </span>
    </p>
   </div>
   <div class='ocr_carea' id='block_1_56' title="bbox 223 2668 1002 2706">
    <p class='ocr_par' dir='ltr' id='par_1_56' title="bbox 223 2668 1002 2706">
     <span class='ocr_line' id='line_1_56' title="bbox 223 2668 1002 2706; baseline 0.005 -11"><span class='ocrx_word' id='word_1_378' title='bbox 223 2668 262 2695; x_wconf 87' lang='lat' dir='ltr'><strong>De</strong></span> <span class='ocrx_word' id='word_1_379' title='bbox 276 2669 347 2703; x_wconf 72' lang='lat' dir='ltr'><strong>[also</strong></span> <span class='ocrx_word' id='word_1_380' title='bbox 361 2670 496 2705; x_wconf 83' lang='lat' dir='ltr'><strong>religione,</strong></span> <span class='ocrx_word' id='word_1_381' title='bbox 513 2677 573 2706; x_wconf 90' lang='lat' dir='ltr'><strong>cap.</strong></span> <span class='ocrx_word' id='word_1_382' title='bbox 590 2670 607 2697; x_wconf 75' lang='grc'><strong>2</strong></span> <span class='ocrx_word' id='word_1_383' title='bbox 624 2680 631 2698; x_wconf 70' lang='grc' dir='ltr'><strong><em>τ</em></strong></span> <span class='ocrx_word' id='word_1_384' title='bbox 650 2669 734 2698; x_wconf 84' lang='lat' dir='ltr'><strong>Nemo</strong></span> <span class='ocrx_word' id='word_1_385' title='bbox 751 2676 788 2698; x_wconf 79' lang='lat' dir='ltr'><strong>est</strong></span> <span class='ocrx_word' id='word_1_386' title='bbox 804 2673 871 2698; x_wconf 80' lang='lat' dir='ltr'><strong>enim</strong></span> <span class='ocrx_word' id='word_1_387' title='bbox 888 2677 941 2698; x_wconf 74' lang='lat' dir='ltr'><strong>tam</strong></span> <span class='ocrx_word' id='word_1_388' title='bbox 957 2681 1002 2699; x_wconf 85' lang='lat' dir='ltr'><strong>ru-</strong></span> 
     </span>
    </p>
   </div>
   <div class='ocr_carea' id='block_1_57' title="bbox 222 2714 1001 2752">
    <p class='ocr_par' dir='ltr' id='par_1_57' title="bbox 222 2714 1001 2752">
     <span class='ocr_line' id='line_1_57' title="bbox 222 2714 1001 2752; baseline 0.005 -12"><span class='ocrx_word' id='word_1_389' title='bbox 222 2714 275 2746; x_wconf 73' lang='lat' dir='ltr'><strong>dis,</strong></span> <span class='ocrx_word' id='word_1_390' title='bbox 288 2719 340 2742; x_wconf 88' lang='lat' dir='ltr'><strong>tam</strong></span> <span class='ocrx_word' id='word_1_391' title='bbox 356 2715 419 2749; x_wconf 79' lang='lat' dir='ltr'><strong>feris</strong></span> <span class='ocrx_word' id='word_1_392' title='bbox 442 2716 567 2750; x_wconf 79' lang='lat' dir='ltr'><strong>moribus,</strong></span> <span class='ocrx_word' id='word_1_393' title='bbox 580 2717 641 2752; x_wconf 81' lang='lat' dir='ltr'><strong>quin</strong></span> <span class='ocrx_word' id='word_1_394' title='bbox 659 2717 748 2744; x_wconf 77' lang='lat' dir='ltr'><strong>oculos</strong></span> <span class='ocrx_word' id='word_1_395' title='bbox 772 2726 833 2745; x_wconf 73' lang='lat' dir='ltr'><strong>suos</strong></span> <span class='ocrx_word' id='word_1_396' title='bbox 855 2718 882 2744; x_wconf 87' lang='lat' dir='ltr'><strong>in</strong></span> <span class='ocrx_word' id='word_1_397' title='bbox 910 2718 1001 2745; x_wconf 69' lang='lat' dir='ltr'><strong>uelum</strong></span> 
     </span>
    </p>
   </div>
   <div class='ocr_carea' id='block_1_58' title="bbox 224 2758 1002 2799">
    <p class='ocr_par' dir='ltr' id='par_1_58' title="bbox 224 2758 1002 2799">
     <span class='ocr_line' id='line_1_58' title="bbox 224 2758 1002 2799; baseline 0.008 -15"><span class='ocrx_word' id='word_1_398' title='bbox 224 2758 326 2791; x_wconf 75' lang='lat' dir='ltr'><strong>tollens,</strong></span> <span class='ocrx_word' id='word_1_399' title='bbox 341 2762 444 2788; x_wconf 80' lang='lat' dir='ltr'><strong>tametsi</strong></span> <span class='ocrx_word' id='word_1_400' title='bbox 459 2762 557 2788; x_wconf 78' lang='lat' dir='ltr'><strong>nesciat</strong></span> <span class='ocrx_word' id='word_1_401' title='bbox 572 2762 647 2796; x_wconf 72' lang='lat' dir='ltr'><strong>cujus</strong></span> <span class='ocrx_word' id='word_1_402' title='bbox 662 2762 710 2790; x_wconf 81' lang='lat' dir='ltr'><strong>Dei</strong></span> <span class='ocrx_word' id='word_1_403' title='bbox 721 2763 882 2797; x_wconf 78' lang='lat' dir='ltr'><strong>providentia</strong></span> <span class='ocrx_word' id='word_1_404' title='bbox 896 2769 1002 2799; x_wconf 81' lang='lat' dir='ltr'><strong>regatur</strong></span> 
     </span>
    </p>
   </div>
   <div class='ocr_carea' id='block_1_59' title="bbox 223 2803 1001 2842">
    <p class='ocr_par' dir='ltr' id='par_1_59' title="bbox 223 2803 1001 2842">
     <span class='ocr_line' id='line_1_59' title="bbox 223 2803 1001 2842; baseline 0.008 -13"><span class='ocrx_word' id='word_1_405' title='bbox 223 2803 271 2830; x_wconf 85' lang='lat' dir='ltr'><strong>hoc</strong></span> <span class='ocrx_word' id='word_1_406' title='bbox 285 2812 368 2836; x_wconf 85' lang='lat' dir='ltr'><strong>omne,</strong></span> <span class='ocrx_word' id='word_1_407' title='bbox 384 2805 451 2839; x_wconf 84' lang='lat' dir='ltr'><strong>quod</strong></span> <span class='ocrx_word' id='word_1_408' title='bbox 465 2808 589 2838; x_wconf 81' lang='lat' dir='ltr'><strong>cernitur,</strong></span> <span class='ocrx_word' id='word_1_409' title='bbox 603 2808 719 2842; x_wconf 85' lang='lat' dir='ltr'><strong>aliquam</strong></span> <span class='ocrx_word' id='word_1_410' title='bbox 735 2813 821 2835; x_wconf 82' lang='lat' dir='ltr'><strong>tamen</strong></span> <span class='ocrx_word' id='word_1_411' title='bbox 837 2817 892 2835; x_wconf 72' lang='lat' dir='ltr'><strong>esse</strong></span> <span class='ocrx_word' id='word_1_412' title='bbox 903 2809 1001 2835; x_wconf 81' lang='lat' dir='ltr'><strong>intelli-</strong></span> 
     </span>
    </p>
   </div>
   <div class='ocr_carea' id='block_1_60' title="bbox 225 2849 998 2888">
    <p class='ocr_par' dir='ltr' id='par_1_60' title="bbox 225 2849 998 2888">
     <span class='ocr_line' id='line_1_60' title="bbox 225 2849 998 2888; baseline 0.009 -14"><span class='ocrx_word' id='word_1_413' title='bbox 225 2853 268 2883; x_wconf 82' lang='lat' dir='ltr'><strong>gat</strong></span> <span class='ocrx_word' id='word_1_414' title='bbox 285 2856 318 2875; x_wconf 63' lang='lat' dir='ltr'><strong>ex</strong></span> <span class='ocrx_word' id='word_1_415' title='bbox 332 2849 387 2883; x_wconf 77' lang='lat' dir='ltr'><strong>ipsa</strong></span> <span class='ocrx_word' id='word_1_416' title='bbox 405 2858 488 2878; x_wconf 81' lang='lat' dir='ltr'><strong>rerum</strong></span> <span class='ocrx_word' id='word_1_417' title='bbox 511 2853 700 2886; x_wconf 80' lang='lat' dir='ltr'><strong>magnitudine,</strong></span> <span class='ocrx_word' id='word_1_418' title='bbox 719 2859 799 2886; x_wconf 79' lang='lat' dir='ltr'><strong>motu,</strong></span> <span class='ocrx_word' id='word_1_419' title='bbox 819 2854 998 2888; x_wconf 70' lang='lat' dir='ltr'><strong>dixposilione,</strong></span> 
     </span>
    </p>
   </div>
   <div class='ocr_carea' id='block_1_61' title="bbox 901 129 1175 157">
    <p class='ocr_par' dir='ltr' id='par_1_61' title="bbox 901 129 1175 157">
     <span class='ocr_line' id='line_1_61' title="bbox 901 129 1175 157; baseline 0 -1"><span class='ocrx_word' id='word_1_420' title='bbox 901 129 1023 157; x_wconf 71' lang='lat' dir='ltr'><strong>LEONIS</strong></span> <span class='ocrx_word' id='word_1_421' title='bbox 1041 129 1175 156; x_wconf 82' lang='lat' dir='ltr'><strong>ALLATII</strong></span> 
     </span>
    </p>
   </div>
   <div class='ocr_carea' id='block_1_62' title="bbox 1023 1542 1044 1569">
    <p class='ocr_par' dir='ltr' id='par_1_62' title="bbox 1023 1542 1044 1569">
     <span class='ocr_line' id='line_1_62' title="bbox 1023 1542 1044 1569; baseline 0 0"><span class='ocrx_word' id='word_1_422' title='bbox 1023 1542 1044 1569; x_wconf 89' lang='lat' dir='ltr'><strong><em>C</em></strong></span> 
     </span>
    </p>
   </div>
   <div class='ocr_carea' id='block_1_63' title="bbox 1805 134 1846 162">
    <p class='ocr_par' dir='ltr' id='par_1_63' title="bbox 1805 134 1846 162">
     <span class='ocr_line' id='line_1_63' title="bbox 1805 134 1846 162; baseline 0.024 -1"><span class='ocrx_word' id='word_1_423' title='bbox 1805 134 1846 162; x_wconf 70' lang='grc'><strong>921</strong></span> 
     </span>
    </p>
   </div>
   <div class='ocr_carea' id='block_1_64' title="bbox 1035 189 1846 225">
    <p class='ocr_par' dir='ltr' id='par_1_64' title="bbox 1035 189 1846 225">
     <span class='ocr_line' id='line_1_64' title="bbox 1035 189 1846 225; baseline 0.002 -9"><span class='ocrx_word' id='word_1_424' title='bbox 1035 189 1233 221; x_wconf 74' lang='grc' dir='ltr'><strong>Λιοηεῐαηιία,</strong></span> <span class='ocrx_word' id='word_1_425' title='bbox 1259 190 1384 221; x_wconf 81' lang='lat' dir='ltr'><strong>utilitate,</strong></span> <span class='ocrx_word' id='word_1_426' title='bbox 1411 189 1614 223; x_wconf 75' lang='lat' dir='ltr'><strong>pulchritudine,</strong></span> <span class='ocrx_word' id='word_1_427' title='bbox 1644 192 1846 225; x_wconf 77' lang='lat' dir='ltr'><strong>temperatione,</strong></span> 
     </span>
    </p>
   </div>
   <div class='ocr_carea' id='block_1_65' title="bbox 1069 235 1847 271">
    <p class='ocr_par' dir='ltr' id='par_1_65' title="bbox 1069 235 1847 271">
     <span class='ocr_line' id='line_1_65' title="bbox 1069 235 1847 271; baseline 0.004 -9"><span class='ocrx_word' id='word_1_428' title='bbox 1069 244 1115 262; x_wconf 90' lang='lat' dir='ltr'><strong>nec</strong></span> <span class='ocrx_word' id='word_1_429' title='bbox 1131 244 1207 270; x_wconf 76' lang='lat' dir='ltr'><strong>posse</strong></span> <span class='ocrx_word' id='word_1_430' title='bbox 1222 237 1280 270; x_wconf 74' lang='lat' dir='ltr'><strong>ﬁeri</strong></span> <span class='ocrx_word' id='word_1_431' title='bbox 1292 237 1355 271; x_wconf 81' lang='lat' dir='ltr'><strong>quin</strong></span> <span class='ocrx_word' id='word_1_432' title='bbox 1372 235 1399 262; x_wconf 82' lang='lat' dir='ltr'><strong>id</strong></span> <span class='ocrx_word' id='word_1_433' title='bbox 1409 236 1477 271; x_wconf 81' lang='lat' dir='ltr'><strong>quod</strong></span> <span class='ocrx_word' id='word_1_434' title='bbox 1489 237 1605 264; x_wconf 85' lang='lat' dir='ltr'><strong>mirabili</strong></span> <span class='ocrx_word' id='word_1_435' title='bbox 1622 239 1729 265; x_wconf 83' lang='lat' dir='ltr'><strong>ratione</strong></span> <span class='ocrx_word' id='word_1_436' title='bbox 1741 244 1847 270; x_wconf 70' lang='lat' dir='ltr'><strong>constat,</strong></span> 
     </span>
    </p>
   </div>
   <div class='ocr_carea' id='block_1_66' title="bbox 1068 282 1621 318">
    <p class='ocr_par' dir='ltr' id='par_1_66' title="bbox 1068 282 1621 318">
     <span class='ocr_line' id='line_1_66' title="bbox 1068 282 1621 318; baseline 0.005 -10"><span class='ocrx_word' id='word_1_437' title='bbox 1068 282 1181 309; x_wconf 83' lang='lat' dir='ltr'><strong>comilio</strong></span> <span class='ocrx_word' id='word_1_438' title='bbox 1195 282 1291 316; x_wconf 82' lang='lat' dir='ltr'><strong>majori</strong></span> <span class='ocrx_word' id='word_1_439' title='bbox 1307 282 1394 318; x_wconf 85' lang='lat' dir='ltr'><strong>aliquo</strong></span> <span class='ocrx_word' id='word_1_440' title='bbox 1406 284 1441 309; x_wconf 82' lang='lat' dir='ltr'><strong>sit</strong></span> <span class='ocrx_word' id='word_1_441' title='bbox 1455 284 1621 311; x_wconf 72' lang='lat' dir='ltr'><strong>instructum.</strong></span> 
     </span>
    </p>
   </div>
   <div class='ocr_carea' id='block_1_67' title="bbox 1104 328 1849 363">
    <p class='ocr_par' dir='ltr' id='par_1_67' title="bbox 1104 328 1849 363">
     <span class='ocr_line' id='line_1_67' title="bbox 1104 328 1849 363; baseline 0.004 -9"><span class='ocrx_word' id='word_1_442' title='bbox 1104 328 1172 355; x_wconf 90' lang='lat' dir='ltr'><strong>lbid.</strong></span> <span class='ocrx_word' id='word_1_443' title='bbox 1202 328 1250 354; x_wconf 91' lang='lat' dir='ltr'><strong>lin.</strong></span> <span class='ocrx_word' id='word_1_444' title='bbox 1276 328 1321 356; x_wconf 75' lang='lat'><strong>28.</strong></span> <span class='ocrx_word' id='word_1_445' title='bbox 1341 329 1402 355; x_wconf 87' lang='grc' dir='ltr'><strong>Ποῦ</strong></span> <span class='ocrx_word' id='word_1_446' title='bbox 1417 330 1507 363; x_wconf 72' lang='grc' dir='ltr'><strong>λόγος</strong></span> <span class='ocrx_word' id='word_1_447' title='bbox 1519 330 1588 363; x_wconf 74' lang='grc' dir='ltr'><strong>ἐρεῖ.</strong></span> <span class='ocrx_word' id='word_1_448' title='bbox 1613 329 1760 357; x_wconf 76' lang='lat' dir='ltr'><strong>Rationem</strong></span> <span class='ocrx_word' id='word_1_449' title='bbox 1786 331 1849 358; x_wconf 85' lang='lat' dir='ltr'><strong>bac</strong></span> 
     </span>
    </p>
   </div>
   <div class='ocr_carea' id='block_1_68' title="bbox 1068 373 1848 408">
    <p class='ocr_par' dir='ltr' id='par_1_68' title="bbox 1068 373 1848 408">
     <span class='ocr_line' id='line_1_68' title="bbox 1068 373 1848 408; baseline 0.003 -9"><span class='ocrx_word' id='word_1_450' title='bbox 1068 373 1139 404; x_wconf 80' lang='lat' dir='ltr'><strong>fuse,</strong></span> <span class='ocrx_word' id='word_1_451' title='bbox 1156 373 1389 407; x_wconf 87' lang='lat' dir='ltr'><strong>disertissimeque</strong></span> <span class='ocrx_word' id='word_1_452' title='bbox 1405 375 1577 408; x_wconf 83' lang='lat' dir='ltr'><strong>prosequitur</strong></span> <span class='ocrx_word' id='word_1_453' title='bbox 1601 374 1760 401; x_wconf 69' lang='lat' dir='ltr'><strong>lletlxodius</strong></span> <span class='ocrx_word' id='word_1_454' title='bbox 1774 373 1848 401; x_wconf 80' lang='lat' dir='ltr'><strong>Pata-</strong></span> 
     </span>
    </p>
   </div>
   <div class='ocr_carea' id='block_1_69' title="bbox 1069 418 1847 452">
    <p class='ocr_par' dir='ltr' id='par_1_69' title="bbox 1069 418 1847 452">
     <span class='ocr_line' id='line_1_69' title="bbox 1069 418 1847 452; baseline 0.003 -7"><span class='ocrx_word' id='word_1_455' title='bbox 1069 419 1169 450; x_wconf 88' lang='lat' dir='ltr'><strong>rensis,</strong></span> <span class='ocrx_word' id='word_1_456' title='bbox 1185 419 1233 446; x_wconf 89' lang='lat' dir='ltr'><strong>lib.</strong></span> <span class='ocrx_word' id='word_1_457' title='bbox 1247 418 1286 445; x_wconf 81' lang='lat' dir='ltr'><strong>De</strong></span> <span class='ocrx_word' id='word_1_458' title='bbox 1297 418 1378 446; x_wconf 77' lang='lat' dir='ltr'><strong>libero</strong></span> <span class='ocrx_word' id='word_1_459' title='bbox 1390 419 1510 452; x_wconf 81' lang='lat' dir='ltr'><strong>arbitrio,</strong></span> <span class='ocrx_word' id='word_1_460' title='bbox 1526 424 1621 448; x_wconf 86' lang='lat' dir='ltr'><strong>contra</strong></span> <span class='ocrx_word' id='word_1_461' title='bbox 1633 420 1847 452; x_wconf 74' lang='lat' dir='ltr'><strong>Valentinianus,</strong></span> 
     </span>
    </p>
   </div>
   <div class='ocr_carea' id='block_1_70' title="bbox 1067 465 1848 500">
    <p class='ocr_par' dir='ltr' id='par_1_70' title="bbox 1067 465 1848 500">
     <span class='ocr_line' id='line_1_70' title="bbox 1067 465 1848 500; baseline 0.001 -8"><span class='ocrx_word' id='word_1_462' title='bbox 1067 473 1147 500; x_wconf 88' lang='lat' dir='ltr'><strong>quem</strong></span> <span class='ocrx_word' id='word_1_463' title='bbox 1159 465 1230 497; x_wconf 85' lang='lat' dir='ltr'><strong>vide,</strong></span> <span class='ocrx_word' id='word_1_464' title='bbox 1239 469 1266 492; x_wconf 92' lang='lat' dir='ltr'><strong>et</strong></span> <span class='ocrx_word' id='word_1_465' title='bbox 1277 465 1398 493; x_wconf 75' lang='lat' dir='ltr'><strong>Cicero&quot;</strong></span> <span class='ocrx_word' id='word_1_466' title='bbox 1415 466 1451 493; x_wconf 88' lang='lat' dir='ltr'><strong>De</strong></span> <span class='ocrx_word' id='word_1_467' title='bbox 1458 470 1514 494; x_wconf 83' lang='lat' dir='ltr'><strong>nat.</strong></span> <span class='ocrx_word' id='word_1_468' title='bbox 1525 467 1643 493; x_wconf 79' lang='lat' dir='ltr'><strong>deorum.</strong></span> <span class='ocrx_word' id='word_1_469' title='bbox 1656 466 1736 499; x_wconf 86' lang='lat' dir='ltr'><strong>Quod</strong></span> <span class='ocrx_word' id='word_1_470' title='bbox 1749 467 1848 494; x_wconf 78' lang='lat' dir='ltr'><strong>Aristo-</strong></span> 
     </span>
    </p>
   </div>
   <div class='ocr_carea' id='block_1_71' title="bbox 1068 511 1848 548">
    <p class='ocr_par' dir='ltr' id='par_1_71' title="bbox 1068 511 1848 548">
     <span class='ocr_line' id='line_1_71' title="bbox 1068 511 1848 548; baseline 0 -10"><span class='ocrx_word' id='word_1_471' title='bbox 1068 511 1146 538; x_wconf 83' lang='lat' dir='ltr'><strong>telem</strong></span> <span class='ocrx_word' id='word_1_472' title='bbox 1164 519 1279 546; x_wconf 80' lang='lat' dir='ltr'><strong>negasse</strong></span> <span class='ocrx_word' id='word_1_473' title='bbox 1300 511 1382 538; x_wconf 82' lang='lat' dir='ltr'><strong>refert</strong></span> <span class='ocrx_word' id='word_1_474' title='bbox 1396 512 1502 539; x_wconf 88' lang='lat' dir='ltr'><strong>Atticus</strong></span> <span class='ocrx_word' id='word_1_475' title='bbox 1514 513 1584 548; x_wconf 89' lang='lat' dir='ltr'><strong>apud</strong></span> <span class='ocrx_word' id='word_1_476' title='bbox 1599 512 1762 544; x_wconf 82' lang='lat' dir='ltr'><strong>Eusebium,</strong></span> <span class='ocrx_word' id='word_1_477' title='bbox 1781 513 1848 548; x_wconf 82' lang='grc' dir='ltr'><strong>’Δρι-</strong></span> 
     </span>
    </p>
   </div>
   <div class='ocr_carea' id='block_1_72' title="bbox 1068 556 1849 593">
    <p class='ocr_par' dir='ltr' id='par_1_72' title="bbox 1068 556 1849 593">
     <span class='ocr_line' id='line_1_72' title="bbox 1068 556 1849 593; baseline 0.004 -10"><span class='ocrx_word' id='word_1_478' title='bbox 1068 556 1196 592; x_wconf 85' lang='grc' dir='ltr'><strong>στοτέλης</strong></span> <span class='ocrx_word' id='word_1_479' title='bbox 1217 556 1298 592; x_wconf 83' lang='grc' dir='ltr'><strong>μέχρι</strong></span> <span class='ocrx_word' id='word_1_480' title='bbox 1319 557 1430 593; x_wconf 83' lang='grc' dir='ltr'><strong>σελήνης</strong></span> <span class='ocrx_word' id='word_1_481' title='bbox 1452 558 1552 593; x_wconf 81' lang='grc' dir='ltr'><strong>στήσας</strong></span> <span class='ocrx_word' id='word_1_482' title='bbox 1572 559 1603 584; x_wconf 85' lang='grc' dir='ltr'><strong>τὸ</strong></span> <span class='ocrx_word' id='word_1_483' title='bbox 1616 558 1706 589; x_wconf 77' lang='grc' dir='ltr'><strong>Θεῖον,</strong></span> <span class='ocrx_word' id='word_1_484' title='bbox 1724 559 1759 585; x_wconf 82' lang='grc' dir='ltr'><strong>τὰ</strong></span> <span class='ocrx_word' id='word_1_485' title='bbox 1774 558 1849 586; x_wconf 75' lang='grc' dir='ltr'><strong>λοιπὰ</strong></span> 
     </span>
    </p>
   </div>
   <div class='ocr_carea' id='block_1_73' title="bbox 1066 602 1765 639">
    <p class='ocr_par' dir='ltr' id='par_1_73' title="bbox 1066 602 1765 639">
     <span class='ocr_line' id='line_1_73' title="bbox 1066 602 1765 639; baseline 0.004 -11"><span class='ocrx_word' id='word_1_486' title='bbox 1066 602 1114 629; x_wconf 84' lang='grc' dir='ltr'><strong>τοῦ</strong></span> <span class='ocrx_word' id='word_1_487' title='bbox 1130 603 1231 638; x_wconf 77' lang='grc' dir='ltr'><strong>κόσμου</strong></span> <span class='ocrx_word' id='word_1_488' title='bbox 1248 603 1411 638; x_wconf 76' lang='grc' dir='ltr'><strong>περιγράφει</strong></span> <span class='ocrx_word' id='word_1_489' title='bbox 1421 604 1470 639; x_wconf 82' lang='grc' dir='ltr'><strong>τῆς</strong></span> <span class='ocrx_word' id='word_1_490' title='bbox 1479 603 1526 630; x_wconf 81' lang='grc' dir='ltr'><strong>τοῦ</strong></span> <span class='ocrx_word' id='word_1_491' title='bbox 1541 603 1607 630; x_wconf 78' lang='grc' dir='ltr'><strong>Θεοῦ</strong></span> <span class='ocrx_word' id='word_1_492' title='bbox 1623 605 1765 639; x_wconf 77' lang='grc' dir='ltr'><strong>προνοίας.</strong></span> 
     </span>
    </p>
   </div>
   <div class='ocr_carea' id='block_1_74' title="bbox 1101 647 1849 682">
    <p class='ocr_par' dir='ltr' id='par_1_74' title="bbox 1101 647 1849 682">
     <span class='ocr_line' id='line_1_74' title="bbox 1101 647 1849 682; baseline 0.001 -6"><span class='ocrx_word' id='word_1_493' title='bbox 1101 648 1182 680; x_wconf 72' lang='lat' dir='ltr'><strong>lbid.,</strong></span> <span class='ocrx_word' id='word_1_494' title='bbox 1195 648 1242 674; x_wconf 84' lang='lat' dir='ltr'><strong>lin.</strong></span> <span class='ocrx_word' id='word_1_495' title='bbox 1260 647 1306 675; x_wconf 65' lang='lat'><strong>40.</strong></span> <span class='ocrx_word' id='word_1_496' title='bbox 1327 648 1413 675; x_wconf 70' lang='grc' dir='ltr'><strong>Φιλεῖ</strong></span> <span class='ocrx_word' id='word_1_497' title='bbox 1423 647 1479 682; x_wconf 76' lang='grc' dir='ltr'><strong>γὰρ</strong></span> <span class='ocrx_word' id='word_1_498' title='bbox 1495 648 1530 675; x_wconf 82' lang='grc' dir='ltr'><em>τὰ</em></span> <span class='ocrx_word' id='word_1_499' title='bbox 1547 648 1622 682; x_wconf 75' lang='grc' dir='ltr'><em>πρὸς</em></span> <span class='ocrx_word' id='word_1_500' title='bbox 1636 650 1731 682; x_wconf 74' lang='grc' dir='ltr'><strong>τινος.</strong></span> <span class='ocrx_word' id='word_1_501' title='bbox 1747 650 1849 677; x_wconf 73' lang='lat' dir='ltr'><strong>Aristo-</strong></span> 
     </span>
    </p>
   </div>
   <div class='ocr_carea' id='block_1_75' title="bbox 1066 693 1847 729">
    <p class='ocr_par' dir='ltr' id='par_1_75' title="bbox 1066 693 1847 729">
     <span class='ocr_line' id='line_1_75' title="bbox 1066 693 1847 729; baseline 0 -8"><span class='ocrx_word' id='word_1_502' title='bbox 1066 694 1144 726; x_wconf 88' lang='lat' dir='ltr'><strong>teles,</strong></span> <span class='ocrx_word' id='word_1_503' title='bbox 1158 694 1215 722; x_wconf 86' lang='lat' dir='ltr'><strong>sive</strong></span> <span class='ocrx_word' id='word_1_504' title='bbox 1222 693 1433 729; x_wconf 83' lang='lat' dir='ltr'><strong>aliusquispiam</strong></span> <span class='ocrx_word' id='word_1_505' title='bbox 1449 695 1483 722; x_wconf 80' lang='lat' dir='ltr'><strong>de</strong></span> <span class='ocrx_word' id='word_1_506' title='bbox 1496 695 1598 722; x_wconf 88' lang='lat' dir='ltr'><strong>mundo</strong></span> <span class='ocrx_word' id='word_1_507' title='bbox 1608 694 1641 721; x_wconf 85' lang='lat' dir='ltr'><strong>ad</strong></span> <span class='ocrx_word' id='word_1_508' title='bbox 1652 695 1847 726; x_wconf 78' lang='lat' dir='ltr'><strong>Alexandrum,</strong></span> 
     </span>
    </p>
   </div>
   <div class='ocr_carea' id='block_1_76' title="bbox 1068 740 1849 776">
    <p class='ocr_par' dir='ltr' id='par_1_76' title="bbox 1068 740 1849 776">
     <span class='ocr_line' id='line_1_76' title="bbox 1068 740 1849 776; baseline 0 -8"><span class='ocrx_word' id='word_1_509' title='bbox 1068 740 1192 776; x_wconf 78' lang='lat' dir='ltr'><strong>exemplo</strong></span> <span class='ocrx_word' id='word_1_510' title='bbox 1203 740 1311 774; x_wconf 69' lang='lat' dir='ltr'><strong>animae,</strong></span> <span class='ocrx_word' id='word_1_511' title='bbox 1324 747 1386 775; x_wconf 70' lang='lat' dir='ltr'><strong>quae</strong></span> <span class='ocrx_word' id='word_1_512' title='bbox 1397 740 1424 767; x_wconf 90' lang='lat' dir='ltr'><strong>in</strong></span> <span class='ocrx_word' id='word_1_513' title='bbox 1439 740 1548 767; x_wconf 87' lang='lat' dir='ltr'><strong>homine</strong></span> <span class='ocrx_word' id='word_1_514' title='bbox 1562 749 1617 768; x_wconf 85' lang='lat' dir='ltr'><strong>non</strong></span> <span class='ocrx_word' id='word_1_515' title='bbox 1632 741 1755 773; x_wconf 84' lang='lat' dir='ltr'><strong>videtur,</strong></span> <span class='ocrx_word' id='word_1_516' title='bbox 1767 745 1795 768; x_wconf 90' lang='lat' dir='ltr'><strong>et</strong></span> <span class='ocrx_word' id='word_1_517' title='bbox 1812 746 1849 768; x_wconf 82' lang='lat' dir='ltr'><strong>ta-</strong></span> 
     </span>
    </p>
   </div>
   <div class='ocr_carea' id='block_1_77' title="bbox 1067 787 1847 823">
    <p class='ocr_par' dir='ltr' id='par_1_77' title="bbox 1067 787 1847 823">
     <span class='ocr_line' id='line_1_77' title="bbox 1067 787 1847 823; baseline -0.001 -8"><span class='ocrx_word' id='word_1_518' title='bbox 1067 795 1128 814; x_wconf 89' lang='lat' dir='ltr'><strong>men</strong></span> <span class='ocrx_word' id='word_1_519' title='bbox 1152 795 1265 815; x_wconf 85' lang='lat' dir='ltr'><strong>necesse</strong></span> <span class='ocrx_word' id='word_1_520' title='bbox 1285 792 1328 815; x_wconf 87' lang='lat' dir='ltr'><strong>est</strong></span> <span class='ocrx_word' id='word_1_521' title='bbox 1353 787 1432 815; x_wconf 75' lang='lat' dir='ltr'><strong>fateri</strong></span> <span class='ocrx_word' id='word_1_522' title='bbox 1446 788 1547 821; x_wconf 84' lang='lat' dir='ltr'><strong>omnia,</strong></span> <span class='ocrx_word' id='word_1_523' title='bbox 1569 795 1628 823; x_wconf 61' lang='lat' dir='ltr'><strong>qua</strong></span> <span class='ocrx_word' id='word_1_524' title='bbox 1645 796 1694 823; x_wconf 85' lang='lat' dir='ltr'><strong>per</strong></span> <span class='ocrx_word' id='word_1_525' title='bbox 1713 788 1847 815; x_wconf 83' lang='lat' dir='ltr'><strong>hominem</strong></span> 
     </span>
    </p>
   </div>
   <div class='ocr_carea' id='block_1_78' title="bbox 1069 832 1846 869">
    <p class='ocr_par' dir='ltr' id='par_1_78' title="bbox 1069 832 1846 869">
     <span class='ocr_line' id='line_1_78' title="bbox 1069 832 1846 869; baseline 0 -10"><span class='ocrx_word' id='word_1_526' title='bbox 1069 832 1137 859; x_wconf 82' lang='lat' dir='ltr'><strong>ﬁunt</strong></span> <span class='ocrx_word' id='word_1_527' title='bbox 1151 833 1185 860; x_wconf 89' lang='lat' dir='ltr'><strong>ab</strong></span> <span class='ocrx_word' id='word_1_528' title='bbox 1197 833 1242 860; x_wconf 85' lang='lat' dir='ltr'><strong>illa</strong></span> <span class='ocrx_word' id='word_1_529' title='bbox 1259 833 1402 868; x_wconf 81' lang='lat' dir='ltr'><strong>prevenire</strong></span> <span class='ocrx_word' id='word_1_530' title='bbox 1420 833 1526 869; x_wconf 89' lang='lat' dir='ltr'><strong>probat,</strong></span> <span class='ocrx_word' id='word_1_531' title='bbox 1542 833 1636 865; x_wconf 83' lang='lat' dir='ltr'><strong>Deum,</strong></span> <span class='ocrx_word' id='word_1_532' title='bbox 1651 833 1694 860; x_wconf 90' lang='lat' dir='ltr'><strong>vel</strong></span> <span class='ocrx_word' id='word_1_533' title='bbox 1707 835 1800 868; x_wconf 90' lang='lat' dir='ltr'><strong>potius</strong></span> <span class='ocrx_word' id='word_1_534' title='bbox 1819 834 1846 860; x_wconf 85' lang='lat' dir='ltr'><strong>ad</strong></span> 
     </span>
    </p>
   </div>
   <div class='ocr_carea' id='block_1_79' title="bbox 1031 875 1847 914">
    <p class='ocr_par' dir='ltr' id='par_1_79' title="bbox 1031 875 1847 914">
     <span class='ocr_line' id='line_1_79' title="bbox 1031 875 1847 914; baseline 0.001 -10"><span class='ocrx_word' id='word_1_535' title='bbox 1031 875 1051 903; x_wconf 83' lang='grc' dir='ltr'><strong>Β</strong></span> <span class='ocrx_word' id='word_1_536' title='bbox 1068 877 1114 905; x_wconf 92' lang='lat' dir='ltr'><strong>Dei</strong></span> <span class='ocrx_word' id='word_1_537' title='bbox 1129 879 1311 913; x_wconf 80' lang='lat' dir='ltr'><strong>cognitionem</strong></span> <span class='ocrx_word' id='word_1_538' title='bbox 1336 886 1387 905; x_wconf 90' lang='lat' dir='ltr'><strong>nos</strong></span> <span class='ocrx_word' id='word_1_539' title='bbox 1400 886 1433 905; x_wconf 81' lang='lat' dir='ltr'><strong>ex</strong></span> <span class='ocrx_word' id='word_1_540' title='bbox 1457 879 1530 906; x_wconf 84' lang='lat' dir='ltr'><strong>illius</strong></span> <span class='ocrx_word' id='word_1_541' title='bbox 1544 880 1673 914; x_wconf 78' lang='lat' dir='ltr'><strong>operibus</strong></span> <span class='ocrx_word' id='word_1_542' title='bbox 1690 887 1774 913; x_wconf 79' lang='lat' dir='ltr'><strong>posse</strong></span> <span class='ocrx_word' id='word_1_543' title='bbox 1794 887 1847 913; x_wconf 87' lang='lat' dir='ltr'><strong>per-</strong></span> 
     </span>
    </p>
   </div>
   <div class='ocr_carea' id='block_1_80' title="bbox 1065 924 1848 960">
    <p class='ocr_par' dir='ltr' id='par_1_80' title="bbox 1065 924 1848 960">
     <span class='ocr_line' id='line_1_80' title="bbox 1065 924 1848 960; baseline -0.001 -9"><span class='ocrx_word' id='word_1_544' title='bbox 1065 925 1168 956; x_wconf 85' lang='lat' dir='ltr'><strong>venire,</strong></span> <span class='ocrx_word' id='word_1_545' title='bbox 1185 925 1232 960; x_wconf 90' lang='lat' dir='ltr'><strong>qui</strong></span> <span class='ocrx_word' id='word_1_546' title='bbox 1249 925 1301 952; x_wconf 91' lang='lat' dir='ltr'><strong>etsi</strong></span> <span class='ocrx_word' id='word_1_547' title='bbox 1322 927 1409 952; x_wconf 87' lang='lat' dir='ltr'><strong>nostri</strong></span> <span class='ocrx_word' id='word_1_548' title='bbox 1421 929 1548 960; x_wconf 89' lang='lat' dir='ltr'><strong>aspectus</strong></span> <span class='ocrx_word' id='word_1_549' title='bbox 1570 925 1655 952; x_wconf 82' lang='lat' dir='ltr'><strong>aciem</strong></span> <span class='ocrx_word' id='word_1_550' title='bbox 1673 924 1756 959; x_wconf 80' lang='lat' dir='ltr'><strong>fugit,</strong></span> <span class='ocrx_word' id='word_1_551' title='bbox 1770 925 1798 951; x_wconf 87' lang='lat' dir='ltr'><strong>lit</strong></span> <span class='ocrx_word' id='word_1_552' title='bbox 1815 930 1848 951; x_wconf 84' lang='lat' dir='ltr'><strong>u-</strong></span> 
     </span>
    </p>
   </div>
   <div class='ocr_carea' id='block_1_81' title="bbox 1064 971 1847 1007">
    <p class='ocr_par' dir='ltr' id='par_1_81' title="bbox 1064 971 1847 1007">
     <span class='ocr_line' id='line_1_81' title="bbox 1064 971 1847 1007; baseline -0.001 -9"><span class='ocrx_word' id='word_1_553' title='bbox 1064 979 1126 999; x_wconf 88' lang='lat' dir='ltr'><strong>men</strong></span> <span class='ocrx_word' id='word_1_554' title='bbox 1142 971 1209 1006; x_wconf 87' lang='lat' dir='ltr'><strong>ipsis</strong></span> <span class='ocrx_word' id='word_1_555' title='bbox 1233 972 1360 1006; x_wconf 91' lang='lat' dir='ltr'><strong>operibus</strong></span> <span class='ocrx_word' id='word_1_556' title='bbox 1382 972 1542 1007; x_wconf 89' lang='lat' dir='ltr'><strong>perspicuus</strong></span> <span class='ocrx_word' id='word_1_557' title='bbox 1566 977 1593 998; x_wconf 83' lang='lat' dir='ltr'><strong>et</strong></span> <span class='ocrx_word' id='word_1_558' title='bbox 1615 971 1804 998; x_wconf 79' lang='lat' dir='ltr'><strong>manifestus:</strong></span> <span class='ocrx_word' id='word_1_559' title='bbox 1824 975 1847 997; x_wconf 88' lang='lat' dir='ltr'><strong>et</strong></span> 
     </span>
    </p>
   </div>
   <div class='ocr_carea' id='block_1_82' title="bbox 1064 1016 1847 1051">
    <p class='ocr_par' dir='ltr' id='par_1_82' title="bbox 1064 1016 1847 1051">
     <span class='ocr_line' id='line_1_82' title="bbox 1064 1016 1847 1051; baseline 0 -8"><span class='ocrx_word' id='word_1_560' title='bbox 1064 1017 1116 1044; x_wconf 89' lang='lat' dir='ltr'><strong>hoc</strong></span> <span class='ocrx_word' id='word_1_561' title='bbox 1127 1018 1203 1043; x_wconf 91' lang='lat' dir='ltr'><strong>nullo</strong></span> <span class='ocrx_word' id='word_1_562' title='bbox 1220 1017 1301 1044; x_wconf 92' lang='lat' dir='ltr'><strong>modo</strong></span> <span class='ocrx_word' id='word_1_563' title='bbox 1316 1018 1412 1045; x_wconf 88' lang='lat' dir='ltr'><strong>obesse</strong></span> <span class='ocrx_word' id='word_1_564' title='bbox 1427 1021 1474 1044; x_wconf 85' lang='lat' dir='ltr'><strong>aut</strong></span> <span class='ocrx_word' id='word_1_565' title='bbox 1487 1017 1525 1044; x_wconf 83' lang='lat' dir='ltr'><strong>illi</strong></span> <span class='ocrx_word' id='word_1_566' title='bbox 1539 1016 1571 1043; x_wconf 90' lang='lat' dir='ltr'><strong>ad</strong></span> <span class='ocrx_word' id='word_1_567' title='bbox 1583 1016 1731 1051; x_wconf 82' lang='lat' dir='ltr'><strong>agendum,</strong></span> <span class='ocrx_word' id='word_1_568' title='bbox 1741 1022 1790 1044; x_wconf 76' lang='lat' dir='ltr'><strong>aut</strong></span> <span class='ocrx_word' id='word_1_569' title='bbox 1803 1024 1847 1043; x_wconf 85' lang='lat' dir='ltr'><strong>no-</strong></span> 
     </span>
    </p>
   </div>
   <div class='ocr_carea' id='block_1_83' title="bbox 1064 1061 1846 1098">
    <p class='ocr_par' dir='ltr' id='par_1_83' title="bbox 1064 1061 1846 1098">
     <span class='ocr_line' id='line_1_83' title="bbox 1064 1061 1846 1098; baseline -0.001 -9"><span class='ocrx_word' id='word_1_570' title='bbox 1064 1062 1106 1089; x_wconf 89' lang='lat' dir='ltr'><strong>bis</strong></span> <span class='ocrx_word' id='word_1_571' title='bbox 1119 1063 1152 1089; x_wconf 83' lang='lat' dir='ltr'><strong>ad</strong></span> <span class='ocrx_word' id='word_1_572' title='bbox 1170 1063 1250 1090; x_wconf 86' lang='lat' dir='ltr'><strong>Iidem</strong></span> <span class='ocrx_word' id='word_1_573' title='bbox 1265 1063 1340 1090; x_wconf 83' lang='lat' dir='ltr'><strong>hisce</strong></span> <span class='ocrx_word' id='word_1_574' title='bbox 1352 1063 1435 1090; x_wconf 89' lang='lat' dir='ltr'><strong>rebus</strong></span> <span class='ocrx_word' id='word_1_575' title='bbox 1449 1061 1721 1091; x_wconf 81' lang='lat' dir='ltr'><strong>accouuuodandam,</strong></span> <span class='ocrx_word' id='word_1_576' title='bbox 1733 1062 1789 1088; x_wconf 78' lang='lat' dir='ltr'><strong>Kal</strong></span> <span class='ocrx_word' id='word_1_577' title='bbox 1798 1062 1846 1098; x_wconf 74' lang='grc' dir='ltr'><strong>γὰρ</strong></span> 
     </span>
    </p>
   </div>
   <div class='ocr_carea' id='block_1_84' title="bbox 1064 1107 1846 1144">
    <p class='ocr_par' dir='ltr' id='par_1_84' title="bbox 1064 1107 1846 1144">
     <span class='ocr_line' id='line_1_84' title="bbox 1064 1107 1846 1144; baseline -0.001 -9"><span class='ocrx_word' id='word_1_578' title='bbox 1064 1109 1080 1143; x_wconf 84' lang='grc' dir='ltr'>ὴ</span> <span class='ocrx_word' id='word_1_579' title='bbox 1094 1108 1176 1143; x_wconf 78' lang='grc' dir='ltr'>ψυχὴ,</span> <span class='ocrx_word' id='word_1_580' title='bbox 1190 1109 1223 1135; x_wconf 82' lang='grc' dir='ltr'><strong>δι’</strong></span> <span class='ocrx_word' id='word_1_581' title='bbox 1237 1109 1271 1143; x_wconf 78' lang='grc' dir='ltr'><strong>ἦν</strong></span> <span class='ocrx_word' id='word_1_582' title='bbox 1287 1107 1379 1144; x_wconf 82' lang='grc' dir='ltr'><strong>ζῶμέν</strong></span> <span class='ocrx_word' id='word_1_583' title='bbox 1404 1117 1434 1134; x_wconf 81' lang='grc' dir='ltr'>τε</span> <span class='ocrx_word' id='word_1_584' title='bbox 1451 1108 1497 1135; x_wconf 82' lang='grc' dir='ltr'><strong>καὶ</strong></span> <span class='ocrx_word' id='word_1_585' title='bbox 1512 1108 1600 1139; x_wconf 77' lang='grc' dir='ltr'><strong>πόλεις</strong></span> <span class='ocrx_word' id='word_1_586' title='bbox 1622 1108 1669 1134; x_wconf 69' lang='grc' dir='ltr'><strong>καὶ</strong></span> <span class='ocrx_word' id='word_1_587' title='bbox 1685 1109 1779 1139; x_wconf 76' lang='grc' dir='ltr'><strong>οἴκους</strong></span> <span class='ocrx_word' id='word_1_588' title='bbox 1795 1108 1846 1143; x_wconf 68' lang='grc' dir='ltr'><strong>ἔχεν</strong></span> 
     </span>
    </p>
   </div>
   <div class='ocr_carea' id='block_1_85' title="bbox 1066 1150 1844 1188">
    <p class='ocr_par' dir='ltr' id='par_1_85' title="bbox 1066 1150 1844 1188">
     <span class='ocr_line' id='line_1_85' title="bbox 1066 1150 1844 1188; baseline -0.001 -9"><span class='ocrx_word' id='word_1_589' title='bbox 1066 1161 1124 1188; x_wconf 82' lang='grc' dir='ltr'><strong>μεν,</strong></span> <span class='ocrx_word' id='word_1_590' title='bbox 1145 1153 1259 1188; x_wconf 78' lang='grc' dir='ltr'><strong>ἀόρατος</strong></span> <span class='ocrx_word' id='word_1_591' title='bbox 1281 1150 1348 1179; x_wconf 78' lang='grc' dir='ltr'><strong>οὖσα</strong></span> <span class='ocrx_word' id='word_1_592' title='bbox 1366 1154 1422 1184; x_wconf 80' lang='grc' dir='ltr'><strong>τοῖς</strong></span> <span class='ocrx_word' id='word_1_593' title='bbox 1440 1152 1528 1187; x_wconf 79' lang='grc' dir='ltr'><strong>ἔργοις</strong></span> <span class='ocrx_word' id='word_1_594' title='bbox 1550 1153 1641 1183; x_wconf 79' lang='grc' dir='ltr'><strong>αὐτοῖς</strong></span> <span class='ocrx_word' id='word_1_595' title='bbox 1662 1153 1774 1187; x_wconf 76' lang='grc' dir='ltr'><strong>ὁρᾶται.</strong></span> <span class='ocrx_word' id='word_1_596' title='bbox 1795 1153 1844 1183; x_wconf 73' lang='grc' dir='ltr'><strong>Πᾶς</strong></span> 
     </span>
    </p>
   </div>
   <div class='ocr_carea' id='block_1_86' title="bbox 1062 1197 1845 1234">
    <p class='ocr_par' dir='ltr' id='par_1_86' title="bbox 1062 1197 1845 1234">
     <span class='ocr_line' id='line_1_86' title="bbox 1062 1197 1845 1234; baseline 0 -10"><span class='ocrx_word' id='word_1_597' title='bbox 1062 1198 1116 1234; x_wconf 80' lang='grc' dir='ltr'><strong>γὰρ</strong></span> <span class='ocrx_word' id='word_1_598' title='bbox 1135 1199 1149 1224; x_wconf 86' lang='grc' dir='ltr'>ὁ</span> <span class='ocrx_word' id='word_1_599' title='bbox 1167 1198 1212 1224; x_wconf 77' lang='grc' dir='ltr'><strong>τοῦ</strong></span> <span class='ocrx_word' id='word_1_600' title='bbox 1231 1198 1287 1233; x_wconf 82' lang='grc' dir='ltr'>βίος</span> <span class='ocrx_word' id='word_1_601' title='bbox 1307 1198 1452 1233; x_wconf 77' lang='grc' dir='ltr'><strong>διάκοσμος</strong></span> <span class='ocrx_word' id='word_1_602' title='bbox 1471 1198 1524 1224; x_wconf 79' lang='grc' dir='ltr'><strong>ὑπὸ</strong></span> <span class='ocrx_word' id='word_1_603' title='bbox 1541 1197 1642 1233; x_wconf 73' lang='grc' dir='ltr'>ταύτης</span> <span class='ocrx_word' id='word_1_604' title='bbox 1662 1197 1792 1233; x_wconf 70' lang='grc' dir='ltr'><strong>εὕρηται,</strong></span> <span class='ocrx_word' id='word_1_605' title='bbox 1807 1199 1845 1224; x_wconf 67' lang='grc' dir='ltr'><strong>καὶ</strong></span> 
     </span>
    </p>
   </div>
   <div class='ocr_carea' id='block_1_87' title="bbox 1062 1243 1845 1279">
    <p class='ocr_par' dir='ltr' id='par_1_87' title="bbox 1062 1243 1845 1279">
     <span class='ocr_line' id='line_1_87' title="bbox 1062 1243 1845 1279; baseline -0.001 -9"><span class='ocrx_word' id='word_1_606' title='bbox 1062 1244 1244 1275; x_wconf 76' lang='grc' dir='ltr'><strong>διατέτακται,</strong></span> <span class='ocrx_word' id='word_1_607' title='bbox 1267 1244 1314 1270; x_wconf 69' lang='grc' dir='ltr'><strong>καὶ</strong></span> <span class='ocrx_word' id='word_1_608' title='bbox 1334 1243 1484 1278; x_wconf 78' lang='grc' dir='ltr'><strong>συνέχεται.</strong></span> <span class='ocrx_word' id='word_1_609' title='bbox 1501 1243 1534 1270; x_wconf 85' lang='lat' dir='ltr'><strong>Et</strong></span> <span class='ocrx_word' id='word_1_610' title='bbox 1550 1243 1674 1274; x_wconf 79' lang='lat' dir='ltr'><strong>inferius,</strong></span> <span class='ocrx_word' id='word_1_611' title='bbox 1689 1243 1786 1270; x_wconf 71' lang='grc' dir='ltr'><strong>Ταῦτα</strong></span> <span class='ocrx_word' id='word_1_612' title='bbox 1799 1245 1845 1279; x_wconf 66' lang='grc' dir='ltr'><strong>χρὴ</strong></span> 
     </span>
    </p>
   </div>
   <div class='ocr_carea' id='block_1_88' title="bbox 1062 1288 1844 1325">
    <p class='ocr_par' dir='ltr' id='par_1_88' title="bbox 1062 1288 1844 1325">
     <span class='ocr_line' id='line_1_88' title="bbox 1062 1288 1844 1325; baseline 0 -9"><span class='ocrx_word' id='word_1_613' title='bbox 1062 1291 1109 1316; x_wconf 74' lang='grc' dir='ltr'><strong>καὶ</strong></span> <span class='ocrx_word' id='word_1_614' title='bbox 1125 1290 1188 1325; x_wconf 75' lang='grc' dir='ltr'><strong>περὶ</strong></span> <span class='ocrx_word' id='word_1_615' title='bbox 1205 1288 1271 1315; x_wconf 78' lang='grc' dir='ltr'><strong>Θεοῦ</strong></span> <span class='ocrx_word' id='word_1_616' title='bbox 1289 1289 1460 1321; x_wconf 71' lang='grc' dir='ltr'><strong>διανοεῖσθαι,</strong></span> <span class='ocrx_word' id='word_1_617' title='bbox 1478 1289 1590 1324; x_wconf 74' lang='grc' dir='ltr'><strong>δυνάμει</strong></span> <span class='ocrx_word' id='word_1_618' title='bbox 1606 1289 1655 1324; x_wconf 85' lang='grc' dir='ltr'><strong>μὲν</strong></span> <span class='ocrx_word' id='word_1_619' title='bbox 1674 1290 1755 1321; x_wconf 69' lang='grc' dir='ltr'><strong>ὄντος</strong></span> <span class='ocrx_word' id='word_1_620' title='bbox 1776 1290 1844 1325; x_wconf 83' lang='grc' dir='ltr'><strong>ισχυ-</strong></span> 
     </span>
    </p>
   </div>
   <div class='ocr_carea' id='block_1_89' title="bbox 1063 1335 1842 1371">
    <p class='ocr_par' dir='ltr' id='par_1_89' title="bbox 1063 1335 1842 1371">
     <span class='ocr_line' id='line_1_89' title="bbox 1063 1335 1842 1371; baseline 0.001 -10"><span class='ocrx_word' id='word_1_621' title='bbox 1063 1336 1185 1371; x_wconf 83' lang='grc' dir='ltr'><strong>ροτάτου,</strong></span> <span class='ocrx_word' id='word_1_622' title='bbox 1199 1335 1290 1361; x_wconf 74' lang='grc' dir='ltr'><strong>κάλλει</strong></span> <span class='ocrx_word' id='word_1_623' title='bbox 1301 1335 1329 1361; x_wconf 81' lang='grc' dir='ltr'><strong>δὲ</strong></span> <span class='ocrx_word' id='word_1_624' title='bbox 1344 1335 1574 1369; x_wconf 73' lang='grc' dir='ltr'><strong>εὐπρεπεστάτου,</strong></span> <span class='ocrx_word' id='word_1_625' title='bbox 1588 1335 1644 1370; x_wconf 77' lang='grc' dir='ltr'><strong>ζωῇ</strong></span> <span class='ocrx_word' id='word_1_626' title='bbox 1660 1335 1689 1362; x_wconf 81' lang='grc' dir='ltr'><strong>δὲ</strong></span> <span class='ocrx_word' id='word_1_627' title='bbox 1701 1336 1842 1366; x_wconf 75' lang='grc' dir='ltr'><strong>ἀθανάτου,</strong></span> 
     </span>
    </p>
   </div>
   <div class='ocr_carea' id='block_1_90' title="bbox 1061 1380 1844 1416">
    <p class='ocr_par' dir='ltr' id='par_1_90' title="bbox 1061 1380 1844 1416">
     <span class='ocr_line' id='line_1_90' title="bbox 1061 1380 1844 1416; baseline 0.001 -9"><span class='ocrx_word' id='word_1_628' title='bbox 1061 1382 1144 1416; x_wconf 81' lang='grc' dir='ltr'><strong>ἀρετῇ</strong></span> <span class='ocrx_word' id='word_1_629' title='bbox 1158 1381 1186 1407; x_wconf 81' lang='grc' dir='ltr'><strong>δὲ</strong></span> <span class='ocrx_word' id='word_1_630' title='bbox 1202 1380 1356 1415; x_wconf 79' lang='grc' dir='ltr'><strong>κρατίστου.</strong></span> <span class='ocrx_word' id='word_1_631' title='bbox 1374 1381 1418 1407; x_wconf 83' lang='grc' dir='ltr'><strong>Διὸ</strong></span> <span class='ocrx_word' id='word_1_632' title='bbox 1432 1381 1505 1416; x_wconf 75' lang='grc' dir='ltr'><strong>πάσῃ</strong></span> <span class='ocrx_word' id='word_1_633' title='bbox 1517 1380 1599 1415; x_wconf 84' lang='grc' dir='ltr'><strong>θνητῇ</strong></span> <span class='ocrx_word' id='word_1_634' title='bbox 1612 1381 1692 1414; x_wconf 73' lang='grc' dir='ltr'>φύσει</span> <span class='ocrx_word' id='word_1_635' title='bbox 1706 1382 1844 1416; x_wconf 71' lang='grc' dir='ltr'><strong>γενόμενος</strong></span> 
     </span>
    </p>
   </div>
   <div class='ocr_carea' id='block_1_91' title="bbox 1061 1426 1843 1463">
    <p class='ocr_par' dir='ltr' id='par_1_91' title="bbox 1061 1426 1843 1463">
     <span class='ocr_line' id='line_1_91' title="bbox 1061 1426 1843 1463; baseline 0 -10"><span class='ocrx_word' id='word_1_636' title='bbox 1061 1426 1215 1462; x_wconf 75' lang='grc' dir='ltr'><strong>ἀθεώρητος</strong></span> <span class='ocrx_word' id='word_1_637' title='bbox 1229 1428 1276 1453; x_wconf 80' lang='grc' dir='ltr'><strong>ἀπ’</strong></span> <span class='ocrx_word' id='word_1_638' title='bbox 1292 1426 1381 1453; x_wconf 79' lang='grc' dir='ltr'><strong>αὐτῶν</strong></span> <span class='ocrx_word' id='word_1_639' title='bbox 1395 1426 1449 1453; x_wconf 79' lang='grc' dir='ltr'><strong>τῶν</strong></span> <span class='ocrx_word' id='word_1_640' title='bbox 1466 1426 1553 1461; x_wconf 77' lang='grc' dir='ltr'><strong>ἔργων</strong></span> <span class='ocrx_word' id='word_1_641' title='bbox 1567 1426 1723 1462; x_wconf 76' lang='grc' dir='ltr'><strong>θεωρεῖται.</strong></span> <span class='ocrx_word' id='word_1_642' title='bbox 1743 1428 1784 1453; x_wconf 73' lang='grc' dir='ltr'><strong>Τὰ</strong></span> <span class='ocrx_word' id='word_1_643' title='bbox 1797 1427 1843 1463; x_wconf 77' lang='grc' dir='ltr'><strong>γὰρ</strong></span> 
     </span>
    </p>
   </div>
   <div class='ocr_carea' id='block_1_92' title="bbox 1061 1472 1844 1508">
    <p class='ocr_par' dir='ltr' id='par_1_92' title="bbox 1061 1472 1844 1508">
     <span class='ocr_line' id='line_1_92' title="bbox 1061 1472 1844 1508; baseline -0.001 -9"><span class='ocrx_word' id='word_1_644' title='bbox 1061 1473 1144 1508; x_wconf 80' lang='grc' dir='ltr'><strong>πάθη,</strong></span> <span class='ocrx_word' id='word_1_645' title='bbox 1163 1473 1256 1499; x_wconf 77' lang='grc' dir='ltr'>καὶτὰ</span> <span class='ocrx_word' id='word_1_646' title='bbox 1273 1473 1306 1499; x_wconf 81' lang='grc' dir='ltr'><strong>δι’</strong></span> <span class='ocrx_word' id='word_1_647' title='bbox 1321 1473 1401 1506; x_wconf 83' lang='grc' dir='ltr'><strong>ἀέρος</strong></span> <span class='ocrx_word' id='word_1_648' title='bbox 1413 1472 1529 1503; x_wconf 72' lang='grc' dir='ltr'><strong>ἅπαντα..</strong></span> <span class='ocrx_word' id='word_1_649' title='bbox 1548 1473 1595 1499; x_wconf 71' lang='grc' dir='ltr'><strong>καὶ</strong></span> <span class='ocrx_word' id='word_1_650' title='bbox 1611 1472 1644 1499; x_wconf 77' lang='grc' dir='ltr'>τὰ</span> <span class='ocrx_word' id='word_1_651' title='bbox 1661 1474 1708 1499; x_wconf 75' lang='grc' dir='ltr'>ἐπὶ</span> <span class='ocrx_word' id='word_1_652' title='bbox 1722 1473 1787 1508; x_wconf 80' lang='grc' dir='ltr'><strong>γῆς,</strong></span> <span class='ocrx_word' id='word_1_653' title='bbox 1803 1474 1844 1499; x_wconf 73' lang='grc' dir='ltr'><strong>καὶ</strong></span> 
     </span>
    </p>
   </div>
   <div class='ocr_carea' id='block_1_93' title="bbox 1061 1517 1843 1553">
    <p class='ocr_par' dir='ltr' id='par_1_93' title="bbox 1061 1517 1843 1553">
     <span class='ocr_line' id='line_1_93' title="bbox 1061 1517 1843 1553; baseline -0.001 -7"><span class='ocrx_word' id='word_1_654' title='bbox 1061 1519 1094 1546; x_wconf 77' lang='grc' dir='ltr'><strong>τὰ</strong></span> <span class='ocrx_word' id='word_1_655' title='bbox 1109 1520 1137 1545; x_wconf 83' lang='grc' dir='ltr'>ὲν</span> <span class='ocrx_word' id='word_1_656' title='bbox 1151 1519 1226 1546; x_wconf 80' lang='grc' dir='ltr'>ὓδατι</span> <span class='ocrx_word' id='word_1_657' title='bbox 1239 1518 1305 1545; x_wconf 82' lang='grc' dir='ltr'><strong>Θεοῦ</strong></span> <span class='ocrx_word' id='word_1_658' title='bbox 1318 1518 1422 1552; x_wconf 81' lang='grc' dir='ltr'><strong>λέγοιτο</strong></span> <span class='ocrx_word' id='word_1_659' title='bbox 1433 1518 1465 1545; x_wconf 79' lang='grc' dir='ltr'><strong>ἂν</strong></span> <span class='ocrx_word' id='word_1_660' title='bbox 1476 1518 1559 1550; x_wconf 77' lang='grc' dir='ltr'>ὅντως</span> <span class='ocrx_word' id='word_1_661' title='bbox 1570 1518 1637 1553; x_wconf 80' lang='grc' dir='ltr'><strong>ἔργα</strong></span> <span class='ocrx_word' id='word_1_662' title='bbox 1651 1517 1732 1550; x_wconf 72' lang='grc' dir='ltr'><strong>εἶναι,</strong></span> <span class='ocrx_word' id='word_1_663' title='bbox 1746 1519 1794 1545; x_wconf 77' lang='grc' dir='ltr'><strong>τοῦ</strong></span> <span class='ocrx_word' id='word_1_664' title='bbox 1804 1519 1843 1545; x_wconf 68' lang='grc' dir='ltr'><strong>τὸν</strong></span> 
     </span>
    </p>
   </div>
   <div class='ocr_carea' id='block_1_94' title="bbox 1061 1561 1843 1600">
    <p class='ocr_par' dir='ltr' id='par_1_94' title="bbox 1061 1561 1843 1600">
     <span class='ocr_line' id='line_1_94' title="bbox 1061 1561 1843 1600; baseline 0 -9"><span class='ocrx_word' id='word_1_665' title='bbox 1061 1565 1161 1600; x_wconf 78' lang='grc' dir='ltr'><strong>κόσμον</strong></span> <span class='ocrx_word' id='word_1_666' title='bbox 1178 1565 1330 1600; x_wconf 79' lang='grc' dir='ltr'><strong>ἐπέχοντος,</strong></span> <span class='ocrx_word' id='word_1_667' title='bbox 1350 1564 1380 1596; x_wconf 80' lang='grc' dir='ltr'>ἐξ</span> <span class='ocrx_word' id='word_1_668' title='bbox 1398 1561 1439 1596; x_wconf 78' lang='grc' dir='ltr'><strong>οὗ,</strong></span> <span class='ocrx_word' id='word_1_669' title='bbox 1462 1565 1531 1591; x_wconf 84' lang='grc' dir='ltr'>κατὰ</span> <span class='ocrx_word' id='word_1_670' title='bbox 1549 1564 1592 1590; x_wconf 80' lang='grc' dir='ltr'><strong>τὸν</strong></span> <span class='ocrx_word' id='word_1_671' title='bbox 1613 1566 1729 1599; x_wconf 76' lang='grc' dir='ltr'><strong>φυσικὸν</strong></span> <span class='ocrx_word' id='word_1_672' title='bbox 1751 1565 1843 1600; x_wconf 78' lang='grc' dir='ltr'><strong>Ἐμπε-</strong></span> 
     </span>
    </p>
   </div>
   <div class='ocr_carea' id='block_1_95' title="bbox 1060 1611 1164 1644">
    <p class='ocr_par' dir='ltr' id='par_1_95' title="bbox 1060 1611 1164 1644">
     <span class='ocr_line' id='line_1_95' title="bbox 1060 1611 1164 1644; baseline 0 -7"><span class='ocrx_word' id='word_1_673' title='bbox 1060 1611 1164 1644; x_wconf 83' lang='grc' dir='ltr'><strong>δοκλέα,</strong></span> 
     </span>
    </p>
   </div>
   <div class='ocr_carea' id='block_1_96' title="bbox 1060 1677 1842 1749">
    <p class='ocr_par' dir='ltr' id='par_1_96' title="bbox 1060 1677 1842 1749">
     <span class='ocr_line' id='line_1_96' title="bbox 1060 1677 1842 1749; baseline 0 -44"><span class='ocrx_word' id='word_1_674' title='bbox 1060 1677 1151 1705; x_wconf 74' lang='grc' dir='ltr'><strong>Πάνθ*</strong></span> <span class='ocrx_word' id='word_1_675' title='bbox 1164 1679 1262 1717; x_wconf 55' lang='grc' dir='ltr'><strong>ὅσαβ</strong></span> <span class='ocrx_word' id='word_1_676' title='bbox 1282 1677 1331 1714; x_wconf 77' lang='grc' dir='ltr'><strong>ἦν,</strong></span> <span class='ocrx_word' id='word_1_677' title='bbox 1347 1678 1404 1706; x_wconf 81' lang='grc' dir='ltr'><strong>ὅσα</strong></span> <span class='ocrx_word' id='word_1_678' title='bbox 1425 1680 1448 1706; x_wconf 75' lang='grc' dir='ltr'><strong>τ’</strong></span> <span class='ocrx_word' id='word_1_679' title='bbox 1461 1679 1546 1705; x_wconf 76' lang='grc' dir='ltr'><strong>ἐστὶι·</strong></span> <span class='ocrx_word' id='word_1_680' title='bbox 1565 1678 1600 1705; x_wconf 75' lang='grc' dir='ltr'><strong>ἰδ’</strong></span> <span class='ocrx_word' id='word_1_681' title='bbox 1618 1679 1748 1749; x_wconf 52' lang='grc' dir='ltr'><strong>ὄσσαῦε</strong></span> <span class='ocrx_word' id='word_1_682' title='bbox 1762 1679 1842 1722; x_wconf 56' lang='grc' dir='ltr'><strong>ἔσται</strong></span> 
     </span>
     <span class='ocr_line' id='line_1_97' title="bbox 1733 1722 1840 1744; baseline -0.009 -4"><span class='ocrx_word' id='word_1_683' title='bbox 1733 1722 1840 1744; x_wconf 77' lang='grc' dir='ltr'><strong>πισσω,</strong></span> 
     </span>
    </p>
   </div>
   <div class='ocr_carea' id='block_1_97' title="bbox 1733 1722 1840 1744">
    <p class='ocr_par' dir='ltr' id='par_1_97' title="bbox 1733 1722 1840 1744">
     <span class='ocr_line' id='line_1_98' title="bbox 1733 1722 1840 1744; baseline -0.009 -4"><span class='ocrx_word' id='word_1_684' title='bbox 1733 1722 1840 1744; x_wconf 77' lang='grc' dir='ltr'><strong>πισσω,</strong></span> 
     </span>
    </p>
   </div>
   <div class='ocr_carea' id='block_1_98' title="bbox 1061 1748 1841 1783">
    <p class='ocr_par' dir='ltr' id='par_1_98' title="bbox 1061 1748 1841 1783">
     <span class='ocr_line' id='line_1_99' title="bbox 1061 1748 1841 1783; baseline 0.001 -9"><span class='ocrx_word' id='word_1_685' title='bbox 1061 1748 1188 1783; x_wconf 75' lang='grc' dir='ltr'><strong>Δένδρεά</strong></span> <span class='ocrx_word' id='word_1_686' title='bbox 1202 1749 1226 1775; x_wconf 80' lang='grc' dir='ltr'><strong>τ’</strong></span> <span class='ocrx_word' id='word_1_687' title='bbox 1240 1749 1419 1783; x_wconf 73' lang='grc' dir='ltr'><strong>ἐϐλάστησε,</strong></span> <span class='ocrx_word' id='word_1_688' title='bbox 1442 1749 1490 1775; x_wconf 77' lang='grc' dir='ltr'><strong>καὶ</strong></span> <span class='ocrx_word' id='word_1_689' title='bbox 1510 1749 1614 1782; x_wconf 72' lang='grc' dir='ltr'><strong>ἀνέρες</strong></span> <span class='ocrx_word' id='word_1_690' title='bbox 1628 1748 1683 1780; x_wconf 77' lang='grc' dir='ltr'><strong>ἠδὲ</strong></span> <span class='ocrx_word' id='word_1_691' title='bbox 1696 1749 1841 1783; x_wconf 71' lang='grc' dir='ltr'><strong>γυνρῑκες,</strong></span> 
     </span>
    </p>
   </div>
   <div class='ocr_carea' id='block_1_99' title="bbox 1061 1783 1808 1818">
    <p class='ocr_par' dir='ltr' id='par_1_99' title="bbox 1061 1783 1808 1818">
     <span class='ocr_line' id='line_1_100' title="bbox 1061 1783 1808 1818; baseline 0.001 -9"><span class='ocrx_word' id='word_1_692' title='bbox 1061 1783 1154 1818; x_wconf 74' lang='grc' dir='ltr'><strong>Θῆρές</strong></span> <span class='ocrx_word' id='word_1_693' title='bbox 1170 1784 1192 1810; x_wconf 84' lang='grc' dir='ltr'><strong>τ’</strong></span> <span class='ocrx_word' id='word_1_694' title='bbox 1208 1784 1306 1811; x_wconf 68' lang='grc' dir='ltr'><strong>οἰωνοί</strong></span> <span class='ocrx_word' id='word_1_695' title='bbox 1324 1792 1365 1815; x_wconf 82' lang='grc' dir='ltr'><strong>τε,</strong></span> <span class='ocrx_word' id='word_1_696' title='bbox 1383 1783 1432 1810; x_wconf 77' lang='grc' dir='ltr'><strong>καὶ</strong></span> <span class='ocrx_word' id='word_1_697' title='bbox 1443 1783 1696 1818; x_wconf 75' lang='grc' dir='ltr'><strong>ὑδατοθρέμμονες</strong></span> <span class='ocrx_word' id='word_1_698' title='bbox 1713 1784 1808 1818; x_wconf 75' lang='grc' dir='ltr'><strong>ἰχθῦς,</strong></span> 
     </span>
    </p>
   </div>
   <div class='ocr_carea' id='block_1_100' title="bbox 1095 1828 1496 1864">
    <p class='ocr_par' dir='ltr' id='par_1_100' title="bbox 1095 1828 1496 1864">
     <span class='ocr_line' id='line_1_101' title="bbox 1095 1828 1496 1864; baseline 0.002 -9"><span class='ocrx_word' id='word_1_699' title='bbox 1095 1828 1161 1857; x_wconf 80' lang='lat' dir='ltr'><strong>Vide</strong></span> <span class='ocrx_word' id='word_1_700' title='bbox 1172 1830 1252 1857; x_wconf 86' lang='lat' dir='ltr'><strong>etiam</strong></span> <span class='ocrx_word' id='word_1_701' title='bbox 1264 1837 1324 1864; x_wconf 67' lang='lat' dir='ltr'><strong>quin</strong></span> <span class='ocrx_word' id='word_1_702' title='bbox 1335 1833 1496 1864; x_wconf 88' lang='lat' dir='ltr'><strong>sequuntur.</strong></span> 
     </span>
    </p>
   </div>
   <div class='ocr_carea' id='block_1_101' title="bbox 1093 1895 1839 1932">
    <p class='ocr_par' dir='ltr' id='par_1_101' title="bbox 1093 1895 1839 1932">
     <span class='ocr_line' id='line_1_102' title="bbox 1093 1895 1839 1932; baseline 0.003 -10"><span class='ocrx_word' id='word_1_703' title='bbox 1093 1895 1172 1926; x_wconf 85' lang='lat' dir='ltr'><strong>lbid.,</strong></span> <span class='ocrx_word' id='word_1_704' title='bbox 1195 1897 1242 1924; x_wconf 92' lang='lat' dir='ltr'><strong>lin.</strong></span> <span class='ocrx_word' id='word_1_705' title='bbox 1257 1897 1301 1923; x_wconf 72' lang='grc'><strong>47.</strong></span> <span class='ocrx_word' id='word_1_706' title='bbox 1326 1897 1525 1931; x_wconf 64' lang='grc' dir='ltr'><strong>Συγγεννᾶται</strong></span> <span class='ocrx_word' id='word_1_707' title='bbox 1547 1897 1605 1932; x_wconf 81' lang='grc' dir='ltr'><strong>μὲν</strong></span> <span class='ocrx_word' id='word_1_708' title='bbox 1626 1897 1693 1932; x_wconf 73' lang='grc' dir='ltr'><strong>γάρ.</strong></span> <span class='ocrx_word' id='word_1_709' title='bbox 1715 1897 1839 1928; x_wconf 79' lang='lat' dir='ltr'><strong>Basilius,</strong></span> 
     </span>
    </p>
   </div>
   <div class='ocr_carea' id='block_1_102' title="bbox 1058 1942 1841 1978">
    <p class='ocr_par' dir='ltr' id='par_1_102' title="bbox 1058 1942 1841 1978">
     <span class='ocr_line' id='line_1_103' title="bbox 1058 1942 1841 1978; baseline 0.001 -9"><span class='ocrx_word' id='word_1_710' title='bbox 1058 1942 1130 1969; x_wconf 87' lang='lat' dir='ltr'><strong>hom.</strong></span> <span class='ocrx_word' id='word_1_711' title='bbox 1152 1943 1179 1974; x_wconf 88' lang='lat'><strong>9,</strong></span> <span class='ocrx_word' id='word_1_712' title='bbox 1199 1943 1420 1978; x_wconf 80' lang='grc' dir='ltr'><strong>Συναπεγεννήθη</strong></span> <span class='ocrx_word' id='word_1_713' title='bbox 1437 1944 1451 1969; x_wconf 83' lang='grc' dir='ltr'>ὁ</span> <span class='ocrx_word' id='word_1_714' title='bbox 1470 1942 1553 1978; x_wconf 81' lang='grc' dir='ltr'><strong>θυμὸς</strong></span> <span class='ocrx_word' id='word_1_715' title='bbox 1568 1943 1607 1977; x_wconf 85' lang='grc' dir='ltr'><strong>τῷ</strong></span> <span class='ocrx_word' id='word_1_716' title='bbox 1622 1942 1721 1976; x_wconf 79' lang='grc' dir='ltr'><strong>λέοντι,</strong></span> <span class='ocrx_word' id='word_1_717' title='bbox 1745 1943 1775 1970; x_wconf 77' lang='grc' dir='ltr'><strong>τὸ</strong></span> <span class='ocrx_word' id='word_1_718' title='bbox 1798 1952 1841 1978; x_wconf 85' lang='grc' dir='ltr'><strong>μο-</strong></span> 
     </span>
    </p>
   </div>
   <div class='ocr_carea' id='block_1_103' title="bbox 1058 1980 1840 2025">
    <p class='ocr_par' dir='ltr' id='par_1_103' title="bbox 1058 1980 1840 2025">
     <span class='ocr_line' id='line_1_104' title="bbox 1058 1980 1840 2025; baseline 0.003 -11"><span class='ocrx_word' id='word_1_719' title='bbox 1058 1980 1183 2015; x_wconf 77' lang='grc' dir='ltr'><strong>ναστικὺν</strong></span> <span class='ocrx_word' id='word_1_720' title='bbox 1203 1988 1282 2015; x_wconf 77' lang='grc' dir='ltr'><strong>αὑτοῦ</strong></span> <span class='ocrx_word' id='word_1_721' title='bbox 1304 1988 1354 2024; x_wconf 79' lang='grc' dir='ltr'><strong>τῆς</strong></span> <span class='ocrx_word' id='word_1_722' title='bbox 1374 1989 1457 2025; x_wconf 82' lang='grc' dir='ltr'><strong>ζωῆς,</strong></span> <span class='ocrx_word' id='word_1_723' title='bbox 1479 1989 1509 2015; x_wconf 81' lang='grc' dir='ltr'>τὸ</span> <span class='ocrx_word' id='word_1_724' title='bbox 1531 1989 1712 2024; x_wconf 79' lang='grc' dir='ltr'><strong>ἀκοινώνητον</strong></span> <span class='ocrx_word' id='word_1_725' title='bbox 1734 1990 1840 2025; x_wconf 70' lang='grc' dir='ltr'><strong>πρὸςτδ</strong></span> 
     </span>
    </p>
   </div>
   <div class='ocr_carea' id='block_1_104' title="bbox 1057 2030 1839 2069">
    <p class='ocr_par' dir='ltr' id='par_1_104' title="bbox 1057 2030 1839 2069">
     <span class='ocr_line' id='line_1_105' title="bbox 1057 2030 1839 2069; baseline -0.001 -9"><span class='ocrx_word' id='word_1_726' title='bbox 1057 2033 1200 2069; x_wconf 72' lang='grc' dir='ltr'><strong>ὁμόφυλον.</strong></span> <span class='ocrx_word' id='word_1_727' title='bbox 1215 2030 1278 2060; x_wconf 70' lang='grc' dir='ltr'><strong>Οἷον</strong></span> <span class='ocrx_word' id='word_1_728' title='bbox 1289 2035 1342 2069; x_wconf 84' lang='grc' dir='ltr'><strong>γάρ</strong></span> <span class='ocrx_word' id='word_1_729' title='bbox 1355 2042 1397 2065; x_wconf 83' lang='grc' dir='ltr'><strong>τις</strong></span> <span class='ocrx_word' id='word_1_730' title='bbox 1411 2033 1539 2069; x_wconf 81' lang='grc' dir='ltr'><strong>τύραννος</strong></span> <span class='ocrx_word' id='word_1_731' title='bbox 1550 2034 1603 2060; x_wconf 87' lang='grc' dir='ltr'><strong>τῶν</strong></span> <span class='ocrx_word' id='word_1_732' title='bbox 1620 2034 1726 2068; x_wconf 78' lang='grc' dir='ltr'><strong>ἀλόγων</strong></span> <span class='ocrx_word' id='word_1_733' title='bbox 1741 2034 1785 2061; x_wconf 81' lang='grc' dir='ltr'><strong>διὰ</strong></span> <span class='ocrx_word' id='word_1_734' title='bbox 1795 2034 1839 2069; x_wconf 69' lang='grc' dir='ltr'><strong>τὴν</strong></span> 
     </span>
    </p>
   </div>
   <div class='ocr_carea' id='block_1_105' title="bbox 1058 2078 1840 2114">
    <p class='ocr_par' dir='ltr' id='par_1_105' title="bbox 1058 2078 1840 2114">
     <span class='ocr_line' id='line_1_106' title="bbox 1058 2078 1840 2114; baseline 0.003 -10"><span class='ocrx_word' id='word_1_735' title='bbox 1058 2080 1090 2105; x_wconf 78' lang='grc' dir='ltr'><strong>ὲκ</strong></span> <span class='ocrx_word' id='word_1_736' title='bbox 1106 2078 1211 2113; x_wconf 75' lang='grc' dir='ltr'><strong>φύσεως</strong></span> <span class='ocrx_word' id='word_1_737' title='bbox 1225 2079 1385 2114; x_wconf 69' lang='grc' dir='ltr'><strong>ὑπεροψίαν,</strong></span> <span class='ocrx_word' id='word_1_738' title='bbox 1402 2079 1451 2114; x_wconf 83' lang='grc' dir='ltr'><strong>τὴν</strong></span> <span class='ocrx_word' id='word_1_739' title='bbox 1469 2079 1536 2114; x_wconf 75' lang='grc' dir='ltr'><strong>πρὸς</strong></span> <span class='ocrx_word' id='word_1_740' title='bbox 1549 2080 1612 2110; x_wconf 82' lang='grc' dir='ltr'><strong>τοὺς</strong></span> <span class='ocrx_word' id='word_1_741' title='bbox 1627 2078 1742 2111; x_wconf 79' lang='grc' dir='ltr'><strong>πολλοὺς</strong></span> <span class='ocrx_word' id='word_1_742' title='bbox 1754 2080 1840 2114; x_wconf 65' lang='grc' dir='ltr'><strong>ὀμοτμ</strong></span> 
     </span>
    </p>
   </div>
   <div class='ocr_carea' id='block_1_106' title="bbox 1059 2123 1839 2160">
    <p class='ocr_par' dir='ltr' id='par_1_106' title="bbox 1059 2123 1839 2160">
     <span class='ocr_line' id='line_1_107' title="bbox 1059 2123 1839 2160; baseline 0 -10"><span class='ocrx_word' id='word_1_743' title='bbox 1059 2125 1122 2159; x_wconf 78' lang='grc' dir='ltr'><strong>μίαν</strong></span> <span class='ocrx_word' id='word_1_744' title='bbox 1139 2125 1168 2151; x_wconf 80' lang='grc' dir='ltr'><strong>οὺ</strong></span> <span class='ocrx_word' id='word_1_745' title='bbox 1181 2125 1364 2160; x_wconf 74' lang='grc' dir='ltr'><strong>καταδέχεται·</strong></span> <span class='ocrx_word' id='word_1_746' title='bbox 1383 2125 1446 2159; x_wconf 84' lang='grc' dir='ltr'><strong>ὅσγε</strong></span> <span class='ocrx_word' id='word_1_747' title='bbox 1460 2125 1518 2151; x_wconf 80' lang='grc' dir='ltr'><strong>οὐδὲ</strong></span> <span class='ocrx_word' id='word_1_748' title='bbox 1533 2123 1626 2160; x_wconf 77' lang='grc' dir='ltr'><strong>χϐιζὴν</strong></span> <span class='ocrx_word' id='word_1_749' title='bbox 1636 2125 1743 2160; x_wconf 70' lang='grc' dir='ltr'><strong>τροφὴν</strong></span> <span class='ocrx_word' id='word_1_750' title='bbox 1761 2133 1839 2160; x_wconf 64' lang='lat'><strong>1:905-</strong></span> 
     </span>
    </p>
   </div>
   <div class='ocr_carea' id='block_1_107' title="bbox 1058 2169 1836 2205">
    <p class='ocr_par' dir='ltr' id='par_1_107' title="bbox 1058 2169 1836 2205">
     <span class='ocr_line' id='line_1_108' title="bbox 1058 2169 1836 2205; baseline 0 -9"><span class='ocrx_word' id='word_1_751' title='bbox 1058 2169 1137 2201; x_wconf 79' lang='grc' dir='ltr'><strong>ιεται,</strong></span> <span class='ocrx_word' id='word_1_752' title='bbox 1158 2170 1211 2196; x_wconf 76' lang='grc' dir='ltr'><strong>οὐδ’</strong></span> <span class='ocrx_word' id='word_1_753' title='bbox 1234 2170 1266 2196; x_wconf 78' lang='grc' dir='ltr'><strong>ἂν</strong></span> <span class='ocrx_word' id='word_1_754' title='bbox 1283 2170 1317 2196; x_wconf 72' lang='grc' dir='ltr'><strong>τὰ</strong></span> <span class='ocrx_word' id='word_1_755' title='bbox 1333 2169 1444 2204; x_wconf 72' lang='grc' dir='ltr'><strong>λείψανα</strong></span> <span class='ocrx_word' id='word_1_756' title='bbox 1458 2170 1506 2205; x_wconf 82' lang='grc' dir='ltr'><strong>τῆς</strong></span> <span class='ocrx_word' id='word_1_757' title='bbox 1518 2169 1612 2196; x_wconf 79' lang='grc' dir='ltr'><strong>ἑαυτοῦ</strong></span> <span class='ocrx_word' id='word_1_758' title='bbox 1624 2169 1714 2204; x_wconf 80' lang='grc' dir='ltr'><strong>θήρας</strong></span> <span class='ocrx_word' id='word_1_759' title='bbox 1725 2169 1836 2196; x_wconf 69' lang='grc' dir='ltr'><strong>ἐπέλθοι·</strong></span> 
     </span>
    </p>
   </div>
   <div class='ocr_carea' id='block_1_108' title="bbox 1056 2211 1837 2250">
    <p class='ocr_par' dir='ltr' id='par_1_108' title="bbox 1056 2211 1837 2250">
     <span class='ocr_line' id='line_1_109' title="bbox 1056 2211 1837 2250; baseline 0.001 -9"><span class='ocrx_word' id='word_1_760' title='bbox 1056 2211 1078 2249; x_wconf 85' lang='grc' dir='ltr'><strong>ᾧ</strong></span> <span class='ocrx_word' id='word_1_761' title='bbox 1102 2215 1148 2241; x_wconf 70' lang='grc' dir='ltr'><strong>καὶ</strong></span> <span class='ocrx_word' id='word_1_762' title='bbox 1171 2215 1320 2250; x_wconf 83' lang='grc' dir='ltr'><strong>τηλικαῦτα</strong></span> <span class='ocrx_word' id='word_1_763' title='bbox 1345 2215 1394 2250; x_wconf 77' lang='grc' dir='ltr'><strong>τῆς</strong></span> <span class='ocrx_word' id='word_1_764' title='bbox 1420 2215 1508 2250; x_wconf 71' lang='grc' dir='ltr'>φωνῆς</span> <span class='ocrx_word' id='word_1_765' title='bbox 1530 2214 1564 2241; x_wconf 87' lang='grc' dir='ltr'><strong>τὰ</strong></span> <span class='ocrx_word' id='word_1_766' title='bbox 1588 2214 1694 2249; x_wconf 70' lang='grc' dir='ltr'><strong>ὄργανα</strong></span> <span class='ocrx_word' id='word_1_767' title='bbox 1718 2215 1736 2250; x_wconf 78' lang='grc' dir='ltr'><strong>ὴ</strong></span> <span class='ocrx_word' id='word_1_768' title='bbox 1766 2215 1837 2249; x_wconf 72' lang='grc' dir='ltr'><strong>φύσις</strong></span> 
     </span>
    </p>
   </div>
   <div class='ocr_carea' id='block_1_109' title="bbox 1057 2259 1836 2296">
    <p class='ocr_par' dir='ltr' id='par_1_109' title="bbox 1057 2259 1836 2296">
     <span class='ocr_line' id='line_1_110' title="bbox 1057 2259 1836 2296; baseline 0.001 -10"><span class='ocrx_word' id='word_1_769' title='bbox 1057 2260 1193 2295; x_wconf 78' lang='grc' dir='ltr'><strong>ἐνέθηκεν,</strong></span> <span class='ocrx_word' id='word_1_770' title='bbox 1212 2261 1281 2286; x_wconf 81' lang='grc' dir='ltr'><strong>ὥστε</strong></span> <span class='ocrx_word' id='word_1_771' title='bbox 1307 2260 1391 2287; x_wconf 79' lang='grc' dir='ltr'><strong>πολλὰ</strong></span> <span class='ocrx_word' id='word_1_772' title='bbox 1414 2261 1467 2287; x_wconf 79' lang='grc' dir='ltr'><strong>τῶν</strong></span> <span class='ocrx_word' id='word_1_773' title='bbox 1486 2259 1572 2292; x_wconf 81' lang='grc' dir='ltr'>ζώων,</span> <span class='ocrx_word' id='word_1_774' title='bbox 1591 2260 1798 2296; x_wconf 78' lang='grc' dir='ltr'><strong>ὑπερὸἁλλοντα</strong></span> <span class='ocrx_word' id='word_1_775' title='bbox 1810 2262 1836 2295; x_wconf 81' lang='grc' dir='ltr'><strong>τῇ</strong></span> 
     </span>
    </p>
   </div>
   <div class='ocr_carea' id='block_1_110' title="bbox 1056 2306 1835 2343">
    <p class='ocr_par' dir='ltr' id='par_1_110' title="bbox 1056 2306 1835 2343">
     <span class='ocr_line' id='line_1_111' title="bbox 1056 2306 1835 2343; baseline 0.001 -11"><span class='ocrx_word' id='word_1_776' title='bbox 1056 2307 1199 2341; x_wconf 77' lang='grc' dir='ltr'><strong>ταχύτητι,</strong></span> <span class='ocrx_word' id='word_1_777' title='bbox 1219 2306 1291 2341; x_wconf 85' lang='grc' dir='ltr'><strong>μόνῳ</strong></span> <span class='ocrx_word' id='word_1_778' title='bbox 1308 2306 1436 2338; x_wconf 77' lang='grc' dir='ltr'><strong>πολλάκις</strong></span> <span class='ocrx_word' id='word_1_779' title='bbox 1452 2307 1607 2333; x_wconf 78' lang='grc' dir='ltr'><strong>ἁλίσκεσθαι</strong></span> <span class='ocrx_word' id='word_1_780' title='bbox 1624 2306 1662 2341; x_wconf 81' lang='grc' dir='ltr'><strong>τῷ</strong></span> <span class='ocrx_word' id='word_1_781' title='bbox 1675 2306 1835 2343; x_wconf 79' lang='grc' dir='ltr'><strong>βρυχήματι.</strong></span> 
     </span>
    </p>
   </div>
   <div class='ocr_carea' id='block_1_111' title="bbox 1060 2351 1835 2388">
    <p class='ocr_par' dir='ltr' id='par_1_111' title="bbox 1060 2351 1835 2388">
     <span class='ocr_line' id='line_1_112' title="bbox 1060 2351 1835 2388; baseline 0.004 -11"><span class='ocrx_word' id='word_1_782' title='bbox 1060 2351 1163 2378; x_wconf 88' lang='lat' dir='ltr'><strong>Similia</strong></span> <span class='ocrx_word' id='word_1_783' title='bbox 1179 2352 1304 2387; x_wconf 81' lang='lat' dir='ltr'><strong>leguntur</strong></span> <span class='ocrx_word' id='word_1_784' title='bbox 1315 2351 1385 2387; x_wconf 90' lang='lat' dir='ltr'><strong>apud</strong></span> <span class='ocrx_word' id='word_1_785' title='bbox 1400 2351 1482 2379; x_wconf 84' lang='lat' dir='ltr'><strong>Elialn</strong></span> <span class='ocrx_word' id='word_1_786' title='bbox 1497 2351 1654 2379; x_wconf 81' lang='lat' dir='ltr'><strong>Cretensem</strong></span> <span class='ocrx_word' id='word_1_787' title='bbox 1669 2354 1835 2388; x_wconf 77' lang='lat' dir='ltr'><strong>episcopum.</strong></span> 
     </span>
    </p>
   </div>
   <div class='ocr_carea' id='block_1_112' title="bbox 1057 2397 1836 2433">
    <p class='ocr_par' dir='ltr' id='par_1_112' title="bbox 1057 2397 1836 2433">
     <span class='ocr_line' id='line_1_113' title="bbox 1057 2397 1836 2433; baseline -0.003 -8"><span class='ocrx_word' id='word_1_788' title='bbox 1057 2401 1085 2425; x_wconf 88' lang='lat' dir='ltr'><strong>et.</strong></span> <span class='ocrx_word' id='word_1_789' title='bbox 1096 2397 1205 2433; x_wconf 84' lang='lat' dir='ltr'><strong>Glycam</strong></span> <span class='ocrx_word' id='word_1_790' title='bbox 1223 2398 1270 2424; x_wconf 91' lang='lat' dir='ltr'><strong>lib.</strong></span> <span class='ocrx_word' id='word_1_791' title='bbox 1284 2406 1292 2424; x_wconf 90' lang='grc' dir='ltr'><strong>ι</strong></span> <span class='ocrx_word' id='word_1_792' title='bbox 1306 2398 1416 2428; x_wconf 78' lang='lat' dir='ltr'><strong>Annal.,</strong></span> <span class='ocrx_word' id='word_1_793' title='bbox 1433 2398 1516 2432; x_wconf 81' lang='grc' dir='ltr'><strong>θυμός</strong></span> <span class='ocrx_word' id='word_1_794' title='bbox 1530 2398 1600 2432; x_wconf 88' lang='lat' dir='ltr'><strong>apud</strong></span> <span class='ocrx_word' id='word_1_795' title='bbox 1610 2398 1725 2425; x_wconf 70' lang='lat' dir='ltr'><strong>Graecos</strong></span> <span class='ocrx_word' id='word_1_796' title='bbox 1741 2407 1791 2426; x_wconf 71' lang='lat' dir='ltr'><strong>vos</strong></span> <span class='ocrx_word' id='word_1_797' title='bbox 1801 2401 1836 2425; x_wconf 86' lang='lat' dir='ltr'><strong>est</strong></span> 
     </span>
    </p>
   </div>
   <div class='ocr_carea' id='block_1_113' title="bbox 1060 2442 1835 2477">
    <p class='ocr_par' dir='ltr' id='par_1_113' title="bbox 1060 2442 1835 2477">
     <span class='ocr_line' id='line_1_114' title="bbox 1060 2442 1835 2477; baseline 0.003 -9"><span class='ocrx_word' id='word_1_798' title='bbox 1060 2442 1225 2477; x_wconf 77' lang='grc' dir='ltr'><strong>πολύσημος,</strong></span> <span class='ocrx_word' id='word_1_799' title='bbox 1247 2442 1361 2476; x_wconf 85' lang='lat' dir='ltr'><strong>ideoque</strong></span> <span class='ocrx_word' id='word_1_800' title='bbox 1382 2443 1465 2469; x_wconf 89' lang='lat' dir='ltr'><strong>variis</strong></span> <span class='ocrx_word' id='word_1_801' title='bbox 1485 2443 1762 2476; x_wconf 83' lang='lat' dir='ltr'><strong>interpretationibus</strong></span> <span class='ocrx_word' id='word_1_802' title='bbox 1779 2443 1835 2470; x_wconf 79' lang='lat' dir='ltr'><strong>sub-</strong></span> 
     </span>
    </p>
   </div>
   <div class='ocr_carea' id='block_1_114' title="bbox 1055 2487 1834 2522">
    <p class='ocr_par' dir='ltr' id='par_1_114' title="bbox 1055 2487 1834 2522">
     <span class='ocr_line' id='line_1_115' title="bbox 1055 2487 1834 2522; baseline 0.001 -8"><span class='ocrx_word' id='word_1_803' title='bbox 1055 2487 1136 2522; x_wconf 85' lang='lat' dir='ltr'><strong>jecta,</strong></span> <span class='ocrx_word' id='word_1_804' title='bbox 1153 2488 1269 2515; x_wconf 84' lang='lat' dir='ltr'><strong>maxime</strong></span> <span class='ocrx_word' id='word_1_805' title='bbox 1281 2488 1308 2514; x_wconf 94' lang='lat' dir='ltr'><strong>in</strong></span> <span class='ocrx_word' id='word_1_806' title='bbox 1325 2488 1373 2514; x_wconf 91' lang='lat' dir='ltr'><strong>hac</strong></span> <span class='ocrx_word' id='word_1_807' title='bbox 1385 2496 1413 2515; x_wconf 92' lang='lat' dir='ltr'><strong>re</strong></span> <span class='ocrx_word' id='word_1_808' title='bbox 1425 2488 1458 2515; x_wconf 90' lang='lat' dir='ltr'><strong>de</strong></span> <span class='ocrx_word' id='word_1_809' title='bbox 1475 2495 1528 2522; x_wconf 92' lang='lat' dir='ltr'><strong>qua</strong></span> <span class='ocrx_word' id='word_1_810' title='bbox 1543 2489 1644 2522; x_wconf 86' lang='lat' dir='ltr'><strong>agitur,</strong></span> <span class='ocrx_word' id='word_1_811' title='bbox 1658 2496 1758 2516; x_wconf 91' lang='lat' dir='ltr'><strong>omnes</strong></span> <span class='ocrx_word' id='word_1_812' title='bbox 1771 2490 1834 2517; x_wconf 87' lang='lat' dir='ltr'><strong>enim</strong></span> 
     </span>
    </p>
   </div>
   <div class='ocr_carea' id='block_1_115' title="bbox 1057 2533 1833 2569">
    <p class='ocr_par' dir='ltr' id='par_1_115' title="bbox 1057 2533 1833 2569">
     <span class='ocr_line' id='line_1_116' title="bbox 1057 2533 1833 2569; baseline 0.004 -9"><span class='ocrx_word' id='word_1_813' title='bbox 1057 2533 1128 2560; x_wconf 89' lang='lat' dir='ltr'><strong>leoni</strong></span> <span class='ocrx_word' id='word_1_814' title='bbox 1141 2534 1227 2568; x_wconf 87' lang='lat' dir='ltr'><strong>aptari</strong></span> <span class='ocrx_word' id='word_1_815' title='bbox 1243 2541 1323 2568; x_wconf 89' lang='lat' dir='ltr'><strong>posse</strong></span> <span class='ocrx_word' id='word_1_816' title='bbox 1336 2533 1471 2560; x_wconf 89' lang='lat' dir='ltr'><strong>videntur.</strong></span> <span class='ocrx_word' id='word_1_817' title='bbox 1480 2533 1569 2566; x_wconf 87' lang='lat' dir='ltr'><strong>Quare</strong></span> <span class='ocrx_word' id='word_1_818' title='bbox 1579 2534 1691 2568; x_wconf 88' lang='lat' dir='ltr'><strong>quidam</strong></span> <span class='ocrx_word' id='word_1_819' title='bbox 1712 2535 1833 2569; x_wconf 76' lang='lat' dir='ltr'><strong>furorem.</strong></span> 
     </span>
    </p>
   </div>
   <div class='ocr_carea' id='block_1_116' title="bbox 1055 2579 1833 2614">
    <p class='ocr_par' dir='ltr' id='par_1_116' title="bbox 1055 2579 1833 2614">
     <span class='ocr_line' id='line_1_117' title="bbox 1055 2579 1833 2614; baseline 0 -9"><span class='ocrx_word' id='word_1_820' title='bbox 1055 2579 1100 2606; x_wconf 89' lang='lat' dir='ltr'><strong>alii</strong></span> <span class='ocrx_word' id='word_1_821' title='bbox 1112 2580 1239 2611; x_wconf 80' lang='lat' dir='ltr'><strong>animum,</strong></span> <span class='ocrx_word' id='word_1_822' title='bbox 1251 2580 1330 2611; x_wconf 91' lang='lat' dir='ltr'><strong>iram,</strong></span> <span class='ocrx_word' id='word_1_823' title='bbox 1346 2580 1472 2614; x_wconf 76' lang='lat' dir='ltr'><strong>furerent,</strong></span> <span class='ocrx_word' id='word_1_824' title='bbox 1485 2580 1593 2614; x_wconf 89' lang='lat' dir='ltr'><strong>quidam</strong></span> <span class='ocrx_word' id='word_1_825' title='bbox 1608 2580 1705 2611; x_wconf 82' lang='lat' dir='ltr'><strong>etiam,</strong></span> <span class='ocrx_word' id='word_1_826' title='bbox 1722 2582 1833 2607; x_wconf 82' lang='lat' dir='ltr'><strong>animum</strong></span> 
     </span>
    </p>
   </div>
   <div class='ocr_carea' id='block_1_117' title="bbox 1055 2625 1834 2661">
    <p class='ocr_par' dir='ltr' id='par_1_117' title="bbox 1055 2625 1834 2661">
     <span class='ocr_line' id='line_1_118' title="bbox 1055 2625 1834 2661; baseline 0.001 -10"><span class='ocrx_word' id='word_1_827' title='bbox 1055 2634 1217 2660; x_wconf 84' lang='lat' dir='ltr'><strong>generosum.</strong></span> <span class='ocrx_word' id='word_1_828' title='bbox 1230 2625 1285 2660; x_wconf 82' lang='lat' dir='ltr'><strong>Ego</strong></span> <span class='ocrx_word' id='word_1_829' title='bbox 1294 2627 1384 2660; x_wconf 86' lang='lat' dir='ltr'><strong>potius</strong></span> <span class='ocrx_word' id='word_1_830' title='bbox 1392 2626 1570 2654; x_wconf 82' lang='lat' dir='ltr'><strong>iracundiam.</strong></span> <span class='ocrx_word' id='word_1_831' title='bbox 1580 2633 1642 2652; x_wconf 91' lang='lat' dir='ltr'><strong>cum</strong></span> <span class='ocrx_word' id='word_1_832' title='bbox 1654 2629 1834 2661; x_wconf 81' lang='lat' dir='ltr'><strong>generositate</strong></span> 
     </span>
    </p>
   </div>
   <div class='ocr_carea' id='block_1_118' title="bbox 1053 2671 1831 2705">
    <p class='ocr_par' dir='ltr' id='par_1_118' title="bbox 1053 2671 1831 2705">
     <span class='ocr_line' id='line_1_119' title="bbox 1053 2671 1831 2705; baseline 0.001 -8"><span class='ocrx_word' id='word_1_833' title='bbox 1053 2671 1195 2705; x_wconf 78' lang='lat' dir='ltr'><strong>eoujunxi,</strong></span> <span class='ocrx_word' id='word_1_834' title='bbox 1215 2676 1243 2699; x_wconf 92' lang='lat' dir='ltr'><strong>ut</strong></span> <span class='ocrx_word' id='word_1_835' title='bbox 1260 2672 1313 2698; x_wconf 79' lang='lat' dir='ltr'><strong>vim</strong></span> <span class='ocrx_word' id='word_1_836' title='bbox 1338 2671 1437 2699; x_wconf 61' lang='lat' dir='ltr'><strong>Graecae</strong></span> <span class='ocrx_word' id='word_1_837' title='bbox 1456 2673 1539 2702; x_wconf 85' lang='lat' dir='ltr'><strong>vocis,</strong></span> <span class='ocrx_word' id='word_1_838' title='bbox 1556 2676 1583 2698; x_wconf 91' lang='lat' dir='ltr'><strong>et</strong></span> <span class='ocrx_word' id='word_1_839' title='bbox 1600 2672 1687 2698; x_wconf 85' lang='lat' dir='ltr'><strong>leonis</strong></span> <span class='ocrx_word' id='word_1_840' title='bbox 1712 2677 1831 2700; x_wconf 88' lang='lat' dir='ltr'><strong>naturam</strong></span> 
     </span>
    </p>
   </div>
   <div class='ocr_carea' id='block_1_119' title="bbox 1055 2716 1833 2753">
    <p class='ocr_par' dir='ltr' id='par_1_119' title="bbox 1055 2716 1833 2753">
     <span class='ocr_line' id='line_1_120' title="bbox 1055 2716 1833 2753; baseline 0.003 -11"><span class='ocrx_word' id='word_1_841' title='bbox 1055 2716 1158 2743; x_wconf 78' lang='lat' dir='ltr'><strong>clarius</strong></span> <span class='ocrx_word' id='word_1_842' title='bbox 1179 2717 1354 2751; x_wconf 75' lang='lat' dir='ltr'><strong>explicarem.</strong></span> <span class='ocrx_word' id='word_1_843' title='bbox 1378 2717 1477 2749; x_wconf 84' lang='lat' dir='ltr'><strong>llorus,</strong></span> <span class='ocrx_word' id='word_1_844' title='bbox 1495 2717 1541 2744; x_wconf 92' lang='lat' dir='ltr'><strong>lib.</strong></span> <span class='ocrx_word' id='word_1_845' title='bbox 1559 2724 1588 2748; x_wconf 90' lang='lat' dir='ltr'><strong>ll,</strong></span> <span class='ocrx_word' id='word_1_846' title='bbox 1603 2724 1666 2751; x_wconf 85' lang='lat' dir='ltr'><strong>cap.</strong></span> <span class='ocrx_word' id='word_1_847' title='bbox 1687 2718 1737 2750; x_wconf 85' lang='lat' dir='ltr'><strong>l7,</strong></span> <span class='ocrx_word' id='word_1_848' title='bbox 1756 2718 1833 2753; x_wconf 73' lang='grc' dir='ltr'><strong>θυμὸν</strong></span> 
     </span>
    </p>
   </div>
   <div class='ocr_carea' id='block_1_120' title="bbox 1054 2763 1832 2798">
    <p class='ocr_par' dir='ltr' id='par_1_120' title="bbox 1054 2763 1832 2798">
     <span class='ocr_line' id='line_1_121' title="bbox 1054 2763 1832 2798; baseline 0 -9"><span class='ocrx_word' id='word_1_849' title='bbox 1054 2763 1206 2798; x_wconf 80' lang='grc' dir='ltr'><strong>βουλόμενοι</strong></span> <span class='ocrx_word' id='word_1_850' title='bbox 1220 2763 1337 2798; x_wconf 76' lang='grc' dir='ltr'><strong>δηλῶσαι</strong></span> <span class='ocrx_word' id='word_1_851' title='bbox 1347 2763 1440 2790; x_wconf 75' lang='grc' dir='ltr'><strong>λέοντα</strong></span> <span class='ocrx_word' id='word_1_852' title='bbox 1452 2763 1652 2798; x_wconf 77' lang='grc' dir='ltr'><strong>ζωγραφοῦσιν.</strong></span> <span class='ocrx_word' id='word_1_853' title='bbox 1667 2763 1722 2791; x_wconf 88' lang='lat' dir='ltr'><strong>Sed</strong></span> <span class='ocrx_word' id='word_1_854' title='bbox 1734 2764 1832 2791; x_wconf 74' lang='lat' dir='ltr'><strong>iliﬂicile</strong></span> 
     </span>
    </p>
   </div>
   <div class='ocr_carea' id='block_1_121' title="bbox 1053 2809 1830 2845">
    <p class='ocr_par' dir='ltr' id='par_1_121' title="bbox 1053 2809 1830 2845">
     <span class='ocr_line' id='line_1_122' title="bbox 1053 2809 1830 2845; baseline 0.001 -11"><span class='ocrx_word' id='word_1_855' title='bbox 1053 2813 1094 2835; x_wconf 70' lang='lat' dir='ltr'><strong>est.</strong></span> <span class='ocrx_word' id='word_1_856' title='bbox 1127 2816 1236 2836; x_wconf 88' lang='lat' dir='ltr'><strong>causam</strong></span> <span class='ocrx_word' id='word_1_857' title='bbox 1264 2810 1453 2845; x_wconf 77' lang='lat' dir='ltr'><strong>generositatis</strong></span> <span class='ocrx_word' id='word_1_858' title='bbox 1481 2809 1652 2844; x_wconf 86' lang='lat' dir='ltr'><strong>potissimam</strong></span> <span class='ocrx_word' id='word_1_859' title='bbox 1691 2811 1830 2845; x_wconf 75' lang='lat' dir='ltr'><strong>explicare.</strong></span> 
     </span>
    </p>
   </div>
   <div class='ocr_carea' id='block_1_122' title="bbox 1053 2854 1683 2890">
    <p class='ocr_par' dir='ltr' id='par_1_122' title="bbox 1053 2854 1683 2890">
     <span class='ocr_line' id='line_1_123' title="bbox 1053 2854 1683 2890; baseline -0.002 -9"><span class='ocrx_word' id='word_1_860' title='bbox 1053 2854 1194 2886; x_wconf 79' lang='lat' dir='ltr'><strong>Martialis,</strong></span> <span class='ocrx_word' id='word_1_861' title='bbox 1211 2855 1256 2882; x_wconf 84' lang='lat' dir='ltr'><strong>lib.</strong></span> <span class='ocrx_word' id='word_1_862' title='bbox 1274 2863 1323 2885; x_wconf 83' lang='lat' dir='ltr'><strong>xu.</strong></span> <span class='ocrx_word' id='word_1_863' title='bbox 1345 2855 1476 2890; x_wconf 81' lang='lat' dir='ltr'><strong>cpigram.</strong></span> <span class='ocrx_word' id='word_1_864' title='bbox 1493 2855 1526 2882; x_wconf 89' lang='lat' dir='ltr'><strong>de</strong></span> <span class='ocrx_word' id='word_1_865' title='bbox 1546 2854 1659 2890; x_wconf 79' lang='lat' dir='ltr'><strong>Ligurra</strong></span> <span class='ocrx_word' id='word_1_866' title='bbox 1677 2864 1683 2880; x_wconf 84' lang='lat'>:</span> 
     </span>
    </p>
   </div>
   <div class='ocr_carea' id='block_1_123' title="bbox 1023 2218 1042 2245">
    <p class='ocr_par' dir='ltr' id='par_1_123' title="bbox 1023 2218 1042 2245">
     <span class='ocr_line' id='line_1_124' title="bbox 1023 2218 1042 2245; baseline 0 0"><span class='ocrx_word' id='word_1_867' title='bbox 1023 2218 1042 2245; x_wconf 90' lang='lat' dir='ltr'><strong>D</strong></span> 
     </span>
    </p>
   </div>
  </div>
