1897 3073
73 105 121 132 9‘25

176 162 209 198 In
232 168 324 191 (miros
337 163 429 198 Libyci
447 168 525 190 ruunt
540 164 624 190 leones
636 184 644 194 ,

179 197 242 225 Non
263 204 326 226 sunt
341 197 517 234 papilionibus
532 199 645 226 molesti.

869 166 890 195 Α

76 255 213 282 Μαιιὴαξυς
231 254 368 286 Badcrus,
385 262 465 290 quem
491 262 597 288 semper
618 254 790 284 eruditionis,
807 254 853 280 do-

75 300 173 331 ctrinae,
190 300 388 335 elegantiaaque
409 307 474 334 ergo
488 300 637 326 admiratus
658 307 728 329 sum.
748 307 855 334 quoque

75 345 206 373 monachii
222 345 439 373 familiarissime
455 353 521 373 usus
539 353 610 376 sum,
633 344 695 372 dum
712 344 855 372 bibliothe-

74 399 129 418 cam
156 390 310 418 Palatinam
341 390 527 426 Heidelherga.
557 392 671 426 spolium
703 391 811 422 factam,
828 395 855 418 ct

75 442 200 471 tropmum
225 438 340 464 missam
365 437 496 472 Gregorio
509 437 615 465 decimo
629 437 725 472 quinto
737 445 751 464 ιι
769 436 854 464 Maxi-

74 482 181 508 miliano
206 483 355 518 utriusque
379 483 499 510 Bavariat
525 483 594 511 duce
626 483 717 518 (cujus
744 483 856 510 eximias

75 528 163 556 laudes
189 533 217 556 et
236 529 362 562 virtutes,
376 529 501 564 pietatem
528 530 554 556 in
578 529 672 560 Deum,
691 529 810 556 animum
827 528 854 556 in

75 574 230 609 religionem
255 575 418 603 catholicam
434 575 587 608 ardentem,
603 576 629 603 in
645 576 770 603 subditos
786 575 854 602 libe-

75 619 164 651 ralem,
176 621 203 647 in
218 621 290 648 alios
307 629 479 656 generosum,
487 628 624 649 austerum
642 622 668 648 in
680 622 855 657 semetipsum

75 665 179 692 silentio
206 666 251 693 hic
265 673 405 700 praetereo,
422 667 482 693 aliis
499 666 678 700 σαλπιγκταῖς
699 675 729 693 τε
745 667 791 693 καὶ¹
805 667 854 702 κή-

76 711 130 747 ρυξι
148 711 260 746 pondus
285 712 336 739 hoc
356 716 384 739 et
409 712 527 739 laborem
548 711 726 747 relinquens),
741 711 856 738 Romam

74 757 300 785 transvehendam
327 765 464 789 curarem,
481 766 563 793 quam
591 758 700 786 tandem
729 758 775 785 Dei
796 766 856 785 mu-

74 810 145 833 nere,
168 807 195 830 et
219 804 290 830 tanti
311 803 443 838 principis
468 804 565 839 gloria,
578 811 639 838 ope,
659 811 691 831 ac
716 803 854 830 beneﬁciis

74 855 163 874 sanam
183 848 405 883 incolumemque
421 849 568 880 transvexi,
597 849 718 884 inquam,
730 848 853 876 Raderus
870 843 890 870 Β

74 893 166 921 ibidem
195 894 262 921 ait:
287 893 338 921 Leo
369 895 555 928 γενναιότατον
579 894 672 930 Θηρίον
700 902 751 921 non
779 897 853 921 sttuit

73 940 98 965 in
112 938 246 972 bestiolas,
258 945 283 968 et
297 941 408 968 minores
423 941 506 975 feras,
523 941 656 972 hinnulos,
675 941 783 975 lepores,
804 949 852 967 cu-

75 985 180 1016 niculos,
195 985 281 1013 multo
303 987 388 1012 minus
409 986 567 1020 papiliones,
589 986 633 1013 sed
650 987 677 1012 in
700 991 801 1018 tauros,
816 987 863 1013 inm

74 1036 205 1066 gentesque
221 1033 323 1060 belluas
334 1054 341 1066 ,
357 1033 432 1067 cujus
454 1033 594 1067 ingenii,et
608 1033 704 1060 indolis
719 1033 801 1068 fuisse
816 1034 853 1060 le-

73 1084 165 1114 guntur
187 1084 213 1106 et
235 1088 315 1106 canes
341 1080 411 1114 apud
436 1079 565 1111 Plinium,
584 1080 630 1106 lib.
649 1087 707 1111 vui,
730 1086 790 1114 cap.
805 1080 850 1112 40,

74 1125 142 1151 missi
158 1125 313 1152 Alexandro
329 1125 515 1156 Macedonum,
532 1128 586 1152 etc.
612 1125 736 1152 Albanus
762 1129 851 1153 tamen

73 1170 107 1197 ita
120 1178 152 1198 ex
167 1171 220 1198 hac
235 1173 419 1206 generositate
436 1171 522 1198 delabi
536 1170 630 1202 refert,
648 1175 677 1197 ut
693 1175 853 1198 assuescant

75 1217 248 1244 mansuefarti
262 1225 277 1245 a
293 1218 482 1247 venatoribus,
503 1217 585 1243 veluti
601 1223 684 1244 canes
699 1217 732 1243 ad
748 1225 852 1244 venan-

73 1259 118 1288 dos
139 1261 280 1296 hinnulos,
297 1270 388 1297 apros,
402 1270 498 1290 cervos
511 1266 538 1290 et
560 1263 621 1294 alia,
639 1261 686 1289 lib.
703 1269 769 1294 xvn,
791 1270 850 1297 cap.

73 1305 114 1338 26,
132 1310 158 1334 et
182 1307 259 1335 hunc
279 1307 379 1335 [Elzani
406 1308 494 1334 locum
516 1309 543 1334 in
568 1308 626 1335 suis
656 1307 803 1335 Comment.
826 1308 851 1334 in

74 1351 241 1385 Martialem;
255 1354 302 1380 lib.
314 1362 333 1385 ι,
342 1354 412 1389 epig.
425 1354 451 1385 9,
465 1354 522 1389 ipse
534 1353 658 1381 Baderus
669 1355 771 1386 retulit,
783 1354 814 1380 Εἰ
824 1354 852 1381 δὲ

73 1397 165 1425 ἁλῶναι
176 1399 326 1435 δυνηθεῖεν,
338 1400 503 1434 πραΰνονται
511 1408 552 1433 γε,
562 1399 617 1426 ἀλλ’
627 1400 676 1435 οὺχ
686 1401 710 1426 ol.
721 1400 850 1435 μέγιστοι,

73 1444 115 1471 καὶ
127 1445 292 1481 ἡμεροῦνταί
301 1454 342 1479 γε.
352 1445 398 1472 καὶ
411 1445 530 1479 γίνονταί
539 1454 570 1479 γε
582 1446 804 1481 ρᾷστατιθασσῡὶ,
814 1446 851 1478 ὡς

74 1489 143 1524 ἄγειν
155 1499 184 1517 τε
195 1491 248 1518 ὑπὸ
261 1491 387 1526 ῥυτῆρος,
396 1490 521 1517 καὶκατὰ
529 1492 704 1525 κυναγωγοὺς
713 1492 760 1517 ἐπὶ
768 1491 850 1527 θήραν
865 1515 886 1543 C

73 1536 199 1572 κεμάδων,
206 1538 255 1564 καὶ
260 1537 376 1571 ἐλάφων.
384 1537 429 1563 καὶ
436 1537 517 1568 συῶν,
527 1537 572 1563 καὶ
577 1537 742 1573 ταύρων,καὶ
749 1538 852 1573 ἀγρίων

72 1583 142 1609 ὄνων·
159 1584 212 1610 εἰσὶ
222 1584 278 1620 γὰρ
290 1584 335 1610 καὶ
347 1584 533 1620 ρινηλατῆσαι,
548 1584 585 1615 ὡς
595 1584 697 1616 ἀκούω,
712 1584 801 1611 δεινοί.
820 1584 852 1611 Et

51 1656 56 1662 I
75 1628 174 1658 Marcus
184 1630 263 1658 Pauli
282 1630 410 1662 Venetus,
428 1630 474 1657 lib.
488 1630 553 1657 "De
567 1630 684 1657 moribus
696 1635 721 1657 et
734 1635 850 1657 consuet.

74 1674 169 1706 Orient.
201 1678 335 1712 regionum
363 1681 386 1703 el
411 1676 596 1708 Tartarorum,
611 1677 645 1703 de
662 1684 760 1711 ωδεηο
784 1676 851 1703 Kam

75 1723 149 1750 verba
166 1723 279 1754 faciens,
295 1722 390 1755 llabet,
404 1722 509 1754 scribit,
539 1730 585 1749 rea:
602 1731 649 1756 pro
661 1731 716 1750 sua:
732 1723 849 1749 venatio-

76 1768 111 1794 nis
124 1769 218 1797 solatio
236 1769 376 1804 leopardos
390 1769 484 1795 multos
498 1768 666 1800 domesticos,
678 1769 723 1803 qui
737 1777 797 1796 cum
809 1769 853 1795 ho-

75 1815 179 1842 minibus
200 1815 235 1842 ad
258 1815 417 1842 uenationem
443 1814 541 1841 assueti
567 1819 638 1847 sunt,
655 1819 680 1841 et
704 1823 750 1849 pro
774 1815 851 1849 hujus

75 1862 200 1889 uenatione
217 1861 318 1896 optimi,
335 1861 482 1896 multasque
501 1859 596 1887 bestias
610 1861 726 1895 capiunt.
748 1861 850 1888 Simili—

75 1910 109 1932 ter
123 1906 217 1935 linceos
244 1907 320 1934 habet
348 1906 382 1933 ad
412 1906 556 1934 venandum
586 1907 740 1934 industrios.
767 1907 851 1934 liabet

74 1952 146 1979 etiam
161 1953 246 1981 leones
270 1954 399 1980 maximos
415 1957 439 1980 et
451 1952 650 1987 pulcherrimos.
670 1952 781 1987 mcj'orcs
796 1953 850 1980 illis

74 1998 114 2031 qui
126 1999 152 2026 in
173 1999 323 2034 Babylonia
338 2004 409 2031 sunt,
423 1999 468 2034 qui
482 1999 508 2026 in
524 1999 577 2033 pilo
603 1999 710 2033 pellium
738 1999 850 2034 ungulas

74 2043 160 2072 habent
177 2055 224 2081 per
245 2046 349 2081 longum
367 2046 463 2072 coloris
479 2045 557 2076 varii,
573 2046 640 2079 nigri
652 2051 676 2072 et
693 2045 776 2072 rubri.
797 2045 849 2078 Qui

73 2089 147 2117 etiam
162 2091 234 2119 docti
257 2097 317 2119 sunt
343 2100 402 2118 cum
425 2086 573 2118 hominibus
599 2091 698 2122 venari,
717 2095 742 2117 et
759 2098 847 2124 apros,

74 2143 152 2168 ursos,
168 2146 266 2167 cervos.
294 2145 398 2172 capras,
424 2146 548 2172 onagros,
570 2136 695 2171 bovesque
717 2136 848 2163 silvestres

74 2189 126 2209 cum
152 2184 318 2211 venatoribus
346 2192 446 2218 capere.
480 2182 591 2216 Quando
623 2183 690 2217 regis
717 2187 849 2209 venatores
867 2188 888 2217 ί)

75 2228 152 2256 leones
170 2230 258 2258 uolunt
274 2237 360 2257 secum
384 2230 418 2256 ad
436 2229 597 2256 venationem
612 2229 714 2260 ducere,
737 2229 801 2255 duos
816 2236 848 2254 ex

73 2275 105 2299 «tis
117 2275 143 2302 in
158 2277 246 2303 calvea
270 2276 378 2308 ducunt,
394 2284 505 2311 quorum
524 2275 631 2311 quilibet
651 2276 757 2302 comites
772 2275 848 2302 habet

75 2322 168 2354 aquilas
180 2323 277 2349 multas
293 2322 525 2357 domesticas,qum
537 2322 602 2348 adeo
622 2321 719 2356 feroces
732 2327 801 2352 sunt,
820 2326 848 2348 ut

74 2365 175 2400 lepores,
188 2377 294 2404 capras,
308 2368 442 2401 damulas,
458 2368 545 2402 vulpes
563 2369 669 2401 capiant
684 2377 693 2394 :
709 2367 773 2394 intes
783 2375 847 2402 quas

76 2414 149 2439 tanta:
164 2414 285 2441 audacia
306 2414 430 2448 plurima:
447 2420 518 2445 sunt,
537 2417 565 2439 ut
585 2421 679 2447 magno
698 2413 793 2446 impetu
821 2413 849 2439 in

84 2465 143 2492 "pos
156 2460 287 2493 insiliant,
305 2469 350 2487 nec
364 2459 396 2486 ab
411 2460 447 2486 eis
464 2468 490 2486 se
503 2460 604 2494 possint
621 2459 676 2493 lupi
700 2459 847 2493 defendere,

74 2503 147 2532 donec
161 2507 311 2541 capiantur.
335 2505 456 2533 Leonum
472 2506 563 2540 itaque
580 2505 771 2540 generositatis
787 2513 849 2532 cau-

77 2554 128 2575 iam
138 2552 168 2578 ad
182 2552 254 2579 aliud
272 2558 354 2587 caput
374 2552 484 2579 videtur
504 2551 605 2578 referre
621 2551 691 2578 idem
710 2550 847 2581 Elianus,

76 2593 118 2621 lib.
136 2603 241 2631 lv,cap.
260 2597 306 2624 25.
318 2596 395 2630 Quod
417 2604 470 2623 non
486 2596 567 2623 simul
583 2597 634 2629 leo,
644 2600 670 2622 et
686 2596 779 2628 leaena,
801 2595 848 2623 sed

76 2641 180 2668 seorsim
207 2642 240 2669 ad
267 2643 438 2670 venationem
467 2645 494 2669 et
519 2646 611 2676 potum
640 2642 748 2674 abeant,
775 2642 847 2677 quod

76 2685 127 2712 suis
143 2693 256 2723 uterque
280 2689 384 2716 viribus
404 2688 536 2721 conlisus,
561 2688 674 2716 alterius
688 2696 766 2723 opem
794 2697 847 2715 non

76 2729 210 2762 desideret.
232 2736 314 2762 Δύκω
331 2736 463 2770 own/dum,
482 2735 527 2761 καὶ
543 2735 626 2766 ἵππω,
643 2735 732 2761 λέοντέ
745 2743 777 2770 γε
796 2734 848 2770 μὴν

75 2777 118 2803 οὒκ
128 2779 210 2808 ἐστόν.
226 2781 327 2808 Λέαινα
339 2781 394 2816 γὰρ
407 2782 452 2808 καὶ
462 2781 530 2807 λέων
539 2780 600 2807 οὔτε
612 2781 660 2816 τὴν
671 2780 754 2815 αὐτὴν
766 2781 846 2811 ἴασιν,

76 2820 130 2849 οὔτε
147 2825 191 2852 ἐπὶ
207 2826 303 2863 θήρας,
319 2826 380 2853 οὔτε
397 2827 528 2861 πιόμενοι.
550 2826 585 2853 Τὺ
605 2827 632 2854 δὲ
652 2827 736 2854 αἴτιον
754 2828 785 2861 τῇ
803 2826 846 2853 τοῦ

622 104 654 131 IN
677 104 861 133 El‘STATHll
883 104 1116 133 HEXAEMERON
1131 102 1250 132 NOT/E.

1633 108 1685 135 926

905 163 1030 199 σώματος
1045 163 1124 200 ῥώμῃ
1134 164 1296 200 θαρροῦντος
1304 165 1396 201 ἄμφω,
1409 163 1468 192 εἶτα
1475 167 1505 192 οὗ
1515 166 1598 193 δεῖται
1608 166 1686 194 θατέ-

906 216 952 243 ρου
961 210 974 235 ὁ
983 208 1083 244 ἕτερος,
1093 208 1130 240 ὥς
1139 218 1219 243 φασιν
1227 211 1249 236 ol
1262 210 1448 247 πρεσϐύτεροι.
1455 210 1569 243 Plinius,
1576 211 1684 243 lib.vm,

904 263 964 289 cap.
978 255 1020 286 16,
1038 255 1106 283 alias
1121 255 1202 290 hujus
1217 257 1255 283 rei
1267 264 1364 284 causas
1374 257 1467 285 all’evt:
1481 257 1646 286 Generosius
1658 259 1685 285 in

905 300 1026 334 periculis
1043 301 1157 328 niarime
1167 301 1367 335 deprehenditur
1382 310 1390 328 :
1403 312 1453 330 non
1469 304 1496 330 in
1509 304 1554 330 illo
1570 308 1686 331 tantum-

909 345 997 377 modo,
1019 346 1087 381 quod
1104 355 1225 381 spernens
1239 348 1289 375 tela
1306 348 1352 375 diu
1366 357 1392 376 se
1406 355 1502 377 terrore
1516 350 1572 377 solo
1588 355 1684 381 tuetur,

907 400 938 419 ac
959 393 1030 419 velut
1045 393 1102 428 cogi
1120 398 1230 420 testatur
1244 402 1252 420 :
1264 395 1428 430 cooriturque
1439 404 1490 423 non
1508 400 1632 431 tanquam
1646 404 1688 431 pe-

906 439 989 466 riculo
1001 444 1117 470 coactus,
1129 440 1174 466 sed
1190 445 1313 475 tanquam
1329 441 1450 468 amentia:
1460 442 1554 469 iratus.
1571 441 1626 468 Illa
1640 450 1688 469 no~

1704 470 1711 486 Ι

906 483 984 510 bilior
1010 485 1094 511 animi
1115 485 1285 519 signiﬁcatio,
1312 485 1454 520 quamlibet
1474 494 1569 521 magna
1592 483 1708 528 canum;

904 535 929 557 et
959 532 1111 558 venantium
1133 536 1238 566 urgente
1263 531 1299 561 ci.
1316 531 1495 564 contemptim,
1514 533 1688 567 restitansque

906 577 979 604 cedit
994 577 1021 603 in
1038 576 1137 610 campis
1150 581 1172 603 et
1195 577 1239 602 ubi
1258 578 1369 609 spectari
1380 578 1476 611 potest.
1491 576 1564 604 Idem
1581 577 1624 604 ubi
1635 586 1688 604 ctr-

907 613 982 658 g‘ulta
1005 622 1140 657 silvasque
1158 628 1310 656 penetravit,
1335 625 1463 650 acerrimo
1487 631 1566 650 cursu
1593 623 1686 658 fertur,

906 669 975 696 velut
999 668 1172 696 abscondente
1189 669 1375 703 turpitudinem
1396 670 1462 697 loco.
1477 669 1576 697 Noster
1592 674 1686 697 auctor

905 715 1038 750 quasdam
1063 722 1096 742 ex
1123 715 1167 742 his
1192 715 1298 749 attigit,
1317 715 1384 743 alias
1411 716 1544 759 adjuqxit,
1562 716 1626 743 dum
1648 716 1686 743 illi

907 760 1083 788 solitudinem
1105 766 1132 788 et
1152 768 1290 788 recessum
1313 761 1412 793 amica,
1431 766 1458 789 et
1471 762 1548 790 cibos
1559 765 1686 790 externos

904 806 1080 844 dedignando
1098 814 1183 834 novos
1196 813 1338 842 capessere
1353 806 1476 834 alIirmat.

942 852 1021 884 Ibid.,
1047 853 1095 880 lin.
1110 853 1155 880 49.
1180 853 1256 880 οὐδὲ
1280 853 1383 887 χθιζὴν
1410 853 1536 888 τροφήν.
1561 853 1687 881 Elianus

903 897 941 924 De
962 897 1023 924 hist.
1039 897 1161 930 auimal.,
1179 897 1224 924 lib.
1242 906 1268 929 ν,
1285 905 1344 932 cap.
1363 897 1407 930 59,
1423 898 1505 932 hujus
1522 899 1561 925 rei
1576 906 1685 925 causam

903 948 929 972 et
946 944 1056 970 modum
1072 948 1175 978 narrat,
1185 952 1237 972 nec
1252 944 1278 971 in
1294 944 1420 971 omnibus
1436 951 1528 972 verum
1543 952 1603 972 esse
1617 945 1684 971 vult.

904 990 988 1017 Ὅταν
1001 990 1029 1017 δὲ
1044 991 1084 1022 είς
1100 990 1179 1026 κόρον
1199 990 1353 1026 ἐμπλησθῇ,
1374 990 1496 1025 βούλεται
1514 990 1561 1025 μὲν
1575 991 1686 1026 ταμιεύ-

904 1035 1000 1061 σασθαι
1015 1035 1062 1061 καὶ
1090 1035 1211 1067 εἰσαῦθις
1227 1034 1308 1066 αἰδὼς
1326 1035 1354 1062 δὲ
1380 1035 1449 1070 ἴσχει
1465 1036 1545 1062 αὑτὸν
1560 1038 1686 1071 φρουρεῖν

903 1080 1104 1116 παραμένοντα,
1116 1081 1154 1113 ὼς
1168 1081 1270 1117 τροφῆς
1282 1081 1358 1116 χήτει
1372 1080 1449 1116 λιμὸν
1458 1081 1570 1108 δεδιότα.
1583 1081 1686 1108 Οὐκοῦν

902 1125 1054 1161 περιχανὼν
1069 1127 1166 1161 ἐμπνεί
1183 1126 1231 1162 μὲν
1252 1126 1299 1152 τοῦ
1315 1126 1375 1153 καθ’
1389 1126 1468 1152 αὑτὸν
1481 1126 1626 1161 ἄσθματος,
1639 1127 1686 1153 καὶ

902 1171 988 1206 τούτῳ
1002 1171 1051 1206 τὴν
1065 1171 1186 1207 φυλακὴν
1207 1171 1357 1207 ἐπιτρέπει,
1370 1171 1568 1198 ἀπαλλάττεταὶ
1585 1179 1615 1205 γε
1633 1172 1685 1206 μὴν

902 1216 992 1248 αὑτός.
1007 1215 1047 1243 Ta
1065 1217 1093 1243 δὲ
1111 1216 1177 1243 ἄλλα
1192 1216 1248 1248 ζῶα
1265 1217 1375 1252 ἥκοντα,
1395 1217 1441 1243 καὶ
1461 1216 1606 1252 αἰσθόμενα
1619 1217 1685 1243 ὅπου

901 1261 1024 1296 λείψανον
1040 1262 1096 1288 ἐστι
1109 1262 1139 1288 τὸ
1154 1262 1287 1296 κείμενον,
1301 1263 1331 1288 οὑ
1348 1262 1466 1297 τολμῶσι
1482 1261 1684 1298 προσάψασθαι,

902 1307 958 1333 ἀλλ’
973 1307 1171 1334 ἀπαλλάττεται
1187 1307 1289 1334 δεδιότα
1304 1307 1389 1334 δοκεῖν
1405 1308 1496 1343 συλᾷν,
1517 1308 1563 1334 καὶ
1575 1309 1686 1344 περικό-

903 1361 978 1379 πτειν
999 1362 1024 1380 τι
1039 1352 1085 1380 τοῦ
1109 1353 1237 1389 σφετέρου
1254 1353 1392 1388 βασιλέως.
1410 1353 1461 1380 Τὸν
1477 1354 1506 1381 δὲ
1520 1355 1583 1390 ἄρα,
1595 1355 1619 1380 εἱ
1638 1355 1686 1389 μὲν

902 1399 1015 1436 εὺοηρία
1030 1400 1134 1434 γένοιτο
1150 1401 1197 1427 καὶ
1214 1399 1318 1434 ἐτέρου,
1344 1400 1389 1426 καὶ
1411 1401 1533 1435 εὑερμία.
1548 1400 1616 1436 λήθη
1640 1401 1685 1427 τοῦ

903 1446 1010 1482 πρώτου
1025 1447 1166 1482 λαμὸάνει,
1180 1447 1226 1473 καὶ
1243 1447 1279 1478 ὠς
1293 1446 1374 1473 ἕωλον
1387 1447 1532 1481 ἀτιμάσας,
1549 1447 1686 1474 ἀπαλλάτ-

902 1502 988 1524 τεται,
998 1494 1024 1519 εἰ
1037 1493 1065 1519 δὲ
1080 1492 1117 1528 μὴ
1123 1493 1166 1524 ὡς
1182 1493 1224 1519 ἐπ’
1239 1493 1336 1519 οἰκεῖον
1350 1492 1524 1528 θησαύρισμα
1536 1494 1688 1529 παραγένε-

902 1549 956 1567 ται.
974 1539 1070 1568 Eadem
1087 1540 1167 1567 habet
1182 1538 1258 1566 Phile
1274 1539 1301 1566 in
1317 1538 1427 1571 iambis,
1443 1540 1579 1574 quomodo
1596 1544 1685 1568 autem

902 1589 1028 1613 vescatur
1048 1585 1177 1612 carnibus
1199 1588 1226 1611 et
1250 1583 1311 1611 cibo
1335 1587 1426 1611 utatur
1457 1585 1611 1616 immodico,
1627 1585 1686 1612 ine-

902 1630 1028 1665 diamque
1051 1632 1177 1665 patiatur,
1197 1630 1292 1657 scribit
1314 1629 1483 1662 Aristoteles,
1508 1629 1545 1657 De
1574 1631 1685 1658 historia

902 1676 995 1708 anim.,
1009 1676 1055 1703 lib.
1072 1684 1130 1708 vni,
1148 1683 1207 1710 cap.
1219 1675 1244 1703 5.

937 1721 1004 1749 lhid.
1036 1722 1084 1750 lin.
1114 1722 1158 1750 30.
1187 1720 1303 1754 ὀξεῖαν
1328 1720 1354 1747 δ’
1381 1721 1515 1755 ἕχειτὴν
1530 1721 1684 1756 αἴσθησιν.

902 1768 1039 1800 ΑΞΙὶιυιυε,
1055 1768 1103 1796 lib.
1120 1776 1188 1800 xvu,
1213 1776 1274 1804 cap.
1289 1768 1334 1800 26,
1347 1768 1407 1795 Εἰσὶ
1420 1767 1472 1804 γὰρ
1488 1767 1525 1799 ὼς
1535 1767 1625 1794 ἀκούω
1640 1768 1686 1794 καὶ

903 1814 1078 1850 ρινηλατῆσαι
1093 1814 1173 1841 δεινοί
1177 1835 1184 1842 .

938 1859 1017 1892 Ibid.,
1046 1860 1092 1886 lin.
1121 1860 1165 1888 52.
1193 1860 1233 1887 Τὰ
1255 1861 1324 1895 ἴχνη
1339 1859 1375 1894 τῇ
1389 1860 1477 1893 σόϐῃ.
1490 1858 1627 1890 λΕΙίαηυε,
1646 1857 1686 1885 De

900 1906 994 1933 histor.
1012 1906 1134 1937 animal.,
1156 1907 1202 1933 lib.
1219 1915 1257 1938 Ix,
1277 1913 1337 1941 cap.
1355 1905 1399 1937 50,
1420 1905 1494 1932 Λέων
1509 1905 1536 1932 δὲ
1553 1905 1615 1932 ὅταν
1637 1904 1685 1940 βα-

900 1950 959 1987 δίζῃ
974 1951 1023 1977 οὐκ
1037 1950 1172 1986 εὐθύωρον
1191 1951 1323 1986 πρόεισιν,
1338 1950 1398 1977 οὐδὲ
1414 1951 1446 1986 es
1461 1949 1515 1976 τῶν
1530 1949 1609 1985 ἰχνῶν
1624 1950 1686 1976 ἑαυ-

899 1995 945 2022 τοῦ
960 1995 1033 2022 ἁπλᾶ
1046 1994 1115 2023 εἶναι
1129 1997 1175 2022 καὶ
1188 1997 1221 2023 τὰ
1239 1996 1396 2031 ἰνδάλματα,
1413 1995 1480 2023 ἀλλὰ
1501 1995 1538 2031 πὴ
1553 1996 1601 2031 μὲν
1617 1996 1684 2032 πρό-

900 2050 963 2074 εισι,
979 2042 1016 2077 πὴ
1027 2041 1055 2068 δὲ
1070 2043 1202 2074 ἐπάνεισι,
1218 2043 1265 2069 καὶ
1277 2041 1309 2070 αὖ
1325 2043 1404 2070 πάλιν
1419 2042 1465 2070 τοῦ
1481 2042 1573 2078 πρόσω
1584 2043 1684 2078 ἔχεται,

901 2089 947 2115 καὶ
966 2089 1056 2124 μέντοι
1071 2089 1118 2116 καὶ
1132 2088 1199 2115 ἵεται
1223 2089 1384 2125 τοῦμπαλιν.
1401 2087 1468 2116 Εἶτα
1488 2090 1625 2125 προχωρεῖ
1636 2090 1685 2125 τὴν

900 2134 967 2166 ὁδὸν,
983 2135 1029 2161 καὶ
1056 2134 1180 2169 ἀφανίζει
1195 2137 1249 2167 τοῖς
1268 2136 1398 2172 θηραταῖς
1416 2136 1483 2162 ἰέναι
1500 2135 1570 2162 κατὰ
1585 2134 1684 2167 στίϐον,

901 2181 950 2216 τὴν
967 2180 1073 2212 ἑαυτοῦ,
1085 2181 1130 2207 καὶ
1142 2181 1239 2216 ῥᾳδίως
1251 2181 1299 2216 τὴν
1315 2182 1407 2218 κοίτην
1421 2182 1486 2209 ἔνθα
1506 2181 1682 2213 ἀναπαύεται,

899 2227 945 2253 καὶ
970 2227 1040 2253 οἰκεῖ
1064 2227 1111 2253 σὺν
1135 2228 1191 2258 τοῖς
1215 2226 1345 2262 σκύμνοις
1365 2228 1510 2263 εὑρίσκειν.
1528 2226 1562 2254 Et
1587 2226 1684 2254 Petrus

900 2271 1059 2303 Damianus,
1078 2272 1124 2299 lib.
1146 2279 1175 2303 ιι,
1192 2272 1273 2306 epist.
1289 2272 1332 2304 18,
1352 2271 1402 2299 Leo
1416 2280 1475 2299 cum
1489 2281 1505 2299 a
1518 2271 1683 2298 venatoribus

897 2317 1035 2350 quarritur,
1052 2325 1141 2344 eorum
1155 2317 1274 2351 protinus
1304 2316 1382 2343 odore
1408 2321 1528 2351 concepto
1551 2321 1579 2342 ut
1596 2324 1683 2352 perse-

897 2364 1029 2398 quentium
1052 2371 1079 2390 se
1100 2363 1207 2389 deludat
1221 2363 1380 2397 indaginem,
1398 2367 1507 2390 uersutia
1519 2362 1596 2389 struit
1610 2361 1684 2396 [rau-

898 2410 1023 2437 dulentite
1054 2411 1206 2437 novitatem.
1239 2409 1360 2436 Caudam
1392 2409 1484 2444 quippe
1516 2415 1560 2442 per
1586 2413 1682 2435 terram

900 2456 1005 2483 trahens
1030 2457 1139 2492 uestigia
1159 2465 1208 2483 sua
1225 2456 1288 2483 dum
1304 2455 1425 2491 graditur
1439 2455 1530 2489 operit,
1543 2455 1630 2489 sicque
1642 2463 1684 2482 ιτ-

900 2504 1019 2530 nantium
1033 2504 1139 2538 laqueos
1155 2513 1185 2530 ne
1201 2505 1321 2538 capiatur
1333 2502 1427 2530 euadit.

934 2548 1013 2582 lbid.,
1030 2550 1077 2576 lin.
1095 2550 1137 2577 54.
1156 2550 1254 2585 Hippoc
1274 2549 1308 2577 δὲ
1321 2549 1413 2576 αὑτοῦ
1427 2550 1452 2575 ό.
1471 2547 1586 2574 Leonem
1604 2546 1679 2574 nasci

898 2595 986 2622 oculis
1006 2596 1106 2630 apertis
1123 2595 1292 2622 Democritus
1320 2594 1419 2626 aiebat,
1441 2597 1570 2627 tanquam
1588 2591 1680 2619 statim

898 2648 913 2668 a
927 2645 1006 2676 partu
1023 2641 1194 2668 iracundum.
1211 2641 1346 2672 Elianus,
1365 2640 1413 2666 lib.
1429 2637 1584 2674 v,cap.39:
1600 2637 1681 2672 Λέγει

898 2686 1066 2722 Δημόκριτος
1083 2686 1137 2712 τῶν
1162 2686 1238 2719 ζώων
1265 2686 1343 2721 μόνον
1364 2685 1410 2712 τὸν
1435 2684 1528 2710 λέοντα
1544 2683 1683 2709 ἐκπεπτω-

900 2733 989 2768 μένοις
1015 2731 1152 2759 τίκτεσθαι
1173 2734 1228 2764 τοῖς
1252 2732 1410 2767 ὀφθαλμοῖς,
1425 2730 1476 2767 ἤδη
1499 2729 1597 2765 τρόπον
1621 2727 1683 2755 τινὰ

898 2778 1099 2813 τεθυμωμένον,
1117 2779 1163 2804 καὶ
1179 2777 1208 2810 ὲξ
1229 2778 1329 2804 ὠδίνων
1343 2775 1501 2812 δρασείηντά
1514 2784 1540 2802 τι
1557 2774 1679 2811 μανικόν.

899 2824 958 2859 Ipse
980 2829 1079 2858 tamen,
1097 2831 1155 2858 cap.
1172 2823 1216 2856 2!,
1237 2824 1267 2850 Οῐ
1282 2823 1308 2849 δὲ
1326 2821 1437 2857 σκύμνοι
1458 2821 1622 2857 ἀρτιγεννεῖς
1636 2828 1680 2855 μι.
