1897 3073
195 77 244 106 931

862 75 951 103 LEON
955 75 984 103 IS
1000 74 1138 102 ALLATII

1773 72 1825 100 932

222 135 298 168 ,Ibid.
323 135 378 162 Kal
398 135 431 161 τὸ
450 131 524 168 ἦθος
546 135 690 167 ὕπουλος.
717 133 834 166 Plinius,
851 133 899 162 lib.
916 141 974 166 vui,
991 138 1014 164 Α
1027 134 1073 168 qui
1089 134 1200 168 gemina
1227 134 1352 161 vocabulo
1374 137 1559 167 nuncupatur,
1580 131 1678 159 habens
1704 132 1824 166 virgulta

195 189 256 217 cap.
274 181 318 214 56,
337 181 392 208 Nee
408 181 485 208 alteri
500 181 657 207 animalium
672 180 700 207 in
716 180 846 215 maleﬁcio
860 181 974 207 stultitia

196 227 326 254 solertior.

231 273 310 306 lbid.,
326 272 375 299 lin.
393 271 436 299 i7.
461 271 610 304 Πολλάκις
632 268 689 298 οὖν
710 270 819 302 βαθυτ.
846 269 975 302 Basilius,

196 318 268 345 hom.
282 317 309 349 9,
321 318 422 353 Ἀρκος
437 317 576 348 πολλάκις,
594 315 757 350 βαθυτάταις
772 315 978 351 κατατρωθεῖσα

196 363 321 398 πληγαῖς,
334 363 433 397 ἑαυτὴν
448 361 566 397 ιατρεὺει
579 362 677 393 πάσαις
691 362 823 396 μηχαναῖς
834 360 872 395 τῷ
885 360 979 396 φλόμῳ

195 410 282 445 τούτῳ
296 409 380 445 ξηρὰν
403 408 452 443 τὴν
475 407 555 442 φύσιν
576 407 663 443 ἔχοντι
686 406 735 438 τὰς
756 405 870 438 ὠτειλὰς
890 414 979 442 παρα-

195 455 308 483 ϐύουσα.
329 454 428 482 Petrus
441 453 601 485 Damianus,
614 453 661 480 lib.
680 459 711 485 It,
726 452 807 486 epist.
822 452 866 484 18,
879 451 947 478 Ursa
957 452 981 478 si

194 500 301 534 quando
320 499 417 526 ictibus
431 498 596 534 grauissimi:
613 497 693 524 cwdis
709 497 832 532 aﬂicitur,
848 497 888 524 uel
899 497 981 524 etiam

192 545 292 580 iaculis
312 545 431 579 perfossa
446 544 594 576 sauciatur,
616 543 702 571 herbte
721 543 764 570 cui
779 542 868 570 Grece
888 550 982 570 nomen

197 591 299 627 φλόμος
311 596 351 618 est
366 589 476 617 uulnera
487 589 594 624 subjieit
609 597 619 616 :
633 593 659 616 et
676 589 714 615 sic
733 588 791 615 solo
806 592 879 614 tactu
894 594 983 614 omnes

196 637 314 664 ulcerum
329 637 433 664 dolores
447 635 576 669 excludit,
589 639 613 663 et
625 635 660 662 ad
671 634 879 662 incolumitatem
892 635 984 670 pristi-

197 692 258 710 nam
271 683 441 710 convalescit.

231 728 314 761 lbid.,
333 728 381 755 lin.
400 727 445 754 ΞΩ.
476 727 503 753 '0
523 726 631 761 ταῦρος
651 726 714 759 τοῖς
731 725 847 760 κέρασι.
868 725 983 759 Plinius,

197 775 245 802 lib.
259 782 318 807 ull,
350 781 410 810 cap.
431 773 476 806 45,
507 773 602 800 Tauris
628 773 657 799 in
677 778 782 807 aspectu
808 772 985 813 generositas,

1027 179 1145 211 subtilia,
1170 185 1247 214 atque
1267 179 1381 214 prolixa.
1407 179 1514 205 Veniens
1540 182 1629 205 autem
1658 177 1822 211 anthalcpus

1027 224 1061 251 ad
1069 225 1202 260 geminam
1215 225 1277 251 dum
1292 225 1382 251 ludere
1395 225 1532 251 lasciuiens
1547 229 1642 256 tentat,
1657 232 1762 250 cornua
1773 232 1823 250 sua

1027 271 1146 305 uirgultis
1172 271 1393 298 crebrescentibus
1419 270 1529 305 obligat.
1550 271 1617 297 Cum
1638 278 1698 297 tera
1718 269 1822 296 diutius

1028 325 1146 352 pugnans
1166 325 1221 344 sese
1238 318 1386 344 nullatenus
1401 319 1468 344 valet
1479 318 1586 344 educere
1605 316 1709 351 magnis
1729 316 1822 348 incipit

1029 361 1132 389 uocibus
1144 362 1303 390 exclamare.
1322 362 1372 389 His
1391 363 1523 389 excitatus
1536 362 1699 388 clamoribus
1712 366 1824 388 tenatar

1030 408 1157 439 accurrit,
1169 416 1278 443 eumque
1289 408 1352 434 dum
1365 409 1477 443 propriis
1498 408 1607 435 nexibus
1626 412 1762 439 arctatur,
1777 415 1822 435 oc-

1030 453 1106 482 cidit.
1119 453 1148 481 in
1164 454 1207 482 bis
1223 459 1313 482 tamen
1329 455 1460 482 nonnulla
1478 454 1724 481 animadvertenda
1745 458 1821 484 sunt,

1031 507 1092 534 qua:
1110 507 1163 527 non
1176 501 1295 528 auctoris
1308 501 1423 532 incuria,
1441 501 1513 528 absit
1540 500 1592 528 hoc
1616 508 1633 527 a
1657 504 1739 527 tanto
1750 500 1821 532 viro,

1032 544 1081 572 sed
1095 553 1127 572 ex
1139 546 1281 580 scriptoris
1298 545 1416 579 inscilia,
1431 546 1458 573 in
1473 550 1575 573 textum
1590 546 1739 581 irrepsisse
1746 553 1822 572 com-

1032 592 1162 626 perimus.
1180 591 1218 619 De
1232 592 1407 627 corruptione
1422 593 1540 619 nominis
1557 592 1585 619 in
1606 592 1820 626 antholalopum

1033 637 1101 664 nihil
1118 641 1161 665 est
1176 637 1249 672 quod
1273 638 1372 670 dicam,
1395 638 1489 665 talium
1510 639 1583 666 enim
1600 637 1821 673 corrumpendo-

1034 689 1095 709 rum
1112 683 1204 711 nullus
1213 688 1256 711 est
1272 684 1379 716 modus,
1397 685 1469 711 sicut
1481 689 1507 712 et
1521 684 1554 712 de
1568 688 1734 712 venatorum
1748 688 1820 711 recta

1035 728 1171 756 scribendi
1196 730 1311 757 ratione.
1332 729 1401 757 Illud
1423 734 1526 757 tantum
1558 738 1612 757 non
1637 729 1822 757 dissimulabo

1036 774 1172 808 quomodo
1191 776 1275 806 erica,
1291 775 1349 803 sive
1363 776 1457 803 ervina
1482 776 1554 810 quod
1572 775 1643 802 idem
1660 780 1715 807 est,
1731 775 1820 802 frutex

199 825 272 847 torva
288 820 383 855 fronte,
401 819 510 846 auribus
531 819 634 849 setosis,
649 817 772 845 cornibus
795 818 823 844 in
846 818 981 852 procinctu
999 816 1020 846 ll
1034 820 1135 847 nemini
1150 828 1204 848 non
1216 824 1308 851 notus,
1330 821 1356 848 in
1371 821 1509 856 gervinam
1524 821 1630 848 abierit.
1642 820 1682 848 De
1697 829 1754 856 qua
1767 820 1822 848 Pli-

197 866 392 893 dimicationem
415 864 590 899 poscentibus.
606 863 658 891 Sed
670 868 725 890 tota
737 864 906 891 comminatio
916 863 985 898 prio-

198 911 272 938 ribus
286 912 314 938 in
326 911 433 946 pedibus
447 914 511 942 stat,
526 910 569 936 ira
581 909 706 944 gliscente
716 908 830 936 alternos
842 908 982 942 replicans,

199 965 370 992 spargensque
384 957 411 983 in
429 957 515 983 altum
528 963 648 987 arenam,
657 959 683 982 et
694 955 767 982 solus
787 954 942 982 animalium
953 962 984 982 eo

198 1003 305 1030 stimulo
319 1001 468 1029 ardescens.

234 1047 314 1080 lbid.,
328 1048 376 1074 lin.
391 1046 437 1074 ‘27.
452 1046 512 1079 Σῦς
524 1045 559 1072 δὲ
573 1045 646 1072 ὅταν
659 1045 721 1079 τδῃ.
740 1043 880 1075 ΔΕΙίαιιιιε,
892 1043 941 1070 lib.
955 1051 982 1074 ν,

199 1092 316 1129 ειμιὸ,
333 1092 385 1119 Τὸν
401 1091 449 1118 οὖν
472 1092 518 1118 τὸν
536 1090 631 1126 ἄγριόν
647 1098 714 1125 φασι
735 1090 773 1125 μὴ
794 1089 925 1125 πρότερον
938 1087 983 1114 ἐπί

198 1147 259 1165 τινα
276 1137 406 1174 φέρεσθαι
429 1137 494 1173 πρὶν
513 1136 529 1172 ἢ
547 1137 610 1168 τοὺς
632 1135 819 1171 χαυλιόδοντας
839 1133 981 1169 ὑποθῆξαι.

199 1185 340 1220 Μαρτυρεῖ
351 1184 379 1210 δὲ
393 1183 447 1220 ἄρα
458 1184 504 1210 καὶ
519 1184 641 1219 Ὅμηρος
659 1182 749 1214 τοῦτο,
766 1181 864 1216 λέγων’

200 1241 299 1275 ϐήξας
310 1241 421 1269 λευκὸν
434 1240 543 1268 ὀδόντα
556 1240 631 1275 μετὰ
645 1237 817 1274 γναμπτῇσι
829 1238 981 1274 τένεσσιν.

199 1296 232 1323 Et
248 1297 296 1324 lib.
311 1304 348 1330 v1,
368 1303 428 1331 cap.
449 1296 476 1328 Ι,
497 1296 526 1322 '0
544 1295 608 1329 γοῦν
627 1294 686 1326 σῦς,
708 1294 812 1330 μέλλων
831 1294 871 1326 εις
893 1294 983 1330 μάχην

180 1367 185 1370 ,
199 1340 268 1369 εἶναι
281 1342 352 1377 (lego
364 1341 453 1377 ἰέναι),
465 1341 532 1376 πρὸς
543 1342 602 1372 ταῖς
614 1340 699 1372 λείαις
715 1340 828 1376 πέτραις
837 1341 901 1372 τοὺς
911 1340 983 1367 ὀδόν-

199 1396 249 1419 τας
265 1386 406 1421 ὑποθήγει.
425 1385 510 1412 Τοῦτό
530 1393 569 1412 τοι
583 1385 631 1412 καὶ
647 1385 770 1421 Ὅμηρος
784 1384 824 1420 τῷ
837 1384 899 1420 ζὼῳ
917 1393 983 1421 μαρσ

199 1431 288 1468 τυρῶν
307 1431 386 1467 δῆλός
407 1432 490 1458 ἐστιν.
508 1431 709 1458 Advertendum
725 1430 769 1458 hic
785 1430 914 1458 eximium
930 1438 982 1458 na-

201 1484 269 1505 tum
293 1477 454 1504 miraculum
480 1477 515 1504 de
537 1477 616 1512 igneo
637 1477 718 1504 dente
744 1477 805 1504 irati
829 1475 914 1511 capri,
937 1477 980 1504 cui
995 1489 1018 1521 ο

203 1524 304 1550 admoti
327 1523 385 1558 pili,
403 1523 514 1558 perinde
530 1527 560 1550 ut
577 1523 612 1550 ab
627 1523 690 1558 igne
708 1526 935 1557 contorquentur,
954 1526 982 1550 et

202 1573 334 1602 uruntur;
349 1572 464 1596 testatur
478 1568 505 1595 id
521 1567 671 1603 Oppianus,
684 1568 731 1597 lib.
746 1576 776 1596 ιιι
790 1570 903 1602 Κυνητ.

203 1625 285 1651 Ἔστι
298 1623 332 1651 δέ
344 1633 388 1655 τις
403 1623 526 1657 κάπροιο
543 1622 629 1656 φάτις
639 1623 715 1657 πέρι,
735 1622 848 1650 λευκὸν
861 1622 969 1650 ὀδόντα

201 1659 327 1694 Λᾴθριον
338 1659 423 1692 ἐντὸς
436 1659 506 1693 ἔμεν
518 1659 841 1694 μαλερὴνγπυρόεσσαν
851 1658 969 1692 ἐνιπήν.

202 1693 284 1729 Σῆμα
296 1693 321 1720 δ’
333 1693 699 1729 ἐφιμερίοισινγάριφραδὲς
710 1693 866 1727 ἐρρίζωται.

207 1728 329 1756 Ὁέιπότε
346 1729 400 1764 γὰρ
415 1728 511 1761 πολὺς
525 1728 617 1764 ὄχλος
626 1728 785 1764 ἐπήτριμοι·
794 1728 982 1764 ἀγερσυτήρων

201 1764 262 1803 libr
272 1764 363 1803 νουσιν
373 1764 545 1803 ςῠτόλμοισι
551 1763 620 1803 erat)
630 1764 724 1803 χᾷόνα
736 1763 812 1803 θῆρα
817 1763 981 1803 βάλωνται,

201 1798 350 1834 Λίχμῇσιν
368 1797 527 1832 δολιχῇσιν
545 1798 752 1834 ἐπασσύτερον
766 1797 963 1834 δαμάσαντες,

201 1832 316 1867 Δῆὶότ*
328 1834 457 1868 αὐχένος
472 1833 499 1860 el
508 1841 554 1866 τις
567 1832 738 1868 ἀειράμενος
749 1834 835 1866 τρίχα
847 1832 965 1868 ,λεπτὴν

204 1869 299 1903 θηρὸς
312 1869 354 1912 ξτ*
369 1868 586 1903 ἀσθμαίνοντος
601 1868 806 1902 ἐνιχριμψιειεν
823 1867 932 1899 ὀδόντι.

204 1903 276 1934 Ultra
286 1906 366 1934 μάλα
379 1903 546 1934 σφαιρηδὸν
561 1903 727 1934 ἀνέδραμεν
741 1902 881 1934 αἰθομένη
893 1902 959 1934 θρὶξ

906 1911 926 1936 Ῥ

197 1903 276 1939 Alba
286 1903 366 1938 μάλα
379 1903 546 1937 σφαιρηδὸν
561 1903 727 1939 ἀνέδραμεν
741 1904 805 1939 allio

203 1937 256 1966 Ιίἁὶ
272 1937 298 1965 δ’
314 1938 430 1966 αὑτοῖσι
447 1939 574 1964 κύνεσσι
588 1938 639 1964 ἐπὶ
651 1937 784 1972 πλευρῇς
798 1937 964 1971 ἑκάτερθεν,

203 1975 296 2001 Ἔνθα
314 1974 390 2006 συὸς
404 1973 517 2008 γενύων
531 1972 664 2008 aﬂuant
676 1973 800 2005 αἴθωνες
814 1971 945 2005 ὀδόντες,

203 2010 301 2044 Ἵχνεα
313 2008 521 2042 πυρσευθέντα
532 2007 580 2034 διὰ
587 2007 683 2041 ῥινοῖο
696 2008 842 2034 recurrat.

204 2065 241 2093 De
251 2064 345 2092 eodem
357 2064 470 2092 consule
481 2063 695 2100 Xenophontem,
707 2064 734 2091 in
748 2063 900 2100 Cynegetico
908 2072 917 2097 ;
925 2064 984 2092 Pol-

204 2111 301 2142 lucem,
314 2109 361 2136 lib.
375 2117 392 2137 ν
411 2109 560 2143 0nomast.,
580 2117 639 2145 cap.
653 2109 703 2142 12;
717 2109 843 2141 l'linium,
856 2109 903 2136 lib.
915 2117 981 2144 vui;

202 2155 356 2191 Apuleium,
375 2155 423 2182 lib.
443 2163 503 2188 νιιι,
523 2156 599 2183 Asini
620 2155 705 2182 aurei.
726 2155 771 2182 Sic
790 2153 914 2187 Ovidius,
933 2155 981 2182 lib.
998 2162 1020 2190 ι)

203 2210 239 2228 vn
254 2201 458 2236 Metamorphos.
476 2209 486 2228 :

239 2247 350 2275 Fulmen
365 2248 457 2274 habent
474 2255 546 2275 acres
560 2247 588 2274 in
602 2246 710 2274 aduncis
723 2246 844 2273 dentibus
859 2246 928 2280 apri.

202 2295 235 2322 Et
255 2295 288 2323 de
303 2302 336 2322 eo
350 2294 428 2330 plura
443 2293 545 2329 colligit
560 2293 701 2320 Conradus
723 2291 941 2319 llitthershusius
955 2291 982 2318 in

203 2342 292 2368 locum
305 2341 408 2368 dictum
422 2339 548 2375 Oppiani.

238 2385 316 2418 lbid.,
330 2386 377 2414 lin.
393 2386 437 2413 30.
457 2386 540 2411 Ἐστι
555 2384 588 2412 δὲ
607 2384 679 2415 ζῶον
697 2383 842 2417 ἀνθόλοψ.
863 2382 924 2410 Ηιιτο
946 2382 983 2409 ita

204 2436 321 2460 verterat
336 2432 432 2460 Petrus
445 2431 601 2464 Damianus,
620 2430 705 2464 Epist.
727 2430 775 2457 lib.
792 2438 829 2463 ιι,
843 2429 921 2462 epist.
938 2429 982 2461 18,

203 2478 237 2512 ad
255 2477 421 2504 Desiderium
444 2476 562 2503 abbatem
578 2481 602 2502 et
619 2475 790 2503 cardinales:
807 2474 983 2508 Ant/ialopunt

203 2531 302 2559 quoque
317 2523 470 2550 acerrimum
485 2521 574 2552 nimis.
594 2526 618 2548 et
640 2521 779 2548 violentum
800 2525 839 2547 est
865 2519 982 2551 animal;

203 2569 268 2597 adeo
280 2574 308 2596 ut
322 2577 367 2596 nec
381 2569 419 2595 illi
431 2572 537 2596 uenator
552 2567 683 2599 accedere,
693 2575 738 2594 nec
750 2565 900 2601 persecutb'r
912 2566 984 2600 quis-

203 2623 281 2650 quam
293 2615 387 2642 audeat
401 2615 584 2649 propinquare.
599 2612 684 2639 Habet
699 2617 785 2639 autent
795 2611 873 2646 longa
886 2619 984 2638 cornua

204 2662 230 2687 in
244 2669 324 2688 serra:
336 2661 505 2687 similitudine
518 2661 633 2695 ﬁgurata
646 2665 655 2685 :
668 2657 760 2693 quibus
776 2658 900 2684 nimirum
916 2665 983 2691 prta-

204 2706 315 2740 grandia
341 2706 426 2733 valeat
446 2706 555 2732 arbusta
580 2712 677 2737 secare,
699 2710 822 2738 terraique
846 2703 981 2737 deponere.

205 2750 271 2777 Cum
295 2759 352 2777 vero
367 2752 461 2778 silierit
479 2752 580 2778 ueniens
595 2751 629 2777 ad
646 2750 805 2784 Euphratem
823 2749 898 2776 bibit.
917 2749 983 2775 Pro-

203 2803 260 2830 pter
276 2804 350 2830 quem
368 2797 480 2824 videlicet
495 2797 603 2830 fluuium
621 2797 707 2830 frutex
728 2796 834 2824 quidam
853 2795 981 2826 nascitur,

1033 865 1106 898 nius,
1123 865 1306 899 Dioscorides,
1321 867 1525 902 Theophrastus
1536 871 1563 894 et
1575 868 1632 899 alii,
1650 867 1755 894 animal
1771 867 1821 894 hoc

1032 911 1107 938 varie
1122 919 1137 938 a
1154 912 1238 939 variis
1253 912 1416 947 appellatur,
1433 913 1470 938 ita
1488 918 1517 939 ut
1532 912 1643 940 Alberto
1658 912 1762 947 Magno
1776 920 1821 939 ca-

1032 957 1112 992 lopus
1127 957 1175 990 sit,
1190 964 1223 984 ex
1236 965 1291 992 quo
1305 956 1448 985 Conradus
1466 957 1603 985 Gesnerus
1619 958 1653 984 de
1665 957 1822 992 quadrupe-

1032 1002 1113 1030 dibus
1123 1003 1171 1030 lib.
1199 1010 1218 1033 ι,
1231 1003 1258 1030 in
1273 1002 1414 1037 Calopode.
1428 1002 1542 1037 Calopus
1555 1003 1656 1029 animal
1667 1008 1708 1029 est
1721 1003 1817 1033 aeutis,

1034 1048 1117 1083 longis
1133 1053 1157 1075 et
1175 1049 1282 1076 serratis
1301 1049 1435 1080 cornibus,
1448 1050 1541 1084 quibus
1557 1051 1637 1076 etiam
1655 1048 1767 1076 arbores
1786 1049 1819 1074 li-

1035 1099 1073 1120 cet
1091 1102 1201 1129 magnas
1222 1099 1247 1121 et
1264 1094 1334 1122 altas
1364 1103 1452 1122 secare
1474 1095 1559 1129 fertur
1578 1103 1588 1121 :
1612 1095 1711 1128 sa’pius
1732 1100 1818 1121 autem

1032 1140 1095 1167 dum
1110 1141 1179 1168 rami
1207 1145 1231 1168 et
1252 1142 1366 1176 virgulta
1382 1141 1504 1168 cornibus
1528 1141 1632 1168 adactis
1651 1141 1761 1174 cedunt,
1783 1142 1818 1168 eis

1034 1186 1182 1219 involvitur,
1199 1187 1384 1222 retineturque.
1400 1187 1467 1214 unde
1483 1188 1523 1222 fit,
1539 1193 1568 1213 ut
1583 1195 1654 1220 uoce,
1665 1191 1691 1213 et
1704 1188 1819 1214 clamore

1033 1239 1060 1259 se
1070 1231 1165 1266 prodat
1180 1232 1353 1259 senatoribus.
1372 1231 1404 1258 In
1421 1231 1499 1267 Syria
1509 1233 1589 1267 juxta
1605 1231 1768 1266 Euphratem
1780 1233 1818 1259 in-

1033 1279 1143 1310 venitur,
1159 1279 1234 1313 cujus
1245 1286 1320 1314 aqua:
1333 1283 1396 1314 potu
1408 1285 1512 1313 propter
1525 1279 1699 1314 frigidllatem
1712 1279 1815 1314 gaudet,

1033 1329 1150 1351 astutum
1163 1329 1187 1352 et
1203 1325 1273 1352 mira
1292 1325 1436 1358 velocitate,
1452 1330 1480 1352 ut
1501 1331 1636 1352 venatores
1657 1326 1738 1360 facile
1754 1326 1819 1360 effu-

1031 1371 1096 1405 gial.
1114 1369 1152 1398 De
1167 1364 1219 1398 hoc
1232 1370 1326 1398 eodem
1342 1371 1533 1407 inte!ligendus
1547 1372 1655 1399 videtur
1664 1372 1817 1399 Alexander

1033 1415 1154 1451 Magnus,
1185 1417 1266 1452 epist.
1283 1417 1320 1444 De
1333 1417 1497 1444 mirabilibus
1513 1417 1598 1444 India:
1629 1419 1663 1444 ad
1681 1419 1793 1444 Aristot.
1807 1425 1817 1444 .'

1033 1460 1100 1489 Euri
1111 1463 1178 1489 venti
1195 1462 1276 1497 flatus
1290 1464 1373 1490 secuti
1388 1463 1529 1490 incidimus
1543 1464 1571 1489 in
1589 1463 1721 1498 malignas
1737 1464 1815 1496 feras,

1031 1507 1064 1534 de
1076 1516 1188 1543 quarum
1215 1508 1344 1542 capitibus
1370 1510 1439 1536 velut
1467 1509 1549 1544 gladii
1575 1518 1591 1536 a
1607 1510 1713 1541 veitice,
1728 1514 1816 1539 acuta,

1031 1557 1194 1588 serrataque,
1213 1554 1358 1581 eminebant
1381 1562 1441 1580 ossa
1463 1562 1472 1580 :
1493 1559 1518 1581 et
1539 1554 1580 1581 Ιιω
1601 1555 1714 1580 arietino
1737 1561 1815 1582 more,

1032 1599 1156 1626 adversus
1176 1599 1291 1627 homines
1311 1600 1450 1627 currebant
1465 1609 1475 1627 :
1490 1604 1544 1626 tum
1569 1600 1672 1627 invicta:
1691 1599 1818 1634 plurimo-

1031 1653 1090 1671 rum
1104 1645 1217 1672 militum
1236 1645 1339 1680 clypeos
1364 1653 1445 1672 cornu
1467 1653 1514 1673 suo
1540 1646 1787 1672 transverberabant
1807 1653 1815 1670 :

1031 1698 1144 1725 quarunt
1154 1691 1246 1718 occisis
1261 1691 1402 1718 admodum
1415 1697 1472 1718 octo
1485 1691 1601 1718 millibus
1615 1691 1817 1727 quadringentis

1031 1737 1241 1772 quinquaginta,
1268 1737 1307 1764 sic
1326 1736 1388 1764 inde
1411 1737 1446 1763 ad
1464 1736 1564 1764 Porum
1592 1738 1722 1764 exercitus
1747 1745 1817 1764 meus

1031 1790 1091 1809 cum
1105 1791 1207 1810 summo
1220 1782 1325 1809 tandem
1343 1783 1443 1814 labore,
1461 1791 1492 1809 ac
1505 1783 1621 1817 periculo
1647 1791 1704 1809 meo
1729 1791 1815 1818 perre-

1032 1830 1081 1857 nit.
1097 1829 1136 1856 Ex
1151 1829 1250 1864 quibus
1266 1829 1440 1856 manifestum
1455 1834 1498 1856 est
1515 1829 1547 1856 ad
1569 1828 1621 1856 hoc
1637 1829 1738 1856 animal
1759 1837 1816 1863 per-

1032 1875 1130 1908 tinere,
1147 1883 1208 1910 qua:
1231 1876 1265 1903 de
1281 1883 1331 1902 uro
1356 1875 1440 1901 tradit
1462 1874 1632 1910 Epiphanius
1652 1875 1681 1902 in
1706 1874 1816 1910 Physic-

1033 1921 1102 1956 logo,
1126 1928 1186 1955 cap.
1213 1920 1241 1953 3,
1269 1921 1298 1947 '0
1322 1918 1401 1956 οὖρος
1425 1920 1552 1955 μέγιστόν
1569 1920 1627 1946 ἐστι
1650 1919 1730 1952 ζῶον,
1751 1919 1815 1946 πολὺ

1033 1966 1200 2002 ὑπερϐάλλον
1214 1965 1249 1992 τὰ
1262 1966 1351 2001 ἕτερα,
1374 1965 1416 2001 βοῒ
1431 1966 1631 2001 παραπλήσιος,
1648 1965 1696 1992 δύο
1715 1965 1815 2001 κέρατα

1033 2012 1062 2038 ὲν
1080 2011 1169 2047 ἑαυτῷ
1192 2011 1281 2047 πρίονι
1302 2011 1382 2046 ὅμοια
1401 2010 1478 2045 ἔχων.
1503 2010 1644 2046 Δῦστηρος
1663 2011 1697 2046 τῇ
1717 2010 1814 2046 θεωρίᾳ

1034 2057 1108 2093 παρὰ
1120 2057 1208 2083 πάντα
1219 2056 1253 2083 τὰ
1265 2056 1331 2088 ζῶα·
1344 2056 1413 2082 ὥστε
1423 2056 1457 2082 τὰ
1472 2056 1576 2091 μεγάλα
1589 2055 1684 2090 δένδρα
1697 2055 1815 2091 διανηθό-

1035 2112 1113 2139 μενος
1123 2104 1180 2134 τοῖς
1191 2103 1287 2138 κέρασι
1297 2102 1441 2139 διαπρίειν,
1455 2103 1502 2129 καὶ
1513 2102 1699 2137 κλωνοκοπᾷν,
1715 2103 1761 2129 καὶ
1774 2102 1815 2128 οὖ-

1033 2149 1077 2176 δὲν
1095 2149 1149 2175 τῶν
1164 2147 1241 2179 ζώων
1260 2147 1390 2175 δύνασθαι
1411 2148 1454 2182 ὑφ’
1469 2148 1557 2183 ἑαυτῷ
1576 2148 1750 2183 ποιήσασθαι.
1767 2148 1814 2174 Νέ-

1036 2205 1116 2231 μεται
1136 2195 1164 2222 δὲ
1181 2196 1196 2222 ό
1218 2195 1298 2226 αὐτὸς
1320 2192 1399 2230 οὖρος
1424 2195 1535 2230 πλησίον
1557 2194 1602 2221 τοῦ
1621 2194 1754 2225 ὠκεανοῦ,
1771 2195 1813 2221 καὶ

1033 2242 1133 2273 εὐθέως
1148 2241 1320 2274 μεθύσκεται,
1343 2242 1390 2267 καὶ
1413 2241 1521 2268 παλαίει
1540 2241 1608 2276 πρὸς
1628 2241 1680 2275 γῆν
1702 2242 1757 2272 τοῖς
1772 2240 1812 2267 κέ-

1036 2296 1111 2321 ρασιν
1125 2286 1219 2322 ὥσπερ
1235 2285 1307 2321 βοῦς.
1328 2286 1404 2312 Ἔστι
1420 2286 1448 2312 δὲ
1460 2287 1518 2312 ἐκεῖ
1530 2286 1635 2320 δένδρον
1655 2287 1672 2320 ἡ
1686 2285 1812 2320 ὀνομαζψ

1035 2334 1103 2369 μένη
1115 2333 1207 2365 τάνυς,
1225 2332 1354 2368 κλίματος
1367 2332 1505 2368 μόρφωσιν
1515 2332 1613 2366 ἔχουσα
1624 2331 1811 2362 λευκολλώνον,

1033 2379 1083 2406 καῖ
1096 2380 1150 2410 τοῖς
1165 2378 1253 2414 ἔρνεσι
1271 2377 1435 2413 κληθόμενος
1450 2378 1464 2403 ὁ
1480 2377 1560 2408 αὐτὸς
1574 2374 1654 2412 οὖρος
1668 2377 1719 2411 τὴν
1733 2385 1811 2411 κεφα-

1033 2424 1083 2459 λὴν
1102 2423 1169 2460 πρὸς
1182 2424 1216 2450 τὰ
1232 2423 1296 2459 ἔρνη
1313 2423 1362 2458 τῆς
1380 2423 1487 2454 τάνυος,
1504 2422 1535 2449 τὺ
1551 2422 1633 2458 κέρας
1651 2422 1735 2448 αὑτοῦ
1750 2423 1812 2449 δέδε-

1033 2480 1078 2497 ται
1095 2471 1140 2497 ὑπ’
1154 2470 1246 2505 αὐτῆς.
1269 2469 1493 2505 Παραγενομένου
1507 2468 1650 2504 τοιγαροῦν
1669 2468 1718 2494 τοῦ
1736 2477 1810 2503 κυνη-

1033 2516 1092 2551 γοῦ,
1110 2517 1156 2542 καὶ
1175 2517 1346 2551 εὑρίσκοντος
1371 2515 1592 2550 ὲμπεπεδημένον
1608 2515 1663 2541 τῶν
1683 2515 1810 2550 κεράτων,

1034 2564 1129 2598 κρατεῖ
1144 2562 1236 2588 αὑτοῦ.
1256 2562 1397 2596 Nunquam
1421 2565 1511 2588 tamen
1532 2568 1623 2591 urum,
1647 2565 1675 2587 ct
1692 2561 1811 2587 autholo-

1034 2616 1093 2643 pem
1109 2616 1194 2635 unum
1208 2615 1268 2635 esse
1284 2607 1455 2634 crediderim.

1069 2654 1148 2686 li)l(l.,
1163 2655 1209 2680 lin.
1226 2654 1269 2680 39.
1286 2654 1368 2680 Ἔστι
1382 2652 1415 2678 δὲ
1424 2652 1457 2678 ὲν
1465 2652 1603 2684 Σκύθαις.
1615 2650 1652 2678 De
1667 2650 1779 2678 tarando
1788 2654 1810 2676 et

1034 2701 1093 2734 ejus
1107 2701 1202 2735 ﬁgura.
1220 2704 1246 2726 et
1261 2699 1359 2730 forma,
1381 2703 1407 2725 et
1429 2697 1460 2724 tit
1482 2705 1583 2728 rerum,
1600 2704 1669 2731 quas
1686 2696 1808 2730 attigerit,

1034 2750 1139 2774 colores
1153 2747 1273 2777 exhibet,
1291 2746 1376 2777 Phile,
1390 2745 1417 2771 in
1431 2744 1539 2776 iambis,
1552 2743 1691 2774 Elianus.
1709 2742 1744 2770 De
1754 2742 1806 2768 hist.

1035 2793 1128 2823 ani:n.,
1143 2792 1189 2818 lib.
1207 2800 1237 2823 ιι,
1256 2799 1315 2824 cap.
1334 2792 1381 2822 l6;
1402 2790 1516 2821 Plinius,
1535 2790 1583 2817 lib.
1603 2796 1661 2819 vni.
1685 2796 1745 2817 can.
1766 2787 1806 2814 5l'
