1897 3073
54 95 100 124 953
277 124 280 126 .

54 152 210 183 Aristoteles,
227 152 295 186 Περὶ
312 152 484 186 θαυμασίων
500 151 714 186 ἀκουσμάτων;
732 151 821 179 Theo-
835 160 856 187 Α

49 200 179 234 ,ρῐιτιιειυῆ
197 197 346 233 fragmento
370 198 438 233 Περὶ
460 197 514 224 τῶν
536 198 754 233 μεταϐαλλόντων
772 198 821 229 τὰς

53 245 134 281 χρόας.
159 244 188 270 'U
209 243 237 270 δὲ
258 243 386 279 τάρανδος
407 243 437 270 τὸ
461 243 510 279 μὲν
534 243 645 278 μέγεθός
667 244 726 270 ἐστι
751 243 821 271 κατὰ

55 291 117 326 βοῦν,
135 290 164 316 τὸ
181 290 325 326 πρόσωπον
337 290 366 316 δὲ
379 291 470 325 ὅμοιος
486 289 586 324 ἐλάφῳ,
604 290 672 325 πλὴν
690 289 821 317 πλατύτε-

54 344 101 372 ρος,
112 336 207 362 ὡσανεὶ
218 337 250 363 ἐκ
262 336 308 362 δύο
323 336 498 371 συγκείμενος
511 336 642 370 sicut:le
656 329 818 372 προσώποινζ

53 381 151 416 Δίχηλον
169 381 196 407 δέ
217 382 274 407 ἐστι
294 382 341 408 καὶ
362 383 542 418 κερασφόρον.
561 383 637 417 Ἔχει
650 382 678 409 δὲ
694 383 724 409 τὸ
738 383 819 418 κέρας

52 426 206 461 ἁποφυάδας,
226 426 320 463 ὥσπερ
339 428 370 454 τὸ
383 428 496 462 ἐλάφου,
508 429 554 455 καὶ
570 430 701 464 τριχωτόν
715 429 771 455 ὲστι
785 429 819 455 δι’

51 473 112 499 ὅλου·
128 474 188 508 περὶ
203 473 258 508 γὰρ
275 474 305 500 τὺ
326 474 420 501 ὀστοῦν
435 475 568 511 δέρματος
591 476 663 502 ἐστιν
684 475 818 508 ἐπίτασις,

52 519 102 546 ὅθεν
115 521 130 555 ὴ
146 519 267 554 ἔκφυσις.
290 520 326 546 Τὸ
344 520 372 546 δὲ
388 520 474 557 δέρμα
489 521 528 556 τῷ
547 521 628 557 πάχει
650 521 819 548 δακτυλιαῖον

51 566 123 598 ἐστιν,
138 565 245 602 ἰσχυρὸν
254 566 282 592 δὲ
293 566 405 602 σφόδρα.
418 567 463 593 Διὸ
476 567 523 594 καὶ
535 567 582 593 τοῦ
592 567 714 603 θώρακος
723 567 820 600 ἐξαυά-

51 610 130 642 ζοντες
147 611 212 638 αὐτὸ
234 611 320 640 ιῶναι.
335 613 451 640 Σπὰνιον
466 612 494 639 δὲ
507 612 538 639 τὸ
554 613 623 645 ζῶον
637 613 683 640 καὶ
697 613 818 647 ὀλιγάκις

51 657 206 692 φαινόμενον.
233 657 381 694 Θαυμαστὴ
405 658 433 685 δὲ
458 659 474 695 ὴ
497 659 641 694 μετασολὴ,
666 659 713 685 καὶ
735 659 818 692 ἐγγὺς

50 702 172 734 ἀπιστίας.
186 703 249 735 Τοῖς
267 704 315 738 μὲν
330 704 384 740 γὰρ
397 704 487 735 ἄλλοις
498 704 527 730 ἐν
536 704 575 739 τῷ
587 704 700 740 δέρματι
715 704 817 739 γίνετςυ.

50 751 63 783 il
79 748 213 785 μεταϐολὴ,
232 749 424 785 ἀλλοιουμένης
437 750 486 786 τῆς
501 749 574 781 ἐντὸς
591 744 748 785 ὑγρότητος,
763 750 817 775 εῖτε

50 795 214 830 αἱματώδους,
226 796 251 822 εἰ
267 795 311 822 καί
324 804 396 828 τινος
405 796 487 831 ἄλλης
501 797 628 831 τοιαύτης
641 795 733 831 οὕσης
748 795 817 821 ὥστε

50 839 155 875 φανερὰν
175 838 242 867 εἶναι
258 841 308 876 τὴν
332 840 512 876 συμπάθειαν
533 841 549 876 ἡ
573 841 601 867 δὲ
621 840 721 876 τριχῶν
739 849 820 875 μετα·
836 844 855 870 Β

49 886 103 921 ϐολὴ
122 885 209 921 ξηρῶν
221 896 250 913 τε
262 887 356 918 ὄντων,
372 887 417 913 καὶ
434 886 645 922 ἀπηρτημένων,
664 887 711 912 καὶ
723 885 818 921 ἁθρόον

49 933 74 958 οὺ
87 932 241 966 πεφυκότων
264 933 445 964 ἀλλοιοῦσθαι,
474 932 622 968 παράδοξος
644 931 750 966 ἀληθῶς
774 931 819 958 καὶ

48 977 164 1009 ἀπίθανος
188 978 305 1012 μάλιστα
333 979 400 1014 πρὸς
428 978 515 1011 πολλὰ
538 977 736 1013 ποικιλλομένη.
768 976 815 1003 Ea-

48 1024 100 1051 dem
121 1023 240 1056 Solinus,
266 1032 327 1060 cap.
360 1025 405 1057 55,
430 1025 513 1052 Mittit
528 1029 553 1051 et
577 1024 719 1050 tarandum
741 1023 819 1049 boum

48 1070 224 1104 ntagnitudine,
241 1070 341 1098 bisulco
359 1072 476 1107 uestigio,
493 1071 604 1098 ramosis
616 1070 753 1102 (cornibus,
774 1078 819 1095 εα-

47 1119 92 1148 ptte
104 1115 212 1147 cervino,
227 1116 319 1142 ursino
334 1116 430 1149 colore,
446 1121 471 1143 et
487 1117 587 1151 pariter
600 1116 663 1142 villo
674 1114 816 1149 profundo.

50 1160 116 1187 Hunc
130 1161 270 1188 tarandum
285 1162 422 1196 afﬁrmant
446 1155 565 1188 habitum
580 1166 649 1188 metu
665 1165 780 1191 vertere;
794 1164 819 1186 et

48 1207 246 1234 cumdelitescit
265 1209 322 1243 ﬁeri
343 1208 487 1235 assimilem
507 1208 649 1242 cuicunque
670 1207 708 1232 rei
727 1206 818 1240 proxi-

48 1255 152 1287 marerit,
167 1255 220 1282 sive
231 1254 281 1281 illa
295 1262 360 1282 saxa
381 1254 442 1282 alba
460 1255 507 1286 sit.
525 1262 569 1281 seu
589 1254 701 1288 fructeta
721 1251 816 1283 virens,

47 1299 90 1326 sive
103 1307 174 1334 quem
188 1300 272 1327 alium
286 1300 392 1327 modum
404 1300 538 1335 praeferat.
555 1297 671 1325 Faciunt
686 1297 734 1324 hoc
749 1296 817 1323 idem

47 1345 69 1370 in
80 1346 141 1372 mari
154 1346 253 1381 polyps',
267 1346 294 1373 in
306 1352 374 1373 terra
387 1345 596 1377 cltamteleontes,
610 1345 654 1372 sed
669 1349 693 1371 et
707 1343 816 1378 polypus

46 1397 66 1418 et
79 1393 229 1420 citama'leun
243 1392 337 1428 glabra
353 1396 425 1424 sunt,
444 1397 468 1419 et
481 1392 588 1427 protritis
609 1396 649 1418 est
668 1392 736 1419 cutis
753 1391 817 1419 leui-

46 1443 92 1464 tate
100 1439 277 1472 proximantia
292 1438 421 1464 aemulari.
439 1437 471 1464 In
485 1437 533 1464 hoc
548 1445 642 1464 nouum
655 1441 704 1469 est,
723 1441 748 1463 et
763 1437 818 1463 sin—

46 1484 134 1518 gulare,
155 1484 298 1511 hirsutiam
315 1483 364 1517 pili
378 1482 496 1510 colorum
511 1483 578 1510 uices
599 1482 697 1517 facere.
717 1481 814 1510 Verus:

45 1531 76 1562 ὡς
90 1532 116 1558 ὲν
127 1530 283 1567 προσθήκης
296 1530 372 1566 μέρει
389 1537 444 1556 non
468 1529 602 1565 ingratum
628 1529 686 1556 fore
707 1528 815 1556 lectori-

46 1577 88 1604 bus
102 1577 236 1604 exislimo.
264 1575 292 1602 Si
317 1583 378 1611 quae
404 1575 486 1610 hujus
511 1575 633 1602 colorum
659 1574 816 1601 mutationis

46 1630 116 1650 vausa
139 1623 174 1650 sit
199 1622 407 1657 investigemus.
431 1620 564 1656 Superius
589 1620 662 1648 enim
686 1619 758 1655 quod
787 1620 814 1646 in

46 1668 157 1700 przesenti
180 1668 214 1696 de
235 1667 360 1699 Iarando,
387 1667 420 1694 de
444 1666 578 1702 polypode
594 1666 696 1693 dictum
722 1669 774 1697 est,
789 1671 817 1693 et

46 1713 148 1742 inferius
163 1714 195 1741 de
210 1714 407 1741 chamaeleonte
422 1713 529 1740 dicetur
543 1719 624 1747 quam
637 1711 815 1739 mutationem

46 1762 130 1791 praeter
157 1762 296 1786 tantorum
334 1757 473 1785 hominum
505 1757 694 1784 auctoritatem
724 1763 815 1783 veram

45 1812 105 1837 r-sse,
121 1808 146 1832 et
169 1805 229 1840 ipsa
253 1803 419 1839 experientia
437 1807 607 1837 compertum
630 1805 683 1830 est.
705 1801 737 1828 Et
762 1801 817 1836 pri-

45 1857 108 1877 mum
124 1849 156 1878 de
171 1851 270 1886 polypo
282 1849 456 1882 Plutarchus,
473 1849 521 1876 lib.
534 1848 571 1876 De
584 1849 670 1875 causis
685 1847 816 1875 naturali-

45 1900 93 1929 bus,
121 1905 179 1933 cap.
209 1898 255 1929 l9,
279 1897 327 1929 ait,
348 1897 474 1932 polypum
494 1903 603 1923 carnetn
625 1894 815 1926 foraminibus,

45 1943 219 1978 tueatibusque
236 1943 421 1978 compluribus
440 1941 597 1970 distinctam
613 1941 721 1973 habere,
740 1939 815 1967 ideo-

45 1995 88 2022 que
109 1989 213 2016 deﬂuxu
233 1994 384 2016 atomorum
402 1995 416 2014 a
434 1987 547 2024 marinis
569 1986 643 2014 saxis
668 1986 702 2013 ad
722 1993 751 2013 se
774 1989 816 2012 at-

45 2038 120 2061 tracto
135 2039 306 2071 receptoque.
322 2035 356 2062 iis
376 2033 548 2068 corpusculis
569 2032 662 2059 vestiri
682 2035 814 2059 eteorum

45 2080 125 2108 colore
136 2070 349 2116 circumquaque
364 2070 502 2116 perfundi.
519 2079 551 2107 Et
571 2087 633 2106 cum
648 2078 758 2113 quidam
774 2078 816 2104 di-

45 2132 135 2158 terent,
148 2134 179 2154 ac
192 2127 338 2161 rejicerent
352 2127 528 2152 mutationem
544 2125 614 2152 hanc
627 2125 654 2152 in
669 2125 814 2160 genuinam

44 2172 175 2206 quamdam
198 2173 324 2201 animalis
340 2173 474 2207 ignaviam
490 2175 517 2199 et
532 2179 671 2207 pavorem,
690 2171 762 2205 quod
782 2169 816 2198 de
830 2181 853 2210 υ

45 2217 224 2247 chamaeleonte
240 2219 321 2246 etiam
343 2219 490 2245 affirmat-at
507 2217 676 2249 Aristotcles,
697 2217 743 2244 lib.
778 2224 813 2248 tv,

45 2262 78 2290 De
98 2270 163 2298 part.
190 2265 314 2298 animal.,
335 2264 415 2299 capit.
434 2264 476 2290 ll.
505 2263 562 2290 Prae
587 2263 672 2290 nimio
699 2270 816 2298 namque

45 2315 109 2336 metu
132 2311 305 2338 multiformis
322 2311 449 2338 efﬁcitur.
480 2309 551 2336 Idem
577 2309 738 2337 Plutarchus
767 2309 814 2342 ait,

45 2355 160 2391 polypqu
177 2365 232 2385 non
255 2357 443 2392 trepidatione,
462 2356 507 2383 sed
525 2364 557 2382 ex
578 2354 714 2382 industria
729 2355 755 2382 id
772 2354 814 2381 fa-

45 2408 107 2433 cere,
127 2407 153 2429 et
177 2403 228 2430 hac
251 2404 400 2431 mutatione
419 2410 451 2429 ac
472 2406 555 2433 veste.
585 2401 667 2428 veluti
694 2401 757 2427 dolo
789 2404 815 2427 et

45 2450 234 2483 stratagemate,
251 2457 305 2476 non
323 2449 484 2476 carentibus
503 2449 617 2475 insidias
634 2452 749 2477 struere,
765 2446 813 2472 lib.

45 2499 91 2526 quo
108 2495 215 2523 disserit
236 2497 332 2531 plusne
351 2496 465 2523 rationis
494 2495 558 2522 insit
583 2494 749 2529 aquatilibus
767 2493 814 2519 be-

45 2538 107 2571 stiis,
122 2548 200 2574 quam
220 2542 346 2568 terrenis.
361 2539 399 2567 De
414 2540 609 2566 chamaeleonte
624 2538 694 2566 idem
707 2538 816 2564 Plutar-

45 2582 105 2609 l'i|llS
121 2581 230 2617 ibidem,
246 2586 320 2612 illum
333 2586 380 2616 ait,
395 2593 427 2612 ex
445 2589 516 2611 metu
535 2584 641 2611 colores
655 2584 708 2610 sibi
724 2583 815 2618 proxi-

45 2635 97 2656 mos
127 2637 328 2665 repraesentare.
358 2631 390 2659 Ι),
420 2632 598 2666 Augustinus,
629 2630 676 2657 lib.
708 2638 746 2661 xt,
777 2629 815 2656 De

46 2673 174 2708 Trinitate.
202 2686 261 2714 cap.
289 2679 317 2711 2,
344 2686 402 2706 eam
428 2678 550 2706 colorum
583 2677 758 2703 mutationem
787 2677 814 2702 in

44 2719 228 2752 chamaeleonte
254 2733 287 2752 ex
314 2724 508 2760 imaginatione
533 2722 608 2750 nasci
639 2726 734 2749 auctor
761 2726 812 2749 est.

49 2763 177 2800 Voluntas,
193 2771 289 2805 inquit,
307 2772 378 2798 circa
394 2771 532 2806 imaginem
555 2768 642 2796 sensui
661 2769 814 2802 impressam

46 2816 136 2842 lautam
156 2817 205 2844 ιιὶιη
225 2817 310 2847 habet,
331 2822 358 2843 ut
375 2816 396 2844 si
413 2816 555 2856 admodum
568 2814 685 2854 uiolenta
707 2813 751 2848 sit,
770 2813 815 2840 ulti

583 94 616 120 IN
636 93 820 122 EUSTATHII
841 95 1078 123 HEXAEMERON
1099 97 1212 126 NOTAE.

1606 98 1656 126 93:1

872 160 922 179 non
950 153 1059 184 resistit.
1083 154 1185 188 pigrtor
1210 150 1350 190 duriorque
1375 156 1506 189 materies,
1528 157 1655 184 visibilem
1694 166 1696 170 ν

874 199 983 231 speciem
996 199 1158 233 coloremque
1171 205 1319 232 commutet,
1344 201 1402 228 licet
1420 202 1506 230 uidere
1513 210 1658 236 corpuscu-

874 244 928 270 lum
949 244 1143 271 chamwleontis
1166 245 1201 272 ad
1223 245 1321 272 colores
1346 255 1409 281 quos
1435 248 1504 275 uidet
1524 248 1656 283 facillima

873 290 1037 317 conversione
1052 291 1162 318 variari.
1179 291 1232 317 Alii
1248 291 1342 318 dicunt
1357 293 1482 328 polypum
1499 299 1527 322 et
1541 294 1656 321 chamae-

873 337 999 369 leontem,
1016 337 1122 372 aliaque
1138 337 1236 365 similis
1246 343 1350 366 natura:
1367 343 1393 365 ct
1409 340 1510 375 ingenii
1526 341 1654 368 animalia

873 383 978 410 colores
995 383 1056 411 illos
1073 383 1195 416 reddere,
1211 392 1266 410 non
1283 385 1354 419 quod
1366 385 1400 412 iis
1423 387 1512 421 reipsa
1524 386 1653 414 imbuan-

873 433 925 459 tur,
947 427 995 455 sed
1009 428 1072 462 quia
1090 436 1150 454 cum
1165 428 1282 455 habeant
1298 436 1396 462 corpus
1418 437 1509 456 rarum
1522 433 1549 457 ct
1561 433 1654 457 trans-

873 474 996 506 mcabile,
1015 482 1062 508 per
1081 475 1108 501 id
1125 479 1252 509 tanquam
1268 483 1316 510 per
1327 476 1426 502 vitrum
1444 481 1592 503 cernuntur
1609 483 1652 513 re.-

872 528 931 547 rutn
958 521 1157 555 subjacentium
1184 522 1300 554 colores,
1326 522 1371 557 qui
1390 527 1479 549 tamen
1507 522 1653 550 allucinato

872 572 982 602 aspectu
1010 568 1038 594 in
1067 568 1133 602 ipsis
1159 568 1343 596 animantibus
1366 569 1493 596 videntur
1523 569 1651 599 insidere,

871 613 1099 648 quemadmodum
1120 618 1148 642 et
1172 616 1271 642 vitrum
1294 615 1376 642 rebus
1396 615 1524 642 coloratis
1541 614 1653 650 imposi-

872 663 927 686 tum
947 659 1020 694 pingi
1041 659 1148 687 videtur
1159 660 1308 692 coloribus,
1323 661 1368 696 qui
1390 668 1438 696 per
1455 661 1542 695 ipsum
1560 665 1653 687 trans-

871 705 969 732 lucent.
987 705 1158 737 Aristoteles,
1176 706 1225 733 lib.
1243 714 1272 737 tt,
1294 705 1331 732 De
1348 705 1410 733 hist.
1439 707 1533 738 auim.,
1548 706 1594 732 lib.
1613 713 1652 737 xl,

870 752 917 783 ait,
933 751 1153 779 chamaeleontem
1177 752 1295 780 colorem
1311 757 1417 779 mutare
1432 751 1563 784 inﬂatum;
1579 751 1651 787 quod

870 797 950 824 etiam
973 797 1006 824 de
1033 797 1165 833 polypode
1187 798 1255 824 dixit
1278 797 1484 833 Theophrastus
1496 798 1569 825 dicto
1580 798 1650 830 loco,

871 846 899 867 ut
925 841 990 876 legit
1011 841 1144 869 lleuricus
1169 841 1334 877 Stephanus,
1356 850 1438 877 quant
1461 846 1488 870 et
1511 843 1652 870 meliorem

870 885 1012 912 lectionem
1025 893 1087 914 esse
1101 886 1238 918 existimo.
1251 894 1368 920 namque
1378 887 1468 922 potius
1483 888 1580 923 polypo
1591 895 1653 924 quae

869 929 1074 966 Theophrastus
1089 931 1171 959 refert
1181 939 1262 967 quam
1273 932 1460 960 cltauneleonti
1473 934 1649 966 conveniunt,

868 977 993 1011 quamvis
1012 977 1082 1004 idem
1105 976 1259 1012 Stephanus
1276 978 1302 1005 in
1322 979 1444 1006 melioris
1465 984 1536 1006 notae
1557 980 1652 1007 codice

869 1022 1024 1057 suspicetur
1043 1023 1197 1058 χαμαιλέων
1217 1023 1301 1052 fuisse
1322 1026 1464 1059 scriptum.
1485 1025 1544 1057 Quo
1561 1026 1652 1052 deleto

869 1067 896 1094 in
911 1068 971 1102 eju's
988 1069 1076 1095 locum
1093 1068 1228 1102 πολύπους
1241 1070 1389 1104 repositum
1408 1071 1459 1104 sit;
1474 1070 1564 1098 liturae
1577 1072 1652 1098 enim

868 1114 990 1148 quaedam
1002 1115 1112 1150 vestigia
1125 1116 1153 1142 in
1170 1116 1216 1142 illo
1228 1116 1389 1144 videbantur
1398 1124 1550 1152 superesse.
1563 1117 1651 1145 Theo—

869 1160 996 1194 phrastus
1014 1161 1105 1197 itaque
1123 1162 1160 1188 ait
1179 1162 1223 1189 :'U
1239 1162 1266 1189 δὲ
1281 1163 1417 1194 πολύπους
1433 1163 1506 1189 δοκεί
1519 1163 1557 1199 τῷ
1570 1163 1653 1190 πνεύ-

870 1214 934 1241 ματι
948 1208 1034 1233 ποιεῖν
1049 1206 1099 1239 τὰς
1113 1207 1272 1242 μεταϐολάς.
1290 1208 1476 1244 Πνευματικδν
1491 1208 1545 1244 γὰρ
1560 1208 1649 1243 φύσει.

868 1252 983 1287 Σημεῖον
1002 1252 1030 1279 δὲ
1050 1253 1080 1279 τὸ
1099 1252 1146 1280 τοῦ
1168 1253 1322 1288 πνεύματος
1339 1255 1396 1287 (alii
1421 1254 1467 1281 τοῦ
1490 1255 1651 1290 πνεύμονος)

869 1298 992 1333 μέγεθος
1014 1299 1107 1334 σχεδὸν
1124 1300 1177 1335 γὰρ
1193 1299 1226 1326 δι’
1244 1300 1305 1327 ὅλου
1321 1300 1368 1327 τοῦ
1387 1300 1512 1336 σώματος
1529 1301 1649 1328 τέταται.

869 1344 943 1379 Ἀμα
955 1344 984 1371 δὲ
994 1345 1040 1371 καὶ
1052 1345 1224 1380 ὲξαιρόμενος
1235 1346 1314 1377 αὐτὸς
1329 1346 1376 1373 καὶ
1387 1346 1562 1382 φυσσώμενος
1573 1346 1652 1381 δῆλός

867 1391 951 1418 ἐστιν.
969 1390 1002 1418 Ει
1019 1392 1189 1424 Aristoteles,
1207 1392 1246 1420 De
1268 1397 1339 1428 part.
1358 1393 1453 1425 anim.,
1475 1393 1522 1420 lib.
1539 1401 1575 1424 Iv,
1588 1401 1650 1428 cap.

867 1436 894 1467 5.
915 1436 986 1464 idem
1003 1437 1096 1465 refert.
1109 1438 1179 1471 Quid
1194 1438 1261 1466 certi
1281 1438 1308 1466 in
1325 1439 1376 1466 bac
1391 1447 1421 1466 re
1429 1439 1602 1467 statuendum
1616 1441 1653 1466 sit

868 1481 979 1510 difﬁcile
993 1483 1056 1518 quis
1069 1488 1163 1518 posset
1182 1484 1349 1519 excogitare,
1366 1485 1407 1511 vel
1429 1484 1517 1511 solum
1532 1485 1652 1511 auctori-

868 1531 920 1559 tas,
934 1531 961 1554 et
976 1528 998 1555 si
1015 1528 1089 1555 nulla
1104 1533 1176 1556 esset
1193 1529 1273 1562 ratio,
1290 1532 1430 1556 tantorum
1445 1529 1575 1561 virorum,
1590 1532 1652 1555 tan-

866 1581 947 1609 quam
965 1577 1069 1601 certutn
1093 1578 1235 1606 statueret,
1256 1573 1389 1609 quidquid
1413 1573 1515 1600 dictum
1537 1578 1589 1601 est.
1611 1574 1653 1602 Ne

865 1614 929 1653 quid
948 1619 1039 1654 itaque
1055 1623 1144 1646 tantos
1158 1620 1242 1651 viros,
1257 1619 1300 1646 vel
1317 1626 1412 1646 eorum
1430 1619 1579 1647 sententias
1599 1619 1651 1646 im-

866 1671 986 1699 pugnare
1009 1663 1162 1696 videamur,
1179 1665 1250 1692 absit
1270 1665 1332 1697 hoc,
1353 1672 1461 1699 semper
1481 1664 1570 1700 magni
1585 1663 1650 1696 feci,

865 1717 972 1745 semper
986 1710 1137 1738 admiratus
1152 1717 1211 1738 sum
1224 1718 1382 1745 magnorum
1395 1711 1513 1738 virorum
1530 1710 1650 1745 ingenia,
1699 1729 1701 1731 ›

865 1754 989 1783 dicamus
1005 1763 1100 1783 otnnes
1117 1756 1144 1783 in
1160 1755 1210 1783 hac
1224 1763 1348 1783 re-veras
1362 1762 1516 1786 enarrasse,
1539 1762 1651 1783 causas-

866 1809 919 1836 que
933 1801 1115 1833 certissimas,
1138 1801 1388 1837 concludamusque
1403 1801 1463 1829 ideo
1480 1801 1608 1836 polypum
1622 1805 1651 1828 et

866 1846 1087 1874 chamzeleontem
1104 1845 1214 1874 deﬂuxu
1236 1850 1401 1878 atomorum,
1426 1846 1478 1874 hoc
1500 1850 1552 1878 est,
1568 1846 1650 1881 spiri-

867 1895 954 1924 tuum,
971 1899 1041 1927 quos
1058 1899 1227 1928 unaquaeque
1248 1900 1292 1920 res
1313 1900 1368 1927 prae
1378 1900 1408 1920 se
1419 1892 1480 1925 fert,
1500 1897 1573 1919 metu
1592 1891 1651 1920 sive

865 1937 939 1970 dolo,
957 1938 1013 1966 sive
1027 1938 1081 1965 alio
1094 1938 1222 1973 quopiam
1239 1941 1342 1965 natura:
1356 1942 1442 1970 motu,
1458 1945 1505 1973 per
1519 1938 1650 1973 imagina-

866 1982 966 2009 tionem
983 1982 1077 2010 sensui
1094 1982 1266 2017 impressam,
1282 1983 1310 2010 iu
1326 1990 1442 2017 corpore
1456 1982 1535 2018 quasi
1559 1989 1649 2015 aereo,

865 2031 893 2055 et
913 2028 1091 2062 translucido,
1107 2032 1134 2056 et
1157 2027 1355 2060 transmeabili,
1371 2027 1487 2062 ideoque
1506 2027 1651 2063 aptissimo

866 2075 900 2102 ad
926 2074 1075 2110 quamlibet
1102 2075 1280 2102 mutationem
1307 2074 1520 2108 suscipiendam,
1553 2080 1651 2101 omnes

866 2121 973 2148 colores
994 2119 1147 2148 admittere.
1164 2120 1223 2147 Non
1237 2120 1328 2147 subito
1346 2119 1445 2147 multas
1459 2119 1548 2146 adhuc
1560 2123 1587 2146 et
1601 2118 1651 2146 dil-

867 2166 1011 2198 ﬂcultates,
1026 2171 1053 2194 et
1069 2165 1152 2193 dubia
1181 2173 1336 2200 superesse,
1362 2165 1409 2192 sed
1438 2172 1497 2199 qua:
1521 2163 1650 2191 facillimo

866 2212 974 2248 negotio
985 2212 1090 2246 possint
1103 2212 1244 2246 explicari,
1254 2211 1293 2238 vel
1303 2211 1360 2238 sola
1369 2210 1420 2237 hac
1433 2213 1526 2237 nostra
1537 2209 1649 2236 conclu-

866 2259 952 2290 sione,
961 2265 1031 2293 quae,
1041 2266 1074 2286 ne
1085 2258 1247 2293 prolixiores
1264 2257 1361 2289 simus,
1372 2255 1534 2286 omittimus,
1549 2255 1595 2282 scd
1606 2259 1649 2282 sat

866 2305 892 2332 id
905 2305 973 2332 bene
983 2304 1016 2331 de
1024 2304 1226 2333 cltammleonte.
1236 2307 1262 2329 et
1272 2302 1369 2336 polypo
1377 2300 1448 2328 dicet
1455 2301 1530 2334 quis;
1540 2298 1605 2334 quid
1615 2299 1649 2325 de

866 2351 979 2378 tarando
987 2357 1101 2385 corpore
1109 2349 1237 2377 crassiori
1247 2349 1317 2383 quod
1327 2352 1353 2375 et
1364 2348 1474 2378 mirum,
1484 2346 1530 2373 sed
1540 2344 1649 2372 mirabi-

866 2399 918 2425 lius
933 2402 959 2425 et
969 2397 1051 2424 villo?
1062 2395 1151 2423 dicam
1163 2395 1235 2429 quod
1244 2398 1270 2421 ct
1282 2393 1485 2428 Theophrastus
1496 2392 1568 2418 dicto
1578 2391 1647 2418 loco.

865 2444 928 2475 Τοῖς
943 2443 992 2479 μὲν
1007 2443 1059 2478 γὰρ
1075 2442 1164 2472 ἄλλοις
1183 2441 1211 2467 ὲν
1227 2440 1265 2475 τῷ
1285 2439 1400 2474 δέρματι
1413 2438 1517 2472 γίνεται
1532 2438 1549 2471 ἡ
1568 2444 1650 2472 μετα-

866 2490 940 2526 δολὴν
961 2489 1152 2524 ἀλλοιουμένης
1165 2487 1214 2521 τῆς
1230 2486 1304 2517 ὲντὸς
1318 2485 1474 2520 ὑγρότητος,
1491 2483 1545 2509 εἴτε
1565 2484 1648 2517 αἱμα-

864 2537 974 2568 τώδους,
1002 2535 1018 2571 ἦ
1044 2535 1089 2562 καί
1115 2543 1187 2566 τινος
1211 2533 1294 2567 ἄλλης
1307 2531 1433 2566 τοιαύτης
1462 2530 1562 2565 οὔσηςδ
1579 2529 1672 2566 ὥστε1

866 2583 984 2618 φανερὰν
1001 2580 1130 2616 εἶναιτὴν
1151 2578 1337 2615 συμπάθειαν·
1359 2578 1376 2612 ὴ
1400 2577 1427 2603 δὲ
1449 2576 1550 2612 τριχῶν
1568 2584 1650 2611 μετα-

866 2628 940 2662 6ολὴ,
960 2626 1048 2662 ξηρῶν
1061 2634 1090 2652 τε
1104 2626 1188 2652 ὄντων
1199 2625 1245 2651 καὶ
1259 2622 1472 2658 ἀπηρτημένων,
1485 2621 1531 2648 καὶ
1551 2620 1651 2656 ἀθρόον

865 2674 895 2700 οὐ
916 2672 1075 2707 πεφυκότων
1097 2670 1276 2702 ἀλλοιοῦσθαι,
1296 2668 1445 2705 παράδοξος
1461 2666 1578 2703 ἀληθῶς,
1603 2667 1651 2693 καὶ

865 2719 995 2749 ἀπίθανος
1012 2717 1126 2752 μάλιστα
1141 2716 1209 2752 πρὸς
1221 2715 1306 2742 πολλὰ
1321 2714 1523 2749 ποικιλλομένη.
1533 2712 1652 2745 Quidni?

865 2765 925 2792 Non
942 2770 1038 2792 vereor
1054 2763 1080 2790 id
1096 2762 1174 2789 fateri
1188 2761 1272 2789 Deum
1293 2761 1394 2796 aliquid
1411 2767 1492 2795 posse
1506 2763 1651 2794 praestare,

866 2812 945 2848 cujus
964 2818 1014 2847 ego
1026 2817 1123 2838 causas
1137 2816 1192 2837 non
1205 2815 1341 2844 assequar.
