1897 3073
242 91 294 119 935

909 90 1030 119 LEONlS
1049 91 1186 120 ALLATII

1811 98 1853 126 956

278 150 360 182 lbid.,
376 151 422 178 lin.
445 150 488 177 46.
503 150 619 185 Ὁμοίως
631 149 722 177 δὲκαὶ
733 151 749 177 ό
762 150 937 184 χαμαιλέων.
953 150 1024 177 Cha-
1038 152 1061 180 Α
1074 149 1134 176 οὔτε
1145 151 1268 186 ὁρᾶσθαι,
1282 151 1342 179 οὔτε
1357 153 1542 188 γνωρίζεσθαι.
1558 155 1678 183 κλέπτει
1693 155 1749 191 γὰρ
1767 156 1854 183 ἑαυτὸν

242 195 410 224 ιιιωιθοηιθιιι
425 195 594 227 Aristoteles.
615 196 662 223 lib.
681 204 698 222 ιι
718 195 756 223 De
772 196 834 223 hist.
851 196 945 228 anim.,
961 203 1021 230 cap.

243 242 287 274 il,
304 242 449 278 descripsit
463 244 532 276 fuse,
549 248 575 271 et
596 243 709 275 Plinius,
730 243 777 270 lib.
793 251 851 274 vni.
865 250 890 269 c.
906 242 955 269 '53:
974 241 1022 268 Fi-

241 296 309 323 gura
331 294 356 316 et
377 291 530 325 magnitudo
552 295 610 317 erat
631 292 736 317 lacertae
761 290 811 316 nisi
837 297 916 316 crura
937 293 1022 315 essent

242 341 312 364 recta
323 341 348 363 et
363 337 517 367 excelsiora,
535 337 619 363 latera
630 337 712 363 ventri
721 337 881 371 junguntur,
893 339 923 361 ut
942 335 1022 370 pisci-

242 383 300 414 bus,
323 387 347 409 et
368 383 444 416 spina
464 381 546 408 simili
568 381 772 412 modo;cminet
793 385 918 412 rostrum,
945 385 973 406 nt
995 380 1022 407 in

239 436 319 462 parvo
333 428 403 454 haud
414 428 532 454 absimile
542 427 631 459 suillo,
644 428 728 453 caula
742 426 876 460 pralonga
892 426 918 452 in
939 426 1023 452 tenui-

241 479 320 502 tatem
341 475 471 505 desinens,
492 478 515 500 et
538 473 675 507 implicans
702 480 728 499 se
754 471 879 505 viperinis
892 471 1021 503 orbibus;

241 529 338 555 ungues
359 520 455 546 adunci
467 527 476 548 :
489 524 574 545 motus
596 517 708 549 tardior,
721 522 750 544 ut
773 518 915 549 testudini;
927 526 1021 550 corpus

241 574 360 600 asperum
373 573 418 591 ceu
437 565 588 592 crocodilo:
604 565 673 591 oculi
692 565 719 590 in
741 572 843 591 recessu
867 572 929 591 cauo
951 565 1022 591 tenui

239 612 390 639 discrimine
411 611 588 646 prmgrandes,
608 615 632 636 et
655 610 757 644 rorpori
772 609 937 640 concolores;
954 617 1021 636 nun-

239 666 318 692 quam
332 666 374 684 eos
392 658 474 692 operit
487 665 496 683 :
511 665 556 683 nec
571 656 678 691 pupilla:
693 661 774 688 motu,
792 655 836 682 sed
857 656 937 682 totius
952 655 1022 682 oculi

240 704 355 730 versione
367 703 551 738 circumspicit.
569 702 628 736 Ipse
646 702 730 728 celsus
745 702 830 728 hianti
846 710 951 736 semper
965 710 1018 728 ore.

240 749 344 776 Mutare
371 749 487 776 colorem
509 749 593 776 refert
607 748 767 775 Aristoteles
783 748 841 775 loco
860 748 887 774 d.
902 752 929 775 et
943 747 970 780 2,
994 752 1021 775 et

239 794 284 821 hic
306 793 420 826 Plinius,
444 793 579 825 Elianus,
602 792 762 820 Plutarchus
783 793 810 820 in
842 792 964 828 Sympos.
993 796 1020 821 et

238 843 415 866 commentar.
440 838 477 865 De
502 838 671 870 adulatione;
697 837 842 873 Gregorius
860 823 986 865 lv‘iazianz.
1003 838 1016 865 1
1034 823 1055 849 Β

238 885 371 912 invectiva
387 885 412 911 in
426 884 564 911 lulianum
577 883 761 919 ;Attgustinus
777 884 822 911 lib.
840 892 858 910 ιι
875 884 914 911 De
932 884 1020 911 Trini-

238 935 301 961 tate,
319 938 377 966 cap.
402 929 579 963 2;lsidorus,
595 930 642 958 lib.
661 938 690 962 ιι,
710 937 771 965 cap.
785 929 819 962 2;
835 929 1019 957 Tertullianus

237 976 284 1003 lib.
302 975 341 1002 De
355 976 448 1010 pallio,
461 979 488 1003 et
504 974 628 1003 Justinus
641 979 753 1011 martyr,
770 976 854 1010 Epist.
871 975 905 1001 ad
919 975 1019 1002 Zenum

236 1026 260 1048 et
273 1020 408 1048 Serenum.
430 1021 459 1048 Ὀ
477 1021 506 1047 δὲ
518 1021 565 1048 νῦν
577 1021 625 1057 μὲν
640 1021 744 1056 ὠχρὸς,
761 1019 820 1048 εἷτα
832 1021 954 1056 ἐρυθρός.
975 1020 1019 1056 Τῷ

235 1068 263 1094 δὲ
293 1067 456 1103 συγκρίματι
480 1067 527 1094 τοῦ
549 1066 673 1103 σώματος
697 1067 914 1102 ποικιλλόμενος,
942 1064 1019 1098 οὗτος

235 1112 505 1148 ὥσπερ-χαμαιλέων
527 1113 556 1139 ὲν
572 1111 610 1147 τῷ
634 1111 764 1143 καύσωνι,
788 1112 834 1138 καὶ
857 1113 890 1148 τῇ
916 1112 1019 1147 ἐρημίᾳ

235 1160 397 1193 περινοστεῖ,
415 1162 441 1185 et
455 1152 616 1186 Theodorus
635 1158 778 1186 Tarsensis
800 1158 870 1193 apud
891 1157 1017 1185 Photium

235 1204 263 1231 in
278 1204 403 1232 Biblioth.
426 1203 588 1239 Χαμαιλέων
600 1203 631 1230 τὸ
648 1203 716 1236 ζῶον
735 1205 775 1236 εἰς
788 1203 872 1230 πολλὰ
887 1204 1019 1240 χρώματα.

234 1250 265 1277 τὸ
286 1249 365 1285 σῶμα
389 1241 559 1285 μεταῦᾶλλει,
583 1249 630 1276 καὶ
648 1249 766 1280 τοιοῦτος
779 1249 900 1284 φαίνεται
918 1247 972 1277 οἷον
988 1250 1019 1277 τὸ

235 1295 381 1330 πλησιάζον
391 1296 438 1322 καὶ
446 1295 646 1331 παρακείμενον
660 1294 733 1330 αὐτῷ
746 1294 796 1322 κᾶν
808 1294 894 1327 ξύλον,
911 1295 962 1322 κᾶν
977 1295 1017 1322 λί-

235 1340 291 1373 θος,
300 1341 351 1367 κᾶν
360 1341 374 1367 ὃ
387 1349 413 1366 τι
428 1340 545 1368 τοιοῦτον
601 1341 673 1376 Πρὸς
681 1340 735 1376 γὰρ
743 1340 791 1376 τὴν
804 1341 907 1368 ἐκείνου
924 1342 1017 1378 χροιὰν

235 1386 380 1422 ἁρμολογεῖ
395 1386 444 1421 τὴν
459 1386 567 1419 ἑαυτοῦ,
580 1391 607 1414 et
623 1387 774 1422 Antigonus
791 1387 943 1423 Carystius,
955 1395 1015 1423 cap.

234 1432 279 1464 50,
290 1431 393 1458 Γίνεται
411 1432 438 1458 δὲ
451 1432 548 1458 ταύτὸν
564 1432 610 1458 καὶ
627 1431 689 1466 περὶ
703 1432 748 1458 τὸν
759 1432 947 1468 χαμαιλέοντα.
962 1433 1018 1460 Καὶ

234 1477 289 1513 γὰρ
301 1479 356 1509 τοῖς
372 1477 506 1512 στελέχεσι
526 1477 580 1504 τῶν
602 1477 726 1513 δένδρων,
749 1478 795 1504 καὶ
817 1479 873 1510 τοῖς
898 1474 1016 1513 φύλλοιξ⁷
1031 1491 1052 1520 c

235 1524 282 1551 καὶ
293 1525 326 1560 τῇ
341 1526 375 1559 γῇ
393 1524 437 1550 τὸν
454 1524 533 1550 αὐτὸν
546 1523 644 1559 τρόπον
662 1524 760 1552 ἅπαντι
781 1525 855 1560 τόπῳ
878 1534 1017 1561 συμμετα-

234 1570 326 1597 ϐάλλει
339 1571 388 1606 τὴν
403 1571 505 1606 χροιάν.
521 1570 680 1599 Aristoteles
695 1570 732 1598 ait
742 1571 843 1598 mutari
855 1571 973 1598 colorem
990 1572 1017 1599 in

233 1621 290 1644 toto
301 1624 425 1652 corpore,
444 1624 506 1644 nam
528 1621 555 1645 et
569 1617 640 1644 oculi
656 1617 815 1645 concolores
837 1618 942 1653 reliquo
956 1625 1018 1645 cor-

234 1666 293 1699 pori
313 1664 473 1696 redduntur,
488 1667 515 1691 et
533 1664 619 1691 cauda
634 1665 759 1692 eumdem
772 1664 890 1692 colorem
906 1664 1013 1700 accipit.

233 1709 349 1742 Plinius,
361 1714 388 1737 et
397 1710 496 1738 coloris
509 1715 604 1737 natura
622 1710 786 1743 mutabilior,
802 1714 888 1737 mutat
899 1717 1015 1745 namque

234 1763 296 1782 eum
313 1756 436 1788 subinde,
449 1760 476 1784 et
491 1757 589 1788 oculis,
608 1761 634 1783 et
655 1757 752 1788 cauda,
768 1761 795 1783 et
814 1761 872 1783 toto
889 1764 1013 1792 corpore.

234 1799 449 1836 Theophrastus,
476 1801 522 1829 lib.
549 1801 615 1835 Περὶ
629 1800 688 1828 τῶν
698 1801 946 1836 μεταϐαλλόντων
957 1801 1016 1836 τὴν

234 1846 329 1880 χρόαν
350 1853 457 1881 semper
480 1847 594 1874 reddere
609 1854 798 1881 quemcunque
813 1847 933 1882 attigerit
946 1855 1016 1882 prm-

234 1896 276 1919 ter
292 1892 415 1925 rubrum,
432 1892 643 1927 candidumque,
664 1892 831 1919 Μεταὸάλλει
847 1894 875 1920 δὲ
887 1894 901 1919 ὁ
915 1902 1015 1929 χαμαι-

233 1937 302 1964 λέων
321 1938 360 1970 εἰς
382 1939 468 1964 πάντα
488 1938 522 1964 τὰ
542 1937 691 1974 χρώματα-
707 1938 774 1974 πλὴν
791 1939 840 1975 τὴν
854 1939 892 1971 είς
904 1940 934 1966 τὺ
953 1940 1015 1966 λευ-

234 1982 281 2009 κδν
297 1983 344 2009 καὶ.
368 1983 398 2009 τὸ
421 1983 533 2019 ἐρυθρὸν
551 1984 581 2010 οὐ
604 1984 708 2019 δέχεται
731 1985 888 2020 μεταὼλήν.
907 1985 962 2012 Καὶ
983 1986 1015 2012 οὐ

235 2029 302 2065 πρὸς
317 2030 352 2055 τὰ
372 2030 559 2065 παρακείμενα
585 2031 663 2065 μόνον
685 2030 817 2066 χρώματα
844 2031 1013 2066 μεταϐάλλει,

234 2074 302 2102 ἀλλὰ
327 2076 374 2102 καὶ
388 2076 468 2107 αὐτὸς
492 2076 551 2103 καθ’
566 2077 669 2109 ἑαυτὸν,
692 2077 793 2110 ὲόιντις
815 2079 893 2114 μόνον
914 2078 1015 2114 ἅψηται

234 2122 326 2154 αὑτοῦ,
342 2122 371 2148 τὸ
385 2122 482 2158 χρῶμα
499 2123 658 2158 μεταϐάλλει
687 2124 785 2152 Eadem
807 2125 886 2152 habet
899 2125 1013 2156 Plinius,

1073 196 1180 222 πλανῶν
1196 206 1225 223 τε
1240 197 1297 232 ἅμα
1317 198 1363 224 καὶ
1378 200 1558 236 παρατρέπων
1572 201 1620 237 τὴν
1638 201 1693 228 τῶν
1714 203 1854 237 ὁρωμένων

1072 240 1142 274 ὄψιν.
1171 242 1201 268 El
1227 243 1281 278 γὰρ
1306 244 1466 280 παρατύχῃς
1492 245 1586 280 μέλανι
1617 246 1648 272 τὸ
1677 245 1766 278 εἶδος,
1793 247 1808 273 ὁ
1832 248 1855 274 δὲ

1073 286 1198 322 ἐξέτρεψε
1213 288 1242 314 τὺ
1259 289 1393 324 μόρφωμα
1409 291 1448 322 εἰς
1468 291 1633 327 χλωρότητα,
1650 292 1747 322 ὥσπερ
1764 290 1798 327 ἦν
1811 302 1854 328 με-

1072 333 1299 369 ταμφιεσάμενος.
1313 333 1380 362 Εἶτα
1395 336 1485 370 μέντοι
1499 337 1601 369 ἀλλοῖος
1610 338 1696 373 ἐφάνη
1711 337 1855 373 λευκξῇητχ

1072 379 1180 410 ὑποδὺς,
1197 380 1319 416 καθάπερ
1335 383 1504 416 προσωπεῖον
1519 383 1619 419 ἕτερον,
1639 384 1655 419 ἢ
1677 384 1777 419 στολὴν
1796 385 1854 410 ὑπο-

1071 424 1167 460 κριτὴς
1187 425 1278 460 ἄλλην.
1306 425 1410 454 Plinius
1432 428 1490 454 solo
1504 435 1566 456 aere
1587 437 1638 456 nec
1667 429 1724 456 alio
1741 430 1804 456 cibo
1823 431 1852 456 ali

1072 468 1123 496 hoc
1145 470 1245 496 animal
1265 470 1383 497 tradidit.
1405 470 1465 504 Ipse
1478 472 1562 499 celsus
1579 473 1664 499 hianti
1682 482 1787 508 semper
1803 483 1851 505 ore,

1072 514 1144 541 solus
1165 515 1318 542 animalium
1338 524 1383 542 nec
1401 517 1466 547 cibo.
1482 525 1528 544 nec
1544 522 1606 551 potu
1627 519 1722 551 alitur,
1741 527 1788 545 nec
1806 520 1853 546 alio

1071 569 1149 595 quant
1173 562 1241 589 aeris
1265 562 1399 589 alimento.
1429 563 1485 590 Hoc
1505 568 1595 591 tamen
1619 564 1719 591 falsum
1743 572 1805 592 esse
1820 568 1852 592 ait

1071 605 1234 634 Franciscus
1258 607 1385 635 Sanctius
1407 607 1582 636 Commentar.
1609 609 1637 636 in
1663 609 1796 637 Emblem.
1811 611 1851 642 55,

1071 652 1180 685 Alciati,
1197 657 1224 681 et
1235 655 1329 682 venari
1343 662 1463 688 muscas,
1480 656 1642 688 scarabatos,
1655 656 1792 687 locustas,
1807 657 1851 683 I'or-

1070 699 1165 732 tuicas.
1187 705 1213 727 et
1229 700 1282 727 alia
1306 700 1409 728 insecta
1436 701 1535 736 quibus
1562 703 1698 737 praecipue
1724 703 1849 730 vescitur.

1070 743 1188 773 Jacohus
1218 744 1407 781 Dalecampius
1433 751 1527 775 annot.
1553 747 1581 775 in
1593 747 1673 775 Plinii
1699 749 1792 775 locum
1816 750 1849 778 d..

1071 791 1197 824 Quamvis
1210 792 1305 826 famem
1322 793 1418 820 multos
1433 801 1532 821 menses
1544 794 1645 826 toleret,
1660 794 1754 829 lingua
1770 800 1850 822 tamen

1070 836 1273 870 sesquipalmum
1297 837 1373 871 longa
1400 842 1507 870 exerta,
1533 846 1564 864 ac
1586 838 1707 870 uibrata,
1731 848 1850 874 niueoque

1069 881 1162 915 oblita,
1174 882 1302 915 locustae,
1314 882 1450 916 formicas,
1465 892 1569 911 muscas
1583 884 1733 911 ecarabwos
1759 891 1784 912 et
1800 887 1849 912 alia

1067 927 1168 954 insecta
1181 927 1272 963 quibus
1283 930 1405 961 uescitur,
1423 931 1540 964 corripit,
1554 931 1656 962 retinet,
1676 931 1712 957 ad
1729 939 1759 958 se
1771 932 1850 958 addu»

1068 974 1112 1001 cit.
1130 974 1258 1002 Brodaaus
1275 982 1335 1009 cap.
1351 974 1395 1007 2L
1411 975 1457 1002 lib.
1473 984 1510 1008 vr,
1524 975 1714 1011 Theophrasto
1741 981 1850 1005 auctore

1067 1027 1163 1054 parum
1189 1020 1275 1052 abest,
1295 1020 1361 1055 quin
1385 1021 1476 1055 pulmo
1496 1025 1581 1047 totum
1606 1029 1708 1056 corpus
1731 1022 1848 1057 impleat.

1068 1064 1183 1099 ideoque
1197 1064 1262 1092 dum
1277 1072 1370 1091 auram
1395 1070 1485 1100 caplat
1496 1071 1523 1093 et
1539 1069 1715 1093 consectatur
1736 1067 1849 1098 avidius,

1067 1117 1099 1137 ea
1112 1110 1202 1137 vivere
1218 1111 1276 1138 sola
1289 1111 1462 1138 crediderunt
1480 1111 1557 1138 multi
1568 1121 1575 1138 :
1587 1112 1660 1146 quod
1678 1115 1707 1139 et
1721 1111 1850 1139 Pliniana:

1067 1155 1203 1190 opinionis
1219 1156 1305 1191 origo.
1327 1155 1446 1184 Joannes
1464 1156 1584 1184 Landius
1609 1157 1636 1184 in
1657 1157 1756 1184 ultima
1777 1157 1848 1194 Syria

1068 1208 1128 1228 cum
1144 1205 1227 1233 esset,
1243 1201 1292 1233 ait,
1318 1209 1348 1229 se
1369 1201 1469 1229 vidisse
1492 1210 1576 1229 unum
1601 1211 1616 1230 e
1634 1203 1759 1238 quinque
1785 1213 1849 1239 quos

1067 1251 1170 1274 emerat
1189 1247 1418 1276 chamaeleonibus
1445 1248 1542 1283 linguae
1566 1250 1710 1283 repentino
1730 1258 1850 1277 momen-

1067 1296 1201 1328 taneoque
1218 1293 1339 1328 jaculatu
1360 1301 1482 1321 muscam
1505 1302 1566 1330 qua:
1584 1295 1612 1322 in
1638 1296 1699 1330 ejus
1718 1300 1795 1324 esset
1809 1305 1849 1331 pe-

1067 1339 1136 1366 ctori
1152 1339 1258 1374 legisse.
1276 1338 1421 1374 Propterea
1436 1340 1509 1368 illius
1524 1347 1539 1366 a
1554 1348 1582 1367 se
1597 1341 1710 1369 dissecti
1732 1343 1847 1378 linguam

1067 1385 1197 1412 narrabat
1216 1385 1351 1412 inventam
1367 1385 1448 1420 palmi
1464 1386 1643 1420 longitudine,
1662 1395 1772 1420 cavam,
1795 1389 1846 1415 ina-

1068 1439 1140 1462 nem,
1163 1431 1191 1458 in
1213 1439 1319 1459 summa
1337 1435 1464 1466 tanquam
1488 1433 1658 1459 acetabulum
1682 1440 1747 1460 cum
1763 1441 1847 1463 muco.

1067 1484 1122 1512 quo
1143 1477 1260 1512 praedam
1285 1478 1402 1505 tolleret.
1425 1477 1514 1505 Julius
1532 1478 1652 1512 Scaliger
1677 1486 1773 1506 exerc.
1804 1479 1847 1507 l96

1068 1524 1099 1550 in
1113 1523 1279 1556 Cardanum,
1296 1532 1325 1551 ιι.
1341 1523 1369 1556 4,
1384 1524 1430 1558 qui
1447 1529 1474 1551 et
1487 1525 1572 1551 milita
1586 1524 1638 1551 alia
1656 1532 1719 1559 qua:
1735 1532 1848 1560 sequun-

1068 1574 1111 1597 tur
1134 1569 1168 1597 de
1194 1570 1291 1601 forma,
1309 1570 1400 1597 colore
1425 1570 1539 1605 ejusque
1559 1570 1723 1603 mutatione,
1750 1572 1813 1598 item
1835 1579 1848 1597 α

1067 1615 1166 1651 quibus
1183 1615 1309 1642 vincatur
1327 1615 1473 1647 coloribus,
1493 1623 1507 1642 a
1523 1615 1625 1651 quibus
1639 1624 1705 1648 non,
1719 1623 1736 1643 a
1752 1615 1849 1644 Landio

1067 1661 1174 1696 accipit.
1193 1662 1294 1688 Mirum
1314 1665 1356 1689 est
1381 1661 1453 1696 quod
1475 1661 1509 1689 de
1523 1662 1729 1689 chamaeleontis
1752 1662 1780 1690 in
1798 1670 1850 1689 Ser-

1066 1712 1160 1742 pentes
1172 1707 1235 1734 odio
1250 1711 1344 1734 narrat
1358 1706 1478 1742 Scaliger
1493 1707 1566 1734 dicto
1582 1707 1600 1733 l.
1619 1706 1647 1734 Ιε
1660 1715 1694 1734 ex
1705 1707 1762 1734 illis
1775 1716 1850 1734 unum

1064 1753 1211 1789 quempiam
1222 1755 1369 1787 speculatus
1385 1754 1413 1780 in
1429 1753 1523 1780 umbra
1539 1758 1688 1788 captantem
1701 1762 1797 1785 aurae,
1809 1759 1849 1780 aut

1065 1801 1092 1826 in
1113 1800 1195 1827 radiis
1215 1801 1386 1835 apricantem,
1401 1800 1428 1826 in
1442 1808 1500 1826 eam
1517 1799 1620 1826 scandit
1643 1799 1780 1832 arborem,
1799 1808 1850 1834 qua

1065 1845 1106 1872 illi
1122 1845 1239 1872 imminet
1253 1853 1261 1872 :
1279 1846 1346 1872 unde
1365 1853 1397 1872 ex
1413 1854 1456 1872 ore
1471 1846 1546 1879 ﬁlum
1563 1845 1676 1872 demittit
1692 1854 1849 1873 araneorum

1065 1899 1147 1923 more,
1174 1892 1202 1918 in
1228 1891 1304 1922 cuius
1328 1891 1367 1926 ﬁli
1386 1896 1502 1918 extremo
1515 1890 1618 1925 guttula
1636 1891 1681 1923 sit,
1697 1892 1850 1926 margarita-

1065 1938 1212 1972 splendore,
1227 1947 1259 1966 ea
1274 1944 1373 1965 tactum
1383 1940 1410 1966 in
1423 1940 1515 1966 vertice
1526 1944 1670 1973 serpentem
1683 1940 1765 1967 mori.
1781 1939 1848 1966 Illud

1065 1986 1144 2012 etiam
1159 1985 1343 2012 admirabilius
1362 1985 1385 2012 si
1409 1985 1443 2011 ad
1458 1984 1673 2019 perpendiculum
1689 1989 1803 2020 nequeat
1819 1986 1849 2020 ﬁ-

1065 2031 1120 2057 lum
1136 2030 1290 2057 demittere:
1307 2030 1374 2065 quod
1403 2030 1488 2057 minus
1510 2029 1675 2057 adamussim
1695 2031 1849 2064 respondeat

1065 2085 1166 2108 ramus,
1185 2078 1212 2104 in
1234 2086 1284 2112 quo
1300 2083 1338 2104 est
1352 2078 1470 2112 inferiori
1490 2077 1546 2103 loco
1562 2078 1606 2103 ubi
1624 2077 1705 2103 cubat
1725 2085 1848 2111 serpens.-

1066 2125 1103 2150 ita
1126 2124 1201 2158 ﬁlum
1217 2125 1345 2158 corrigere
1365 2123 1472 2157 pedibus
1487 2122 1676 2154 (interioribus,
1697 2128 1779 2157 atque
1797 2122 1848 2156 ejus

233 2167 406 2198 Plutarchus,
425 2168 470 2195 lib.
502 2168 540 2195 De
563 2168 735 2203 dignosrendo
757 2170 840 2196 amico
862 2169 894 2196 ab
918 2161 1017 2196 adula:
1032 2166 1053 2193 Β
1068 2175 1179 2198 tractum
1197 2175 1350 2205 temperare,
1365 2176 1392 2196 ut
1415 2169 1448 2196 ad
1464 2169 1558 2196 lineam
1573 2171 1652 2204 quasi
1663 2170 1790 2196 catheton
1809 2170 1848 2195 de-

233 2219 299 2247 tore,
315 2218 342 2241 et
360 2213 480 2246 Solinus,
501 2214 630 2249 Polyhiat.
645 2223 704 2250 cap.
724 2216 768 2249 45,
787 2216 857 2242 idem
879 2216 1010 2243 sentiunt.

232 2260 308 2288 Phile
318 2260 346 2287 in
354 2261 453 2288 lambis
466 2262 590 2288 concedit
602 2263 714 2289 rubrum
727 2263 855 2294 colorem,
867 2262 1012 2290 candidum

232 2310 313 2342 negat
329 2315 337 2333 :

266 2374 446 2409 Χαμαιλέων,
459 2375 606 2409 κράτιστε,
622 2375 675 2402 τὸν
691 2375 787 2409 χρῶτα
804 2375 912 2409 τρέπει.

267 2409 381 2444 Σαῦρος
393 2410 447 2445 γὰρ
458 2410 499 2436 ὢν
511 2411 652 2444 ἄντικρυς
667 2412 720 2437 οὐχ
736 2411 797 2444 ἔχει
813 2411 916 2444 τρίχας

267 2445 322 2480 καὶ
334 2445 392 2471 νῦν
403 2446 462 2479 μὲν
474 2445 546 2480 ὼχρι¹
554 2456 578 2478 ς,
597 2446 655 2472 νῦν
672 2446 705 2472 δὲ
717 2446 804 2479 φαιὸς
815 2447 941 2480 γίνεται,

268 2478 340 2507 Εἶτα
351 2478 502 2513 πελιδνὸς,
514 2479 576 2507 εἷτα
586 2481 685 2514 κιρρὸς
699 2478 741 2512 είς
755 2478 859 2512 βάθος.

267 2515 322 2542 Kal
338 2515 396 2541 νῦν
411 2515 542 2549 ἐρυθρὸς,
559 2515 608 2542 καὶ
620 2515 786 2549 παραυτίκα
796 2515 901 2550 μέλας,

268 2550 321 2577 Kal
339 2551 458 2583 σταιτὸς
473 2550 511 2577 ἂν
524 2550 637 2584 γένοιτο
655 2550 799 2583 δορκάδος
814 2550 912 2583 δίκην.

266 2585 320 2612 Καὶ
340 2585 449 2617 ξανθὸς
465 2585 503 2611 ἂν
520 2585 645 2620 φαίνοιθ¹
659 2585 719 2614 ὅδε,
741 2584 871 2619 καθάπερ
887 2585 974 2611 λέων.

267 2621 348 2647 Οὕτω
362 2620 395 2646 δὲ
411 2619 546 2653 σώματος
564 2619 643 2646 τοῦδ’
657 2620 886 2652 ἀλλοιουμένου,

269 2656 303 2682 Τὸ
318 2655 428 2682 λευκὸν
441 2656 593 2689 ἠγνόησεν
610 2655 628 2688 ἡ
644 2655 735 2690 φύσις
748 2656 854 2690 μόνον.

232 2711 367 2742 Αζιὶιιιιιιε,
383 2711 430 2738 lib.
450 2719 514 2743 un,
546 2710 586 2738 De
606 2711 699 2738 histor.
723 2711 833 2745 animal.
847 2732 854 2745 ,
880 2719 940 2747 cap.
967 2711 1010 2743 14,

232 2756 312 2782 etiam
321 2756 429 2784 candidi
440 2756 539 2784 coloris
551 2757 726 2797 mutationem
735 2758 762 2784 in
773 2765 806 2784 eo
818 2757 944 2785 admittit.
957 2757 1012 2784 Xa-

235 2802 350 2837 μαιλέων
366 2802 395 2828 τδ
418 2801 485 2834 ζῶον
508 2804 548 2834 εἰς
573 2803 640 2830 ἰδίαν
663 2804 726 2838 μίαν
740 2803 822 2838 χρόαν
837 2804 868 2829 οὺ
890 2804 1009 2837 πέφυκεν

1066 2217 1182 2244 cceudat.

1101 2263 1181 2296 lbid.,
1195 2263 1242 2290 lin.
1263 2263 1306 2290 49.
1329 2262 1433 2289 Δειλέν·
1448 2262 1467 2295 ’ὴ
1484 2262 1605 2296 ἔλαφος.
1617 2260 1746 2292 Aristot.,
1763 2261 1808 2288 lib.
1825 2267 1846 2286 ιι

1067 2310 1105 2336 De
1120 2310 1183 2338 hist.
1199 2310 1291 2339 anim..
1311 2317 1335 2335 ο.
1360 2308 1385 2337 l.
1408 2315 1504 2335 cervos
1534 2308 1604 2334 inter
1620 2307 1754 2332 animalia
1779 2307 1845 2340 inge-

1066 2357 1143 2383 niosa
1158 2359 1185 2382 et
1204 2355 1296 2381 timida
1314 2357 1483 2381 annumcrat.
1500 2352 1639 2388 Oppianus
1652 2353 1792 2387 Κυνηγετ.
1804 2352 1846 2379 lib.

1068 2410 1097 2433 ll,
1114 2401 1150 2428 De
1165 2402 1246 2428 cervis
1262 2409 1270 2428 :

1072 2468 1215 2503 Ἆϐληγρῖι
1230 2467 1348 2502 κραδίη,
1363 2467 1410 2494 καὶ
1425 2467 1516 2501 θυμὸς
1532 2465 1799 2503 ἓσωϐενέἆναλκις,

1066 2504 1119 2530 Καὶ
1144 2501 1386 2538 inﬁrmam-
1408 2502 1509 2535 αἰχμαί
1527 2501 1621 2538 τόσρν
1635 2501 1844 2538 ᾀντὲλλουσιν.

1063 2540 1177 2565 Obicite
1185 2535 1245 2572 'rc‘zp
1260 2535 1353 2572 κέραλ
1358 2538 1428 2572 ῇφιν
1441 2536 1563 2562 ἐναντία
1573 2535 1770 2572 νδηρίσαιντο.

1068 2576 1107 2601 Οὐ
1121 2571 1209 2607 θηρσὶ
1223 2571 1382 2609 κρατεροῖς,
1398 2573 1453 2598 οὐκ
1468 2571 1814 2609 ἀργαλέοισι-κύνεςσιν,

1063 2609 1130 2636 Οὐδ’
1147 2606 1247 2641 αὐτοῖς
1265 2607 1373 2640 δειλοῖς
1387 2606 1618 2640 λασιοκνήμοισι
1633 2606 1774 2640 λαγωοῖς.

1065 2666 1154 2699 Quare
1169 2670 1196 2693 et
1211 2673 1352 2693 cervorum
1375 2664 1505 2691 timiditas
1526 2664 1552 2690 in
1577 2663 1753 2698 proverbium
1771 2662 1844 2695 vulg»

1065 2712 1140 2741 abiit,
1156 2711 1277 2745 ὲλὰςρειος
1299 2711 1378 2746 ἀνὴρ,
1394 2709 1440 2736 ἐπὶ
1463 2709 1509 2735 τοῦ
1526 2708 1613 2735 δειλοῦ
1636 2710 1670 2734 ἐκ
1693 2708 1843 2744 μεταφορᾶς

1065 2757 1111 2783 τοῦ
1125 2756 1193 2788 ζῴου
1206 2764 1212 2770 ⁸
1241 2755 1325 2782 δειλὸν
1348 2755 1402 2790 γὰρ
1423 2755 1439 2790 ή
1461 2754 1572 2789 ἔλαφος,
1597 2753 1700 2796 Suidas
1719 2757 1746 2780 et
1762 2752 1829 2779 Zeno

1065 2803 1136 2830 bius.
1160 2801 1243 2834 Unde,
1266 2807 1292 2829 et
1316 2802 1509 2837 Agamemnoni
1534 2799 1606 2835 apud
1631 2800 1780 2827 Homerum
1802 2805 1841 2824 cx-
