1897 3073
230 125 283 153 939

896 120 1020 149 LEONIS
1036 117 1174 148 ALLATII

1804 116 1850 143 9w

264 181 344 213 lbid..
370 181 418 208 lin.
444 181 470 208 9.
491 180 537 214 Ὦς
570 180 768 208 ἀποϐαλοῦσα
792 181 877 214 πρός.
900 181 1007 208 Amissi:

1067 178 1110 205 διὰ
1122 177 1152 204 τδ
1166 177 1277 214 θαρρεῖν
1289 177 1326 209 ὼς
1339 177 1444 213 ἔχοντες
1457 173 1479 210 ᾧ
1493 176 1649 211 ἀμύνονται.
1665 174 1734 208 Quae
1752 175 1788 202 ita
1806 177 1851 202 La-

227 228 298 256 enim
311 227 440 255 cornibus
454 226 628 255 solitudinem
644 230 741 262 petunt
749 231 776 253 et
786 227 845 254 loca
856 227 1014 261 inaccessa;

183 271 185 274 ⁴
226 280 311 308 quare
334 271 362 299 id
385 275 466 308 agant
487 271 556 298 varii
578 270 653 298 varie
676 270 856 298 tradiderunt.
875 271 1014 306 Oppianus

229 321 342 352 Κιννητ.
357 326 374 345 ιι
389 319 422 344 ad
438 317 568 352 pudorem
582 317 665 345 refert
680 327 687 344 :

227 375 385 401 Κεύθονται
399 373 425 399 δ’
438 372 521 399 αὐτοὶ
534 372 679 406 πυμάτοις
696 371 832 399 ,λασίοισι
847 380 878 398 τε
893 371 1014 406 θάμνοις

226 410 379 443 Αὶδόμενοι
397 408 523 442 θήρεσσι
541 407 675 443 καρήατα
694 407 756 434 τοῖα
775 406 908 443 φανῆναι

227 442 342 479 Γυμιηὰ,
357 443 392 470 τά
407 452 450 470 τοι
462 442 640 477 προπάροιθε
654 443 802 476 μετήορον
814 442 958 476 ἀεΙροντο.

227 500 388 528 Aristoteles
403 503 492 526 tamen
512 506 574 525 cum
590 498 651 526 aliis
670 498 791 525 eamdem
808 505 888 532 quam
906 498 951 525 hic
965 505 1014 525 no-

227 551 284 574 stcr
299 550 394 573 auctor
409 552 519 572 causam
536 543 624 575 affert,
644 544 757 571 nimium
775 543 838 578 quia
858 551 1013 570 muscarum

227 598 347 618 morsum
377 593 511 622 metuunt,
529 597 589 624 qua:
613 589 719 616 radices
749 596 882 616 cornuum
905 593 1013 616 teneras

227 637 306 665 facile
320 637 502 673 perforarent,
517 643 578 662 cum
597 642 704 662 summo
718 642 812 662 eorum
830 633 933 662 dolore.
947 635 1013 661 Item

225 683 288 718 quia
302 689 356 709 non
367 682 492 712 habeant,
504 688 558 716 quo
570 688 599 708 se
614 680 648 707 ab
665 680 726 708 aliis
741 680 805 707 l'cris
818 681 1014 715 propugnando

226 727 384 758 defendant,
401 726 440 753 De
461 726 524 753 hist.
551 726 645 757 anim..
663 725 709 752 lib.
735 733 773 757 Ix,
792 733 852 761 cap.
869 725 885 753 5
901 735 907 753 :
929 725 1014 758 Quasi

225 773 294 800 enim
310 780 359 799 sua
376 772 495 798 amiserit
512 779 599 803 arma,
619 775 691 797 cavet
712 779 744 798 ne
766 771 875 798 inermis
898 771 1014 805 reperia-

227 823 280 845 tur.
306 817 338 843 Et
360 816 475 844 inferius
498 825 504 843 :
529 815 659 842 Amittunt
681 815 792 850 singulis
813 815 891 842 annis
912 823 1013 842 cornua

1066 225 1122 251 tine
1135 223 1266 258 expressit
1287 222 1391 250 Plinius
1409 233 1415 250 :
1436 221 1583 254 Erumpunt
1602 226 1691 248 autem
1715 229 1852 247 renascen-

1065 270 1135 297 tibus
1161 269 1294 296 tuberibus
1317 270 1403 303 primo
1425 268 1509 295 arida‘
1530 269 1596 295 cutis
1617 267 1731 294 similia.
1758 267 1851 294 Εαάιιι

1065 316 1159 343 teneris
1184 316 1330 342 increscunt
1357 315 1449 349 ferulis
1472 313 1631 341 arundinea
1657 314 1685 339 in
1708 313 1852 347 particulas

1065 362 1139 389 molli
1160 361 1280 396 plumata
1301 362 1434 396 lanugine.
1456 360 1579 394 Quandiu
1592 365 1682 386 carent
1704 360 1750 392 iis,
1772 361 1853 386 noc'i—

1065 408 1112 435 bus
1129 407 1272 442 procedunt
1292 408 1326 433 ad
1341 406 1449 440 pabula,
1476 406 1647 432 increscentia
1670 406 1737 432 solis
1763 413 1853 438 sapore

1064 455 1173 485 durant,
1196 453 1230 480 ad
1253 453 1359 480 arbores
1378 452 1488 479 subinde
1501 453 1672 486 experientes,
1692 451 1738 477 ubi
1755 452 1852 484 placuit

1064 499 1145 527 robur
1158 500 1184 526 in
1200 499 1290 533 aperta
1311 498 1450 533 prodeunt.
1467 498 1520 525 Sed
1539 506 1564 524 n;
1576 498 1616 525 ias
1639 502 1683 525 est
1707 498 1754 525 hic
1773 499 1852 524 omit-

1064 549 1122 573 tere
1144 545 1172 572 in
1198 545 1320 579 subjecta
1342 545 1454 571 materia
1470 543 1581 571 verbum
1600 543 1770 574 Aristotelis.
1784 545 1853 578 quod

1066 590 1172 625 magnis
1192 590 1260 616 viris
1276 589 1414 623 negotium
1435 588 1589 619 lacessisse.
1604 596 1638 616 ex
1652 596 1752 616 eorum
1770 590 1852 617 inter-

1065 635 1262 670 pretationibus
1292 633 1464 661 manifestum
1495 638 1546 662 est.
1580 635 1625 661 Ait
1661 635 1852 664 Aristoteles:

1066 682 1135 716 Ἤδη
1152 681 1180 707 δὲ
1207 680 1333 716 εἴληπται
1346 679 1459 715 ἀχαίτης
1479 679 1575 714 ἔλαφος
1595 681 1640 707 ἐπὶ
1656 681 1711 707 τῶν
1735 682 1855 717 κεράτων

1064 727 1124 763 ἔχον
1140 727 1230 753 κιττὸν
1245 726 1329 753 πολὺν
1346 726 1485 760 πεφυκότα
1502 726 1614 762 χλωρὸν,
1631 727 1669 758 ὡς
1684 728 1800 754 ἁπαλῶν
1814 729 1854 755 ὁν-

1063 782 1116 800 των
1130 773 1184 799 τῶν
1200 773 1321 808 κεράτων
1335 771 1483 806 ἐμφύοντα,
1501 771 1595 807 ὥσπερ
1609 773 1638 798 ὲν
1658 772 1731 806 ξύλῳ
1749 773 1853 809 χλωρῷ.

1064 819 1225 847 Theodorus
1241 818 1313 845 Gaza
1334 818 1372 844 ita
1387 818 1466 844 vertit
1481 827 1487 844 :
1507 817 1606 852 Captus
1626 818 1686 852 jam
1703 827 1795 846 cerrus
1808 825 1854 850 est.

227 872 312 891 mense
322 863 427 897 Aprili:
440 870 500 897 quia
515 870 574 888 cum
590 862 738 892 amiserint,
750 861 883 888 occultant
896 869 922 888 se
937 862 1007 888 inter

1068 866 1189 893 hederam
1205 865 1260 892 suis
1274 869 1378 891 enatam
1392 863 1515 890 cornibus
1527 872 1618 898 gerens
1631 864 1754 895 viridem.
1765 871 1816 892 etc.
1827 865 1855 891 Et.

227 910 284 942 diu,
300 914 328 936 ut
343 909 461 942 superius
477 908 545 939 dixi.
562 907 639 942 idque
660 908 748 942 opacis
768 907 870 938 faciunt
895 907 971 939 locis,
986 911 1016 934 ut

227 963 376 983 muscarum
399 955 477 982 twdio
491 959 591 981 vacent.
618 953 649 981 Et
675 954 723 982 lib.
748 954 817 987 Περὶ
842 953 1016 987 θαυμασίων

225 1001 437 1036 ἀκουσμάτων,
459 1001 493 1028 de
514 1001 603 1028 cervis
628 1000 753 1027 Achaicis
774 1008 780 1026 :
799 999 866 1026 Φασί
889 1007 961 1030 τινες
987 1000 1016 1025 ὲν

231 1048 326 1083 Ἀχαΐᾳ.
339 1047 393 1073 τῶν
409 1047 527 1082 ἐλάφων,
546 1047 609 1073 ὅταν
625 1046 780 1073 ἀποϐάλωσι
794 1046 828 1073 τὰ
847 1045 959 1080 κέρατα,
976 1045 1016 1077 εἰς

224 1094 335 1126 τούτους
352 1094 416 1125 τοὺς
434 1094 532 1126 τόπους
548 1093 686 1129 ἔρχεσθαι,
700 1093 770 1119 ὥστε
793 1093 830 1128 μὴ
851 1092 949 1128 ῥᾳδίως
969 1092 1014 1118 εὑ-

226 1140 346 1176 ρεθῆναι.
356 1140 440 1167 Τοῦτο
447 1140 476 1166 δὲ
485 1142 570 1167 ποιεῖν
578 1140 620 1167 διὰ
629 1140 658 1166 τὸ
673 1140 709 1175 μὴ
726 1139 808 1174 ἔχειν,
818 1136 840 1172 ᾧ
848 1138 1014 1173 ἀμύνωνται,

225 1187 272 1213 καὶ
281 1187 362 1214 διὰτὸ
377 1188 468 1214 πονεῖν
477 1187 539 1218 τοὺς
555 1187 665 1218 τόπους,
674 1185 735 1212 ὅθεν
748 1184 782 1212 τὰ
798 1185 901 1221 κέρατα
911 1183 1014 1210 ἀπέϐα-

225 1233 279 1259 λον.
294 1232 327 1259 Et
341 1232 562 1268 Theophylactqs
578 1231 731 1259 Simocatus
744 1231 771 1258 in
783 1231 880 1263 Quwst.
896 1229 1013 1257 natural.

226 1276 265 1304 5:
285 1275 359 1304 Οἶδεν
376 1278 393 1312 ἡ
407 1277 514 1312 ἔλαφος,
532 1276 736 1312 ἀποκειραμένη
751 1276 785 1303 τὰ
804 1276 917 1312 κέρατα,
935 1275 1015 1302 ἀσθε-

225 1323 355 1359 νισθέραν
379 1323 426 1359 τὴν
457 1323 537 1358 φύσιν
562 1322 711 1358 ἀμύνεσθαι
739 1322 804 1354 τοὺς
830 1321 1013 1357 λυπήσανταῖ.

227 1368 331 1396 οὐκοῦν
354 1369 558 1405 ἀποκρύπτεται
583 1365 628 1395 οἶα
654 1367 823 1404 στρατιώτης
847 1377 888 1400 τις
917 1367 1016 1400 ἄοπλος

228 1413 320 1446 δεδιὼς
342 1415 571 1451 παρατάττεσθαι.
599 1415 654 1442 Καὶ
683 1416 776 1452 mea.»
798 1425 849 1443 που
874 1416 1015 1452 ἀπόμαχος

215 1459 296 1488 ἐἶναι
320 1460 488 1497 βουλόμενος,
513 1461 580 1497 πρὸς
604 1462 651 1488 ἐπὶ
670 1462 774 1494 τούτοις
794 1462 871 1497 ἀλγεῖ
893 1462 923 1489 τὸ
947 1463 1015 1495 ζῶον

226 1507 277 1542 τὴν
300 1507 372 1543 κάρα
398 1507 546 1534 δεινὰτατα.
575 1507 690 1538 Plinius.
719 1508 766 1536 lib.
796 1516 855 1541 vm,
875 1516 935 1544 cap.
956 1509 1012 1535 δὶς

1068 910 1172 938 Plinius
1184 910 1234 937 hoc
1252 909 1322 936 idem
1338 913 1446 936 vertens
1459 918 1466 935 :
1479 907 1604 944 Captique
1609 909 1669 943 jam
1684 915 1748 936 sunt
1763 910 1854 937 Iisdem

1068 958 1094 985 in
1110 956 1231 984 cornibus
1245 956 1375 983 viridante
1388 963 1420 982 ea:
1432 956 1525 982 attritu
1545 956 1671 983 arborum
1683 962 1712 983 ut
1730 957 1759 983 in
1771 958 1855 992 aliqua

1067 1003 1138 1038 ligno
1151 1003 1257 1034 teneris,
1273 1003 1336 1028 dum
1351 1002 1520 1036 experiuntur
1533 1002 1636 1028 innata.
1651 1002 1700 1029 Sat
1718 1004 1788 1030 bene
1801 1012 1855 1031 om-

1067 1050 1124 1080 nia.
1141 1048 1252 1084 quidni‘.’
1271 1047 1387 1075 Mentem
1413 1048 1568 1075 Aristotelis
1598 1048 1697 1082 habeo,
1713 1050 1797 1084 plana
1819 1051 1856 1076 vi-

1067 1094 1166 1122 dentur
1180 1102 1241 1122 esse
1260 1094 1360 1121 omnia.
1373 1092 1473 1121 Verum
1497 1093 1561 1129 quid
1587 1096 1624 1121 sit
1650 1095 1770 1130 ἀχαίτης
1795 1096 1855 1123 illud

1068 1147 1150 1168 cervo
1166 1140 1286 1167 additum
1301 1140 1419 1167 nondum
1437 1140 1525 1167 video.
1545 1140 1621 1173 Quod
1640 1148 1703 1167 cum
1720 1142 1856 1176 posuisset

1067 1186 1243 1218 Aristoteles,
1265 1185 1426 1221 interpretes
1442 1187 1500 1214 sine
1516 1186 1631 1214 inscitia:
1651 1192 1715 1214 uota
1734 1189 1857 1216 omittere

1068 1231 1179 1259 minime
1204 1231 1366 1258 debuerunt.
1390 1230 1443 1259 Sed
1468 1231 1678 1260 modestissimis
1691 1233 1770 1260 hisce
1795 1234 1857 1260 viris

1067 1277 1169 1312 aliquid
1182 1277 1388 1304 condonandum
1402 1283 1454 1305 est.
1466 1277 1534 1311 Quid
1552 1279 1760 1306 oculatissimus
1770 1279 1856 1307 Julius

1069 1320 1201 1357 Scaliger,
1219 1329 1298 1356 quem
1322 1322 1388 1349 nihil
1402 1325 1529 1357 praeterit.
1546 1327 1572 1350 et
1592 1324 1619 1350 iu
1635 1331 1701 1358 quo,
1715 1326 1740 1351 si
1762 1332 1857 1351 concc~

1067 1367 1117 1395 das
1139 1375 1247 1395 errores
1272 1371 1300 1395 et
1326 1367 1437 1402 lapsns.
1462 1368 1496 1396 de
1518 1368 1577 1403 ejus
1602 1369 1685 1396 etiam
1717 1370 1856 1398 divinitate

1067 1414 1162 1441 tollere
1185 1421 1298 1441 necesse
1321 1418 1373 1444 est,
1398 1421 1448 1441 nec
1470 1414 1662 1449 dediguahitur
1687 1415 1772 1443 etiam
1802 1417 1856 1452 ipse

1067 1458 1230 1494 quandoque
1257 1464 1342 1487 semet
1371 1460 1506 1487 hominem
1530 1468 1591 1488 esse
1617 1462 1707 1488 fateri.
1737 1463 1855 1498 Scaliger

1068 1505 1158 1539 itaque
1174 1503 1346 1532 Aristotelem
1363 1506 1400 1532 ita
1419 1506 1497 1532 vertit
1515 1505 1595 1533 :lam
1611 1516 1670 1534 vero
1692 1514 1788 1542 captus
1803 1517 1855 1535 cer-

226 1552 323 1580 Latent
336 1553 441 1580 muissis
457 1553 525 1580 velut
541 1554 662 1582 inermes.
676 1553 727 1581 Sed
748 1560 773 1582 et
789 1554 817 1581 hi
832 1554 898 1582 bona
913 1563 961 1582 suo
975 1555 1016 1582 in-
1031 1546 1051 1574 (ἶ
1067 1558 1113 1577 vi“
1126 1554 1165 1577 εει
1185 1558 1274 1585 gerem
1291 1550 1317 1576 ἱη
1334 1550 1457 1577 fontibus
1472 1556 1576 1578 εηαιαηι
1599 1553 1723 1580 hederam
1748 1556 1854 1581 multata

226 1599 350 1627 uidentes.
377 1599 514 1633 Eliauus,
540 1600 587 1627 lib.
614 1608 639 1627 vr
669 1600 707 1628 De
727 1601 820 1629 histor.
844 1601 939 1634 anim.,
954 1609 1015 1636 cap.

227 1646 254 1679 5.
269 1645 363 1674 eadem
379 1646 471 1674 refert.
488 1645 564 1673 Multi
592 1647 675 1674 etiam
700 1653 811 1674 causam
835 1655 918 1681 quare
943 1648 1015 1674 cervi

227 1699 330 1719 cornua
347 1692 462 1720 latenter
478 1691 626 1724 dimittant,
643 1693 685 1720 vel
701 1697 802 1720 terram
822 1692 955 1720 fodientes
970 1701 1017 1720 oc-

226 1738 340 1771 cultent,
358 1738 565 1773 investigarunt.
590 1739 694 1767 Plinius
709 1739 742 1766 ad
758 1738 886 1766 invidiam
907 1740 1015 1771 retulit;

227 1784 272 1811 cui
287 1784 424 1812 consentit
449 1784 587 1816 Elianus,
614 1786 659 1812 lib.
686 1793 733 1817 In,
752 1792 811 1820 cap.
834 1785 891 1812 l7:
913 1783 973 1812 Οἵδε
988 1785 1016 1812 δὲ

228 1829 274 1856 καὶ
291 1828 387 1863 ἔλαφος
402 1829 432 1855 τὸ
451 1828 538 1861 δεξιὸν
560 1830 642 1864 κέρας
655 1829 723 1864 ἔχων
740 1830 779 1861 εἰς
797 1829 881 1856 πολλὰ
903 1829 1015 1863 ἀγαθὸν,

227 1874 274 1902 καὶ
283 1874 372 1910 μέντοι
383 1874 541 1909 κατορύττει
550 1875 616 1901 αὐτὸ
625 1875 671 1902 καὶ
681 1874 850 1910 ἀποκρύπτει
861 1874 958 1910 φθόνῳ,
968 1874 1015 1901 τοῦ

229 1920 266 1956 μὴ
278 1919 402 1947 τοσοῦτον
415 1920 462 1955 (ita
477 1921 550 1948 enim
564 1921 682 1955 corrigo)
692 1920 752 1948 τινὰ
767 1920 1018 1948 ἁπολαῦσαι.Τιιευο

227 1967 356 2001 phrastus
370 1965 438 2000 Περὶ
447 1964 506 1992 τῶν
517 1965 685 2000 λεγομένων
694 1965 770 1996 ζώων
781 1966 912 2000 φθονεῖν,
924 1970 1016 2001 aperte

229 2011 255 2038 id
270 2014 349 2045 negat
365 2018 420 2038 non
437 2014 542 2038 tantum
562 2011 589 2038 in
611 2012 709 2043 cervis,
725 2012 773 2039 sed
789 2016 817 2039 et
840 2012 866 2039 in
884 2012 944 2040 aliis
958 2012 1016 2039 ani-

227 2056 356 2087 malibus.
370 2064 430 2091 qua:
442 2064 484 2084 res
498 2056 558 2084 aliis
570 2057 649 2085 utiles
663 2058 704 2085 vel
718 2058 887 2086 abscondunt
901 2058 940 2086 vel
955 2065 1016 2086 cor-

228 2104 368 2135 rumpunt.
383 2100 500 2128 Tantum
515 2102 586 2128 enim
598 2103 636 2129 ait
653 2102 703 2130 hoc
719 2103 922 2131 existimatione
931 2103 1016 2130 homi-

228 2153 293 2173 num
314 2145 381 2174 falsa
402 2147 536 2174 accusari.
556 2147 592 2174 Ea
616 2155 733 2183 namque
756 2150 872 2177 naturali
896 2150 1014 2185 quodam

228 2191 369 2223 instinctu.
393 2192 451 2219 sive
477 2193 558 2219 etiam
580 2193 725 2228 aliquando
751 2195 848 2223 timore
870 2195 896 2223 id
923 2204 1012 2231 agere,

227 2245 344 2273 quorum
362 2242 451 2265 tamen
465 2238 596 2265 rationem
613 2247 663 2266 nos
681 2241 824 2275 nequimus
840 2241 963 2269 reddere.

264 2282 344 2316 ιδιά..
378 2284 426 2311 lin.
443 2285 486 2312 15.
513 2285 568 2312 Καὶ
593 2285 704 2318 νυκτὸς
727 2286 855 2321 νέμεται.
880 2287 1017 2321 ΑΞΙίεηυε,

229 2328 276 2356 lib.
289 2337 326 2361 Vl,
340 2337 399 2364 cap.
412 2330 445 2357 5:
459 2330 589 2365 Λέγονται
610 2331 638 2358 δὲ
655 2333 702 2358 καὶ
713 2332 901 2366 φυλάττεσθαι,
915 2334 1019 2369 μήποτε

228 2374 282 2411 ἄρα
306 2377 411 2411 νεαροῖς
433 2375 507 2403 οὖσιν
531 2378 620 2404 αὐτῶν
638 2379 694 2409 τοῖς
710 2378 810 2410 ἕλκεσι,
827 2376 885 2405 εἶτα
905 2380 1019 2414 προσπί-

228 2429 334 2448 πτουσα
347 2422 364 2456 ἡ
379 2422 458 2454 ἀκτὶς
477 2423 570 2459 πρὶνῆ
589 2424 718 2458 παγῆναι,
736 2423 784 2450 καὶ
803 2425 865 2456 τοὺς
883 2425 1018 2460 καλουμέ-

228 2475 292 2498 νους
318 2467 444 2503 χόνδρους
475 2468 578 2495 λαϐεῖν.
597 2469 663 2496 Ἦδε
693 2470 742 2505 τὴν
767 2469 855 2505 σάρκα
881 2470 1019 2508 ὑποσήψῃ.

229 2512 401 2544 Aristoteles,
417 2513 464 2540 lib.
481 2521 507 2540 Ix
529 2514 567 2541 De
580 2514 643 2541 hist.
657 2516 751 2547 anim.,
767 2523 828 2550 cap.
844 2515 860 2542 5
875 2524 882 2543 :
899 2515 1020 2543 Pascun-

232 2562 275 2584 tur
288 2566 333 2592 per
348 2558 375 2585 id
389 2563 489 2594 tempus
505 2565 583 2587 noctu
595 2560 675 2587 donec
695 2561 822 2595 recipiant
837 2569 947 2594 cornua,
961 2570 1019 2597 qua:

231 2603 345 2637 primum
371 2605 449 2639 quasi
474 2610 532 2632 cute
554 2606 647 2632 vestita
661 2611 686 2633 et
702 2606 858 2633 hirtiuscula
877 2608 1018 2639 emittunt;

231 2648 276 2675 sed
291 2657 350 2676 cum
369 2650 494 2677 creverint
515 2651 566 2678 soli
586 2656 729 2686 exponunt,
751 2657 779 2678 ut
802 2657 982 2688 excoquuntur
993 2657 1019 2680 et

232 2694 342 2722 siccent.

267 2738 346 2772 lbid.,
358 2741 406 2769 lin.
418 2742 462 2770 15.
476 2742 649 2777 Βουλομένη
663 2742 697 2770 δὲ
707 2742 874 2778 δοκιμάσαι.
885 2744 1020 2771 Aristote-

234 2783 386 2837 les’ibidem
399 2795 407 2814 :
424 2788 506 2814 Ὀταν
520 2788 547 2814 δὲ
562 2788 660 2823 μηκέτι
678 2789 778 2815 πονῶσι
794 2789 862 2824 πρὸς
875 2789 909 2815 τὰ
919 2789 1019 2837 ρένδρα

234 2827 366 2864 κνώμενοι
381 2832 459 2865 αὐτὰ,
474 2834 532 2860 τότε
547 2833 701 2862 ἐκλείπουσι
716 2834 779 2866 τοὺς
793 2835 892 2866 τόπους
905 2827 1017 2867 τούτους

1067 1595 1186 1629 viridem,
1200 1595 1276 1630 quasi
1290 1603 1348 1630 quw
1362 1604 1420 1622 cum
1435 1597 1529 1623 tenella
1549 1603 1647 1630 essent,
1666 1599 1762 1626 innata
1780 1600 1854 1633 fuerit

1069 1647 1193 1676 tanquam
1213 1642 1239 1668 in
1263 1641 1357 1668 arbore
1377 1641 1465 1670 viridi.
1489 1641 1527 1670 Ne
1551 1643 1607 1670 hilo
1618 1644 1731 1679 quidem
1750 1647 1853 1674 metus.

1067 1687 1162 1714 Adhuc
1173 1695 1272 1715 nomen
1283 1687 1398 1723 ἀχαίτης
1413 1689 1505 1716 nescio
1521 1697 1573 1724 qua
1585 1691 1690 1718 ratione
1702 1693 1852 1726 explosum.

1067 1733 1133 1767 Quae
1148 1734 1254 1761 nescias
1269 1734 1481 1769 praetermittere.
1499 1735 1551 1762 Sed
1565 1736 1719 1771 videamus,
1736 1739 1803 1773 quid
1818 1741 1854 1766 in-

1067 1780 1157 1807 nuerit
1180 1779 1349 1808 Aristoteles.
1367 1779 1415 1807 Diu
1435 1781 1463 1808 in
1477 1788 1508 1808 ea
1524 1781 1561 1808 fui
1577 1784 1724 1816 sententia,
1750 1785 1811 1811 loco
1827 1786 1855 1811 il-

1067 1825 1120 1852 lius
1148 1826 1346 1853 restituendum
1375 1834 1438 1854 esse
1466 1827 1610 1862 Ἀχαϊκὰς,
1639 1830 1796 1863 Achaicus,
1825 1839 1852 1858 es

1067 1872 1170 1899 Achaia
1189 1872 1308 1907 regione.
1321 1872 1373 1900 nisi
1388 1872 1415 1900 id
1428 1872 1497 1900 idem
1512 1874 1685 1902 retinendum
1701 1881 1776 1903 esset
1789 1884 1854 1903 nova

1067 1917 1182 1952 quadam
1204 1916 1366 1944 formatione
1385 1918 1521 1954 ‘Axai-rnc,
1538 1927 1571 1946 ex
1586 1919 1705 1952 Achaia.
1724 1921 1855 1949 Ariston:

1068 1963 1174 1997 lemque
1185 1962 1305 1990 locutum
1320 1963 1353 1990 de
1368 1971 1449 1991 cervo
1465 1969 1544 1999 capto
1556 1966 1682 1993 videlicet
1701 1968 1730 1994 in
1744 1968 1854 1995 Achaia.

1067 2007 1251 2035 Conﬁrmahat
1268 2016 1353 2036 meam
1370 2011 1530 2037 sententiam
1546 2011 1615 2038 idem
1625 2012 1803 2045 Aristoteles,
1813 2014 1854 2048 qui

1067 2055 1158 2083 libello
1172 2056 1242 2089 Περὶ
1255 2057 1427 2090 θαυμασίων
1441 2058 1640 2092 ἀκουσμάτων
1652 2059 1680 2085 in
1695 2059 1802 2087 Achaia
1819 2062 1854 2088 di-

1066 2103 1104 2126 cit
1134 2107 1240 2132 cervos,
1265 2101 1374 2128 amissis
1399 2102 1537 2133 cornibus,
1562 2103 1727 2131 solitudines
1756 2110 1853 2139 petere.

1066 2145 1134 2172 Φασὶ
1147 2145 1175 2171 δέ
1191 2153 1267 2177 τινας
1283 2147 1312 2172 ἐν
1333 2147 1427 2183 Ἀχαΐᾳ
1450 2147 1503 2174 τῶν
1521 2148 1638 2182 ἐλάφων,
1660 2157 1745 2184 quem
1770 2150 1854 2177 locum

1068 2190 1192 2225 superius
1209 2191 1421 2226 exscripsimus,
1444 2192 1481 2219 ibi
1504 2194 1575 2220 enim
1603 2194 1698 2221 subdit
1717 2204 1724 2221 :
1745 2196 1854 2225 Πολλιῐς

1065 2237 1094 2263 δὲ
1112 2237 1205 2263 κισσὸν
1229 2238 1416 2273 ἐπιπεφυκότα
1439 2239 1468 2265 ἐν
1488 2238 1527 2274 τῷ
1553 2239 1608 2266 τῶν
1634 2241 1763 2276 κεράτων
1786 2243 1853 2276 τόπῳ

1063 2283 1186 2318 ὁρᾶσθαι.
1205 2282 1268 2311 Haec
1290 2288 1379 2312 tamen
1403 2293 1452 2312 nec
1467 2286 1560 2317 dubio,
1576 2294 1626 2313 nec
1649 2287 1795 2315 hominum
1813 2296 1854 2315 es-

1063 2328 1221 2363 spectationi
1236 2329 1398 2357 videbantur
1410 2331 1486 2361 satis.
1501 2339 1561 2358 cum
1575 2332 1665 2358 adhuc
1678 2338 1755 2360 esset
1771 2334 1854 2360 incer-

1064 2378 1120 2401 tum
1149 2381 1184 2401 an
1213 2375 1246 2402 de
1269 2376 1358 2403 cervis
1386 2375 1513 2404 Achaicis
1541 2376 1710 2411 loqueretur,
1741 2386 1853 2413 quorum

1063 2421 1138 2447 nulla
1149 2419 1219 2448 facta
1235 2422 1382 2455 mentione,
1397 2423 1443 2450 sed
1460 2423 1513 2450 alio
1521 2424 1603 2450 ducto
1617 2425 1758 2459 principio
1771 2425 1852 2452 dicit:

1063 2466 1177 2498 Πολλαῖς
1193 2466 1220 2493 δὲ
1235 2467 1328 2494 κισσὸν
1342 2468 1536 2504 ἐπιπεφυκότα.
1554 2469 1606 2497 Sed
1618 2479 1646 2498 re
1659 2472 1762 2499 melius
1772 2473 1855 2507 inspe'

1064 2515 1106 2538 cta
1124 2512 1361 2549 considerataque,
1389 2515 1426 2542 ita
1447 2515 1536 2542 locum
1553 2515 1709 2544 Aristotelis
1725 2520 1852 2546 restituo:

1066 2558 1134 2593 Ἤδη
1151 2558 1178 2585 δὲ
1193 2559 1318 2594 εἴληπται
1339 2561 1435 2596 ἀχαῐνὴ
1458 2561 1565 2596 ἔλαφος,
1586 2563 1626 2590 vel
1645 2563 1773 2600 ἀχαΐνης,
1788 2564 1854 2600 quod

1064 2608 1091 2632 et
1106 2605 1214 2633 melius.
1240 2605 1318 2634 Libet
1341 2608 1413 2634 enim
1436 2615 1546 2635 cervum
1563 2608 1637 2636 hunc
1655 2609 1693 2636 ita
1709 2612 1853 2645 appellare.

1064 2650 1135 2684 quod
1151 2649 1309 2686 Etymologo
1324 2652 1459 2680 referente
1476 2654 1550 2681 circa
1572 2654 1735 2682 Achaeiuam
1753 2657 1853 2685 urbem.

1064 2696 1122 2724 sive
1151 2696 1233 2723 etiam
1258 2697 1407 2732 regionem,
1433 2700 1489 2726 sint
1511 2707 1610 2734 genera
1631 2707 1780 2728 cervorum
1804 2709 1853 2727 ma-

1064 2748 1191 2776 gnorum,
1216 2742 1331 2777 ideoque
1351 2751 1447 2771 cervos
1468 2745 1505 2771 ita
1529 2750 1663 2773 vocatos:
1689 2747 1851 2782 ’Δχαιῖνέειὴ

1064 2786 1171 2821 ἔλαφος,
1195 2788 1401 2821 Ἀπολλώνιος...
1415 2791 1449 2826 ἢν
1463 2792 1486 2817 τ’
1505 2792 1628 2828 ἀγρῶται
1644 2794 1787 2828 ἁχαιῑνέην
1808 2801 1851 2818 κε-

1067 2832 1172 2860 λέουσιν
1183 2833 1236 2861 ἀπὸ
1253 2836 1404 2871 ’Λχαιῖνέας
1422 2837 1534 2872 πόλεως,
1553 2839 1582 2865 ἐν
1598 2837 1616 2873 ἦ
1635 2840 1693 2873 εἴδη
1712 2841 1782 2867 εἰσὶν
1795 2839 1850 2866 m-
