1897 3073
51 116 94 144 9H

493 113 527 142 lN
547 112 736 143 EUSTATHII
756 110 994 142 IIEXAEMERON
1015 111 1132 142 NOTAE.

1617 113 1671 142 9H

50 184 101 212 φων
128 177 263 212 μεγάλων.
292 175 323 204 Et
348 175 519 208 Aristoteles.
549 176 597 204 lib.
621 183 640 203 ιι
667 176 705 203 Da
728 176 825 204 histor.

881 184 941 208 nus,
959 184 1060 208 cervus,
1073 176 1166 207 dama.
1184 180 1210 204 et
1225 175 1306 210 paulo
1324 181 1385 211 post
1402 183 1409 202 :
1425 173 1602 209 Quamobrem
1615 176 1673 210 pals

49 223 163 255 enimah,
181 231 242 257 cap.
266 223 308 254 l5,
337 222 456 258 Λχαῖνὰς
472 223 626 258 appellavit.
649 223 709 249 Τῶν
724 223 752 249 δὲ
769 223 827 250 ἐλά·

49 278 99 304 φων
119 270 145 295 αἱ
175 269 285 304 ἀχαῖναὶ
309 268 475 304 καλούμεναι
496 269 620 296 δοκοῦσιν
649 269 721 304 ἔχειν
745 270 774 296 ὲν
799 271 831 305 τῇ

49 316 130 351 κέρκῳ
158 315 262 350 χολήν,
284 323 354 350 quos
388 315 509 350 Scaliger
532 315 559 342 in
588 324 615 343 Ix
638 316 697 342 vult
721 320 832 344 vocatas

48 362 160 396 ἐχαῖτας.
188 361 277 394 Quam
303 365 376 388 recte
400 361 514 388 aliorum
541 366 600 389 esto
622 362 768 395 judicium.
793 362 831 390 Ex

49 407 183 434 Aristotele
208 407 363 443 Antigonus
389 407 530 443 Carystius
558 408 585 435 in
614 405 712 434 Mirab.
734 416 744 435 :
772 409 832 435 Τῶν

49 453 72 480 δὲ
87 453 189 488 ἐλάφων
205 454 270 485 τοὺς
289 454 428 489 ἁχαιΐνους
446 454 629 490 καλουμένους
649 455 736 482 δοκεῖν
750 456 779 481 ὲν
797 457 830 490 τῇ

48 500 129 534 κέρκῳ
139 499 188 535 τὴν
199 499 283 536 χολὴν
299 500 380 536 ἔχειν.
400 500 515 528 Dubium
540 505 629 528 tamen
649 509 729 528 omne
751 502 832 529 solvit

50 546 111 573 idem
135 546 289 581 Antigonus
304 566 312 579 ,
341 547 423 574 verba
457 549 616 575 exscribens
637 548 801 575 Aristotelis
822 557 830 577 :

50 593 110 627 Ἤδη
130 593 158 618 δὲ
174 593 331 628 ,διειλῆφθαι
358 595 482 629 ἀχαιΐνην
503 594 600 628 ἔλαφον
616 593 705 621 κιττὸν
720 595 831 630 ἔχουσαν

49 637 147 664 ἐπὶτῶν
161 639 295 675 κεράτων,
313 639 350 671 ὡς
366 639 398 666 ἂν
415 640 536 676 ἐνύγρων
552 641 646 667 ὄντων.
660 640 749 673 Quare
763 642 832 668 scri-

49 684 154 711 [eundum
173 686 311 717 existimo,
325 685 376 721 ἠδη
392 686 420 712 δὲ
440 686 567 722 εἴληπται
581 687 705 722 ἀχαιΐνης
721 687 829 721 ἔλαφος,

48 734 70 756 et
83 732 257 765 reddendum,
271 733 334 759 Jam
346 741 406 760 vero
420 739 512 768 captus
524 738 562 760 est
584 733 714 760 achazines
730 742 829 761 cervus.

77 778 149 808 luid..
163 779 212 805 lin.
228 779 271 805 19.
289 779 367 813 Πρὸς
389 779 424 805 δὲ
444 780 480 806 τὰ
504 779 648 813 δήγματα.
671 780 830 808 Aristoteles

48 825 131 852 eodun
148 825 208 851 loco
224 834 231 851 ε
248 823 324 851 Cervi
340 826 422 852 morai
440 826 479 852 rel
494 833 511 851 a
529 825 669 860 phalangio
690 826 756 852 vela
769 833 831 860 quo-

48 870 79 896 rir
93 870 189 904 generis
206 869 335 903 ejusdem,
349 878 459 897 cancros
473 871 562 897 edunt.
579 870 655 903 Quod
668 871 736 897 idem
747 871 828 898 etiam

49 913 136 940 homini
160 914 285 949 prodesse
309 920 440 949 putatur;
462 916 508 943 sed
534 925 586 943 non
612 922 683 943 caret
707 916 828 951 fastidia.

48 959 210 993 Plutarchus,
225 962 244 989 l.
266 963 380 996 Πότερα
391 962 451 989 τῶν
461 962 548 996 ζώων,
568 963 705 991 Nicander
719 964 745 990 in
764 963 830 990 The-

48 1006 128 1039 riacis,
141 1006 283 1042 Oppianus
299 1009 411 1043 Κυνηγ.
428 1016 446 1035 ιι
463 1018 470 1037 :

48 1062 135 1100 toto...
149 1062 175 1094 ὃ,
192 1062 347 1100 γινώσκων
361 1064 463 1091 θεόθεν
479 1064 568 1099 τόπερ
589 1064 700 1099 ἔλλαχε
722 1064 827 1100 δῶρον,

49 1097 138 1134 [hirti]
149 1099 295 1132 μαστεύει
309 1098 456 1133 δνοφερὸν
469 1097 611 1134 ποταμοῖο
620 1097 752 1134 ρἐθρον.

49 1133 138 1170 Ιςςῖθεν
151 1133 332 1170 mpura-ridae
348 1134 382 1160 δὲ·
395 1135 498 1169 φίλαις
512 1133 653 1169 Ter-ream
669 1135 828 1170 δαμάσσας

49 1167 194 1203 Φάρμακον
208 1167 424 1196 αὐτοδίδακτον
438 1169 500 1204 ἔχει
515 1167 730 1205 πολυπήμονὸς
743 1167 826 1206 ἄτης-ί

49 1233 197 1261 Αᾶιιοιδιιλιξι
220 1233 347 1261 videntur
366 1236 496 1269 nonnulla
511 1235 545 1263 de
560 1237 660 1269 cervis,
680 1238 707 1264 in
724 1238 827 1272 quibus

50 1284 161 1307 auctores
185 1280 330 1308 dissident.
359 1281 521 1309 Aristoteles
551 1282 598 1310 lib.
633 1290 682 1311 vm
721 1283 824 1312 lliator.

50 1327 133 1359 sum,
148 1333 208 1362 cap.
224 1326 276 1361 28;
299 1326 408 1360 Strabo,
425 1327 541 1359 Plinius,
559 1328 672 1362 Seneca,
686 1329 824 1363 Lucanus,

50 1371 198 1407 Antigonus,
222 1373 377 1402 Herodotus
394 1373 561 1409 Melpomene
577 1383 631 1402 uno
645 1383 693 1403 ore
708 1376 826 1405 fatentur

50 1418 72 1444 in
93 1418 169 1454 Libya
187 1427 278 1454 neque
300 1427 410 1447 cervum
432 1428 519 1456 neque
537 1429 633 1456 aprum
653 1422 738 1449 ullum
752 1430 823 1450 esse.

48 1461 175 1498 Oppianus
191 1465 292 1492 Africae
311 1466 418 1498 tribuit,
435 1466 482 1493 lib.
507 1474 525 1493 ιι
548 1468 660 1502 Κυνηγ.
673 1467 825 1496 Commune

50 1509 71 1536 id
86 1510 176 1537 habuit
194 1519 257 1538 cum
275 1511 399 1547 Virgilio.
420 1512 465 1547 qui
483 1512 529 1539 lib.
544 1520 551 1538 ι
565 1517 591 1540 et
607 1521 643 1546 iv,
662 1513 777 1542 Aﬁneam
795 1515 822 1542 in

49 1555 128 1584 littore
143 1557 239 1585 Africa:
259 1566 354 1586 cervos
370 1559 529 1594 agitantem,
541 1563 569 1587 et
582 1560 760 1595 conligentem
779 1560 821 1588 fa-

50 1600 90 1632 cit,
104 1606 129 1628 et
142 1609 202 1629 cum
217 1602 384 1630 Philostrato
400 1605 541 1632 Albericus
557 1606 676 1640 gentilis.
690 1606 738 1633 lib.
765 1605 824 1633 Vir-

49 1647 166 1680 gil.lect.,
186 1657 212 1677 c.
234 1649 263 1682 8,
280 1650 418 1677 existimat
434 1650 574 1685 Virgilium
596 1659 657 1678 cum
675 1659 771 1680 cervos
795 1653 823 1679 in

49 1692 129 1720 Africa
147 1696 249 1729 posuit,
270 1700 393 1723 secutum
412 1704 473 1724 esse
496 1695 627 1724 Timaeum
648 1697 822 1730 historicum,

49 1739 118 1773 cujus
143 1740 212 1768 haud
237 1741 384 1770 mediocris
408 1743 555 1770 auctoritas
569 1748 622 1771 est.
646 1743 678 1770 Et
695 1743 824 1771 Brodaeus

50 1785 132 1818 tradit,
147 1787 193 1815 lib.
212 1788 362 1816 Miscellan.
378 1796 438 1820 vin.
454 1797 512 1824 cap.
532 1790 575 1822 l3,
589 1789 670 1817 italos
684 1798 698 1816 a
718 1798 748 1818 sc
761 1789 824 1817 Gal-

51 1831 135 1867 losque
155 1835 200 1869 qui
219 1835 335 1862 fuissent
359 1835 385 1862 in
404 1835 496 1862 Africa
518 1836 695 1862 barbarorum
713 1836 822 1871 captivi,

52 1883 78 1904 ea
90 1879 119 1906 de
133 1887 162 1907 re
172 1881 354 1916 interrogatos
368 1889 439 1912 esse,
452 1889 484 1908 ac
501 1882 684 1916 respondisse,
695 1882 722 1908 in
730 1882 823 1908 Africa

50 1929 134 1951 cervos
148 1933 176 1953 se
191 1927 293 1954 vidisse
311 1927 468 1961 permultos.
486 1927 601 1960 Quidam
621 1928 703 1954 etiam
726 1935 758 1955 ex
777 1936 825 1956 νει

51 1970 178 1998 natoribus
195 1972 231 1998 ita
252 1971 393 2007 Virgilium
408 1972 552 2000 defendere
567 1973 616 2000 visi
632 1977 710 2006 sunt;
727 1982 823 2009 nempe

51 2012 114 2040 illum
136 2015 253 2044 locutum
280 2017 364 2046 fuisse
383 2026 430 2054 per
453 2018 685 2053 anticipationem,
708 2019 821 2055 figuram

51 2060 126 2092 poetis
144 2062 316 2091 familiarem.
335 2065 432 2091 Dicunt
455 2065 537 2096 enim,
557 2072 652 2092 eorum
664 2066 710 2100 qui
729 2066 754 2092 id
774 2074 824 2094 ne-

51 2111 136 2137 garunt
149 2115 205 2135 aevo
225 2117 321 2137 cervos
343 2111 432 2138 nullos
452 2111 479 2137 in
496 2110 587 2138 Africa
605 2111 701 2144 fuisse,
717 2110 823 2147 Virgilii

51 2154 128 2178 autem
143 2158 219 2181 aetate
237 2155 293 2190 jam
307 2156 417 2183 aliunde
433 2157 561 2184 advectos
574 2157 724 2190 exstitisse,
743 2159 824 2185 adeo-

882 221 942 248 chre
958 229 975 247 a
989 221 1117 248 veteribus
1132 221 1230 247 dicitur
1244 221 1310 253 illis,
1323 223 1367 255 qui
1383 229 1492 248 causam
1506 230 1553 248 cur
1569 221 1671 248 diutius

882 268 993 300 vivatur,
1011 267 1083 302 fellis
1102 268 1260 294 vacuitatem
1284 275 1339 294 esse
1360 269 1444 301 aiunt,
1466 273 1620 303 argumento
1640 273 1673 295 ex

882 313 1027 346 solipedum
1048 320 1234 347 cervorumque
1257 320 1349 346 genere
1365 312 1476 339 deducto
1498 320 1507 340 .'
1528 313 1583 339 lucc
1603 314 1672 340 enim

881 364 906 386 et
929 359 989 393 felle
1008 363 1111 389 vacant,
1136 363 1160 385 at
1184 359 1229 385 diu
1250 359 1348 386 vivunt.
1372 358 1476 386 Plinius
1492 359 1540 388 lib.
1558 367 1595 390 ιι.
1609 367 1670 394 cap.

882 406 926 438 57,
942 406 1014 440 quod
1029 405 1062 433 de
1073 405 1197 432 Achaino
1212 405 1271 432 solo
1287 405 1447 432 Aristotcles
1466 417 1472 434 :
1492 406 1550 441 ipse
1564 407 1598 434 de
1612 413 1672 433 om-

882 450 964 477 nibus
981 450 1081 478 tradit:
1097 451 1165 477 Sunt
1192 451 1237 486 qui
1260 459 1325 485 equo
1341 459 1392 478 non
1406 450 1510 485 quidem
1532 452 1558 478 in
1583 451 1672 486 jccore

881 505 947 529 esse,
967 497 1015 524 sed
1033 498 1060 524 in
1076 497 1134 525 alvo
1152 503 1253 532 putent,
1268 504 1292 526 et
1308 507 1381 526 cervo
1400 499 1427 525 in
1444 498 1529 524 cauda
1544 503 1589 524 aut
1605 498 1672 524 inte-

881 545 971 572 stinis.
988 544 1093 572 Plinius
1114 545 1225 578 ibidem,
1249 546 1380 574 intestina
1402 552 1545 573 cervorum
1565 547 1669 571 tantam

881 591 982 618 habere
997 592 1079 618 tradit
1093 593 1316 624 amaritudinem,
1334 597 1362 619 ut
1387 599 1402 618 a
1420 592 1535 618 canibus
1559 598 1612 617 non
1630 593 1670 616 at‘

882 636 1031 671 tingantur.
1050 637 1212 664 Aristoteles
1225 656 1232 670 ,
1251 637 1289 664 De
1310 638 1373 666 hist.
1399 637 1480 664 anim.
1498 636 1544 663 lib.
1565 643 1596 668 ιι,
1608 641 1669 670 cap.

883 682 926 713 l5,
949 689 980 709 ea
1008 682 1113 713 scribit,
1130 689 1144 709 a
1160 683 1276 710 canibus
1301 691 1356 710 non
1379 682 1488 717 attingi,
1504 681 1558 708 nisi
1572 687 1670 708 cervus

881 728 1045 763 praepinguis
1071 728 1118 755 sit.
1137 728 1246 756 Falsum
1265 729 1291 756 id
1318 736 1379 756 esse
1393 727 1570 763 experientia,
1584 730 1610 754 et
1625 734 1671 754 ve-

881 778 991 801 natores
1008 774 1116 807 docent,
1133 775 1179 809 qui
1203 779 1283 809 capto
1298 782 1378 802 cervo
1396 775 1424 801 in
1442 781 1545 801 morem
1571 773 1671 800 habent

881 819 941 853 ejus
954 819 1115 849 visceribus.
1129 820 1277 851 intestinis,
1289 824 1316 847 et
1327 820 1460 855 sanguine
1472 826 1555 846 canes
1566 818 1668 846 cibare.

847 855 1060 897 BAristoteles,
1087 865 1125 893 De
1146 866 1208 893 hist.
1237 867 1320 893 anim.
1347 866 1396 893 lib.
1423 873 1459 897 ιν,
1483 873 1543 900 cap.
1560 866 1669 896 ultimo.

882 910 988 938 Generis
1003 913 1099 939 cervini
1112 913 1210 946 femina
1222 920 1349 939 cornuum
1364 913 1448 946 inops,
1462 912 1608 947 mutilaun
1619 916 1669 943 est.

880 962 907 985 et
926 957 962 985 De
976 963 1046 992 part.
1064 959 1147 986 anim.
1161 959 1208 986 lib.
1226 967 1267 989 ut.
1279 967 1340 994 cap.
1357 959 1380 990 l,
1394 958 1561 993 Quapropter
1573 958 1600 985 in
1613 966 1671 984 cer-

879 1012 970 1030 eorum
989 1012 1089 1039 genere,
1104 1013 1164 1031 cum
1176 1005 1292 1031 maribus
1310 1013 1411 1032 cornua
1428 1003 1607 1038 sint,fcminis
1624 1003 1670 1030 de—

878 1055 958 1082 sunt;
974 1057 1000 1078 et
1024 1051 1106 1086 hujus
1132 1051 1159 1078 in
1173 1052 1267 1078 eodem
1293 1052 1382 1086 capite
1405 1052 1537 1078 rationem
1565 1050 1667 1078 subdit.

878 1096 973 1124 Pollux
991 1096 1130 1126 Onomast.
1149 1099 1197 1125 lib.
1214 1107 1241 1131 v,
1261 1099 1315 1125 τῶν
1336 1098 1444 1133 ἐλάφων
1463 1098 1570 1132 ἄκερως
1584 1098 1600 1127 ἡ
1616 1095 1670 1122 Osi-

878 1142 945 1170 λεια·
968 1145 982 1170 ὁ
999 1144 1021 1170 δ’
1045 1144 1132 1180 ἄρρην
1151 1144 1310 1180 κεροφὸρος,
1335 1144 1351 1180 ἢ
1374 1145 1520 1180 κεράστης.
1549 1143 1602 1169 Alii
1628 1143 1669 1169 fc-

879 1189 961 1217 minis
988 1197 1091 1216 cornua
1122 1190 1280 1217 tribuerunt
1306 1199 1312 1217 :
1338 1189 1474 1216 Pindarus
1504 1189 1608 1224 Olymp.
1639 1188 1666 1219 ὅ.

877 1235 1049 1271 χρυσόκερων
1065 1235 1162 1270 ξλαθῃον
1186 1235 1303 1271 θήλειαν.
1322 1235 1504 1262 Callimachus
1525 1235 1618 1270 hyiun.
1640 1235 1668 1261 in

877 1280 990 1308 Dianam
1003 1289 1065 1308 cum
1084 1281 1118 1309 de
1135 1282 1224 1309 cervis
1242 1282 1351 1309 feminis
1370 1283 1538 1316 loqueretur,
1550 1281 1668 1317 κεραίων

876 1326 898 1353 δ’
913 1327 1090 1363 ἀπελάμπετο
1102 1328 1212 1364 χρυσός.
1225 1327 1276 1356 Ubi
1294 1329 1460 1355 Scholiastes
1473 1329 1524 1355 hoc
1538 1331 1667 1362 tanquam

877 1380 976 1399 novum
997 1377 1092 1406 notat,
1124 1374 1285 1410 σημειωσαι,
1314 1374 1413 1408 inquit.
1437 1375 1477 1400 ὅτι
1494 1373 1543 1405 τὰς
1560 1373 1668 1408 θηλείας

876 1417 992 1452 ἐλάφους
1006 1417 1205 1455 κερατοφόρους
1219 1417 1289 1445 εἶπε.
1311 1418 1380 1452 Quid
1407 1419 1451 1445 hic
1468 1419 1626 1445 ailnotarem
1639 1418 1667 1445 in

877 1467 952 1490 tanta
969 1471 1062 1491 rerum
1082 1464 1210 1492 inscitia?
1229 1464 1357 1492 Solemne
1369 1464 1421 1491 hoc
1437 1464 1487 1491 fuit
1500 1464 1587 1500 poclis
1602 1471 1668 1491 con-

876 1510 967 1537 traria:
991 1511 1133 1538 sententia:
1158 1511 1352 1544 assertoribus,
1377 1519 1494 1546 quorum
1521 1512 1667 1539 nonnullos

875 1557 1028 1591 aggregavit
1038 1557 1173 1591 IEIianus,
1187 1557 1226 1584 De
1239 1557 1302 1584 hist.
1318 1558 1399 1585 anim.
1415 1557 1461 1584 lib.
1477 1564 1525 1588 vn.
1538 1566 1601 1593 cap.
1619 1557 1665 1589 5f).

875 1600 1037 1635 Sophoclem
1054 1602 1158 1629 scilicet
1178 1602 1206 1629 in
1227 1602 1356 1633 Aloadis;
1370 1602 1527 1636 Euripidem
1551 1604 1578 1630 in
1592 1602 1666 1637 Iphi—

874 1647 949 1682 genia
965 1650 992 1674 et
1010 1647 1157 1675 Temeniclis
1166 1645 1569 1682 ;Pindarum,Anacreonlem;
1583 1649 1666 1676 etJn—

876 1693 930 1721 lius
954 1692 1087 1728 Scaliger,
1112 1694 1160 1721 lib.
1181 1701 1223 1726 III,
1246 1694 1335 1727 Poet.,
1361 1702 1423 1729 cap.
1441 1695 1469 1727 4,
1495 1695 1592 1723 scribit
1615 1704 1665 1724 sua

874 1742 953 1766 aetate
970 1739 997 1765 in
1020 1738 1107 1766 Gallia
1122 1743 1228 1774 captam
1247 1739 1332 1767 fuisse
1351 1748 1460 1767 cervam
1484 1742 1660 1777 cornigeram

875 1789 902 1812 et
924 1784 984 1820 ejus
999 1785 1081 1812 etiam
1098 1791 1180 1821 caput
1194 1787 1308 1814 servari.
1323 1786 1443 1814 Joannes
1456 1785 1585 1823 Langins,
1600 1788 1665 1823 Epi-

874 1831 936 1858 stol.
949 1831 1113 1863 medicinal.,
1122 1839 1165 1867 ep.
1182 1832 1227 1864 70,
1241 1832 1288 1859 lib.
1301 1840 1320 1864 ι,
1329 1833 1463 1860 referente
1476 1833 1593 1860 Henrico
1605 1833 1666 1861 Sal-

874 1876 990 1908 muthio,
1015 1877 1212 1904 commentario
1234 1878 1260 1904 in
1278 1877 1407 1905 Guidonis
1434 1878 1571 1906 Panciroli
1596 1888 1663 1908 nova

875 1928 968 1958 report.
983 1923 1025 1951 tit.
1047 1924 1091 1956 10,
1104 1924 1137 1952 de
1150 1924 1308 1960 horologiis,
1321 1926 1446 1953 scribunt
1461 1927 1488 1954 in
1500 1931 1578 1956 utero
1590 1930 1665 1956 cervi

874 1969 1022 2004 cornigeri,
1039 1978 1121 2004 quam
1138 1969 1220 1998 Ottho
1243 1970 1385 2005 llein'icus,
1411 1980 1502 2001 comes
1522 1973 1664 2003 Palatinus

875 2023 958 2051 prope
991 2015 1147 2052 Odewangh
1180 2022 1299 2052 ceperat,
1326 2024 1462 2053 repertum
1483 2019 1578 2053 fuisse.
1600 2021 1664 2048 dum

874 2062 1073 2090 evisceraretur
1083 2063 1225 2090 hinnulum
1236 2064 1431 2092 membranulis
1438 2066 1664 2102 circumscptum.

874 2106 1021 2141 etquidem
1035 2115 1131 2136 cervos
1149 2108 1282 2143 quosdam
1301 2117 1384 2137 sexus
1398 2116 1525 2139 naturam
1545 2115 1664 2146 variare,

876 2152 939 2180 inde
951 2153 1065 2189 colligit,
1084 2155 1156 2188 quod
1169 2155 1342 2183 observatum
1353 2157 1491 2184 sitcervas
1500 2158 1666 2194 quandoque

51 2202 96 2228 quc
108 2204 207 2231 poetam
227 2208 259 2228 ea
276 2201 314 2228 uti
333 2202 452 2229 voluisse
467 2203 562 2237 ﬁgura,
577 2210 638 2237 qua;
654 2202 747 2230 οπωςε
759 2203 823 2230 dici.
841 2210 863 2238 ι)
876 2206 990 2230 cornua,
1006 2207 1066 2234 qua:
1081 2201 1168 2228 virilia
1193 2209 1334 2229 cervorum
1351 2210 1425 2230 arma
1448 2209 1521 2235 sunt,
1544 2209 1664 2240 gestare.

51 2243 89 2268 tur
105 2245 242 2281 πρόληψις.
261 2247 339 2280 Quod
356 2247 532 2282 probabiliter
543 2248 597 2275 dici
617 2248 753 2276 videbitur
764 2248 826 2275 Car-

51 2289 146 2320 pathios
166 2292 280 2327 lepores,
294 2301 400 2320 necnon
415 2298 441 2320 et
455 2293 562 2321 Siculos
573 2294 823 2325 considerantibus,

50 2332 88 2365 qui
103 2341 160 2362 cum
175 2345 229 2364 non
242 2342 335 2365 essent
351 2338 538 2372 importati,ad
551 2338 691 2366 fastidium
703 2347 790 2374 usque
797 2343 825 2366 et

51 2383 136 2406 noram
153 2381 332 2411 increverunt.
349 2383 428 2411 Levis
444 2389 534 2412 tamen
551 2389 594 2412 est
609 2385 654 2412 illa
675 2385 824 2412 vindicatio

51 2422 69 2447 si
89 2431 174 2454 verum
194 2429 272 2456 fateri
299 2430 436 2456 volumus.
461 2429 529 2457 Cum
559 2430 676 2462 Plinius,
706 2430 822 2463 Seneca,

52 2464 147 2504 Strabo,
164 2473 300 2506 Lucanus,
316 2475 479 2510 Antigonus,
496 2475 644 2511 Virgiliano
656 2483 714 2503 aevo
730 2484 821 2511 pares.

52 2518 77 2539 ut
95 2515 128 2543 ita
147 2519 246 2553 dicam,
264 2523 306 2549 vel
328 2522 482 2554 inferiores,
500 2522 526 2548 id
548 2530 601 2549 non
624 2523 822 2550 animadverte-

53 2565 116 2594 runt,
130 2566 172 2599 qui
185 2575 280 2595 omnes
293 2568 455 2598 oscitantire.
473 2572 501 2594 ut
519 2576 590 2595 unus
607 2567 735 2603 Virgilius
747 2569 822 2603 judi—

51 2609 125 2639 τειυν.
136 2610 311 2647 redarguendi
323 2617 398 2640 sunt.
407 2613 465 2638 Alia
475 2613 556 2647 igitur
567 2612 716 2640 vindicatio
728 2617 821 2648 peten-

52 2649 89 2680 da.
104 2653 233 2685 Aristotcl.
250 2659 297 2685 lib.
314 2667 344 2689 ιι,
363 2666 424 2693 cap.
444 2658 487 2689 l5,
504 2661 584 2692 negat
600 2658 633 2685 fel
647 2659 674 2685 in
690 2666 771 2685 cervo
793 2663 820 2686 et

51 2693 128 2730 dama.
142 2702 209 2730 sicut
223 2710 250 2731 et
266 2705 328 2732 aliis
342 2705 505 2739 quibusdam
521 2704 694 2736 animalibus,
711 2709 737 2732 et
752 2705 818 2732 sub-

52 2739 85 2767 ιΙίι
97 2752 102 2770 :
116 2745 204 2777 Cervis
218 2751 347 2779 Achainis
361 2751 523 2785 cognomine
537 2750 671 2777 contineri
690 2751 716 2777 in
732 2751 818 2778 cauda

52 2789 170 2826 creditur;
188 2800 215 2823 et
243 2797 289 2824 lib.
314 2805 352 2828 tv,
377 2796 415 2824 De
438 2801 509 2831 part.
528 2796 652 2829 animaL,
678 2796 761 2831 capit.
787 2798 815 2830 2,

54 2831 165 2867 emam
178 2841 236 2876 [olle
251 2844 356 2870 omnino
378 2849 479 2882 carent,
495 2848 522 2870 ut
536 2849 629 2878 equus,
645 2842 744 2881 mulus;
761 2843 815 2875 asi-

877 2244 955 2277 Quali
974 2246 1096 2272 marchio
1111 2246 1221 2280 quidam
1239 2246 1370 2275 Badensis
1389 2253 1467 2282 capta
1482 2249 1542 2283 ejus
1562 2257 1665 2277 cornua

876 2289 932 2324 regi
950 2288 1088 2317 Gallorum
1111 2291 1183 2318 dono
1201 2292 1323 2323 miserat,
1344 2300 1404 2327 qum
1419 2293 1530 2320 Ambasi
1546 2293 1573 2321 in
1589 2295 1665 2329 regio

876 2335 956 2361 horto
976 2336 1182 2371 propejanuam
1200 2337 1359 2365 interiorem
1379 2339 1473 2373 parieti
1490 2339 1582 2371 afﬁxa.
1599 2340 1666 2369 sub-

876 2381 987 2416 scriptis
1007 2382 1034 2409 in
1053 2382 1152 2410 tabella
1172 2383 1300 2416 testibus,
1314 2384 1361 2418 qui
1377 2385 1516 2412 venationi
1533 2385 1665 2414 interfue-

876 2431 950 2459 rant,
966 2427 1116 2455 etiamnum
1129 2429 1213 2455 cerui.
1229 2429 1318 2462 Quare
1331 2428 1500 2457 Salmuthius
1512 2430 1616 2466 colligit
1631 2436 1664 2459 ex

874 2473 919 2500 illa
943 2481 1076 2501 cornuum
1106 2475 1258 2509 gestatione
1283 2482 1365 2503 sexus
1393 2476 1570 2503 mutationem
1597 2476 1665 2504 satis

874 2527 928 2546 non
945 2520 1065 2555 probari.
1080 2521 1251 2553 Aristoteles,
1270 2521 1317 2549 lib.
1337 2529 1374 2554 Ix,
1392 2522 1475 2557 capit.
1493 2522 1599 2554 ultimo,
1615 2523 1664 2555 ait,

873 2566 971 2597 cervis,
993 2566 1015 2594 si
1030 2566 1139 2601 quidem
1153 2566 1273 2594 nondum
1301 2567 1409 2596 cornuti
1431 2567 1582 2600 evircntur,
1610 2575 1665 2594 non

871 2619 997 2639 crescere
1014 2620 1134 2645 cornua;
1153 2613 1196 2640 sin
1220 2617 1310 2640 autem
1329 2613 1386 2648 jam
1402 2613 1510 2640 cornuti
1536 2620 1666 2645 exsecan-

871 2662 926 2687 tur.
954 2666 1065 2686 manere
1092 2659 1137 2686 illa
1165 2667 1275 2694 semper
1301 2659 1427 2694 ejusdem
1455 2659 1664 2695 magnitudinis.

871 2703 945 2731 Cervi
962 2705 985 2731 si
1001 2711 1060 2731 cum
1089 2713 1135 2740 per
1160 2710 1266 2733 aetatem
1292 2706 1409 2733 nondum
1434 2715 1535 2734 cornua
1560 2711 1666 2742 gerant,

871 2756 1033 2782 castrentur,
1047 2759 1098 2778 non
1109 2752 1189 2778 edunt
1205 2761 1307 2780 cornua
1321 2761 1330 2780 .'
1344 2752 1388 2780 sed
1408 2753 1432 2779 si
1451 2754 1581 2788 cornigeri
1596 2753 1668 2780 eaei-

868 2798 968 2824 duntur
987 2805 1039 2824 non
1055 2797 1179 2824 decidunt
1197 2806 1308 2831 cornua,
1329 2803 1355 2825 et
1375 2798 1558 2834 magnitudine
1573 2798 1666 2826 eadem

868 2847 1020 2872 servantur.
1036 2841 1157 2876 Plinius,
1176 2842 1236 2870 Non
1257 2843 1381 2871 decidunt
1411 2845 1537 2872 caetratis
1555 2852 1666 2875 cornua,
