1897 3073
237 118 291 147 0ιό

923 116 1047 144 LEONIS
1066 115 1203 144 ALLATII
1815 118 1860 145 9“

238 183 284 203 nec
298 179 451 202 nascuntur.
464 174 538 202 Idem
549 174 671 202 sentiunt
693 173 805 201 Solinus
816 177 843 201 et
855 173 1022 209 Porphyrius
1037 179 1059 206 Α
1073 174 1188 202 deantur
1199 174 1355 202 convenire.
1372 173 1418 202 Sic
1429 173 1510 202 etiam
1525 173 1676 210 Xenophon
1690 175 1720 202 in
1735 176 1860 210 Κυνηγε-

238 222 306 255 Περι
318 220 435 255 ἁπογῆς
449 221 599 255 ἐμψόγων.
611 220 751 255 Oppianus
765 225 856 247 tamen
866 221 977 254 Κυνητ.
991 227 1022 253 ιι,

238 267 404 294 contrarium
419 266 519 293 cecinit
538 275 544 292 :

237 323 382 350 Κεύθουσι
401 324 566 357 λαγόνεσσι
579 322 604 349 δ’
626 322 677 350 ὑπ’
694 321 789 355 αὐτὴν
805 321 903 348 ἔνδοθι
925 321 1022 354 νηδὺν

243 356 577 392 Ἀιιφιόύμουςνόλχοὺς,
597 358 668 389 τοὺς
689 359 714 383 εὶ
732 357 782 383 καί
802 365 846 389 τις
865 356 1020 390 ἀμήσειεν,

235 391 347 420 Αὑτῗκα
365 391 466 428 θῆλυν
483 393 581 426 ἔθηκε,
598 393 717 426 πρόπαν
729 391 756 418 δ’
771 391 923 461 dae/aevo?
931 391 1021 425 καρή-

927 435 987 452 νων

241 462 399 498 Ὁξύκομον
419 462 532 496 κεράων
549 461 776 488 πολυδαίδαλον
800 462 905 487 αἰόλον
920 461 1017 495 ἔρνος.

268 518 347 551 lbid.,
364 518 412 544 lin.
427 517 472 544 21.
491 517 521 544 Ἡ
533 516 566 543 δὲ
577 516 626 548 αἲξ
640 516 658 549 ἡ
671 515 767 549 ἀγρία.
777 515 938 543 Aristoteles
952 516 1020 550 Περὶ

232 565 405 599 θαυμασίων
423 562 622 597 ἀκουσμάτων
635 566 662 589 et
679 562 726 588 lib.
744 561 783 588 De
798 562 859 588 hist.
871 562 964 593 anim.,
981 570 1018 595 ll,

232 619 293 646 cap.
308 611 342 643 6;
357 611 518 645 Antigonus,
535 609 649 640 Plinius,
667 608 712 634 lib.
729 615 791 638 xxv,
805 615 865 643 cap.
883 607 1020 635 8:Dicta-

232 666 303 684 mum
316 656 460 688 ostendere,
473 661 501 682 ut
513 654 683 681 iudicauimus
696 653 838 680 rulneratae
853 657 946 688 pastw,
962 659 1019 680 sta-

231 705 277 730 tim
293 702 472 730 decidentibus
493 701 561 728 telis.
578 700 758 735 Theophrast.
786 699 822 726 De
843 700 906 727 hist.
930 700 1015 734 plant.

231 751 278 777 lib.
293 758 331 780 Ix,
347 757 407 784 cap.
428 749 472 780 16,
493 747 602 782 Ἀληθὲς
614 746 641 773 δέ
657 755 738 781 φασιν
757 743 826 772 εἶναι
840 746 887 772 καὶ
902 746 932 772 τὸ
954 747 1017 782 περὶ

230 795 284 822 τῶν
303 793 399 829 βελῶν,
422 794 462 820 ὅτι
480 792 629 826 φαγούσας,
650 791 713 816 ὅταν
729 788 900 822 τοξευοῶσιν,
922 789 1017 816 ἐκϐάλ-

229 841 295 868 λειν.
311 839 450 874 Virgilius,
467 839 513 865 lib.
532 845 568 864 xu
585 836 694 863 zEncid.

264 886 344 918 lbid.,
359 887 406 912 lin.
426 884 471 911 22.
490 884 523 911 Τὸ
543 883 732 917 καλούμενον
750 883 905 917 δίκταμον.
921 881 1016 909 Δίκτυν

229 934 335 961 vocavit
355 932 500 959 Nicander.
523 930 610 957 Cretae
634 930 774 964 proprium
799 933 856 961 est,
881 937 931 956 nec
951 929 1016 956 alibi

228 980 362 1011 naScitur,
384 983 411 1006 et
429 979 466 1005 ibi
487 986 540 1005 non
557 977 686 1012 spatiose.
705 977 744 1004 Ad
765 977 843 1012 plura
863 976 1016 1004 conducere

227 1026 310 1054 tradit
327 1024 535 1060 Theophrastus
558 1022 596 1049 De
613 1022 674 1049 hist.
697 1023 782 1056 plant.
804 1022 851 1049 lib.
874 1030 936 1054 xxv,
952 1030 1014 1056 cap.

226 1073 253 1104 8,
268 1072 383 1107 ejusque
398 1075 453 1097 tres
468 1069 573 1104 species
589 1068 659 1095 inter
678 1076 706 1095 se
725 1068 871 1096 distinctas
885 1068 960 1094 facit.
975 1067 1014 1095 Ex

224 1125 279 1153 quo
293 1124 342 1144 sua
358 1116 452 1143 habuit
466 1115 582 1142 Plinius:
597 1113 801 1149 Theophrastus
815 1114 898 1147 enim,
919 1113 1013 1149 Χρῶν-

224 1172 269 1190 ται
284 1163 312 1190 δὲ
327 1163 383 1194 τοῖς
397 1161 515 1196 φύλλοις,
528 1160 558 1187 οὐ
572 1162 628 1192 τοῖς
644 1160 754 1191 κλωσὶν,
768 1159 828 1186 οὐδὲ
844 1159 884 1194 τῷ
905 1158 1011 1194 καρπῷ,

225 1209 250 1236 id
265 1213 317 1242 est,
335 1216 402 1236 usus
427 1207 565 1238 foliorum,
584 1214 638 1233 non
662 1214 811 1237 ramorum,
834 1213 884 1232 nec
908 1206 1013 1233 fructus

223 1260 275 1282 est.
290 1254 393 1282 Plinius
414 1254 462 1286 ita,
481 1251 566 1280 Foliis
585 1257 686 1279 tantum
708 1257 828 1278 utuntur.
845 1251 909 1278 Flos
924 1252 1012 1279 nullus

223 1302 257 1334 ei,
270 1305 315 1327 aut
329 1308 427 1331 semen,
441 1303 486 1326 aut
497 1299 592 1325 caulis.
610 1298 638 1325 Si
655 1298 774 1324 dictamo
791 1305 845 1324 non
858 1302 900 1325 est
924 1305 1012 1333 neque

223 1347 320 1378 caulis,
341 1354 428 1380 neque
450 1353 553 1375 semen,
572 1351 636 1379 ergo
655 1344 695 1371 vel
715 1343 792 1370 inviti
814 1344 887 1372 loliis
909 1345 946 1371 uti
964 1345 1012 1372 de-

224 1394 296 1420 bent.
315 1393 349 1419 At
364 1395 457 1427 utique
476 1395 503 1419 et
518 1391 605 1422 ﬂoret,
622 1394 648 1418 et
669 1390 786 1417 fructum
806 1390 884 1418 aﬂ'ert
904 1399 937 1418 ex
959 1391 1011 1418 hoc

223 1439 405 1474 Theophrasti
423 1440 494 1468 loco,
512 1441 538 1465 et
562 1437 728 1464 Dioscoridis
753 1440 858 1463 tentata
880 1436 1009 1470 lectione,

222 1485 281 1514 οὔτε
300 1485 387 1517 ἄνθος,
408 1484 469 1511 οὔτε
490 1484 594 1519 καρπὸς
613 1483 758 1518 συμφέρει,
779 1487 805 1509 et
827 1481 936 1518 Virgilii
959 1483 1007 1510 lib.

224 1541 260 1559 xu
274 1531 393 1563 .Eueid.,
409 1539 480 1558 vers.
496 1530 569 1558 M2:

293 1588 462 1616 Dictamnum
479 1587 595 1622 genitrix
611 1586 713 1614 Crettra
735 1587 821 1622 carpit
837 1588 869 1613 ab
888 1585 939 1614 Ida

290 1624 436 1650 l’ubcribus
453 1623 553 1650 caulem
568 1623 652 1656 foliis,
667 1628 690 1649 ct
707 1623 772 1656 ﬂore
789 1627 937 1648 comantth

291 1660 438 1692 Purpureo,
453 1667 505 1685 nun
519 1659 568 1684 illa
585 1658 647 1692 feris
665 1658 797 1692 incognita
815 1659 902 1691 capris

291 1693 428 1726 Gramina,
441 1702 500 1720 cum
515 1698 585 1728 terga
601 1694 716 1720 volucre;
731 1693 829 1720 latuere
837 1693 952 1727 sagittw.

222 1748 292 1785 Ergo
308 1752 349 1776 est
365 1753 392 1776 et
406 1749 503 1780 caulis,
522 1752 549 1774 ct
563 1747 623 1780 llos,
637 1753 663 1774 et
675 1754 778 1779 semen,
798 1745 879 1779 Plini,
901 1746 958 1772 ἀλλ’
975 1747 1005 1773 οὐ

221 1794 364 1831 συμφέρει,
381 1798 408 1822 et
420 1795 480 1822 ideo
498 1794 583 1821 Foliis
600 1799 702 1820 tantum
717 1798 836 1826 utuntur,
855 1796 885 1820 ut
905 1793 1006 1828 optime

220 1847 352 1870 verteras.

255 1888 336 1920 lbid.,
351 1888 398 1915 lin.
413 1887 458 1914 24.
473 1889 508 1915 At
523 1887 557 1914 δὲ
574 1887 745 1921 παρδάλεις.
767 1887 898 1922 Superius
910 1894 1004 1914 eorum

220 1934 362 1969 opiniones
375 1934 530 1966 retulimus,
549 1934 594 1968 qui
612 1942 694 1960 unum
710 1939 737 1961 et
753 1934 823 1961 idem
839 1933 940 1960 animal
956 1941 1005 1968 pu-

221 1984 312 2007 tarunt
324 1987 386 2007 esse
399 1980 542 2015 pardalim,
558 1984 585 2006 et
601 1980 760 2015 pantheram
785 1984 812 2007 et
827 1987 945 2014 quanam
961 1988 1005 2006 ra-

221 2027 294 2053 tione
309 2025 485 2060 distinguant.
504 2025 532 2052 In
547 2033 602 2060 qua
616 2033 645 2053 re
662 2033 727 2053 sane
749 2025 858 2053 facilius
877 2030 919 2053 est
931 2025 1004 2060 quod

220 2072 266 2098 alii
283 2072 409 2098 dixerunt
423 2079 554 2106 pugnare,
566 2080 647 2106 quam
665 2072 731 2106 quid
751 2072 817 2099 certi
838 2072 866 2099 in
883 2072 1003 2099 medium

220 2118 326 2149 all'erre,
340 2117 411 2153 quod
428 2118 473 2145 alii
490 2125 544 2144 non
564 2119 732 2153 impugnent.
748 2118 854 2146 Etenim
871 2119 892 2146 si
908 2118 1001 2150 Plinii,

219 2163 398 2199 Theophrasti
430 2167 458 2190 et
483 2163 636 2191 Aristotelis
665 2163 789 2197 vestigiis
819 2163 1002 2191 insistendum

1075 220 1156 253 τικῷ,
1169 225 1196 248 et
1210 220 1350 255 Oppianus
1363 223 1474 256 Κυνηγ.
1491 229 1521 253 ιι,
1537 222 1583 256 qui
1597 221 1632 248 de
1653 221 1698 249 his
1712 223 1857 257 separatim

1075 270 1168 302 agunt.
1194 265 1333 302 Oppianus
1355 267 1428 294 enim
1454 267 1516 294 loco
1541 267 1569 295 d.
1586 268 1620 294 ad
1647 268 1756 295 Musam
1785 277 1859 296 suum

1075 316 1236 341 convertens
1263 321 1432 346 sermonem,
1462 314 1501 340 ait
1530 321 1560 342 se
1591 314 1637 341 diu
1662 314 1737 342 nolle
1763 315 1858 342 morari

1074 358 1148 386 circa
1166 366 1261 393 parva,
1278 359 1325 386 sed
1345 359 1445 387 missas
1463 360 1551 387 facere
1567 360 1669 388 bestias
1684 361 1822 393 imbelles,
1835 367 1859 388 et

1073 404 1208 436 infelices,
1225 405 1262 432 uti
1278 405 1435 439 pantheras,
1455 407 1597 440 mustelas,
1614 407 1714 441 glires;
1728 411 1758 434 et
1769 411 1858 442 postea

1073 452 1122 479 lib.
1140 460 1182 485 ιιι,
1203 456 1316 487 peracto
1334 460 1461 481 sermone
1485 454 1519 481 de
1543 454 1680 485 leonibus,
1706 455 1857 489 pardalium

1073 507 1169 534 genus.
1196 499 1234 526 uti
1253 503 1281 526 et
1303 499 1412 530 robore,
1432 503 1459 527 et
1477 500 1691 535 pulchritudine,
1714 505 1742 528 et
1763 509 1857 535 genere

1072 543 1163 571 nobile
1175 543 1276 571 subdit.
1291 542 1364 572 Satis
1381 545 1466 579 liquet
1483 553 1548 581 ergo
1563 545 1717 580 Oppianum
1734 546 1810 573 aliud
1832 551 1857 574 et

1072 589 1146 616 aliud
1168 597 1230 617 esse
1247 589 1378 624 pardalim
1400 595 1427 617 et
1451 591 1610 626 pantheram
1627 593 1814 623 existimasse.
1832 597 1855 621 et

1072 635 1168 662 horum
1185 635 1282 670 duplex
1306 636 1402 663 statuit
1420 644 1515 671 genus.
1537 637 1666 670 Quaedam
1686 638 1762 665 enim
1781 645 1855 672 aspe-

1071 686 1116 709 ctu
1139 683 1267 717 majores,
1289 688 1316 711 et
1337 684 1421 711 dorso
1434 684 1581 718 ampliores
1596 688 1672 715 sunt,
1690 684 1753 710 alia:
1772 684 1855 710 mino-

1070 736 1125 759 res.
1139 729 1187 757 sed
1200 730 1258 764 pari
1271 730 1379 764 robore,
1397 730 1478 758 simili
1493 729 1590 761 forma,
1605 738 1661 757 non
1676 731 1853 765 inaqualibus

1069 775 1196 807 maculis,
1213 783 1264 803 nec
1285 776 1411 811 corporis
1433 776 1618 807 lineamentis,
1631 777 1654 804 si
1676 777 1794 804 caudam
1808 777 1852 804 de-

1069 820 1196 852 traxeris,
1218 828 1279 855 qua:
1299 821 1452 849 minoribus
1469 821 1566 856 major,
1583 826 1611 849 et
1627 824 1720 848 minor
1743 821 1851 857 majori-

1033 859 1052 886 Β
1067 864 1118 892 bus
1132 869 1186 892 est.

1066 919 1230 955 Πορδάλιες
1244 921 1269 947 δ’
1286 921 1380 953 όλοαῑ,
1394 921 1521 956 δίδυμον
1534 921 1630 956 γένος,
1648 922 1678 947 al
1693 921 1754 955 μὲν
1768 921 1850 956 ἔασιν·

1066 956 1203 989 Μείζονές
1218 957 1277 986 εἱσι
1298 957 1387 987 δέειν,
1405 955 1628 989 καῖπάσσσνες
1648 956 1739 989 είιρέιι
1759 955 1845 982 νῶτα·

1066 992 1101 1018 Al
1125 991 1152 1017 δ’
1172 991 1213 1018 ἐτ’
1231 991 1391 1026 όλιζότεραι
1411 992 1482 1026 μὲν,
1507 991 1580 1025 ἀτὰρ
1595 992 1702 1034 μένοςΓ
1715 992 1781 1034 ορτι
1805 999 1848 1025 χε-

1064 1060 1155 1087 Εἴδεα
1168 1060 1193 1087 δ’
1207 1061 1417 1096 ἀμφοτέροισιν
1435 1061 1532 1096 opella
1542 1025 1815 1093 messenii):fo

1064 1097 1161 1130 [νόσφι
1173 1097 1271 1130 μόνης
1287 1096 1390 1129 οὐρῆς,
1405 1095 1441 1129 τῇ
1452 1095 1479 1122 't‘
1490 1096 1621 1130 ἐμπίιθξιν
1632 1096 1816 1130 εἱσοράιιται.

1063 1131 1169 1157 Metam
1179 1130 1238 1165 μὲν
1248 1131 1355 1166 μείζων
1364 1131 1485 1161 τελέθει,
1494 1132 1645 1166 μεγάλῃσι
1662 1131 1696 1157 δὲ
1712 1133 1814 1165 μείων.

1099 1185 1167 1214 lbid.
1183 1186 1289 1220 Σαφῶς
1307 1186 1363 1220 τὰρ
1378 1185 1493 1213 εἰδυῖαι,
1515 1185 1619 1214 Czetera
1642 1187 1775 1213 animalia
1791 1195 1846 1222 par-

1062 1230 1164 1258 daliqu
1175 1231 1270 1263 odore,
1287 1233 1370 1259 veluti
1383 1232 1509 1259 illeoebra
1522 1233 1593 1258 trahi
1605 1233 1700 1259 retulit
1712 1232 1846 1265 Ailiauus,

1063 1277 1110 1304 lib.
1123 1285 1139 1304 ν
1163 1277 1202 1304 De
1212 1278 1274 1304 hist.
1295 1278 1418 1310 animal.,
1431 1286 1490 1313 cap.
1508 1278 1558 1305 40:
1572 1279 1693 1310 Εὑωδίις
1708 1279 1782 1311 τινὸς
1792 1280 1847 1306 Θαν-

1063 1324 1168 1358 μαστῆς
1182 1323 1230 1359 τὴν
1245 1323 1377 1359 πάρδαλιν
1401 1324 1588 1359 μετειληχέναι
1610 1325 1693 1360 φησὶν
1713 1326 1781 1360 ἡμῖν
1802 1327 1846 1360 μὲν

1061 1370 1217 1405 ἀπορρήτου
1227 1378 1234 1384 ·
1249 1369 1318 1405 αὐτὴ
1332 1369 1359 1396 δὲ
1372 1369 1426 1396 οἶδε
1441 1370 1471 1396 τὸ
1492 1370 1681 1405 πλεονέκτημα
1698 1371 1729 1397 τὸ
1742 1372 1845 1402 εἰκαῖον,

1061 1415 1108 1441 καὶ
1132 1415 1224 1449 μέντοι
1241 1415 1287 1441 καὶ
1305 1416 1339 1442 τὰ
1353 1415 1420 1443 ἄλλα.
1433 1415 1491 1448 ζῶα
1507 1417 1700 1443 συνεπίσταται
1722 1417 1800 1444 τοῦτο
1815 1420 1844 1453 τῇ

1060 1461 1201 1496 παρδάλει,
1217 1462 1264 1488 καὶ
1282 1461 1422 1488 ἁλίσκεται
1440 1462 1534 1488 τοῦτον
1548 1462 1594 1489 τὸν
1610 1463 1723 1498 τρόπον.
1743 1464 1845 1499 Ἐκείνιλ

1036 1530 1045 1540 ,
1061 1508 1077 1543 ἠ
1095 1507 1236 1542 πάρδαλις,
1257 1508 1359 1543 τροφῆς
1378 1509 1501 1544 δεομένη,
1525 1509 1623 1544 ἑαυτὴν
1639 1510 1844 1546 ύπαπωιρὺτπει

1061 1553 1077 1588 ἢ
1093 1553 1180 1589 λόχμῃ
1196 1553 1279 1588 πολλῇ
1294 1553 1310 1589 ἦ
1327 1554 1439 1588 φυλλάδι
1459 1554 1564 1590 βαθείᾳ,
1581 1555 1628 1581 καὶ
1639 1556 1763 1591 ἐντυχεῖν
1778 1558 1845 1583 ἐστιν

1061 1597 1177 1632 ἀφανὴς,
1199 1599 1279 1633 μόνον
1295 1598 1323 1624 δὲ
1347 1599 1471 1627 ἀναπνεῖ.
1497 1599 1600 1626 Οὐκοῦν
1623 1601 1647 1626 οἱ
1675 1601 1781 1636 νεὸροὶ,
1803 1602 1844 1628 καὶ

1059 1643 1188 1678 δορκάδες
1207 1643 1254 1669 καὶ
1267 1641 1344 1677 αἶγες
1358 1645 1386 1670 αἰ
1407 1645 1512 1679 ἄγριαι,
1534 1645 1582 1671 καὶ
1603 1644 1638 1670 τὰ
1660 1645 1774 1672 τοιαῦτα
1795 1646 1843 1671 τιῖιν

1060 1688 1147 1722 ζώων,
1165 1689 1203 1720 ὡς
1222 1690 1275 1716 ὑπό
1294 1698 1365 1721 τινος
1385 1690 1477 1724 ἴυγγος
1490 1690 1537 1725 τῆς
1553 1690 1665 1722 εὐωδίας
1678 1691 1789 1717 ἕλκεται
1802 1692 1844 1718 καὶ

1059 1734 1162 1769 γίνεται
1181 1735 1308 1771 πλησίον·
1325 1737 1342 1771 ἡ
1363 1736 1390 1762 δὲ
1404 1737 1518 1771 ἐκπηδᾷ,
1534 1737 1580 1762 καὶ
1597 1737 1653 1772 ἔχει
1677 1738 1709 1764 τὸ
1723 1738 1842 1773 θήραμα.

1058 1781 1176 1809 Consule
1189 1781 1364 1809 Plutarchum
1378 1781 1417 1809 De
1432 1782 1587 1809 animalium
1600 1783 1712 1809 solertia
1721 1803 1728 1814 ,
1746 1785 1844 1811 Aristo-

1059 1829 1149 1860 telem,
1164 1828 1202 1856 De
1215 1828 1308 1856 histor.
1321 1829 1430 1856 animal.
1444 1829 1491 1856 lib.
1507 1837 1545 1862 Ix,
1560 1837 1619 1864 cap.
1637 1830 1670 1863 6;
1690 1829 1844 1864 Theophra-

1058 1881 1143 1907 stum,
1158 1876 1195 1903 De
1209 1877 1299 1902 causis
1313 1876 1398 1910 plant.
1413 1875 1461 1903 lib.
1477 1884 1514 1907 vi,
1527 1883 1587 1910 cap.
1601 1876 1628 1907 5,
1640 1876 1689 1910 qui
1705 1877 1770 1904 talis
1784 1877 1844 1903 odo-

1057 1923 1097 1950 ris
1113 1931 1224 1950 causam
1237 1923 1350 1950 reddere
1358 1927 1503 1950 conantur.
1515 1923 1676 1950 Aristoteles
1687 1924 1844 1958 graveolen-

1058 1969 1122 1996 tiam
1145 1970 1177 1996 ad
1207 1969 1367 1997 cruditatem
1394 1969 1538 2004 quamdam
1565 1969 1649 1997 refert
1667 1971 1843 2001 excrementi,

1057 2024 1117 2050 quae
1131 2021 1158 2044 et
1172 2016 1240 2044 vivis
1256 2023 1339 2043 causa
1355 2015 1419 2043 lardi
1433 2016 1534 2043 halitus
1544 2020 1597 2047 est,
1611 2020 1638 2043 et
1654 2018 1773 2044 mortuis
1785 2024 1842 2044 cum

1057 2064 1208 2098 putrescit:
1225 2067 1251 2090 et
1275 2063 1336 2091 ideo
1352 2063 1462 2098 pingue,
1486 2071 1528 2095 os,
1544 2064 1616 2098 pilus
1641 2063 1749 2091 laedunt
1774 2073 1841 2091 nun-

1056 2118 1137 2144 quam
1149 2109 1267 2137 reddunt
1280 2110 1403 2143 odorem,
1417 2110 1480 2145 quia
1496 2110 1596 2146 pingue
1610 2116 1777 2138 concoctum
1794 2115 1841 2141 est.

1055 2163 1118 2183 ossa
1135 2160 1162 2182 et
1180 2156 1225 2190 pili
1242 2155 1356 2183 humore
1379 2159 1487 2182 vacant.
1511 2155 1604 2183 Genus
1621 2160 1713 2183 autem
1739 2158 1841 2191 planta-

216 2213 268 2241 ρει,
287 2209 409 2243 ejusdem
431 2210 538 2243 generis
560 2209 687 2235 animalia
707 2217 768 2236 esse
794 2217 848 2236 non
872 2209 1005 2236 inliciabi-
1021 2209 1042 2235 ο
1057 2208 1116 2227 rum
1132 2201 1235 2227 nullum
1254 2200 1325 2227 intra
1341 2208 1370 2228 se
1385 2201 1522 2228 contrahit
1538 2207 1759 2231 excrementum.
1774 2207 1800 2230 et
1819 2203 1839 2229 si

218 2262 286 2281 mur.
300 2253 504 2289 Theophrastus
516 2255 598 2284 enim,
614 2254 650 2281 De
665 2255 752 2281 causis
771 2254 889 2288 plantar.
903 2255 950 2281 lib.
965 2263 1002 2287 νι,

216 2308 277 2335 cap.
304 2301 349 2332 26,
372 2301 475 2327 nullum
500 2301 600 2327 animal
624 2301 662 2327 ait
686 2308 748 2328 esse
770 2299 924 2331 odoratum,
951 2301 1003 2328 nisi

217 2347 279 2381 quis
296 2347 395 2374 dixerit
405 2347 535 2382 pardalim
552 2347 736 2374 animantibus
750 2347 818 2373 bene
834 2347 918 2374 olere.
930 2347 1004 2373 Ζῶον

216 2392 243 2419 δὲ
257 2393 344 2425 οὐδὲν,
363 2394 386 2420 ει
409 2393 446 2429 μὴ
464 2393 513 2428 τὴν
531 2392 662 2428 πάρδαλίν
678 2400 754 2426 φασι,
772 2392 897 2427 καθάπερ
909 2392 1003 2428 ἐλέχθη

216 2441 272 2471 τοῖς
288 2439 401 2477 θηρίοις.
418 2440 530 2466 Aristot.
547 2438 679 2465 Problem.
701 2442 768 2465 sect.
788 2439 832 2470 15,
852 2439 879 2470 ι,
899 2439 1003 2466 nullum

217 2486 318 2512 animal
340 2486 459 2512 suaviter
475 2485 548 2512 olere
567 2489 680 2518 excepta
697 2484 800 2519 pardali
825 2493 884 2519 quze
900 2489 927 2512 et
944 2485 1003 2520 ipsa

216 2531 326 2558 nonnisi
351 2531 446 2557 bestiis
461 2531 498 2557 ita
514 2530 589 2557 olere
604 2530 728 2556 altinnat.
745 2529 849 2557 Plinius
864 2530 945 2557 etiam
959 2531 1003 2557 illa

217 2575 360 2603 confundit
378 2576 425 2603 lib.
443 2584 502 2608 VIII,
522 2583 581 2610 cap.
600 2575 644 2606 l7.
662 2573 741 2601 Nunc
755 2576 846 2609 parias
857 2580 881 2602 et
892 2576 1002 2610 pardus,

216 2623 262 2657 qui
281 2630 367 2649 "iure:
380 2626 452 2653 sunt,
470 2622 603 2656 appellant
620 2622 649 2648 in
663 2630 693 2649 ea
709 2621 782 2648 omni
793 2629 893 2655 genere,
907 2620 1004 2648 creber-

218 2668 285 2694 rimo
306 2669 332 2695 in
355 2668 420 2695 Asia
448 2667 588 2704 Syriaque.
614 2667 728 2701 Quidam
752 2667 785 2694 ab
806 2667 838 2694 iis
862 2667 1004 2702 pantheras

217 2713 331 2740 candore
346 2713 403 2740 solo
426 2713 596 2740 discernunt:
614 2721 660 2740 nec
676 2713 763 2740 adhuc
783 2713 864 2739 aliam
879 2713 1004 2747 «Ii/feren-

219 2757 282 2783 tiam
294 2758 388 2786 inveni.
404 2757 458 2786 Sed
469 2758 574 2786 diversa
586 2767 646 2787 esse
659 2759 716 2786 haec
731 2759 889 2785 animalium
904 2765 1003 2792 genera

218 2802 296 2829 docet
316 2803 360 2830 hic
372 2808 475 2836 noster,
494 2805 540 2839 qui
555 2808 683 2838 tanquam
699 2803 733 2831 de
749 2804 857 2831 duobus
873 2802 1003 2830 diversis-

219 2846 295 2874 simil
314 2854 467 2876 sermonem
491 2849 606 2876 in~tituit
624 2858 631 2876 :
655 2849 707 2877 etsi
732 2849 759 2876 in
779 2848 943 2884 quibusdam
965 2849 1002 2876 vi-

1055 2245 1119 2280 quid
1138 2246 1249 2278 inesset,
1265 2246 1352 2273 calida
1367 2246 1495 2281 siccaque
1515 2251 1612 2273 natura
1638 2247 1707 2273 illud
1731 2247 1839 2282 expedi-

1055 2292 1110 2320 tius
1121 2292 1277 2327 concoquit,
1289 2297 1315 2320 et
1327 2293 1387 2319 ideo
1401 2293 1499 2319 humor
1511 2300 1608 2320 eorum
1628 2301 1684 2319 non
1702 2298 1746 2320 est
1763 2294 1838 2321 lieen—

1055 2338 1159 2371 lentus;
1185 2338 1267 2374 idque
1288 2339 1467 2366 conﬁrmatur
1490 2339 1577 2374 plagis
1603 2343 1701 2370 terrae,
1728 2347 1791 2374 qua!
1815 2344 1838 2366 ut

1055 2384 1243 2417 t‘erveutiores,
1261 2386 1301 2412 sic
1317 2385 1488 2413 odoratiores
1504 2391 1578 2413 sunt.
1590 2385 1802 2420 Theophrastus
1814 2387 1838 2413 in

1054 2433 1216 2467 quibusdam
1230 2434 1358 2460 convenit
1379 2441 1441 2460 cum
1456 2433 1614 2465 Aristotele,
1633 2433 1661 2459 in
1676 2433 1837 2468 quibusdam

1053 2480 1190 2511 dissentit,
1206 2479 1239 2506 ad
1253 2487 1324 2514 quae,
1338 2487 1372 2506 ne
1387 2479 1491 2506 diutius
1501 2487 1659 2513 evagemur,
1676 2479 1836 2506 remittimus

1054 2525 1194 2552 lectorem.
1221 2523 1321 2552 Neuter
1344 2520 1434 2552 tamen
1460 2524 1493 2551 ad
1517 2525 1634 2559 primam
1661 2525 1836 2558 quaestionem

1053 2571 1205 2606 respondit.
1227 2579 1277 2598 nec
1303 2571 1405 2598 nodum
1430 2570 1557 2597 dissolvit
1578 2570 1762 2598 dillicultatis.
1790 2568 1836 2596 Nec

1053 2618 1125 2644 enim
1142 2617 1207 2644 dum
1229 2617 1261 2644 de
1279 2617 1395 2652 pardali,
1411 2625 1492 2652 quam
1514 2617 1601 2644 solam
1619 2617 1692 2643 inter
1713 2616 1835 2643 animalia

1052 2663 1193 2691 odoratam
1219 2672 1281 2691 esse
1304 2664 1501 2695 concedebant,
1526 2663 1669 2698 agebatur,
1694 2663 1766 2690 satis
1786 2664 1835 2689 erat

1053 2717 1164 2738 causam
1186 2714 1297 2745 propter
1320 2718 1402 2745 quam
1425 2711 1538 2738 arbores
1553 2714 1580 2737 et
1599 2709 1700 2744 plantae
1720 2710 1835 2736 odorat:

1053 2760 1128 2786 sunt.
1144 2757 1271 2784 animalia
1297 2765 1350 2784 non
1368 2758 1432 2785 item
1453 2758 1603 2792 assignare.
1625 2756 1679 2783 Sed
1700 2756 1770 2782 illud
1783 2758 1834 2782 erll

1052 2801 1253 2835 explicandum.
1267 2810 1385 2837 quanam
1397 2803 1503 2830 ratione
1515 2803 1587 2829 inter
1603 2805 1702 2828 caetera
1718 2802 1834 2827 animau-

1053 2847 1090 2874 tia
1099 2847 1162 2875 sola
1177 2847 1296 2882 pardalis
1314 2848 1383 2877 bene
1397 2849 1462 2883 olet,
1475 2851 1502 2876 et
1518 2847 1601 2882 hujus
1612 2845 1765 2874 animantis
1777 2843 1835 2872 odo-
