1897 3073
66 129 112 157 9l3

528 129 561 156 IN
582 129 766 158 EUSTATllll
784 130 1021 159 HEXAEMERON
1040 131 1157 160 NOT/E.

1625 135 1675 163 946

54 190 121 220 'rati.
137 193 162 216 et
176 189 291 216 aliorum
310 196 364 216 non
387 189 564 217 odoratorum
581 190 741 217 discrimen.
762 191 839 218 Tunc
854 194 876 222 Α
891 192 1002 220 animal.
1026 192 1073 219 lib.
1091 200 1129 224 vI,
1146 200 1206 228 cap.
1227 193 1281 221 ‘27:
1298 193 1409 221 Ferendt'
1428 195 1496 221 uteri
1513 199 1612 230 tempus
1629 197 1676 223 alii

67 235 132 263 enim
151 235 251 269 optime
274 234 416 269 quaestioni
438 235 659 270 responderetur,
683 235 732 262 Διὰ
745 236 772 262 τί
787 235 840 262 τῶν

69 281 111 316 μὲν
130 279 204 312 ζώων
221 280 297 306 οὐδὲν
323 280 420 312 εὐῶδές
436 281 510 307 ἐστιν
527 280 579 312 ἔξω
599 281 648 316 τῆς
673 281 840 317 παρδάλεως,

67 326 127 362 αὕτη
146 325 172 351 δὲ
185 326 232 352 καὶ
250 325 339 357 αὐτοῖς
360 327 414 357 τοῖς
431 325 550 361 θηρίοις;
569 326 621 352 etsi
636 325 842 360 Theophrastus

67 373 138 399 etiam
152 371 178 398 in
192 372 254 399 aliis
268 377 295 398 et
308 380 362 399 non
379 372 406 398 in
423 372 481 399 sola
500 372 603 407 pardali
616 372 727 399 odorem
746 380 843 400 conce-

68 419 117 446 dat.
129 418 202 444 Tunc
212 423 273 445 erat
287 419 402 446 ulterius
416 419 449 446 ab
462 419 522 453 ipso
543 419 745 453 explicandum,
759 426 844 454 quare

67 473 124 499 ergo
143 465 175 492 ab
190 465 355 493 animalibus
374 465 441 492 odor
461 465 504 492 hic
520 473 574 492 non
598 466 715 492 sentitur
733 465 760 491 in
783 465 843 492 aliis

68 511 113 539 nisi
135 511 161 537 in
180 511 238 538 sola
256 511 378 546 pardali?
400 511 499 538 Verum
519 511 583 538 dum
596 510 804 546 Theophrastus
819 517 845 538 et

68 557 217 585 Aristoteles
237 559 306 585 tanti
323 559 373 586 viri
398 558 536 592 proposita
560 558 720 593 quaestione,
742 558 795 585 alio
817 567 846 586 se

68 607 231 634 convertunt,
253 607 280 629 et
295 603 507 639 subterfugiunt,
524 604 584 638 quis
601 604 637 631 ita
663 604 750 631 audax
777 611 806 630 se
820 604 846 630 id

69 648 166 684 assequi
180 648 315 676 conﬁdet?
325 649 417 676 Potest
432 649 503 677 Deus
521 652 606 676 multa
621 649 721 681 moliri,
736 654 760 676 ct
773 650 847 677 varia

69 695 209 727 conﬁcere,
235 703 296 730 qua:
325 696 479 723 intellectus
508 695 645 723 humanus
667 703 721 722 non
747 697 847 730 capiet.

70 741 144 769 Multa
161 742 212 769 sibi
231 741 303 769 Deus
317 741 378 773 soli,
396 749 545 776 eorumque
557 742 739 776 cognitionem
761 750 849 770 reser-

70 789 143 815 vavit.
162 788 190 815 In
206 788 312 823 paucis,
331 788 357 815 in
377 787 508 819 minimis,
524 788 550 814 in
569 788 715 820 οὐτιδανοῖς
733 788 808 819 felix,
822 792 850 815 et

71 835 124 867 ejus
143 842 192 869 ope
203 835 240 861 ita
256 835 382 869 superbis
396 840 422 861 et
437 835 596 868 insolescis;
614 835 637 862 si
653 835 679 862 in
694 835 848 862 secretiori-

72 881 116 908 bus
135 882 222 915 potior
236 889 322 912 esses,
338 881 403 915 quid
424 881 550 908 iaceres?
571 881 644 908 Cave
662 884 710 908 tuo
728 881 847 916 ingenio,

72 925 122 953 tuis
140 925 244 953 viribus
268 926 381 953 metiare
402 924 502 958 Deum;
527 925 608 953 nimis
629 929 761 960 angustus
775 933 815 958 es,
833 933 849 952 o

72 971 220 999 homuncio.

103 1016 178 1050 lbid.,
194 1018 242 1044 lin.
254 1017 299 1045 29.
318 1017 344 1044 Ὀ
361 1017 395 1045 δὲ
415 1018 532 1052 πάνθηρ
546 1017 645 1052 φίλων.
664 1017 701 1045 De
719 1018 850 1053 panthera

74 1063 164 1090 similia
180 1063 262 1091 habet
286 1063 383 1091 Petrus
404 1063 563 1095 Damianus,
580 1064 626 1091 lib.
649 1072 680 1094 ll,
698 1064 778 1099 epist.
800 1064 849 1097 l8;

74 1107 179 1141 Plinius,
193 1109 240 1136 lib.
260 1117 319 1141 vui,
333 1117 392 1144 cap.
414 1110 455 1143 l7,
475 1109 608 1136 Panthera
633 1114 657 1136 et
673 1111 747 1144 tigris
761 1118 852 1136 macu-

76 1155 153 1182 larum
164 1156 292 1183 varietate
302 1164 380 1190 prope
391 1156 455 1183 solae
470 1157 612 1183 bestiarum
627 1161 787 1190 spectantur,
800 1164 852 1183 ca:-

77 1201 131 1228 tcris
143 1210 219 1233 unus,
236 1210 268 1228 ac
283 1211 346 1228 suus
368 1202 494 1236 cujusque
508 1202 607 1236 generis
629 1202 701 1228 color
717 1206 764 1228 est.
788 1201 852 1229 lude

77 1247 174 1282 tigrinae
189 1252 216 1274 et
231 1248 401 1282 pantherinm
417 1256 525 1280 mensae,
542 1251 569 1275 et
593 1247 684 1282 βάλιος
708 1247 851 1283 πανοήρων

76 1292 154 1328 δίκην.

107 1338 183 1368 lbid..
204 1339 253 1365 lin.
270 1338 314 1365 5i.
336 1338 389 1365 Καὶ
410 1337 465 1370 ἕως
479 1337 538 1372 μὲν
557 1338 593 1364 οὐ
612 1337 680 1372 χρὴ.
702 1336 852 1372 Oppianus,

78 1383 120 1411 lib.
135 1392 152 1411 ιι
174 1386 299 1418 Κυνηγ.,
314 1383 507 1418 pantherarum
523 1387 548 1410 et
564 1382 679 1409 aliorum
695 1382 852 1409 animalium

79 1436 196 1456 somnum
212 1433 239 1457 et
254 1429 379 1456 inertiam
404 1429 514 1460 cecinit,
530 1437 609 1463 quem
627 1429 700 1456 vide.

109 1473 184 1506 lbid.,
197 1475 245 1502 lin.
259 1475 303 1502 55.
325 1475 364 1501 Δι’
380 1472 418 1509 ἧς
432 1474 467 1501 τὰ
483 1474 570 1501 ἄλλα.
594 1474 659 1507 Quae
674 1474 800 1509 superius
821 1474 855 1501 de

863 863 885 890 B

892 248 990 266 annum
1005 245 1029 266 et
1041 247 1086 267 sea:
1098 248 1208 273 menses,
1223 241 1270 267 alii
1284 242 1424 268 triennium
1437 247 1574 274 statuunt;
1590 249 1616 270 et
1631 243 1678 270 bu-

890 287 935 321 jus
949 286 1109 314 differentias
1125 291 1150 314 et
1166 287 1368 314 incertitudinis
1382 295 1492 315 causam
1507 288 1591 321 addit,
1604 289 1676 323 (μιυύ

892 340 946 360 non
965 337 1054 367 pateat
1068 334 1165 360 coitus.
1184 333 1214 359 Et
1230 333 1276 360 lib.
1293 341 1319 365 v,
1337 341 1396 368 cap.
1413 333 1464 360 ηε
1481 333 1588 360 Uterum
1606 334 1678 360 bien-

893 380 936 406 nio
949 379 1035 413 gerit:
1050 379 1121 412 parit
1143 379 1260 413 singulos
1271 385 1281 405 :
1299 379 1439 413 uuiparum
1461 388 1572 414 namque
1590 385 1638 411 est,
1652 385 1679 407 et

894 424 955 450 libr.
975 431 1000 450 Iv
1016 423 1054 450 De
1065 428 1181 458 generat.
1198 423 1321 454 animal.,
1334 430 1393 457 cap.
1406 423 1511 456 ultimo,
1521 425 1590 451 idem
1607 425 1678 452 allir-

895 474 961 502 mat,
986 473 1013 497 et
1034 477 1144 497 causam
1164 469 1224 501 dat,
1239 470 1457 504 exsuperantiam
1472 471 1678 505 magnitudinis.

896 517 1011 548 Plinius,
1030 516 1092 543 libr.
1110 524 1171 548 vnn,
1191 523 1251 551 sap.
1276 516 1317 548 10,
1341 520 1487 551 utrumque
1506 516 1606 544 refert:
1626 517 1678 545 De-

896 569 950 588 cem
971 561 1047 587 annis
1062 565 1164 595 gestare
1179 561 1206 587 in
1222 565 1296 587 utero
1315 561 1406 595 uulgus
1419 561 1564 593 existimat,
1581 562 1679 590 Aristo-

897 608 959 635 teles
976 608 1091 639 biennio,
1114 616 1159 634 nec
1174 607 1287 641 amplius
1308 616 1386 642 quant
1401 609 1480 634 semel
1492 609 1606 643 gignere,
1622 609 1675 643 plu'

898 661 970 680 resue
986 661 1066 687 quam
1081 653 1210 687 singulas.
1228 652 1284 679 Hoc
1304 657 1394 681 tamen
1417 654 1543 682 videlicet
1563 655 1680 689 singulos

897 703 922 725 et
940 698 1018 725 semel
1040 706 1142 732 parere,
1166 705 1221 724 non
1239 705 1320 732 posse
1338 706 1371 725 ex
1395 698 1540 726 Aristotele
1564 698 1680 725 Plinium

900 744 1020 779 proﬁteri
1038 743 1168 779 Scaliger,
1189 744 1303 771 exercit.
1323 744 1386 776 205,
1407 745 1440 772 de
1465 745 1626 775 subtilitate,
1648 745 1681 772 ad

899 791 1067 823 Cardanum,
1093 791 1200 818 asserit.
1225 790 1279 818 Nec
1303 791 1424 818 additum
1450 798 1464 817 a
1494 791 1613 818 librariis
1637 791 1682 817 in-

902 838 994 865 sinuat
1013 845 1046 864 ex
1072 837 1176 868 Solino,
1200 844 1244 871 qui
1265 844 1342 864 more
1368 844 1418 864 suo
1442 837 1475 863 ad
1496 837 1608 863 verbum
1631 836 1682 864 hoc

900 882 971 909 idem
1001 882 1087 910 ﬁdelis
1111 885 1282 916 reposuerat,
1305 885 1333 909 et
1359 882 1464 909 ratione
1492 881 1518 908 id
1546 889 1606 909 esse
1634 881 1684 908 ial-

900 936 960 956 sum
976 928 1065 962 palam
1084 928 1222 955 ostendit:
1239 927 1310 954 Nam
1330 927 1353 953 si
1373 927 1441 954 binis
1462 927 1613 962 parentibus
1632 936 1685 954 uua

900 975 1014 1002 succedit
1043 974 1154 1007 soboles,
1181 982 1283 1001 necesse
1308 978 1346 1001 est
1368 973 1401 1000 ad
1431 973 1541 1000 nihilum
1568 973 1683 1000 tandem.

903 1021 963 1048 Non
985 1021 1067 1047 solum
1094 1029 1152 1047 vero
1170 1020 1229 1054 plus
1249 1020 1328 1047 semel
1349 1019 1429 1053 parit,
1449 1028 1536 1046 verum
1553 1025 1576 1046 et
1597 1024 1684 1054 ptum

901 1067 1024 1102 singulis,
1049 1067 1088 1094 uti
1114 1067 1274 1093 dicebamus.
1309 1066 1420 1093 Dicebat
1444 1066 1516 1093 enim
1547 1068 1684 1101 superius,

903 1112 994 1148 Neque
1024 1113 1140 1148 singulos
1173 1113 1251 1139 modo
1277 1120 1383 1146 parere,
1413 1114 1505 1147 quippe
1532 1117 1557 1139 et
1587 1117 1684 1144 ternos,

901 1164 926 1185 et
948 1163 1098 1193 quaternos.
1127 1162 1165 1185 tot
1193 1160 1261 1186 enim
1289 1158 1411 1185 comitari
1434 1159 1495 1185 cista
1520 1163 1590 1185 sunt.
1623 1157 1686 1185 Haec

903 1205 997 1231 ultima
1012 1204 1141 1238 Scaligeri
1156 1205 1239 1232 verba
1258 1205 1284 1231 iu
1300 1205 1424 1231 doctrina
1438 1203 1616 1239 Peripatetica
1629 1212 1684 1231 non

903 1251 970 1279 satis
981 1254 1037 1277 luta
1054 1258 1116 1278 esse
1133 1251 1268 1278 videntur.
1285 1251 1447 1285 Elephautes
1462 1251 1565 1278 scilicet
1588 1257 1640 1277 uno
1659 1255 1687 1277 et

903 1297 997 1324 eodem
1010 1301 1088 1331 partu
1102 1297 1192 1331 plures
1203 1297 1327 1332 gignere;
1340 1297 1390 1323 etsi
1401 1304 1454 1323 non
1467 1304 1509 1323 me
1523 1296 1590 1332 fugit
1601 1296 1687 1324 Ailia-

904 1351 980 1374 num,
995 1343 1042 1370 lib.
1059 1350 1117 1374 vut,
1129 1351 1190 1378 cap.
1202 1343 1247 1373 27,
1265 1343 1291 1369 id
1311 1343 1509 1377 quodammodo
1522 1343 1686 1374 insinuasse,

905 1392 996 1416 tamen
1014 1397 1045 1416 ex
1061 1389 1175 1416 aliorum
1192 1390 1327 1417 sententia
1345 1389 1371 1416 id
1386 1389 1530 1424 scripsisse
1550 1389 1617 1424 ipsis
1632 1397 1690 1417 ver-

904 1435 947 1462 bis
960 1435 1142 1462 clarissimum
1162 1439 1214 1462 est.
1229 1435 1358 1461 Τεκτεται
1375 1435 1473 1469 ἐλέφας
1492 1434 1563 1461 κατὰ
1578 1435 1626 1470 τὴν
1641 1444 1687 1462 κε-

907 1481 993 1516 φαλὴν
1007 1481 1142 1517 ὲκπηδῶν.
1159 1481 1196 1508 Τὸ
1209 1481 1237 1508 δὲ
1261 1481 1374 1516 μέγεθός
1391 1481 1448 1506 ἐστι
1465 1480 1512 1507 τοῦ
1531 1480 1689 1515 τικτομένου

79 1521 185 1556 pardali,
200 1523 260 1557 ejus
277 1521 360 1548 odore
386 1525 412 1548 et
429 1521 539 1548 solertia
555 1520 761 1555 explicavimus,
778 1520 854 1547 multi

907 1527 977 1553 κατὰ
993 1527 1111 1561 δέλφακα
1134 1526 1182 1562 τὴν
1205 1527 1345 1562 μεγίστην.
1373 1527 1430 1562 Mt;
1445 1526 1473 1552 δὲ
1499 1526 1582 1561 μητρὶ
1606 1525 1689 1552 πλείω

80 1568 210 1601 panthera:
227 1567 383 1598 ascribunt,
403 1567 445 1593 vel
464 1574 496 1594 eo
517 1567 605 1594 solum
629 1565 702 1601 quod
726 1566 856 1593 animalia

79 1614 257 1642 diversissima
276 1613 446 1641 confundunt
473 1617 500 1641 et
514 1613 640 1644 miscent,
654 1612 714 1640 ideo
730 1612 856 1639 lectorem

80 1660 110 1687 ad
138 1661 180 1688 illa
206 1660 381 1692 remittimus,
404 1667 437 1686 ne
461 1659 562 1686 iterum
586 1659 680 1686 eadem
710 1658 857 1692 repetendo

80 1705 178 1732 molesti
197 1706 293 1733 simus.
316 1705 364 1732 Hic
380 1713 523 1740 possemus
542 1704 624 1731 etiam
639 1703 773 1734 dubitare,
791 1711 858 1738 qua-

81 1757 137 1776 nam
151 1751 255 1777 ratione
278 1749 404 1776 animalia
425 1749 508 1776 odore
524 1749 716 1784 pantherarum
734 1748 859 1774 allician-

81 1799 130 1828 tur,
142 1801 170 1822 ut
183 1804 196 1823 a
213 1797 307 1823 multis
321 1795 478 1822 auctoribus
492 1795 622 1822 traditum
633 1799 685 1826 est,
698 1802 759 1821 cum
773 1793 860 1821 Theo—

81 1841 212 1876 phrastus,
235 1841 272 1868 De
287 1842 374 1869 causis
392 1841 508 1875 plantar.
529 1841 576 1867 lib.
597 1849 623 1874 ν,
645 1848 704 1875 cap.
725 1840 752 1871 5,
775 1839 858 1871 dicat,

82 1887 146 1914 inter
159 1889 238 1915 bruta
261 1888 373 1915 oumiuo
395 1888 438 1914 vel
463 1887 579 1918 nullum,
605 1887 646 1914 vel
670 1890 744 1913 certe
767 1893 860 1912 rarum

105 1935 219 1961 .lnodum
243 1942 304 1961 esse
325 1933 397 1968 quod
424 1932 535 1960 odorem
559 1937 748 1968 persequatur,
773 1940 861 1967 neque

83 1980 162 2014 gratia
175 1980 268 2007 odoris
283 1980 394 2012 sentire,
407 1987 494 2014 neque
514 1979 676 2014 dijudicare,
691 1979 862 2014 quandoqui-

83 2025 149 2057 dem,
164 2027 215 2054 etsi
234 2026 357 2061 quzedam
376 2026 518 2056 sentirent,
536 2033 631 2052 eorum
646 2029 737 2052 tamen
757 2028 861 2052 natura!

83 2071 226 2104 adversari,
240 2076 268 2099 et
279 2072 312 2099 de
326 2072 490 2099 insectorum
506 2079 604 2107 genere
616 2071 727 2102 dicitur,
741 2071 787 2105 qui
801 2071 861 2098 oleo

83 2116 252 2151 infestantur,
264 2118 370 2152 fugiunt
384 2118 456 2145 enim
475 2118 648 2145 vehementer
660 2117 720 2152 ejus
737 2117 860 2148 odorem,

84 2163 173 2197 paucis
187 2163 261 2191 hunc
276 2163 378 2190 nodum
396 2163 554 2198 expediam:
570 2162 640 2189 haud
660 2167 787 2190 constare
809 2162 859 2189 ho-

907 1572 1097 1606 ὲλεφαντίσκια
1111 1572 1216 1605 ἕπεται,
1237 1572 1329 1606 φασιν.
1352 1571 1385 1598 Ει
1403 1572 1508 1599 ratione
1522 1571 1689 1598 validissima

908 1616 1037 1652 Scaligeri
1055 1617 1081 1644 id
1102 1618 1236 1644 allirmare
1258 1618 1353 1644 saltent
1373 1617 1400 1643 iu
1419 1617 1562 1651 elephanto
1585 1617 1688 1648 Iudico,

906 1663 949 1689 vel
967 1662 1069 1690 invitus
1088 1667 1241 1697 cogeretur,
1258 1663 1332 1694 dum,
1351 1662 1398 1690 lib.
1426 1670 1482 1694 vui,
1503 1670 1563 1697 cap.
1578 1662 1620 1694 l7,
1641 1663 1689 1695 ait,

907 1715 955 1735 eos
977 1708 1136 1743 elephantos
1159 1709 1243 1736 semel
1260 1709 1287 1735 in
1307 1709 1359 1736 vita
1375 1708 1459 1735 coire.
1477 1707 1568 1740 ’Ἃπαξ
1582 1707 1647 1742 γοῦν
1661 1709 1690 1734 ὲν

907 1754 945 1789 τῷ
974 1753 1024 1789 βίῳ
1048 1753 1087 1789 τῷ
1112 1754 1234 1790 σφετέρῳ
1263 1753 1474 1790 μνημονεύουσιν
1510 1754 1689 1789 Ἀφροδίτης·

908 1800 1001 1835 ὅτανὴ
1029 1799 1123 1835 θήλεια
1140 1800 1262 1836 ὑπομένῃ
1287 1800 1334 1827 καὶ
1356 1800 1435 1835 αὐτή.
1459 1797 1525 1825 Εἶτα
1548 1798 1692 1834 ἐμπλήσας

908 1845 1022 1877 ἕκαστος
1045 1845 1094 1881 τὴν
1118 1845 1259 1880 σύννομον,
1275 1845 1305 1871 τὸ
1325 1844 1448 1872 ἐντεῦθεν
1462 1845 1508 1871 ἐπὶ
1524 1844 1627 1875 τούτοις
1642 1844 1692 1870 οὐκ

909 1886 978 1915 εἶδεν
1002 1889 1096 1925 αὐτήν.
1125 1889 1172 1917 Vel
1197 1890 1278 1925 igitur
1303 1897 1388 1925 genus
1415 1889 1466 1916 hoc
1487 1889 1691 1924 elephantorum

911 1934 1004 1969 plures
1022 1935 1138 1970 singulis
1158 1936 1291 1970 partubus
1315 1939 1457 1971 generant.
1483 1937 1523 1963 vel
1539 1943 1600 1963 eum
1621 1935 1692 1963 binis

912 1981 1071 2016 parentibus
1085 1989 1138 2008 una
1162 1981 1290 2009 succedet
1310 1981 1429 2012 soboles,
1444 1981 1552 2008 tandem
1570 1981 1603 2008 ad
1620 1980 1693 2008 nihi-

912 2027 967 2053 lum
983 2031 1056 2054 esset
1081 2027 1289 2055 deveniendum.
1313 2026 1365 2054 Sed
1389 2028 1503 2055 ulterius
1526 2027 1563 2054 ita
1579 2027 1694 2058 Plinius.

912 2072 959 2100 lib.
978 2081 1005 2104 ι,
1023 2080 1084 2107 cap.
1098 2074 1142 2105 53,
1159 2073 1282 2108 Singulos
1297 2074 1416 2109 gignunt,
1431 2073 1571 2108 elephanti,
1590 2073 1693 2106 cameli,

911 2119 985 2154 equi;
1000 2123 1028 2146 et
1044 2118 1169 2150 inferius,
1186 2118 1335 2159 Elephanti,
1347 2123 1374 2145 ut
1384 2119 1511 2150 diximus,
1525 2120 1631 2154 pariunt
1646 2119 1698 2146 sin-

912 2165 997 2200 gulos,
1014 2165 1194 2200 magnitudine
1212 2166 1287 2192 vituli
1308 2165 1456 2193 trimestris.
1481 2165 1537 2192 Nec
1552 2165 1608 2192 haec
1633 2172 1697 2192 scn—

85 2208 209 2242 minibus,
227 2218 262 2237 an
285 2209 396 2237 odorem
414 2209 543 2239 sentiant.
566 2209 681 2243 ejusque
703 2208 789 2243 gratia
804 2215 861 2235 rem
878 2201 900 2231 Π
914 2211 997 2238 tentia
1008 2211 1115 2238 videtur
1129 2211 1163 2238 ab
1177 2211 1348 2239 Aristotelica
1365 2211 1522 2238 dissentire.
1536 2210 1698 2238 Aristoteles

85 2253 218 2282 odoratam
236 2260 445 2291 persequantur,
463 2263 497 2282 an
512 2255 648 2290 appetitus
664 2258 769 2281 tantum
789 2253 862 2282 fera-

84 2303 126 2326 tur
152 2302 185 2328 ad
213 2303 303 2337 ipsum
332 2303 473 2337 pabulum,
503 2303 617 2337 ejusque
647 2309 730 2329 causa
759 2301 804 2328 sit.
831 2300 864 2327 Et

85 2349 204 2381 quamvis
226 2349 375 2376 animantia
391 2348 522 2376 oliactum
546 2348 614 2383 ipsis
633 2347 791 2374 hominibus
814 2346 864 2374 ob-

86 2393 184 2423 tineant
210 2396 427 2431 exquisitiorem,
446 2403 500 2423 non
523 2400 614 2423 tamen
639 2399 743 2423 certum
760 2398 803 2422 est
823 2394 865 2422 vel

86 2440 191 2468 odorem
209 2443 321 2474 sentire,
336 2442 377 2469 vel
394 2442 453 2476 ejus
467 2442 554 2476 gratia
567 2441 639 2468 duci.

88 2530 106 2558 s
119 2487 196 2520 lbid.,
213 2490 261 2517 lin.
283 2489 328 2517 Η.
347 2490 374 2516 Ὀ
390 2489 425 2516 δὲ
442 2489 553 2524 ἐλέφας
576 2490 680 2524 ἐγκυμ.
705 2488 818 2516 Plautus
838 2489 864 2515 in

108 2533 190 2558 ticho:

108 2533 190 2561 ticho:

151 2591 246 2627 ᾼιιάὶυί
259 2599 327 2626 sirpe
341 2592 418 2627 uulgo
435 2600 451 2618 a
467 2591 556 2618 multis
571 2591 663 2622 dicier,

153 2625 242 2662 S_olere
255 2625 419 2660 elephantum
440 2627 576 2662 gravidam
593 2630 727 2661 perpetuos
743 2625 830 2662 decem

153 2660 218 2689 Esse
232 2671 314 2690 annos
327 2671 336 2689 .'
348 2662 404 2696 ejus
419 2660 542 2689 eisemine
556 2661 612 2688 lucc
628 2666 697 2688 certo
712 2665 750 2688 est
772 2661 864 2696 fames.

88 2713 220 2748 Elianus,
238 2717 276 2744 De
297 2717 360 2744 hist.
380 2718 462 2744 anim.
483 2718 501 2744 l.
525 2725 561 2748 tv,
579 2724 640 2752 cap.
661 2717 691 2744 5i
710 2726 716 2744 :
737 2716 821 2743 Κύειν
839 2716 867 2742 δὲ

90 2762 252 2800 πυνθάνομαι
266 2765 312 2792 δύο
332 2765 400 2792 ὲτῶν
415 2765 461 2791 τὸν
484 2764 625 2799 ἐλέφαντα.
640 2765 670 2791 Οἱ
686 2764 713 2790 δὲ
729 2764 758 2790 οὺ
773 2763 866 2790 τοσοῦ-

89 2815 131 2833 τον
159 2810 260 2844 χρόνον,
289 2811 357 2837 ἀλλὰ
386 2810 573 2837 ὀκτωκαίδεκα.
602 2810 693 2845 μηνῶν
721 2809 868 2845 ὁμολογοῦ-

92 2860 140 2880 σιν.
159 2856 326 2890 Aristotelcs,
345 2865 377 2885 cx
403 2857 518 2884 aliorum
543 2857 689 2889 sententia,
708 2855 746 2883 De
773 2856 866 2883 histor.

914 2263 1041 2291 namque,
1056 2256 1090 2283 De
1103 2261 1219 2292 generat.
1237 2257 1347 2284 animal.
1362 2257 1408 2283 lib.
1424 2265 1459 2288 IV,
1471 2264 1530 2291 cap.
1543 2256 1560 2282 4
1575 2265 1581 2282 :
1598 2255 1698 2291 Πρῶτα

916 2301 963 2336 μὲν
972 2299 1018 2329 οὖν
1032 2301 1075 2328 διὰ
1088 2303 1114 2328 τί
1128 2302 1162 2329 τὰ
1178 2303 1227 2338 μὲν
1240 2303 1298 2329 ἔστι
1309 2302 1455 2333 πολυτόκα,
1464 2302 1497 2328 τὰ
1510 2301 1538 2328 δὲ
1554 2301 1696 2337 μονοτόκα,

913 2346 984 2373 τοῦτ’
999 2346 1031 2373 ἄν
1045 2355 1086 2378 τις
1099 2347 1199 2380 δόξειεν
1216 2347 1332 2381 εὐλόγως
1345 2346 1502 2382 θαυμάζειν.
1516 2347 1556 2373 Τὰ
1572 2345 1624 2382 γὰρ
1649 2347 1697 2381 μέ-

914 2403 994 2430 γιστα
1011 2394 1143 2430 μονοτὸκα
1157 2393 1209 2420 τῶν
1223 2393 1298 2427 ζώων
1315 2394 1398 2425 ἐστὶν,
1411 2391 1466 2420 οἷον
1482 2392 1590 2427 ἐλέφας,
1607 2392 1698 2427 κάμη-

914 2441 970 2473 λος,
986 2441 1077 2473 ἴππος,
1095 2441 1141 2467 καὶ
1157 2439 1191 2467 τὰ
1207 2439 1327 2475 μώνυχα.
1346 2439 1378 2466 Et
1397 2439 1459 2474 quia
1483 2438 1651 2473 probabilius
1672 2437 1699 2465 id

915 2487 1069 2519 videbatur,
1085 2486 1187 2521 majora
1205 2486 1343 2517 animalia,
1360 2493 1422 2512 cum
1441 2485 1501 2519 plus
1524 2483 1638 2512 seminis
1660 2484 1701 2511 ef-

916 2533 987 2561 ferre
1001 2537 1122 2568 possent,
1140 2532 1217 2566 plura
1234 2532 1315 2559 etiam
1337 2538 1478 2566 generare,
1496 2530 1575 2564 cujus
1590 2534 1700 2557 contra-

916 2578 987 2605 rium
1012 2578 1111 2605 mirum
1135 2581 1186 2605 est.
1203 2576 1359 2612 Respondet
1372 2577 1436 2604 huic
1460 2580 1623 2611 argumento
1633 2575 1702 2602 vati.

916 2624 1030 2651 dissima
1046 2624 1161 2655 ratione,
1176 2623 1349 2658 maximeque
1363 2623 1471 2655 idonea,
1487 2621 1700 2657 magnitudinem

917 2669 1021 2697 scilicet
1036 2676 1131 2696 eorum
1154 2668 1182 2694 id
1203 2668 1292 2695 facere
1310 2676 1344 2695 ne
1367 2668 1452 2695 multa
1474 2667 1601 2702 pariant;
1623 2666 1702 2693 cibus

917 2715 989 2744 enim
1016 2715 1044 2742 in
1070 2715 1104 2742 iis
1125 2715 1278 2742 absumitur
1293 2714 1320 2741 in
1344 2714 1470 2749 corporis
1488 2713 1701 2744 incrementum;

919 2761 1070 2789 minoribus
1094 2768 1158 2788 vero
1178 2765 1277 2788 natura
1302 2760 1436 2787 demendo
1450 2760 1484 2788 de
1505 2758 1702 2794 magnitudine,

919 2815 1019 2843 augere
1047 2806 1074 2834 in
1108 2810 1282 2834 excremento
1315 2805 1438 2834 seminali
1470 2804 1703 2840 exsuperantiam.

919 2855 1001 2890 idque
1017 2853 1158 2883 conﬁrmat
1172 2852 1224 2880 alia
1241 2852 1357 2886 ratione,
1372 2851 1496 2880 videlicet
1511 2852 1572 2886 plus
1593 2849 1705 2878 seminis
