1897 3073
190 110 242 138 93⁸1

880 106 1004 135 LEONIS
1024 107 1160 135 ALLATII

1782 106 1833 132 9(3

192 169 320 204 genitalis
341 176 413 199 esse,
441 167 512 203 quod
535 167 648 201 majoris
671 171 714 195 est
735 167 874 198 animalis,
896 167 986 194 minus
1001 169 1024 196 Α
1039 167 1105 193 liras
1123 167 1288 199 solitudines,
1305 171 1330 194 et
1344 168 1370 194 in
1386 160 1551 194 Mauritania
1563 176 1571 194 :
1583 167 1671 202 [ἀνωι-
1686 165 1758 192 Αἲιὴ
1773 174 1833 198 vves

193 218 282 242 autem
314 213 387 248 quod
409 213 522 240 minoris
547 219 660 240 necesse
677 216 729 240 est.
755 212 790 239 At
804 212 889 239 multa
913 211 981 238 elﬁci

193 265 276 294 parva
298 258 325 286 in
341 258 436 286 eodem
457 262 583 293 possunt,
603 259 687 285 mulla
705 266 803 294 magna
826 258 893 285 ellici
914 258 983 285 ἀίω-

193 303 245 332 eile
260 306 302 330 est
315 312 322 336 ;
341 303 525 332 mediocribus
542 312 604 332 vero
621 304 818 339 magnitudinis
833 304 952 331 medium
967 311 983 330 a

195 353 292 378 natura
307 349 400 376 datum
415 353 467 379 est.
485 349 554 382 Quid
570 350 653 384 igitur
667 350 695 377 in
710 349 836 377 doctrina
849 349 983 376 Aristote-

196 395 229 423 lis
244 394 363 422 clarius?
386 395 451 429 quid
473 395 598 423 certius?
621 395 784 430 Elephantes
808 399 921 430 propter
940 394 983 422 sui

194 440 318 474 corporis
332 441 441 473 molem,
458 441 649 476 ingentemque
665 441 891 476 magnitudinem,
907 441 983 476 plura

195 486 289 514 eodem
320 487 385 514 nixu
405 494 510 521 parere.
529 495 581 515 nec
608 492 733 522 possunt,
753 495 803 515 nec
822 488 939 520 debent;
961 487 984 514 si

194 532 250 560 vim
271 533 388 568 juraque
412 537 516 561 natura:
536 533 638 561 violare
664 542 719 561 non
733 534 860 561 velimus.
881 534 983 561 Contra

196 578 253 606 base
271 583 359 606 tamen
374 586 406 606 ex
422 579 481 614 ipso
505 579 661 612 Aristotele,
679 579 773 606 nescio
791 579 856 614 quid
871 579 983 606 dubium

197 624 243 652 illa
254 623 350 651 afferre
367 628 477 658 possent
491 633 497 652 :
513 624 550 653 ait
562 633 678 659 namque
688 635 694 652 :
706 625 775 652 Sunt
790 625 842 653 alia
857 625 983 659 unipara,

197 670 250 698 alia
268 671 425 706 paucipara,
448 672 501 698 alia
527 672 683 706 multipara,
698 676 725 699 et
743 679 840 706 magna
858 679 891 698 ex
910 674 986 706 parte

198 718 314 752 unipara
342 723 416 751 sunt,
441 727 502 754 quae
524 719 661 754 solipeda;
685 719 842 753 paucipara,
860 726 920 753 quae
944 718 987 745 bi-

198 763 292 794 iulca;
309 763 464 798 multipara,
480 771 540 799 qua-
554 764 697 795 multiﬁda,
722 764 769 791 sed
795 764 906 798 elephas
923 771 985 790 sen-

198 809 283 838 tentia
299 809 441 844 ipsiusmet
455 809 610 838 Aristotelis
627 810 789 837 multilidum
806 815 864 843 est;
889 814 916 837 et
937 810 984 836 lib.

198 861 217 881 ll
242 853 279 882 De
301 855 363 882 hist.
386 855 479 887 anim..,
500 863 561 890 cap.
587 855 613 887 Ι,
629 855 931 890 scribit,.ElepIzantum
946 855 983 882 di-
1003 853 1024 880 Β

198 902 267 938 gito:
286 910 392 929 numera
406 902 518 936 quinque
540 901 676 933 iudivisos,
703 903 842 936 leviterque
860 903 987 930 discretos

199 947 303 979 habere,
319 952 345 974 et
362 948 409 975 lib.
424 956 443 975 ιι
460 948 497 975 De
509 954 579 982 part.
596 949 690 980 anim.,
705 956 765 983 cap.
788 948 832 980 lli,
856 948 988 982 Elephan-

199 999 236 1023 διε
254 1003 304 1022 non
321 994 446 1027 bisulcas,
462 1003 514 1021 non
527 995 626 1022 solidos
642 995 718 1030 pedes
733 995 837 1025 habent.
856 995 901 1021 sed
920 995 988 1030 digi-

200 1045 277 1069 latos.
294 1041 410 1069 Necesse
423 1041 516 1076 itaque
530 1045 583 1072 est,
600 1048 648 1068 eos
665 1049 717 1068 non
733 1048 818 1068 unum
833 1041 879 1068 sed
897 1041 989 1075 plures

200 1095 255 1114 uno
276 1087 340 1114 nixu
358 1095 463 1122 parere.
485 1087 554 1114 Nolo
577 1086 622 1114 hic
637 1087 741 1115 diutius
757 1086 907 1114 immorari.
924 1085 989 1113 Pete

199 1141 294 1161 eorum
310 1133 473 1162 solutionem
488 1141 520 1161 ex
535 1133 648 1168 ipsemet
668 1133 812 1160 Aristotele
831 1133 891 1159 loco
906 1133 934 1160 d.
951 1132 988 1161 De

198 1187 286 1214 gener.
302 1180 385 1207 anim.
414 1179 571 1214 Magnitudo
584 1182 611 1206 et
626 1180 712 1206 moles
730 1179 855 1213 corporis
874 1179 907 1205 ad
925 1187 988 1213 par—

199 1228 257 1252 tum
280 1225 419 1256 conducit,
439 1233 492 1252 non
509 1226 606 1260 pedum
627 1225 736 1253 diversa
753 1233 862 1260 genera,
882 1229 909 1252 et
926 1230 989 1252 nota

199 1271 282 1299 verba
306 1271 362 1302 illa,
381 1271 481 1307 Magna
505 1280 538 1299 ea:
556 1277 647 1306 parte;
673 1279 727 1298 non
754 1272 827 1298 enim
853 1272 989 1299 sententia

200 1316 246 1345 illa
275 1318 422 1352 regulaque
437 1326 544 1353 semper
565 1325 639 1349 vera,
656 1317 706 1345 etsi
723 1317 886 1352 quandoque
902 1325 988 1353 oppo-

200 1362 295 1393 situm,
311 1363 351 1389 vel
371 1362 499 1398 Scaliger.
521 1363 563 1390 vel
580 1363 649 1390 alius
667 1363 760 1390 nescio
777 1363 849 1398 quis,
866 1362 934 1389 vidit
963 1367 990 1390 et

200 1408 380 1436 observavit:
399 1409 479 1436 habet
508 1413 598 1436 tamen
629 1417 707 1436 suum
737 1409 845 1444 pondus
872 1413 898 1436 et
933 1409 988 1436 vim

200 1454 374 1485 Aristotelica
391 1456 472 1487 ratio,
488 1463 538 1482 nec
552 1455 613 1483 ideo
634 1455 730 1482 falsam
755 1464 816 1484 esse
838 1455 990 1482 constitue—

201 1509 274 1531 mus.
291 1501 393 1530 Omnes
409 1503 480 1530 cnlm
498 1510 606 1537 semper
619 1502 757 1534 dixerunt,
778 1503 918 1529 mulierem
934 1509 988 1529 uno

201 1552 293 1583 partu,
312 1555 394 1574 unum
411 1551 516 1575 tantum
530 1555 643 1582 parere;
661 1548 723 1583 quis
738 1548 765 1575 id
779 1549 909 1583 negabit?
921 1548 987 1575 vidi-

201 1601 263 1622 mus
276 1594 455 1622 nihilominus
471 1594 620 1626 multoties,
631 1601 712 1620 unam
725 1594 819 1622 eodem
836 1599 914 1629 partu
931 1595 991 1629 plu-

202 1645 247 1668 res
265 1639 335 1667 ﬂlios
359 1641 497 1674 genuisse,
521 1643 549 1667 et
566 1640 618 1668 alia
641 1640 770 1667 animalia
794 1640 845 1667 etsi
870 1639 991 1674 solipeda

202 1688 279 1714 sunt.
296 1684 366 1718 Quid
392 1685 474 1713 inde?
487 1686 559 1721 quod
586 1686 613 1713 in
637 1689 736 1713 natura
751 1693 814 1712 raro
837 1685 947 1717 accidit,
963 1686 991 1712 in

203 1737 269 1762 uno,
284 1731 326 1758 vel
338 1732 365 1759 in
378 1731 553 1766 quibusdam,
568 1739 622 1758 non
641 1732 668 1758 in
683 1731 811 1759 omnibus
824 1734 851 1758 et
867 1738 989 1765 semper;

202 1776 408 1807 illirmabimus.
423 1777 578 1813 Gignuntur
592 1777 673 1805 etiam
690 1777 855 1812 quandoque
869 1781 990 1804 monstra

202 1827 230 1850 et
254 1823 389 1860 ἁλλοειδῆ.
418 1831 472 1851 non
499 1828 589 1851 tamen
616 1823 643 1851 id
672 1823 712 1852 uti
739 1823 878 1858 proprium
905 1822 991 1851 ascri-v

202 1869 309 1900 bemus.

238 1917 318 1948 lbid.,
336 1917 384 1944 lin.
402 1916 447 1944 45.
465 1916 558 1943 Ὅταν
574 1915 600 1942 δ’
614 1916 646 1949 ἐς
666 1915 788 1949 βόθρον.
809 1914 923 1946 Plinius,
942 1914 989 1941 lib.

203 1970 263 1994 νιιι,
278 1970 338 1999 cap.
356 1963 383 1993 8,
405 1961 498 1996 Africa
522 1962 602 1996 foveis
626 1961 707 1994 capit,
723 1962 749 1988 iu
770 1969 837 1995 quas
856 1960 992 1987 deerraute

204 2009 292 2044 aliquo
305 2009 425 2042 protinus
440 2008 527 2035 cwleri
545 2011 685 2042 congerunt
700 2015 799 2038 ramos,
814 2006 893 2033 moles
905 2005 991 2032 devol-

204 2058 279 2087 vunt,
300 2062 406 2089 aggeres
418 2057 583 2086 construunt,
594 2053 714 2088 onmique
725 2053 749 2079 vi
760 2057 890 2080 canuntur
902 2056 992 2078 extra.-

204 2101 275 2130 Ilere.
313 2100 389 2127 Alias
416 2099 541 2135 capiendi
572 2098 756 2133 domandique
780 2098 901 2125 rationes
931 2097 992 2124 vide

205 2146 276 2182 apud
292 2146 415 2174 enimdem
442 2145 553 2177 ibidem,
571 2149 598 2172 et
614 2145 786 2177 Strabonem,
804 2145 850 2173 lib.
873 2152 917 2171 xv.
936 2143 992 2170 Nec

1034 217 1058 238 et
1075 213 1253 248 Troglodytw,
1273 218 1301 240 ut
1318 212 1418 240 dictum
1437 218 1476 240 est
1491 221 1500 240 .'
1521 213 1566 240 sed
1583 213 1718 239 maximos
1736 210 1833 241 ludia,

1035 258 1212 294 bellantesque
1238 268 1297 286 cum
1327 261 1360 287 iis
1383 266 1507 294 perpetua
1535 259 1672 286 discordia
1697 259 1833 285 drannes

1035 309 1116 332 tanta:
1135 306 1334 341 magnitudinis,
1359 311 1387 332 ut
1408 312 1432 333 et
1456 307 1526 341 ipsos
1553 305 1730 339 circumflexu
1757 305 1834 338 [ιιίὶιὶ

1035 352 1163 382 ambiant,
1185 360 1301 386 nexuque
1314 353 1375 379 nodi
1389 353 1584 386 pra'slringanl.
1601 350 1792 378 Commorilur
1803 358 1833 376 ea

1034 397 1182 430 dimicatio,
1203 399 1336 434 rictusque
1353 407 1476 426 corruens
1491 398 1653 432 complexum
1668 397 1748 424 elidit
1763 404 1832 429 pon-

1034 444 1105 471 dere.
1130 444 1168 471 De
1183 444 1332 472 dramtnum
1347 449 1373 472 et
1388 445 1594 479 elephantorum
1611 451 1678 471 nece
1693 447 1723 470 et
1740 450 1833 477 pugna

1034 492 1237 527 elegantissime
1254 491 1331 519 Philo
1346 492 1416 526 Περὶ
1431 491 1600 526 ἀφθαρσίας
1621 491 1754 524 κόσμου.
1779 488 1833 515 Cu—

1033 538 1078 573 jus
1093 538 1174 565 verba
1184 538 1227 564 hic
1238 546 1291 564 non
1303 539 1436 573 gravabor
1446 539 1565 565 scribere
1575 548 1580 564 :
1590 537 1627 564 Τὸ
1634 536 1832 571 παραπλήσιον

1037 582 1128 618 μέντοι
1152 583 1277 614 καὶτοὺς
1293 583 1364 610 κατὰ
1380 583 1428 619 τὴν
1452 583 1564 618 Ἰνδικὴν
1585 581 1740 618 δράκοντάς
1765 589 1831 614 φασι

1035 628 1161 662 πάσχειν.
1180 629 1360 663 Ἀνέρποντας
1373 628 1427 663 γὰρ
1441 628 1488 654 ἐπὶ
1502 627 1535 654 τὰ
1547 627 1663 662 μέγιστα
1679 626 1760 658 ζώων
1777 626 1832 652 ἑλέ-

1036 682 1149 708 φαντας,
1167 675 1231 710 περὶ
1252 674 1286 700 τὰ
1299 674 1370 701 νῶτα
1384 675 1430 700 καὶ
1450 674 1531 708 νηδὺν
1553 674 1662 700 ἃπασαν
1678 673 1829 699 είλεῖςθαιο

1037 720 1123 755 φλέϐα
1139 721 1160 747 δ’
1174 721 1208 756 ἢν
1220 721 1252 747 ἂν
1265 721 1334 757 τύχῃ
1348 720 1481 752 διελόντας
1496 720 1620 755 ἐμπίνειν
1636 719 1684 745 τοῦ
1701 719 1830 753 αἷματκ,

1037 766 1184 802 ἀπλήστως
1202 767 1410 802 ὲπισπωμένους
1436 766 1515 801 βιαίῳ
1536 766 1673 800 πνεύματι
1698 765 1748 791 καὶ
1770 773 1830 790 σαν-

1040 812 1110 847 τόνῳ
1137 812 1228 848 ῥοίζῳ.
1249 813 1336 848 Μέχρι
1366 813 1414 847 μὲν
1443 810 1488 838 οὖν
1513 820 1585 843 τινος
1611 810 1831 844 ἐξαναλτιυμένης

1038 859 1157 890 ἐκείνους
1170 859 1292 895 ἀντέχειν
1304 859 1349 884 ὑπ’
1365 858 1518 893 ἀμηχανίας
1534 857 1774 892 ἀνασκιρτῶντας,
1786 855 1830 881 καὶ

1036 906 1069 940 τῇ
1099 905 1253 940 προνομαίᾳ.
1269 904 1317 940 τὴν
1335 904 1455 940 πλευρὰν
1476 903 1636 934 τύπτοντας,
1656 902 1695 933 ὡς
1721 901 1829 931 καθιζο-

1039 951 1137 986 μένους
1159 950 1214 976 τῶν
1237 950 1406 984 δρακόντων·
1430 947 1497 980 εἶτα,
1527 948 1570 974 ἀεὶ
1591 946 1760 981 κενουμένου
1786 945 1829 970 τοῦ

1038 996 1165 1029 ζωτικοῦ,
1188 996 1275 1031 πηδᾲν
1297 996 1344 1030 μὲν
1370 995 1467 1030 μηκέτι
1487 993 1627 1024 δύνασθαι,
1647 990 1830 1025 κραδαινομέ-

1038 1052 1098 1079 von;
1112 1044 1134 1070 δ’
1152 1043 1272 1070 ἑστάναι.
1291 1043 1395 1078 Μικρὸν
1410 1042 1430 1068 δ’
1445 1042 1558 1077 ὕστερον
1581 1040 1629 1065 καὶ
1655 1038 1710 1064 τῶν
1730 1036 1829 1063 σκελῶν

1038 1088 1283 1123 ὲξασθενησάντων,
1302 1087 1527 1117 κατασεισθέντας
1543 1084 1709 1119 ἁποᾴὺχειν.
1736 1082 1830 1108 [laedu-

1037 1144 1086 1166 τας
1104 1135 1132 1161 δὲ
1146 1136 1208 1166 τοὺς
1224 1134 1325 1165 αἰτίους
1344 1134 1389 1160 τοῦ
1415 1134 1528 1160 Θανάτου
1554 1130 1755 1158 συναπολλύναι
1773 1129 1818 1164 τρὸ

1039 1191 1081 1217 πῳ
1098 1181 1201 1216 τοιῷδε.
1225 1180 1328 1216 Μηκέτ¹
1343 1180 1450 1214 ἔχοντες
1462 1178 1565 1214 τροφὴν
1578 1177 1603 1202 οἱ
1625 1176 1786 1211 δράκοντες,
1802 1174 1828 1200 δν

1039 1226 1200 1262 περιέθεσαν
1215 1226 1314 1260 δεσμὸν
1328 1224 1510 1260 ἐπιχειροῦσιν
1526 1222 1644 1252 ἐκλύειν,
1670 1220 1828 1255 ἀπαλλαγὴν

1038 1273 1087 1308 ἤδη
1103 1272 1258 1304 ποθοῦντες.
1279 1271 1346 1298 Ὑπὸ
1369 1271 1397 1297 δὲ
1423 1270 1469 1297 τοῦ
1488 1270 1586 1305 βάρους
1605 1268 1660 1294 τῶν
1677 1267 1827 1300 ἐλεφάντων

1039 1319 1192 1354 θλιϐόμενοι
1211 1318 1360 1350 πιέζονται,
1380 1317 1427 1343 καὶ
1444 1316 1510 1343 πολὺ
1528 1315 1627 1350 μᾶλλον
1642 1313 1753 1340 ἐπειδὰν
1763 1311 1827 1346 τύχῃ

1040 1366 1175 1401 στέριφος,
1198 1365 1244 1391 καὶ
1257 1363 1367 1394 λιθῶδες
1383 1362 1489 1396 ἔδαφος.
1508 1359 1702 1394 Ὶλυσπώμενοι
1716 1358 1771 1392 γὰρ
1785 1357 1827 1382 καὶ

1039 1413 1128 1439 πάντα
1151 1410 1290 1441 ποιοῦντες
1307 1411 1346 1441 είς
1363 1408 1483 1436 διάλυσιν
1502 1407 1554 1434 ὑπὸ
1568 1407 1616 1442 τῆς
1636 1405 1684 1432 τοῦ
1705 1404 1826 1434 πεσόντος

1040 1458 1101 1494 βίας
1124 1457 1284 1493 πεδηϐέντες
1307 1456 1419 1486 tau-reb;
1442 1453 1617 1489 πολυτρόπως
1634 1453 1662 1477 ὲν
1677 1451 1826 1486 ἀμηχάνοις

1041 1505 1087 1532 καὶ
1099 1505 1210 1539 ἀπόροις
1220 1503 1405 1538 γυμνάσαντες
1415 1499 1597 1534 ἐξασθενοῦςι,
1607 1498 1736 1532 καθάπερ
1748 1498 1772 1523 oi
1781 1504 1825 1522 x1-

1041 1549 1243 1581 ταλευσθέντες,
1257 1549 1281 1575 οἳ
1293 1548 1398 1582 τείχους
1411 1546 1542 1581 αἰφνίδιον
1560 1543 1755 1578 ὑπενεχθέντος
1767 1550 1826 1576 προ-

1041 1595 1271 1631 καταληφθέντες,
1284 1595 1313 1621 οὐ
1332 1594 1353 1621 δ’
1367 1595 1427 1620 ὅσον
1441 1592 1577 1626 ἀνακύψαι
1589 1591 1735 1625 δυνάμενοι
1749 1589 1823 1622 πνιγῇ

1040 1642 1211 1669 τελευτῶσιν.
1230 1641 1317 1667 Aliam
1337 1640 1419 1674 hujus
1441 1646 1536 1673 pugna:
1563 1637 1696 1663 rati0uem
1714 1634 1824 1668 explicat

1041 1689 1179 1719 Eliauus.
1193 1687 1240 1714 lib.
1264 1695 1301 1718 vt,
1315 1694 1376 1721 cap.
1396 1684 1440 1716 ‘21,
1458 1692 1538 1719 quem
1554 1683 1625 1709 viae.
1651 1681 1787 1716 Attingam
1802 1684 1825 1705 et

1042 1735 1086 1761 hic
1110 1733 1240 1761 nonnulla
1256 1733 1289 1760 de
1311 1732 1456 1766 elephanto
1481 1737 1557 1757 more
1581 1736 1652 1759 meo,
1672 1727 1789 1753 breviter
1801 1730 1823 1751 et

1042 1779 1192 1810 succincte,
1209 1779 1235 1805 in
1255 1777 1355 1812 quibus
1370 1775 1524 1812 gravissimi
1544 1778 1673 1801 auctores
1702 1780 1755 1799 non
1767 1779 1824 1798 con-

1041 1826 1164 1854 veniunt.
1189 1824 1307 1854 Plinius,
1322 1823 1368 1849 lib.
1385 1830 1444 1855 \‘lll,
1460 1829 1519 1855 (-ap.
1541 1820 1583 1853 l0,
1604 1819 1765 1853 elephantos
1791 1817 1822 1843 ait

1042 1871 1198 1898 animalium
1212 1869 1329 1896 maxime
1342 1867 1433 1895 odisse
1446 1874 1560 1896 murem,
1570 1865 1607 1891 ita
1617 1869 1646 1890 ut
1662 1863 1787 1898 pabulum
1800 1862 1821 1887 in

1042 1916 1174 1952 praesepio
1184 1915 1301 1950 positum
1315 1913 1446 1945 fastidiat,
1459 1912 1480 1939 si
1493 1919 1507 1937 a
1520 1918 1595 1937 umre
1609 1914 1713 1936 tactum
1723 1915 1822 1940 cntnpe-

1042 1951 1119 1989 rerit.
1130 1961 1255 1990 [Elianus
1264 1960 1301 1987 De
1316 1960 1409 1986 histor.
1426 1956 1548 1987 auimal.,
1565 1955 1612 1982 lib.
1625 1963 1673 1985 vn,
1693 1951 1819 1988 capit.3l,

1042 2013 1069 2036 et
1080 2009 1128 2036 lib.
1147 2016 1202 2039 xw,
1218 2014 1278 2041 cap.
1293 2005 1337 2037 56,
1355 2012 1430 2032 suem
1445 2011 1496 2031 non
1516 2009 1620 2028 murem
1643 2001 1746 2029 odisse.
1761 1998 1820 2025 scti-

1042 2056 1092 2083 bit.
1113 2053 1145 2080 Et
1159 2052 1334 2084 Plutarchus,
1352 2050 1470 2081 Εἰκότως
1494 2049 1521 2074 δὲ
1538 2048 1584 2074 καὶ
1598 2046 1637 2082 τῷ
1651 2046 1737 2072 λέοντι
1762 2043 1819 2079 πρὸς

1041 2102 1086 2128 τὸν
1108 2099 1282 2135 ἀλεκτρυόνα,
1306 2098 1353 2126 καί
1365 2097 1403 2132 τῷ
1423 2096 1546 2130 ἐλέφαντι
1561 2094 1627 2129 πρὸς
1640 2093 1686 2119 τὸν
1702 2089 1733 2118 ὗν
1752 2093 1819 2127 piae;

1044 2146 1151 2181 ἰσχυρὸν
1164 2143 1352 2179 γεγενηκέναι,
1368 2141 1415 2168 καὶ
1432 2141 1476 2167 τὸν
1492 2139 1584 2175 φόϐον.
1600 2138 1750 2173 Gregorius
1765 2138 1818 2164 item

205 2194 382 2223 anenustum
396 2198 447 2224 est,
467 2198 517 2219 nec
537 2192 571 2218 ab
588 2191 696 2226 ingenio
711 2191 914 2226 elephantorum
926 2189 991 2216 alie—
1007 2197 1029 2226 ι)
1042 2192 1159 2223 Pisides,
1181 2190 1220 2217 De
1244 2189 1335 2216 mundi
1351 2187 1465 2222 opiﬁcio,

205 2247 283 2271 num,
293 2239 365 2274 quod
379 2243 474 2268 narrat
488 2238 614 2266 Elianus
631 2238 664 2265 de
679 2238 730 2266 his.
742 2238 788 2264 lib.
803 2245 850 2264 νιιι
875 2236 913 2264 De
927 2236 990 2263 hist.

205 2285 300 2318 anim.,
317 2292 377 2319 cap.
395 2285 438 2317 15,
456 2285 520 2312 dum
542 2285 631 2312 fossas
647 2284 785 2311 transilire
800 2291 854 2310 non
877 2286 991 2318 queunt.

206 2331 290 2359 Ὅταν
305 2330 455 2366 ὑπερϐῆναι
473 2331 576 2366 τάφρον
589 2330 613 2357 οἰ
634 2329 779 2364 ἐλέφαντες
794 2328 830 2365 μὴ
850 2328 991 2360 δύνωνται,

204 2374 246 2409 εἷς
263 2378 278 2406 ὁ
298 2377 426 2412 μέγιστος
449 2377 543 2403 ἑαυτὸν
559 2375 698 2411 ὲμὸάλλει,
715 2375 763 2401 καὶ
779 2374 893 2408 πλάγιος
917 2373 994 2399 ἴσταὲ

203 2432 259 2455 ται,
278 2425 325 2453 καὶ
336 2425 451 2459 γεφυροῖ
466 2423 496 2449 τὸ
513 2423 600 2454 κενὸν,
621 2423 668 2448 καὶ
688 2422 747 2448 κατ’
762 2420 843 2448 αὑτοῦ
859 2419 993 2454 βαίνοντες

203 2470 244 2501 εἰς
262 2469 292 2496 τὸ
308 2469 457 2505 ἀντιπέραν
474 2471 540 2501 ἴασι,
555 2469 602 2496 καὶ
616 2467 844 2503 ἀποδιδράσκουσι
863 2466 993 2501 πρότερον

205 2514 298 2552 μέντοι
326 2515 428 2541 ἐκεῖνον
449 2514 648 2545 ἀνασώσαντες.
679 2512 708 2538 Ὀ
732 2512 759 2538 δὲ
782 2513 831 2550 τῆς
858 2511 993 2546 σωτηρίας

203 2560 305 2595 τρόπος
317 2557 392 2592 οὗτός
406 2561 489 2590 ἐστιν.
511 2559 629 2589 ’Δνωθέν
646 2567 688 2590 τις
701 2557 746 2584 τὺν
762 2557 828 2586 πόδα
847 2557 991 2593 προτείνει,

205 2607 252 2634 καὶ
268 2606 365 2641 ἐκείνῳ
380 2606 495 2643 παρέχει
511 2607 560 2641 τὴν
577 2605 743 2641 προϐοσκίδα
766 2603 935 2640 περιπλέξαι.
962 2604 993 2629 υἱ

204 2652 234 2678 δὲ
255 2652 330 2681 ἄλλοι
355 2653 480 2689 φρύγανα
497 2651 676 2689 ἐμϐάλλουσιν
691 2652 720 2684 ἐξ
740 2651 805 2687 ὕλης
828 2650 940 2681 ἕκαστα,
957 2646 994 2676 ὧν

207 2697 354 2725 ἐπιϐαίνων
371 2699 512 2734 εἰλημένος
527 2700 589 2730 τοὺς
604 2698 696 2731 πόδας,
715 2698 787 2736 μάλα
802 2697 942 2733 ἐγκρατῶς
964 2705 993 2724 τε

208 2744 254 2773 καὶ
271 2743 391 2776 εὐλαϐῶς
407 2746 562 2772 ἀνασπᾶται
580 2746 676 2780 ῥᾷστα.

244 2788 325 2820 ιιήει..
346 2789 393 2816 lin.
413 2790 457 2816 47.
479 2790 506 2815 '0
530 2789 564 2815 δὲ
585 2788 703 2822 δράκων
724 2790 740 2815 ὀ
769 2788 853 2815 κατὰ.
878 2788 993 2819 Plinius,

209 2836 258 2866 lib.
273 2843 333 2870 vm,
347 2835 429 2872 capit.
444 2835 487 2869 ll,
501 2835 657 2871 Elephantes
673 2835 724 2869 fert
736 2835 836 2868 Africa,
853 2835 924 2863 ultra
934 2834 995 2867 Sur-

1096 2248 1150 2275 Kal
1165 2247 1225 2274 τῶν
1240 2245 1412 2281 ἐλεφάντων
1424 2242 1586 2281 ὲκφρὸοῦοςι
1603 2241 1636 2267 τὸ
1651 2239 1758 2281 sipara;

1098 2283 1136 2311 Τὰ
1147 2283 1235 2317 μικρὰ
1251 2275 1444 2316 γρίτλλίζοντα
1458 2275 1516 2305 τῶν
1529 2278 1637 2312 χοῲων
1645 2275 1756 2310 βρέφη.

1043 2330 1157 2364 Quidam
1169 2329 1286 2355 Plinium
1299 2327 1440 2362 deceptum
1454 2325 1538 2352 fuisse
1551 2323 1679 2350 allinitatc
1692 2329 1783 2348 vocum
1792 2318 1817 2347 ὗς

1043 2380 1069 2403 et
1089 2374 1141 2411 μῦς
1158 2377 1325 2402 asseverant.
1341 2372 1474 2399 Caeterum
1490 2370 1607 2401 Plinius,
1624 2369 1677 2396 sub
1699 2369 1750 2395 ﬁne
1765 2375 1816 2402 cap.

1043 2423 1069 2453 9,
1088 2420 1199 2448 eosdem
1224 2420 1336 2447 minimo
1350 2418 1408 2446 suis
1427 2417 1537 2445 slridori
1553 2415 1652 2442 terreri
1670 2414 1757 2447 dixit;
1772 2413 1817 2440 Ho-

1043 2476 1102 2498 rus,
1117 2467 1164 2494 lib.
1182 2474 1212 2499 ll,
1226 2474 1287 2500 cap.
1302 2465 1337 2492 85
1348 2468 1375 2491 et
1386 2464 1430 2495 86,
1444 2464 1555 2490 arietem
1571 2465 1598 2488 et
1610 2468 1686 2488 suem
1702 2461 1815 2491 horrere;

1044 2513 1187 2541 conﬁrmat
1203 2511 1338 2542 Elianus,
1365 2510 1412 2537 lib.
1430 2518 1438 2536 l
1459 2509 1494 2535 De
1515 2508 1576 2534 hist.
1596 2507 1668 2533 anim
1683 2527 1691 2539 ,
1707 2513 1764 2540 cap.
1779 2504 1814 2531 58.

1045 2561 1143 2595 Sicque
1158 2559 1295 2586 Romanos
1309 2557 1407 2593 Pyrrhi
1424 2556 1595 2591 Epirotarum
1611 2555 1684 2589 regis
1702 2554 1817 2588 elephan-

1045 2611 1087 2634 tos
1103 2606 1131 2632 in
1156 2605 1246 2640 fugam
1265 2605 1390 2635 vertisse,
1408 2607 1435 2629 et
1452 2601 1594 2629 victoriam
1616 2600 1752 2631 retulissa,
1766 2599 1816 2634 ’οῥ-

1045 2652 1125 2688 ρωδεῖ
1149 2653 1163 2678 ὁ
1186 2651 1285 2685 ἐλέφας
1309 2649 1446 2685 κεράστην
1464 2647 1549 2683 κριὸν,
1571 2646 1618 2673 καὶ
1642 2646 1735 2681 χοίρου
1752 2644 1814 2679 βοήν.

1045 2698 1122 2726 Οὕτω
1136 2697 1237 2727 τοίνυν.
1252 2697 1328 2731 φασὶ,
1348 2695 1395 2722 καὶ
1403 2695 1529 2729 Ῥωμαῖοι
1544 2693 1606 2724 τοὺς
1622 2693 1670 2718 σὺν
1684 2691 1777 2727 Πῠρρῳ
1784 2689 1815 2724 τῷ

1050 2741 1206 2779 Ἠπειρώτῃ
1217 2742 1363 2777 ἐτρέψαντο
1370 2740 1516 2774 ἐλέφαντας
1525 2747 1531 2753 ·
1549 2739 1594 2765 καὶ
1607 2738 1623 2773 ὴ
1637 2737 1700 2772 νίκη
1716 2737 1760 2762 σὺν
1770 2736 1815 2766 τοῖς

1050 2789 1196 2824 Ῥωμαίοις
1207 2787 1338 2823 λαμπρῶς
1353 2786 1469 2821 ἐγένετο.
1488 2785 1560 2812 idem
1576 2784 1692 2816 Plinius,
1709 2784 1753 2811 lib.
1765 2789 1813 2811 vm,

1047 2842 1106 2864 can.
1126 2833 1152 2864 5.
1173 2832 1276 2860 Pudore
1293 2838 1426 2861 nunquam
1443 2830 1494 2857 nisi
1508 2830 1534 2856 in
1552 2828 1641 2855 abdito
1656 2831 1756 2859 coeunt,
1768 2834 1813 2853 me
