1897 3073
237 123 284 150 155

883 121 1007 150 LEONIS
1025 121 1160 148 ALLATII

1799 118 1844 145 956

236 181 349 215 Jtlullalll
364 188 446 216 quam
462 181 538 209 lovis
555 183 736 218 appellarunt.
749 189 845 210 carnes
867 190 921 210 non
937 183 1019 210 attin-
1036 185 1053 212 Α
1070 187 1166 209 auctor
1185 186 1277 209 noster
1303 182 1398 210 scribit
1417 189 1496 208 nemo
1514 189 1568 208 non
1590 180 1676 211 γίάιει,
1696 187 1759 206 cum
1775 179 1843 205 illum

232 233 303 260 gere.
321 226 368 254 sed
381 227 491 254 herbam
504 228 528 254 ei
549 228 582 255 ad
597 229 700 255 victum
715 228 783 256 satis
797 236 868 256 esse.

267 271 346 304 lbid.,
372 273 420 300 lin.
451 273 496 301 33.
525 274 612 301 Ἐστι
628 274 663 300 δὲ
681 273 754 304 ζῶον
772 274 939 309 χαραδριός.
957 274 1018 302 Haec

232 318 367 346 Eustathii
386 325 450 348 ante
465 321 562 348 oculos
587 321 695 349 videtur
717 321 846 348 habuisse.
862 323 953 348 omnia
968 322 1018 350 Pe-

231 367 290 391 trus
304 364 462 396 Damianus,
473 365 537 392 dum
555 365 602 392 lib.
622 373 652 397 u,
670 366 750 400 epist.
767 366 811 399 i8,
825 367 858 393 de.
873 367 1018 394 charadrio

231 410 400 444 loqueretur.
418 410 506 445 Hujus
521 411 696 446 proprietatis
712 419 823 439 causam
835 412 923 439 reddit
933 412 1018 440 Theo-

230 456 375 491 phylactus
401 456 558 484 Simocatus
585 457 612 484 in
640 458 741 490 Quwst.
765 462 833 490 nat.,
860 459 1016 493 quaest.15.

230 510 292 538 pag.
309 502 353 530 18.
372 501 410 529 ita
426 507 540 530 vocatus
555 504 609 530 ἀπὸ
622 503 668 530 τοῦ
683 503 732 535 τὰς
750 503 888 539 χαράδρας
913 504 1016 539 διατρί-

230 546 305 578 ϐειν,
329 555 362 574 ex
385 546 538 575 Scholiaste
565 548 768 582 Aristophanis,
798 553 825 576 et
844 549 1015 580 Aristoteles,

231 592 278 619 lib.
297 600 335 622 lx.
351 600 411 627 cap.
428 593 472 624 il,
489 593 544 624 Τὰς
558 592 586 618 δὲ
601 594 721 628 οἰκήσεις
735 594 749 619 ὁ
762 593 810 629 μὲν
823 594 886 630 περὶ
899 594 949 626 τὰς
967 603 1016 630 χα-

231 638 341 674 ράδρας,
358 639 382 664 οε
405 638 433 664 δὲ
450 640 590 674 χηραμοίις
609 639 755 670 ποιοῦνται,
774 640 820 666 καὶ
835 640 946 676 πέτρας.
961 640 1017 668 οἷον

228 686 244 712 ὁ
256 684 420 719 καλούμενος
434 686 587 721 χαραδριός.
604 685 681 713 llunc
699 686 830 714 bitumine
847 688 938 714 necari
954 695 1017 714 tiar-

230 734 273 757 rat
287 730 420 759 Albanus.
440 732 486 758 lib.
503 739 539 762 v1,
559 731 597 758 De
613 732 706 759 histor.
723 733 846 763 animoL,
871 734 951 768 capit.
969 734 1015 762 46.

266 775 346 803 lbid..
360 785 386 811 p.
402 777 446 804 5i.
460 778 644 810 Λευκότατος
658 778 696 804 δι’
707 778 790 806 ὅλου.
808 779 976 814 Epiphanius
990 781 1016 807 in

231 820 392 856 Physiulogo
403 841 410 852 ,
428 830 488 856 cap.
503 823 548 853 25.
573 824 601 850 '0
619 824 776 858 φυσιολόγος
793 825 864 857 ἔλεξε
881 827 944 861 περὶ
956 826 1017 853 τού-

229 873 286 897 του,
311 867 351 892 ὃτι
372 867 431 892 ὅλον
449 867 543 894 λευκόν
556 869 624 900 ἐστι,
640 869 707 904 μηδὲ
723 870 790 901 ὅλως
804 870 932 905 μελανίαν
945 871 1014 906 ἕχον.

228 913 406 944 Aristoteles,
438 914 499 941 libr.
532 922 557 941 ιι
585 914 623 941 De
643 916 736 942 histor.
757 917 866 943 animal.
894 925 952 952 cap.
972 918 1015 948 11,

228 965 307 984 avent
339 958 407 984 banc
435 967 545 993 pravam
566 963 594 986 et
614 960 716 993 colore,
739 966 766 987 et
785 969 851 988 voce
870 963 917 993 ait,
934 967 1015 990 noctu

228 1011 369 1038 apparere,
394 1004 441 1031 diu
466 1005 607 1040 aulugcre.
639 1005 767 1034 Albertus
789 1015 851 1034 cum
874 1006 1016 1036 Eustatltio

227 1049 321 1081 sentit,
343 1053 369 1076 et
390 1050 479 1077 albam
497 1058 558 1078 esse
578 1055 663 1077 totam
679 1056 805 1079 testatur.

263 1094 320 1121 Ibid
336 1116 343 1128 ,
369 1095 419 1122 lin.
442 1095 476 1122 59
492 1105 498 1123 :
517 1097 609 1122 Ὅταν
634 1096 689 1131 γάρ
716 1105 819 1131 φασιν.
850 1098 1015 1133 Epiphanius

227 1140 301 1168 dicto
317 1142 392 1169 loro:
410 1143 464 1168 Kal.
483 1143 528 1169 ἐάν
541 1150 582 1173 τις
596 1144 695 1177 νοσῇ,ἡ
711 1142 788 1174 νόσος
797 1143 843 1170 τοῦ
861 1144 1013 1179 ἀνθρώπου,

226 1187 251 1212 εἰ
266 1186 338 1214 ἔστιν
351 1189 391 1218 εὶς
406 1187 529 1218 θάνατον,
547 1188 712 1223 ἀποστρέφει
737 1189 790 1214 ἀπὸ
812 1189 858 1215 τοῦ
875 1191 1015 1221 νοσοῦντος

225 1233 257 1259 τὸ
274 1232 417 1267 πρόσωπον
429 1233 509 1259 αὑτοῦ
526 1234 540 1259 ὁ
557 1233 711 1268 χαραδριὸς,
724 1233 770 1260 ἐὰν
787 1234 840 1269 δὲή
856 1234 932 1266 νόσος
947 1235 1015 1271 πρὸς

227 1277 300 1312 ζωήν
315 1279 398 1308 ἐστιν,
413 1278 530 1310 ἀτενίζει
543 1279 588 1305 τὸν
602 1279 729 1305 νοσοῦντα
742 1280 756 1305 ὁ
771 1280 924 1316 λαραδριὸς,
937 1281 984 1307 καὶ
1001 1282 1014 1307 ὁ

226 1323 312 1349 νοσῶν
336 1323 381 1349 τὸν
407 1324 496 1350 αὐτόν.
521 1324 579 1351 Non
609 1325 751 1352 dissimilia
777 1327 859 1352 refert
875 1327 1012 1357 Albertus.

229 1374 326 1396 auctor
349 1377 501 1405 auonymus
523 1370 624 1398 Psalm.
637 1378 774 1399 comment.
791 1373 886 1407 psalm.
904 1381 1013 1405 Lxxxnv,

229 1422 320 1446 versu,
337 1414 403 1442 Deus
415 1421 442 1442 tu
453 1424 590 1443 conversus
603 1418 745 1451 viviﬁcabis
756 1425 845 1450 nus,et
859 1419 904 1445 alii
920 1426 1012 1445 recen-

227 1461 321 1488 tiores.
351 1461 435 1496 Magis
459 1470 604 1490 commune
629 1467 718 1491 tamen
737 1469 779 1492 cst
804 1465 938 1491 charadrii
955 1472 1014 1499 pro-

228 1505 349 1540 spectum
365 1507 440 1541 regio
455 1507 550 1534 morbo
574 1508 761 1536 laborantibus
780 1509 1013 1543 prodesse./Elia-

228 1560 280 1579 nos
300 1552 346 1579 lib.
360 1559 426 1584 xvu,
445 1561 505 1587 cap.
523 1553 556 1579 15
569 1562 576 1579 ί
591 1553 745 1590 Χαραδριοῦ
765 1554 792 1580 δὲ
811 1552 844 1589 ἦν
860 1555 914 1590 ἄρα
929 1554 1013 1590 δῶρον

1027 1523 1048 1553 C

226 1597 313 1629 τοῦτο,
339 1597 368 1624 ὃν
384 1598 413 1624 οὐ
433 1599 471 1633 μὰ
488 1598 536 1624 Διὰ
552 1599 694 1633 ἀτιμάζειν
708 1599 789 1633 ἄξιον.
808 1601 858 1626 Ἢν
874 1601 949 1634 γοῦν,
964 1601 1027 1628 ὑπ-’

225 1643 406 1678 αναπλησοεὶς
418 1644 447 1670 τὸ
465 1644 544 1679 σῶμα
558 1645 662 1680 ῑκτέρῡυ
676 1654 728 1677 τις,
743 1644 801 1673 εἶτά
816 1647 840 1673 οἱ
861 1647 942 1682 δριμὺ
959 1649 1014 1675 ἐνο-

227 1689 295 1725 ρώῃ.
309 1690 322 1715 ὁ
336 1689 363 1716 δὲ
379 1690 537 1726 amoena.
555 1690 600 1716 καὶ
617 1691 687 1725 μάλα
701 1700 729 1717 τε
745 1692 900 1727 ἀτρέπτωρ,
918 1692 1012 1729 ὥσπερ

225 1732 271 1761 οὖν
291 1734 532 1770 ἀντιουμούμενος,
546 1737 562 1770 ή
578 1736 687 1772 τοιαύτη
704 1737 849 1772 ἀνάδλεψις
869 1739 940 1764 ἰᾶται
964 1738 1011 1765 τοῦ

225 1780 424 1816 προειρημένου
439 1780 540 1810 πάθους
554 1781 599 1807 τὸν
612 1781 763 1817 ἄνθρωπον.

262 1824 341 1857 lbid.,
359 1826 406 1852 lin.
419 1826 464 1853 45.
486 1825 556 1852 ’0δὲ
566 1828 734 1861 μονόλιερως
750 1827 831 1857 ζῶον.
845 1828 942 1857 Petrus
960 1829 1012 1856 Da-

226 1872 345 1904 mianus,
358 1873 404 1900 lib.
419 1882 450 1905 ll,
465 1882 508 1908 ep.
525 1875 574 1902 l8:
588 1875 654 1907 Quis
666 1874 733 1902 hanc
747 1875 935 1910 ingenuitatem
950 1878 1010 1904 uni-

225 1921 300 1946 corni
316 1919 436 1951 contulit,
455 1924 484 1946 ut
501 1920 655 1955 dedignetur
679 1920 778 1947 uiribus
803 1922 882 1954 uinci,
899 1923 1009 1949 humili-

226 1965 290 1991 tatis
302 1969 359 1991 arte
375 1965 493 1998 patiatur
510 1973 537 1992 se
554 1965 633 1999 facile
649 1967 790 2000 superari?
808 1976 943 2002 nunquam
960 1970 1010 1996 sci-

226 2009 286 2036 licet
315 2019 331 2037 a
348 2010 514 2038 venatoribus
540 2011 654 2045 capitur.
672 2013 724 2039 nisi
750 2013 823 2047 prius
851 2014 877 2040 in
902 2015 1009 2049 virginis

225 2056 323 2090 gremio
338 2057 487 2084 reclinetur.
499 2057 641 2085 Cardanus
654 2065 826 2086 monocerota
840 2068 902 2087 cum
917 2061 1009 2088 rhino-

225 2105 316 2129 cerote
336 2102 494 2130 conludisse
517 2104 725 2138 reprehenditur
738 2112 754 2132 a
772 2105 844 2133 Julio
857 2105 1006 2142 Scaligero.

225 2155 318 2175 exerc.
336 2148 398 2176 205.
415 2148 467 2176 Alii
484 2157 593 2184 orygem
608 2153 690 2184 atque
714 2156 914 2180 monoceroteni
935 2162 1009 2180 eum-

224 2192 286 2219 dem
304 2199 365 2220 esse
380 2194 502 2220 arbitrati
523 2198 596 2221 sunt.
611 2193 696 2230 llujus
714 2196 884 2224 confusionis
899 2197 943 2224 illa
961 2197 1011 2224 luit
1028 2200 1048 2226 Β

224 2238 311 2272 origo,
324 2238 396 2272 quod
413 2239 541 2274 pleraque
556 2239 683 2266 animalia
704 2241 784 2268 unico
802 2245 907 2268 tantum
923 2250 1009 2270 cornu

224 2283 429 2314 decorarentur.
451 2288 532 2318 atque
560 2289 744 2312 armarentur.
768 2286 859 2318 Quare
884 2288 1008 2314 nonnulli

224 2333 325 2363 septem
347 2330 504 2357 animalium
525 2338 624 2366 genera
639 2331 720 2358 unico
735 2339 820 2358 cornu
844 2333 1010 2360 adnotarunt

224 2375 251 2401 in
268 2374 366 2402 Plinio.
378 2375 499 2410 Scaliger
514 2375 573 2402 loco
589 2375 616 2402 d.
630 2384 661 2403 ex
675 2377 798 2410 corporis
814 2377 900 2404 forma
917 2378 1008 2406 diver-

224 2421 364 2448 sissimum
378 2429 440 2448 esse
450 2421 620 2448 rhinocerota
630 2430 643 2447 a
651 2427 823 2450 nionocerote
831 2423 1008 2452 demonstrat.

223 2466 327 2494 Plinius
343 2466 392 2497 ita.
406 2467 546 2501 graphice,
559 2467 673 2498 lih.vm,
687 2475 748 2502 cap.
763 2468 795 2494 2|
809 2478 815 2494 :
827 2469 1008 2503 Asperrimam

223 2516 309 2538 autem
330 2511 414 2546 [eram
426 2517 616 2539 monoccrolcm
631 2513 729 2547 reliquo
740 2521 846 2547 corpore
862 2523 926 2549 equo
938 2516 1008 2542 sinti-

223 2558 284 2589 lem,
308 2559 392 2592 capite
419 2566 503 2590 cervo.
524 2559 631 2593 pedibus
644 2559 792 2593 elephanta,
819 2560 904 2588 cauda
930 2569 1004 2595 apro,

222 2604 321 2638 mugitu
345 2606 428 2640 gravi,
442 2614 494 2632 uno
513 2614 595 2632 cornu
616 2607 690 2640 nigro
706 2606 791 2632 media
807 2606 892 2641 fronte
905 2607 1006 2633 cubito-

222 2657 279 2674 rum
297 2649 383 2676 decem
396 2650 533 2678 eminente.
548 2650 623 2677 "anc
639 2651 722 2685 [eram
734 2651 816 2678 vivam
833 2657 926 2686 negant
937 2653 1005 2687 capi.

223 2693 286 2720 Item
300 2694 419 2726 Solinus,
435 2703 494 2730 cap.
511 2696 564 2728 55;
582 2696 782 2724 Vartomannus
798 2705 830 2724 ex
847 2697 1003 2732 Scaligem:

226 2739 398 2768 Unicornibus
428 2742 486 2776 equi
512 2742 675 2777 magnitudo.
703 2751 791 2773 crura,
815 2743 901 2777 pedes,
927 2748 1006 2778 caput

224 2785 354 2818 rcrri.pili
369 2786 441 2813 color
455 2787 550 2818 balius,
564 2788 622 2822 equi
633 2788 699 2822 juba
711 2789 809 2820 rarior,
825 2788 925 2815 brevior
934 2797 1006 2816 conc

224 2829 338 2863 villosa,
356 2835 408 2859 etc.
425 2832 509 2865 Quem
535 2834 651 2862 maxime
672 2834 779 2862 diderre
802 2834 836 2862 ab
851 2835 902 2862 hoc
923 2843 1005 2870 quem

1069 236 1192 263 parvum,
1201 228 1268 254 haedi
1285 228 1579 263 magnitudine,eximia
1592 227 1756 262 penticitate
1767 230 1792 252 et
1803 233 1845 251 ve-

1067 274 1214 307 hementia,
1229 281 1315 302 cornu
1335 274 1361 301 in
1377 274 1533 301 summitate
1556 273 1654 308 capitis
1669 272 1764 304 unico,
1779 271 1845 298 dicat

1067 328 1137 348 esse.

1101 365 1181 397 lbid.,
1193 366 1241 392 lin.
1258 365 1302 392 46.
1321 366 1497 400 Δριμύτατον
1507 364 1633 399 σφόδρα.
1645 363 1724 390 Phile
1737 362 1765 389 in
1781 361 1845 388 Iam-

1067 411 1124 442 bis,
1145 411 1179 438 ad
1207 418 1323 446 pugnam
1351 410 1602 445 promptitudinem,
1633 417 1666 436 e1
1693 408 1845 435 vulneribus

1067 458 1127 484 aliis
1141 457 1325 484 animantibus
1341 457 1472 492 pericula,
1485 463 1570 483 cornu
1595 455 1677 489 quale
1697 454 1745 483 sit.
1764 454 1844 488 ipsum

1066 504 1176 535 animal,
1193 503 1328 538 quomodo
1353 506 1526 529 mansuescat
1552 501 1645 528 multis
1664 499 1843 534 prosequitur.

1065 549 1150 584 Negat
1167 554 1256 576 tamen
1273 548 1472 576 Vartomannus
1489 549 1605 575 ferocem
1619 554 1694 574 esse.

1103 595 1182 627 lbid.,
1194 596 1241 622 lin.
1253 595 1298 622 Si.
1314 595 1399 621 ’Ἐστι
1411 593 1444 620 δὲ
1455 593 1526 624 ζῶον
1545 593 1744 626 statuatier.
1758 589 1846 616 Petrus

1066 640 1213 668 Damianus
1231 641 1292 667 libr.
1308 642 1343 671 'u,
1359 640 1438 674 epist.
1450 647 1515 666 xvnl
1532 639 1565 666 ad
1580 637 1755 666 Desiderium
1769 636 1845 662 abba-

1067 689 1131 717 tem,
1150 685 1246 712 Castor
1267 685 1354 720 itaque
1375 693 1434 711 cum
1448 693 1475 711 se
1491 684 1557 710 videt
1578 692 1594 710 ιι
1613 687 1738 710 senatore
1751 686 1847 715 propter

1065 731 1192 766 genitalia
1209 732 1338 766 persequi,
1355 731 1410 757 hau:
1430 731 1562 757 mordicus
1587 729 1733 758 abscindit.
1749 733 1773 755 et
1795 733 1849 753 ante

1066 778 1197 804 venatoris
1223 777 1316 808 faciem
1343 777 1458 811 projit'it.
1477 776 1522 803 Sic
1537 776 1606 802 illico
1622 780 1732 802 venator
1746 774 1846 802 accedit.

1067 822 1129 848 dum
1144 822 1170 849 id
1186 827 1292 856 propter
1302 821 1370 856 quod
1385 829 1443 848 eum
1460 820 1660 855 persequebatur
1677 820 1798 846 extorsit.
1821 819 1847 845 Si

1067 876 1126 894 vero
1152 868 1300 902 contigerit.
1321 873 1349 894 ut
1375 867 1442 894 alter
1464 875 1522 894 eum
1544 875 1637 892 cursus
1662 870 1772 892 uenator
1789 865 1848 890 inre-

1067 913 1133 943 niat,
1154 920 1262 947 cumque
1287 913 1374 939 acrius
1399 917 1423 938 et
1440 913 1582 939 instantius
1601 919 1771 945 persequens,
1792 918 1848 936 eva-

1066 956 1144 983 dendi
1166 957 1268 983 aditum
1283 957 1398 990 jamjatn
1415 957 1551 990 desperare
1575 956 1729 990 cionpellat,
1743 956 1769 981 in
1782 959 1848 981 arcto

1066 1004 1132 1031 situs
1152 1004 1180 1030 in
1200 1012 1228 1030 os
1245 1012 1272 1030 se
1286 1004 1417 1030 venatoris
1434 1004 1508 1038 erigit
1534 1003 1633 1037 sibique
1649 1002 1741 1028 deesse
1758 1001 1847 1031 virilia,

1065 1055 1170 1084 propter
1182 1058 1240 1085 qua:
1267 1056 1430 1085 perurgetur,
1454 1050 1576 1076 ostendit.
1598 1049 1644 1076 Sic
1671 1048 1706 1074 ab
1722 1048 1847 1074 insectan-

1066 1100 1099 1122 tts
1115 1096 1241 1122 venabulo
1264 1096 1391 1122 liberaiur
1403 1095 1465 1121 dum
1485 1094 1596 1121 ostendit
1608 1094 1658 1120 sibi
1683 1093 1771 1120 deesse
1787 1093 1848 1127 quod

1065 1142 1201 1176 quarritur.
1231 1141 1348 1172 Plinius,
1378 1141 1424 1168 lib.
1443 1148 1502 1171 vn,
1528 1148 1587 1174 cap.
1604 1140 1650 1170 5d,
1671 1139 1782 1165 Animal
1797 1139 1849 1164 har-

1065 1187 1139 1214 rcndi
1155 1197 1268 1220 morsus,
1291 1188 1397 1215 arbores
1409 1187 1493 1222 juxta
1507 1187 1658 1222 ﬂuminum
1672 1187 1751 1221 femi
1766 1186 1847 1213 (mill.

1067 1233 1188 1261 "ominis
1215 1240 1290 1268 parte
1316 1235 1499 1268 comprehensa
1528 1243 1579 1261 non
1603 1239 1746 1268 antequam
1768 1233 1847 1267 fracta

1065 1283 1262 1314 concrepuerint
1278 1289 1350 1311 ossa.
1369 1289 1471 1308 morsus
1497 1281 1610 1308 resolvit.
1625 1280 1715 1315 llujns
1740 1281 1766 1306 in
1789 1288 1846 1314 pru-

1065 1327 1219 1355 sternendis
1234 1328 1376 1354 arboribus
1389 1327 1525 1354 solertiam
1543 1331 1570 1353 et
1592 1334 1706 1360 scopum
1730 1326 1765 1352 ab
1787 1333 1847 1351 ocu-

1065 1373 1120 1400 lata
1137 1377 1206 1400 teste
1218 1373 1269 1400 sibi
1291 1373 1406 1400 relatum
1424 1373 1506 1399 tradit
1521 1372 1664 1400 Conradus
1677 1371 1847 1398 Rittlu-rshu-

1065 1419 1133 1450 sius.
1157 1419 1307 1445 Comment.
1323 1420 1349 1445 in
1365 1419 1412 1445 lib.
1434 1427 1441 1445 l
1461 1419 1587 1446 ”Α.1ιευτ.
1603 1418 1729 1452 Oppiani.
1753 1416 1845 1443 Hiram

1063 1465 1208 1498 pra’dt’canl
1222 1473 1277 1491 esse
1294 1464 1371 1497 hujus
1388 1464 1504 1491 bestiola:
1517 1464 1665 1493 solertiam,
1682 1471 1735 1498 qua
1751 1463 1777 1489 in
1793 1470 1846 1496 pra-

1064 1510 1210 1536 sternendis
1233 1510 1371 1537 arboribus
1398 1515 1499 1537 utatur.
1520 1511 1628 1543 Quoties
1651 1509 1773 1536 dentibus
1796 1509 1846 1535 slis

1067 1555 1146 1581 ictum
1164 1555 1262 1589 inﬂixit
1288 1555 1386 1584 arbori.
1403 1556 1479 1582 toties
1500 1555 1531 1581 ab
1547 1554 1637 1582 eadem
1652 1555 1796 1589 procurrit.
1813 1555 1846 1581 τί·

1066 1607 1124 1626 sum
1139 1608 1172 1626 an
1189 1605 1271 1632 nutet,
1298 1609 1332 1626 an
1358 1600 1463 1626 ruinam
1485 1601 1609 1628 mittetur,
1633 1608 1664 1626 ne
1680 1599 1749 1631 forte
1766 1599 1798 1625 ab
1818 1607 1845 1625 ea

1066 1649 1245 1678 opprimatur;
1256 1645 1299 1671 ubi
1310 1645 1376 1672 nihil
1389 1645 1499 1680 periculi
1507 1653 1562 1672 essc
1574 1646 1653 1672 uidet.
1663 1645 1759 1672 arbore
1767 1644 1846 1670 adhuc

1065 1690 1144 1723 ﬁrma
1164 1690 1270 1725 plagam
1293 1691 1394 1724 repetit,
1418 1690 1480 1716 dum
1508 1699 1539 1717 ea
1562 1690 1667 1717 tandem
1684 1690 1844 1723 prolabatur.

1065 1734 1120 1762 Cur
1137 1741 1224 1762 autent
1241 1736 1345 1762 arbores
1360 1735 1438 1762 cwdit
1453 1744 1484 1762 ac
1497 1737 1620 1770 proruit?
1641 1737 1766 1762 nimirum
1783 1735 1844 1764 ideo.

1065 1788 1092 1808 ut
1108 1782 1135 1808 in
1153 1790 1236 1817 aquas
1264 1782 1405 1816 prolapsw,
1426 1782 1498 1816 [aliis
1515 1787 1539 1809 et
1558 1782 1640 1808 ramis
1653 1782 1716 1809 [into
1733 1782 1844 1808 obductis

1063 1828 1146 1861 pisces
1168 1828 1299 1864 alliciant,
1327 1836 1390 1862 quos
1412 1828 1500 1863 capiat
1516 1836 1546 1854 ac
1568 1827 1672 1854 deraret
1695 1827 1770 1861 ﬁber.
1789 1827 1846 1853 (lar

1064 1874 1164 1900 anticus
1178 1873 1285 1908 quidam
1297 1878 1432 1907 paternus,
1449 1875 1494 1909 qui
1509 1874 1565 1906 eius
1581 1875 1617 1900 rei
1631 1874 1770 1908 αὐτόπτης
1789 1874 1844 1907 fuit,

1064 1919 1207 1954 aliquando
1234 1919 1296 1946 mihi
1324 1920 1424 1946 retulit.
1455 1919 1625 1947 Mansuetum
1655 1927 1717 1946 esse
1743 1924 1846 1946 castora

1063 1970 1158 1992 contra
1189 1966 1344 1993 Cardanum
1382 1971 1462 2000 negat
1495 1965 1626 2000 Scaliger,
1660 1973 1754 1993 exere.
1785 1965 1845 1996 2H.

1063 2019 1137 2038 num.
1154 2011 1180 2038 6.

1098 2057 1177 2088 ll:id.,
1193 2057 1240 2084 lin.
1255 2057 1299 2084 52.
1321 2057 1498 2091 Χρησιμεύει
1516 2057 1550 2083 δὲ
1569 2058 1605 2084 τὰ
1620 2057 1729 2085 αἰδοῖα.
1750 2057 1845 2084 Eorum

1063 2103 1089 2130 in
1106 2103 1246 2130 medicinis
1260 2111 1338 2130 usum
1355 2103 1438 2130 habes
1453 2103 1523 2138 apud
1540 2102 1669 2135 Plinium,
1694 2103 1743 2130 lib.
1762 2110 1846 2133 um,

1061 2148 1143 2183 capit.
1161 2148 1188 2180 5,
1204 2152 1230 2176 et
1245 2148 1314 2175 alios
1328 2147 1458 2175 medicos.

1097 2193 1177 2225 Ibid.,
1204 2194 1252 2220 lin.
1277 2194 1321 2220 55.
1345 2194 1527 2228 Διωκόμενον
1548 2191 1614 2220 οὖν.
1633 2192 1661 2219 Si
1686 2193 1799 2227 quando
1821 2194 1845 2219 in

1062 2240 1182 2274 periculo
1197 2243 1272 2271 sunt,
1298 2239 1506 2273 insequentibus
1524 2239 1639 2266 canibus
1661 2242 1689 2265 et
1709 2238 1845 2265 venatori-

1060 2287 1121 2316 bus,
1138 2293 1285 2321 praamorsa
1302 2285 1352 2312 sibi
1368 2293 1417 2312 sua
1433 2285 1560 2320 genitalia
1574 2285 1799 2320 abjicere,atque
1813 2286 1844 2311 ita

1060 2331 1184 2364 eradere,
1201 2339 1216 2358 a
1240 2331 1363 2366 pluribus
1387 2331 1567 2365 scriptoribus
1594 2330 1734 2358 memoria:
1758 2331 1846 2365 prodi-

1060 2381 1116 2404 tum
1132 2381 1184 2408 est.
1205 2384 1288 2411 seque
1306 2384 1338 2404 ea
1354 2381 1430 2411 parte
1445 2377 1568 2412 corporis
1585 2377 1720 2404 redimere
1736 2383 1845 2412 propter

1059 2430 1141 2457 quant
1165 2422 1284 2449 maxime
1298 2425 1473 2457 expetuntur.
1492 2421 1581 2449 Horus
1599 2423 1644 2450 lib.
1665 2431 1696 2454 ll,
1713 2430 1777 2456 cap.
1793 2422 1842 2449 ($5:

1065 2468 1183 2498 Ἐκεῖνος
1210 2466 1263 2502 γὰρ
1287 2467 1520 2502 καταδιωκὸμενος
1542 2468 1581 2499 εἰς
1609 2467 1658 2502 τὴν
1679 2468 1770 2502 ἄγραν
1786 2468 1844 2498 τοὺς

1059 2514 1140 2545 ἰδίους
1162 2512 1289 2548 διδύμους
1311 2513 1443 2539 ἀποσπῶν
1466 2513 1566 2548 ῥίπτει.
1589 2512 1695 2540 Plinius
1716 2514 1765 2540 lib.
1786 2520 1843 2543 vm,

1058 2568 1119 2593 cap.
1141 2559 1196 2586 50:
1215 2558 1327 2585 Easdem
1345 2563 1433 2593 partes
1452 2559 1502 2585 sibi
1521 2559 1571 2593 ipsi
1586 2558 1693 2585 Pontici
1708 2564 1843 2592 amputant

1058 2606 1118 2640 ﬁbri
1131 2605 1245 2639 periculo
1258 2610 1374 2640 urgente,
1396 2605 1427 2632 ob
1442 2605 1490 2632 hoc
1510 2613 1538 2632 se
1551 2606 1603 2640 peti
1617 2606 1705 2640 gnari.
1726 2605 1843 2633 Juvena-

1058 2652 1101 2683 lis,
1119 2651 1176 2678 Sal.
1192 2651 1235 2684 l2,

1334 2706 1460 2734 Imitatus
1474 2712 1591 2739 castora,
1606 2707 1650 2740 qui
1664 2716 1692 2734 se

1058 2742 1212 2769 Eunuchum
1231 2743 1285 2776 ipse
1299 2743 1363 2776 facit
1377 2743 1481 2776 cupiens
1494 2743 1602 2769 evadere
1611 2742 1720 2774 damno,

1059 2778 1250 2804 Testirulorum
1266 2778 1330 2804 adeo
1346 2777 1500 2804 meditatum
1517 2777 1639 2812 intelligit
1659 2779 1773 2812 inguem.

1056 2834 1218 2863 Ammianus
1231 2834 1406 2863 Marcellinus
1419 2835 1467 2863 lib.
1483 2843 1538 2863 xvn
1553 2843 1560 2869 ;
1583 2834 1710 2864 Elianus
1726 2835 1763 2864 De
1778 2834 1835 2864 bitt.
