1897 3073
218 125 270 154 εδει,

216 185 271 228 ζγαὶ
288 185 648 228 ρὴνηαὶολόϐριιλοςῖκρπ*
669 187 846 228 amandum
869 187 1001 228 μᾴὶλιστα
1017 202 1036 228 Α

216 220 308 254 amavi
323 220 406 247 πέλει
425 221 518 255 κερδὼ
535 222 606 256 μάλ’
626 220 730 256 ἀρήϊος
751 223 786 249 ἐν
806 220 998 255 πραπίδεσσι,

214 255 269 281 Καὶ
284 255 392 289 πινυτὴ
408 257 484 282 ναίει
500 255 644 291 πύμάτοις
657 257 702 283 ἑνὶ
716 259 898 291 senilem/"my.

222 290 248 315 Ἐ
251 291 427 323 πταπύλους
441 290 549 323 εΤΕίιο-ιι
564 291 674 326 δόμους
687 290 794 326 am,qu
808 302 839 320 τε
861 293 972 325 καλιὰς-

216 326 381 362 Τηλόθίᾴεί
395 327 549 359 ἀλλήλων,
560 327 602 361 μή
616 336 670 360 μιν
686 327 846 361 θηρήτορες
859 328 964 362 ἄνδρες

219 359 300 394 Ἀμφὶ
312 360 387 394 θύρῃ
399 359 566 396 λοχόωντες(
579 359 638 389 ὑπὸ
650 359 849 397 ,βρολξίδεοίσιῶι
862 359 998 398 armarat.

213 415 253 441 Ad
276 416 348 450 quod
364 417 483 452 respexit
501 421 528 444 et
550 416 708 444 Lactantius
725 417 890 450 Firmianus,
905 418 943 445 De
957 419 999 444 ira

213 459 272 490 Dei.
296 468 357 495 cap.
377 461 410 488 7:
430 460 496 488 Sunt
517 463 656 494 animalia,
680 463 779 498 inquit,
801 471 858 498 qum
880 463 998 490 latibulis

212 506 268 533 suis
296 506 411 535 diuersos
433 513 458 534 et
477 509 565 543 plures
586 511 671 536 exitus
686 510 815 544 pandunt,
832 515 871 542 ut,
884 511 908 537 si
930 511 999 546 quod

212 553 358 587 periculum
379 555 511 586 inciderit.
531 556 593 590 fuga
615 561 703 590 pateat
719 557 847 589 obsessis;
864 557 999 592 quodnon

212 599 328 633 facerent
353 602 404 627 nisi
426 602 520 629 inesset
543 603 597 630 illis
621 604 793 638 intelligentia
813 609 837 631 et
861 605 996 639 cogitatio.

210 644 294 672 Plura
311 646 362 673 alia
383 648 453 682 apud
470 653 595 676 auctores
608 650 699 677 videre
720 650 840 685 poteris:
854 658 904 678 nos
923 652 997 678 enim

212 692 239 717 in
258 694 386 726 praesenti
409 702 462 721 non
485 695 642 722 animalium
669 696 810 723 historiam
837 697 996 729 scribimus,

211 737 259 763 sed
277 742 381 764 tantum
394 743 517 766 nostrum
533 744 671 768 auctorem
684 741 711 768 in
729 742 811 769 rebus
826 742 997 770 naturalibus

213 790 265 809 non
282 791 361 816 nova,
377 792 463 819 neque
476 786 627 821 peregrina,
644 787 691 814 sed
706 788 833 823 genuina,
847 792 873 815 et
888 788 921 816 ab
935 789 996 816 aliis

211 828 310 856 tradita
333 831 474 858 enuntiare
498 832 678 861 ostendimus.
707 833 761 861 Nec
790 842 858 869 opus
883 839 924 862 est
953 835 996 862 hic

864 126 987 155 LEONIS
1006 125 1141 154 ALLATII

1788 128 1839 156 960

1051 195 1078 214 se
1092 187 1173 213 coriis
1187 186 1322 218 loricauit,
1332 186 1360 212 in
1371 185 1568 213 dimicationem
1582 186 1668 221 pergit
1678 194 1686 212 :
1696 186 1722 212 in
1735 195 1765 213 ea
1777 195 1840 213 cau-

1050 235 1112 261 dam
1130 234 1255 261 attollens
1271 235 1338 261 ictus
1363 235 1454 261 irritos
1479 233 1603 261 adversus
1627 235 1740 268 excipit,
1760 235 1841 262 donec

1050 280 1155 315 obliquo
1170 281 1254 316 capite
1265 282 1415 315 speculatus
1433 281 1539 308 invadat
1559 282 1586 307 in
1598 281 1700 315 fauces.
1723 281 1779 308 Nec
1793 282 1840 308 hoc

1049 331 1197 357 contentus,
1208 327 1284 353 aliud
1299 327 1370 353 haud
1384 328 1476 354 mitius
1488 327 1602 354 debellat
1613 328 1727 355 animal.
1741 328 1773 355 Et
1786 328 1839 363 0p-

1049 371 1165 406 pianus,
1182 371 1229 399 lib.
1247 380 1276 398 ιιι
1292 374 1415 408 Κυνηγ..
1435 372 1492 401 haec
1520 378 1613 401 nostra
1634 373 1838 407 elegantissime

1049 416 1194 450 expressit.
1224 415 1360 451 Nicander
1396 417 1459 444 item
1497 417 1526 444 in
1558 417 1716 451 Theriacis;
1746 418 1839 446 Elia—

1049 468 1100 488 nus
1113 461 1151 488 De
1166 461 1260 489 histor.
1282 463 1363 489 anim.
1375 483 1382 496 ,
1403 463 1451 491 lib.
1476 471 1506 490 ιιι
1517 483 1525 495 ,
1551 471 1612 498 cap.
1630 464 1684 494 22.
1705 469 1733 492 et
1748 465 1794 492 lib.
1810 473 1837 497 ι.

1049 513 1108 540 cap.
1130 507 1182 538 47,
1206 513 1233 535 et
1254 508 1302 535 lib.
1330 517 1373 540 νι,
1399 516 1459 544 cap.
1483 509 1535 540 58,
1561 510 1656 537 scribit
1681 511 1838 538 ichneumo-

1049 557 1109 576 nem
1125 549 1229 585 aspidis
1241 558 1291 577 ova
1303 550 1470 585 disperdere.
1483 555 1511 579 et
1525 557 1654 587 tanquam
1668 553 1769 580 catulis
1781 554 1838 581 suis

1048 594 1168 622 futuram
1196 595 1321 623 hostilem
1347 598 1495 631 perniciem
1529 598 1702 626 submovere.
1736 598 1836 631 Horas,

1048 639 1094 667 lib.
1111 649 1147 673 ιι,
1166 649 1226 676 cap.
1246 642 1291 672 55,
1310 650 1365 669 non
1388 643 1477 670 solum
1501 643 1529 670 in
1551 650 1704 679 serpentem
1721 645 1836 677 irruere,

1048 685 1094 712 sed
1111 687 1215 714 vocatis
1231 687 1307 721 prius
1329 687 1449 715 clamore
1465 688 1544 721 aliis,
1557 696 1618 723 quae
1637 689 1731 716 omnia
1756 690 1838 717 simul

1046 730 1150 758 addidit
1161 731 1334 764 Aristoteles,
1351 732 1387 760 De
1400 734 1494 760 histor.
1511 735 1605 766 anim.,
1624 735 1672 762 lib.
1688 743 1720 766 ιι,
1734 743 1796 769 cap.
1809 735 1835 765 ϐ.

1047 775 1189 804 Ichneumo
1200 777 1321 813 Egypti,
1329 778 1374 805 ubi
1385 779 1502 812 aspidem
1513 789 1624 816 anguem
1638 789 1717 808 suum
1731 781 1833 809 hostem

1046 828 1185 856 aspexerit,
1205 832 1256 850 non
1271 825 1344 857 prius
1375 825 1525 859 aggreditur
1549 834 1627 861 quam
1644 827 1731 854 socios
1753 834 1835 859 vocet,

211 874 289 908 plura
312 882 460 910 congerere
480 877 513 904 ad
535 877 595 912 eius
615 880 744 906 astutiam
771 884 795 907 ει
809 868 996 908 “ε³1¹ίῶωιεω
1013 883 1033 910 Β
1047 872 1071 895 et
1084 868 1146 894 limo
1160 868 1283 901 obducto,
1297 874 1390 896 contra
1403 871 1470 897 ictus
1485 879 1639 906 morsusque
1653 880 1710 899 sese
1732 872 1834 903 lorica.

210 920 463 950 demonstrandam.

244 965 323 998 lbid.,
346 967 393 995 lin.
418 969 462 996 l7.
481 970 622 1004 Εὐροῦσα
640 971 695 1006 γὰρ
719 972 894 1007 τελμιστήν.
913 972 994 999 Plura

208 1012 242 1039 de
262 1013 322 1047 ejus
339 1015 366 1040 in
383 1021 480 1042 venatu
503 1021 530 1043 et
552 1017 658 1051 piscatu
673 1018 778 1046 artibus
793 1017 930 1050 Elianus,
947 1019 993 1046 lib.

208 1068 246 1092 Vl,
261 1067 320 1095 cap.
337 1061 382 1092 24,
403 1067 430 1089 et
455 1062 502 1089 lib.
525 1071 550 1096 ι,
574 1071 635 1099 cap.
658 1065 708 1098 56;
730 1065 778 1093 lib.
803 1073 839 1098 ιν,
857 1074 918 1100 cap.
941 1066 993 1099 58;

208 1106 255 1134 lib.
269 1115 304 1138 v1,
317 1115 376 1143 cap.
392 1108 446 1141 65;
471 1109 516 1137 lib.
532 1118 592 1138 ιιιιι.
608 1110 673 1145 Ejus
692 1116 787 1139 contra
803 1120 866 1141 aves
878 1113 992 1141 insidias

206 1154 434 1186 quemadmodum
455 1159 482 1182 et
500 1156 544 1183 hic
561 1162 656 1184 noster
672 1163 769 1185 auctor
791 1159 892 1194 optime
908 1159 994 1194 expli-

205 1198 278 1225 cavit
294 1198 433 1234 Oppianus
452 1201 579 1230 Ἀλιευτ.
595 1211 625 1234 ιι,
640 1207 667 1231 et
686 1203 817 1239 Epiphan.
837 1206 863 1232 in
881 1205 993 1241 Physic—

206 1244 264 1279 lago
281 1252 290 1271 :
307 1245 339 1271 Ἦ
354 1245 466 1282 ἀλώπηξ
479 1249 538 1275 ἐστὶ
554 1249 721 1284 πολύτροπον
741 1250 819 1282 ζῶον.
838 1251 992 1279 Πεινάσασα

204 1289 232 1316 δὲ
249 1290 296 1317 καὶ
316 1291 455 1327 ἀποροῦσα
472 1295 574 1330 τροφῆς
593 1296 740 1330 ἀπέρχεται
763 1297 810 1323 ἐπὶ
831 1298 893 1329 τοὺς
917 1298 993 1333 ἡλια-

205 1336 270 1368 κοὺς
285 1337 384 1369 τόπους
395 1347 401 1353 ·
416 1341 640 1376 καταρρίπτουσα
657 1342 741 1378 αὐτὴν
754 1344 782 1374 ἐς
795 1344 856 1379 γῆν,
874 1345 920 1372 καὶ
942 1347 990 1372 ὰν-

205 1382 322 1418 εχομένη
337 1383 385 1420 τὴν
401 1386 493 1420 πνοὴν,
507 1388 553 1414 καὶ
568 1388 751 1424 ὑποκρίνουσα
770 1390 930 1426 τεθνηκυῖαν
940 1393 992 1419 κεῖ-

204 1435 250 1454 ται
276 1429 374 1462 ὑπτία,
401 1432 463 1463 τοὺς
487 1432 641 1468 ὀφθαλμοὺς
668 1435 716 1462 καὶ
739 1436 802 1467 τοὺς
829 1436 911 1468 πόδας
935 1438 991 1464 ἄνω

204 1473 313 1508 ἔχουσα.
338 1475 542 1513 Ἐπερχομένων
559 1480 587 1506 δὲ
607 1480 660 1506 τῶν
682 1482 822 1514 πετεινῶν,
846 1484 892 1509 καὶ
906 1484 989 1518 αὐτὴν

204 1521 356 1549 κατεσθίειν
372 1522 550 1560 βουλομένων.
565 1527 655 1563 ἐκείνη
672 1528 785 1564 ἑτοίμως
800 1528 870 1555 αὐτὰ
881 1531 987 1564 κρατεῖ,

204 1567 251 1594 καὶ
264 1567 314 1594 ὅσα
328 1568 450 1603 βούλεται
466 1572 646 1608 κατατρώγει.
664 1573 763 1602 Eadem
782 1578 845 1602 sunt
855 1575 926 1609 apud
942 1574 990 1602 lsi-

203 1613 312 1647 dorum,
325 1615 372 1643 lib.
391 1624 440 1649 xu,
452 1624 512 1652 cap.
525 1618 561 1652 2;
578 1619 687 1648 Petrum
704 1620 877 1653 Damianum,
894 1621 941 1649 lib.
957 1629 987 1654 ιι,

202 1667 245 1695 ep.
262 1661 309 1694 l8;
323 1662 474 1696 Albertum,
489 1665 633 1700 Georgium
649 1666 814 1702 Agricolam.
830 1666 988 1694 Michaelem

202 1706 326 1742 Glycam,
343 1713 369 1736 et
388 1710 456 1737 alios
475 1712 651 1740 recentiores.

239 1753 319 1784 lbid.,
336 1754 384 1781 lin.
403 1755 448 1782 24.
470 1756 506 1783 ἸΙ
527 1757 626 1791 σἀῦρα
640 1758 810 1793 τηρήσασα.
828 1759 988 1788 Aristoteles

201 1798 344 1834 lacertum,
355 1806 381 1829 et
396 1806 563 1830 senectutem
578 1811 689 1835 exuere,
703 1808 730 1832 et
741 1805 830 1832 oculis
841 1806 988 1834 connivere

201 1846 326 1880 tradidit;
339 1848 476 1882 quomodo
487 1853 576 1878 autem
589 1850 679 1877 lumen
691 1851 833 1878 oculorum
846 1856 987 1880 senectute

200 1893 332 1920 amissum
350 1898 493 1928 recuperet
507 1902 560 1922 non
577 1895 734 1930 explicavit.

234 1937 323 1972 Ibid.,
342 1939 391 1966 lin.
407 1941 451 1968 58.
472 1941 565 1968 Ἀλλὰ
585 1941 634 1968 καὶ
658 1942 790 1976 αὔξησιν
800 1943 929 1977 μείζονα.
949 1943 987 1971 De

199 1985 388 2019 magnitudine
410 1986 558 2013 draconum
577 1991 605 2014 ct
621 1993 778 2024 serpentum
800 1997 815 2016 e
838 1989 985 2017 Metasthc-

199 2037 233 2057 ne
254 2034 281 2058 et
297 2032 369 2062 aliis.
394 2032 455 2060 vide
469 2032 603 2065 Plinium.
623 2035 670 2062 lib.
689 2043 756 2067 vm.
771 2043 832 2070 cap.
851 2036 896 2069 l2,
911 2037 944 2063 l5
959 2042 986 2064 et

198 2076 253 2110 M;
279 2077 350 2112 apud
374 2077 554 2108 Strabonem.
575 2080 622 2107 lib.
643 2088 687 2108 xv.
710 2080 880 2108 Onesicritus
902 2083 985 2109 refert

197 2123 269 2158 apud
282 2124 426 2152 Abisarum
443 2125 525 2153 India:
541 2134 630 2161 regem
647 2127 716 2154 duos
739 2127 823 2155 fuisse
838 2127 982 2160 dracones,

197 2169 312 2197 alterum
337 2170 436 2205 pedum
456 2171 505 2199 140
518 2192 525 2203 ,
544 2173 657 2200 alterum
674 2173 718 2201 80.
734 2173 874 2201 Nearchus
893 2179 982 2201 autem

195 2216 281 2243 visam
301 2217 419 2252 viperam
449 2217 576 2245 feminam
598 2220 751 2247 cubitorum
768 2220 895 2248 sedecim.
915 2220 982 2247 Vide
997 2220 1019 2246 D

195 2261 345 2294 Atilianuln,
365 2263 413 2290 lib.
430 2272 446 2290 x
467 2263 502 2291 De
518 2264 581 2292 hist.
595 2265 689 2297 anim.,
707 2273 767 2300 cap.
785 2265 830 2293 39.

229 2309 297 2336 Ibid.
319 2309 412 2336 Ἐπὰν
425 2307 482 2338 οὖν
497 2310 552 2337 τὸν
571 2312 668 2346 ὀρισμ.
689 2311 792 2343 Horus,
810 2313 858 2339 lib.
879 2320 902 2344 ι,
919 2319 978 2346 cap.

195 2354 207 2381 Ι
224 2363 231 2381 :
248 2354 372 2390 Ἐπειδὴ.
386 2355 469 2390 τριῶν
485 2356 571 2390 γενῶν
603 2357 690 2391 ὄφεων
723 2357 900 2384 καθεστώτων
913 2376 921 2385 .
946 2356 980 2382 τὰ

195 2400 244 2436 μὲν
259 2400 340 2427 λοιπὰ
358 2400 442 2436 θνητὰ
455 2401 589 2437 ὑπάρχει,
606 2402 686 2429 τοῦτο
698 2403 726 2429 δὲ
743 2402 822 2437 μόνον
835 2402 978 2433 ἀθάνατον,

192 2447 207 2474 ὃ
218 2447 265 2474 καὶ
286 2447 480 2482 προσφυσῆσαν
495 2449 580 2483 ἑτέρῳ
605 2448 686 2475 παντὶ
701 2448 763 2484 ζώῳ
785 2449 846 2483 δίχα
870 2448 917 2474 καὶ
931 2447 978 2473 τοῦ

191 2493 282 2520 δακεῖν
300 2493 414 2528 ἀναιρεῖ.

228 2538 308 2571 lbid.,
323 2539 371 2566 lin.
384 2539 430 2566 42.
447 2540 543 2573 Τούτῳ
553 2541 569 2567 d
590 2540 746 2575 ιχνεύμων.
763 2541 904 2575 Quomodo
918 2551 978 2571 ser-

190 2590 287 2620 pentes
297 2589 323 2612 et
335 2585 490 2614 crocodilos
505 2591 594 2619 necat,
606 2588 746 2622 eleganter
769 2587 911 2624 Oppianus
922 2592 976 2617 Ku-

191 2640 257 2666 νηγ.
275 2632 322 2659 lib.
337 2639 378 2659 ιιι.

224 2677 291 2704 Ibid.
307 2699 314 2711 ,
338 2678 386 2706 lin.
403 2678 448 2706 44.
469 2679 561 2707 Ἀλλὰ
587 2679 651 2714 μὴν
674 2680 722 2707 καὶ
748 2682 833 2715 πρός.
859 2680 974 2714 Plinius,

191 2722 238 2750 lib.
255 2732 313 2756 vtu,
334 2732 394 2759 cap.
409 2725 462 2752 ‘24:
483 2727 559 2756 Aspis
577 2726 654 2753 habet
667 2726 762 2754 deinde
786 2727 975 2755 inlernecinum

191 2767 286 2794 bellum
302 2778 359 2796 cum
382 2771 559 2799 ichneumone.
574 2771 676 2799 Nolunt
688 2778 727 2800 est
744 2774 844 2800 animal
858 2774 906 2801 hac
917 2774 975 2810 gla-

190 2813 232 2839 ria
244 2814 356 2841 maxime
370 2816 395 2841 in
414 2816 504 2844 eadem
519 2823 612 2844 natum
624 2819 749 2853 Egi/pta.
763 2818 858 2854 Mergit
871 2829 898 2847 se
912 2821 975 2847 limo

189 2858 298 2901 “sepius,
310 2859 441 2894 siccatque
459 2861 522 2888 sole.
536 2861 600 2889 Mox
613 2862 657 2889 ubi
668 2863 785 2896 pluribus
798 2864 886 2891 eodem
899 2865 974 2893 modo

1047 914 1140 941 modus
1154 915 1278 941 armandi
1297 920 1325 942 ut
1343 917 1458 950 primum
1470 916 1631 951 madefaciat
1650 925 1758 952 corpus,
1771 923 1797 945 et
1810 919 1835 944 ia

1047 964 1118 987 terra
1135 969 1163 987 se
1177 960 1283 987 volutet.

1083 1004 1141 1032 Col.
1160 1005 1210 1032 748
1222 1026 1229 1038 ,
1245 1006 1292 1033 lin.
1311 1007 1336 1033 Ι.
1355 1006 1456 1042 Σαῦρα
1471 1007 1505 1034 δὲ
1523 1008 1542 1042 ἡ
1557 1008 1716 1043 λεγομένη.
1738 1008 1835 1037 Petrus

1045 1049 1203 1084 Damianus,
1219 1052 1267 1080 lib.
1283 1059 1312 1083 ιι,
1327 1060 1371 1087 ep.
1389 1053 1437 1080 l8:
1450 1053 1641 1086 Salamandra,
1655 1063 1756 1090 quoque
1778 1056 1835 1082 licet

1044 1097 1150 1131 exigua.
1166 1098 1314 1125 mirabilem
1329 1099 1414 1133 fertur
1430 1099 1524 1127 habere
1537 1105 1679 1132 naturam;
1695 1101 1761 1128 adeo
1774 1103 1835 1128 utsi

1044 1151 1107 1169 casu
1130 1143 1271 1178 aliquando
1294 1145 1322 1172 in
1347 1146 1405 1180 igne
1431 1146 1567 1181 mergitur.
1593 1148 1678 1174 omnis
1701 1148 1779 1182 ignea
1797 1150 1834 1175 vis

1045 1193 1169 1223 tanquam
1187 1190 1343 1218 inundantia
1368 1201 1444 1227 aqua:
1458 1193 1588 1226 profluvio
1602 1194 1725 1228 protinus
1736 1195 1834 1221 exstin-

1042 1240 1149 1269 guatur.
1167 1234 1315 1269 Nicander,
1329 1237 1356 1264 in
1370 1237 1504 1265 T/zeriatis
1516 1247 1525 1265 :

1042 1280 1096 1318 Kal
1109 1281 1352 1318 σαλᾳμάνδρειον
1367 1283 1470 1310 δόλιον
1485 1283 1577 1317 δάκος
1590 1285 1656 1318 αἰὲν
1668 1285 1799 1318 ἀπεχθὲς

1044 1315 1114 1353 ᾝτε
1130 1316 1178 1342 καὶ
1190 1317 1352 1353 ἀσϐέστοιο
1365 1318 1402 1345 δι’
1421 1319 1455 1345 ἐκ
1473 1315 1665 1353 πιιρήςνυῖμον
1681 1315 1798 1351 ἔχόἰισά

1044 1350 1192 1377 Ἐσσυται
1218 1352 1366 1386 ἄκμηνος,
1389 1353 1438 1380 καὶ
1463 1350 1634 1387 ὰνῶδιινοξι,
1654 1350 1726 1381 οὺδέ
1750 1356 1780 1381 τί
1806 1357 1832 1382 ol

1040 1420 1158 1447 Σινεται
1176 1421 1310 1456 ἀσϐέστη
1322 1423 1434 1456 ῥαγύεν
1451 1423 1537 1458 δέρος
1555 1423 1633 1460 ἀνέρα
1646 1389 1797 1459 “55:257.

1075 1465 1107 1493 Et
1122 1467 1148 1494 in
1165 1467 1394 1501 Alexipharmacis
1408 1475 1418 1494 :

1043 1511 1095 1550 '_Hr
1109 1512 1143 1538 δὲ
1153 1513 1338 1550 λίπορῤίνοιο
1358 1513 1451 1540 ποτὸν
1465 1513 1660 1550 ὃυσᾷλῖιιττον
1678 1516 1754 1550 ldum

1003 1550 1024 1577 C
1041 1547 1227 1581 Φαρμακίδας
1250 1550 1366 1582 σαύρης
1386 1549 1573 1583 πολυκηδέος
1586 1570 1593 1582 ,
1609 1550 1650 1584 ῆν
1668 1547 1831 1586 σαᾶὰμάν-

1039 1616 1209 1651 κλείουσιν,
1229 1617 1287 1652 τὴν
1305 1617 1376 1645 οὐδὲ
1391 1619 1486 1653 πυρὸς
1499 1617 1656 1653 λωϐήσὰτὸ

1041 1670 1160 1699 Serenus
1175 1681 1181 1698 :

1039 1727 1090 1755 Seu
1104 1728 1284 1756 Salamandra
1300 1735 1402 1765 potens,
1421 1731 1550 1768 nullisque
1569 1733 1684 1760 obnoxia
1698 1734 1826 1768 ﬂammis.

1038 1773 1152 1807 Plinius,
1178 1775 1225 1802 lib.
1245 1783 1279 1808 x,
1298 1783 1358 1811 cap.
1373 1777 1406 1804 67
1424 1786 1430 1804 :
1447 1777 1522 1805 Sicut
1537 1777 1720 1806 Salamandra
1732 1780 1826 1806 Incerti

1038 1819 1137 1854 ﬁgura,
1160 1821 1313 1855 stellatum,
1336 1831 1469 1857 nunquam
1495 1824 1546 1851 nisi
1564 1826 1667 1860 magnis
1687 1826 1825 1858 imbribus,

1036 1868 1199 1901 proveniant,
1211 1872 1235 1895 et
1245 1869 1385 1895 serenitate
1399 1869 1531 1904 deﬁciens.
1551 1870 1622 1898 Huic
1637 1876 1729 1899 tantus
1743 1874 1824 1908 rigor,

1037 1917 1064 1939 ut
1080 1913 1165 1948 ignem
1178 1919 1277 1941 tactum
1289 1915 1439 1950 exstinguat
1455 1924 1505 1943 non
1519 1917 1573 1943 alio
1590 1918 1667 1945 modo
1677 1927 1756 1953 quam
1767 1920 1824 1954 glo-

1036 1959 1098 1986 cies.
1112 1960 1247 1993 IElianus,
1267 1961 1306 1988 De
1319 1961 1381 1988 hist.
1399 1963 1494 1994 anim.,
1518 1963 1566 1990 lib.
1581 1971 1612 1996 II,
1634 1972 1697 2000 cap.
1714 1965 1766 1998 5i;
1781 1965 1824 1993 Pi-

1036 2005 1119 2037 sides,
1139 2005 1177 2033 De
1191 2007 1283 2034 mundi
1300 2008 1406 2041 opiﬁcio
1420 2016 1429 2034 :

1088 2053 1190 2090 Ποέαις
1207 2052 1241 2080 δὲ
1253 2054 1362 2090 ,πηγαῖς
1378 2054 1397 2087 ἢ
1411 2053 1517 2087 ,ϐυθοῖς
1538 2055 1754 2090 κεκρυμμένοις

1087 2087 1145 2121 Δρᾷ
1159 2088 1356 2122 collaudat-6pm
1370 2090 1423 2122 τὰς
1436 2090 1580 2124 καμίνους
1589 2087 1745 2124 ήαὶθᾶηληνέ

1034 2132 1244 2168 Olympiodorus
1266 2135 1338 2169 apud
1368 2134 1536 2170 Scaligerum
1561 2136 1595 2163 de
1620 2137 1775 2166 subtilitate
1789 2141 1820 2167 ad

1033 2178 1188 2206 Cardanum
1198 2187 1289 2207 exere.
1307 2180 1350 2212 74,
1362 2189 1438 2208 num.
1454 2182 1481 2212 5,
1495 2182 1557 2213 Τοῖς
1571 2182 1711 2217 causam,
1725 2184 1821 2218 inquit.

1034 2223 1118 2260 πολλὴ
1134 2225 1243 2259 φροντὶς
1259 2225 1305 2251 τοῦ
1323 2226 1461 2253 τινάσσειν
1477 2226 1526 2262 τὴν
1548 2227 1675 2262 πάπυρον
1686 2247 1694 2260 ,
1717 2228 1761 2255 ἵνα
1786 2231 1822 2264 μή

1034 2269 1108 2301 ἐντὸς
1124 2270 1284 2307 περιέχηται
1340 2272 1516 2308 σαλαμάνδρα
1526 2281 1533 2287 ·
1551 2273 1688 2308 ζημιῶδες
1703 2275 1758 2310 γὰρ
1773 2277 1821 2302 αὖ·

1032 2317 1088 2347 τοῖς
1101 2316 1140 2352 τῷ
1156 2316 1250 2344 σϐέσαι
1268 2318 1318 2353 τὴν
1332 2317 1456 2352 κάμινον.
1485 2318 1666 2352 Aristoteles,
1683 2321 1732 2348 lib.
1750 2330 1766 2348 ν
1788 2321 1822 2348 De

1033 2361 1096 2388 hist.
1110 2363 1205 2395 anim.,
1223 2370 1285 2397 cap.
1301 2363 1354 2396 l9;
1375 2363 1565 2392 Nazianzenus
1581 2366 1608 2391 in
1626 2365 1773 2397 Basiliam,
1797 2373 1822 2394 et

1033 2406 1170 2434 Parcencsi
1184 2408 1218 2434 ad
1238 2408 1367 2442 Virgines.
1389 2408 1457 2436 lluic
1477 2413 1566 2436 tamen
1583 2412 1728 2439 sententiae
1745 2412 1822 2440 Dios-

1031 2453 1138 2480 corides
1159 2453 1327 2489 refragatur.
1350 2460 1377 2482 et
1401 2454 1522 2482 Galenus
1536 2455 1563 2482 in
1582 2455 1704 2490 Simplic.
1717 2478 1725 2490 ,
1741 2459 1821 2486 σαλα-

1033 2498 1152 2533 μάνδρας
1169 2499 1316 2535 καυθεισης
1328 2501 1471 2532 meminit;
1495 2505 1521 2528 et
1537 2509 1563 2528 tv
1579 2502 1659 2529 Κατὰ
1676 2504 1752 2536 τόπ.,
1770 2506 1821 2531 Σα-

1030 2544 1186 2580 λαμάνδρας
1200 2547 1372 2582 κεκαυμένης
1391 2547 1490 2574 σποδόν
1504 2548 1629 2582 requirit.

1066 2589 1133 2618 lbid.
1148 2611 1155 2622 ,
1180 2591 1228 2618 lin.
1245 2592 1270 2618 5.
1298 2592 1375 2618 Φασὶ
1396 2592 1430 2619 δὲ
1455 2592 1512 2626 τὴν
1535 2594 1672 2627 ἔχιδναν.
1690 2595 1818 2627 Basilius,

1030 2636 1103 2664 hom.
1124 2637 1140 2664 9
1158 2646 1164 2664 :
1182 2637 1237 2664 Καὶ
1258 2637 1359 2672 ἔχιδναι
1374 2638 1424 2670 τὰς
1441 2639 1545 2674 μήτρας
1559 2640 1818 2677 ὲκφαγοῦσαι,πρσ-

1029 2682 1162 2718 ἔρχονται,
1187 2683 1341 2719 πρέποντας
1359 2686 1390 2720 τῇ
1408 2685 1597 2721 γεννησαμένῃ
1620 2687 1686 2718 τοὺς
1706 2687 1819 2722 μισθοὺς

1029 2728 1226 2756 ἐκτιννύουσαι.
1251 2728 1405 2756 Notandum
1435 2736 1477 2757 est
1503 2731 1576 2765 quod
1589 2736 1686 2759 narrat
1719 2732 1817 2760 Petrus

1030 2774 1194 2807 Damianus,
1219 2775 1267 2802 lib.
1286 2783 1327 2807 ιι,
1352 2776 1460 2811 epistol.
1479 2776 1527 2807 l8,
1545 2777 1578 2804 dc
1596 2777 1648 2805 hac
1663 2777 1758 2805 eadem
1777 2787 1815 2805 re.

1034 2820 1145 2854 Vipertc,
1162 2821 1265 2856 inquit,
1280 2821 1329 2848 hac
1346 2823 1456 2849 coeundi
1480 2823 1519 2849 vel
1536 2824 1660 2856 pariendi
1675 2830 1816 2852 consueta-

1028 2866 1089 2893 dinc
1111 2866 1230 2894 naturali
1245 2867 1382 2902 potiuntur
1399 2869 1507 2903 imperio
1525 2874 1553 2895 ut
1579 2870 1713 2897 masculus
1735 2871 1761 2896 in
1787 2878 1815 2897 os
