1897 3073
76 113 129 141 96]

578 111 609 137 IN
632 109 814 138 EUSTATHII
835 108 1069 137 HEXAEMEBON
1089 109 1204 138 ΝΟΤΑΕ.

1644 111 1697 138 962

77 172 184 207 [culina
200 175 278 205 caput
292 170 439 206 impingat,
452 169 524 205 quod
540 170 589 197 illa
603 177 658 204 prtz
673 169 749 196 nimii
764 170 863 196 amoris
878 172 902 200 Α
916 175 986 200 ram,
1003 167 1076 203 quod
1092 171 1119 195 et
1133 168 1245 195 tradidit
1269 167 1429 204 Apollonius
1454 167 1526 204 apud
1544 167 1697 196 Philostra-

74 218 245 253 impatie‘ntia
261 217 401 244 mordenda
413 217 553 251 pra'cidat,
576 224 606 242 ac
616 219 712 250 priesto
725 215 862 250 deglutiat,

73 264 198 298 excujus
221 263 315 297 capitis
336 262 419 289 oculis
442 262 495 288 duo
513 261 595 288 catuli
618 266 806 295 procreantur,
819 261 864 295 qui

75 314 171 344 partus
190 314 303 342 tempore
321 313 442 334 materna
466 307 551 334 latera
571 307 692 342 utrinque
709 306 862 340 corroduntI

74 359 102 381 et
115 355 154 381 sic
168 354 325 380 altrinsecus
337 353 417 380 simul
427 353 616 383 occidentes,et
632 356 766 378 nascentes
776 359 864 378 erum~

73 405 154 433 pum.
171 399 224 432 Qui
236 399 359 425 nimirum
371 404 431 426 ante
445 403 505 426 sunt
519 398 658 432 parricida:
674 405 752 432 quam
766 398 825 432 ﬁlii,
839 401 863 423 et

76 445 138 472 ideo
155 453 288 479 nunquam
302 449 397 479 prater
411 444 477 471 duos
490 444 557 471 ualet
578 444 656 478 hujus
671 446 771 479 generis
789 451 863 470 exce-

74 491 143 517 dens
158 491 257 524 aliquid
274 491 395 518 inueniri.
412 490 470 517 Duo
487 494 577 517 tamen
596 490 639 516 hic
652 489 685 517 de
701 494 799 516 natura
815 489 863 516 hu-

72 534 122 568 jus
137 535 271 569 serpentis
283 555 291 566 ,
308 543 368 569 quae
392 534 475 562 refert
491 535 534 564 hic
550 539 664 566 auctor,
680 539 707 561 et
723 534 798 561 multi
817 534 863 560 alii

75 587 135 607 uno
151 587 208 612 ore,
235 580 433 608 consideranda
447 584 522 612 sunt,
538 584 565 607 et
587 580 704 615 primum
723 579 757 606 de
773 581 862 613 coitu;

73 626 115 652 ait
135 627 226 658 enim,
247 627 367 661 viperam
389 635 436 661 per
449 634 482 654 os
508 634 601 654 semen
624 626 759 661 excipere,
778 634 863 653 mem-

75 672 215 706 brumque
231 673 314 699 maris
329 679 377 699 ore
389 672 525 703 excidere,
542 672 593 699 hac
608 672 715 699 ratione
730 674 797 698 mari
815 680 863 699 ne—

73 725 138 745 cem
152 719 281 752 parando.
293 718 349 745 Hoc
367 719 436 745 idem
450 719 531 745 aliter
544 718 590 744 alii
607 722 730 749 narrant,
741 718 861 752 viperam

72 763 211 791 duntaxat
227 764 268 790 ori
283 771 333 790 suo
350 763 432 790 maris
448 767 531 798 caput
557 763 658 790 habere
682 763 814 790 insertum
834 763 861 790 in

72 809 163 839 coitu,
180 811 206 835 et
222 807 287 834 illud
303 807 399 835 ardore
416 807 535 834 libidinis
555 814 734 841 prmmorsum
749 806 860 833 abscin-

914 218 990 245 tum,
1005 218 1032 240 et
1057 213 1190 241 Maximus
1215 213 1325 249 Tyrius.
1349 213 1382 241 Et
1394 213 1486 241 Roma:
1503 215 1654 250 saepissime
1669 216 1697 242 in

914 259 1010 294 ligneis
1025 260 1112 287 thecis
1133 264 1213 287 enata
1237 259 1346 287 soboles
1366 260 1400 287 ab
1415 261 1541 287 omnibus
1563 261 1696 294 cernitur,

913 310 939 333 et
961 314 1060 341 parens
1084 306 1160 334 salva
1184 314 1216 333 ac
1234 310 1376 341 superstes
1393 315 1401 339 ;
1427 310 1454 333 et
1468 314 1517 341 ego
1534 307 1617 333 etiam
1631 306 1696 333 vidi.

913 352 1032 380 Coasule
1047 351 1222 386 Rodiginum,
1236 351 1284 380 lib.
1294 359 1399 386 vi,cap.
1415 352 1457 379 15.
1474 351 1541 379 lllud
1554 353 1634 379 etiam
1649 352 1697 379 ad-

912 399 986 430 dam,
1012 398 1167 425 Cardanum
1188 406 1203 425 a
1222 398 1360 432 Scaligero
1383 405 1474 426 exerc.
1502 398 1554 426 i25
1579 403 1606 426 et
1630 397 1695 430 185,

913 452 988 471 num.
1006 444 1050 475 15,
1069 444 1241 479 reprehendi,
1261 444 1333 478 quod
1349 444 1452 472 scilicet
1467 444 1587 479 aspidem
1616 447 1642 471 et
1656 444 1696 471 vi-

912 497 1005 525 peram
1031 497 1113 517 unam
1138 493 1165 516 et
1188 489 1310 517 eamdem
1333 489 1493 524 agnoverit;
1510 489 1581 516 sicut
1598 489 1625 516 in
1640 489 1698 524 epi-

912 534 981 561 stola
993 534 1109 569 quadam
1120 541 1201 560 manu
1214 534 1323 568 propria
1337 533 1454 560 Cardani
1467 534 1569 568 scripta
1585 541 1613 561 se
1629 533 1697 560 Sca-

911 580 979 614 liger
1003 579 1104 606 vidisse
1128 583 1263 610 testatur,
1287 587 1350 607 eum
1370 579 1511 614 dipsadem
1527 588 1588 607 cum
1605 581 1697 615 vipera

912 625 983 653 idem
997 625 1181 652 existimasse.
1197 625 1295 653 l’etrus
1314 626 1377 653 item
1393 626 1544 660 Bellonius,
1559 626 1696 655 Observat.

913 671 960 699 lib.
979 679 998 698 ιι
1009 691 1016 703 ,
1032 679 1093 706 cap.
1109 671 1142 698 54
1154 691 1161 703 ,
1176 670 1276 698 fatetur
1299 680 1329 699 se
1342 672 1433 699 verbis
1452 672 1633 700 Aristotelicis
1648 673 1698 700 im-

911 718 1020 752 pulsum
1032 737 1039 748 ,
1057 719 1165 752 viperas
1185 723 1356 753 praegnantes
1370 719 1532 746 observasse
1545 728 1551 746 :
1567 726 1628 753 quae
1639 719 1698 746 sine

912 764 1014 791 tunicis
1031 763 1151 791 sobolem
1168 765 1306 799 peperisse
1320 765 1385 791 visae
1401 769 1474 791 sunt.
1489 763 1539 797 Qui
1553 769 1644 791 tamen
1658 765 1699 792 vi-

913 817 1007 845 peram
1024 817 1082 836 eam
1102 809 1238 844 intelligit,
1254 817 1335 843 quam
1360 809 1536 837 Turonenses
1565 814 1592 837 et
1606 809 1696 836 Ceno-

73 854 153 882 dere.
164 853 263 885 Horus,
279 855 326 881 lib.
343 862 373 882 ιι.
389 862 448 889 cap.
459 854 508 881 59:
521 853 594 888 Αὕτη
609 853 673 889 γὰρ,
689 853 751 880 ὅταν
765 852 861 887 συγγέ-

913 856 1005 882 manni
1018 855 1097 888 Aspic
1112 856 1253 882 nominant
1265 863 1323 890 quae
1338 863 1418 890 quam
1433 863 1497 883 vera
1512 855 1567 882 sint
1583 855 1696 883 alterius

73 908 157 936 νηται
167 899 206 934 τῷ
215 899 318 935 lippam,
331 899 419 934 στόμα
435 899 547 934 στόματι
558 898 722 933 ὲμὸαλοῦσα,
732 898 779 924 καὶ
793 897 861 932 μετὰ

72 946 106 972 τὸ
122 946 333 981 ἀποζευχθῆναι,
345 944 515 971 ἁποδακοῦσα
527 943 575 979 τὴν
591 943 709 979 κεφαλὴν
722 942 768 970 τοῦ
781 943 862 977 app:-

73 1001 133 1024 νος,
148 993 263 1027 ἀναιρεῖ.
279 991 405 1022 Basilius,
416 990 516 1018 Contra
531 990 690 1024 feneratores
701 1009 708 1021 ,
728 994 756 1016 et
771 988 808 1015 De
822 989 862 1014 in-

73 1038 160 1069 vidia;
176 1037 311 1069 IElianus,
328 1037 365 1063 De
378 1037 439 1063 hist.
456 1036 552 1068 anim.,
569 1036 615 1062 lib.
631 1043 651 1067 ι,
667 1042 728 1069 cap.
744 1034 789 1066 M,
807 1033 861 1062 etsi

74 1083 220 1118 paululum
234 1083 268 1109 ab
282 1082 342 1109 aliis
357 1081 449 1109 varius
462 1079 548 1113 Phile,
567 1080 593 1107 in
604 1079 722 1106 lambis:

133 1139 219 1173 Ἐχις
233 1139 266 1166 δὲ
280 1139 386 1173 θερμὸς
402 1137 608 1173 προσ-πλακεὶς
621 1136 659 1171 τῇ
673 1136 798 1173 συζύγφ,

131 1171 188 1202 ι(άῖ
203 1171 256 1201 ἐὸν
267 1171 338 1207 τέὠςῖ
356 1171 480 1207 ἢδιοῖτον
494 1173 539 1207 ἄρ’
555 1173 672 1204 ἀνύσας
685 1171 790 1207 γάμον,

130 1210 230 1237 Κεῐται
246 1209 401 1244 φονευθεὶς
415 1209 488 1236 ὑπαὶ
502 1207 556 1241 τῆς
571 1208 729 1244 ἑρασῖρίας

135 1242 317 1272 Τούτούσὺν
331 1243 404 1278 ὁρτῇ
418 1243 626 1275 λανθανόντως
638 1242 782 1278 ἐχομένης

134 1279 268 1313 Σοσαρὸν
280 1279 303 1306 τ’
317 1279 434 1305 ἐκεῖνον
448 1278 632 1312 ὲκτεμούσης
644 1277 766 1311 αὐχένα.

74 1335 262 1368 Prudentius,
291 1334 515 1371 Hamartigem‘a;
534 1334 656 1365 Plinius,
681 1333 730 1361 lib.
749 1341 763 1360 x
775 1353 782 1365 ,
799 1341 859 1368 cap.

73 1381 122 1413 42,
148 1381 247 1415 Vipera:
261 1389 317 1407 mas
333 1385 410 1414 caput
425 1380 518 1406 inserit
534 1380 560 1405 in
577 1387 616 1412 os,
632 1378 700 1414 quod
720 1378 767 1405 illa
783 1379 862 1405 abro-

73 1429 117 1454 dit
134 1427 276 1460 uoluptatis
290 1426 435 1453 dulcedine.
455 1425 488 1452 Et
501 1433 534 1453 ex
548 1425 747 1452 recentioribus
763 1424 860 1451 Adria-

74 1480 131 1499 nus
145 1471 255 1503 Junius,
270 1471 396 1498 emblem.
410 1470 454 1498 58.

113 1519 197 1552 lbid.,
214 1519 261 1546 lin.
279 1519 305 1546 5.
321 1518 401 1553 Αὕβη
415 1517 449 1544 δὲ
464 1517 580 1552 ἔγγυος.
598 1515 754 1544 Secundum
770 1520 810 1544 est
827 1516 861 1544 de
875 1524 896 1552 (ι

72 1570 159 1601 partu
182 1573 292 1598 eorum;
313 1565 388 1591 aiunt
410 1571 527 1599 namque
552 1564 624 1599 quod
650 1563 712 1594 lilii,
735 1562 861 1597 disrupto

72 1616 175 1639 ventre
186 1632 193 1644 ,
212 1619 345 1646 exesaque
361 1611 439 1638 vulva
463 1613 629 1644 erumpunt,
647 1613 793 1645 pensantes
806 1627 813 1640 ,
830 1615 861 1635 ac

73 1659 244 1685 ulciscentes
270 1658 384 1692 primam
421 1656 508 1691 pejori
540 1655 688 1691 impietate.
716 1654 806 1687 Phile,
833 1655 862 1682 in

75 1703 90 1730 1
94 1703 182 1730 ambis
190 1710 200 1729 :

131 1749 220 1782 Πλὴν
233 1749 301 1776 ἀλλ’
316 1749 332 1775 ὀ
346 1747 404 1782 μὲν
418 1748 569 1781 τέθνηκεν.
583 1747 602 1781 ἠ
617 1746 651 1773 δὲ
664 1746 723 1772 νῦν
738 1746 801 1773 κύει
811 1753 817 1759 ·

131 1781 214 1812 Μετὰ
226 1783 260 1810 δὲ
276 1781 383 1817 μικρόν
398 1791 463 1809 τινα
475 1782 551 1809 αὐτὰ
565 1783 600 1808 τὰ
610 1781 710 1817 ,βρέφη
725 1782 835 1815 χρόνον

134 1820 195 1851 Τὴν
205 1815 352 1853 μητρικῆν
363 1817 607 1853 ρήξανταῗνηδὺν
621 1815 720 1853 ἐξέδυ.

129 1854 180 1888 Μὴ
197 1851 271 1888 ’ῥοῦν
289 1851 463 1887 τετιμώρηκε
478 1852 516 1884 τῷ
531 1851 721 1886 φυτοσπόρῳ.

77 1912 186 1943 Horus,
202 1911 248 1938 lib.
267 1919 303 1942 ιι,
320 1918 381 1945 cap.
403 1910 457 1942 60;
477 1909 629 1943 Antigonus
646 1908 805 1943 Carystius,
824 1906 862 1934 De

77 1958 217 1990 mirabil.,
240 1957 309 1984 υὺδὲ
336 1957 424 1992 ἔχιδνα
449 1956 499 1988 δίς.
517 1956 617 1983 Ἐσθιει
642 1954 696 1989 γὰρ
717 1953 800 1989 αὐτῆς
813 1953 862 1988 τὴν

75 2004 183 2031 κοιλίαν
196 2003 230 2030 τὰ
243 2003 358 2038 ἓμὸρυα.
374 2002 508 2034 Ailiauus,
520 2001 566 2028 lib.
578 2009 587 2028 1
604 2001 643 2028 De
655 2001 749 2027 histor.
768 2002 861 2032 anim.,

73 2057 140 2084 cap.
156 2048 192 2075 24
203 2067 210 2079 ,
225 2053 252 2075 et
277 2049 324 2074 lib.
344 2056 376 2074 xv
391 2069 398 2081 ,
416 2055 475 2082 cap.
493 2047 526 2074 16
538 2066 546 2079 ,
566 2055 600 2074 ex
621 2047 755 2074 sententia
771 2045 861 2073 Theo-

75 2094 184 2129 phrasti
198 2094 244 2125 ait,
261 2098 383 2120 ventrem
400 2100 454 2119 non
480 2092 588 2119 cormdi
600 2112 608 2124 ,
624 2099 712 2126 neque
729 2091 861 2126 disrumpi

74 2147 92 2165 a
110 2138 186 2171 liliis,
202 2138 250 2165 sed
274 2139 338 2173 quia
356 2142 489 2172 angustus
511 2141 554 2164 est
578 2137 648 2164 mole
665 2137 766 2164 sobolis
784 2136 862 2170 pelli—

911 901 962 928 erit
974 900 1077 935 negotii
1093 901 1241 928 discutere.

947 946 1013 974 Ibid.
1025 966 1032 978 ,
1056 947 1105 973 lin.
1121 947 1147 974 9.
1169 947 1312 981 ιἠράσιις
1329 947 1363 974 δὲ
1377 950 1393 975 ὁ
1413 948 1489 983 ὄφις.
1506 947 1544 976 De
1559 953 1696 984 serpente.

911 992 972 1027 ejus
992 997 1107 1024 natura,
1130 997 1157 1021 et
1178 994 1314 1028 quomodo
1336 1000 1472 1022 senectam
1487 1000 1585 1026 exuat,
1599 995 1697 1022 Petrus

911 1039 1076 1073 Damianus,
1098 1040 1145 1067 lib.
1164 1048 1200 1073 ιι,
1222 1041 1303 1075 epist.
1328 1041 1384 1074 is;
1406 1040 1548 1073 Elianus,
1571 1041 1609 1068 De
1631 1041 1694 1070 hist.

912 1087 992 1114 anim.
1011 1086 1058 1113 lib.
1075 1095 1112 1119 Ix,
1122 1094 1182 1121 cap.
1198 1086 1241 1119 16,
1252 1087 1299 1119 ait,
1316 1092 1469 1122 serpentem
1486 1087 1616 1115 l'uaniculo
1630 1095 1697 1115 ocu-

911 1131 946 1160 lis
958 1132 1089 1160 alTr‘matis
1099 1133 1240 1160 oculorum
1256 1134 1447 1161 hebetudinem
1464 1134 1600 1168 abjicere;
1617 1142 1697 1162 sene-

911 1183 991 1205 scunt
1004 1179 1075 1205 enim
1094 1179 1166 1206 oculi
1183 1183 1210 1206 et
1230 1180 1308 1206 sicuti
1328 1180 1460 1214 reliquum
1480 1187 1596 1214 corpus,
1618 1180 1654 1206 ita
1668 1183 1696 1206 et

910 1225 982 1252 oculi
997 1232 1052 1252 suae
1067 1225 1244 1259 perfectionis
1259 1225 1360 1252 habent
1378 1226 1524 1252 terminum
1558 1233 1638 1260 quem
1652 1229 1694 1251 al-

911 1270 1031 1305 tingaut,
1046 1278 1125 1305 quem
1139 1271 1161 1298 si
1177 1272 1345 1298 excesserint
1361 1271 1451 1298 lumen
1467 1272 1632 1303 absumunt,
1653 1272 1697 1298 in-

911 1315 1035 1351 ﬁrmique
1051 1316 1218 1349 redduntur,
1239 1317 1321 1344 Ὅταν
1345 1317 1511 1352 ἀποδὺσηται
1529 1318 1559 1344 τὺ
1577 1317 1666 1353 γῆρας
1683 1318 1698 1343 ὁ

910 1361 988 1395 ὃφις,
1009 1363 1197 1398 ὑπαρχομένου
1215 1363 1243 1389 δὲ
1258 1363 1304 1390 τοῦ
1323 1362 1389 1399 ἦρος
1409 1363 1459 1398 δρᾷ
1474 1363 1568 1395 τοῦτο,
1584 1362 1699 1390 ἐνταῦθά

910 1415 951 1433 τοι
967 1408 1014 1434 καὶ
1028 1407 1082 1434 τῶν
1101 1409 1248 1445 ὀφθαλμῶν
1260 1410 1308 1445 τὴν
1326 1410 1419 1445 ἀχλὺν,
1436 1410 1483 1436 καὶ
1497 1409 1527 1436 τὸ
1544 1409 1633 1444 ἁμὸλὺ
1647 1409 1698 1444 τῆς

911 1453 998 1487 ὅψεως
1014 1454 1135 1488 ῥίπτεται
1146 1472 1152 1486 ,
1164 1456 1212 1481 καὶ
1224 1457 1311 1482 ἐκεῖνο
1326 1456 1363 1487 ὡς
1380 1455 1468 1491 γῆρας
1483 1455 1639 1490 ὀφθαλμῶν.
1653 1454 1698 1490 Τῷ

911 1499 940 1526 δὲ
956 1500 1088 1536 μαράθρῳ
1105 1501 1321 1536 προῦποθὴγων,
1342 1501 1388 1528 καὶ
1403 1502 1559 1537 περιψήχων
1573 1501 1603 1527 τὸ
1621 1500 1698 1536 ὄμμα

913 1547 1060 1583 ἑκάτερον,
1081 1546 1140 1575 εἶτα
1161 1548 1274 1583 ἑξάνθης
1294 1548 1370 1574 τοῦδε
1385 1548 1430 1575 τοῦ
1452 1548 1554 1579 πάθους
1582 1548 1696 1582 γίνεταιι

912 1591 1095 1626 ’Δμελυώττει
1112 1592 1140 1619 δὲ
1162 1593 1215 1627 ἄρα
1239 1592 1282 1619 διὰ
1295 1591 1342 1619 τοῦ
1364 1592 1495 1627 χειμῶνος
1510 1591 1649 1627 φωλεύει-ας
1669 1593 1698 1617 ὲν

914 1636 990 1672 μυχῷ
1001 1637 1048 1663 καὶ
1062 1637 1158 1672 σκότῳ.
1170 1637 1273 1663 Οὐκοῦν
1288 1636 1454 1664 παλαιοῦσαν
1469 1638 1500 1663 ὲκ
1511 1636 1566 1663 τῶν
1581 1636 1697 1672 κρυμῶν

911 1681 965 1708 τῶν
987 1681 1063 1713 ζώων
1081 1682 1131 1717 τὴν
1149 1681 1209 1716 ὀψιν
1225 1681 1422 1717 ὑποθερμαῐνον
1434 1681 1465 1707 τὸ
1480 1681 1617 1716 μάραθρον
1631 1681 1697 1708 καθ-

910 1726 992 1762 αίρει,
1008 1728 1054 1754 καὶ
1067 1727 1269 1762 ὀξυωπέστερον
1297 1727 1450 1761 ἀποφαίνει.
1470 1726 1503 1754 Ει
1516 1727 1630 1759 Plinius,
1648 1727 1695 1754 lib.

912 1781 971 1804 vin,
981 1781 1040 1807 cap.
1057 1773 1091 1800 27
1106 1773 1346 1808 :Anguishyberua
1357 1773 1458 1800 latebra
1474 1774 1530 1800 uisu
1545 1773 1695 1806 obscurato,

913 1819 1047 1846 morat/ira
1070 1818 1156 1846 herba:
1172 1827 1226 1846 sese
1248 1819 1391 1853 a/Tricans,
1410 1819 1498 1846 oculos
1520 1819 1641 1853 inungit,
1666 1827 1697 1845 ac

913 1866 1011 1900 refovet
1024 1874 1032 1897 ;
1044 1867 1067 1892 si
1081 1873 1140 1893 vero
1158 1873 1275 1900 squama:
1294 1866 1463 1899 abtorpuere,
1479 1866 1562 1899 spinis
1578 1865 1696 1899 juniperi

912 1919 940 1939 se
953 1911 1044 1938 scabit.
1061 1911 1093 1938 Et
1108 1911 1154 1939 lib.
1170 1919 1197 1944 x,
1207 1919 1266 1946 cap.
1283 1911 1318 1938 ‘23
1330 1920 1336 1936 :
1350 1911 1514 1938 Feniculum
1530 1911 1698 1938 nobilitarere

912 1963 1039 1992 serpentes
1058 1963 1175 1993 gustatu,
1192 1963 1220 1984 ut
1235 1957 1302 1990 dixi,
1318 1963 1447 1985 senectam
1463 1958 1591 1988 exuendo,
1605 1957 1696 1984 oculo-

912 2013 1019 2040 rumque
1035 2006 1116 2032 aciem
1131 2013 1208 2031 succo
1225 2004 1280 2039 ejus
1305 2004 1451 2039 refovendo.
1472 2004 1632 2031 Aristoteles
1654 2007 1697 2030 ta-

913 2057 992 2081 men,
1010 2049 1057 2076 lib.
1072 2057 1118 2076 vul
1136 2049 1172 2076 De
1190 2050 1252 2076 Iu'st.
1278 2050 1358 2076 anim.
1370 2070 1377 2082 ,
1400 2057 1460 2084 cap.
1479 2050 1528 2081 i'l,
1543 2049 1650 2076 videtur
1669 2049 1707 2076 in'

912 2102 943 2122 ea
961 2102 1022 2122 esse
1037 2095 1172 2122 sententia
1183 2114 1190 2126 ,
1213 2095 1235 2123 si
1253 2101 1326 2122 recte
1342 2095 1402 2129 ejus
1422 2094 1504 2122 verba
1518 2095 1697 2122 consideren—

913 2145 957 2167 tur
967 2160 974 2172 ,
989 2140 1115 2168 videlicet
1134 2146 1273 2175 serpentes
1288 2148 1343 2168 non
1359 2148 1420 2168 esse
1434 2148 1521 2168 caecos
1538 2149 1544 2167 :
1565 2140 1613 2168 sed
1633 2140 1697 2175 quia

75 2189 133 2215 tur,
147 2184 192 2218 qui
209 2191 270 2210 cum
285 2183 365 2210 reniti
377 2191 431 2210 non
449 2183 534 2217 possit
547 2182 742 2217 perrumpitur,
754 2185 782 2208 et
795 2189 861 2209 acus

914 2189 993 2224 pellis
1003 2189 1048 2215 illa
1061 2189 1117 2215 sive
1129 2192 1238 2216 senecta
1250 2188 1367 2222 primum
1382 2187 1535 2215 detrahitur
1549 2188 1583 2214 ab
1596 2187 1696 2218 oculis,

74 2230 193 2257 marinae
209 2229 332 2264 exemplo
348 2228 512 2263 persuadere
528 2233 651 2258 conatur,
664 2235 724 2262 qua).
739 2227 803 2262 quia
815 2235 861 2254 ca-

75 2285 174 2312 pacem
186 2276 275 2303 alvum
290 2284 343 2302 non
356 2276 456 2302 habent
468 2275 594 2302 similiter
604 2274 758 2301 alliciuntur
772 2282 787 2300 a
803 2275 861 2302 suis

76 2323 192 2350 fetibus.
205 2321 320 2354 Plinius,
336 2322 355 2348 l.
369 2321 414 2348 d.:
433 2321 523 2348 Tertia
533 2321 574 2348 die
590 2322 661 2348 intra
672 2325 775 2346 uterum
787 2325 862 2346 catu-

75 2369 118 2395 los
134 2367 266 2399 excludit,
283 2367 375 2393 deinde
396 2366 513 2401 singulos
534 2365 623 2392 diebus
644 2365 754 2399 singulis
779 2366 860 2399 parit,

74 2414 170 2448 viginti
192 2414 244 2447 fere
258 2421 376 2440 numero.
392 2412 485 2446 Itaque
500 2412 588 2438 ca'teri
619 2411 754 2438 tarditatis
769 2411 862 2444 impa—

76 2463 171 2488 tientes
186 2464 356 2494 perrumpunt
373 2459 458 2485 latera
474 2458 560 2484 occisa
573 2462 690 2491 parente.
703 2457 861 2484 Aristoteles

75 2513 180 2538 tamen,
198 2506 236 2533 De
253 2506 314 2533 hist.
330 2505 425 2535 auim.,
442 2505 489 2531 lib.
503 2512 534 2534 v,
549 2511 610 2538 cap.
627 2504 688 2535 ult.,
704 2503 783 2529 aliter
799 2510 862 2529 sen-

74 2555 109 2580 tit
131 2557 159 2581 et
179 2557 283 2580 narrat.
313 2552 428 2587 Ideoque
451 2551 485 2578 ab
504 2550 641 2585 aliquibus
663 2550 713 2577 hoc
736 2549 816 2576 sicuti
834 2553 861 2576 et

76 2600 195 2634 primum
210 2598 244 2625 de
254 2599 407 2633 viperarum
420 2597 494 2624 coitu
511 2597 549 2623 uti
562 2597 716 2623 fabulosum
727 2595 859 2630 rejicitur.

76 2645 156 2671 Parit
170 2644 273 2670 catulos
298 2643 433 2670 obuolutas
449 2636 618 2669 'membrams
629 2661 636 2674 ,
652 2650 710 2676 qua:
724 2642 803 2668 tertia
819 2641 861 2668 die

74 2695 245 2725 rumpuntur.
262 2688 395 2725 Contingit
409 2697 466 2716 vero
491 2696 678 2723 nonnunquam
691 2708 698 2720 ,
717 2692 746 2714 ut
766 2687 810 2722 qui
834 2688 861 2713 in

74 2742 150 2763 utero
173 2736 259 2762 adhuc
279 2741 340 2763 sunt
365 2736 467 2762 abrasit
494 2734 654 2761 membranis
677 2737 858 2768 prorumpunt.

74 2782 201 2818 Singulos
214 2782 305 2809 diebus
323 2783 433 2817 singulis
455 2781 543 2816 parit,
558 2781 646 2814 plures
659 2789 737 2815 quam
758 2780 858 2814 viginti.

77 2828 257 2856 Verissimum
274 2827 365 2863 itaque
380 2832 421 2854 cst
442 2833 586 2862 superesse
608 2826 697 2861 partui
719 2833 770 2853 suo
786 2824 859 2858 vipe-

912 2235 976 2263 dum
987 2238 1135 2267 exuuntm',
1145 2235 1205 2262 ideo
1216 2234 1250 2262 iis
1257 2235 1302 2269 qui
1313 2242 1370 2261 rem
1382 2242 1435 2260 non
1449 2233 1601 2267 intelligunt
1612 2233 1696 2260 videri

911 2288 998 2308 caecos
1013 2280 1080 2311 ﬁeri,
1091 2280 1174 2306 Ὅταν
1184 2280 1212 2306 δὲ
1228 2280 1365 2315 άρχωνται
1380 2278 1499 2305 ἐκδύνειν
1511 2279 1534 2304 οι
1548 2277 1634 2311 ὄφεις,
1644 2278 1698 2304 ἀπὸ

909 2327 963 2353 τῶν
982 2326 1127 2361 ὀφθαλμῶν
1143 2326 1306 2360 ἀφίστασθαι
1322 2325 1428 2360 πρῶτόν
1446 2332 1544 2358 φασιν,
1565 2323 1634 2349 ὥστε
1653 2323 1697 2349 δο-

911 2374 967 2398 κεῖν
988 2372 1109 2406 γίνεσθαι
1129 2372 1245 2406 τυφλοὺς
1266 2372 1322 2402 τοῖς
1344 2370 1380 2405 μὴ
1402 2369 1520 2396 συνιοῦσι
1545 2369 1576 2396 τὸ
1600 2369 1694 2400 πάθος.

910 2417 1011 2445 Natura
1028 2417 1236 2453 perlectioribus
1251 2416 1413 2444 animalibus
1429 2415 1532 2445 invida,
1549 2417 1590 2441 sui
1605 2419 1695 2441 tamen

911 2464 938 2491 in
955 2465 1126 2499 serpentibus
1147 2463 1260 2498 prodiga
1289 2462 1468 2497 conspicitur.
1494 2460 1521 2488 Si
1552 2461 1595 2488 cui
1624 2460 1695 2487 enim

910 2511 952 2537 vel
971 2511 1137 2538 levissimum
1155 2510 1218 2544 quid
1233 2510 1259 2536 in
1275 2509 1370 2535 oculos
1386 2507 1523 2541 injeceris,
1537 2511 1634 2541 praeter
1648 2505 1694 2532 ᾶυς

911 2553 982 2581 lores
995 2554 1153 2585 immensos,
1162 2558 1188 2581 et
1199 2554 1342 2588 lacrymas,
1352 2560 1413 2587 quae
1420 2551 1552 2579 continuo
1563 2549 1694 2581 deﬂuunt,

910 2603 952 2626 est
975 2605 1001 2626 et
1023 2600 1173 2634 periculum
1202 2599 1272 2630 illis,
1293 2607 1326 2626 ne
1356 2598 1450 2625 morbo
1471 2597 1581 2624 obnoxii
1604 2597 1695 2623 lumen

910 2644 1046 2671 amittant.
1061 2645 1138 2677 Quod
1155 2645 1178 2672 si
1197 2644 1341 2679 contigerit
1354 2664 1361 2675 ,
1379 2651 1513 2679 nusquam
1529 2643 1561 2670 ad
1579 2642 1694 2677 primam

911 2690 983 2716 illam
1008 2691 1093 2718 aciem
1112 2691 1216 2726 regredi
1230 2692 1330 2719 valent.
1347 2691 1525 2725 Serpentibus
1541 2690 1567 2716 id
1582 2695 1695 2717 conces-

911 2736 963 2767 sit,
978 2743 1094 2770 quorum
1109 2737 1205 2765 oeulos
1220 2737 1242 2764 si
1259 2738 1434 2769 laceraveris,
1448 2737 1492 2764 alii
1506 2739 1693 2768 renascentur,

910 2786 937 2808 et
957 2782 1028 2808 idem
1051 2790 1113 2809 cum
1134 2783 1272 2817 prioribus
1289 2791 1388 2810 munus
1404 2782 1580 2818 prastabunt.
1597 2780 1694 2809 Notavi

911 2832 943 2852 ex
957 2824 1113 2857 Aristotele,
1128 2824 1165 2851 De
1179 2825 1241 2853 In'st.
1261 2826 1355 2857 anim,
1371 2825 1417 2852 lib.
1438 2832 1456 2851 ιι
1466 2845 1474 2856 ,
1487 2832 1546 2856 cap.
1563 2823 1595 2851 i7
1605 2843 1612 2856 ,
1630 2822 1694 2851 Eat-
