1897 3073
219 106 272 135 91⁸ιό

865 107 988 136 LEONIS
1005 107 1141 135 ALLATII

1796 112 1845 139 964

218 166 275 192 nire
293 164 456 199 stupentibus
471 164 541 192 idem
556 165 624 200 quod
639 165 720 199 pulli:
742 156 914 192 hirundinum
931 174 991 192 non-

1056 173 1106 196 τας
1115 172 1121 180 '
1138 166 1184 191 καὶ
1195 165 1258 197 τοὺς
1271 166 1374 198 ἰδόντας
1385 168 1466 195 αὐτόν
1476 175 1481 181 “
1493 169 1540 196 καὶ
1550 169 1592 196 ὅτι
1602 169 1658 196 τῶν
1672 169 1762 196 ἄλλων
1771 169 1847 201 ζώων

217 210 286 237 nulli
299 211 482 241 aiunt;oculis
492 211 561 238 enim
573 215 720 244 serpentum
734 211 869 243 laceratis,
878 211 1003 238 subnasci

218 255 286 282 alios
297 256 432 290 referunt;
447 256 542 283 cauda
559 257 641 283 etiam
655 255 762 283 lacerti:
783 261 860 291 atque
873 257 1002 291 serpenti-

218 301 265 327 bus
281 307 425 336 antputatte
441 307 626 329 renascuntur.
641 301 756 332 Plinius,
766 302 812 328 lib.
829 309 867 333 ιι,
880 309 940 336 cap.
957 301 1002 334 57,

219 347 374 382 Serpentum
381 348 477 374 catulis
485 353 510 374 et
524 348 696 374 hirundinum
707 347 798 383 pullis,
807 348 830 374 si
845 347 902 381 quis
914 351 1001 378 eruat,

218 394 320 420 renasci
336 394 456 420 tradunt.

252 437 319 465 Ibid.
328 439 383 466 Kal
391 439 565 473 νηστεύσας
572 438 693 473 ἡμέρας.
707 439 878 468 Aristoteles.
888 438 924 465 De
938 439 1001 467 hist.

216 485 299 511 anim.
315 485 334 512 l.
348 492 407 516 vtn,
429 492 453 511 c.
471 484 498 517 4,
515 484 560 511 diu
572 489 599 511 et
613 488 753 518 serpentes
769 488 796 511 et
807 484 952 519 phalangia
965 483 1003 511 vi-

216 538 279 557 vere
301 538 380 565 posse
399 530 458 557 sine
477 530 538 557 cibo
568 529 693 560 afﬁrmat.
712 529 784 564 quod
804 537 836 556 ex
861 529 906 561 iis,
932 537 1002 564 quos

216 576 432 610 pharmacopolae
456 576 532 602 alunt
548 577 719 610 perspicuum
743 579 796 603 est.
823 576 1000 610 Epiphanius.

215 622 243 648 in
264 621 382 656 Physiol.
397 629 423 648 c.
437 622 469 648 15
482 630 488 648 :
507 622 591 648 Ὀταν
607 622 744 657 γηράσκῃ,
762 622 942 657 ἁμὸλύνονται
955 623 1003 649 αὑ-

214 666 261 692 τοῦ
278 668 302 693 οἱ
317 667 460 702 ὀφθαλμοὶ,
476 667 522 693 καὶ
537 666 584 693 ὲὰν
608 667 764 699 ἀνανεάζειν
787 665 880 694 ἑαυτὸν
903 668 1001 704 βούλη-

213 721 269 743 ται,
283 713 406 748 νηστεύει
419 713 524 748 ἡμέρας
538 713 750 748 τεσσαράκοντα,
762 713 814 745 ἕως
827 713 860 740 ἆν
873 714 904 741 τὸ
916 714 1002 750 δέμας

214 758 297 785 αὐτοῦ
324 759 465 794 χαυνωοῇ,
486 759 533 786 καὶ
557 759 679 794 εὑρίσκει
708 760 820 795 πέτραν,
845 761 892 787 καὶ
917 763 1001 797 ραγα-

213 804 337 831 δαστεύει
347 814 353 819 ·
375 804 515 841 προκύψας
531 805 559 831 δὲ
578 805 621 831 διὰ
643 806 692 841 τῆς
706 806 775 842 ὀπῆς
790 807 900 833 ὠθεῖται
915 807 1000 843 περά-

1053 209 1120 236 εἴτι
1137 211 1183 237 καὶ
1199 211 1296 246 ἅψαιτο
1318 212 1365 238 τοῦ
1390 213 1459 245 ζῴου
1476 214 1639 250 ἁνηρμένου,
1656 216 1705 242 καὶ
1720 216 1787 242 αὐτὸ
1801 224 1844 242 τε-

1053 255 1135 290 λευτᾷ
1148 256 1258 289 εὐθέως,
1274 266 1321 284 και
1333 258 1377 285 διὰ
1390 259 1469 286 τοῦτο
1485 261 1540 287 πᾶν
1557 261 1640 287 αὑτοῦ
1655 262 1688 288 τὸ
1701 262 1782 296 γένος
1792 263 1845 289 τῶν

1053 301 1139 328 ἄλλων
1162 302 1263 337 θηρίων
1288 304 1371 337 ἐγγὺς
1395 302 1464 331 εἶναι
1480 305 1653 340 (ρυλάττεται.
1679 307 1784 335 Eadem
1802 316 1844 335 re-

1054 346 1107 374 fert
1124 346 1224 380 Horus,
1248 349 1294 375 lib.
1321 357 1340 380 ι,
1359 357 1419 384 cap.
1438 351 1464 382 1,
1488 355 1515 378 et
1535 352 1582 378 lib.
1603 360 1633 381 ιι.
1650 360 1713 387 cap.
1729 352 1759 379 61
1775 362 1782 386 ;
1799 354 1844 380 Αι-

1052 392 1148 420 bertus
1169 393 1292 428 Magnus,
1308 395 1355 422 lib.
1372 403 1424 422 xxv
1438 395 1477 422 De
1490 398 1585 430 anim.,
1595 399 1737 425 nominum
1753 399 1843 426 diver-

1052 438 1132 466 sitate
1155 439 1295 474 deceptus,
1312 441 1469 469 basiliscum
1480 444 1700 477 congeminando
1721 445 1791 472 duas
1807 446 1841 472 il-

1053 483 1106 511 lius
1133 485 1238 519 species
1277 485 1400 515 diversas
1425 489 1582 521 constituit;
1620 490 1757 524 siquidem
1786 491 1839 518 duo

1051 530 1141 562 capita
1168 530 1242 562 facit,
1261 531 1377 558 alterum
1393 533 1427 560 de
1454 533 1590 567 basilisco,
1608 536 1727 562 alterum
1742 537 1777 563 de
1799 545 1843 563 ar-

1051 582 1140 602 mene.
1152 574 1292 604 Avicenna
1304 577 1420 612 dubitat,
1434 579 1505 607 sitne
1516 579 1586 607 idem
1601 589 1717 615 serpens
1731 590 1841 610 armene

1053 628 1114 647 cum
1132 620 1271 654 basilisco,
1297 623 1339 650 vel
1354 624 1490 653 diversus.
1516 625 1645 654 Nicolaus
1670 627 1840 656 Leouicenus

1052 673 1191 693 armenem
1206 671 1234 695 et
1248 668 1406 696 basiliscum
1422 671 1528 698 unicam
1539 680 1600 699 esse
1612 674 1734 708 speciem
1750 680 1778 701 et
1788 683 1840 702 non

1052 712 1122 740 duas
1136 714 1230 742 multis
1253 717 1422 750 argumentis
1448 725 1479 745 ac
1500 719 1653 747 rationibus
1670 721 1778 754 probat,
1799 729 1840 748 re-

1051 757 1173 793 fellitque
1199 759 1350 792 Albertum,
1367 765 1394 788 et
1415 762 1593 796 Avicennam,
1613 769 1641 791 et
1654 766 1838 799 quorumdam

1052 804 1165 831 aliorum
1182 806 1349 840 opinionem,
1363 807 1410 842 qui
1432 815 1569 837 armenem
1586 818 1671 838 unum
1688 819 1752 838 cum
1766 818 1841 839 cato-

214 857 270 880 σαι,
297 850 343 876 καὶ
365 838 489 876 extanti.
515 849 545 876 τὸ
568 838 676 885 γῆραςξ
701 838 758 878 καὶ,
771 851 917 879 ἀποϐαλὼν
935 838 991 880 uim

1051 850 1130 885 blepa
1153 838 1509 889 constituebant.-Decepti,
1529 861 1557 882 ut
1571 861 1648 890 puto,
1677 858 1839 885 auctoritate

213 895 354 931 τερπωλὴν
372 896 485 931 παρέχει
503 896 661 927 νεανίσκων.

250 940 328 974 lbid.,
344 942 393 968 lin.
410 942 453 969 10.
479 942 536 968 Kal
551 942 717 977 εἰσέρχεται
732 945 777 977 εὶς
788 945 857 979 par.
883 944 1000 980 Serpen-

212 991 255 1014 tes
269 993 405 1015 senectam
426 997 526 1016 exuere
550 990 675 1017 scribunt
688 990 860 1024 Aristoteles,
877 991 915 1018 De
935 992 997 1020 hist.

211 1033 292 1060 anim.
319 1033 365 1061 lib.
391 1041 451 1064 vut,
472 1042 498 1061 c.
518 1035 566 1067 i7;
584 1035 720 1067 lElianus,
745 1036 762 1063 l.
778 1044 816 1068 ιχ,
832 1044 857 1064 c.
883 1038 933 1072 16;
952 1038 998 1065 Ni-

211 1079 324 1110 cander,
351 1080 378 1106 in
406 1079 557 1112 Tlterlact's;
584 1081 732 1117 Virgilius,
762 1090 781 1109 ιι
807 1083 900 1118 Georg.
927 1089 954 1111 et
978 1093 997 1111 ιι

210 1123 340 1157 Afrani;
360 1124 484 1157 Nonnus,
500 1125 677 1161 Dionysiacon
702 1128 719 1154 Ι.
738 1136 796 1161 xu;
815 1128 954 1160 Simmias.
970 1131 997 1157 in

210 1169 293 1201 Ala.;
311 1169 446 1197 Tlieodor.
472 1171 491 1198 Ι.
508 1179 516 1197 ι
535 1171 710 1206 Tlterapeut.;
732 1172 847 1204 Plinius.
864 1174 881 1201 l.
896 1182 955 1206 vm,
971 1182 996 1203 c.

209 1215 244 1241 27
258 1215 381 1250 ninguis
397 1215 511 1251 hyberno
526 1217 579 1243 situ
596 1217 747 1244 membrana
759 1221 874 1253 corporis
885 1220 997 1247 obducta

210 1261 326 1295 faeniculi
342 1269 418 1287 succo
434 1261 646 1295 impedimentum
669 1263 736 1289 illud
752 1265 834 1295 exuit,
848 1265 997 1300 nitidusque

209 1311 310 1334 vernat.
336 1306 417 1334 Exuit
432 1313 519 1334 autent
537 1316 552 1334 a
571 1308 655 1342 capite
676 1309 802 1342 primum,
820 1319 865 1337 ncc
887 1311 996 1339 celerius

209 1361 289 1388 quam
305 1361 356 1380 uno
369 1353 421 1384 die,
439 1362 470 1380 ac
486 1359 560 1380 nocte
575 1354 714 1388 replicans.
729 1361 757 1382 ut
770 1363 845 1383 extra
857 1358 905 1392 ﬁat
916 1366 997 1384 mem-

210 1398 305 1429 brana,
331 1398 399 1432 quod
425 1398 511 1432 fuerat
535 1399 623 1430 intus;
650 1398 750 1433 Horus,
767 1401 784 1428 l.
811 1409 829 1433 ι,
855 1410 879 1429 c.
896 1402 923 1428 2.
942 1401 997 1430 Nec

211 1443 298 1477 parcit
319 1443 369 1470 hac
385 1443 411 1470 in
431 1451 459 1470 re
481 1443 607 1471 Cardano
630 1443 760 1480 Scaliger,
778 1454 867 1474 exerc.
887 1447 946 1479 189,
966 1456 993 1476 n.

211 1489 238 1520 5,
258 1488 305 1516 sed
323 1496 433 1516 causam
453 1489 597 1516 adductam
614 1498 697 1525 quare
709 1497 848 1526 serpentes
868 1499 994 1520 senectti-

209 1537 264 1561 tem
292 1538 394 1560 exuant
423 1538 534 1568 propter
561 1535 711 1562 siccitatem
735 1536 868 1564 duntaxat
897 1538 994 1566 refellit

208 1580 332 1614 exelnplo
347 1579 492 1612 stellionis,
509 1580 554 1615 qui
569 1588 624 1608 non
640 1585 683 1608 est
707 1582 799 1610 siccus
818 1587 845 1610 et
866 1585 951 1616 exuit,
968 1589 995 1612 et

208 1626 336 1653 arborum
359 1626 518 1658 sicciorutn,
533 1627 580 1662 qui
599 1628 728 1656 corticem
751 1629 853 1656 nullum
869 1634 993 1665 mutant;

208 1673 412 1705 cantharidum,
428 1681 489 1708 quae
505 1673 574 1700 inter
588 1673 692 1701 insecta
704 1675 864 1703 siccissimas
877 1680 952 1708 sunt,
968 1681 994 1704 et

207 1719 336 1746 cimicum
356 1719 516 1752 volantium,
532 1727 602 1754 quos
619 1720 676 1755 ipse
695 1728 725 1748 se
741 1722 836 1756 igneos
851 1727 994 1757 expertum

207 1771 271 1791 esse
288 1765 398 1792 fatetur.

244 1809 324 1841 Ibid”
343 1810 392 1838 lin.
408 1811 451 1838 15.
463 1812 555 1838 ’Ὁταν
570 1812 605 1839 δὲ
622 1813 751 1847 διψήσῃ.
767 1812 805 1841 De
816 1813 918 1848 vipera,
933 1821 994 1848 quae

207 1863 341 1883 venenum
365 1857 474 1891 exspuit
490 1858 554 1885 dum
575 1866 637 1885 cum
659 1866 779 1886 muraena
805 1860 990 1894 congreditur,

207 1901 277 1930 idem
286 1903 410 1929 scribunt
421 1904 561 1938 Oppianus
574 1905 700 1932 Ἀλιευτ.
711 1913 719 1932 l
730 1914 737 1938 ;
749 1905 825 1933 l’hile
834 1906 861 1933 in
869 1905 991 1940 lambis;

205 1946 325 1974 Achilles
341 1947 447 1978 Tatius,
465 1952 491 1975 et
510 1949 567 1976 alii.

241 1992 321 2024 lbid.,
342 1994 389 2019 lin.
408 1993 452 2021 l9.
467 1993 498 2020 Ὀ
514 1994 548 2021 δὲ
558 1995 744 2029 ,βασιλίσκος
756 1997 811 2024 lor.
828 1997 990 2026 Basiliscum

205 2041 232 2065 et
243 2038 342 2065 olfactu
359 2043 510 2070 nouantem,
529 2044 555 2066 et
569 2041 704 2068 hominem
719 2043 741 2070 si
756 2043 869 2077 aspiciat
884 2048 989 2071 tantum

206 2083 362 2112 interimere
379 2085 446 2111 dicit
468 2085 583 2117 Plinius,
602 2087 648 2114 lib.
667 2095 740 2121 xxtx,
756 2096 817 2124 cap.
839 2090 867 2121 4,
891 2090 918 2117 in
935 2099 990 2125 quo

205 2129 265 2157 loco
291 2138 339 2164 pro
364 2131 475 2165 olfactu,
503 2132 591 2167 afﬂatu
615 2134 788 2162 restituerem
803 2143 836 2163 ex
849 2138 988 2164 communi

1051 895 1143 929 Plinii,
1166 898 1212 933 qui
1233 899 1280 926 lib.
1302 908 1361 931 vm,
1379 901 1459 936 capit.
1477 901 1522 933 21,
1539 902 1588 934 ait,
1605 904 1838 938 quemadmodum

1050 942 1220 975 basiliscum,
1234 944 1269 970 ita
1283 948 1310 972 et
1324 946 1492 981 catoblcpam
1505 947 1547 974 vel
1557 948 1615 975 solo
1625 954 1739 983 aspectu
1753 949 1839 976 homi-

1051 995 1099 1015 nes
1128 993 1210 1024 atque
1225 990 1279 1017 alia
1293 991 1420 1018 animalia
1433 993 1597 1021 interimere.
1618 994 1697 1022 Mons
1712 996 1777 1022 item
1792 997 1837 1031 qui

1049 1032 1189 1069 Narsingae
1216 1042 1329 1070 regnum
1356 1035 1454 1063 dividit
1478 1045 1493 1064 a
1510 1037 1656 1074 Malaharis
1673 1040 1775 1068 multas
1791 1041 1838 1067 alit

1050 1079 1132 1113 feras,
1151 1081 1220 1108 inter
1236 1090 1304 1116 quas
1318 1083 1405 1110 alatos
1421 1092 1524 1119 angues
1543 1085 1691 1114 arboribus
1706 1087 1838 1115 insisten-

1049 1128 1102 1156 tes,
1119 1133 1189 1160 quos
1205 1127 1282 1154 aiunt
1303 1129 1362 1156 solo
1378 1130 1484 1162 alliatu,’
1498 1132 1540 1159 vel
1565 1133 1646 1159 etiam
1665 1134 1774 1166 obtutu,
1790 1143 1837 1162 eoa

1048 1172 1094 1205 qui
1122 1173 1233 1207 propius
1260 1175 1394 1202 accedunt
1419 1176 1580 1205 interficere.
1607 1178 1698 1207 Julius
1715 1179 1837 1215 Scaliger

1049 1216 1075 1242 in
1093 1215 1258 1251 Cardanum,
1277 1221 1389 1248 exercit.
1402 1221 1463 1249 249.
1479 1222 1572 1256 refert,
1586 1232 1616 1251 se
1642 1225 1742 1260 legisse
1764 1227 1835 1260 apud

1048 1264 1213 1292 recentiores
1225 1264 1316 1292 Roma:
1327 1265 1416 1294 Leone
1428 1269 1555 1302 pontiﬁce
1571 1270 1690 1297 maximo
1703 1271 1738 1298 ad
1750 1272 1835 1298 aedem

1046 1307 1138 1336 Lucite
1156 1310 1207 1337 sub
1223 1311 1325 1339 fornice
1339 1313 1505 1340 stabulatuin
1521 1323 1583 1343 esse
1599 1315 1772 1349 basiliscum,
1788 1326 1835 1345 cu-

1045 1355 1091 1389 jus
1106 1356 1196 1383 alllatu
1214 1365 1309 1391 magna
1328 1359 1370 1385 lue
1387 1359 1482 1387 all'ecta
1502 1360 1589 1389 Roma
1605 1363 1702 1395 fuerit,
1719 1372 1835 1399 eumque

1047 1399 1119 1427 illico
1148 1401 1284 1435 pontifit-is
1313 1404 1439 1438 precibus
1460 1406 1638 1435 exstinctum.
1672 1407 1834 1436 Basiliscum

1046 1455 1101 1474 non
1117 1448 1250 1475 incantari
1266 1452 1392 1476 testatum
1404 1452 1541 1479 estsacris
1550 1451 1662 1481 Litteris
1675 1464 1682 1481 :
1693 1453 1761 1481 Ecce
1777 1463 1834 1490 ego,

1046 1493 1129 1527 inquit
1148 1493 1285 1527 Dominus,
1299 1497 1401 1523 mittam
1419 1498 1489 1525 vobis
1503 1505 1632 1533 serpentes
1646 1502 1761 1537 regulos,
1776 1505 1835 1538 qui-

1046 1538 1092 1565 bus
1106 1547 1156 1565 non
1167 1544 1204 1566 est
1219 1540 1372 1575 inmutatio.
1382 1548 1407 1569 et
1419 1545 1571 1572 mordebant
1585 1548 1655 1574 voe'.
1672 1547 1832 1581 Quinetiam

1045 1583 1154 1618 quidam
1170 1586 1510 1617 crediderunthasiliscum
1529 1591 1732 1621 incantamenta
1743 1595 1832 1623 discu-

1044 1637 1112 1661 tere.
1129 1637 1155 1660 et
1171 1633 1206 1660 ab
1220 1635 1264 1662 his
1282 1635 1338 1670 jam
1357 1641 1453 1672 captos
1469 1639 1538 1666 alios
1562 1646 1704 1676 serpentes
1722 1644 1791 1671 solvi
1807 1650 1833 1672 et

1045 1677 1165 1707 liberari.
1189 1679 1283 1707 Obiter
1304 1682 1424 1710 notanda
1440 1688 1482 1711 est
1506 1685 1548 1713 hic
1565 1686 1713 1722 Augustini
1741 1690 1831 1726 Eugu-

1043 1724 1100 1751 bini
1123 1727 1270 1759 sententia,
1297 1729 1344 1763 qui
1367 1729 1394 1756 in
1418 1729 1582 1766 Cosmopwia
1607 1740 1764 1769 serpentem
1785 1724 1830 1773 qui

1043 1769 1126 1797 Evam
1151 1772 1256 1808 decepit
1285 1774 1371 1802 fuisse
1395 1776 1556 1805 basiliscum
1578 1787 1682 1813 censet.
1706 1789 1736 1810 ut
1760 1769 1830 1812 sicut

1043 1816 1178 1850 diabolus,
1193 1820 1239 1854 qui
1255 1821 1369 1849 tentavit
1384 1822 1479 1856 Evam,
1497 1825 1625 1861 princeps
1640 1827 1730 1857 fuisse
1743 1831 1830 1858 cretii-

1043 1865 1088 1888 tur
1104 1863 1267 1897 daenmnum,
1283 1865 1321 1892 ita
1341 1875 1408 1896 usus
1424 1869 1460 1896 sit
1481 1873 1509 1896 ut
1527 1879 1629 1905 organo
1645 1881 1680 1900 eo
1694 1880 1829 1910 serpente.

1042 1908 1089 1942 qui
1120 1910 1242 1936 omnium
1271 1917 1428 1947 serpentum
1463 1919 1592 1950 tanquam
1623 1926 1671 1946 rex
1704 1908 1828 1949 habetur.

1042 1952 1120 1980 llunc
1135 1963 1199 1982 vero
1215 1964 1277 1984 esse
1298 1957 1468 1990 basiliscum.
1484 1965 1510 1988 et
1534 1970 1634 1990 nomen
1654 1964 1745 1999 ipsum
1761 1967 1829 1994 indi-

1041 2004 1095 2031 cat,
1111 2004 1138 2027 et
1160 2010 1220 2036 quae
1243 2003 1277 2030 de
1305 2004 1458 2033 incredibili
1483 2007 1542 2042 ejus
1568 2009 1602 2036 ad
1629 2013 1785 2040 nocendum
1803 2015 1826 2042 vi

1040 2044 1144 2073 Plinius
1158 2051 1184 2074 et
1199 2047 1309 2076 Solinus
1327 2051 1448 2079 tradunt.

1077 2091 1157 2125 lbid.,
1173 2093 1219 2120 lin.
1236 2094 1280 2121 22.
1304 2095 1471 2130 Ἰστοροῦσι
1484 2098 1518 2125 δὲ
1533 2101 1636 2128 αὐτόν.
1654 2101 1788 2140 Origenes
1801 2106 1826 2132 in

1040 2141 1134 2164 catena
1158 2138 1249 2167 Grzeca
1267 2141 1295 2167 in
1321 2141 1431 2175 Jerem.,
1447 2152 1508 2179 cap.
1524 2145 1557 2172 49
1574 2156 1579 2173 :
1595 2148 1649 2174 Kal
1673 2138 1752 2183 ὁφὲις
1776 2152 1829 2187 γὰρ

204 2180 347 2203 auctorum
375 2178 521 2209 sententia,
545 2179 591 2213 qui
621 2179 710 2207 alllatu
733 2188 812 2208 suum
828 2183 902 2210 virus
929 2183 986 2210 cir-

1049 2183 1173 2216 οϐόλὶους
1196 2187 1428 2221 εἰκατακλείσεις,
1453 2178 1513 2225 ὄφει
1531 2193 1595 2225 τοὺς
1625 2178 1750 2228 deosin-gi;

203 2229 396 2257 cuiispargere
409 2223 515 2254 dicunt,
530 2228 557 2251 et
573 2225 661 2259 ipsius
677 2225 755 2253 Plinii
772 2227 873 2258 verbis,
894 2229 912 2254 l.
928 2237 987 2259 vui.

203 2274 228 2294 c.
245 2267 276 2294 21
290 2277 296 2294 :
309 2267 405 2295 Eadem
417 2274 440 2296 et
456 2269 573 2297 basilisci
586 2272 711 2304 serpentis
728 2277 766 2298 ett
783 2273 829 2299 vis.
843 2273 989 2308 Cyrenaica

202 2311 269 2338 hunc
281 2318 386 2347 generat
406 2315 552 2348 provincia,
574 2324 610 2342 xu
636 2324 687 2342 non
706 2317 820 2352 amplius
844 2319 988 2353 digitorum

202 2359 390 2392 magnitudine,
408 2361 522 2388 candida
545 2362 571 2388 in
588 2363 674 2396 capite
690 2364 805 2395 macula,
830 2369 858 2391 ut
872 2366 987 2401 qundam

200 2403 349 2430 diademate
370 2405 505 2440 insignem.
532 2407 616 2433 Sibilo
640 2416 727 2435 omnes
746 2409 821 2443 fugat
844 2417 985 2445 serpentes,

200 2457 246 2476 nec
266 2450 336 2484 ﬂexu
354 2452 492 2486 multiplici
508 2458 535 2479 ut
558 2454 665 2489 reliquie
687 2463 780 2490 corpus
803 2457 925 2490 impellit,
940 2458 986 2485 sed

199 2495 284 2522 celsus
302 2501 327 2522 et
348 2502 449 2524 erectus
472 2498 499 2525 in
522 2499 607 2526 medio
623 2501 751 2528 incedens.
780 2501 863 2529 Necat
878 2503 985 2536 frutices

199 2549 250 2567 nan
268 2546 401 2569 contactos
417 2543 504 2575 modo,
527 2553 615 2572 verum
637 2553 662 2573 et
686 2547 787 2582 afflatos
802 2555 810 2574 .'
824 2549 911 2575 exurit
927 2549 986 2576 her-

198 2584 266 2613 bas:
282 2589 379 2621 rumpit
395 2596 473 2620 saxa,
497 2590 559 2617 talis
575 2592 612 2618 vis
627 2592 697 2618 ntalo
717 2597 765 2620 est.
788 2593 918 2626 Galenus,
936 2595 982 2622 lib.

200 2630 238 2657 De
252 2631 379 2659 Tlteriaca
393 2633 426 2660 ad
451 2634 576 2662 Pisonem
593 2646 599 2663 ε
625 2636 653 2663 Ὀ
669 2637 717 2672 μὲν
741 2637 795 2673 γὰρ
817 2638 982 2673 βασιλίσκος,

200 2676 278 2703 Ἔστι
294 2677 348 2714 γὰρ
369 2678 399 2704 τὸ
413 2679 505 2715 θηρίον
519 2681 677 2715 ὑπόξανϐον,
695 2684 742 2710 καὶ
763 2684 809 2710 ἐπὶ
829 2686 862 2720 τῇ
879 2686 982 2722 κεφαλῇ

198 2724 272 2756 τρεῖς
297 2723 432 2758 ὑπεροχὰς
457 2725 537 2761 ἔχων,
562 2727 599 2759 ὥς
629 2737 720 2762 φασιν,
746 2730 786 2756 ὅτι
805 2730 851 2757 καὶ
876 2731 983 2766 ὀρεχθεὶς

199 2767 277 2802 μόνον
292 2771 338 2795 καὶ
353 2771 483 2806 συριττων
499 2774 640 2807 ἀκουσθεὶς
651 2776 757 2811 ἀναιρεῖ
771 2777 833 2809 τοὺς
846 2777 980 2805 ἀκούσανα

233 2817 254 2831 ’⁵
269 2815 368 2844 Jerem.
388 2826 446 2852 vut,
463 2819 507 2846 17.

1039 2229 1094 2256 τῶν
1112 2230 1302 2267 δυνατωτέρων
1317 2234 1370 2260 ἀπὸ
1383 2234 1462 2270 λιμοῦ
1477 2238 1715 2274 κατεσϐιομένους,
1734 2243 1787 2274 ἕως
1799 2241 1827 2269 οὗ

1038 2275 1053 2300 ό
1067 2275 1174 2302 πάντων
1190 2277 1363 2312 ἰσχυρότατος
1375 2280 1529 2316 πληρωθεὶς
1545 2283 1597 2309 ὑπὸ
1609 2286 1664 2311 τῶν
1678 2286 1768 2320 ὄφεων
1783 2288 1827 2319 οὓς

1039 2321 1216 2356 κατεδήδοκεν
1239 2323 1253 2349 ὁ
1277 2324 1441 2360 καλούμενος
1467 2328 1578 2363 γένηται
1602 2329 1771 2365 βασιλίσκος,
1791 2334 1827 2360 ἱὸν

1038 2365 1107 2401 ἔχων
1132 2368 1164 2394 ὲκ
1187 2368 1271 2404 μόνης
1300 2369 1364 2402 θέας
1395 2374 1567 2410 καρποφόρον
1594 2376 1702 2413 δένδρον
1735 2379 1827 2414 ξηραί-

1037 2420 1126 2439 νοντα.
1147 2412 1325 2448 Epiphanius.
1348 2416 1457 2444 Advers.
1478 2417 1571 2446 lttures.
1594 2420 1642 2448 lib.
1662 2429 1682 2455 ι,
1701 2412 1778 2450 tom-.-
1791 2425 1825 2455 11.

1038 2457 1133 2485 haeres.
1150 2459 1195 2491 22,
1212 2465 1306 2504 narrat
1322 2461 1392 2489 hanc
1409 2470 1424 2489 a
1447 2465 1589 2493 veteribus
1604 2466 1749 2496 historiam
1766 2478 1827 2504 pro-

1036 2504 1119 2531 ditam
1134 2513 1194 2533 esse
1211 2515 1217 2532 :
1235 2498 1303 2534 Cum
1318 2508 1405 2542 plures
1417 2509 1560 2545 aliquando
1574 2513 1681 2547 aspide:
1701 2516 1730 2542 in
1745 2498 1825 2544 unum

1035 2549 1116 2582 ﬁctile
1145 2559 1191 2578 vas
1217 2553 1340 2587 conjectte
1351 2573 1358 2586 ,
1387 2560 1411 2581 et
1428 2556 1454 2582 in
1471 2557 1651 2590 fundamentis
1666 2563 1825 2596 angulorum

1035 2600 1148 2629 quatuor
1162 2597 1287 2633 cujusque
1302 2600 1436 2627 idolorum
1465 2604 1554 2637 templi
1568 2605 1596 2631 in
1617 2605 1736 2642 .Egypto
1751 2608 1825 2644 depu-

1035 2641 1093 2667 titaz
1108 2647 1203 2674 essent,
1219 2651 1250 2670 ea:
1265 2644 1297 2671 iis
1312 2646 1447 2680 aspidibus
1457 2657 1515 2683 qua:
1526 2650 1624 2683 fortior
1639 2641 1737 2680 eratin
1756 2641 1824 2682 alia:

1033 2691 1139 2722 invasit,
1158 2700 1253 2727 easque
1270 2695 1411 2726 devoravit.
1423 2705 1480 2731 qua:
1491 2706 1550 2724 cum
1565 2699 1624 2726 sola
1643 2704 1822 2733 remansisset.

1032 2738 1120 2769 etquo
1135 2744 1161 2762 te
1177 2737 1257 2764 aleret
1272 2739 1376 2767 Itaberet
1399 2741 1474 2774 nihil,
1492 2743 1519 2769 in
1537 2752 1566 2770 se
1582 2745 1669 2778 ipsum
1686 2752 1785 2774 retorta
1799 2754 1822 2775 et

1033 2787 1048 2805 a
1060 2780 1146 2806 cauda
1160 2781 1289 2814 paulatim
1303 2784 1429 2813 arrudens
1448 2792 1523 2820 parte
1534 2797 1562 2815 se
1571 2790 1743 2825 aliquatenus
1761 2801 1820 2820 cor-
