1897 3073
50 105 129 133 ’963

572 106 604 133 ΙΝ
626 104 812 134 EUbTATlill
832 104 1070 134 HEXAEMERON
1091 106 1208 134 ΝΟΤᾸΞ.

1651 107 1704 136 96ῦ

61 166 149 198 ρον-ἴε
169 164 279 198 depasta
299 169 348 196 est,
372 164 436 191 adeo
458 169 552 191 utnon
573 164 687 197 amplius
701 164 802 196 integra
821 161 866 188 sed
880 163 903 192 Α
917 162 1029 197 signito,
1052 166 1130 197 tergo
1145 163 1272 194 caeruleo,
1293 162 1381 190 cauda
1403 162 1542 190 turbinata
1560 163 1641 198 atque
1659 166 1700 192 in-

61 209 189 236 dimidia
222 210 264 236 sui
291 213 365 243 parte
388 210 512 236 mutilata
537 209 710 243 permanserit
732 216 740 235 :
763 207 862 234 idcirco

61 254 316 290 Aspidogorgonem
331 263 389 282 eam
405 255 584 289 appellarunt:
609 254 654 281 Sic
677 254 748 288 apud
779 253 862 287 Spar-

61 301 180 328 tianum
194 301 221 328 in
233 301 371 328 Antonino
385 300 444 333 Pio,
459 301 534 327 Visus
548 306 586 328 est
602 301 627 326 in
640 300 740 326 Arabia
750 300 861 334 jubatus

61 346 170 380 anguis
180 346 267 380 major
279 345 375 378 solitis,
387 347 431 381 qui
443 355 470 373 se
482 355 498 372 a
509 346 596 373 cauda
607 345 721 373 medium
737 345 858 372 comedit.

62 391 181 427 Saepius
194 400 238 419 me
253 392 361 419 memini
376 393 496 424 audisse,
515 397 542 420 et
554 393 652 428 vulgus
663 393 721 420 sine
737 393 792 419 ulla
805 393 860 420 hae—

59 436 203 464 citatione
219 437 344 470 aﬂirmat,
360 437 516 464 basiliscum
539 438 615 465 nasci
629 446 661 465 ex
681 445 734 465 ovo
745 438 819 472 galli,
836 438 859 465 si

59 483 183 518 quando
208 490 223 510 a
243 483 349 515 rubeta,
374 491 421 511 seu
445 483 546 512 bufone
568 484 653 511 fotum
679 484 724 511 sit.
744 483 815 510 Sane
832 483 859 510 id

59 529 130 556 sine
149 529 233 558 dubio
248 535 351 556 certum
366 534 417 561 est,
435 534 461 557 et
472 529 639 565 experientia
650 529 771 564 quotidie
784 529 860 556 vide-

60 581 132 601 mus
149 575 236 610 gallos
249 575 306 609 jam
323 578 401 602 aetate
419 574 542 602 defessos
556 583 618 602 cum
633 575 857 606 veneris,virium

61 619 272 651 imbecillitate,
304 628 393 655 neque
417 620 535 648 fructum
560 629 650 655 neque
671 629 748 648 usuin
773 621 859 648 ullum

61 665 203 697 habeant,
217 674 298 693 ovum
312 673 417 700 parere,
432 667 583 693 orbiculata
594 658 693 701 ﬁgura,
711 668 803 694 colore
820 668 859 694 ln-

60 715 125 743 teo,
152 711 319 744 ﬁavesccnti,
345 713 444 740 lnrido.
472 712 505 739 Et
529 713 606 746 mihi,
638 713 702 740 dum
731 712 859 741 Lueanim

58 766 158 788 eram.
173 763 313 786 ostensum
331 759 390 791 fuit,
416 760 442 786 in
460 768 515 795 quo
530 765 628 794 przeter
650 760 733 789 hosce
751 761 857 789 colores

58 805 250 832 circumcirca
276 805 360 840 ﬁgura
372 808 495 840 quaedam
512 814 544 833 ex
562 807 664 833 cortice
675 807 734 834 ovis
756 807 856 834 exube~

916 216 1001 235 curva
1015 228 1022 239 ,
1049 209 1124 235 hiatu
1151 209 1278 243 rictuque
1300 209 1357 237 oris
1379 217 1428 244 pro
1444 210 1568 245 corporis
1586 219 1702 246 propor»

913 254 987 281 tione
1003 254 1147 282 immenso.
1166 254 1245 286 Quod
1261 254 1330 281 inter
1343 260 1484 290 serpentes
1503 257 1604 292 potius,
1618 261 1700 293 quam

912 299 1057 328 basiliscos
1072 300 1243 328 referendum
1269 305 1321 332 est,
1344 308 1407 327 cum
1427 309 1476 329 nec
1493 302 1578 330 halitu
1605 309 1695 330 conta-

911 345 992 381 gione
1008 346 1136 378 alliciant,
1153 354 1203 374 nec
1219 350 1331 381 aspectu
1348 348 1616 376 necent-adorientes
1628 351 1700 383 agri-

911 393 996 426 colas,
1014 393 1041 420 ni
1057 393 1176 428 regionis
1198 393 1271 420 illius
1288 393 1374 428 frigus
1390 395 1516 429 aerisque
1539 400 1615 423 certa
1632 401 1698 424 tem-

910 439 1000 474 peries
1015 447 1148 466 venenum
1165 439 1231 466 illud
1254 439 1290 466 ita
1308 447 1492 475 compescere,
1514 441 1700 477 impedireque

910 494 945 513 ne
964 485 1120 512 eﬂ'undatur
1144 485 1278 512 allirmare
1292 485 1419 512 velimus.
1445 485 1523 518 Quod
1548 487 1575 514 in
1593 488 1700 516 adustis

909 531 1065 566 regionibus
1090 531 1311 566 torrentibusque
1333 539 1386 558 non
1403 532 1535 559 eveniret.
1547 531 1698 569 Oppianus,

909 574 958 601 lib.
983 582 990 601 ι
1014 575 1125 602 Ἀλιευτ
1141 596 1148 608 ,
1165 576 1249 610 piscis
1271 575 1415 610 cujusdam
1441 576 1562 604 basilisci
1589 586 1700 608 nomine

909 620 1045 648 meminit.

945 666 1025 697 lbid..
1042 666 1089 694 lin.
1105 666 1151 694 28.
1173 667 1228 694 Ἰὸν
1242 666 1320 700 ἔχων
1338 667 1486 702 χαλεπώτ.
1500 667 1538 695 Ea
1553 668 1635 704 hujus
1650 677 1698 697 ve-

909 711 973 738 neni
999 711 1050 744 vis,
1071 715 1102 738 ut
1128 719 1184 738 non
1209 712 1298 739 solum
1318 715 1393 739 tactu
1417 713 1554 746 absumat,
1574 714 1622 741 sed
1638 722 1699 742 eam

909 757 991 783 etiatn
1005 757 1087 784 rebus
1103 764 1119 783 a
1135 765 1164 784 se
1181 757 1352 792 consumptis
1368 758 1493 792 pestifere
1507 767 1605 794 repens
1624 761 1700 796 inge-

910 807 962 834 rat,
979 803 1014 828 ita
1027 807 1056 828 ut
1074 806 1100 829 et
1117 802 1169 830 illae
1183 803 1266 830 etiam
1282 811 1416 830 venenum
1434 811 1566 840 spargant
1579 811 1607 834 et
1626 807 1697 834 inte-

59 859 135 879 rans
161 839 346 886 spectabatur,
372 839 499 886 tactuque
520 852 621 887 optime
643 852 856 888 dignoscebawr
872 839 893 866 Β
909 849 1018 875 rimant.
1033 848 1148 881 Plinius,
1164 849 1212 876 lib.
1228 856 1287 881 vut,
1303 857 1364 885 cap.
1385 850 1416 877 21
1439 860 1445 877 :
1463 839 1599 878 Creditum
1613 861 1699 887 quon-

56 897 154 925 variis
175 896 289 924 ﬂexibus
309 898 496 932 contortisque
517 898 590 932 gyris
614 898 642 925 in
667 898 781 925 formam
798 906 855 926 ser-

59 943 160 978 pentis
185 942 331 974 desinens,
355 943 524 977 relatumque
548 941 600 969 fuit
622 950 704 969 ovum
729 943 795 970 illud
822 951 856 970 ex

57 989 140 1023 gallo
154 993 260 1016 natum.
281 987 352 1022 Ἐγὼ
367 988 396 1014 δέ
414 997 454 1014 τοι
470 988 500 1014 οὐ
512 988 688 1023 ταχυπειθής,
704 996 747 1015 me
759 996 854 1016 eorum

57 1035 204 1062 inscitiam
220 1035 309 1061 mirari
325 1034 467 1068 dicebam;
484 1034 541 1061 ﬁeri
558 1034 630 1061 enim
649 1041 739 1069 posse,
755 1038 784 1061 ut
795 1035 854 1069 gal—

58 1080 108 1107 lus
133 1083 258 1115 pareret:
276 1080 313 1106 illi
340 1079 562 1114 reprehensionis
576 1080 748 1114 impatientes
762 1081 855 1115 plures

57 1126 209 1153 adducunt
224 1129 308 1153 testes
324 1125 384 1152 aliis
397 1125 476 1153 annis
489 1125 515 1152 id
527 1126 608 1153 etiam
629 1125 765 1159 evenisse,
779 1131 805 1154 et
822 1126 856 1153 il-

56 1172 104 1199 los
121 1179 185 1199 esse
201 1176 285 1199 testes
297 1172 323 1198 in
342 1171 393 1198 hoc
408 1171 540 1202 oculatos,
553 1175 580 1198 et
595 1171 647 1198 ﬁde
661 1171 767 1206 dignos.
784 1171 854 1199 Dum

57 1218 156 1245 adhuc
172 1218 322 1250 obstarem,
339 1221 366 1244 et
389 1217 468 1252 quasi
490 1225 584 1244 eorutn
605 1216 666 1244 ﬁdei
682 1221 854 1253 contemptor

56 1266 168 1292 abirem
186 1272 299 1292 aversus
309 1284 317 1296 ,
332 1264 498 1291 contrahunt
513 1269 626 1297 vestem,
642 1265 722 1299 vique
744 1269 852 1300 raptum

57 1315 178 1343 cogunt,
195 1315 226 1337 ut
249 1318 303 1338 una
327 1311 514 1346 procederem.
540 1310 609 1343 Quid
632 1311 769 1338 facerem?
787 1318 853 1346 pro-

56 1357 147 1388 cessi,
173 1359 283 1383 domum
310 1357 336 1383 in
363 1364 416 1391 quo
431 1357 519 1390 gallus
544 1361 612 1388 erat,
653 1357 806 1389 invisimus,
827 1361 854 1384 et

55 1409 143 1429 ovum
163 1401 235 1429 unde
252 1401 419 1428 abstulerant
440 1402 588 1436 deponunt.
605 1402 698 1429 Gallus
713 1403 759 1437 qui
780 1402 854 1430 vide-

55 1448 143 1475 batur
166 1448 260 1475 nescio
277 1448 414 1483 quomodo
432 1450 569 1476 turbatus.
584 1449 675 1475 statim
694 1449 786 1483 agnito
797 1448 852 1476 fetu

56 1493 210 1525 acclamat,
234 1494 363 1526 accurrit,
390 1497 479 1521 rostro
498 1493 576 1527 quasi
597 1493 772 1524 deosculatus,
801 1494 852 1531 abs

57 1540 194 1574 expansis
222 1539 414 1574 superiusedit.
444 1539 626 1567 Discedimus.
649 1539 715 1567 Post
741 1539 851 1566 tertium

56 1585 134 1612 diem
153 1585 254 1612 accedo
268 1590 380 1612 vocatus
392 1594 397 1612 :
408 1585 496 1620 gallus
510 1592 590 1612 ovum
607 1585 724 1618 fovebat,
739 1585 792 1612 cibi
803 1592 852 1620 po-

56 1636 164 1666 tusque
180 1632 339 1664 immemor;
364 1639 503 1667 nunquam
525 1631 570 1658 illo
591 1631 681 1658 triduo
696 1631 792 1658 cistam
809 1639 852 1658 re—

56 1677 193 1711 liquerat.
220 1676 257 1703 Eo
282 1677 377 1710 minis},
407 1677 558 1711 baculoque
580 1676 693 1711 depulso
717 1683 798 1703 ovum
822 1676 851 1704 in

57 1723 204 1749 fornacem
223 1721 359 1756 abjicitur.
384 1721 497 1748 Pariunt
521 1721 613 1756 itaque
629 1721 704 1756 galli,
727 1724 754 1748 et
772 1721 850 1748 incu-

56 1768 139 1795 bant.
156 1767 256 1794 Verum
277 1775 311 1794 an
328 1775 359 1794 ex
381 1767 426 1793 illa
446 1762 620 1794 incubatione
644 1766 789 1793 basiliscus
809 1765 850 1800 gi-

56 1813 210 1849 gneretur?
234 1812 355 1840 Dicerem
376 1813 486 1848 aliquod
501 1812 612 1844 animal,
628 1812 711 1846 idque
731 1820 850 1839 veneno-

56 1867 123 1887 sum
139 1859 258 1894 prodire,
283 1866 346 1885 cum
369 1859 457 1894 putris
472 1859 517 1885 illa
535 1859 658 1889 materia,
674 1866 735 1893 quae
753 1858 779 1884 in
798 1865 850 1885 ovo

56 1905 138 1938 latet,
163 1909 290 1932 concreta
307 1905 333 1931 id
355 1904 454 1932 habeat
478 1905 550 1939 quod
575 1904 675 1931 similia
704 1903 848 1938 producat,

54 1959 122 1986 qua:
136 1955 164 1978 et
181 1951 244 1985 galli
261 1951 358 1983 halitu,
382 1951 423 1978 vel
439 1951 550 1977 alterius
570 1950 717 1977 animantis
733 1950 848 1977 animari

55 2005 143 2033 posse
162 2005 215 2024 non
232 1997 337 2029 dubito,
353 2001 382 2024 ut
396 1997 519 2024 videmus
535 1997 562 2024 in
579 1997 623 2028 iis,
639 2004 699 2031 quae
713 2004 745 2024 ex
759 1996 848 2031 putri-

54 2045 104 2072 dis
130 2044 293 2078 corporibus
319 2048 496 2071 enascuntur.
523 2044 613 2076 Quare
640 2047 666 2070 et
693 2051 742 2070 sua
769 2043 848 2070 laude

55 2089 174 2124 dignum
190 2089 428 2125 estJEgyptiorum
445 2090 595 2121 inventum,
611 2090 656 2124 qui
674 2090 733 2117 ovis
747 2089 847 2116 ibidem

55 2135 237 2167 insidiantur,
254 2140 414 2170 repertaque
430 2135 568 2170 frangunt,
585 2142 619 2162 ne
637 2135 747 2162 noxium
768 2135 848 2169 quid-

56 2183 134 2218 piam
144 2182 205 2209 inde
215 2183 302 2209 trahat
311 2183 454 2218 originem,
471 2183 538 2214 sive,
548 2186 576 2208 ut
585 2182 635 2216 ipsi
643 2182 846 2214 existimabant,

57 2228 218 2256 basiliscus.
249 2228 355 2256 Etenim
373 2237 434 2255 cum
450 2229 536 2256 ibidcs
551 2233 709 2255 venatorum
725 2229 845 2255 venatio-

56 2274 143 2301 nibus
161 2274 306 2308 gaudeant,
331 2274 558 2309 serpentibusque
573 2273 762 2307 inferciautur,
779 2275 845 2301 nulli

55 2321 174 2348 dubium
191 2320 335 2356 aliquando
359 2329 392 2347 ex
415 2328 509 2348 eorum
524 2321 584 2347 ovis
606 2320 765 2356 pestiferum
780 2321 845 2356 quid

57 2367 242 2394 nasciturum.
268 2365 385 2394 Consule
410 2365 641 2402 Theophylactnm
666 2366 844 2398 Simocatum,

57 2411 94 2445 ρ,
121 2416 190 2443 nat.,
206 2415 304 2446 quaest.
326 2411 369 2443 M,
392 2411 465 2446 Ποίῳ
486 2411 557 2446 λόγῳ
573 2410 608 2437 τὰ
635 2410 689 2437 τῶν
708 2410 787 2437 ἴϐεων
804 2410 845 2437 tbi

56 2457 242 2493 εὐχερέστατα
259 2457 380 2484 τίκτουσι
400 2457 572 2492 βασιλίσκους
588 2456 681 2491 ὅφειςς
701 2457 787 2484 Aliam
803 2461 846 2484 ta-

57 2513 122 2532 men
137 2504 257 2531 basilisci
271 2504 471 2539 generationem
492 2507 588 2529 narrat
609 2503 652 2530 hic
674 2503 844 2531 Eustathius.

57 2550 198 2585 Quidquid
213 2554 303 2577 tamen
315 2550 361 2581 sit.
374 2549 498 2577 historici
514 2550 624 2577 tradunt
639 2550 700 2577 illos
716 2550 744 2577 iu
754 2549 844 2576 Africa

57 2597 196 2632 generari,
210 2600 237 2624 et
257 2596 369 2623 torridis
388 2595 441 2623 illis
459 2595 616 2631 regionibus
637 2596 766 2624 nidulari.
791 2595 845 2623 Re-

58 2644 111 2671 fert
125 2642 243 2670 Levinus
253 2642 391 2672 Lemnius.
401 2641 440 2669 De
450 2644 545 2669 occult.
563 2647 619 2669 nat.
637 2643 731 2669 mirae.
742 2642 792 2669 lib.
806 2650 843 2675 tv,

57 2698 118 2726 cap.
137 2689 180 2722 12,
199 2690 227 2717 in
251 2689 368 2717 Saxonia
392 2690 512 2717 basilisci
535 2689 672 2724 quoddam
694 2697 779 2724 genus
796 2689 844 2716 sil-

57 2740 149 2762 vestre
164 2735 266 2770 passim
291 2734 423 2770 conspici,
449 2731 537 2769 capite
559 2735 726 2766 acuminato,
752 2734 845 2762 colore

57 2779 137 2813 ﬂavo,
152 2782 320 2816 longitudine
335 2781 498 2813 dodrantali,
510 2781 638 2808 inusitata
650 2781 843 2813 crassitudine,

57 2833 152 2857 ventre
175 2829 324 2861 maculoso,
349 2829 496 2864 multisque
519 2827 643 2856 candidis
669 2828 778 2863 punctis
801 2828 844 2856 in-

865 1520 888 1552 ϐ

863 2188 885 2215 D

906 894 970 922 dam
992 902 1024 921 ex
1047 903 1112 929 equo
1128 896 1214 922 occiso
1236 895 1325 928 hasta,
1342 900 1367 922 et
1386 904 1432 931 per
1447 905 1505 924 eam
1527 898 1653 925 subeunte
1673 900 1698 926 vi

908 949 959 968 non
980 942 1091 976 equitem
1112 941 1189 968 modo
1213 941 1258 968 sed
1286 949 1380 977 equum
1394 949 1495 977 quoque
1517 943 1696 979 absumptum.

907 987 1045 1020 Elianus,
1072 989 1119 1015 lib.
1143 996 1160 1015 ιι
1184 986 1306 1016 1)εἸιίιι.
1325 990 1419 1020 anim.,
1436 997 1497 1023 cap.
1517 990 1543 1022 5,
1561 991 1592 1017 Εἰ
1610 991 1637 1017 δὲ
1651 992 1698 1019 ἄν-

907 1033 1016 1067 Θρωπος
1038 1033 1147 1067 κατέχει
1173 1033 1281 1067 ῥάϐδον,
1299 1031 1357 1059 εἶτα
1372 1034 1474 1069 ταύτην
1486 1035 1590 1066 ἐκεῖνος
1614 1035 1695 1072 δάκῃ,

905 1077 1035 1113 τέθνηκεν
1048 1079 1061 1105 6
1074 1078 1167 1114 κύριος
1182 1079 1233 1113 τῆς
1249 1078 1342 1113 λύγου.

943 1121 1024 1152 Ibid.,
1051 1122 1099 1149 lin.
1125 1122 1170 1149 29.
1204 1123 1250 1155 Ὡς
1276 1123 1324 1150 καὶ
1353 1124 1412 1151 ἀπὸ
1435 1125 1542 1159 μόνου.
1565 1125 1696 1161 Superius

906 1167 1035 1200 diximus,
1054 1169 1212 1196 basiliscum
1228 1169 1287 1197 solo
1307 1171 1449 1197 oculorum
1471 1175 1583 1206 aspectu
1607 1173 1696 1200 homi-

905 1213 987 1241 nibus
1011 1222 1104 1241 necem
1130 1215 1241 1247 inl‘crre,
1266 1217 1350 1244 variis
1371 1217 1493 1244 historiis
1509 1218 1534 1244 id
1552 1218 1696 1246 referentia

904 1259 966 1287 bus.
981 1259 1146 1288 Franciscus
1162 1260 1308 1293 Vallesius,
1323 1261 1362 1288 De
1379 1271 1456 1289 sacra
1473 1263 1623 1299 pltilosoplt.‘
1632 1272 1693 1300 cap.

904 1304 950 1338 68,
966 1306 1023 1332 iltBC
1038 1305 1162 1333 fabulosa
1179 1315 1240 1334 esse
1255 1308 1406 1341 contendit,
1420 1317 1470 1336 nec
1487 1318 1568 1344 posse
1595 1311 1694 1338 adduci

905 1356 935 1378 ut
953 1352 1056 1380 credat.
1073 1352 1149 1385 Quod
1171 1353 1274 1380 dictum
1296 1362 1377 1388 qualn
1393 1355 1429 1381 sit
1450 1356 1476 1382 in
1493 1357 1516 1382 vi
1525 1364 1552 1382 πο
1575 1357 1695 1392 philoso-

904 1398 958 1432 pho
978 1399 1110 1433 ineptum,
1127 1408 1183 1427 non
1205 1405 1247 1428 est
1264 1409 1333 1436 opus
1350 1402 1444 1429 multis
1465 1406 1612 1437 esphc’tre,
1631 1411 1694 1431 cum

905 1445 1056 1473 rationibus
1067 1450 1093 1472 et
1108 1448 1296 1481 expcrientiis,
1312 1455 1365 1474 non
1381 1449 1542 1483 pertinacia,
1555 1457 1608 1476 non
1622 1450 1695 1486 igua-

903 1489 947 1517 via
962 1491 991 1518 in
1012 1491 1093 1519 rebus
1108 1493 1229 1528 physicis
1243 1494 1377 1528 agendum
1394 1495 1438 1522 sit.
1455 1494 1510 1522 Nec
1529 1495 1635 1524 videtur
1649 1505 1693 1524 sa-

905 1537 1003 1571 pientis
1021 1538 1047 1565 id
1063 1546 1134 1571 esse,
1164 1539 1228 1566 dum
1257 1548 1286 1567 se
1311 1541 1425 1575 opponit
1449 1542 1594 1570 diﬁicultas
1609 1551 1692 1577 quam

903 1590 959 1610 non
974 1583 1110 1619 intelligit,
1126 1585 1199 1611 illico
1215 1589 1345 1620 tanquam
1362 1586 1497 1618 fabulosa,
1514 1596 1574 1622 quae
1586 1588 1621 1615 ab
1631 1589 1692 1616 aliis

902 1637 957 1656 uno
987 1637 1123 1658 consensu
1152 1631 1298 1664 dicuntur,
1329 1632 1451 1666 rejieere.
1489 1632 1541 1660 Sed
1570 1638 1600 1660 ut
1632 1634 1690 1661 hanc

893 1676 1016 1719 ’quatstio
1041 1676 1139 1704 habeat
1164 1677 1252 1705 lucem
1277 1678 1408 1713 aliquam,
1426 1680 1625 1707 consideranda
1649 1686 1692 1709 est

901 1729 984 1749 causa
1007 1730 1068 1757 qua:
1092 1722 1240 1750 Vallesium
1265 1725 1389 1759 impulit,
1419 1729 1449 1752 ut
1474 1725 1531 1753 haec
1561 1731 1690 1762 tanquam

901 1764 969 1791 falsa
984 1762 1136 1792 damnaret.
1153 1765 1220 1792 Cum
1234 1766 1306 1793 enim
1332 1771 1425 1802 ageret
1443 1767 1477 1795 de
1496 1768 1690 1802 fascinatioue,

900 1817 951 1836 nec
977 1817 1072 1837 eorum
1089 1810 1244 1845 opinionem
1263 1811 1344 1838 vellet
1365 1812 1519 1845 admittere,
1541 1815 1587 1848 qui
1608 1814 1690 1841 fasci-

900 1856 1038 1883 nationem
1049 1855 1105 1883 ﬁeri
1120 1856 1249 1884 dicebant
1259 1858 1421 1885 exeuntibus
1432 1859 1541 1886 visoriis
1558 1860 1652 1891 radiis.
1663 1864 1690 1888 et

900 1909 961 1929 cum
977 1901 1019 1929 bis
1036 1902 1135 1929 delerri
1153 1910 1268 1937 vapores
1278 1911 1508 1939 veueuosos,quae
1522 1905 1615 1940 opinio
1632 1914 1687 1933 non

899 1947 1040 1975 videbatur
1055 1948 1093 1975 illi
1110 1948 1275 1981 communis,
1289 1950 1336 1977 sed
1351 1954 1456 1977 tantum
1469 1950 1686 1983 Platonicorum,

900 2000 934 2020 ne
951 1998 1103 2028 cogeretur,
1121 1995 1245 2029 quamvis
1259 1995 1316 2030 ipse
1327 1995 1355 2022 id
1369 2003 1424 2023 non
1442 1996 1569 2032 attingat,
1587 1998 1614 2025 in
1627 2006 1688 2025 eam

900 2040 939 2067 ire
963 2040 1137 2072 sententiam,
1157 2042 1180 2068 si
1204 2041 1326 2069 basilisci
1347 2050 1518 2070 venenosum
1547 2049 1688 2079 aspectum

898 2087 1071 2119 concederet,
1102 2086 1224 2114 fabulosa
1250 2095 1311 2115 esse
1326 2096 1387 2123 qua:
1411 2088 1444 2116 de
1467 2089 1596 2117 basilisco
1619 2091 1687 2117 tanti

898 2131 950 2159 viri
977 2132 1148 2159 tradiderunt
1172 2133 1323 2161 contendit.
1348 2133 1425 2166 Quod
1447 2136 1571 2169 quamvis
1594 2141 1688 2164 contra

901 2177 1054 2206 Aristotelis
1068 2179 1231 2205 sententiam
1243 2179 1338 2206 nescio
1355 2181 1495 2214 quomodo
1512 2181 1602 2208 facere
1615 2182 1686 2209 vide-

902 2228 955 2256 tur,
977 2228 1067 2251 tamen
1093 2231 1143 2251 nec
1166 2223 1367 2251 Platonicorum
1383 2226 1475 2259 opinio
1497 2226 1686 2258 continuatur,

900 2277 950 2297 nec
967 2269 1207 2306 Peripateticorum
1233 2270 1376 2298 refellitur.
1401 2271 1550 2299 Basiliscus
1570 2279 1687 2306 namque

900 2324 954 2344 non
972 2317 1118 2344 emissione
1132 2317 1283 2347 radiorum,
1296 2317 1396 2351 quibus
1414 2320 1543 2351 tanquam
1555 2318 1687 2345 vehiculis

899 2370 1033 2390 venenum
1057 2366 1085 2389 et
1105 2370 1177 2389 noxa
1193 2362 1250 2390 viso
1265 2362 1415 2394 deferatur,
1434 2362 1481 2389 sed
1499 2362 1611 2390 humido
1623 2371 1686 2389 ocu-

899 2407 998 2440 lorum,
1014 2407 1042 2434 in
1057 2415 1112 2442 quo
1127 2412 1255 2442 tanquam
1273 2407 1398 2442 subjecto
1420 2415 1554 2434 venenum
1574 2412 1626 2440 est,
1644 2408 1686 2435 in-

899 2454 955 2480 llcit
970 2461 1044 2485 aera,
1060 2458 1087 2481 et
1101 2461 1149 2488 per
1166 2454 1241 2480 illum
1263 2453 1411 2485 hominem,
1426 2457 1454 2480 et
1474 2458 1601 2488 aspectus
1622 2458 1686 2480 tan-

899 2503 956 2526 tum
973 2492 1121 2534 requiriiur
1143 2503 1172 2526 ut
1188 2498 1288 2534 dirigat
1308 2499 1374 2526 illud
1394 2506 1528 2526 venenum
1552 2498 1579 2526 in
1594 2499 1684 2525 homi-

898 2553 961 2573 nem
985 2553 1065 2580 quem
1086 2546 1168 2573 videt.
1195 2544 1268 2572 Nulli
1296 2545 1367 2573 enim
1385 2544 1497 2571 dubium
1514 2552 1576 2572 esse
1592 2545 1682 2576 debet,

899 2594 950 2621 hoc
967 2594 1067 2620 animal
1083 2601 1162 2621 suum
1175 2595 1345 2629 pestilentem
1360 2594 1485 2626 halitum,
1507 2601 1561 2620 non
1576 2597 1682 2620 tantum

898 2649 979 2676 quem
998 2648 1044 2668 ore
1067 2640 1163 2675 spirat,
1185 2641 1230 2668 sed
1246 2644 1273 2668 et
1290 2648 1371 2675 quem
1395 2644 1452 2667 toto
1468 2647 1581 2676 corpore
1600 2640 1683 2667 exha-

898 2688 945 2717 lat.
973 2687 1111 2714 eii‘undere
1136 2687 1316 2714 circumcirca
1341 2695 1388 2722 per
1411 2691 1497 2713 totum
1522 2695 1612 2714 aerem
1628 2694 1684 2714 am.-

897 2734 1026 2764 bientem,
1051 2741 1166 2768 eumque
1186 2734 1306 2762 inlicere.
1327 2728 1464 2768 Singulai'i
1487 2737 1576 2759 tamen
1600 2733 1682 2760 modo

897 2780 1038 2808 oculorum
1053 2784 1139 2812 motu,
1156 2787 1245 2807 aerem
1261 2787 1444 2810 commovere,
1461 2783 1488 2806 et
1504 2778 1682 2813 perniciosio-

896 2835 954 2855 rem
969 2826 1092 2854 reddere.
1112 2825 1164 2853 Sed
1180 2826 1263 2854 multa
1283 2825 1406 2854 fabulosa
1430 2829 1458 2854 et
1475 2825 1537 2853 ﬁcta
1551 2825 1680 2857 Vallesio.
