1897 3073
192 88 195 91 ’
227 107 281 136 967

897 110 1020 140 LEONIS
1039 111 1179 141 ALLATIl

1803 119 1852 146 968

227 168 318 198 etiam,
331 166 398 201 proh
413 166 505 194 nefas!
521 174 554 195 ex
569 168 656 196 sacris
670 167 830 203 Scripturis,
847 170 919 205 quod
931 179 999 205 quan

1066 180 1112 207 ρος
1120 172 1149 198 ἐν
1156 172 1244 208 εὺδινῇ
1253 174 1416 201 καταστάσει
1424 175 1633 211 φυλαττομένου.
1646 172 1756 211 Ἆμέλει
1763 177 1815 202 οὐκ
1821 178 1851 203 ἂν

228 212 313 246 pium,
325 221 407 247 quam
418 217 516 246 tutum,
528 222 608 249 quam
620 214 805 242 Christianum
819 216 866 243 alii
878 216 1013 251 judicent.

228 256 324 285 Melius
346 263 389 285 est
412 259 549 286 inscitiam
574 259 652 287 fateri
677 267 766 293 suam,
792 269 873 296 quam
900 262 945 289 ubi
972 270 1015 290 res

228 302 300 336 ipsas
329 310 383 330 non
406 303 526 336 noveris,
552 305 674 332 scientiae
694 306 888 341 sapientiaeque
918 307 1013 334 obtutu

228 347 334 375 inﬁcias
367 349 406 376 ire
424 359 430 376 :
447 354 475 376 et
490 357 551 384 quin
566 348 684 384 Spiritus
699 355 811 378 sanctus
831 352 889 386 ipse
902 351 1014 380 dictavit

226 393 348 427 negando
361 394 389 421 in
406 402 515 421 sensum
533 395 615 422 alium
630 395 802 430 detorquere.

261 437 342 471 Ibid.,
358 439 406 466 lin.
422 440 466 466 30.
489 440 516 466 Ὀ
533 440 567 467 δὲ
579 441 735 475 κάνθαρος.
752 441 791 468 lta
811 442 892 469 etiam
911 441 1012 476 ﬂorus,

226 483 274 511 lib.
308 492 328 516 i,
355 492 416 519 cap.
442 485 492 517 l0,
517 485 577 520 βοὸς
607 486 756 522 ἁφὸὄευμα.
793 487 892 515 Suidas
922 494 1012 518 tamen

225 529 297 557 ὄνου.
312 530 419 557 Plinius
436 539 469 558 ex
487 530 609 567 Virgilio,
632 532 758 567 Virgilius
768 534 941 567 juvencorum
958 544 1014 562 cor-

225 582 287 608 pore
303 575 467 608 exanimato,
486 577 554 603 sicut
565 585 688 612 equorum
700 586 801 613 vespas,
817 584 894 614 atque
909 581 1013 609 crabro-

226 629 281 653 nes,
296 622 364 648 sicut
387 623 522 649 asinorum
543 623 691 650 scarabaaos
710 629 828 651 mutante
847 631 956 658 natura,
980 636 1012 654 ea;

225 666 288 693 aliis
304 667 424 701 quadam
443 668 469 694 in
481 668 547 696 alia.
570 668 636 696 Vide
654 670 835 704 Epiphanium
850 671 876 698 in
892 672 1010 700 Ancirot.

224 712 350 741 Clemens
361 714 424 741 item
446 713 543 749 Hypot.
559 723 597 746 vi,
619 716 742 743 homines
761 717 943 752 voluptatibus
965 720 1013 746 imo

225 759 338 792 pensilis
356 759 472 792 deditos,
489 764 517 787 et
541 760 693 794 immersos,
713 769 745 789 ac
766 763 858 790 ebrios
881 767 1011 800 tanquam

224 802 370 830 cantharos
385 803 412 830 in
427 808 546 831 stercore
561 805 678 832 volutari
693 806 798 834 scribit.

260 848 326 876 Ibid.
340 850 643 886 Κυκλοτερὲςσχῆμα.
659 851 760 884 Ηοιιιε,
775 853 823 880 lib.
840 862 859 886 i,
879 862 939 890 cap.
955 855 987 883 l0
1002 865 1009 883 :
1027 844 1047 872 Β

223 893 340 920 Πλάσσει
356 896 524 930 σφαιροειδὲς
541 898 732 932 παραπλήσιον
742 898 779 934 τῷ
794 899 888 935 κόσμῳ
906 900 1008 936 σχῆμα,

221 939 236 965 ὃ
250 940 282 966 ἐκ
296 940 349 967 τῶν
365 941 495 968 ὀπισθίων
518 942 608 977 μερῶν
622 943 735 976 κυλίσας
749 945 802 971 ἀπὸ
824 945 956 982 ἀνατολῆς
970 949 1010 979 είς

221 985 295 1012 δύσιν
311 986 391 1018 αὐτὸς
404 987 472 1022 πρὸς
488 988 617 1023 ἀνατολὴν
633 988 736 1023 βλέπει,
751 990 794 1016 ἴνα
811 991 903 1027 ἀποδῷ
921 993 951 1019 τὸ
963 994 1009 1021 τοῦ

220 1031 322 1066 κόσμου
347 1033 450 1068 σχῆμα.
467 1033 601 1069 Georgius
621 1033 737 1067 Pisides,
760 1035 798 1063 De
819 1038 914 1064 mundi
932 1040 1010 1073 api/i-

219 1077 278 1109 cio;
296 1076 438 1110 Elianus,
454 1079 501 1107 lib.
525 1088 553 1112 ι,
575 1088 636 1115 cap.
654 1081 709 1109 15:
731 1082 760 1108 '0
778 1083 913 1119 κάνθαρος
924 1085 1008 1121 ἄθηλυ

219 1122 288 1154 ζῶόν
304 1124 371 1151 ἐστι.
385 1125 494 1161 Σπείρει
504 1126 532 1152 δὲ
546 1127 584 1158 είς
594 1127 644 1162 τὴν
654 1129 769 1164 σφαῖραν
781 1129 813 1164 ἣν
822 1130 906 1156 κυλίει
915 1139 921 1146 ⁸
936 1131 1008 1158 ὀκτὼ

218 1167 246 1194 δὲ
279 1169 326 1195 καὶ
351 1170 436 1196 εἴκοσι
453 1170 565 1206 ἡμερῶν
594 1171 672 1198 τοῦτο
696 1173 810 1208 δράσας.
839 1176 886 1202 καὶ
904 1175 1007 1211 θάλψας

217 1214 313 1250 αὐτὴν,
322 1213 379 1242 εἶτα
391 1217 481 1251 μέντοι
490 1218 522 1252 τῇ
536 1217 581 1243 ἐπὶ
593 1217 705 1250 ταύταις
713 1220 826 1254 προάγει
834 1221 878 1248 τὸν
890 1223 1005 1251 νεοττὸν.

251 1259 332 1293 lbid.,
346 1261 395 1289 lin.
411 1261 456 1289 51.
481 1262 558 1288 Φασὶ
570 1262 604 1289 δὲ
620 1264 724 1292 αὐτόν.
742 1263 822 1293 Forte
840 1266 875 1293 ad
897 1267 948 1294 hoc
964 1275 1006 1295 re-

217 1306 306 1340 spexit
327 1307 500 1339 Aristotcles,
526 1307 565 1335 De
587 1308 651 1335 hist.
672 1310 756 1337 anim.
774 1311 821 1338 lib.
844 1320 870 1344 ν,
885 1320 945 1348 cap.
960 1313 1003 1346 l9,

217 1349 353 1378 διανειὺωί
369 1353 489 1387 pilularii
506 1353 534 1380 in
548 1354 610 1388 fimo
630 1362 706 1389 quem
730 1356 833 1383 volvunt
855 1358 1006 1386 conduntur

216 1405 262 1431 per
281 1398 390 1425 hiemem
413 1407 556 1434 parvosque
579 1401 734 1428 vermiculos
755 1403 874 1437 pariunt,
899 1413 932 1432 ex
946 1406 1004 1440 qui-

216 1443 265 1470 bus
280 1443 330 1477 ipsi
341 1451 522 1479 procreantur.

249 1499 330 1531 lbid..
347 1500 396 1527 lin.
410 1499 454 1527 52.
473 1501 513 1527 οῠ
535 1501 589 1535 γὰρ
602 1500 697 1535 θῆλυς
711 1502 801 1536 ῠπάρ.
820 1503 920 1536 Hortis,
942 1505 1002 1532 loco
1015 1516 1036 1545 ο

215 1546 298 1573 citato
314 1545 350 1573 De
373 1545 434 1573 hist.
451 1546 531 1573 anim.
550 1546 597 1574 lib.
616 1555 644 1579 ι,
667 1555 726 1583 cap.
745 1549 788 1581 l5,
810 1550 904 1577 scribit
916 1550 1000 1587 Egy-

215 1591 332 1626 ptiorum
341 1591 486 1619 bellatores
495 1591 522 1619 in
537 1593 645 1620 annulis
657 1593 822 1628 insculptum
832 1596 998 1624 scarabmuin

214 1641 337 1672 gestasse
352 1637 385 1665 ad
403 1637 611 1673 signiﬁcandum
626 1639 692 1667 solis
710 1640 833 1668 maribus
848 1649 896 1676 pro
911 1643 998 1677 patria

213 1691 275 1711 esse
290 1684 455 1716 bellandum,
467 1684 540 1719 quod
563 1686 718 1714 scarabmus
740 1691 816 1714 caret
833 1687 941 1717 femina.
953 1690 999 1716 At-

213 1729 334 1762 τυπτίων
362 1729 389 1756 δὲ
412 1730 437 1756 ol
456 1729 570 1765 μάχιμοι
595 1730 640 1757 ἐπὶ
670 1731 724 1757 τῶν
755 1732 904 1759 δακτυλίων
926 1732 998 1770 εἶχον

212 1774 431 1811 ἐγγεγλυμμένον
454 1775 599 1811 κάνθαρον,
620 1777 804 1812 αἰνιττομένου
818 1778 865 1805 τοῦ
884 1781 997 1815 νομοθέ-

212 1830 259 1848 του
275 1821 330 1847 δεῖν
345 1820 462 1857 ἄρρενας
484 1818 554 1847 εἶναι
569 1820 673 1852 πάντας
693 1821 780 1856 πάντη
796 1822 859 1854 τοὺς
879 1824 998 1859 μαχομέ-

212 1875 273 1899 νους
290 1867 359 1901 ὑπὲρ
377 1866 425 1901 τῆς
438 1865 540 1901 χώρας.
562 1866 638 1892 Ἐπεὶ
653 1867 700 1894 καὶ
713 1868 726 1894 ὁ
739 1867 872 1904 κάνθαρος
888 1869 997 1905 Θηλείας

212 1911 319 1947 φύσεως
331 1911 361 1937 οὐ
378 1910 545 1946 μετείληχεν.

245 1956 312 1984 Ibid.
330 1956 383 1983 Kal
400 1957 426 1982 ol
444 1956 596 1989 Αἰγύπτιοι
612 1955 661 1983 διὰ
681 1956 748 1990 τήν.
775 1957 875 1986 Praeter
891 1959 997 1988 Plutar-

211 2003 293 2030 chum
307 2006 335 2029 et
351 2000 500 2032 Elianum,
521 2000 656 2028 Eusebius
673 2001 720 2028 lib.
736 2010 764 2028 iii
791 2002 830 2029 De
850 2010 994 2039 prteparat.

210 2049 326 2084 evangel.
343 2049 413 2075 idem
440 2049 516 2076 all'ert
530 2057 562 2076 ex
579 2049 625 2076 lib.
642 2049 774 2085 Porphyr.
790 2051 859 2086 Περὶ
872 2051 925 2086 τῆς
937 2053 996 2079 τῶν

209 2094 352 2129 ἐμψύχων
359 2093 485 2129 ἀποχῆς.
498 2094 638 2129 Αἰγύπτιοι
654 2095 681 2122 δὲ
694 2096 845 2131 ὲσέερθησαν
855 2098 892 2129 ὡς
904 2099 996 2126 εἰκόνα

210 2140 286 2176 ἡλίου
310 2140 445 2175 ἔμψυχον,
466 2140 493 2167 in
510 2149 590 2175 quem
613 2142 744 2169 acerrime
766 2143 904 2170 invehitur
924 2144 994 2171 Pisi-

1067 217 1131 249 ῐδοις
1138 217 1239 253 ὅμὸρον
1253 219 1285 245 ὲκ
1292 219 1380 254 νεφῶν
1389 220 1557 255 ἀπορρυέντα
1569 221 1635 256 παρ’
1642 221 1705 248 ὅσον
1716 221 1812 256 χρόνον
1820 223 1852 249 ὲκ

1064 262 1118 288 τῶν
1128 263 1279 298 μυρμήκων
1288 265 1303 290 ὁ
1310 266 1382 296 σῖτος
1390 266 1579 301 προὸέϐληται.
1590 266 1691 299 Horus,
1702 267 1750 294 lib.
1762 275 1782 299 ι,
1790 276 1849 303 cap.

1065 307 1109 338 5'2,
1119 309 1167 340 ait,
1175 308 1302 338 formicas
1310 312 1338 338 in
1346 312 1460 340 hiemem
1469 315 1519 340 sibi
1529 315 1604 343 cibos
1613 324 1762 352 congerere
1769 325 1797 345 et
1809 326 1852 346 eo-

1064 361 1124 380 rum
1132 355 1250 382 studium
1264 357 1290 383 in
1302 359 1422 392 parando
1438 359 1488 386 sibi
1503 360 1574 392 cibo.
1582 366 1609 389 et
1623 363 1787 398 colligendis
1798 365 1851 391 fru-

1064 400 1153 428 ctibus
1165 403 1476 438 expressitAristoteles,
1493 406 1537 433 lib,
1550 415 1587 439 ix,
1603 416 1663 443 cap.
1678 409 1723 436 58.
1733 409 1848 441 Plinius.

1064 445 1110 472 lib.
1129 454 1167 477 ιι,
1188 454 1249 482 cap.
1270 447 1314 480 30,
1329 457 1361 475 ex
1373 449 1527 482 Aristotele,
1551 452 1658 480 Semina
1676 462 1772 481 arroso
1787 463 1849 482 con-

1063 490 1140 522 dunt,
1167 500 1199 518 ne
1222 500 1314 520 rursus
1336 495 1363 521 in
1381 495 1469 530 fruge:
1489 502 1581 524 exeant
1599 507 1613 525 e
1632 504 1715 526 terra.
1741 500 1848 535 Maiora

1063 537 1098 563 ad
1113 538 1250 565 introitum
1269 539 1399 567 diuidunt.
1424 541 1575 576 Madefccta
1595 545 1677 572 imbre
1697 547 1847 580 proferunt,

1063 588 1140 618 atque
1153 584 1263 613 siccant.
1277 585 1425 620 Operantur
1437 592 1461 613 et
1471 595 1548 615 noctu
1558 590 1634 623 plena
1647 591 1720 618 luna.
1740 591 1846 620 Eadem

1062 628 1202 657 interlunio
1214 637 1326 659 cessant.
1335 632 1398 659 Jam
1411 634 1438 660 in
1447 642 1522 666 opere
1531 636 1575 670 qui
1590 636 1684 663 labor!
1695 646 1756 672 qui:
1768 639 1846 666 sedu-

1062 672 1144 699 litas!
1162 674 1297 707 Elianus,
1316 677 1363 703 lib.
1380 684 1410 709 II,
1430 686 1490 713 cap.
1505 678 1557 712 25;
1575 679 1708 716 ϐροτείως
1727 682 1845 715 Pisides.

1062 717 1101 745 De
1117 720 1208 746 mundi
1222 721 1344 758 opi/icio;
1359 722 1535 757 Epiphanius,
1556 725 1582 751 in
1598 725 1771 762 Physiologo.
1783 736 1845 764 cap.

1061 772 1146 798 xviii;
1172 771 1269 793 auctor
1294 768 1414 802 epistolae
1433 769 1468 796 ad
1493 770 1658 804 pimsidium,
1687 771 1739 800 Dio
1763 774 1849 810 Chry-

1061 816 1208 843 sostomus,
1222 813 1346 841 oratione
1357 815 1466 849 politica
1482 816 1509 842 in
1525 817 1667 848 concione.
1682 819 1738 845 Καὶ
1754 820 1847 854 μέντοι

1061 857 1107 883 καὶ
1127 857 1274 893 μύρμηκας
1288 859 1358 886 πάνυ
1374 861 1458 896 ἡδέως
1479 861 1541 888 ἰδεῖν
1556 863 1639 896 ἐστιν,
1650 865 1726 897 ὅπως
1740 866 1790 900 μὲν
1813 869 1847 894 οὶ-

1060 903 1137 930 κοῦσι
1152 906 1210 940 μετ’
1224 905 1346 940 ἀλλήλων
1364 907 1491 939 εὐκόλως,
1507 908 1581 940 ὅπως
1595 909 1623 935 δὲ
1642 910 1757 943 ἐξίασιν,
1773 913 1845 945 ὅπως

1059 949 1086 975 δὲ
1097 950 1131 976 τὰ
1146 950 1215 986 βάρη
1230 952 1489 987 μεταλαμϐάνουσιν,
1504 954 1577 986 ὅπως
1591 955 1619 981 δὲ
1634 958 1845 994 παραχωροῦσιν

1059 995 1183 1031 ἀλλήλοις
1201 996 1255 1023 τῶν
1272 997 1348 1024 ὁδῶν.
1367 997 1404 1024 De
1423 998 1598 1027 formicarum
1614 1001 1641 1028 in
1663 1002 1757 1030 labOi-e
1777 1006 1845 1031 assi-

1058 1041 1162 1069 duitate
1171 1050 1224 1069 non
1233 1042 1379 1077 injucunda
1389 1049 1429 1070 est
1437 1044 1583 1079 Aphthonii
1592 1047 1724 1081 sophistae
1736 1048 1842 1077 fabella.

1094 1087 1174 1121 lbiil.,
1197 1088 1244 1116 lin.
1263 1089 1308 1116 43.
1327 1089 1446 1117 Βδέλλα
1463 1092 1691 1126 σχωληκοειιῖές.
1713 1094 1752 1123 De
1768 1095 1845 1122 hiru—

1057 1133 1168 1161 dinibus
1189 1133 1373 1167 Dioscorides,
1394 1136 1440 1163 lib.
1464 1145 1502 1169 vi,
1519 1146 1579 1173 cap.
1600 1138 1646 1171 32,
1661 1144 1689 1167 et
1706 1141 1843 1176 Apsyrtus

1057 1180 1126 1214 apud
1142 1180 1249 1208 collect.
1265 1180 1405 1216 Geoponic.
1418 1183 1463 1209 lib.
1482 1191 1536 1211 xw.

1090 1224 1170 1257 lbid.,
1186 1226 1233 1253 lin.
1249 1226 1293 1253 54.
1316 1227 1376 1254 Τῶν
1391 1228 1424 1254 δὲ
1438 1228 1533 1263 ὄφεων
1548 1231 1596 1257 καί
1613 1231 1681 1259 τῶν.
1698 1232 1843 1268 'l‘lieopliy-

1055 1270 1143 1298 lactus
1159 1270 1314 1299 Simocatus
1328 1273 1354 1299 in
1373 1273 1473 1305 Qua'st.
1491 1276 1669 1310 naturalibus,
1684 1284 1785 1310 quaest.
1798 1280 1840 1312 14.

1054 1316 1087 1343 de
1104 1317 1185 1348 ibide,
1202 1317 1312 1344 ’Ἠδεται
1324 1319 1399 1345 τουτὶ
1409 1320 1439 1346 τὸ
1452 1320 1544 1355 ὄρνεον
1556 1322 1618 1349 τινὰ
1630 1322 1734 1358 δυσάῦη
1752 1326 1840 1352 σιτού-

1056 1371 1134 1397 μενον
1145 1371 1150 1376 ·
1160 1363 1248 1398 χαίρει
1261 1363 1288 1390 δὲ
1301 1364 1416 1399 μάλιστα
1426 1367 1471 1392 καὶ
1478 1368 1537 1398 ταῖς
1549 1367 1602 1393 τῶν
1612 1368 1723 1396 ίοὸάλων
1731 1370 1839 1405 ἄγραις,

1053 1407 1274 1443 πολυΰορώτατον
1286 1410 1326 1437 δν.
1349 1411 1427 1438 Ἀλλὰ
1442 1412 1487 1438 καὶ
1506 1414 1560 1444 τοῖς
1570 1413 1664 1448 ὄφεσιν
1681 1415 1746 1446 ἴϐις,
1761 1417 1842 1443 καθὰ-

1053 1460 1106 1488 περ
1125 1453 1139 1479 ό
1160 1452 1324 1488 βασιλίσκος,
1347 1455 1484 1490 πολέμιον.
1510 1457 1556 1483 Διὸ
1581 1459 1628 1485 καὶ
1654 1461 1742 1494 τπερὰ
1761 1460 1840 1487 ἴϐεων

1053 1497 1171 1541 πολέμια
1192 1499 1294 1533 ὕφεσιν.
1319 1501 1532 1536 Ἐμφορεῖταιδὲ
1556 1504 1665 1539 σαρκῶν
1680 1505 1770 1539 Egeo»;
1794 1509 1839 1534 καὶ

1054 1545 1200 1580 σκορπίων,
1216 1547 1262 1572 καὶ
1279 1547 1394 1582 γέγηθεν
1408 1548 1453 1574 ἐπὶ
1467 1548 1551 1584 ταύτῃ
1565 1551 1597 1585 τῇ
1609 1551 1689 1586 θήρᾳ.
1708 1551 1777 1580 Vide
1790 1553 1839 1581 Pe-

1052 1593 1123 1616 trum
1131 1589 1302 1622 Damianum.
1315 1592 1360 1619 lib.
1369 1600 1399 1623 ii,
1409 1600 1467 1628 cap.
1478 1594 1519 1621 l8.
1531 1594 1583 1621 Sed
1592 1595 1624 1622 de
1631 1596 1702 1624 ibide
1711 1597 1836 1626 inferius.

1086 1634 1153 1663 Ibid.
1177 1637 1240 1670 Τοῖς
1261 1637 1296 1664 δὲ
1320 1638 1488 1672 κεράσταις.
1516 1640 1653 1672 ιΕΙίιιιιιιε.
1674 1642 1714 1669 De
1742 1645 1834 1672 histor.

1052 1681 1164 1708 animal.
1181 1682 1228 1709 lib.
1245 1690 1272 1714 x,
1292 1690 1352 1718 cap.
1374 1684 1417 1716 l4,
1432 1685 1537 1719 ὐφειῦν
1552 1694 1581 1712 τε
1596 1687 1641 1713 καὶ
1656 1688 1778 1716 auius-.ti
1791 1691 1837 1726 θη-

1052 1727 1117 1762 ρίων
1132 1728 1212 1760 αὐτός
1231 1729 1305 1755 ἐστιν
1321 1729 1452 1765 ἔχθιστος.
1468 1732 1524 1758 οὐκ
1543 1731 1576 1759 ἂν
1590 1733 1656 1766 γοῦν
1676 1735 1759 1761 αὑτὸν
1779 1736 1835 1762 6m-

1051 1772 1129 1808 λάθῃ,
1148 1772 1209 1799 οὗτε
1232 1774 1302 1808 ὄφις,
1317 1775 1378 1802 οὔτε
1400 1778 1539 1812 σκορπίος,
1560 1778 1622 1806 οὔτε
1638 1780 1692 1815 μὴν
1715 1783 1835 1817 πονηρᾶς

1051 1818 1116 1854 ὕλης
1130 1818 1192 1846 ἄλλο
1202 1828 1228 1846 τι
1243 1820 1363 1848 ἐκτοκον.

1086 1865 1166 1897 Ibid.,
1187 1865 1234 1892 lin.
1251 1866 1295 1893 57.
1313 1868 1399 1894 Ἔστι
1415 1867 1448 1894 δὲ
1469 1868 1556 1896 τοῦτο
1579 1877 1675 1904 συμπ.
1696 1870 1834 1904 Elianus.

1050 1911 1097 1938 lib.
1114 1920 1131 1938 ll
1147 1911 1185 1939 De
1198 1912 1260 1939 hist.
1278 1914 1441 1949 aiiim.,cap.
1458 1915 1494 1941 42
1510 1924 1516 1942 :
1532 1915 1637 1951 Νεκρὸν
1651 1916 1679 1942 δὲ
1693 1917 1834 1953 ἄνθρωπον

1051 1957 1127 1992 ἱέραξ
1143 1956 1214 1989 ἰδὼν,
1227 1958 1364 1985 ἐπιϐάλλει
1382 1959 1434 1994 γῆς
1447 1960 1486 1995 τῷ
1500 1960 1605 1996 ἁτάφῳ.
1620 1962 1675 1988 Καὶ
1689 1962 1769 1989 τοῦτο
1784 1963 1831 1998 μὲν

1048 2001 1078 2027 οὐ
1099 2001 1202 2028 κελεύει
1228 2002 1301 2038 αὐτῷ
1320 2004 1334 2029 ὸ
1357 2004 1454 2036 Σόλων,
1469 2004 1506 2036 ὡς
1527 2005 1685 2041 Ἀθηναίους
1706 2007 1832 2034 ἐκέλευσε

1048 2046 1113 2082 δρᾷν
1123 2055 1129 2061 ·
1143 2047 1204 2074 οὐδὲ
1218 2047 1342 2083 σώματος
1360 2048 1408 2084 (ita
1427 2049 1499 2076 enim
1515 2050 1634 2086 corrigo)
1649 2051 1761 2086 ἅψεται.
1775 2053 1830 2079 Μέ-

1048 2100 1088 2117 νει
1103 2091 1131 2118 δὲ
1151 2091 1280 2126 ἄγευστος
1303 2094 1350 2119 καὶ
1370 2093 1451 2120 ποτοῦ
1475 2094 1575 2128 ἐὰν-εἰς
1594 2095 1701 2123 αῡλακα
1721 2097 1832 2132 ἐποχευ-

1047 2136 1112 2172 τεύῃ
1128 2134 1167 2168 εἷς
1181 2137 1321 2172 ἄνθρωπος
1331 2146 1337 2153 ·
1358 2139 1522 2166 πεπίστευκε
1534 2140 1588 2176 γὰρ
1601 2142 1683 2168 αὑτὸν
1700 2143 1832 2178 πονούμε-

209 2187 269 2218 des,
282 2186 320 2214 De
333 2186 423 2213 mund.
435 2186 533 2220 api/ia:
547 2185 660 2220 Plinius,
674 2187 719 2215 lib.
734 2196 798 2220 xxx,
810 2197 869 2224 cap.
883 2191 925 2223 II,
941 2199 996 2218 sea-

1056 2191 1092 2208 tOV
1101 2181 1215 2218 ζημιοῦν
1224 2184 1420 2219 ὑφαιρούμενος
1428 2186 1459 2211 ὲκ
1468 2185 1518 2220 τῆς
1530 2186 1634 2213 ἐκείνου
1644 2188 1739 2222 χρείας
1752 2189 1830 2223 ὕδωρ.

210 2233 328 2260 rabmum
353 2233 399 2267 qui
423 2232 522 2268 pilulas
544 2233 638 2264 volvit,
667 2233 778 2268 Propter
796 2235 863 2261 hunc
885 2236 996 2271 rEgypli

210 2287 307 2314 magna
325 2287 386 2313 pars
411 2279 558 2307 scarabreos
583 2280 651 2306 inter
668 2281 776 2306 numina
798 2280 871 2312 colit,
891 2283 995 2309 curiosa

210 2323 320 2356 Apionis
345 2323 569 2357 interpretatione,
593 2333 646 2358 qua
669 2324 778 2359 colligat
797 2326 862 2352 solis
886 2334 993 2360 operum

209 2367 408 2394 similitudinem
423 2368 482 2394 huic
494 2369 605 2395 animali
618 2377 674 2396 esse
687 2369 720 2395 ad
736 2370 898 2398 excusandas
911 2373 994 2405 gentis

209 2420 265 2439 sua;
287 2413 364 2440 ritus.
387 2412 475 2441 Horus
495 2419 623 2448 praeterea
643 2414 721 2441 aliam
743 2415 824 2449 hujus
843 2419 995 2444 veneratio-

209 2457 253 2485 nis
270 2465 382 2485 causam
408 2458 506 2490 reddit,
526 2458 598 2493 quod
617 2458 721 2485 scilicet
747 2467 836 2487 mares
855 2460 911 2487 sint
937 2469 994 2488 oni-

209 2511 257 2530 nes
286 2504 427 2535 scarabmi,
447 2504 520 2530 nulla
540 2503 649 2532 femina.
665 2503 732 2531 Vide
749 2503 924 2540 Rodiginum,
944 2507 991 2535 lib.

208 2557 268 2580 viii,
290 2557 350 2584 cap.
368 2550 394 2577 5.

243 2594 323 2627 lbid.,
341 2595 441 2623 lin.59.
454 2597 486 2622 Ol
496 2595 530 2622 δὲ
541 2597 693 2630 μύρμηκες
703 2597 764 2623 τόν.
775 2595 902 2628 Basilius,
917 2598 990 2627 hom.

208 2641 232 2669 9.
251 2641 322 2668 inter
334 2641 438 2675 reliqua
453 2650 459 2668 :
474 2642 617 2668 Διακόπτει
637 2641 690 2677 γὰρ
708 2642 768 2673 ταῖς
787 2642 882 2669 ἑαυτοῦ
896 2643 992 2678 χηλαῖς

207 2686 261 2711 τῶν
287 2686 400 2721 καρπῶν
417 2680 449 2713 τὸ
479 2687 650 2722 μεσαίτατον,
675 2687 713 2719 ὡς
734 2687 766 2714 ἂν
789 2688 826 2724 μὴ
848 2689 992 2723 ἐκφυέντες

208 2729 338 2764 ἄχρηστοι
357 2731 424 2766 πρὸς
441 2732 543 2767 τροφὴν
562 2732 636 2767 αὐτῷ
654 2733 789 2766 γένοιντοθ
803 2733 850 2760 καί
869 2733 992 2768 διαψύχει

208 2775 327 2807 τούτους,
347 2777 410 2803 ὅταν
422 2777 547 2813 αίσθηται
566 2779 654 2805 αὐτῶν
668 2779 827 2815 διαὸρόχων,
844 2779 889 2806 καὶ
905 2780 954 2806 οὐκ
965 2781 992 2806 ὲν

211 2820 292 2846 παντὶ
305 2821 448 2855 προϐάλλει
456 2823 552 2858 καιρῷ,
564 2824 620 2850 ἀλλ’
629 2824 691 2851 ὅταν
705 2824 884 2860 προαίσθηται
897 2825 943 2852 τοῦ
952 2826 992 2853 ἀέ-

1048 2229 1078 2254 Εἰ
1103 2229 1131 2255 δὲ
1158 2230 1266 2262 πλείους
1291 2231 1448 2266 ὲπάρδοιεν,
1472 2232 1601 2266 ἀφθονίαν
1625 2234 1673 2260 τοῦ
1698 2235 1830 2271 ῥεύματος

1045 2274 1115 2310 όρῶν
1135 2274 1173 2306 ὡς
1196 2275 1352 2311 φιλοτησίας
1371 2277 1443 2309 τινὸς
1459 2277 1487 2311 ἐξ
1512 2279 1600 2305 αὐτῶν
1616 2280 1829 2316 μεταλαμϐάνει,

1045 2321 1092 2347 καὶ
1107 2320 1177 2347 πίνει
1192 2321 1285 2356 ἡδέως.

1079 2366 1138 2393 Col.
1156 2366 1218 2398 τις),
1231 2367 1278 2394 lin.
1291 2367 1317 2395 4.
1333 2368 1413 2395 Μετὰ
1423 2368 1457 2395 δὲ
1471 2369 1529 2403 τὴν
1542 2369 1594 2396 τοῦ
1607 2372 1736 2405 κόσμου.
1755 2372 1829 2400 Sicut

1044 2412 1077 2439 de
1095 2413 1231 2448 principio
1249 2417 1276 2440 et
1295 2415 1433 2442 creatione
1447 2415 1527 2449 hujus
1542 2416 1636 2442 mundi
1661 2418 1746 2445 varia:
1761 2420 1830 2453 apud

1044 2459 1114 2491 illos,
1131 2460 1232 2494 quibus
1253 2459 1344 2487 lumen
1357 2460 1494 2497 Evangelii
1514 2469 1569 2488 non
1589 2462 1705 2495 all‘ulsit,
1721 2470 1830 2492 contro-

1044 2513 1129 2533 versae
1146 2506 1285 2533 sententiae
1298 2506 1385 2538 fuere,
1404 2515 1464 2542 quae
1484 2515 1578 2535 omnes
1593 2515 1607 2534 a
1628 2509 1745 2537 veritate
1757 2512 1830 2538 aber-

1043 2556 1157 2585 rarunt;
1176 2553 1212 2579 ita
1228 2558 1254 2580 et
1273 2553 1301 2579 in
1316 2554 1454 2580 creatione
1477 2554 1596 2582 hominis
1618 2556 1688 2582 varii
1707 2556 1829 2584 dissidiis

1044 2600 1204 2633 semetipsos
1227 2604 1369 2626 vexarunt.
1394 2599 1508 2632 Quidam
1527 2601 1600 2627 enim
1625 2606 1754 2629 naturain
1781 2604 1830 2629 liu-

1043 2651 1150 2670 inaiiain
1166 2648 1293 2671 aeternam
1312 2650 1520 2673 asseverarunt:
1538 2646 1583 2673 alii
1596 2648 1717 2681 primum
1741 2649 1769 2674 in
1783 2648 1825 2674 At-

1043 2690 1097 2716 tica
1115 2695 1194 2717 natos
1210 2690 1294 2718 fuisse
1315 2692 1457 2724 homines;
1474 2692 1517 2719 alii
1539 2692 1565 2719 in
1582 2693 1722 2724 Arcadia;
1739 2694 1783 2720 alii
1804 2693 1829 2719 in

1042 2734 1169 2769 Egypto.
1182 2734 1380 2767 Theodoretus,
1394 2736 1478 2764 Gra’c.
1490 2737 1576 2771 a/fect.
1590 2737 1637 2764 lib.
1650 2746 1666 2763 v
1677 2746 1684 2770 ;
1695 2737 1826 2768 Justinus.

1045 2779 1147 2807 Histor.
1165 2780 1211 2807 lib.
1229 2788 1260 2812 ii,
1274 2780 1411 2808 diuturiiie
1420 2783 1602 2809 contentionis
1624 2782 1699 2809 inter
1713 2781 1827 2818 Scythas

1043 2830 1069 2854 et
1091 2825 1232 2862 Egyptios
1251 2826 1284 2854 de
1303 2828 1411 2862 generis
1425 2832 1559 2856 vetustate
1577 2828 1723 2862 meminit;
1738 2832 1766 2856 et
1782 2834 1826 2855 eo-
