1897 3073
72 136 129 164 969

568 131 598 158 IN
621 129 803 157 lt'US'l‘ATlill
825 128 1061 161 lliCXAlaMEIiON
1083 127 1196 153 MHAS.

1646 127 1698 154 979

71 203 136 223 rum
153 194 460 230 argumentis‘expositis
479 193 613 228 Egyptiis
637 191 773 227 superatis
787 190 856 217 anti-
873 193 890 218 Λ
908 197 967 216 nem
994 191 1181 223 comparatum
1209 187 1411 222 exprimerent?
1436 187 1557 215 futurum
1581 197 1699 225 namque

71 241 185 275 quiores
206 240 321 275 Scythas
334 247 440 273 semper
451 239 525 265 visos
539 242 641 264 narrat.

109 285 172 313 Col.
189 285 252 317 749,
270 285 323 312 Iin.‘
335 285 360 312 5.
383 283 425 317 Τῷ
439 284 496 318 μὲν
520 283 623 317 θερμῷ.
648 282 765 309 Necesse
785 282 856 309 enim

70 335 144 362 erat,
165 336 194 357 ut
204 330 286 356 homo
295 333 366 364 apte,
382 337 413 356 ac
429 333 576 363 temperate
591 327 814 359 constitueretur,
825 335 858 354 ne

72 377 237 411 urgentibus
252 376 395 402 humorum
413 375 477 401 hinc
497 375 559 401 inde
573 373 743 406 differentiis,
757 377 783 400 et
794 382 859 400 cori-

72 422 262 449 trarictatibns
277 422 425 448 distractus
435 421 593 456 gravissime
606 420 804 452 offenderetur;
819 420 858 446 sic

71 470 147 496 enim
163 473 304 504 promptus
318 473 345 496 et
361 469 470 500 alacris,
487 469 535 500 illi,
565 467 596 494 ad
612 467 682 502 quod
701 471 759 493 erat
769 470 857 497 natus,

71 516 229 542 instructus
238 516 415 547 incumberet,
424 515 561 549 mentique
569 514 715 541 descrvirct
724 516 860 547 spectator

70 569 235 596 superarum
248 569 348 592 rerum,
358 565 437 596 atque
452 561 613 588 etclestium.
623 560 687 592 Qum
697 559 787 586 omnia
801 559 859 586 aliis

71 608 260 635 animantibus
275 608 404 643 denegata
414 612 493 635 sunt:
506 607 593 635 ethoc
607 607 713 642 quidem
727 607 841 634 calidius
851 626 858 637 ,

71 649 368 688 ideoqueiracundum,
379 661 472 688 rapax,
480 653 625 688 superbum
635 661 642 686 ;
653 653 716 679 illud
724 652 859 687 frigidius.

70 699 192 734 ideoque
206 707 298 734 segne,
314 699 485 734 pestiferum,
499 699 716 731 somnolentum;
733 702 759 725 et
776 699 815 725 sic
827 698 860 725 de

70 745 138 773 aliis
160 753 307 780 possumus
327 746 521 780 philosophari.
538 745 646 781 Optime
668 746 759 780 itaque
775 752 789 771 a
807 744 861 772 Deo

69 795 197 819 extrema
213 787 369 827 compressa
381 797 461 825 sunt;
476 796 502 820 et
513 793 594 820 homo
607 792 641 819 ab
654 792 727 819 omni
744 796 820 827 parte
834 791 860 818 in

70 837 163 866 media
179 838 295 873 quadam
314 837 402 872 frigidi
415 842 441 865 et
456 838 547 870 calidi,
560 837 624 865 sicci
638 842 664 865 et
679 837 781 864 humidi
795 844 861 864 con-

68 882 220 911 stitutione
227 882 369 914 formatus,
379 883 491 910 mirifice
498 887 638 917 promptus
646 882 678 909 ad
689 886 765 909 actus
777 888 867 910 neccs'

69 929 165 956 sarias
180 929 356 963 romperitur.
374 928 430 955 Hoc
448 934 542 963 postea
564 928 707 955 lnunorum
731 932 861 964 tempera-

69 977 196 1001 mentum
213 973 284 1001 sicut
296 977 323 1000 et
340 974 423 1000 multa
436 973 565 1000 aliadona
578 981 593 999 a
609 973 663 1001 Deo
684 973 734 1000 sibi
751 973 859 1004 collata,

70 1024 201 1054 peccato.
219 1024 246 1046 et
261 1020 390 1054 praecepti
403 1010 551 1047 violatione
566 1019 720 1046 infirmavit.

106 1063 190 1096 lbid.,
206 1064 256 1092 lin.
275 1064 300 1090 7.
319 1065 445 1099 Ἔχοντα
465 1064 563 1091 πάντα
584 1064 620 1090 τὰ
633 1064 720 1098 μέρη.
745 1065 861 1100 ideoque

70 1117 129 1137 non
144 1109 251 1137 insulse
265 1118 315 1137 nec
328 1110 478 1138 oscitanter
500 1110 598 1141 homo,
619 1118 714 1144 parvus
737 1110 859 1142 mundus,

70 1164 86 1182 ιι
115 1156 255 1191 plerisque
282 1161 467 1192 nuncupatur.
495 1155 641 1191 Gregorius
673 1155 799 1183 Nazianz.
834 1157 859 1184 in

68 1202 178 1230 Christi
198 1203 367 1230 nativitatem
386 1212 392 1230 :
409 1203 492 1230 Τοῦτο
514 1203 546 1239 δὴ
567 1202 861 1238 βουληθεὶςότεχνίτης

70 1247 259 1280 ἐπιδείξασθαι
270 1247 364 1282 Λόγος,
376 1247 422 1274 καὶ
434 1248 501 1280 ζῶον
513 1248 542 1275 ἓν
556 1248 584 1281 ἐξ
596 1248 767 1284 ἀμφοτέρων,
784 1249 862 1284 ἀορά-

69 1301 121 1320 του
137 1302 168 1320 τε
184 1293 265 1328 λέγω,
279 1294 326 1320 καὶ
339 1294 438 1329 ὁρατῆς
450 1294 566 1328 φύσεως,
576 1294 734 1330 δημιουργεῖ
751 1294 796 1320 τὸν
814 1295 861 1321 ἇν-

70 1339 200 1376 θρωπον·
226 1340 274 1366 καὶ
297 1339 371 1375 παρὰ
390 1339 439 1374 μὲν
454 1341 504 1376 τῆς
521 1340 586 1376 ὕλης
612 1340 701 1366 λαόὼν
721 1340 751 1367 τδ
772 1340 860 1375 σῶμα,

70 1386 124 1420 ἢδη
140 1386 360 1421 προῦποστάσης,
378 1386 443 1421 παρ’
459 1385 554 1412 ἑαυτοῦ
570 1385 597 1412 δὲ
610 1385 681 1421 ζωὴν
696 1385 791 1418 ἐνθεὶς,
802 1386 816 1412 ὂ
830 1386 861 1421 δὴ

71 1434 174 1465 νοερὰν
195 1431 283 1466 ψυχὴν
308 1432 354 1458 καὶ
369 1431 462 1458 εἰκόνα
479 1431 545 1458 Θεοῦ
573 1429 642 1459 εἶδεν
659 1433 673 1458 ὁ
685 1431 781 1466 Λόγος,
807 1428 862 1458 οἷόν

70 1484 137 1503 τινα
158 1476 260 1511 κόσμον
275 1477 398 1512 δεύτερον
419 1478 448 1504 ὲν
468 1477 557 1514 μικρῷ
576 1477 661 1513 μέγαν
684 1478 729 1504 ἐπὶ
747 1478 795 1513 τῆς
811 1477 861 1513 γῆς

70 1523 194 1559 ἵστησιν,
205 1523 318 1558 ἄγγελον
331 1524 409 1552 ἄλλον
421 1524 608 1560 προσκυνητὴν
623 1524 726 1559 μικτὸν,
741 1523 861 1559 ὲπόπτην

71 1570 126 1605 τῆς
140 1570 242 1605 ὁρατῆς
257 1571 382 1602 κτίσεως,
400 1570 503 1605 μύστην
518 1569 567 1604 τῆς
579 1569 735 1604 νοουμένης,
753 1569 862 1604 βασιλέα

71 1616 132 1643 τῶν
153 1617 199 1643 ἐπὶ
217 1618 279 1652 γῆς,
301 1617 506 1652 βασιλευόμενον
530 1616 648 1648 ἄνωοεν,
671 1616 790 1650 ἐπίγειον
817 1616 863 1642 καὶ

72 1663 214 1698 οὐράνιον,
228 1663 394 1699 πρόσκαιρον
407 1663 454 1690 καὶ
469 1663 612 1694 ἀθάνατον,
626 1662 721 1697 ὁρατὸν
737 1661 783 1688 καὶ
794 1661 866 1688 νοού-

74 1715 170 1742 μενον,
188 1706 268 1741 μέσον
287 1707 417 1742 μεγέθους
440 1707 486 1733 καὶ
504 1706 704 1741 ταπεινότητος,
720 1706 765 1732 τὸν
784 1706 864 1733 αὐτὸν

73 1752 189 1786 πνεῦμα
206 1751 253 1778 καὶ
268 1752 366 1787 σάρκα,
387 1751 492 1787 πνεῦμα
505 1752 547 1778 διὰ
555 1752 604 1787 τὴν
619 1751 709 1786 χάριν,
721 1752 808 1786 σάρκα
822 1751 866 1778 διὰ

72 1797 127 1832 τὴν
144 1796 268 1832 ἔπαρσιν,
285 1797 315 1823 τὸ
333 1797 382 1831 μὲν
397 1797 440 1823 ἵνα
460 1797 537 1832 μένῃ,
553 1796 599 1823 καὶ
612 1795 708 1831 δοξάζῃ
729 1796 773 1822 τὸν
789 1797 866 1831 εὐερ-

71 1843 173 1878 γέτην,
184 1842 214 1868 τὸ
228 1842 256 1868 δὲ
269 1842 312 1869 ἴνα
323 1842 426 1878 πάσχῃ,
439 1843 484 1869 καὶ
500 1842 601 1877 πάσχον
613 1842 863 1877 ὑπομιμνήσκηται,

73 1889 126 1916 καὶ
156 1888 325 1923 παιδεὺηται,
345 1889 384 1924 τῷ
409 1889 516 1924 μεγέθει
545 1887 777 1924 φιλοτιμούμενος,
797 1887 865 1919 ζῶον

72 1933 198 1960 ἐνταῦθα
213 1933 446 1969 οἰκονομούμενοι),
462 1934 509 1961 καὶ
523 1933 639 1968 ἀλλαχοῦ
661 1933 863 1968 μεθιστάμενον,

73 1979 127 2004 καὶ
143 1978 230 2014 πέρας
246 1978 291 2004 τοῦ
310 1979 458 2014 μυστηρίου
475 1981 506 2015 τῇ
525 1979 591 2015 πρὸς
605 1979 671 2005 Θεὸν
685 1978 773 2005 νεύσει
791 1979 865 2005 θεού-

77 2031 173 2057 μενον.
186 2022 304 2054 Nicetas,
317 2023 469 2051 Comment.
481 2025 506 2051 in
516 2024 639 2051 eumdem
651 2033 657 2050 :
668 2025 722 2050 Kal.
734 2024 813 2059 ἔθηκε
820 2023 865 2050 τὸν

72 2069 223 2104 ἄνθρωπον
236 2070 281 2095 ἐπὶ
294 2069 342 2104 τῆς
352 2070 403 2105 γῆς
419 2069 505 2104 μέγαν
516 2070 616 2105 κόσμον
627 2071 655 2096 ὲν
668 2070 756 2105 μικρῷ
771 2070 865 2104 κόσμῳ

72 2114 118 2149 τῷ
137 2114 267 2149 αἰσθητῷ.
285 2114 390 2151 Μικρὸς
403 2115 457 2150 γὰρ
477 2116 491 2141 ὁ
510 2114 603 2150 παρὼν
617 2115 717 2150 κόσμος
736 2115 803 2150 πρὸς
821 2115 866 2141 τὸν

73 2160 234 2196 ἄνθρωπον,
247 2157 277 2187 οὗ
292 2160 371 2187 ἕνεκα
385 2161 472 2187 πάντα
486 2160 622 2195 ὲγένοντο”
634 2160 664 2186 τὸ
675 2160 728 2195 γὰρ
741 2158 770 2186 οὗ
785 2161 865 2186 ἕνεκα

909 242 951 264 cst
967 241 996 264 ut
1013 237 1113 272 pariter
1126 236 1223 263 cmlum
1238 236 1289 263 hoc
1306 236 1433 267 volubile,
1448 241 1520 264 terra
1541 238 1699 265 mutationi-

912 284 960 310 bus
973 283 1100 313 obnoxia,
1116 286 1214 309 cuncta
1228 281 1344 316 denique
1357 282 1399 309 his
1412 284 1620 318 comprehensa,
1635 293 1696 311 cum

911 339 942 356 eo
957 330 1016 364 ipso
1046 329 1116 365 quod
1147 329 1249 359 ambit,
1281 329 1407 356 universa
1430 330 1573 357 intereant.
1594 329 1696 358 Verum

912 379 1003 410 posset
1024 374 1182 401 Eustathius
1207 374 1391 408 respondere:
1420 374 1505 409 neque
1530 376 1615 402 solam
1639 377 1697 402 ani-

913 430 992 454 mam,
1012 429 1098 456 neque
1137 421 1224 447 solum
1251 428 1350 455 corpus
1381 421 1515 448 hominem
1543 430 1621 454 esse,
1650 423 1696 450 sed

912 472 1057 502 utrumque
1084 474 1168 493 unum
1193 466 1298 493 efficere
1328 466 1475 498 hominem,
1501 468 1546 502 qni
1572 469 1697 503 quamvis

913 522 1026 548 corpore
1050 514 1130 540 morti
1156 513 1288 540 obnoxius
1314 513 1395 543 vivat.
1417 513 1509 540 animo
1535 519 1622 542 tamen
1645 516 1696 542 im-

914 559 1046 590 mortalis,
1071 559 1227 593 prtcstantia
1251 562 1277 586 et
1305 559 1474 590 excellentia,
1491 563 1516 586 ct
1538 561 1648 593 omium,
1669 566 1696 589 et

913 610 1024 636 terram,
1037 610 1188 639 caeteraque
1204 612 1264 639 qua:
1281 604 1417 632 intereunt
1432 610 1553 640 supcrat,
1568 607 1698 633 maxima-

913 659 965 686 que
979 651 1004 677 in
1019 651 1126 677 homine
1149 650 1193 676 illa
1213 650 1272 677 laus
1286 655 1338 682 est,
1352 658 1432 684 quam
1456 654 1530 678 certe
1551 651 1616 678 nulli
1633 659 1698 678 con—

913 704 1017 724 cessam
1041 695 1228 731 cognorimus,
1251 695 1274 722 si
1295 704 1391 729 part-us
1409 697 1519 723 mundus
1536 698 1696 732 appellatur.

914 744 972 777 Quo
990 744 1100 770 nomine
1113 750 1167 769 non
1183 749 1235 768 una
1253 742 1336 769 totius
1354 742 1474 770 universi
1490 751 1553 777 pars
1576 751 1636 770 esse
1657 744 1697 769 vi-

914 791 1002 822 detur,
1023 789 1069 817 sed
1083 792 1180 820 totum,
1201 792 1227 814 et
1249 796 1343 815 omnes
1367 789 1488 816 omnium
1504 789 1621 824 partium
1638 797 1698 824 per-

915 835 1045 863 fectiones
1062 836 1088 862 in
1104 843 1133 862 se
1148 835 1206 862 solo
1223 835 1377 870 complecti,
1395 835 1466 870 quod
1483 835 1517 862 de
1543 836 1604 863 aliis
1627 836 1697 863 allir-

884 875 903 900 η
917 889 990 909 mare
1013 889 1067 908 non
1082 888 1236 916 possumus.
1262 879 1348 907 llomo
1367 881 1439 907 enim
1469 881 1554 912 solus,
1570 885 1597 908 et
1616 881 1695 912 ccclo,

912 932 938 955 ct
953 932 1042 960 terrae,
1060 931 1087 954 et
1105 927 1231 954 omnibus
1247 927 1429 954 animantibus
1443 934 1493 961 par
1514 935 1574 955 csse
1591 929 1699 963 conspi-

911 975 992 1005 citur,
1007 977 1034 1001 et
1057 973 1177 1000 omnium
1198 973 1312 1000 aliorum
1338 972 1562 1007 perfectionibus,
1578 981 1630 1000 una
1654 973 1697 1000 sui

911 1019 998 1046 solius
1021 1018 1162 1053 perfectio,
1185 1026 1240 1044 non
1260 1017 1373 1045 inferior
1391 1018 1546 1053 respondet.
1561 1018 1698 1051 Quemad-

911 1065 1020 1092 modum
1047 1065 1119 1091 enim
1143 1064 1261 1097 cmlum,
1288 1067 1315 1091 ct
1341 1064 1471 1091 cmlorum
1498 1057 1644 1096 varietate,
1670 1068 1697 1091 et

911 1115 1033 1138 motuum
1058 1111 1170 1145 perenni
1191 1114 1217 1137 et
1233 1110 1356 1137 ordinata
1377 1117 1516 1142 mensura,
1537 1111 1697 1145 suoque‘in-

911 1157 984 1184 ﬂuxu
999 1161 1108 1184 terrena
1124 1157 1180 1184 lucc
1193 1161 1220 1184 et
1243 1155 1314 1184 fovet
1341 1162 1367 1184 et
1381 1156 1438 1189 alit,
1458 1157 1525 1183 nulli
1549 1157 1695 1191 ingratum,

912 1203 1038 1231 omnibus
1053 1203 1168 1230 anticum
1187 1204 1328 1237 complexu
1348 1210 1398 1230 suo
1415 1202 1550 1235 ambiens;
1568 1203 1608 1229 sic
1627 1207 1653 1229 et
1670 1203 1695 1229 in

912 1249 1021 1276 homine
1033 1250 1142 1276 animus
1161 1256 1192 1275 ac
1205 1257 1282 1276 mens
1298 1249 1355 1276 suis
1376 1248 1552 1276 facultatibus
1574 1249 1698 1283 corporis

912 1299 1003 1330 partes
1018 1295 1205 1328 illuminanda,
1220 1294 1254 1321 ad
1268 1293 1354 1321 officia
1376 1302 1512 1329 quamque
1534 1294 1590 1322 sua‘
1601 1295 1695 1329 impel-

912 1341 1004 1374 lendo,
1019 1341 1109 1375 dirigit
1123 1345 1150 1368 et
1165 1340 1318 1376 compellat,
1335 1341 1429 1373 vitam,
1453 1341 1577 1376 spiritus,
1597 1346 1697 1372 motus,

912 1391 939 1415 et
963 1392 1090 1415 sexcenta
1112 1387 1162 1414 alia
1176 1387 1339 1422 elargiendo.
1367 1386 1399 1413 Et
1412 1387 1483 1422 quod
1501 1387 1697 1418 admirabilius,

913 1441 966 1461 non
985 1439 1112 1468 tanquam
1125 1433 1188 1468 quid
1203 1438 1289 1466 motu,
1313 1441 1396 1461 sensu
1421 1441 1453 1460 ac
1479 1433 1585 1461 ratione
1602 1441 1698 1461 carens

914 1479 946 1507 ad
971 1480 1142 1514 operationes
1168 1480 1193 1506 vi
1209 1480 1325 1514 quadam
1350 1478 1468 1507 naturali
1496 1479 1622 1512 ducitur,
1651 1480 1698 1507 sed

876 1542 896 1569 ε
914 1525 990 1560 prius
1006 1533 1036 1552 re
1057 1525 1203 1557 intellecta,
1217 1525 1324 1554 tandem
1341 1525 1393 1552 sibi
1417 1526 1496 1552 finem
1512 1526 1648 1560 proponit,
1666 1526 1697 1552 ad

915 1579 994 1607 quem
1011 1580 1060 1599 sua
1077 1571 1180 1606 dirigit,
1196 1578 1249 1598 non
1261 1571 1448 1602 coactus,'sed
1467 1571 1546 1602 iiber,
1569 1578 1601 1598 ac
1616 1571 1699 1598 veluti

915 1617 1042 1644 dominus
1056 1616 1188 1645 ministris
1203 1620 1232 1643 ut
1246 1616 1298 1643 sibi
1311 1616 1443 1650 placuerit
1459 1616 1605 1650 imperans.
1619 1615 1697 1649 Quod

915 1664 983 1692 nulli
1002 1664 1047 1690 alii
1060 1670 1219 1691 concessum
1236 1666 1288 1694 cst,
1305 1666 1409 1689 tantum
1427 1661 1504 1689 abest
1525 1667 1554 1688 ut
1578 1662 1658 1697 pulici
1671 1667 1698 1689 et

915 1710 997 1736 muri.
1024 1709 1083 1742 Quo
1104 1709 1237 1742 przeconio
1264 1716 1295 1735 ac
1320 1708 1399 1735 laude
1420 1702 1484 1742 quid
1507 1709 1700 1743 praestantius?

915 1756 980 1791 quid
994 1756 1145 1783 excelsius?

952 1801 1031 1832 lbid.,
1045 1801 1093 1827 lin.
1114 1801 1139 1827 8.
1158 1800 1270 1834 ’Ὠσπερ
1287 1799 1341 1834 γὰρ
1354 1800 1373 1833 ἡ
1387 1799 1521 1833 γῆᾸΙίιιιά
1537 1800 1636 1831 dubiis,
1651 1800 1699 1827 sed

921 1846 1083 1874 certissimis
1113 1845 1264 1872 rationibus
1289 1849 1396 1872 constat
1418 1849 1516 1871 terram
1535 1845 1629 1872 mundi
1653 1849 1698 1872 to-

918 1894 974 1920 tius
993 1892 1119 1924 mediam,
1144 1896 1170 1919 et
1190 1891 1268 1926 quasi
1292 1896 1424 1918 centrum.
1452 1891 1566 1923 Plinius,
1586 1892 1603 1919 l.
1627 1900 1656 1923 ιι,
1673 1900 1699 1920 c.

917 1939 961 1971 (i9,
978 1939 1102 1973 plurimis
1118 1938 1144 1964 id
1160 1937 1326 1973 argumentis
1341 1937 1473 1972 probavit.
1491 1937 1581 1965 Primo
1595 1945 1628 1965 ex
1644 1946 1702 1965 cer-

917 1985 952 2012 tis
968 1983 1044 2011 horis
1069 1983 1234 2018 aequinoctii,
1262 1983 1383 2010 secundo
1400 1991 1432 2010 ex
1450 1983 1573 2018 dioptris,
1591 1991 1639 2011 seu
1657 1984 1700 2010 in-

917 2033 1128 2057 stramentorum
1151 2029 1272 2064 regulis;
1298 2029 1378 2056 tertio
1400 2036 1416 2055 a
1437 2029 1573 2056 solstitiali
1593 2033 1699 2057 exortu.

916 2075 1084 2106 Cleomedes,
1109 2075 1155 2102 lib.
1175 2083 1183 2101 ι
1202 2074 1324 2107 Meteon,
1341 2075 1476 2102 uberrime
1499 2075 1526 2102 id
1546 2075 1617 2103 idem
1639 2083 1702 2111 pro-

917 2121 963 2148 bat
984 2121 1018 2147 ab
1041 2121 1198 2148 utnbrarum
1221 2120 1389 2148 differentiis.
1411 2121 1582 2153 Aristoteles.
1608 2122 1655 2150 lib.
1681 2129 1701 2149 ιι

918 2167 956 2193 De
970 2167 1044 2199 mlo,
1059 2174 1119 2201 cap.
1141 2167 1185 2198 Μ.
1202 2166 1324 2201 pluribus
1350 2167 1511 2201 confirmat;
1537 2172 1563 2195 et
1587 2168 1634 2195 lib.
1663 2169 1702 2195 De

78 2204 174 2241 μεῖζον
186 2206 232 2231 καὶ
249 2205 409 2241 τιμιώτερον
418 2214 426 2221 ·
441 2206 488 2232 καὶ
502 2205 649 2241 κατέστησε
664 2206 708 2232 τὸν
724 2205 860 2241 ἄνθρωποι

919 2213 1009 2240 mundi
1024 2213 1128 2247 fabrica
1151 2213 1184 2240 a-l
1206 2213 1337 2240 Alesand.
1354 2213 1431 2241 Unde
1454 2213 1597 2241 Lucretius
1610 2218 1700 2248 poeta,

77 2250 193 2286 βασιλέα
210 2250 264 2276 τῶν
282 2251 334 2276 ὑπὸ
347 2250 396 2286 τὴν
409 2251 521 2286 σελήνην
539 2251 674 2282 ἁπάντων,
691 2251 734 2277 ἵνα,
748 2251 862 2286 δεσπόζῃ

75 2295 135 2323 τῶν
153 2296 198 2322 ὑπ’
221 2296 302 2322 αὑτοῦ
322 2297 474 2332 γενομένων
492 2296 658 2331 κτισμάτων.
687 2295 754 2323 Vide
778 2297 864 2331 (Ihry-

75 2345 233 2370 sostomum
248 2350 372 2370 sermone
400 2342 428 2369 in
445 2350 568 2377 magnam
585 2341 763 2370 Parasceven.
780 2341 865 2368 Geor-

76 2387 144 2424 gius
160 2387 274 2420 Pisides,
292 2387 330 2414 De
345 2387 460 2414 vanitate
470 2389 546 2420 vim.

136 2433 263 2468 Σμικρὸς
275 2434 330 2468 γάρ
339 2435 404 2461 ἐστι
413 2435 526 2469 κόσμος
538 2434 694 2468 ἀνθρώπου
710 2435 812 2468 φύσις.

115 2479 266 2514 Gregorius
288 2485 378 2508 tamen
399 2479 548 2516 Nyssenus,
567 2480 602 2507 De
622 2481 725 2514 api/icio
744 2480 865 2512 hominis,

78 2533 145 2561 cap.
168 2525 214 2557 16,
229 2526 335 2554 videtur
351 2527 504 2561 improbare
521 2535 614 2554 eorum
637 2528 802 2562 opinionem,
819 2528 866 2562 qui

79 2579 147 2598 cum
160 2571 296 2599 hominem
308 2573 553 2603 vellentextollere,
562 2574 622 2607 ejus
633 2582 693 2601 eum
705 2574 755 2601 hoc
766 2574 867 2600 mundo

81 2617 160 2645 facta
169 2617 326 2648 collatione,
339 2626 448 2652 parvum
456 2618 580 2644 mundum
591 2625 722 2645 vocavere
733 2627 739 2651 ;
756 2618 865 2652 indigna

78 2664 157 2691 enim
194 2663 319 2690 humanae
350 2663 518 2690 excellentia:
554 2663 771 2698 imaginabatur,
805 2671 866 2690 eum

80 2709 142 2736 hmc
173 2709 228 2736 sint
253 2709 417 2742 communia,
442 2713 468 2736 et
493 2709 573 2736 culici
599 2713 626 2736 et
646 2711 728 2741 muri,
751 2717 813 2736 cum
841 2714 868 2735 ct

81 2755 142 2782 haec
157 2762 190 2781 ex
206 2759 323 2789 quatuor
343 2760 468 2781 constent
487 2755 639 2785 elementis,
656 2759 682 2782 et
703 2763 783 2782 sensu
801 2763 868 2790 pra:-

80 2800 140 2828 dita
167 2800 233 2827 sint.
253 2800 323 2833 Quid
344 2800 406 2827 inde
424 2800 534 2835 dignum
549 2801 658 2828 homine
679 2801 867 2836 loquebantur,

80 2847 149 2875 dum
169 2847 304 2874 hominem
323 2846 356 2873 ad
379 2846 471 2873 mundi
497 2847 640 2879 imaginem
665 2850 692 2874 ct.
715 2846 869 2874 siinilitudi~

224 2894 360 2924 l’ATnOL.
383 2894 440 2924 Gn.
465 2893 581 2925 XVIII.

916 2260 962 2287 lib.
979 2268 1019 2287 v.:

953 2317 1083 2352 Terraque
1098 2322 1126 2344 ut
1141 2318 1168 2344 in
1181 2317 1266 2345 media
1278 2318 1368 2344 mundi
1383 2319 1485 2352 regione
1497 2319 1624 2352 quiescat,

951 2353 1076 2379 Partibus
1090 2353 1172 2380 aereis
1188 2353 1288 2384 mundi,
1304 2354 1396 2388 quibat
1411 2353 1500 2383 insita,
1514 2353 1584 2380 vivit.

952 2388 1094 2422 Propterea
1106 2397 1157 2415 non
1169 2393 1207 2415 est
1222 2389 1304 2418 oneri,
1317 2397 1396 2423 neque
1406 2388 1528 2422 deprimit
1543 2396 1633 2418 auras,

954 2422 988 2450 Ut
1003 2432 1051 2450 sua
1065 2424 1156 2458 cuique
1171 2424 1269 2450 homini
1288 2424 1361 2450 nullo
1376 2425 1428 2450 sint
1445 2423 1557 2458 pondere
1573 2423 1701 2451 membra.

917 2478 1045 2505 Plurimis
1069 2478 1102 2506 de
1126 2479 1177 2505 hac
1202 2486 1232 2506 re
1259 2478 1424 2513 philosophi.
1452 2478 1519 2506 Illud
1544 2483 1634 2506 tamen
1655 2479 1700 2506 hic

917 2524 1066 2551 notandum
1090 2533 1123 2552 ex
1142 2525 1192 2551 hoc
1216 2528 1337 2556 auctore,
1365 2529 1463 2552 terram
1487 2533 1502 2552 a
1525 2526 1630 2553 duobus
1646 2526 1700 2553 ele~

919 2571 1028 2602 mentis,
1045 2578 1107 2598 aere
1128 2571 1232 2598 scilicet
1246 2575 1273 2597 et
1291 2579 1378 2606 aqua,
1398 2571 1553 2607 circumagi.
1571 2571 1700 2605 Quamvis

919 2615 990 2641 enim
1015 2622 1096 2649 supra
1115 2619 1214 2642 terram
1238 2623 1323 2650 aquas
1346 2615 1460 2644 diffundi
1483 2625 1594 2644 necesse
1616 2621 1699 2648 esset,

920 2665 1009 2687 tamen
1033 2661 1059 2687 id
1082 2661 1171 2687 divina
1196 2662 1343 2696 contigisse
1359 2663 1551 2696 providentia:
1572 2671 1606 2690 ne
1623 2663 1702 2698 aquis

920 2714 970 2733 nos
985 2706 1107 2733 homines
1129 2707 1248 2734 obvoluti
1272 2707 1466 2736 suffocareer
1485 2709 1632 2738 intercluso
1648 2711 1703 2746 spi-

922 2753 986 2782 ritu,
1004 2751 1050 2779 sed
1066 2759 1127 2779 aere
1143 2753 1308 2780 circumfuso
1325 2754 1502 2788 spiraremus.

955 2797 1036 2829 lbid.,
1063 2798 1110 2824 lin.
1144 2798 1187 2824 Η.
1215 2799 1296 2825 Οὕτω
1318 2799 1356 2833 δὴ
1375 2800 1423 2826 καὶ
1445 2803 1462 2827 ό
1489 2801 1537 2828 ἄν.
1562 2801 1600 2829 De
1621 2802 1706 2834 admi,

923 2845 1007 2872 randa
1029 2845 1147 2872 hominis
1165 2849 1301 2872 structura
1321 2847 1398 2881 plura
1422 2848 1525 2882 antiqui
1541 2849 1707 2884 philosoplis

1491 2895 1524 2923 3f
