1897 3073
240 110 292 141 971

876 117 1001 145 LEONIS
1021 116 1160 144 ALLATH

1811 123 1858 151 972

239 171 266 193 et
279 166 372 194 Patres
396 167 512 195 Basilius
541 168 654 205 Magnus
664 191 670 201 .
694 170 840 206 Gregorius
863 170 1020 207 Nyssenus.
1038 180 1057 207 Α
1074 171 1252 201 abhorruisse
1267 174 1412 209 aliquando
1426 175 1541 209 videtur,
1552 177 1708 205 Comment.
1723 186 1803 212 super
1813 179 1859 206 Ee-

239 212 354 240 Basilius
381 212 538 247 Seleucius,
561 215 720 248 Nemesius,
743 217 914 248 Ambrosius.
936 217 1021 246 Geor—

237 259 297 294 gius
309 257 424 290 Pisides,
440 260 474 286 ita
491 266 519 286 ut
534 261 645 288 minime
659 269 748 297 opera:
765 264 879 297 pretium
893 264 929 291 sit
943 265 1021 299 plura

238 303 266 331 in
281 303 376 331 horum
391 304 525 332 dictorum
555 307 761 341 explicationem
781 316 937 343 congerere.
956 309 1022 338 Vide

237 355 365 386 praeterea
389 351 520 379 Galenunl
551 353 587 380 De
608 362 656 380 usu
680 355 806 389 partium,
831 355 1019 392 Theophilum.

236 398 384 429 Melvtium.
398 399 532 426 Andream
546 398 696 427 Vessaliutn
712 407 738 428 et
752 402 831 429 alios.

270 444 328 471 Col.
338 444 399 476 749,
416 445 463 472 lin.
479 445 524 472 ‘23.
540 445 593 472 Τὸν
605 446 760 480 ἄνθρωπον
773 448 805 474 ἐκ
819 448 873 483 τῆς
889 448 954 484 γῆς.
966 449 1021 476 Νει-

235 490 379 525 gacissime
396 491 422 518 in
440 491 490 518 hac
508 499 537 518 re
558 491 675 519 delirant
697 492 892 526 Mahumetani,
912 496 958 530 qui
979 496 1020 523 di-

235 540 300 562 cunt
319 534 403 563 Deum
423 543 531 563 creasse
557 537 687 564 mundum
709 546 741 565 ex
768 539 878 573 pulvere
899 541 1019 567 omnium

235 581 366 615 colorum,
383 586 410 609 et
426 582 557 609 Adamum
575 590 608 609 ex
624 583 688 609 limo
702 585 791 612 omnis
806 585 913 620 generis
930 590 1018 614 terra-

235 635 303 654 rum.
320 627 387 655 Nam
413 628 435 655 si
462 628 577 656 fuissent.
602 629 684 656 unius
709 629 885 665 ejusdemque
908 632 1017 664 coloris,

234 680 329 701 omnes
343 681 387 700 res
405 674 519 701 invicem
542 674 645 702 similes
671 675 775 703 futuras
795 676 889 708 fuisse,
907 686 956 705 nec
970 678 1018 704 ho-

234 720 333 747 minem
351 728 433 747 unum
449 721 483 747 ab
498 721 602 748 alterno
619 722 722 749 secerni
743 723 873 756 potuisse.
894 723 1017 751 Ridicula

233 767 296 796 item
318 772 357 796 est
384 768 541 796 Mohametis
555 769 677 796 doctrina
704 771 738 797 de
760 770 863 798 factura
887 771 1016 801 hominis.

230 822 284 849 qua
299 814 364 842 dicit
386 815 522 843 hominem
547 824 580 844 ex
596 816 689 851 humo,
707 818 780 845 stilla
798 819 950 846 hirundinis
961 820 1018 848 sive

1075 216 1208 249 eletiast.;
1223 217 1379 252 Cajetanus,
1398 221 1424 246 in
1437 222 1532 255 pralm.
1550 229 1656 255 cun;
1677 223 1856 258 Augustinus,

1076 262 1122 289 lib.
1145 270 1163 289 ιι
1179 262 1218 289 De
1237 263 1328 291 Genet.
1345 265 1378 291 ad
1404 266 1468 298 litt.,
1488 274 1548 302 cap.
1579 268 1623 301 18,
1645 273 1673 295 et
1697 267 1807 296 Enchir.
1825 272 1857 296 ad

1075 307 1256 340 Laurentium,
1273 318 1332 345 cap.
1347 311 1392 338 58.
1418 311 1554 340 Refelluut
1576 321 1638 340 eam
1663 313 1782 342 Basilius
1804 316 1855 343 Ma-

1074 361 1154 388 gnus.
1172 354 1244 382 hom.
1254 355 1270 382 5
1286 356 1312 382 in
1327 356 1464 390 llexaem.,
1474 363 1500 384 et
1516 358 1713 391 Damascenus,
1723 360 1770 387 lib.
1788 368 1807 387 ιι
1822 360 1858 387 be

1073 399 1125 432 ﬁde
1136 401 1321 437 orthod.,cap.
1339 402 1366 429 6.
1383 403 1453 435 Quid
1472 403 1509 431 sit
1524 405 1551 432 in
1569 405 1621 432 hac
1639 413 1669 432 re
1687 407 1856 434 sentiendum

1072 446 1174 478 optime
1189 447 1305 481 explicat
1323 447 1351 474 S.
1370 448 1499 481 Thomas,
1516 458 1523 476 I
1546 455 1630 485 part.,
1657 457 1757 486 quaest.
1773 453 1816 485 70,
1830 459 1856 480 et

1074 499 1158 525 nuper
1169 492 1203 518 de
1220 493 1270 520 hac
1285 493 1378 521 eadem
1391 502 1421 522 re
1434 495 1567 530 singulari
1588 498 1700 531 pietate,
1721 503 1749 525 et
1768 499 1857 526 erudi-

1073 537 1146 564 ti0ue
1156 538 1207 570 vir,
1221 541 1248 565 et
1262 539 1313 566 mei
1335 540 1516 569 amicissimus
1527 541 1616 570 Julius
1631 543 1725 571 Caesar
1737 543 1854 580 Lagatla,

1073 582 1192 610 libellum
1207 584 1241 611 de
1256 584 1307 612 hac
1318 593 1347 612 re
1359 586 1520 620 scripserat;
1535 596 1616 622 quem
1631 597 1685 624 ego
1699 590 1737 616 ob
1750 591 1855 625 elegan-

1072 627 1148 659 tiam,
1169 631 1196 655 et
1221 628 1351 657 doctrinae
1369 631 1552 666 peripatetica:
1571 640 1708 660 summam
1721 636 1854 668 peritiam.

1070 672 1133 700 dum
1147 673 1332 710 Haidelbergae
1343 684 1537 710 commorarer,
1549 680 1669 707 maximo
1682 680 1855 717 philosopho-

1070 726 1131 745 rum
1141 719 1416 754 desiderioedendum
1428 724 1532 752 curavi.
1542 723 1629 757 Quem
1641 726 1746 760 adesis,
1761 728 1853 759 lector,

1070 765 1092 792 si
1108 773 1183 801 purae
1200 767 1378 803 philosophia:
1393 768 1513 798 fontibus
1528 771 1692 804 delectaris;
1716 774 1741 801 si
1763 779 1853 802 nostra

1069 811 1127 838 hac
1139 816 1259 847 tempora
1271 814 1470 848 antiquioribus
1493 815 1556 850 illis,
1586 825 1636 846 nec
1659 818 1791 846 inferiora
1806 821 1850 846 lit-

230 862 411 896 sanguisugc,
425 865 451 888 et
466 861 675 890 manducatione
690 863 780 890 ﬁctum
797 872 866 892 esse.
884 864 956 892 Ordo
970 874 1005 900 qu

1070 857 1149 886 teris,
1162 866 1212 886 nec
1231 860 1443 894 cogitationibus
1462 861 1635 896 obscuriora,
1654 872 1704 892 nec
1720 865 1854 894 methodis

229 907 389 934 observatur
407 914 489 942 super
508 906 542 935 iis
567 909 642 943 quia
660 908 805 937 Saracenis
827 911 861 937 ad
883 911 1016 938 Christia-

228 960 291 980 nam
312 952 390 979 tidem
416 960 445 980 se
469 957 649 981 convertunt:
671 955 874 990 Ἀναθεματίζω
888 956 936 992 τὴν
951 958 1016 993 περὶ

226 998 275 1033 τῆς
300 997 423 1030 πλάςεως
440 997 486 1024 τοῦ
516 997 658 1034 ἀνθρώπου
678 1000 851 1028 διδασκαλίαν
867 1002 912 1028 τοῦ
934 1003 1015 1030 Μωά-

227 1044 285 1078 μεδ,
303 1045 332 1070 ὲν
381 1052 473 1079 φησιν,
496 1044 537 1070 ὃτι
562 1045 683 1081 ἐπλάσθη
701 1047 715 1072 ὁ
735 1046 875 1082 ἄνθρωπος
889 1049 943 1075 ἀπὸ
961 1049 1014 1084 χώ-

227 1098 310 1125 ματος
330 1089 377 1116 καὶ
393 1089 534 1123 σταγόνος,
555 1090 601 1116 καὶ
619 1090 743 1126 pagum,
761 1092 808 1118 καὶ
826 1094 1012 1128 μασσήματος.

225 1136 258 1163 Et.
271 1135 433 1172 Euthymius
449 1135 476 1162 in
503 1136 653 1170 l’unoplia:
685 1137 734 1164 Ἐκ
748 1138 857 1174 βδέλλης
873 1139 1014 1175 ἆνθρωτνον

224 1181 347 1216 γίνεσθαι
369 1181 452 1215 λέγει.
474 1181 555 1208 Ἀλλὰ
579 1182 637 1214 πῶς
661 1184 693 1210 ὲκ
730 1183 776 1210 τοῦ
801 1185 962 1220 ἅτιμοτάτου
983 1186 1014 1212 τὸ

223 1227 397 1264 τιμιώτατον,
410 1228 457 1254 καὶ
471 1227 502 1253 ὲκ
516 1227 561 1253 τοῦ
574 1227 670 1261 ἀλόγου
684 1228 714 1255 τὺ
729 1228 846 1263 λογικὸν,
863 1231 910 1256 καὶ
923 1231 954 1257 ἐκ
967 1230 1012 1257 τοῦ

223 1275 340 1309 φευκτοῦ
359 1275 388 1302 τὸ
402 1276 514 1308 εὐκτόν;
530 1275 585 1303 Nec
598 1275 689 1303 minus
704 1275 902 1304 Mahumetanis
914 1278 1010 1306 absur-

222 1322 275 1349 dus
289 1321 453 1349 Franciscus
468 1321 610 1357 Georgius,
626 1322 672 1357 qui
689 1322 722 1350 de
736 1323 800 1350 limo
815 1327 893 1351 terra:
916 1328 953 1352 ita
965 1333 1013 1352 ex-

223 1367 316 1402 plicet,
330 1371 359 1394 ut
372 1367 528 1401 concludat,
543 1367 659 1395 animam
673 1372 777 1396 tantum
785 1377 845 1397 esse
856 1370 992 1398 hominem
1004 1379 1011 1403 ;

222 1416 260 1442 ita
276 1415 347 1442 enim
361 1415 419 1441 ait:
442 1413 577 1441 Formavit
599 1413 670 1442 Deus
688 1415 817 1442 hominem
837 1424 966 1451 puluerem
980 1416 1012 1444 de

223 1468 304 1493 terra,
321 1461 347 1488 id
360 1466 409 1492 est,
427 1461 512 1488 induit
524 1469 582 1488 eum
599 1466 666 1488 veste
679 1466 774 1495 terrea,
786 1470 879 1496 corpus
893 1462 1011 1490 videlicet

222 1513 363 1536 terrenum.
389 1507 480 1534 Primo
500 1507 569 1534 enim
589 1507 659 1548 Deus
684 1507 795 1534 decrevit
817 1507 946 1535 hominem
968 1508 1011 1543 [a-

221 1563 295 1587 cere;
312 1559 401 1590 postea
422 1554 517 1581 creavit
528 1562 586 1581 cum
596 1554 622 1580 in
634 1554 715 1586 ctelo,‘
728 1555 804 1581 tertio
817 1555 939 1589 formavit
951 1564 1010 1582 cor-

221 1611 269 1637 pus
282 1602 338 1636 ejus
353 1601 432 1628 veluti
444 1606 549 1628 restem.
567 1600 633 1633 Quae
653 1601 784 1628 sententia
800 1601 1010 1636 reprehensione

222 1657 275 1675 non
302 1651 377 1675 caret
391 1668 397 1680 ,
420 1647 448 1674 in
467 1646 585 1674 concilio
608 1645 754 1674 Viennensi
783 1646 920 1674 damnata.
942 1645 1010 1674 Vide

221 1695 299 1729 plura
316 1693 396 1727 hujus
411 1691 549 1719 Francisci
564 1695 726 1727 nugamenta
746 1692 817 1727 apud
839 1691 946 1719 Sixtum
961 1691 1010 1720 Se-

221 1747 343 1773 nensem,
360 1739 486 1766 Biblioth.
504 1738 646 1765 sanctJib.
663 1746 682 1765 1.
701 1738 868 1772 Augustinus
881 1743 1009 1774 praeterea

220 1786 268 1813 lib.
291 1793 309 1812 ιι
322 1785 358 1812 De
367 1783 459 1812 Cenes.
478 1784 586 1818 allegor.
600 1783 690 1816 docet,
708 1791 808 1818 corpus
823 1785 940 1812 hominis
953 1793 1008 1812 non

219 1831 305 1859 fuisse
327 1830 466 1858 conditum
488 1834 550 1857 ante
572 1829 669 1856 animae
687 1829 863 1862 creationem,
885 1831 932 1858 sed
954 1838 1007 1858 una

218 1886 281 1905 cum
302 1877 360 1912 ipsa
387 1877 477 1903 anima
502 1876 530 1902 in
551 1875 646 1903 eodem
669 1875 751 1903 simul
772 1879 901 1911 tempore.
929 1876 1007 1909 Quod

219 1928 313 1959 postea
338 1922 491 1958 reprobavit
506 1921 553 1948 lib.
581 1929 589 1948 ι
613 1921 741 1954 Retract.,
765 1929 825 1956 cap.
857 1922 899 1949 l0.
928 1922 1006 1950 Jose-

218 1970 299 2004 phus,
322 1969 408 2003 Antiq.
424 1967 488 1994 Jud.
507 1967 554 1994 lib.
571 1975 589 1997 I.
605 1975 665 2002 cap.
687 1967 714 2000 2,
729 1968 861 1995 Adamum
878 1969 916 1995 ait
931 1976 1007 1996 crea-

219 2019 277 2041 tum
292 2022 307 2042 e
323 2014 383 2041 rufa
399 2015 481 2041 humo
501 2014 672 2047 fermentata,
685 2014 745 2042 talis
761 2015 832 2042 enim
851 2019 891 2042 est
905 2015 1005 2042 intacta

220 2063 293 2085 terra
312 2062 338 2085 et
365 2065 445 2091 vera;
473 2058 586 2092 ideoque
612 2064 737 2086 vocatum
761 2059 895 2088 Adamum
926 2061 1004 2095 quasi

219 2104 310 2131 rufum
327 2114 332 2131 :
351 2104 379 2131 ’0
393 2104 421 2130 δὲ
435 2104 577 2139 ἄνθρωπος
589 2101 663 2136 οὗτος
681 2104 800 2140 ’Ἄδαμος
823 2105 938 2141 ἐκλήθη·
957 2114 1004 2142 ση-

219 2150 309 2186 μαίνει
326 2151 354 2177 δὲ
369 2149 447 2176 τοῦτο
460 2149 529 2176 κατὰ
542 2150 664 2184 γλῶτταν
678 2150 727 2186 τὴν
743 2151 874 2187 Ἐϐραίων
890 2152 1002 2187 waste],

217 2197 364 2232 ἐπειδήπερ
378 2196 432 2223 ἀπὸ
443 2196 492 2231 τῆς
507 2197 612 2231 πυρῤᾱς
627 2196 677 2232 γῆς
690 2197 858 2232 φυραθείσης
873 2197 1002 2231 ἐγεγόνει.

217 2242 333 2278 Tam-31:11
344 2243 398 2277 γάρ
411 2243 483 2268 ἐστιν
495 2243 511 2277 ἡ
525 2241 656 2277 παρθένος
668 2244 702 2277 γῆ
714 2243 760 2269 καὶ
773 2242 896 2278 ἀληθινή.

253 2288 320 2315 Ibid.
336 2287 391 2314 Kal
413 2287 485 2319 δοὺς
508 2286 597 2318 αὐτῷ.
626 2285 664 2313 lta
685 2291 714 2313 ut
735 2287 785 2314 hoc
812 2287 872 2314 solo
896 2288 998 2318 animo,

217 2333 330 2361 rationis
345 2333 476 2360 duntaxat
492 2337 616 2366 compote
640 2339 655 2358 a
670 2332 774 2360 caeteris
791 2332 863 2365 aliis,
888 2333 946 2360 sive
959 2333 1000 2360 his

217 2379 395 2407 inferioribus
414 2380 471 2407 sive
495 2378 694 2413 superioribus,
710 2379 844 2406 creaturis
874 2378 1000 2412 diﬂ‘erat;

218 2427 244 2453 in
259 2434 345 2461 eoque
374 2434 452 2453 suum
471 2433 552 2452 omne
568 2425 662 2455 decus.
671 2428 697 2451 et
711 2424 900 2451 excellentiam
916 2425 996 2452 sitam

217 2477 358 2507 agnoscat.
369 2471 447 2504 Quod
468 2471 502 2498 ab
521 2470 630 2497 homine
644 2470 667 2497 si
685 2469 788 2501 demas,
803 2477 938 2504 nusquam
957 2470 999 2497 vel

216 2518 365 2550 brutis,vel
382 2518 532 2549 vermibus,
544 2517 585 2544 vel
601 2516 712 2551 plantis,
725 2516 765 2542 vel
781 2515 916 2550 lapidibus
933 2515 999 2550 ipsis

215 2564 343 2599 superior
362 2564 424 2591 erit.
440 2562 511 2596 Quin
531 2562 652 2590 omnium
674 2561 890 2594 infelicissimus,
910 2567 937 2589 et
950 2563 999 2590 mi-

215 2610 349 2637 serrimus
364 2610 449 2636 vitam
466 2612 568 2644 ageret.
585 2607 645 2634 Non
668 2606 778 2634 deluere
806 2611 906 2641 tamen,
926 2607 999 2642 iique

215 2655 435 2690 praestantissimi
452 2655 516 2686 viri,
535 2654 582 2689 qui
604 2654 722 2680 animum
739 2653 950 2680 ratiocinantem
965 2653 1000 2680 si-

215 2701 490 2735 dci'ibus,rcbusque
510 2700 573 2726 aliis
602 2700 787 2733 assignarunt,
817 2699 898 2726 veluti
922 2698 998 2726 Philo

215 2746 337 2780 iudazus,
354 2747 402 2774 lib.
420 2747 458 2774 De
481 2747 590 2773 somniis
613 2750 639 2772 et
658 2746 693 2772 Dc
717 2745 781 2779 opif.
807 2753 852 2771 sex
877 2745 997 2775 dierum;

216 2792 358 2827 Origenes,
371 2798 438 2820 tom.
453 2802 470 2824 ι,
486 2793 640 2819 Comment.
656 2792 682 2817 in
701 2790 782 2818 Joan.
794 2795 821 2818 et
833 2791 920 2825 primo
930 2791 999 2824 Περὶ

216 2838 327 2873 ἀρχῶν,
345 2846 404 2872 cap.
433 2839 456 2864 7.
477 2838 655 2872 Hieronymus
671 2837 703 2864 ab
724 2837 773 2864 hac
789 2837 922 2864 sententia
943 2844 997 2864 non

1069 909 1101 929 ac
1116 903 1238 930 scientiis
1249 904 1411 938 ignobiliora
1429 913 1594 941 cognoscere
1614 910 1732 943 appetis.

1104 947 1183 982 lbid.,
1198 949 1247 977 lin.
1264 950 1309 977 2L
1329 951 1384 978 Τοῦ
1401 953 1596 986 παραδείσου.
1611 954 1694 983 Plura
1717 956 1791 991 apud
1808 956 1853 984 Pa-

1069 999 1124 1023 tres
1143 996 1176 1023 de
1199 997 1327 1031 paradiso
1349 999 1507 1033 voluptatis,
1538 1001 1675 1036 vari-.eque
1690 1002 1725 1029 de
1750 1010 1784 1030 eo
1799 1011 1852 1030 non

1067 1044 1173 1068 tantum
1192 1042 1262 1078 apud
1281 1044 1418 1078 antiquos,
1434 1045 1482 1072 sed
1497 1050 1524 1073 et
1545 1048 1711 1076 recentiores
1737 1050 1852 1084 scripto-

1067 1095 1123 1121 res,
1139 1087 1312 1117 dillicultates
1324 1090 1498 1119 elucubratas.
1514 1091 1588 1119 Mulli
1608 1094 1672 1121 item
1687 1094 1775 1122 libros
1784 1096 1853 1123 inte-

1066 1141 1129 1169 gros
1143 1135 1176 1162 de
1198 1135 1251 1163 hoc
1262 1137 1388 1171 paradiso
1408 1138 1580 1174 conscriptos
1593 1140 1622 1167 in
1636 1140 1734 1176 vulgus
1761 1142 1851 1170 edide-

1067 1184 1140 1211 runt,
1158 1181 1184 1208 in
1205 1182 1304 1215 quibus
1323 1187 1365 1210 sat
1380 1183 1468 1218 plura.

1105 1225 1173 1252 lbid.
1193 1226 1371 1261 Ἐπίμοχθον
1388 1228 1482 1262 αὐτῷ.
1512 1228 1619 1258 Dclrius
1637 1240 1664 1258 in
1683 1240 1742 1267 cap.
1760 1241 1791 1260 ιιι
1802 1233 1852 1260 Ge»

1066 1279 1121 1300 nes.
1138 1280 1148 1298 :
1171 1271 1204 1298 In
1232 1273 1358 1306 paradiso
1382 1274 1512 1302 innocenti
1543 1276 1646 1303 Adamo
1675 1278 1755 1306 tellus
1778 1289 1851 1315 longe

1066 1318 1154 1344 omnia
1173 1319 1374 1353 suppeditasset,
1400 1321 1479 1348 leuent
1501 1331 1559 1349 cum
1583 1324 1716 1358 υοιιιριαιε
1744 1334 1850 1361 operam

1065 1363 1224 1397 impendenti
1233 1373 1241 1391 .'
1250 1367 1389 1398 peccaturi,
1401 1373 1424 1393 et
1435 1372 1511 1394 extra
1521 1369 1676 1403 paradisum
1690 1371 1782 1398 eadem
1794 1381 1850 1400 nl:-

1066 1410 1136 1445 ligna
1152 1411 1242 1438 nutris:
1257 1412 1363 1438 inarata
1374 1412 1457 1446 nihil,
1481 1419 1558 1441 arata
1572 1423 1654 1450 parce
1671 1418 1808 1452 quadam,
1824 1428 1849 1446 ει

1064 1456 1220 1491 quibusdam
1245 1458 1308 1486 locis
1324 1459 1460 1486 redditura
1478 1460 1659 1490 denuntiatur.
1681 1463 1713 1490 Et
1731 1464 1848 1492 Basilius

1065 1501 1257 1536 Seleucieusis,
1278 1508 1348 1532 orat.
1367 1505 1384 1531 2
1399 1505 1437 1532 De
1457 1506 1543 1533 Adam
1557 1515 1567 1534 :
1588 1508 1810 1545 Ἐπικατάρατος
1830 1514 1846 1547 ή

1061 1548 1097 1584 γῆ
1114 1549 1142 1576 ἐν
1157 1551 1213 1582 τοῖς
1234 1550 1324 1586 ἔργοις
1341 1559 1397 1578 σου.
1414 1552 1525 1588 Τρυφῆς
1543 1553 1644 1590 ἐφάνης
1660 1556 1779 1588 ἀνάξιος.
1793 1560 1847 1590 τοῖς

1062 1594 1126 1630 περὶ
1139 1595 1190 1630 γῆν
1207 1595 1316 1632 ἱδρῶσιν
1335 1597 1465 1631 ὑπάρξεις
1493 1599 1655 1634 κατάρατος,
1681 1601 1729 1628 καὶ
1758 1603 1847 1634 πόνος

1063 1641 1201 1676 μετρήσας
1217 1641 1267 1676 τῆς
1283 1642 1355 1678 ζωῆς
1375 1650 1421 1668 σου
1439 1642 1484 1669 τὸν
1497 1644 1603 1679 χρόνον,
1621 1646 1705 1681 τάφον
1720 1648 1845 1683 εὑρήσεις

1059 1687 1108 1714 τοῦ
1135 1687 1192 1723 βίου
1209 1689 1338 1724 διάδοχον.

1098 1731 1177 1766 lbid.,
1190 1734 1237 1761 lin.
1250 1734 1294 1761 29.
1315 1735 1470 1769 Γνωρίσας
1486 1733 1543 1763 οὖν
1563 1737 1630 1770 τήν.
1658 1737 1843 1767 Rabbinorum

1060 1777 1170 1812 quidam
1181 1784 1292 1806 censent
1308 1779 1367 1807 Eva‘.
1387 1788 1482 1808 zonam
1507 1782 1535 1809 in
1561 1783 1690 1817 paradiso
1714 1786 1841 1817 solutam,

1060 1823 1249 1859 Adamumque
1262 1833 1372 1860 operam
1386 1826 1599 1868 liberis'dedisse
1613 1830 1708 1857 statim
1722 1835 1751 1858 ut
1764 1831 1800 1859 ad
1814 1832 1844 1859 il-

1062 1870 1116 1897 lum
1135 1871 1249 1898 adducta
1265 1875 1307 1899 est
1323 1871 1387 1900 Eva.
1413 1873 1489 1906 Quod
1507 1874 1663 1903 insinuatur
1675 1877 1757 1904 etiam
1772 1878 1819 1906 lib.
1831 1886 1841 1906 l

1060 1916 1254 1953 Sibyllinorum
1269 1920 1440 1947 oraculorum
1456 1921 1529 1948 circa
1554 1922 1734 1958 principium.
1755 1924 1840 1952 Caba-

1058 1963 1127 1990 lista:
1144 1965 1325 1992 insulsissime
1339 1970 1464 1993 asserunt
1480 1967 1574 2002 genios
1588 1969 1687 1996 noxios
1702 1970 1774 1996 lilith
1795 1979 1839 2006 ap-

1060 2010 1174 2044 pellatos
1189 2012 1293 2045 genitos
1309 2011 1392 2039 fuisse
1408 2020 1441 2040 ex
1463 2011 1594 2047 proﬂuvio
1607 2015 1724 2042 seminis
1735 2017 1839 2048 Adami.

1057 2060 1202 2090 antequam
1214 2063 1275 2083 cum
1290 2056 1343 2083 Eva
1360 2065 1443 2084 uxore
1457 2058 1680 2093 congrederetur,
1698 2064 1725 2088 et
1745 2061 1842 2090 habere

1057 2100 1166 2135 quidem
1180 2109 1227 2129 eos
1240 2109 1339 2136 corpus
1348 2103 1490 2137 palpabile,
1499 2108 1526 2132 et
1537 2105 1666 2133 sensibus
1678 2107 1840 2142 subjectum,

1057 2146 1105 2172 sed
1121 2153 1241 2179 aereum,
1255 2147 1354 2174 subtile
1370 2152 1397 2174 et
1414 2149 1569 2176 evanidum.
1583 2149 1685 2178 Eorum
1700 2153 1786 2180 vitam
1797 2162 1841 2180 an—

1057 2199 1154 2218 norum
1171 2193 1244 2220 mille
1266 2197 1389 2220 statuunt
1412 2195 1541 2228 vegetari,
1558 2200 1585 2223 et
1605 2204 1754 2226 senescere
1768 2207 1841 2227 more

1055 2239 1220 2273 reliquorum
1230 2239 1378 2271 hominum,
1387 2242 1528 2276 propagari
1541 2248 1635 2269 eorum
1651 2245 1773 2278 speciem
1783 2247 1839 2280 pol-

1056 2284 1205 2312 lutionibus
1214 2286 1366 2317 nocturnis,
1388 2290 1415 2313 et
1426 2285 1554 2315 Venereis
1569 2288 1692 2316 virorum
1707 2292 1838 2323 somniis;

1053 2338 1114 2357 cum
1133 2331 1187 2358 sint
1210 2331 1349 2358 libidinosi
1374 2332 1519 2367 plurimum
1536 2333 1667 2361 delectari
1683 2341 1837 2363 menstruo-

1054 2384 1113 2402 rum
1145 2375 1274 2408 tluxibus,
1304 2377 1404 2411 quibus
1429 2378 1512 2406 robur
1539 2385 1696 2412 assumunt.
1726 2382 1838 2418 ideoque

1054 2427 1135 2449 noctu
1151 2422 1284 2449 accubare
1297 2423 1454 2457 juvenibus,
1473 2423 1594 2457 titillare,
1613 2426 1730 2459 spiritus
1760 2427 1839 2454 semi-

1053 2468 1129 2496 nales
1144 2469 1275 2501 excitare,
1298 2469 1420 2497 relaxare
1438 2477 1502 2496 vasa
1533 2471 1690 2502 seminalia.
1722 2479 1752 2500 ut
1779 2481 1836 2501 sese

1052 2514 1095 2541 his
1111 2514 1307 2549 pollutionibus
1325 2515 1457 2542 reﬁciant.
1482 2514 1549 2547 Quis
1563 2523 1618 2542 non
1636 2517 1710 2544 videt
1732 2520 1839 2553 nugas?

1050 2561 1104 2587 Alii
1118 2561 1271 2596 item,quos
1285 2565 1311 2588 et
1328 2565 1426 2588 nostra
1439 2562 1607 2596 tempestatis
1624 2562 1749 2590 haeretici
1761 2573 1838 2592 .non-

1052 2606 1120 2633 nulli
1136 2612 1301 2641 sequuntur,
1319 2607 1411 2634 statim
1428 2611 1490 2642 post
1504 2613 1658 2642 peccatum.
1677 2609 1731 2636 Alii
1747 2618 1780 2637 ex
1796 2618 1838 2637 ve-

1052 2652 1118 2679 riori
1132 2653 1270 2686 opinione,
1299 2655 1360 2686 post
1380 2652 1565 2686 expulsionem
1595 2660 1609 2680 e
1634 2654 1776 2687 paradiso.
1802 2655 1838 2681 lia

1053 2697 1182 2728 lremcus,
1198 2697 1246 2725 lib.
1263 2704 1304 2728 ιιι,
1319 2705 1379 2732 cap.
1393 2696 1612 2731 '53;Procupius,
1628 2705 1691 2733 cap.
1708 2707 1736 2726 Iv
1751 2700 1777 2726 in
1791 2698 1838 2726 Ge-

1051 2751 1125 2774 nes.;
1148 2742 1325 2777 Epiphanius,
1342 2743 1388 2770 ιιι).
1407 2750 1437 2769 ιιι
1460 2743 1559 2770 Contra
1582 2743 1693 2775 horrea,
1714 2744 1838 2772 Justinus

1051 2789 1158 2823 dialogo
1173 2789 1273 2816 Contra
1289 2789 1461 2824 Tryphonem.
1481 2788 1607 2821 Quandiu
1624 2791 1698 2816 enim
1716 2791 1744 2816 in
1762 2798 1837 2825 pan-

1049 2835 1109 2863 diso
1132 2834 1216 2865 fuere,
1244 2835 1363 2870 virgines
1380 2826 1564 2869 permansisse
1589 2836 1750 2863 existimant
1771 2835 1834 2863 Ter.
