1897 3073
82 121 138 151 975

599 119 634 147 ΙΝ
655 118 837 147 EUSTATHH
858 116 1093 145 ΗΕΧΑΕΜΕΠΟΝ
1107 116 1219 144 NCT/Ii.

1662 114 1714 143 974

83 180 228 211 tuilianus.
246 180 293 207 lib.
314 180 350 207 De
363 179 465 207 veland.
478 179 585 214 virgin.,
598 186 659 214 cap.
672 178 707 210 5;
734 177 868 212 Hierany-
884 180 907 208 Α
922 175 1042 211 probari.
1066 175 1209 202 Reclamat
1227 174 1352 202 Justinus
1372 174 1472 210 Martyr
1488 174 1520 201 ad
1538 173 1714 202 Ortliodoxos

82 224 158 260 nius,
172 227 271 255 Contra
285 226 472 259 Iovinianum;
483 226 656 258 Ambrosius,
672 225 721 252 lib.
734 225 772 252 De
788 225 873 251 instit.

81 275 231 310 virginum;
249 274 376 308 Basilius,
391 274 473 309 epist.
486 273 519 301 ad
532 272 683 304 Letorium,
696 271 735 298 De
749 279 809 298 vera
824 271 876 298 uir-

79 320 211 354 ginitate;
231 319 432 356 Chrysostom.,
451 319 525 347 hom.
541 319 575 346 l8
599 319 627 345 in
645 317 751 349 Comes..-
771 316 873 344 Marius

82 365 191 400 Victor,
207 367 253 393 lib.
281 374 300 393 ιι
329 365 476 398 inCenes.;
505 365 686 400 Augustinus,
714 363 760 390 lib.
787 365 818 389 iii
837 363 874 390 De

81 412 178 440 Cenes.
197 412 231 439 ad
243 413 308 444 lim;
322 412 439 443 Delrius,
455 413 482 438 in
501 411 594 439 Cenes.
610 419 671 446 cap.
692 418 728 438 Iv.
755 409 810 437 Nec
823 409 874 436 ali-

79 464 127 487 ter
144 459 228 487 sentit
249 459 409 494 Procopius.
428 459 461 485 Et
475 459 503 486 in
517 458 611 491 Cyrilli
632 456 872 492 Hierosolymitani

81 504 224 532 cateehesi
244 504 287 538 l2,
303 505 339 531 ita
352 503 536 540 reponendum
549 503 673 530 nonnulli
683 502 852 530 contendunt
865 512 870 529 :

79 551 200 578 Accessit
215 549 250 577 ad
263 550 398 578 mulierem
412 550 498 577 adhuc
511 550 646 586 virginem.
668 548 740 576 Nam
751 553 809 583 post
827 557 873 575 ca-

77 605 141 624 sum
154 597 183 624 in
207 597 345 632 paradiso,
366 601 427 624 tunc
442 597 556 632 primum
572 597 694 632 cognovit
717 595 810 622 Evam.
840 594 872 621 Et

78 643 136 670 hoc
154 643 292 671 Eustathii
312 643 372 670 loco
386 643 589 678 cognoscimus,
617 643 720 678 primos
735 641 870 673 homines,

76 689 173 723 quoad
188 688 298 716 fuerunt
313 688 340 715 in
360 687 500 723 paradiso,
522 688 642 723 virgines
662 688 755 716 fuisse.
779 686 870 714 Prima

77 734 155 762 enim
172 742 266 762 eorum
294 733 452 761 comm-istic
467 738 530 768 post
545 741 686 768 egressum
709 741 724 761 e
743 733 870 769 paradiso

76 785 323 808 commemoratur.
344 779 483 815 Recteque
513 780 665 807 Methodius
693 780 721 806 in
748 780 818 806 libro
833 779 870 806 De

77 827 134 861 [ine
150 826 242 853 mundi
257 835 266 854 :
280 826 387 858 Ἰστέον,
408 827 459 858 ὃτι,
480 825 633 859 ἐξελθόντες
647 826 692 852 ὅτε
720 825 805 860 Ἀδὰμ.
823 825 869 851 καὶ

77 872 138 901 Εὔα
154 874 187 900 ὲκ
206 873 253 900 τοῦ
268 873 442 910 παραδείσου,
463 872 590 908 παρθένοι
610 871 767 906 ἐτύγχανον.
783 871 826 898 Ἐν
839 871 866 897 δὲ

76 919 119 955 τῷ
131 920 285 956 τριακοστῷ
299 919 353 946 ἔτει
365 919 415 955 τῆς
429 919 518 951 ἐξόδου
535 918 625 945 αὐτῶν
641 917 688 945 τοῦ
703 917 866 954 παραδείσου

76 966 193 993 1τιέτοκειν
220 967 290 994 Κὰῑν
303 966 348 993 τὸν
365 966 535 1002 πρωτότοκον
554 966 601 992 καὶ
618 965 668 1000 τὴν
685 964 802 1000 ἀδελφὴν
820 963 868 990 αὐ-

76 1012 126 1040 τοῦ
145 1013 304 1049 Καλμάναν.
316 1012 384 1040 Nota
397 1016 438 1040 est
454 1012 517 1039 item
529 1019 611 1046 Super
633 1012 684 1038 hac
700 1019 730 1038 re
744 1010 868 1045 Gregorii

76 1058 197 1095 Nysseni
215 1059 417 1094 sententia,qui
433 1059 472 1086 De
489 1059 576 1093 api/io.
594 1058 718 1090 hominis,
742 1065 803 1092 cap.
821 1057 867 1088 2t,

76 1105 120 1132 ait
136 1115 143 1132 :
159 1104 237 1138 Quod
260 1106 400 1141 generatio
415 1105 510 1140 prolis,
533 1109 560 1132 et
576 1104 735 1140 propagatio
755 1104 868 1132 humani

76 1152 200 1186 generis,
227 1152 251 1179 si
273 1151 354 1187 primi
383 1155 512 1187 parentes
533 1159 588 1178 non
617 1154 785 1186 peccassent,
814 1158 868 1177 non

76 1197 179 1225 fuisset
195 1206 244 1233 per
256 1198 371 1231 coitum,
388 1198 436 1226 sed
450 1197 568 1225 fuissent
588 1197 760 1232 multiplicati
774 1197 867 1224 multi-

76 1242 239 1278 plicationis
256 1243 338 1270 modo
361 1242 480 1277 quodam
500 1242 712 1277 perfectissimo,
738 1242 869 1277 quemads

76 1289 192 1317 modum
204 1289 293 1324 angeli
310 1298 317 1316 :
333 1289 472 1324 generatio
489 1296 606 1324 namque
618 1289 686 1320 haec,
704 1296 764 1323 quae
780 1288 809 1315 ﬁt
820 1295 869 1323 per

75 1334 270 1366 concubitum,
283 1342 332 1369 per
342 1338 483 1370 peccatum
496 1338 537 1362 est
547 1334 712 1361 introducta.
722 1334 795 1361 ldem
804 1342 868 1362 sen-

75 1381 114 1407 tit
127 1380 209 1408 Joan.
227 1380 430 1416 Chrysoslom.,
446 1381 520 1408 hom.
535 1380 567 1408 18
584 1381 610 1407 in
626 1379 740 1411 Genes.;
767 1380 870 1408 Proco-

76 1427 144 1462 pius
158 1427 186 1454 in
203 1426 294 1454 Cenes.
308 1435 369 1462 cap.
385 1435 427 1460 iv;
449 1426 643 1459 Damascenus,
664 1426 710 1453 lib.
724 1435 751 1454 Iv
765 1426 804 1454 De
818 1426 869 1461 ﬁde

76 1472 200 1506 orthod.,
219 1480 278 1508 cap.
305 1473 360 1506 9.5;
386 1472 548 1508 Euthymius
576 1473 603 1499 in
629 1473 725 1507 psalm.
754 1480 787 1506 1.;
814 1473 870 1500 Au-

75 1519 211 1554 gustinus
225 1519 252 1546 in
270 1518 362 1546 Cenes.
392 1517 463 1551 Quid
479 1522 569 1545 autem
587 1519 614 1545 in
636 1519 686 1545 hac
703 1526 732 1546 re
747 1522 870 1545 statuen-

76 1565 147 1592 dum
164 1565 211 1598 sit,
225 1564 377 1593 S.Thomas
390 1565 506 1600 explicat
520 1565 605 1600 prima
623 1569 704 1600 part.,
716 1569 811 1600 quaest.
824 1565 868 1598 98,

76 1617 134 1640 art.
151 1612 179 1645 2,
194 1616 222 1640 et
237 1620 300 1640 cum
320 1620 353 1640 eo
367 1613 459 1648 plures
471 1613 516 1639 alii
530 1612 668 1640 doctores.

115 1657 179 1687 Col.
187 1659 250 1691 749,
261 1659 311 1686 lin.
317 1659 364 1686 29.
371 1658 456 1692 Υίσὺς
464 1659 518 1686 δύο
526 1657 698 1694 ἐγέννησεν.
707 1656 765 1684 Non
774 1656 871 1693 gemel-

77 1704 135 1735 los,
144 1708 174 1731 ut
187 1712 248 1732 cum
261 1705 385 1732 rabbinis
396 1705 498 1741 colligit
510 1712 577 1732 ausu
587 1704 733 1732 temerario
742 1703 870 1731 Calvinus

77 1748 211 1784 ambigua
236 1749 364 1776 Methodii
388 1750 504 1776 lectione
534 1749 674 1784 deceptus,
690 1749 738 1777 sed
763 1748 871 1776 diverso

77 1799 175 1830 partu,
192 1803 253 1829 uno,
264 1795 368 1823 scilicet
394 1795 473 1828 Cain,
487 1795 554 1823 Abel
583 1796 668 1823 altero
685 1805 691 1822 :
708 1796 789 1822 verba
818 1795 872 1822 Me-

78 1842 171 1869 thodii
186 1846 250 1869 sunt
264 1843 325 1869 z’Ev
341 1842 370 1869 δὲ
389 1842 427 1878 τῷ
446 1841 597 1878 τριακοστῷ
613 1842 700 1878 χρόνῳ
716 1842 765 1878 τῆς
781 1841 871 1874 ἐξόδου

77 1888 174 1915 αὐτῶν
190 1889 236 1916 τοῦ
249 1889 412 1924 παραδείσου
425 1889 537 1916 τέτοκαν
548 1889 618 1916 Κάῖν
632 1889 676 1915 τὸν
689 1887 870 1924 πρωτότοκον,

78 1935 131 1962 καὶ
147 1935 196 1970 τὴν
213 1935 328 1972 ἀδελφὴν
347 1935 428 1962 αὐτοῦ
453 1935 613 1970 Καλμάναν.
632 1935 686 1961 Καὶ
702 1935 771 1970 μετὰ
793 1943 871 1970 τρια-

78 1980 180 2008 κοστὸν
193 1981 286 2016 ἕτερον
304 1981 364 2013 ἔτος
379 1981 507 2017 ἐγέννησε
520 1981 566 2008 τὸν
582 1980 664 2007 Ἅϐελ
680 1981 729 2007 σὺν
745 1982 778 2016 τῇ
800 1981 872 2016 Λεμ-

78 2027 153 2064 ϐόρᾳ
167 2029 199 2063 τῇ
211 2027 310 2064 ἀδελφῇ
322 2028 413 2055 αὑτοῦ.
428 2027 493 2061 Quae
507 2028 569 2062 quis
583 2035 639 2054 non
653 2027 726 2054 videt
737 2027 871 2054 diversam

79 2082 98 2101 a
114 2074 230 2102 Calvino
245 2075 409 2102 sententiam
440 2074 601 2101 continere?

120 2120 201 2153 lbid.,
222 2121 270 2149 lin.
291 2120 335 2148 50.
354 2120 409 2147 Τὸν
422 2119 507 2147 Κάϊν.
526 2120 613 2155 Hujus
630 2120 749 2148 nominis
762 2123 871 2156 etymOn

78 2170 109 2194 et
120 2167 270 2195 declaratio
281 2167 396 2195 habetur
410 2167 436 2194 in
452 2167 518 2202 ipsis
533 2167 619 2194 sacris
634 2166 743 2193 Litteris
761 2174 767 2192 :
784 2165 871 2201 Elpe-

926 226 1023 257 qutest.
1054 221 1116 253 119,
1138 222 1165 248 in
1193 228 1246 256 qua
1271 222 1408 248 fructuum
1431 225 1457 248 et
1486 221 1609 247 carnium
1634 228 1713 247 usum

925 268 1002 295 Abeli
1017 273 1044 295 et
1055 267 1140 295 Caino
1162 268 1299 295 concedit.

963 314 1042 347 lbid.,
1066 315 1115 341 lin.
1135 314 1179 342 52.
1197 314 1389 348 Προσήνεγκε
1417 314 1450 340 δὲ
1464 315 1564 341 Ἅϐελ.
1592 312 1713 340 Primum

925 360 979 388 Deo
1002 361 1115 388 Abelem
1141 361 1237 389 litasse
1268 366 1310 388 est
1332 361 1486 388 communis
1512 361 1568 388 fere
1590 359 1711 387 omnium

924 408 1024 443 opinio.
1042 407 1128 435 Judaei
1147 407 1251 435 Adamo
1267 407 1294 434 id
1311 407 1446 439 tribuunt,
1465 411 1491 434 et
1507 414 1568 434 eum
1595 406 1712 441 primum

924 454 1020 482 bovem
1049 455 1231 487 sacriﬁcasse,
1249 458 1276 482 et
1291 454 1373 481 ritum
1398 453 1473 480 illum
1490 453 1561 480 ﬁlios
1575 452 1711 481 docuisse.

923 500 1062 529 Gilbertus
1077 500 1282 531 Genebrardus.
1301 500 1425 528 Cltrortol.
1446 500 1494 528 lib.
1510 508 1529 527 ι.

959 547 1039 578 lbid.,
1054 547 1102 574 lin.
1118 547 1162 575 55.
1178 548 1232 574 Καὶ
1248 548 1267 581 ἠ
1277 547 1369 574 θυσία
1390 545 1493 574 αὑτοῦ.
1511 545 1589 578 Quod
1609 545 1714 572 scilicet

923 593 985 627 igne
996 593 1030 620 de
1045 593 1122 620 caelis
1133 593 1253 621 demisso
1269 593 1435 621 oblationem
1447 592 1507 627 ejus
1519 591 1712 627 absumpserit,

922 639 999 667 Caini
1027 640 1156 667 intactam
1171 641 1324 675 reliquerit.
1338 641 1376 668 lta
1400 640 1562 676 Procopius,
1579 639 1713 674 Hierony-

921 694 998 719 mus;
1025 686 1143 722 Cyrillus
1169 687 1196 713 in
1233 685 1324 714 Cenes.
1355 694 1415 722 cap.
1446 695 1472 714 Iv
1497 691 1523 714 et
1548 686 1668 722 Claphyr
1686 686 1715 712 in

922 730 1013 759 Cenes.
1029 732 1089 759 libr.
1122 741 1145 765 i;
1169 732 1287 760 Faustus
1309 731 1481 768 Rhegiensis,
1508 732 1648 760 lib.'n1)e
1666 732 1712 759 lib.

924 778 1019 810 arbit.,
1043 786 1104 813 cap.
1128 779 1155 811 ﬁ,
1173 783 1200 805 et
1216 779 1261 806 alii
1278 788 1285 806 :
1302 779 1374 814 quod
1394 783 1422 806 ct
1436 783 1651 806 consentaneum
1671 783 1714 806 est

921 825 990 851 mori
1005 825 1107 852 divino.
1126 825 1211 853 Levit.
1225 825 1387 859 Ix,‘24;Jud.
1397 827 1473 859 v1.21
1483 835 1491 861 ;
1501 826 1515 853 1
1524 825 1645 860 Pam/ip.
1657 834 1712 858 xxi,

883 865 904 892 Β
918 870 949 904 2;
960 870 990 897 II
1002 871 1119 906 Paralip.
1130 880 1183 905 vn;
1197 872 1246 899 111
1254 873 1425 908 Reg.xrmct
1434 881 1535 901 xxxvm
1545 882 1553 906 ;
1563 872 1595 899 11
1604 873 1718 900 Macha-

919 915 1034 943 bmorum
1046 924 1063 943 ι.
1080 917 1216 945 Lutlierns
1226 922 1253 945 et
1262 918 1392 946 Calvinus
1403 919 1526 947 veritatis
1535 919 1560 946 in
1566 919 1714 946 l'cnsissimi

919 962 1022 994 hostes,
1034 968 1058 989 et
1072 971 1212 991 sacrarum
1232 963 1434 1000 Scripturarum
1459 965 1668 997 obtrectatores,
1686 965 1713 992 id

921 1012 1056 1035 tantorum
1069 1008 1179 1036 Patrum
1191 1010 1352 1038 auctoritate
1366 1010 1501 1037 ﬁrmatum
1527 1015 1626 1046 negant
1640 1011 1713 1045 inju-

920 1055 964 1087 rii,
977 1056 1138 1091 fabulastlue
1151 1056 1279 1086 Judaicas
1290 1066 1351 1086 esse
1364 1059 1547 1094 nugacissime
1562 1063 1712 1087 autumant.

956 1101 1022 1128 lbid.
1045 1102 1071 1127 Ὀ
1087 1102 1121 1129 δὲ
1140 1102 1216 1131 Κάϊκ-
1236 1103 1362 1138 πρῶτος.
1377 1096 1522 1132 Verissima
1538 1113 1604 1132 sane
1618 1112 1712 1136 causa.

919 1150 947 1173 et
961 1146 1152 1175 efﬁcacissima
1167 1148 1202 1176 ad
1220 1149 1411 1184 explicandum
1438 1158 1523 1185 quare
1539 1150 1610 1179 Dens
1626 1152 1710 1179 sacri-

922 1192 1012 1220 ﬁcium
1039 1194 1130 1228 potius
1147 1194 1240 1222 Abelis
1263 1203 1344 1231 quam
1361 1196 1439 1224 Caini
1459 1198 1616 1232 aspexerit;
1632 1198 1712 1226 aliam

921 1238 998 1265 all'ert
1013 1238 1159 1274 Iosephus.
1176 1241 1233 1273 scd,
1249 1245 1277 1269 ut
1291 1246 1414 1277 apparet,
1432 1251 1486 1270 non
1501 1244 1579 1270 multi
1594 1244 1712 1276 roboris.

921 1283 1045 1318 maleque
1069 1285 1102 1312 ab
1121 1285 1181 1320 ipso
1200 1286 1354 1321 conﬁctam,
1368 1288 1493 1317 videlicet
1509 1291 1581 1325 quod
1605 1291 1713 1318 sacriﬁ-

921 1329 993 1357 cium
1018 1330 1111 1360 Abelis
1135 1336 1232 1367 sponte
1255 1338 1358 1361 naturze
1373 1335 1472 1370 genitis
1492 1341 1640 1370 constaret,
1662 1345 1713 1365 sua

921 1384 987 1403 vero
1015 1377 1084 1404 Cain
1126 1378 1207 1406 homo
1233 1387 1332 1408 avarus
1358 1385 1385 1408 et
1411 1382 1563 1409 industrius
1588 1390 1637 1417 per
1659 1383 1711 1410 vim

922 1423 1067 1457 quamdam
1079 1432 1094 1450 a
1107 1428 1204 1451 natura
1216 1429 1377 1454 extorserat.
1396 1427 1482 1454 Θῦσαι
1501 1428 1539 1464 τῷ
1555 1428 1614 1464 Θεῷ
1633 1428 1712 1461 δόξαν

922 1469 1023 1501 αὐτοῖς,
1036 1470 1050 1495 ὁ
1067 1469 1116 1504 μὲν
1133 1471 1202 1497 Κάῖν
1218 1471 1271 1498 ἀπὸ
1288 1472 1337 1507 τῆς
1348 1474 1485 1509 γεωργίας
1496 1475 1544 1501 καὶ
1559 1475 1612 1502 τῶν
1623 1477 1712 1510 φυτῶν

922 1515 1044 1550 καρποὺς
1064 1516 1228 1552 ἀπήνεγκεν,
1252 1518 1364 1551 ’Ἄϐελος
1377 1520 1406 1546 δὲ
1423 1520 1504 1555 γάλα,
1521 1522 1569 1548 καὶ
1582 1522 1615 1548 τὰ
1637 1531 1712 1558 πρω-

921 1562 1019 1588 τότοκα
1043 1562 1097 1589 τῶν
1126 1563 1316 1599 βοσκημάτων.
1324 1565 1352 1592 '0
1376 1566 1442 1598 Θεὸς
1465 1567 1493 1594 δὲ
1512 1568 1596 1605 ταύτῃ
1612 1569 1712 1603 μᾶλλον

921 1608 1014 1643 ἥδεται
1040 1609 1073 1644 τῇ
1098 1608 1187 1645 θυσίᾳ,
1214 1612 1269 1642 τοῖς
1292 1611 1464 1647 αὐτομάτοις,
1481 1614 1614 1641 καὶκατὰ
1631 1616 1711 1650 φύσιν

922 1654 1045 1688 γεγονόσι
1062 1654 1232 1690 τιμώμενος,
1254 1656 1312 1683 ἀλλ’
1339 1658 1399 1693 οὐχὶ
1427 1661 1483 1691 τοῖς
1509 1662 1568 1687 κατ’
1591 1661 1712 1689 ἐπίνοιαν

922 1700 1065 1734 ἀνθρώπου
1082 1701 1243 1729 πλεονέκτου
1257 1702 1327 1729 κατὰ
1344 1703 1403 1738 βίαν
1416 1705 1576 1740 πεφυκόσιν.
1594 1706 1711 1735 Basiiius

924 1747 1065 1775 Seleucius
1081 1749 1205 1776 oratione
1230 1749 1264 1776 de
1275 1749 1341 1777 Cain
1364 1755 1390 1778 et
1405 1751 1488 1779 Abele
1502 1753 1534 1780 ad
1548 1761 1604 1780 rem
1619 1755 1712 1786 :_I(a'ttv

925 1793 973 1828 μὲν
986 1793 1040 1829 γὰρ
1055 1793 1104 1830 τὴν
1118 1794 1214 1822 θυσίαν
1230 1795 1331 1831 ζημίαν
1346 1797 1494 1833 ἡγούμενος
1508 1799 1540 1826 ἐκ
1555 1799 1608 1826 τῶν
1622 1800 1709 1827 ἀδοκί-

924 1848 982 1874 μων
999 1840 1048 1875 τὴν
1064 1840 1145 1876 τιμὴν
1160 1840 1198 1876 τῷ
1222 1841 1369 1878 τιμωμένῳ
1391 1843 1572 1880 προσεκόμιζε
1590 1846 1712 1873 νενοθευ-

925 1884 991 1920 μένῃ
1013 1884 1109 1920 γνώμῃ
1130 1885 1179 1920 τὴν
1195 1886 1277 1921 τιμὴν
1294 1882 1471 1922 καπήλεύων·
1492 1890 1506 1916 ὁ
1520 1889 1547 1916 δὲ
1566 1890 1648 1918 Ἂὸελ
1663 1892 1712 1928 οὐχ

922 1930 1007 1962 οὕτως
1018 1939 1024 1946 ⁸
1042 1931 1102 1962 ὅλος
1117 1931 1145 1958 δὲ
1167 1932 1213 1959 τοῦ
1240 1933 1326 1969 δώρου
1341 1935 1485 1970 γενόμενος
1504 1936 1644 1972 εἰλικρινεῖ
1655 1938 1712 1965 δια-

923 1977 982 2014 νοίᾳ
1000 1978 1145 2014 θεραπεύει
1158 1980 1203 2006 τὸν
1219 1981 1377 2016 Κρείττονα.
1396 1982 1451 2008 Καὶ
1467 1982 1512 2009 τὸν
1531 1983 1580 2018 τῆς
1595 1984 1711 2021 ποίμνης

923 2025 1022 2061 δοτῆρσι
1041 2028 1098 2057 τοῖς
1113 2027 1162 2063 τῆς
1179 2026 1297 2063 ποίμνης
1313 2027 1465 2064 ἐξαιρέτοις
1478 2029 1569 2065 ἐτίμα,
1582 2031 1631 2065 τῆς
1643 2030 1713 2065 γνὼ-

925 2079 979 2106 μης
991 2071 1040 2107 τὴν
1053 2072 1155 2108 ἀρετὴν
1166 2074 1308 2100 συνάπτων
1321 2076 1377 2105 τοῖς
1392 2074 1497 2111 δώροις,
1509 2076 1555 2103 καὶ
1568 2076 1653 2113 αὐτὴν
1663 2077 1712 2113 τὴν

923 2117 1012 2153 ψυχὴν
1052 2119 1271 2154 συμπροσφέρων
1302 2120 1342 2155 τῷ
1365 2120 1512 2157 δεχομένῳ.
1537 2122 1569 2149 Et
1592 2122 1712 2158 Cyrillus

924 2165 1124 2193 Alexandrinus
1151 2165 1281 2202 Glaphyr.
1301 2168 1329 2194 in
1353 2167 1444 2195 Cenes.
1470 2169 1518 2197 lib.
1545 2178 1552 2196 ι
1573 2171 1712 2206 ῖ¹⁶Αγειδὴ

79 2213 152 2247 perit
177 2211 255 2245 Cain,
278 2213 378 2243 dicens.
397 2213 508 2240 Possedi
534 2212 663 2239 hominem
678 2221 725 2247 per
744 2211 827 2239 Deum
836 2212 868 2239 “.

944 2209 969 2237 5ν
983 2213 997 2237 ὁ
1014 2212 1063 2246 μὲν
1079 2212 1150 2248 ἱερός
1168 2221 1198 2238 τε
1215 2214 1262 2240 καὶ
1277 2214 1414 2250 πάνσοφος
1431 2216 1513 2242 ’Ἅϐελ
1529 2217 1564 2243 τὰ
1579 2217 1628 2252 τῆς
1645 2218 1711 2252 ἁγε-

79 2260 176 2293 Quare
197 2268 252 2288 non
274 2267 348 2288 recte
373 2260 517 2293 Eusebius,
538 2261 585 2288 lib.
609 2269 629 2287 ll
657 2260 694 2287 De
726 2264 869 2294 prreparal.

78 2316 188 2342 evang.,
212 2315 272 2343 cap.
291 2307 318 2340 4,
340 2306 408 2335 Cain
432 2308 627 2342 interpretatur
646 2307 782 2338 invidiam,
798 2306 869 2341 quod

80 2354 191 2381 scilicet
217 2353 295 2386 Cain,
317 2353 410 2382 fratris
440 2354 481 2382 sui
504 2353 631 2382 sacriﬁcii
654 2359 719 2387 ergo
734 2352 869 2383 invidens,

78 2406 146 2427 eum
165 2399 307 2426 occiderit.

117 2445 188 2472 Ibid.
205 2445 259 2472 Kal
273 2446 290 2472 ό
302 2444 360 2480 μὲν
373 2444 448 2471 Κάῖν
459 2442 509 2479 ἦν.
529 2443 648 2472 Joannes
673 2444 793 2471 Zonaras
817 2443 871 2470 An-

77 2491 186 2518 nalium
206 2495 271 2518 tom.
288 2490 298 2517 l
311 2500 317 2518 :
335 2490 390 2517 Καὶ
401 2492 415 2517 ὁ
429 2491 476 2526 μὲν
485 2490 566 2516 ’Ἅϐελ
579 2489 676 2526 νομεὺς
686 2488 719 2525 ἦν
735 2489 870 2525 ποιμνίου,

78 2539 129 2566 καὶ
153 2539 253 2574 ἀρετῆς
280 2538 460 2573 ὲπεμέλετο,ὁ
472 2538 501 2564 δὲ
517 2538 586 2564 Κὰῖν
603 2537 733 2573 ἐγεώργει
754 2536 801 2572 τὴν
820 2536 871 2571 γῆν

79 2586 266 2621 πονηρότατος
277 2583 324 2612 ὢν.
342 2584 392 2612 Hic
407 2585 558 2611 notandum
574 2584 698 2611 cariiium
714 2591 791 2611 esum
809 2586 872 2610 ante

55 2665 58 2668 .
79 2631 218 2659 diluvium
235 2639 288 2658 non
310 2631 396 2658 fuisse
417 2634 568 2665 receptum.
586 2629 684 2657 Cenes.
706 2637 765 2664 cap.
783 2636 820 2657 ix.
840 2628 872 2654 Et

80 2677 217 2710 oleribus,
235 2677 382 2711 herbisque
400 2685 486 2711 genus
502 2677 649 2703 humanum
667 2679 729 2703 ante
739 2675 871 2702 diluvium

79 2725 208 2760 potuisse
229 2724 379 2751 sustentari
394 2723 525 2750 facillimo
540 2722 648 2758 negotio
661 2726 753 2758 posset
764 2730 798 2749 ex
810 2729 871 2749 ver-

77 2770 236 2800 bisJuliani
248 2770 394 2805 Apostatze,
407 2778 467 2807 quze
481 2769 563 2798 refert
574 2769 673 2813 Suidas
685 2770 712 2796 in
721 2768 870 2800 Herodoto,

118 2848 142 2864 “
161 2847 229 2875 Gen.
249 2855 285 2881 iv,
307 2848 332 2876 l.

923 2257 1111 2292 ληςὰπόλεκτα
1126 2259 1172 2285 καὶ
1187 2259 1342 2296 ἀριστίνδην
1355 2261 1577 2300 ἐγκεκρυμμένα·
1594 2264 1711 2298 Ἤνεγκε

923 2305 987 2340 γὰρ,
999 2305 1091 2340 φησὶν,
1101 2305 1155 2332 ἀπὸ
1166 2306 1219 2333 τῶν
1234 2307 1412 2343 πρωτοτόκων
1425 2308 1479 2335 τῶν
1494 2308 1586 2344 ἀμνῶν
1600 2310 1646 2337 καὶ
1658 2311 1713 2337 ἀπὺ

922 2349 976 2376 τῶν
988 2351 1106 2377 στεάτων
1118 2351 1217 2384 αὐτῶν,
1230 2353 1352 2379 τουτέστι
1363 2353 1397 2379 τὰ
1410 2354 1570 2389 προῦχοντα,
1581 2356 1627 2383 καὶ
1640 2356 1713 2389 seas-

925 2405 1000 2433 ρετα·
1018 2398 1122 2425 καὶτὸν
1137 2399 1187 2434 τῆς
1205 2399 1358 2435 ἱερουργίας
1370 2400 1420 2427 οὐκ
1438 2401 1574 2436 ἀγνοήσας
1598 2403 1710 2437 τρόπον.

924 2443 1062 2478 παρετίθει
1084 2444 1118 2470 τὰ
1137 2444 1253 2471 στέατασ
1283 2445 1352 2472 Κάῖν
1379 2445 1407 2472 δὲ
1431 2446 1479 2482 οὐχ
1505 2446 1585 2479 οὓτω,
1603 2448 1669 2475 πολὺ
1684 2449 1712 2476 δὲ

923 2489 983 2516 λίαν
1009 2491 1170 2525 ἀτημελῶς·
1193 2492 1226 2518 τὰ
1249 2493 1298 2527 μὲν
1314 2493 1368 2529 γὰρ
1383 2493 1423 2519 ὅτι
1440 2493 1556 2529 μάλιστα
1575 2495 1627 2521 τῶν
1645 2495 1711 2530 ὡρί-

925 2543 982 2570 μων
998 2537 1123 2572 ἐκπρεπῆ
1138 2539 1198 2569 ταῖς
1218 2537 1295 2569 ἰδίαις
1318 2538 1458 2575 ἐχαρίζετο
1469 2542 1599 2576 τρυφαῖς·
1619 2541 1713 2568 ἐλύπει

923 2581 951 2607 δὲ
968 2583 1023 2613 τοῖς
1039 2582 1174 2618 δευτέροις
1188 2583 1232 2610 τὸν
1245 2584 1292 2610 ἐπὶ
1304 2585 1411 2612 πάντων
1426 2586 1502 2613 θεόν.

960 2626 1039 2659 lbid.,
1055 2627 1102 2655 lin.
1120 2628 1164 2655 56.
1183 2630 1345 2664 Ὀρτισθεὶς
1360 2631 1410 2658 ἐπὶ
1432 2632 1535 2665 τούτῳ.
1559 2632 1713 2660 Mclhodills

923 2673 1082 2702 Patarensis
1109 2675 1201 2704 Abelis
1226 2677 1326 2705 caedem
1353 2686 1425 2706 anno
1446 2681 1635 2707 ducentesimo
1651 2681 1713 2708 vitae

923 2720 1020 2747 Adami
1036 2721 1195 2756 contigisse,
1212 2726 1240 2749 et
1263 2724 1401 2758 planctum
1420 2725 1514 2753 Adami
1540 2730 1567 2754 et
1581 2725 1643 2754 Eva:
1666 2734 1714 2762 per

924 2770 1033 2794 centum
1051 2766 1136 2795 fuisse
1152 2772 1330 2804 protractum,
1345 2772 1450 2799 scribit.
1480 2773 1524 2808 Τῷ
1539 2773 1566 2800 δὲ
1581 2773 1715 2801 διακοσιο-
