1897 3073
215 119 268 148 9τ5

873 116 996 144 LEONIS
1015 117 1151 144 ALLATII

1787 115 1833 142 976

283 177 337 202 Etet
357 176 406 210 τῆς
426 175 498 211 ζῶης
513 175 559 201 τοῦ
578 175 663 210 Ἀδὰμ
674 176 815 203 ἀπέκτεινε
832 177 902 203 Κάῖν
917 177 996 203 Ἅϐελ

1084 177 1164 208 lbid.,
1182 177 1228 204 lin.
1253 176 1297 203 45.
1313 176 1430 210 Πρῶτος
1445 175 1478 202 δὲ
1488 176 1570 203 Κᾶτν.
1582 175 1704 203 Joannes
1717 175 1834 203 Zonaras

214 223 259 250 τὸν
283 223 395 257 ἀδελφὸν
421 221 513 248 αὑτοῦ.
536 222 590 248 Καὶ
609 222 740 257 ἐποίησαν
760 223 805 249 τὸν
817 223 929 249 κοπετὸν
941 224 955 250 ὅ
969 233 998 250 τε

221 268 306 303 Ἀδὰμ
329 268 375 294 καὶ
402 266 457 294 Εὕα
482 267 524 293 ἐπ’
539 266 620 293 αὑτοῦ
640 268 686 293 ἐπὶ
702 268 814 303 χρόνους
833 268 865 303 ρ’.
880 267 998 303 Ideoque

215 314 411 342 Constantinus
422 314 559 340 Manasscs
580 314 606 340 in
618 313 714 340 Annal.
731 314 832 340 luctum
846 315 999 341 inconsola-

216 362 295 388 bilcm
312 360 490 394 nuncupavit,
506 359 601 390 πένθος
617 359 814 395 ἀπαράκλητον.

249 406 307 433 Col.
322 406 387 437 7A9,
407 406 454 431 lin.
468 404 512 431 58.
531 404 561 430 Ὀ
575 404 609 430 δὲ
623 404 744 438 πολλὴν
767 405 996 439 περινοστήσας.

216 453 346 484 Zonaras,
359 451 457 478 Annal.
470 455 535 478 tom.
551 450 560 476 l
578 461 584 477 :
600 451 628 476 '0
644 450 671 476 δὲ
681 451 815 486 φθονήσας
829 451 875 478 ἐπὶ
887 453 919 487 τῇ
937 460 1000 487 προ-

216 499 325 534 τιμήσει
343 497 443 524 κτείνει
455 496 535 523 αὺτὸν
551 496 596 522 καὶ
614 496 748 530 ἐπάρατος
758 496 861 529 γίνεται
875 496 913 531 τῷ
929 496 998 532 Θεῷ,

216 544 262 570 καὶ
280 543 392 574 στένειν,
406 543 452 569 καὶ
463 542 573 577 τρέμειν
584 541 816 568 καταδεδίκασται.
843 542 1000 578 Ἑκϐληθεὶς

215 589 243 615 δὲ
263 589 317 615 ἀπὸ
329 587 376 614 τοῦ
393 587 538 622 προσώπου
552 586 597 612 τοῦ
616 586 694 619 Θεοῦ,
707 587 734 612 ἐν
748 589 783 622 γῇ
798 586 865 612 Ναῒδ
881 586 999 622 ᾤκησεν,

215 634 279 661 ινθα
301 634 347 660 καὶ
371 633 465 664 παῖδας
485 633 616 667 ἐγείνατο.
633 632 830 660 Constantinus
847 632 998 663 Manasscs.

215 681 244 707 in
260 679 407 706 Annalibus
420 688 429 705 :
443 678 580 705 Ἐντεῦθεν
592 679 660 705 Κάῐν
684 678 804 710 ἐλασθεὶς
822 678 871 713 τῆς
889 678 1000 714 πρώτης

216 727 374 762 παροικίας,

214 773 269 801 Kal
290 772 349 807 γῆν
371 771 490 807 πολλὴν
507 770 673 807 ἐπιδραμὼν
687 770 781 803 ἔπηξε
793 771 845 803 τὰς
861 771 999 807 αὐλαίας,

217 805 307 834 Ἔνθα
322 805 416 834 καλὸν
438 806 499 839 τοῖς
521 806 683 840 ὀφθαλμοῖς
700 807 816 832 ἐκείνου
838 805 998 840 κατεφάνη.

216 854 248 880 Et
263 853 407 888 Josephus,
423 852 512 887 Antiq.
530 851 638 879 Judaic.
659 851 705 878 lib.
726 859 746 883 ι,
767 859 828 886 cap.
843 852 879 878 ὃς
898 852 1000 886 Πολλὴν
1017 851 1038 879 Β

214 900 243 927 δὲ
258 898 378 925 ἐπελθὼν
392 899 454 933 γῆν,
472 897 591 933 ἱδρύεται
615 897 683 932 μετὰ
706 897 753 932 τῆς
775 897 902 931 γυναικὸς
928 897 998 924 Κάῖν

215 945 302 972 Ναΐδα
326 944 406 971 τόπον
426 944 496 970 οὕτω
512 943 686 978 καλούμενον,
701 944 748 970 καὶ
774 943 865 969 αὐτόθι
886 945 1000 970 ποιεῖται

215 991 265 1024 τὴν
288 989 454 1024 κατοίκησιν,
482 988 544 1014 ἔνθα
576 988 622 1014 καὶ
643 987 736 1019 παῖδες
760 988 891 1022 ἐγένοντο.
909 987 1000 1015 Prima

216 1037 298 1072 igitur
320 1036 396 1063 orbis
420 1040 554 1062 terrarum
571 1035 666 1062 civitas
684 1033 821 1061 llcnochia
836 1034 887 1061 fuit
906 1034 1000 1061 aCain

216 1085 366 1110 exstructa.
374 1081 490 1108 Berosus
499 1080 608 1107 lictitius
617 1079 662 1107 lib.
672 1079 710 1106 De
726 1079 895 1114 temporibus,
911 1079 1000 1107 Heno-

216 1130 304 1156 (-hiam
329 1128 465 1155 civitatem
482 1126 576 1154 scribit
591 1134 652 1154 esse
673 1119 809 1154 conditam
831 1127 905 1153 circa
918 1125 999 1153 Liba-

216 1183 280 1203 num
310 1178 441 1204 montem,
459 1173 505 1207 qui
522 1177 565 1200 est
584 1173 618 1200 ad
633 1173 766 1200 orientem
796 1173 1000 1207 comparatione

216 1220 335 1256 regionis
358 1219 541 1251 Damascenm,
559 1218 699 1253 fuisseque
729 1218 926 1252 amplissimam
952 1226 998 1245 ur-

216 1268 288 1298 bem,
313 1269 341 1294 et
361 1265 555 1292 habitationem
582 1265 730 1300 gigantum.
767 1263 816 1291 His
841 1264 915 1291 addit
940 1264 998 1290 An-

217 1313 290 1342 nius,
318 1319 368 1338 suo
395 1311 475 1338 etiam
502 1313 624 1344 tempore
653 1309 726 1337 illius
753 1309 874 1337 civitatis
900 1309 999 1337 dirutze

217 1357 292 1384 ccrni
307 1357 334 1383 in
351 1361 440 1383 tnonte
455 1355 558 1382 Libano
570 1355 687 1382 maxima
707 1359 734 1382 et
757 1355 876 1390 ingentia
901 1355 999 1382 funda-

217 1407 319 1433 menta,
331 1406 357 1428 et
372 1401 452 1436 vulgo
468 1401 503 1428 ab
519 1401 616 1428 incolis
633 1401 706 1429 illius
724 1401 843 1436 regionis
863 1402 999 1428 nominari

217 1447 355 1474 civitatem
385 1447 463 1479 Cain,
489 1451 572 1481 atque
601 1446 627 1473 id
649 1454 678 1474 se
695 1454 728 1473 ex
749 1447 946 1474 mercatoribus
974 1452 1000 1474 et

219 1493 433 1528 pcregrinis,qui
450 1493 476 1519 in
493 1492 595 1519 Libano
615 1497 643 1520 et
654 1492 786 1520 Damasco
798 1493 898 1520 versati
911 1497 997 1525 erant,

218 1527 367 1573 accepisse.
395 1538 578 1573 Hieronymus
606 1542 697 1565 tamen
713 1542 739 1566 et
761 1539 806 1565 alii
823 1539 901 1566 aliter
915 1539 1000 1574 expli—
1014 1527 1035 1556 Ο

217 1589 290 1616 cant,
312 1583 369 1611 Nod
391 1592 444 1611 non
458 1591 518 1612 esse
538 1591 637 1611 nomen
652 1585 791 1620 proprium
812 1585 874 1616 loci,
892 1585 940 1612 sed
954 1593 1002 1620 ap-

219 1631 373 1665 pellativum
388 1630 483 1658 Latine
498 1630 783 1666 significans,vagum,
796 1630 942 1664 ﬂuctuans,
959 1632 1001 1659 in-

218 1676 326 1708 stabile,
344 1683 375 1702 ac
389 1676 462 1704 sedis
482 1676 601 1703 incertae.

253 1720 332 1754 lbid.,
353 1722 400 1748 lin.
424 1722 468 1749 40.
496 1722 549 1749 Kal
576 1721 679 1749 πᾶσαν
701 1722 846 1756 ἀίρητοπ.
866 1721 1001 1758 Iosephus

218 1768 264 1795 lib.
282 1776 290 1795 l
312 1767 441 1802 Antiquit.
457 1767 578 1799 Iudaica,
598 1776 658 1803 cap.
672 1768 689 1795 5
705 1777 711 1795 :
727 1769 784 1795 Οὐκ
809 1769 856 1795 ἐπὶ
878 1769 1002 1805 νουθεσίᾳ

216 1814 246 1841 δὲ
257 1814 306 1850 τὴν
320 1814 429 1841 κόλασιν
443 1814 546 1847 ἐλαϐεν,
560 1814 616 1841 ἀλλ’
640 1815 682 1841 ἐπ’
697 1814 809 1850 αὐξήσει
830 1815 880 1850 τῆς
894 1815 1001 1849 κακίας,

216 1860 313 1895 ἡδονὴν
329 1860 376 1895 μὲν
391 1861 481 1887 πᾶσαν
496 1861 648 1896 ἐκπορίζων
665 1860 746 1886 αὑτοῦ
766 1860 804 1896 τῷ
819 1861 934 1897 σώματι,
950 1862 1002 1889 κᾶν

219 1904 277 1939 μεθ’
293 1904 396 1940 ὕϐρεως
411 1904 464 1930 τῶν
479 1905 610 1931 συνόντων
625 1905 672 1941 δέῃ
696 1904 796 1940 ταύτην
810 1905 896 1941 ἔχειν’
912 1905 1002 1938 αὔξων

216 1950 243 1976 δὲ
261 1950 304 1976 τὸν
318 1949 390 1976 οἷκον
405 1950 500 1986 πλήθει
523 1952 671 1986 χρημάτων
690 1951 719 1984 ἐξ
737 1953 863 1988 ἁρπαγῆς
881 1953 926 1979 καὶ
942 1953 1002 1987 βίας

217 1997 285 2031 πρὸς
296 1996 393 2032 ἡδονὴν
408 1997 454 2023 καὶ
466 1997 592 2033 λῃστείαν
609 1998 670 2028 τοὺς
685 1998 897 2033 ἐντυγχάνοντας
913 2007 1001 2034 παρα-

217 2041 479 2074 καλῶν,διδάσκα).ος
491 2042 580 2074 αὺτοῖς
595 2043 719 2078 πονηρῶν
733 2043 853 2078 ὑπῆρχεν
864 2043 1002 2079 ἐπιτηδευ-

219 2087 320 2122 μάτων.
335 2086 474 2114 Manasscs
491 2088 516 2114 in
534 2087 630 2114 Annal.
641 2096 650 2114 :

216 2131 272 2158 Καὶ
286 2132 400 2165 πρῶτος
417 2133 562 2168 ἐπενόησε
577 2134 681 2166 πόλεις
696 2134 931 2168 ὅχυρεπύργους.

215 2168 353 2203 Νηκύτου
364 2167 523 2201 γενομένου
531 2168 565 2194 δὲ
577 2168 629 2194 τοῦ
643 2167 748 2202 γένοῠς
763 2169 822 2195 τῶν·
829 2170 999 2203 ἀνθρώπων,

221 2203 348 2238 ξοδίταις
363 2203 522 2238 ἐπετίθετο,
543 2204 698 2237 λῃστείαις
711 2204 865 2238 ἐπεχείρει,

221 2237 395 2269 Ἔσκύλευε,
412 2237 473 2272 διήλ(
481 2237 580 2268 παζεν,
596 2238 715 2272 ἔκραινε
730 2237 831 2273 χεῖρας
847 2239 962 2273 φόνοις.

213 2282 273 2309 Non
289 2282 384 2316 Caino,
414 2282 461 2310 sed
482 2285 542 2318 ejus
562 2283 625 2310 filiis
645 2289 671 2310 et
694 2283 800 2311 filiabus
823 2283 998 2319 flagitiosam,

215 2335 246 2354 ac
264 2328 407 2355 nefandam
426 2329 564 2356 libidinem
583 2330 652 2356 hanc
671 2329 825 2357 Methodius
841 2328 998 2357 Patarensis

213 2373 317 2399 tribuit.
336 2373 380 2409 Τῷ
400 2374 428 2400 δὲ
443 2374 660 2410 πεντακοσιοστῴ
673 2375 760 2410 χρόνῳ
776 2375 825 2410 τῆς
841 2378 865 2402 α’
881 2375 998 2411 χιλιάδος

212 2419 236 2444 οἱ
265 2419 316 2445 υίοὶ
336 2418 383 2445 τοῦ
411 2419 478 2445 Κάῖν
500 2419 720 2454 κατεστρώννυσν
736 2419 785 2451 τὰς
802 2421 932 2453 γυναῖκας
944 2420 998 2447 τῶν

212 2464 333 2499 ἀδελφῶν
344 2465 441 2492 αὐτῶν.
455 2466 537 2497 Γνοὺς
544 2465 572 2492 δὲ
583 2465 668 2492 ταῦτα
679 2467 693 2491 ὁ
705 2465 790 2501 Ἀδὰμ
800 2466 921 2501 ἐλυπήθη
934 2466 998 2500 σφό-

211 2510 271 2546 δρα.
293 2512 336 2538 Ἐν
357 2511 385 2538 δὲ
404 2511 443 2547 τῷ
462 2512 642 2546 ἐξακοσιοστῷ
656 2512 710 2538 ἔτει
726 2513 774 2548 τῆς
787 2513 898 2548 πρώτης
911 2513 997 2549 χιλιά-

210 2556 254 2588 δος
266 2556 365 2593 οἴστρῳ
381 2557 480 2593 ἔρωτος
491 2558 618 2593 πορνείας
629 2558 657 2584 αἰ
669 2558 771 2585 τούτων
782 2560 909 2592 γυναῖκες
934 2568 998 2586 κατ-

210 2602 425 2638 ισχέθησαν,καὶ
440 2605 479 2635 είς
495 2603 591 2639 μανίαν
606 2604 774 2639 ἐτράπησαν,
790 2605 836 2631 καὶ
851 2606 907 2636 τοῖς
923 2605 997 2637 ίδίοις

210 2649 337 2684 ἀνδράσιν
349 2649 396 2676 ἅτε
409 2649 530 2683 γυναιξὶν
545 2649 703 2685 ἐκέχρηντο,
715 2651 761 2676 καὶ
771 2650 882 2684 γέγονεν
889 2651 996 2686 ἀληθῶς

210 2695 348 2731 προῦπτος
376 2695 490 2731 αἰσχύνη
515 2697 571 2726 τοῖς
593 2695 686 2731 ὁρῶσι.
703 2695 747 2731 Τῷ
778 2696 806 2722 δὲ
836 2697 995 2723 ὀκτακοσιο-

210 2741 266 2775 στῴ
287 2742 373 2776 χρόνῳ
395 2741 444 2776 τῆς
467 2742 539 2778 ζωῆς
568 2743 614 2769 τοῦ
646 2743 730 2778 nam.
757 2743 942 2770 κατεπλάτυνε
965 2744 995 2770 τὸ

211 2788 288 2821 μῖσος
304 2787 353 2820 τῆς
368 2787 494 2822 πορνείας
509 2789 537 2814 ἑν
553 2789 584 2823 τῇ
602 2790 636 2823 γῇ
649 2788 700 2815 ὑπὸ
713 2788 765 2815 τῶν
779 2788 843 2815 υἱῶν
856 2788 900 2815 τοῦ
919 2789 996 2815 ἀδελ-

210 2831 339 2863 ςοκτὸνον
356 2833 434 2859 Κόιῖν.

1051 224 1147 250 Annal.
1158 228 1222 250 tom.
1233 222 1240 249 I
1252 233 1258 250 :
1272 220 1355 254 Οὗτος
1369 223 1455 258 μέτρα
1466 231 1495 249 τε
1508 223 1554 249 καὶ
1567 217 1834 257 στάθμια-ὲπενόηά,

1050 270 1097 296 καὶ
1111 269 1216 304 πρῶτος
1232 269 1311 304 ὅρους
1332 268 1450 304 ἐπήξατο
1464 268 1516 303 γῆς
1532 268 1666 304 πονηρίας
1679 267 1835 303 καθηγητὴς

1050 315 1258 350 χρηματισθεὶς,
1273 315 1318 341 καὶ
1342 315 1418 341 πάλιν
1440 315 1480 346 είς
1500 314 1585 349 ὄνομα
1603 314 1651 340 τοῦ
1664 313 1834 349 πρωτοτόκια)

1051 362 1108 388 υἱοῦ
1120 361 1200 388 αὑτοῦ
1221 361 1302 393 Ἑνὼς
1318 360 1647 396 (ᾖκοδόμησενλοορρὶιυς
1664 360 1731 387 item
1745 360 1835 387 inven-

1050 407 1150 434 tionem
1181 407 1329 442 ponderum
1354 413 1381 434 et
1405 414 1593 434 mensurarum
1619 409 1762 441 acceptam
1786 405 1835 432 fert

1051 453 1097 480 lib.
1113 460 1121 478 ι
1139 453 1279 488 Αηιίᾳιιὶιη
1296 460 1356 488 cap.
1367 453 1384 480 5
1419 453 1474 479 Καὶ
1493 453 1541 488 τὴν
1558 452 1776 487 ἀπραγμοσύνην
1790 451 1836 486 μὲν

1050 495 1067 535 ᾖ
1081 499 1211 534 πρότερον
1228 498 1344 530 συνέζων
1358 499 1384 524 οἱ
1395 498 1531 534 ἄνθρωποι
1547 498 1653 533 μέτρων
1671 498 1781 532 ἐπινοίᾳ
1792 498 1837 523 καὶ

1051 543 1177 578 σταθμῶν
1192 544 1383 578 μετεστήσατο,
1398 543 1526 578 ἀκέραιον
1540 543 1632 574 αὐτοῖς
1648 543 1715 569 ὅντα
1725 542 1770 568 τὸν
1785 542 1836 577 βίον

1049 591 1083 616 ὲκ
1108 590 1158 625 τῆς
1173 590 1274 616 τούτων
1297 589 1424 624 ἀμαθίας,
1441 589 1487 616 καὶ
1508 589 1697 624 μεγαλόψυχον
1715 589 1755 620 είς
1771 597 1835 614 παν-

1049 636 1160 672 ουργίας
1183 635 1304 670 ἀγαγών.
1330 635 1487 670 Eutropius,
1518 635 1568 662 lib.
1585 643 1606 666 I,
1625 634 1707 662 initio
1722 634 1837 669 (haesitat

1051 686 1140 708 tamen
1165 680 1379 715 Christophorus
1406 679 1562 708 Roflniacus
1587 681 1615 706 in
1642 678 1752 706 Comm.
1773 679 1836 706 hist.

1050 734 1115 753 num
1137 733 1200 753 vera
1221 729 1286 753 sunt
1299 733 1360 760 quae
1377 725 1415 755 de,
1424 725 1526 752 exteris
1544 725 1628 752 rebus
1643 724 1762 751 admista
1776 728 1836 751 sunt

1051 771 1202 806 Eutropio:
1223 777 1287 797 nam
1314 770 1338 798 is
1365 771 1438 798 solas
1468 769 1613 800 Romanas,
1636 774 1668 796 ut
1684 769 1836 797 doctissimi

1051 817 1199 852 scriptorcs
1215 820 1361 849 testantur,
1369 816 1532 851 contexuit),
1544 823 1576 843 eo
1592 819 1717 850 tempore
1727 822 1838 842 mensu-

1053 871 1099 891 ras
1121 866 1148 890 et
1163 862 1283 897 pondera
1309 862 1418 889 inventa
1436 862 1529 893 tradit,
1544 869 1599 896 quo
1626 861 1699 895 apud
1719 860 1839 886 Albanos

1054 909 1164 940 Procas.
1182 908 1253 943 apud
1268 907 1377 935 Iudaeos
1388 908 1444 934 Δια
1460 910 1620 942 regnarunt.
1634 906 1688 933 Alii
1702 905 1838 933 Palamedi

1054 953 1235 982 inventionem
1264 953 1335 980 hanc
1357 953 1554 987 ascripserunt,
1570 960 1585 979 a
1601 952 1703 987 quibus
1715 959 1771 978 non
1785 951 1839 978 dis-

1053 1000 1136 1028 sentit
1159 999 1274 1035 Gorgias
1302 998 1450 1026 Leontinus
1475 999 1598 1026 oratione
1629 999 1764 1033 apologet.
1790 1005 1840 1032 pro

1052 1044 1196 1072 Palamede
1211 1053 1218 1070 :
1238 1043 1286 1076 Τίς
1300 1044 1355 1080 γὰρ
1366 1044 1399 1071 ἂν
1414 1043 1524 1079 ἐποίησε
1533 1044 1578 1070 τὸν
1597 1042 1767 1078 ἀνθρώπινον
1784 1042 1840 1077 βίον

1053 1090 1168 1124 πόριμον
1183 1089 1212 1122 έξ
1228 1089 1342 1125 ἀπόρου,
1362 1090 1409 1116 καὶ
1436 1088 1642 1124 κεκοσμημένον
1661 1087 1692 1121 ἐξ
1706 1088 1839 1122 ἀκόσμου.

1052 1135 1142 1166 τάξεις
1163 1143 1194 1160 τε
1211 1134 1361 1170 πολεμικὰς
1377 1131 1463 1170 εὑρὼν
1481 1134 1608 1169 μέγιστον
1625 1134 1664 1165 είς
1679 1132 1840 1166 πλεονεκτή-

1055 1190 1138 1216 ματα,
1156 1181 1255 1216 νόμους
1270 1189 1300 1207 τε
1315 1181 1464 1216 γραπτοὺς,
1477 1180 1599 1215 φύλακάς
1616 1188 1646 1206 τε
1665 1179 1712 1206 τοῦ
1724 1179 1839 1209 δικαίου.

1052 1228 1204 1264 γρᾶμματά
1216 1236 1245 1254 τε
1259 1227 1369 1262 μνήμης
1384 1226 1508 1262 ὄργανον,
1520 1227 1607 1261 μέτρα
1617 1234 1646 1252 τε
1659 1225 1707 1253 καὶ
1723 1225 1839 1259 σταθμὰ,

1054 1274 1225 1308 συναλλαγῶν
1245 1273 1375 1310 εὐπόρους
1389 1273 1544 1307 διαλλαγὰς,
1556 1272 1672 1308 ἀριθμόν
1686 1281 1717 1299 τε
1733 1273 1841 1308 χρημά-

1052 1328 1106 1346 των
1123 1319 1244 1353 φύλακα,
1261 1317 1381 1353 πνρσούς
1403 1326 1432 1343 τε
1445 1313 1617 1352 κρατίστους,
1633 1317 1682 1344 καὶ
1697 1317 1841 1352 ταχίστους

1053 1365 1194 1399 ἀγγέλους,
1210 1363 1326 1396 πεσσούς
1341 1372 1370 1390 τε
1392 1363 1488 1399 σχολῆς
1505 1363 1606 1390 ἄλυπον
1633 1363 1795 1399 διατριϐήν;
1810 1363 1841 1389 Lt

1052 1410 1207 1438 Alcidamas
1233 1410 1384 1437 acerrimus
1409 1409 1563 1437 Palamedis
1587 1413 1735 1436 accusator
1757 1410 1786 1436 in
1810 1417 1841 1436 ea

1052 1464 1134 1492 quam
1152 1459 1248 1483 contra
1268 1455 1438 1482 Palamedem
1461 1454 1627 1490 conscripsit
1641 1455 1770 1482 oratione
1790 1455 1842 1481 etsi

1053 1509 1144 1529 rerum
1161 1501 1286 1532 aliarum,
1302 1501 1330 1527 in
1344 1500 1444 1535 quibus
1460 1500 1648 1527 inventoribus
1665 1500 1727 1527 laus
1750 1500 1841 1534 aliqua

1052 1552 1104 1581 est,
1127 1548 1179 1583 ipsi
1200 1548 1325 1582 deneget,
1348 1550 1375 1574 et
1401 1546 1469 1574 alios
1497 1545 1641 1573 Palamede
1668 1547 1841 1580 antiquiores

1052 1597 1257 1626 commemorat,
1287 1593 1386 1628 quibus
1409 1593 1527 1619 humana
1544 1597 1643 1618 natura
1661 1592 1773 1618 inventa
1796 1591 1842 1618 illa

1052 1640 1141 1673 debet,
1158 1644 1248 1667 tamen
1265 1639 1336 1666 hanc
1354 1645 1545 1666 mensurarum
1571 1643 1599 1665 et
1622 1637 1775 1672 ponderum
1801 1637 1841 1664 in-

1052 1686 1206 1713 ventionem
1232 1685 1369 1713 Palamedi
1394 1692 1451 1712 non
1469 1684 1717 1720 denegatzMé-rpa
1742 1683 1770 1710 δὲ
1795 1684 1840 1710 καὶ

1053 1733 1160 1769 σταθμὰ
1175 1733 1279 1768 ἐξεῦρε,
1297 1733 1439 1768 καπήλοις,
1454 1732 1501 1759 καὶ
1525 1732 1665 1768 ἀγοραίοις
1685 1731 1840 1768 ἀνθρώποις

1052 1779 1158 1811 ἀπάτας
1187 1779 1235 1806 καὶ
1258 1779 1409 1814 ἐπιορκίας,
1423 1779 1535 1810 πεττούς
1550 1787 1582 1812 γε
1599 1779 1651 1814 μὴν
1666 1780 1723 1809 10E;
1744 1778 1840 1813 «ἀρ-γοῆ

1052 1825 1106 1852 τῶν
1130 1824 1233 1861 ἀνδρῶν
1264 1825 1352 1860 ἐριδας
1379 1824 1426 1852 καὶ
1452 1824 1593 1860 λοιδορίας.
1611 1824 1665 1850 Καὶ
1688 1823 1790 1855 κύϐους
1806 1822 1838 1850 αὖ

1054 1871 1178 1906 μέγιστον
1203 1869 1283 1896 κακὸν
1308 1870 1436 1903 ἐδίδαξεν,
1452 1871 1507 1901 τοῖς
1527 1870 1575 1904 μὲν
1591 1868 1731 1904 ἡττηθεῖσι
1750 1867 1838 1899 λύπας

1052 1918 1100 1944 καὶ
1120 1917 1230 1953 ζημίας,
1244 1917 1299 1948 τοῖς
1312 1917 1339 1943 δὲ
1355 1916 1451 1942 νικῶσι
1475 1916 1650 1950 καταγέλωτα
1666 1915 1713 1942 καὶ
1727 1915 1834 1946 ὄνειδος.

1053 1963 1086 1990 Et
1109 1963 1211 1991 Gellius
1232 1962 1365 1990 referente
1391 1962 1477 1988 Plinio
1507 1962 1524 1988 l.
1544 1970 1590 1992 ru,
1615 1969 1641 1988 c.
1661 1961 1705 1992 56.
1724 1961 1751 1988 id
1766 1961 1836 1988 idem

1052 2009 1168 2036 Phidoni
1187 2009 1288 2044 Argivo
1313 2009 1418 2038 tribuit,
1435 2008 1478 2035 cui
1496 2008 1639 2035 sententia:
1654 2012 1682 2034 et
1701 2006 1837 2035 Eusebius

1053 2056 1080 2083 in
1096 2055 1272 2090 Cltrouologia
1289 2054 1485 2089 subscripsisse
1509 2053 1624 2080 videtur.
1649 2052 1752 2080 Strabo
1775 2054 1835 2080 item

1053 2103 1099 2129 lib.
1113 2110 1158 2129 vul
1181 2101 1263 2136 hujus
1284 2101 1417 2132 meminit,
1429 2105 1456 2128 et
1473 2101 1545 2127 illius
1566 2100 1734 2127 inventionis
1754 2110 1761 2127 :
1785 2101 1838 2126 Καὶ

1054 2149 1140 2184 μέτρα
1155 2147 1249 2183 ἐξεῦρε
1265 2146 1299 2173 τὰ
1315 2146 1443 2182 φειδώνια
1465 2146 1512 2173 καὶ
1529 2147 1677 2181 σταθμοὺς,
1698 2147 1747 2172 καὶ
1761 2147 1836 2181 νόμι-

1017 2200 1037 2227 Ῑ)
1053 2203 1109 2229 σμα
1125 2193 1339 2229 κεχαραγμένον,
1355 2193 1384 2219 τό
1399 2201 1428 2219 τε
1448 2193 1512 2219 ἄλλο
1534 2192 1581 2218 καὶ
1597 2192 1627 2218 τὸ
1646 2191 1797 2228 ἀργυροῦν·
1813 2197 1836 2219 et

1050 2239 1156 2270 Pollux,
1176 2239 1222 2266 lib.
1236 2247 1283 2269 vn,
1307 2245 1367 2272 cap.
1389 2237 1421 2264 56
1436 2246 1442 2264 :
1455 2237 1504 2272 Εἶη
1520 2236 1552 2263 ἂν
1569 2236 1616 2262 καὶ
1634 2236 1735 2270 φείδων
1750 2244 1777 2262 τι
1791 2237 1838 2268 ἁγ-

1050 2287 1121 2320 γεῖον
1142 2284 1268 2320 ἐλαιηρὸν
1285 2284 1338 2310 ἀπὸ
1355 2283 1408 2310 τῶν
1424 2282 1584 2317 φειδωνείων
1603 2282 1710 2317 μέτρων
1730 2282 1837 2316 ὠνομα-

1050 2330 1165 2366 σμένων,
1185 2330 1254 2365 ὑπὲρ
1273 2326 1308 2356 ὧν
1325 2329 1353 2355 ὲν
1372 2329 1486 2364 Ἀργείῳ
1506 2327 1627 2362 πολιτείᾳ
1649 2327 1836 2363 Ἀριστοτέλης

1049 2377 1132 2412 λέγει,
1152 2381 1179 2404 et
1200 2377 1227 2404 in
1244 2376 1363 2404 Scholiis
1388 2375 1542 2403 Pindaricis
1564 2375 1622 2402 haec
1638 2376 1834 2410 reperiuntur:

1047 2423 1146 2450 Φείδων
1161 2431 1203 2454 τις
1218 2422 1360 2458 Κορίνθιος
1376 2419 1438 2457 εὗρε
1454 2421 1541 2457 μέτρα
1554 2421 1601 2448 καὶ
1612 2420 1726 2457 σταθμά
1736 2429 1744 2437 ·
1757 2429 1835 2448 voca-

1047 2473 1094 2496 tur
1110 2472 1200 2496 autem
1215 2468 1388 2500 Corinthius,
1404 2475 1459 2495 non
1474 2468 1537 2502 quia
1552 2468 1682 2495 Corinthi
1698 2472 1782 2496 natus
1793 2476 1835 2496 es-

1048 2519 1098 2545 set,
1115 2515 1163 2543 sed
1178 2515 1251 2550 quod
1268 2514 1305 2541 ibi
1327 2517 1460 2541 maneret.
1482 2513 1520 2540 Ex
1541 2514 1584 2541 his
1599 2518 1723 2548 quatuor
1738 2515 1765 2542 in
1781 2522 1834 2542 uno

1047 2561 1184 2588 versiculo
1198 2560 1291 2595 lapsus
1305 2559 1435 2586 Boﬂniaci
1451 2559 1647 2594 deprehendes.
1662 2559 1787 2587 Primum
1802 2569 1832 2588 ex

1047 2603 1179 2637 Phidone.
1193 2606 1356 2634 Phazdonem
1373 2605 1438 2633 facit
1451 2606 1478 2633 in
1496 2604 1642 2633 Strabone.
1662 2605 1831 2635 Secundum.

1047 2653 1128 2680 alium
1146 2653 1219 2679 hunc
1236 2657 1317 2687 atque
1339 2651 1478 2679 diversum
1502 2652 1536 2678 ab
1562 2660 1594 2679 eo
1619 2652 1704 2686 cujus
1732 2653 1832 2680 mentio

1046 2697 1116 2732 apud
1137 2697 1256 2724 Plinium
1271 2702 1324 2729 est,
1340 2698 1493 2729 constituit,
1510 2705 1572 2724 cum
1595 2698 1631 2724 sit
1656 2697 1743 2726 idem.
1768 2698 1832 2726 Ter-

1046 2744 1112 2770 tium
1127 2743 1209 2778 hujus
1227 2743 1294 2782 artis
1310 2748 1448 2771 auctorem
1464 2743 1596 2778 appellari
1613 2751 1627 2770 a
1644 2744 1782 2771 Strabone
1794 2745 1831 2770 af-

1046 2790 1144 2821 firmat,
1162 2797 1223 2816 cum
1242 2797 1292 2817 nec
1310 2798 1405 2817 verum
1431 2790 1456 2816 id
1482 2789 1575 2822 fuerit,
1594 2798 1646 2817 nec
1662 2790 1764 2817 Strabo
1780 2799 1829 2817 un-

1044 2843 1125 2871 quam
1153 2835 1308 2863 somniavit.
1334 2835 1434 2862 Earum
1451 2835 1524 2864 enim
1541 2843 1750 2868 mensurarum,
1773 2844 1830 2872 quae
