1897 3073
65 115 112 143 977

65 175 96 202 ab
109 173 168 209 ejus
192 175 304 203 nomine
326 175 466 205 Phidouize
491 183 594 206 vocata:
616 183 691 212 sunt,
719 179 882 212 inventorA

64 220 180 254 exstitit;
192 220 221 248 id
236 225 265 249 et
279 222 391 257 scripsit
406 222 516 257 Strabo,
533 225 680 260 caterique
696 226 849 261 scriptores

65 265 233 294 conﬁrmant.
254 266 387 299 Quartum
404 275 437 295 ex
457 268 568 304 Argivo,
594 270 746 298 Elidensem
769 271 844 300 facit.

64 310 186 344 Quamvis
201 312 274 339 enim
290 316 316 340 et
328 313 428 348 Argos,
442 318 468 342 et
482 313 539 343 Elis
553 315 582 343 in
594 316 800 352 Peloponneso:
819 323 846 346 at

63 362 188 394 quantum
205 358 328 386 distant?

95 404 149 432 Col.
156 404 219 437 749,
230 405 278 432 lin.
286 406 389 433 45.Kal
399 407 488 442 ὅρους
495 408 552 443 γῆς
558 409 730 438 ἐπεν.(;εἱηο
737 419 846 447 quoque

64 448 184 481 limitum,
201 451 249 485 qui
262 451 336 486 agris
349 452 430 480 tinem
444 453 634 489 decernerent,
644 461 671 484 et
686 457 794 485 urbium
809 466 844 486 tr-

64 494 258 524 diﬁcandarum
267 499 382 532 primam
392 500 524 528 rationem
535 507 674 538 acceptam
684 504 786 532 ferunt.
797 504 845 532 Jo-

64 541 157 576 sephus
171 543 263 578 Antiq.
278 543 324 571 lib.
343 552 362 576 ι,
380 552 441 582 cap.
457 547 493 574 5:
515 548 614 583 Ὅρους
629 558 659 576 τε
675 550 728 585 γῆς
739 550 846 586 πρῶτος

64 588 141 620 ἔθετο,
159 589 208 616 καὶ
229 589 307 616 πόλιν
321 591 457 627 ἐδείματο,
481 593 528 620 καὶ
551 595 667 629 τείχεσιν
689 596 844 632 ὠχύρωσεν,

64 632 98 662 είς
111 631 192 658 ταὺτὸ
207 633 342 661 συνελθεῖν
360 636 423 667 τοὺς
435 637 551 670 οἰκείους
567 631 786 674 καταναγκάσας,
800 642 847 669 καὶ

63 677 107 712 τὴν
129 677 205 703 πόλιν
222 677 252 704 δὲ
269 679 370 716 ταύτην
387 681 440 708 ἀπὸ
465 682 580 711 Ἐνώσου
599 685 645 712 τοῦ
660 687 845 721 πρεσδυτάτου

63 722 150 755 παιδὸς
173 723 293 752 Ἐνώσαν
310 726 448 755 ἐκάλεσεν.
466 727 634 764 Theophilus
646 731 846 767 Antiochenus,

63 768 106 815 lib.
121 777 138 815 tl
150 769 184 796 ad
206 770 365 807 Autulycum
380 781 388 800 :
411 773 440 800 '0
462 773 509 801 οὖν
524 775 594 802 Κάῖν
610 777 657 804 καὶ
672 778 753 810 αὐτὸς
769 779 847 815 ἔσχεν

63 814 112 840 υίὺν
126 814 313 861 ὄνομαἙνὼχ,
324 819 371 845 καὶ
379 819 536 856 ᾠκοδόμησε
551 822 638 855 πόλιν,
657 823 689 859 ἣν
702 825 847 861 ἐπωνόμα-

64 867 103 886 σεν
115 860 159 886 ἐπὶ
168 860 207 896 τῷ
219 862 332 898 ὀνόματι
345 864 392 891 τοῦ
406 866 464 892 υἱοῦ
482 868 563 895 αὐτοῦ
582 869 676 905 Ἑνώχ.
701 871 767 898 Ἀπὸ
786 872 845 899 τότε
862 858 882 884 Β

63 904 127 940 ἀρχὴ
148 906 256 940 ιγένετο
271 908 318 935 τοῦ
344 910 541 946 οἰκοδομεῖσθαι
570 904 671 947 πόλειξμ
699 916 845 944 καὶτοῦτο

64 951 110 978 πρὸ
128 954 330 990 κατακλυσμοῦ,
355 957 404 993 οὐχ
421 958 590 996 ὡς”Ομηρος
608 961 732 995 ψεύδεται
749 963 844 998 λέγων·

95 999 133 1044 Di;
142 999 195 1034 γάρ
203 1008 249 1027 πω
258 1004 424 1031 πεπόλιστο
435 1006 524 1039 πόλις
528 1008 667 1041 μερόπων
674 1010 843 1044 ἀνθρώπων.

96 1043 160 1072 Ibid.
172 1066 179 1078 ,
205 1046 255 1074 lin.
274 1048 319 1075 4-8.
348 1048 375 1075 '0
389 1049 424 1076 δὲ
451 1052 536 1088 Ἀδὰμ
549 1053 658 1088 μένων.
679 1055 761 1084 Filias
777 1056 845 1084 duas

64 1089 190 1119 Adamum
213 1101 385 1130 procreasse,
407 1097 526 1126 Azuram
550 1104 577 1128 et
590 1102 700 1136 Asvam,
718 1104 842 1136 tradunt,

65 1135 105 1181 alii
124 1137 280 1166 Calmanam
298 1144 324 1168 et
340 1140 515 1173 Lemboram.
542 1145 722 1181 Epiphanius,
747 1149 843 1178 haeres.

64 1180 103 1213 59,
119 1182 284 1230 equobilaeis
307 1187 390 1215 refert
412 1190 530 1218 Azuram
549 1180 625 1220 Sethi
640 1193 726 1222 fuisse
744 1195 842 1230 conju-

65 1234 128 1261 gem.
145 1228 244 1258 Asvam
262 1239 338 1265 vero,
356 1234 413 1262 sive
439 1235 549 1270 Savam,
575 1241 605 1264 ut.
630 1239 688 1274 ipse
716 1228 843 1275 appellat,

65 1273 144 1302 Caini.
169 1276 313 1306 Cedrenus
340 1281 463 1308 eamdem
486 1282 569 1310 Setlio
600 1273 843 1321 assignatfquam

65 1319 154 1347 Asvam
181 1327 272 1350 vocat.
302 1323 456 1354 Methodius
485 1327 643 1358 Patarensis
661 1319 726 1358 i‘Ev
752 1319 780 1358 si
806 1333 844 1368 τῷ

65 1368 208 1404 τριακοστῷ
227 1371 317 1406 χρόνῳ
333 1372 382 1408 τῆς
404 1373 493 1405 ἐξόδου
513 1375 602 1402 αὐτῶν
618 1376 665 1403 τοῦ
681 1378 843 1414 παραδείσου

65 1412 169 1460 attonuit
183 1416 254 1443 Κάῐν
269 1417 313 1444 τὸν
324 1420 495 1454 πρωτότοκον
509 1422 556 1448 καὶ
570 1422 618 1458 τὴν
631 1412 748 1460 ἀδελφῆν
761 1425 843 1452 αὑτοῦ

66 1459 214 1495 Καλμάναν.
234 1463 290 1490 Καὶ
313 1466 381 1500 μετὰ
403 1468 561 1502 τριακοστὸν
583 1469 674 1504 ἕτερον
693 1470 751 1502 ἔτος
769 1471 845 1505 ἐγέν-

65 1512 123 1551 νησε
136 1506 179 1533 τὸν
193 1508 277 1535 Ἀὃελ
292 1511 340 1537 σὺν
355 1513 386 1547 τῇ
404 1512 533 1549 Λεμϐόρᾳ
546 1515 578 1550 τῇ
592 1514 691 1551 ἀδελφῇ
707 1516 800 1544 αὐτοῦ.

96 1550 170 1586 lbid.,
190 1554 294 1583 lin.49.
316 1557 364 1584 Ἐν
383 1555 426 1591 οἷς
444 1558 602 1593 ἐξαίρετος.
621 1550 768 1597 Josephus,
789 1565 843 1590 An—

66 1597 147 1632 tiquit.
162 1600 208 1629 lib.
227 1610 246 1633 ι,
264 1610 323 1638 cap.
342 1604 358 1631 5
376 1613 382 1632 ;
399 1605 521 1633 Γίνονται
538 1608 585 1642 μὲν
596 1605 642 1635 οὖν
656 1609 747 1641 παῖδες
761 1609 842 1640 αὑτοῦ

65 1642 131 1690 ᾂιλλοι
146 1654 174 1672 τε
187 1648 234 1674 καὶ
249 1649 367 1682 πλείους,
379 1651 426 1677 καὶ
437 1652 532 1687 Σῆθος.
554 1653 634 1681 Ἀλλὰ
651 1655 714 1690 περὶ
728 1655 777 1690 μὲν
790 1656 843 1682 τῶν

65 1689 143 1718 ἄλλων
159 1694 263 1730 μακρὸν
277 1695 310 1722 ἂν
326 1696 367 1732 εἴη
382 1697 471 1731 λέγειν
482 1707 488 1714 ·
504 1701 670 1736 πειράσομαι
686 1689 714 1728 δὲ
728 1689 795 1737 μόνα
811 1703 843 1729 τὰ

63 1736 114 1784 τῇνν
124 1739 175 1765 ἀπὸ
191 1741 278 1776 Σήθου
291 1742 412 1770 διελθεῖν.
422 1745 541 1780 Τραφεὶς
557 1746 610 1782 γὰρ
624 1745 708 1779 οὗτος.
718 1736 764 1775 καὶ
774 1758 844 1784 παρ-

64 1781 139 1810 ελθὼν
158 1786 197 1818 εἰς
214 1787 334 1823 ἠλικίαν,
356 1790 406 1826 ἤδη
424 1791 457 1817 τὰ
478 1792 547 1819 καλὰ
569 1793 671 1828 κρίνειν
686 1794 841 1830 δυνάμενος,

64 1828 156 1876 ἀρετὴν
182 1833 357 1868 ἐπετήδευσε,
384 1837 430 1862 καὶ
454 1838 598 1873 γενόμενος
618 1839 699 1872 αὐτὸς
722 1828 841 1876 ἄριστος,

66 1875 177 1909 μιμητὰς
200 1877 284 1904 αὐτοῦ
306 1880 369 1911 τοὺς
393 1881 543 1915 ἀπογόνους
566 1884 720 1912 κατέλιπεν.
744 1875 776 1911 Οἱ
801 1887 840 1918 δὲ,

64 1918 154 1951 πάντες
169 1921 265 1955 ἀγαθοὶ
279 1924 374 1957 φύντες
388 1926 438 1960 γῆν
450 1935 480 1952 τε
487 1927 570 1962 αὐτὴν
584 1929 760 1957 ἀστασίαστοι
771 1940 840 1958 κατ-

63 1963 220 2010 ιρκὴσαντες,
246 1967 459 2005 εὐδαιμόνησαν,
477 1973 590 2007 μηδενὸς
606 1975 695 2006 αὐτοῖς
714 1975 777 2010 ἄχρι
799 1985 842 2003 τε-

63 2007 150 2044 λευτῆς
168 2012 298 2041 δυσκόλου
316 2017 526 2050 προσπεσόντος.
541 2018 642 2046 Eadem
658 2007 841 2049 lmbeiionm

64 2062 114 2089 ras,
131 2057 226 2086 Annal.
251 2063 318 2087 tom.
341 2061 360 2088 Ι.
375 2061 398 2089 ls
426 2063 518 2098 itaque
534 2069 560 2092 et
579 2066 640 2092 vitae
658 2067 840 2094 sanctimonia

64 2100 180 2137 insignis,
199 2109 227 2132 et
246 2106 375 2134 virtutum
397 2109 518 2136 omnium
541 2110 690 2139 honoribus
706 2113 839 2140 condeco-

64 2151 144 2180 ratus,
155 2150 265 2184 pietatis
281 2152 366 2179 divini
384 2154 505 2182 nominis
521 2156 672 2190 SlUlllOSUS,
689 2157 756 2184 Deus
770 2158 837 2193 ipse,

64 2197 90 2218 ιιι
100 2193 188 2223 videre
203 2200 246 2224 est
261 2204 292 2224 ex
312 2197 395 2225 Suida
413 2203 439 2226 et
453 2200 525 2232 aliis,
543 2202 641 2228 meruit
656 2203 795 2237 appellari,
811 2207 837 2230 et
855 2202 875 2228 Ι)

63 2239 105 2266 lilii
127 2242 202 2276 ejus,
226 2243 278 2278 ﬁlii
300 2244 359 2277 Dei,
383 2253 439 2272 non
463 2249 566 2274 tantum
583 2249 646 2282 quia
666 2257 779 2283 corpore
796 2257 839 2276 ro-

62 2283 146 2320 busto,
164 2296 288 2323 procero,
303 2293 330 2317 et
347 2290 464 2325 eleganti
479 2297 567 2324 erant,
584 2297 610 2320 et
631 2293 743 2328 reliquis
756 2295 837 2321 etiam

61 2339 144 2361 rerum
157 2335 338 2363 humanarum
353 2338 523 2366 excellentiis
536 2339 615 2374 longe
628 2341 733 2368 caeteris
745 2345 838 2368 essent

62 2375 229 2414 insigniores.
251 2381 318 2410 Vide
339 2382 481 2418 Cyrillum,
505 2384 553 2412 lib.
581 2393 607 2412 ix
633 2391 725 2412 contra
747 2386 838 2413 Julia-

61 2431 133 2457 num;
156 2431 182 2454 et
196 2427 230 2455 de
242 2428 296 2456 illis
310 2429 399 2456 locum
414 2430 489 2457 illum
505 2439 591 2458 sacrae
609 2431 767 2467 Scriptura},
786 2433 838 2460 Vi—

61 2469 144 2498 dentes
158 2473 209 2506 ﬁlii
226 2473 276 2500 Dei
294 2474 366 2509 ﬁlias
382 2475 519 2502 hominum
531 2476 564 2508 3°,
577 2480 643 2509 ctc.,
661 2486 721 2506 csse
738 2479 838 2506 intelli-

61 2518 169 2548 gendum
189 2520 328 2547 existimat
345 2521 570 2557 Chrysostomus,
594 2523 667 2552 hom.
690 2524 726 2551 22
745 2525 773 2551 in
787 2524 836 2553 Ge-

61 2562 129 2595 nesf;
142 2565 320 2600 Augustinus,
342 2567 387 2594 lib.
411 2576 446 2594 xv
460 2568 498 2595 De
511 2568 615 2596 civitate
635 2569 692 2601 Dei,
709 2578 769 2605 cap.
783 2571 835 2605 25;

61 2605 253 2643 Theodoretus,
268 2617 363 2647 quiest.
380 2613 414 2639 47
428 2613 455 2640 in
468 2614 560 2642 Cenes.
569 2622 578 2645 ;
595 2614 716 2643 Joannes
731 2617 837 2644 Cassia.

857 1531 878 1558 C

62 2659 118 2686 nus,
135 2657 225 2684 collat.
241 2657 268 2690 8,
281 2666 331 2694 cap
356 2659 406 2692 21;
425 2659 554 2694 Cyrillus,
571 2661 618 2688 lib.
636 2669 662 2688 ix
678 2669 770 2690 contra
784 2663 836 2690 1η-

62 2698 169 2734 lianum;
185 2703 332 2739 Rupertus,
348 2706 395 2733 lib.
409 2715 434 2733 IV
448 2707 474 2733 in
489 2706 570 2734 Genes
586 2728 593 2739 ,
606 2716 665 2743 cap.
683 2709 716 2736 l2
738 2714 764 2736 et
777 2711 834 2737 alii.

62 2744 139 2777 Quem
154 2750 256 2778 utinam
272 2759 326 2779 non
342 2751 477 2786 fabulosa,
495 2759 522 2781 et
536 2754 662 2782 hreretica
680 2756 835 2789 dignatione

62 2791 175 2822 Selhiani
193 2797 311 2826 haeretici
332 2799 522 2829 honorasscnt.
539 2800 597 2829 Non
615 2803 686 2830 enim
704 2802 835 2831 allirmas-

93 2842 114 2857 ¹¹¹³
124 2842 188 2872 Gen.
206 2854 243 2877 vr,
257 2845 284 2873 2.

547 119 581 146 ΙΝ
602 118 789 148 EUSTATHII
806 119 1046 150 HEXAEMERON
1066 122 1183 151 ΝΟΤᾸΞ.

1633 128 1684 156 978

897 185 958 209 sent
974 181 1100 209 eumdem
1121 189 1241 218 superna
1263 188 1349 212 matre
1364 189 1469 217 natum,
1490 193 1572 221 quam
1593 187 1686 222 perhi-

897 227 962 255 bent
973 228 1136 256 convenisse
1147 236 1209 256 cum
1222 237 1341 265 superno
1353 235 1431 266 patre
1442 236 1471 259 ut
1484 232 1547 261 inde
1560 233 1685 262 divinum
1702 227 1703 230 “

896 281 989 301 semen
1002 274 1076 301 aliud
1090 279 1250 303 nasceretur
1274 280 1404 312 tanquam
1430 278 1546 306 ﬁliorum
1566 279 1624 307 Dei.
1645 279 1685 308 De

895 328 1012 355 quorum
1036 328 1105 348 vana
1128 321 1257 355 opinione
1278 323 1341 351 vide
1366 323 1399 352 D.
1427 325 1542 360 August.
1565 326 1612 354 lib.
1644 327 1685 354 De

896 365 1052 397 latentibus,
1082 365 1116 392 ad
1137 366 1365 399 Quodvultdeum.
1392 368 1498 398 Delrius
1533 374 1636 403 tamen,
1654 372 1682 399 in

896 412 949 439 ﬁne
966 419 1027 447 cap.
1046 420 1073 439 tv
1092 411 1197 445 Genes.,
1215 414 1305 448 rejicit
1325 415 1395 443 hanc
1415 416 1568 452 opinionem
1593 423 1683 446 tanto-

896 465 956 485 rum
981 457 1092 486 Patrum
1120 459 1285 488 testimoniis
1312 460 1458 490 ﬁrmatam.
1484 463 1602 496 Domini,
1630 464 1682 492 lle—

897 503 996 537 braice,
1015 505 1115 540 inquit,
1135 511 1174 533 est
1191 510 1441 540 tetragrammaton,
1457 509 1525 544 quod
1541 510 1591 537 soli
1607 519 1682 538 sem—

895 557 941 584 per
965 550 1017 577 Deo
1038 550 1242 586 datum:quarc
1262 561 1396 588 nunquam
1417 554 1545 581 tributum
1564 555 1681 587 Enoclio,

897 600 944 622 aut
958 596 1022 631 ﬁliis
1036 596 1113 628 eius;
1128 597 1186 624 ideo
1199 606 1250 625 non
1265 604 1326 625 sunt
1340 600 1465 626 audiendi
1482 599 1556 635 (nota
1570 601 1620 628 viri
1639 608 1682 629 re-

897 642 987 677 ligiosi
1005 642 1032 670 in
1050 647 1160 671 sanctos
1183 643 1279 672 Patres
1300 645 1493 681 reverentiam)
1509 654 1600 681 graves
1614 646 1682 673 alio-

897 689 959 723 quin
973 689 1124 723 scriptores,
1143 689 1270 725 Cyrillus,
1290 690 1478 724 Tlteodoretus,
1494 691 1645 726 Emisenus,
1656 697 1682 720 et

898 733 1006 767 Suidas,
1021 737 1066 769 qui
1079 740 1211 770 exponunt
1225 741 1286 763 tunc
1300 736 1417 770 Enoclto,
1434 742 1540 773 propter
1554 739 1682 773 insignem

897 780 1029 813 pietatem,
1039 779 1096 813 Dei,
1105 785 1128 807 et
1138 781 1241 814 liberis,
1258 782 1374 814 ﬁliorum
1389 783 1437 810 Dei
1456 791 1549 810 nomen
1565 783 1658 810 datum
1673 791 1682 810 :

898 825 991 860 quibus
1006 826 1106 853 resistit
1121 826 1247 854 Ilebrwus
1262 832 1408 856 contextus.
1425 828 1532 864 Decepi!
1546 838 1599 863 eas,
1613 829 1682 865 quod

898 879 948 898 non
969 870 1113 899 distinxere
1132 872 1201 899 inter
1216 872 1330 906 lleloim,
1357 873 1424 909 quod
1450 879 1489 902 est
1508 882 1566 909 cap.
1597 883 1633 909 Vt,
1654 876 1680 908 ί,

896 922 920 945 ει
936 918 1067 952 ineffabile
1083 927 1177 945 nomen
1191 919 1260 954 quod
1274 919 1315 946 hic
1327 920 1452 954 positum.

932 961 1012 991 lbid.,
1025 963 1072 990 lin.
1094 963 1138 992 52.
1155 963 1248 998 οὗτος
1264 965 1320 999 γὰρ
1334 965 1459 999 πρῶτος.
1479 965 1578 994 Suidas
1592 976 1599 993 :
1615 966 1681 993 Θεὸν

896 1008 950 1044 γὰρ
964 1008 1009 1035 τὸν
1025 1009 1079 1045 Σὴθ
1094 1010 1118 1036 οἱ
1134 1010 1194 1037 τότε
1211 1010 1347 1046 ἄνθρωποι
1365 1012 1576 1047 προσηγόρευον,
1592 1012 1635 1039 διὰ
1651 1013 1681 1039 τὸ

896 1053 1071 1090 ἐξευρηκέναι
1086 1055 1121 1082 τά
1136 1064 1165 1082 τε
1185 1056 1315 1092 Ἑϐραϊκὰ
1333 1056 1496 1093 γράμματα,
1509 1057 1557 1089 τάς
1579 1066 1609 1084 τε
1626 1057 1681 1084 τῶν

896 1100 1017 1136 ἀστέρων
1038 1101 1195 1137 ὀνομασίας,
1211 1103 1257 1129 καὶ
1275 1103 1343 1137 πρὸς
1363 1103 1465 1135 τούτοις
1480 1104 1579 1139 πολλὴν
1604 1104 1682 1131 εί)σό-

896 1146 972 1172 6ειαν
984 1146 1065 1173 αὐτοῦ
1083 1147 1281 1182 θαυμάσαντες,
1295 1148 1332 1179 ὥς
1350 1157 1381 1182 γε
1399 1149 1444 1175 καὶ
1461 1148 1566 1184 πρῶτος
1583 1150 1681 1179 ἐπικα-

896 1191 998 1218 λεῖσθαι
1012 1192 1077 1224 Θεὸς
1095 1194 1141 1219 καὶ
1158 1192 1347 1228 ὀνομάζεσθαι.
1365 1193 1505 1222 Manasses
1521 1195 1548 1222 in
1564 1194 1680 1223 Anuli..-

896 1238 947 1265 Τὸν
962 1238 1015 1270 Σὴο
1030 1239 1120 1270 αὐτοῖς
1135 1239 1179 1266 τὸν
1194 1239 1297 1266 δίκαιον
1312 1240 1377 1272 Θεὸς
1390 1241 1583 1276 ἀντιδωρεῖται,

934 1285 985 1318 Ὃς
992 1285 1101 1320 ἔθηκεν
1110 1286 1239 1320 ὀνόματα
1246 1286 1308 1320 τοῖς
1315 1288 1465 1321 οὐρανίοις
1474 1287 1604 1322 ἄστροις.

896 1330 1046 1358 Alexander
1068 1331 1222 1367 Polyhistor
1239 1333 1308 1367 apud
1327 1333 1482 1365 Eusebium,
1501 1334 1539 1361 De
1550 1342 1680 1369 prarpara-

896 1378 966 1404 tione
981 1378 1094 1413 evangel.
1113 1386 1173 1413 cap.
1190 1379 1251 1411 ult.,
1261 1378 1440 1414 etJosephus,
1451 1379 1542 1415 Antiq.
1553 1381 1599 1408 lib.
1609 1389 1628 1414 ι,
1643 1382 1681 1408 di-

895 1426 961 1449 cunt
971 1423 1156 1450 Abrahamum
1164 1424 1280 1458 primum
1289 1423 1425 1460 [Egyptiis
1435 1427 1588 1461 astrologiae
1595 1430 1680 1454 artem

896 1468 1046 1502 aperuisse,
1060 1469 1158 1496 deinde
1173 1476 1188 1495 a
1203 1469 1337 1497 Chaldaeis
1356 1470 1383 1497 in
1401 1470 1531 1498 Graeciam
1550 1472 1679 1506 ﬂuxisse;

896 1513 929 1540 de
947 1514 1048 1548 quibus
1069 1514 1194 1542 inferius.
1209 1513 1346 1549 Josephus
1361 1519 1452 1543 tamen
1467 1516 1607 1544 inventum
1628 1518 1679 1545 hoc

897 1560 980 1588 Setho
996 1560 1102 1588 tribuit.
1121 1561 1206 1595 Cujus
1223 1569 1289 1589 sane
1300 1562 1400 1590 divina:
1410 1564 1479 1591 artis
1494 1564 1678 1596 inventionem

895 1614 910 1633 a
932 1606 1064 1642 profanis,
1088 1607 1212 1643 profanis
1233 1608 1390 1636 hominibus
1412 1610 1513 1637 ascribi
1544 1610 1608 1645 quid
1628 1611 1677 1637 mi-

894 1652 975 1679 rum?
997 1652 1101 1680 Plinius
1126 1653 1174 1680 lib.
1194 1661 1243 1686 vn,
1260 1661 1322 1689 cap.
1342 1654 1388 1686 56,
1408 1655 1585 1690 Astrologiam
1600 1657 1677 1684 Atlas

894 1697 983 1734 Libya:
998 1700 1082 1734 ﬁlius,
1098 1705 1126 1727 ιιι
1146 1701 1194 1727 alii
1210 1700 1341 1736 Egyptii,
1357 1706 1385 1728 ut
1403 1701 1450 1728 alii
1465 1702 1582 1737 Assyrii.
1600 1702 1677 1730 Ideo-

894 1752 947 1778 que
957 1745 1056 1772 cmlum
1070 1745 1193 1774 humeris
1207 1751 1329 1782 gestasse
1344 1747 1524 1775 tradiderunt.
1543 1747 1677 1777 Diodorus

895 1790 1029 1826 Egyptiis
1057 1793 1209 1824 exordium,
1227 1793 1337 1820 Servius
1351 1792 1367 1819 6
1380 1792 1482 1828 Virgilii
1499 1793 1597 1828 Ecloya
1611 1794 1676 1821 Pro-

894 1837 999 1864 metheo
1028 1837 1153 1865 sideralis
1182 1837 1265 1872 hujus
1291 1837 1411 1864 scientiae
1441 1837 1544 1864 tribuit.
1573 1837 1676 1865 Catena

892 1882 984 1909 Graeca
999 1883 1024 1909 in
1039 1882 1158 1910 Exodum
1173 1892 1181 1910 :
1195 1883 1280 1919 Ἐνὼχ
1296 1884 1401 1919 πρῶτος
1420 1883 1502 1918 ἔμαθε
1515 1884 1675 1920 γράμματα,

892 1928 939 1954 καὶ
952 1927 1055 1964 ἔγραψε
1068 1929 1103 1956 τὰ
1120 1932 1219 1965 σημεῖα
1233 1929 1281 1956 τοῦ
1296 1929 1409 1964 οὐρανοῦ
1433 1931 1480 1956 καὶ
1499 1930 1547 1962 τὰς
1562 1930 1676 1966 τροπὰς,

893 1973 938 1999 καὶ
955 1974 1016 2005 τοὺς
1033 1973 1130 2008 μῆνας.

928 2018 1007 2053 lbid.,
1026 2020 1073 2046 lin.
1092 2020 1137 2047 55.
1150 2019 1279 2047 Μέλλων
1291 2020 1346 2054 γὰρ
1358 2020 1512 2054 τελευτᾷν.
1529 2020 1675 2056 Iosephus,

891 2065 981 2100 Antiq.
999 2066 1046 2093 lib.
1063 2074 1150 2101 |,cap.
1166 2067 1198 2093 5:
1215 2067 1314 2102 Σοφίαν
1327 2075 1357 2093 τε
1374 2068 1422 2102 τὴν
1440 2068 1552 2103 περὶτὰ
1564 2069 1676 2104 οῡράνια

891 2113 936 2139 καὶ
951 2112 999 2147 τὴν
1009 2113 1103 2139 τούτου
1118 2113 1295 2148 διακόσμησιν
1311 2114 1470 2148 ἐπενόησαν.
1491 2114 1574 2150 ’Υπὲρ
1587 2114 1615 2141 δὲ
1627 2116 1674 2142 τοῦ

892 2158 929 2193 μὴ
951 2158 1090 2192 διαφυγεῖν
1108 2158 1171 2189 τοὺς
1188 2158 1347 2193 ἀνθρώπους
1367 2159 1402 2186 τὰ
1421 2159 1570 2195 εὑρημένα,
1595 2160 1674 2195 μηδὲ,

890 2204 953 2237 πρὶν
965 2204 1004 2235 εἰς
1014 2204 1112 2237 γνῶσιν
1122 2203 1218 2235 ἐλθεῖν,
1227 2204 1371 2240 φθαρῆναι,
1383 2213 1453 2240 προῃ
1459 2205 1569 2240 ρηκότος
1580 2205 1675 2239 ἀφανι-

891 2249 957 2284 σμὸν
981 2248 1094 2284 Ἀδάμου
1120 2249 1173 2275 τῶν
1189 2249 1255 2276 ὅλων
1270 2249 1378 2276 ἔσεσθαι
1394 2250 1439 2276 τὸν
1458 2250 1506 2285 μὲν
1522 2250 1581 2276 κατ’
1598 2251 1674 2285 ἰσχὺν

892 2294 985 2329 πυρὸς⁷
1007 2295 1051 2320 τὸν
1068 2294 1161 2330 ἓτερον
1183 2295 1210 2321 δὲ
1234 2295 1304 2322 κατὰ
1319 2295 1380 2330 βίαν
1392 2296 1438 2322 καὶ
1451 2295 1552 2329 πλῆθος
1569 2295 1672 2328 ὓδατος,

891 2341 989 2375 στήλας
1003 2340 1049 2367 δύο
1064 2341 1254 2376 ποιησάμενοι,
1276 2342 1325 2377 τὴν
1346 2342 1394 2376 μὲν
1411 2343 1443 2367 ἐκ
1460 2341 1579 2373 πλίνθου,
1594 2342 1642 2377 τὴν
1654 2342 1674 2368 δ’

889 2385 985 2420 ἑτέραν
1005 2387 1036 2412 ὲκ
1058 2386 1151 2417 λίθων,
1175 2386 1341 2422 ἀμφοτέραις
1364 2386 1516 2422 ἐνέγραψαν
1537 2386 1571 2413 τὰ
1591 2388 1673 2422 εὑρη-

890 2433 968 2467 μένα,
983 2433 1036 2466 ἵνα,
1057 2434 1104 2461 καὶ
1119 2433 1319 2469 τῆςπέκινθίνης
1341 2433 1534 2470 ἃφαντώῖὲης
1546 2433 1673 2466 ίιπὸῃῆξ

888 2479 1050 2515 ἐπομϐρίας,
1069 2480 1186 2516 ήλιθίνη
1211 2481 1326 2516 μείνασα
1350 2481 1478 2515 παράσχῃ
1501 2479 1596 2514 μαθεῖν
1617 2481 1671 2512 τοῖς

889 2525 1041 2560 ἀνθρώποις
1057 2526 1091 2553 τὰ
1102 2526 1324 2562 ἐγγεγραμμένα,
1340 2526 1457 2561 δηλοῦσα
1470 2527 1517 2553 καὶ
1534 2525 1672 2560 πλινθίνην

887 2571 908 2598 δ’
923 2571 968 2597 ὑπ’
985 2571 1074 2598 αὐτῶν
1097 2573 1268 2607 ἀνατεθῆναι.
1293 2573 1376 2599 Μένει
1398 2572 1419 2599 δ’
1441 2573 1504 2607 ἄχρι
1524 2571 1571 2598 τοῦ
1592 2571 1672 2608 δεῦρο

887 2617 957 2644 κατὰ
980 2618 1030 2653 τὴν
1055 2618 1181 2653 Συριάδα.
1208 2618 1305 2646 Eadem
1330 2618 1386 2646 fere
1409 2618 1542 2650 Zonaras,
1569 2618 1668 2646 Annal.

887 2668 952 2690 tom.
969 2663 990 2695 1,
1004 2664 1103 2697 quibus
1115 2665 1256 2691 columnas
1278 2665 1359 2692 hasce
1379 2672 1394 2691 a
1411 2665 1496 2692 Setho
1515 2665 1572 2692 sive
1588 2666 1672 2692 etiam

887 2708 947 2741 ejus
966 2709 1113 2743 nepotibus
1132 2709 1279 2743 superstite
1294 2709 1397 2737 Adamn
1413 2709 1497 2737 fuisse
1516 2713 1670 2737 exstructas

888 2755 1062 2782 manifestum
1087 2758 1138 2781 est.
1162 2754 1300 2782 Marianus
1317 2755 1416 2784 Scelus
1436 2765 1490 2783 non
1506 2756 1540 2783 ab
1555 2755 1669 2783 Adamn.

887 2801 934 2829 scd
951 2801 983 2829 ab
997 2801 1152 2829 Abrahamo
1169 2806 1343 2832 constructus
1363 2804 1455 2832 refert.
1479 2804 1635 2832 Gcneiirat‘i
1643 2811 1671 2832 is
