1897 3073
197 108 248 136 979

873 109 995 137 LEONIS
1012 109 1148 139 ALLATIl

1774 117 1827 144 980

196 169 393 205 Chronograplt.
411 169 459 198 lib.
475 177 496 202 1,
512 177 559 198 eas
575 170 656 198 modo
671 170 790 201 tabulas,
807 170 889 198 modo
903 175 983 197 vocat
998 173 1020 200 Α
1035 172 1104 198 mine
1125 173 1170 199 ubi
1194 178 1356 208 regnaretur.
1380 174 1485 202 condita
1514 180 1553 202 est
1580 176 1687 203 eiut'las.
1719 176 1827 204 Tertius

196 216 354 247 columnas;
367 215 475 243 tandem
488 216 583 244 scribit
609 224 656 244 eas
670 216 754 244 fuisse
769 217 886 249 tabulas,
903 226 984 244 unam

194 269 296 288 teneam
314 265 411 288 contra
434 269 512 296 aquae
534 263 693 294 illuviones,
711 264 823 290 alteram
840 263 985 291 lateritiam

194 311 288 334 contra
304 307 376 342 ignis
385 307 632 343 conﬂagrationes;
650 309 678 336 in
694 317 809 344 quarum
822 310 908 344 prima
920 310 985 337 libe-

194 353 266 379 rales
283 358 357 381 artes
374 354 525 389 praesertim
540 355 693 382 doctrinam
711 356 745 383 de
757 355 822 388 Deo,
834 360 861 383 et
878 357 984 384 mathe-

194 399 303 430 matica,
329 400 355 427 in
381 400 467 427 altera
490 401 701 435 promissionem
715 402 749 428 dc
769 402 884 434 semine,
901 402 926 429 id
942 407 985 430 est

192 444 314 476 Christo,
343 445 407 473 Adae
432 445 544 478 factam,
574 447 707 479 czelatam,
732 449 917 482 scripserunt;
936 448 983 476 sed

193 493 322 518 auctores
338 491 410 518 unde
425 491 483 519 haec
498 493 596 519 habeat
609 492 801 530 Gencbrardus
812 501 866 521 non
879 494 980 526 laudat,

192 544 262 571 quos
276 540 343 572 puto
358 545 413 565 non
430 538 531 565 multos
546 542 665 570 exstare,
685 543 712 566 et
729 539 752 566 si
768 540 830 574 quis
846 540 891 567 ille
908 544 982 568 esset

193 590 247 609 non
261 583 411 617 probabilia
427 583 560 617 dicerent,
576 592 627 612 nec
642 585 669 611 in
684 585 798 612 historia
816 590 873 612 tuta
887 590 914 613 et
927 586 982 621 pri-

193 637 266 656 mum
281 634 377 656 contra
391 629 596 658 Genebrardum
615 632 774 658 necessario
791 632 980 660 allirmandum

191 680 243 706 cst,
263 675 290 702 in
306 675 360 703 illis
376 675 477 703 tabulis
492 677 548 704 sive
563 677 700 704 columnis
717 677 810 704 ctelata
827 685 881 704 non
896 677 982 706 fuisse

190 721 310 753 diversa,
323 725 350 748 et
366 721 418 748 alia
438 729 470 748 ac
485 722 557 749 alia:
573 723 620 750 sed
636 731 696 757 quae
714 723 741 750 in
758 731 823 756 una,
843 723 938 751 eadem
953 728 980 752 et

191 768 218 794 in
234 767 297 794 alia.
318 767 417 797 Demus
431 769 503 796 enim
519 763 592 804 quod
606 773 632 796 et
649 769 683 798 de
699 769 763 803 Deo,
784 774 810 797 et
829 770 980 797 mathema-

190 814 255 845 tica,
274 819 301 842 et
321 814 355 842 de
370 815 553 850 promissione
572 816 697 848 seminis,
714 816 786 851 quod
799 820 872 844 esset
889 816 978 843 adhuc

189 859 298 888 dillioile
321 862 448 896 probatu,
471 861 633 897 scripserint
656 863 684 890 in
709 870 784 890 aenea
801 872 809 890 :
824 863 981 890 necessario

194 910 283 933 tamen
300 906 439 934 fatendum
455 912 507 940 est,
526 908 584 935 haec
598 908 693 935 eadem
714 912 742 936 et
757 909 784 935 in
802 909 920 936 lateritia
933 909 981 936 de-

194 953 349 987 scripsisse,
364 957 391 981 et
405 962 460 981 non
479 955 599 982 diversa.
621 953 752 982 Sciebant
771 955 903 982 mundttm
924 956 981 982 col-

192 999 344 1033 lapsurum,
366 1000 442 1028 dubii
465 1008 499 1027 an
523 1002 602 1036 aquis
625 1001 796 1034 immersam,
813 1002 856 1029 vel
871 1002 979 1037 ignibus

187 1045 386 1082 conflagratum
404 1050 454 1074 :ut
477 1047 631 1074 doctrinam
658 1052 810 1080 servarent,
826 1051 853 1076 et
869 1049 981 1083 utrique

190 1091 362 1119 incommodo
387 1093 565 1121 subvenirent
588 1098 736 1122 exstruunt
763 1094 813 1121 has
838 1094 907 1122 duas
932 1102 979 1122 co-

187 1140 305 1169 lumnas.
327 1140 441 1167 alteram
463 1148 495 1168 ex
518 1148 583 1173 aere,
602 1141 643 1169 vel
664 1145 693 1168 ut
714 1141 802 1176 placet
819 1145 916 1169 nostro
929 1149 979 1168 au-

185 1185 266 1215 ctori,
296 1184 484 1221 digniorisque
511 1190 583 1214 notae
608 1186 801 1222 scriptoribus,
826 1194 859 1214 ex
876 1187 975 1221 lapide,

186 1231 298 1258 alteram
313 1239 347 1259 ex
363 1232 509 1260 coctilibus
525 1232 675 1260 laterculis.
702 1232 748 1260 Sic
770 1232 843 1260 enim
863 1240 916 1260 tere
935 1233 977 1260 vel

184 1277 275 1312 lapide
291 1278 380 1313 aquis,
403 1278 544 1306 laterculis
560 1278 614 1313 igni
632 1278 802 1312 resisterent,
823 1284 850 1306 et
872 1279 911 1306 sic
927 1279 977 1306 do-

184 1323 302 1350 ctrinam
322 1323 485 1351 mandarent
507 1324 540 1351 ad
563 1329 700 1359 posteros.
721 1324 791 1358 Quid
817 1325 900 1360 igitur
921 1325 975 1353 illis

185 1368 334 1403 profuisset
360 1369 384 1397 si
407 1369 515 1397 diversa
535 1370 732 1405 scripsissent?
750 1371 892 1404 Quomodo
912 1372 975 1408 igne

185 1413 260 1440 illato
276 1421 336 1448 quae
352 1417 432 1441 erant
459 1414 487 1441 in
509 1414 616 1450 lapide,
640 1416 720 1451 aquis
745 1416 838 1445 effusis
863 1425 924 1452 qua:
947 1418 974 1445 in

185 1459 324 1487 laterculis
343 1461 575 1488 conservassem?
594 1460 669 1489 Dicet
686 1461 803 1490 fortasse
819 1462 974 1491 Genebrar-

995 847 1017 874 B

183 1505 246 1537 dus,
263 1505 325 1532 illos
337 1512 392 1532 non
406 1505 515 1538 dubios.
530 1507 577 1534 sed
592 1510 682 1535 certos
694 1507 728 1535 de
739 1509 820 1536 modo
830 1513 856 1536 et
867 1510 973 1538 ratione
985 1519 1009 1551 ε

183 1552 428 1579 consummationis
446 1553 540 1580 mundi
556 1553 698 1582 columnas
710 1555 843 1582 erexisse.
858 1555 973 1584 Frustra

183 1597 267 1631 igitur
283 1598 391 1626 diversa
415 1599 461 1626 illa
483 1599 674 1627 columnarum
697 1602 840 1631 materies:
864 1606 891 1630 et
908 1610 972 1635 una,

182 1651 243 1677 qua:
254 1643 348 1671 mundi
360 1644 467 1672 excidio
483 1645 629 1673 incolumis
641 1650 733 1681 posset
742 1655 897 1682 superesse,
907 1649 973 1677 satis

183 1687 298 1722 fuisset;
316 1689 374 1721 sed,
385 1690 448 1724 quia
469 1690 565 1717 incerti
585 1692 726 1719 materiam
743 1693 814 1720 hanc
829 1694 871 1721 vel
892 1694 972 1721 aliam

183 1735 290 1762 incerto
303 1736 396 1768 modo,
417 1741 444 1764 et
457 1737 558 1765 rationi
575 1739 675 1766 excidii
693 1745 893 1774 przepararunt.
916 1740 974 1767 Pli-

182 1781 257 1813 nius,
274 1781 322 1809 lib.
339 1789 386 1814 νη,
403 1789 464 1817 cap.
481 1782 525 1815 56,
544 1791 576 1811 ex
595 1784 715 1820 Epigene
731 1785 764 1812 de
778 1786 820 1814 his
837 1786 974 1814 columnis

183 1828 240 1856 haec
269 1828 350 1855 habet
367 1836 374 1854 :
391 1828 415 1855 E
443 1829 546 1857 direrso
574 1830 699 1866 Epigenes
722 1832 792 1866 apud
811 1832 972 1868 Babylonios

181 1881 268 1902 occ“
301 1883 434 1902 annorum
465 1876 660 1904 observationes
677 1875 807 1904 ’siderum
834 1878 973 1905 coctilibus

181 1920 318 1948 laterculis
337 1921 479 1955 inscriptas
501 1922 586 1955 docet,
602 1923 691 1957 gravis
707 1929 800 1950 auctor
813 1924 841 1950 in
857 1924 950 1957 primis
963 1931 972 1950 .'

181 1967 226 2001 qui
246 1967 384 1993 minimum
400 1966 525 1999 Berosus.
542 1973 566 1994 et
586 1967 751 1995 Critodemus
771 1976 908 1997 ccccexsx
924 1977 972 1996 an-

182 2021 287 2041 norum.
305 2012 347 2039 Ea:
361 2021 412 2048 quo
424 2019 532 2048 apparet
545 2019 659 2042 wternus
673 2015 822 2042 litterarum
837 2024 911 2043 usus.

216 2058 276 2086 Col.
293 2059 353 2090 752,
370 2060 420 2088 litt.
443 2060 485 2088 ll.
514 2060 672 2095 Ἐγένννησε
698 2061 732 2088 δὲ
757 2063 773 2089 ό
794 2062 878 2089 Kd‘t‘r.
896 2061 973 2089 Hanc

182 2104 260 2132 Caini
277 2105 400 2134 sobolem
419 2106 495 2134 multi
512 2107 587 2142 parvi
600 2107 747 2140 duxerunt,
766 2116 827 2135 cttm
844 2109 870 2135 in
888 2115 973 2143 aqua-

183 2159 242 2178 rum
259 2151 438 2180 inundatione
453 2154 561 2188 penitus
579 2154 723 2188 absumpta
740 2154 785 2185 sit,
811 2154 926 2188 ideoque
943 2154 970 2181 in

1037 217 1151 249 Gaidad,
1169 227 1243 252 quem
1256 221 1344 254 genuit
1362 220 1451 247 Enoch
1463 228 1472 246 :
1491 226 1601 256 quartus
1617 221 1729 254 Ham'el,
1747 231 1827 258 quem

1035 264 1124 296 genuit
1148 263 1279 292 Guidad:
1306 266 1413 301 quintus
1439 265 1599 300 Mathusael,
1629 276 1705 302 quem
1733 269 1827 302 genuit

1036 309 1136 336 Maniel
1147 318 1155 337 :
1168 316 1256 338 sextus
1274 310 1397 344 Lamech,
1413 320 1487 347 quem
1502 313 1589 347 genuit
1603 312 1767 343 Mathuaael.
1780 314 1828 348 qui

1034 357 1159 389 septimus
1172 362 1210 384 est
1227 357 1258 384 ab
1272 357 1358 384 Adam
1374 367 1419 393 per
1433 358 1510 386 Cain.
1523 359 1732 386 Generationem
1748 359 1826 386 hanc

1033 401 1143 436 vulgata
1166 402 1250 429 editio
1273 403 1325 430 etsi
1345 408 1449 430 mutato
1471 404 1581 431 nomine
1607 405 1689 431 habet
1713 411 1778 439 cap.
1798 412 1826 431 tv

1035 446 1126 475 Cenes.
1137 456 1146 474 :
1161 447 1244 474 Porro
1261 449 1311 483 ipsi
1328 449 1434 476 Henoclt
1449 455 1527 477 natus
1539 455 1576 477 est
1595 449 1674 481 lmd,
1691 449 1755 476 lrad
1774 459 1826 476 mt-

1034 497 1084 519 tem
1095 494 1184 528 genuit
1196 492 1333 526 Melwiael,
1343 493 1470 521 Mchviael
1484 496 1571 530 genuit
1584 494 1746 528 Halitus/rel,
1760 494 1825 522 Ha-

1033 539 1135 566 thusael
1156 548 1215 566 vero
1235 542 1324 576 genuit
1347 540 1474 573 Lantech;
1488 546 1513 567 At
1529 540 1642 568 Lameclt
1659 541 1747 573 duit,
1766 546 1822 568 etc.

1033 584 1209 621 Septuaginta
1232 587 1325 621 legunt
1348 587 1522 614 Μαθουσάλα.
1544 587 1724 615 Levissimam
1748 587 1824 614 hanc

1031 633 1208 668 exscriptoris
1220 633 1322 668 πλάνην
1331 632 1545 668 agnovitCatena
1556 633 1650 660 Graeca
1662 634 1689 660 in
1705 632 1802 660 Cenes.
1812 642 1822 660 :

1031 679 1111 715 Παρὰ
1129 681 1185 711 τοῖς
1214 679 1412 714 Ἐδδομήκοντα
1432 679 1594 706 Μαθουσάλα
1612 681 1712 706 κεῖται.
1733 679 1824 706 Τοῦτο

1030 725 1059 751 δὲ
1077 724 1163 760 πλάνη
1186 725 1306 760 γραφική
1326 725 1408 751 ἐστιν.
1430 724 1459 750 '0
1477 725 1532 760 γὰρ
1545 724 1712 751 Μαθουσάλα
1725 725 1758 751 ἐκ
1772 724 1823 756 τῆς

1031 770 1201 805 συνεστώσης
1223 771 1318 804 γενεᾶς
1339 771 1396 796 ἐστι.
1419 769 1465 796 τοῦ
1491 770 1554 805 Σήθ.
1582 770 1611 797 '0
1628 770 1686 806 1&9
1702 770 1757 796 ἀπὸ
1773 770 1822 796 τοῦ

1031 817 1101 843 Κὰῖν
1120 816 1284 843 Μαθουσάλα
1306 816 1438 849 καλεῖται,
1461 816 1499 848 ὡς
1515 815 1659 851 ὲξώριπαι
1678 816 1749 851 μετὰ
1766 816 1823 842 τῶν

1030 863 1140 889 λοιπῶν.

1065 907 1131 934 lbid.
1144 907 1224 934 Καὶό
1236 907 1335 942 Λάμεχ
1351 906 1585 942 ὃύο.ΤΙ]εορὴίιυε
1598 906 1634 934 ad
1645 907 1818 942 Autolycum,

1030 953 1076 980 lib.
1094 961 1113 980 tt
1133 963 1139 980 ε
1155 954 1182 979 ὐ
1197 953 1225 980 δὲ
1241 954 1336 989 Λάμεχ
1347 953 1441 980 ἐλαϐεν
1455 953 1543 989 ἑαυτῷ
1556 953 1603 980 δύο
1614 955 1758 988 γυναῖκας,
1773 951 1821 985 αἷς

1028 999 1146 1035 ὀνόματα
1168 999 1231 1026 ’Δδᾶ
1249 1000 1295 1026 καὶ
1316 999 1395 1026 Σελᾶ.
1411 1000 1524 1026 "Emere
1548 999 1620 1035 ἀρχὴ
1639 999 1749 1034 ἐγένετο
1769 1000 1821 1035 τῆς

1028 1045 1199 1080 πολυμιξίας,
1214 1045 1282 1072 ἀλλὰ
1295 1046 1343 1072 καὶ
1357 1046 1407 1081 τῆς
1428 1045 1570 1081 μουσικῆς.
1587 1045 1731 1080 Nugantur
1752 1045 1819 1072 rab'

1027 1091 1095 1123 bini,
1108 1091 1154 1126 qui
1175 1092 1271 1118 volunt
1282 1092 1359 1126 prius
1370 1092 1404 1118 ab
1415 1099 1449 1119 eo
1465 1092 1540 1118 viros
1554 1095 1679 1122 necatos,
1694 1094 1756 1126 post
1770 1091 1821 1118 ad-

1026 1137 1125 1164 ductas
1147 1145 1255 1165 uxores.
1272 1137 1379 1164 Primus
1397 1137 1509 1164 Lamech
1532 1141 1592 1164 ante
1615 1137 1744 1164 diluvium
1760 1138 1820 1166 fors

1026 1188 1050 1210 et
1065 1183 1176 1210 ultimus
1193 1183 1371 1218 polygamiam
1401 1191 1494 1215 ausus,
1510 1188 1534 1210 et
1557 1191 1638 1209 unam
1662 1191 1769 1210 Carnem
1790 1184 1820 1209 i2:

1025 1228 1093 1255 duas
1109 1236 1203 1255 uxores
1218 1227 1318 1261 diuisit,
1339 1229 1376 1255 ait
1395 1227 1505 1255 Hieron.
1532 1228 1580 1255 lib.
1597 1236 1606 1254 t
1622 1228 1722 1255 Contra
1737 1227 1818 1256 Jovi-

1025 1275 1133 1301 nianum
1147 1282 1156 1307 ;
1187 1278 1214 1301 et
1230 1273 1356 1305 Tertull.,
1373 1274 1419 1301 lib.
1445 1273 1483 1300 De
1492 1274 1594 1301 exhart.
1608 1278 1688 1306 cast.,
1703 1281 1764 1309 cap.
1778 1274 1794 1301 5
1805 1282 1815 1299 :

1025 1319 1133 1346 Primus
1151 1324 1202 1346 tres
1223 1320 1249 1346 in
1265 1327 1346 1346 unum
1361 1327 1464 1346 carnem
1475 1319 1569 1353 eﬂ'ecit.
1583 1318 1710 1346 Peccavit
1722 1319 1819 1354 itaque

1024 1365 1154 1398 Lamech,
1166 1373 1221 1393 non
1238 1365 1301 1400 quia
1312 1366 1404 1400 plures
1424 1372 1523 1393 uxores
1543 1365 1649 1396 habuit,
1675 1364 1723 1392 sed
1749 1366 1818 1400 quia

1024 1413 1116 1449 plures
1131 1420 1185 1440 uno
1197 1416 1327 1446 tempore.
1339 1411 1409 1446 Lege
1431 1411 1525 1443 Delrii,
1540 1418 1600 1446 cap.
1614 1419 1640 1437 tv
1654 1410 1730 1442 Gem,
1741 1412 1820 1446 opti-

1024 1466 1095 1486 mam
1112 1458 1378 1486 animadversionem
1403 1456 1432 1483 in
1458 1465 1578 1484 errorem
1599 1456 1760 1484 Tertulliani
1777 1457 1818 1484 De

1024 1505 1206 1540 manogamia.
1216 1504 1407 1532 Genebrardus
1416 1503 1499 1531 refert
1511 1511 1543 1530 ex
1556 1502 1817 1535 rabhinis,Lamech

1026 1551 1178 1579 venationis
1189 1551 1343 1586 exemplum
1356 1551 1473 1586 posteris
1483 1550 1638 1584 reliquisse,
1650 1557 1725 1576 arma
1736 1550 1818 1576 inve-

1024 1599 1108 1631 nisse,
1123 1602 1150 1626 et
1166 1598 1328 1631 fabricasse,
1343 1598 1444 1633 quibus
1459 1597 1548 1625 caules
1565 1597 1670 1624 ﬁerent.
1687 1595 1816 1631 Josepb.,

1024 1644 1072 1671 lib.
1091 1653 1099 1671 ι
1114 1644 1217 1680 Antiq.,
1242 1651 1301 1679 cap.
1314 1644 1341 1675 5,
1357 1643 1451 1671 scribit
1471 1643 1544 1670 hunc
1562 1650 1704 1670 sacrarum
1719 1650 1815 1669 rerum

1023 1691 1141 1725 peritum
1160 1698 1188 1718 se
1214 1691 1344 1718 luiturum
1371 1697 1466 1726 pinnas
1496 1689 1657 1724 praedixisse
1686 1689 1818 1715 fraterna:

1023 1737 1106 1764 caedis
1129 1745 1144 1763 a
1160 1736 1247 1764 Caino
1273 1736 1361 1770 factm,
1386 1736 1460 1763 haud
1484 1735 1566 1763 dubie
1588 1735 1703 1762 diluvio.
1726 1735 1816 1765 Idem,

1024 1778 1227 1810 Genebrardus.

1058 1827 1140 1861 ωτι,
1150 1828 1198 1854 lin.
1211 1827 1253 1854 l5.
1267 1827 1317 1853 Ἐκ
1325 1826 1382 1861 μὲν
1396 1825 1451 1860 τῆς
1461 1824 1562 1852 Ἀδάν.
1573 1823 1632 1851 Νοιι
1647 1823 1706 1859 ipse
1717 1828 1817 1859 pasto-

1023 1875 1093 1902 ritiw
1109 1874 1175 1901 artis
1190 1873 1332 1900 institutor
1354 1872 1397 1900 vel
1421 1875 1516 1899 auctor
1533 1881 1539 1898 :
1558 1869 1607 1898 sed
1636 1877 1703 1897 nece
1719 1869 1816 1896 Abelis

1024 1922 1244 1953 intermortuam,
1255 1924 1282 1946 et
1295 1918 1373 1953 quasi
1390 1918 1504 1953 sopitam
1519 1921 1570 1945 stto
1586 1916 1677 1944 studio
1689 1915 1817 1950 ingenio-

1023 1975 1076 2004 que
1090 1967 1221 1997 restituit,
1234 1969 1262 1993 et
1277 1966 1334 2000 ipse
1346 1972 1454 2000 gregem
1468 1965 1550 1999 pavit.
1559 1962 1815 1990 Tabernaculorum

1023 2014 1087 2041 item
1100 2020 1179 2040 usutn
1193 2011 1304 2046 adjecit.
1316 2010 1483 2046 Theophilus
1493 2009 1526 2036 ad
1538 2008 1698 2040 Autol.,lib.
1711 2015 1747 2035 tt:
1759 2007 1819 2034 Καὶ

1023 2061 1037 2087 ὁ
1057 2058 1196 2094 μὲνἊϐὴλ
1209 2059 1319 2092 ἐγένετο
1335 2056 1405 2092 ἀνὴρ
1422 2057 1450 2083 ὲν
1470 2057 1556 2091 σκηνῇ
1574 2055 1780 2090 κτηνοτρόςων.

1058 2105 1139 2137 lbid.,
1156 2105 1203 2131 lin.
1221 2104 1264 2131 16.
1280 2104 1334 2131 Καὶ
1350 2104 1403 2130 τὸν
1417 2102 1543 2130 Ἰουεάλ.
1569 2101 1695 2129 Psalterii
1721 2105 1749 2128 et
1776 2101 1816 2127 ci-

1024 2152 1106 2179 thara:
1120 2159 1199 2179 usum
1216 2151 1352 2178 invenisse
1363 2149 1472 2176 tradunt
1483 2152 1579 2184 praeter
1587 2156 1680 2175 sacras
1695 2147 1816 2174 Litteras

181 2205 211 2223 ca
225 2205 279 2225 non
294 2199 461 2226 conveniunt
474 2205 618 2232 auctores;
630 2201 656 2227 in
667 2208 698 2227 ea
712 2204 802 2227 tamen
816 2199 962 2227 euarrand:

1046 2196 1344 2232 )sephus,Theophilus
1360 2195 1471 2222 d.loco:
1488 2193 1591 2221 Ἱουϐἁλ
1606 2193 1633 2219 δέ
1646 2194 1746 2219 ἐστινὸ
1765 2201 1817 2218 κα-

183 2248 278 2272 nostcr
295 2243 456 2273 Eustathius
465 2251 576 2274 secutus
593 2250 636 2273 est
649 2246 759 2273 divinas
775 2245 971 2280 Litteras,qu:e

182 2299 236 2317 non
255 2290 308 2317 alia
324 2291 442 2323 ratione,
460 2291 513 2318 nisi
529 2299 612 2326 parva
629 2291 768 2318 nominum
786 2291 907 2318 formula:
920 2291 971 2318 im-

181 2337 332 2364 mutatione
347 2341 562 2372 prosequuntur.

218 2383 297 2415 lbid.,
317 2383 364 2410 lin.
380 2384 424 2411 l5.
442 2385 496 2411 Καὶ
515 2382 603 2416 οὗτος
619 2384 672 2410 τὸν
687 2383 797 2418 Λάμεχ.
818 2383 969 2410 Genebrar--

179 2428 233 2456 dus
248 2429 286 2455 ait
302 2436 350 2455 eos
372 2436 476 2460 errare,
505 2429 551 2464 qui
569 2429 686 2456 Lamech
706 2430 790 2455 tilium
813 2428 970 2456 Mathusalae

179 2473 319 2508 accipiunt
334 2482 341 2502 :
358 2473 493 2501 rationem
511 2477 603 2501 tamen
627 2481 712 2507 quare
736 2473 762 2500 id
780 2474 853 2500 dicat
867 2474 970 2501 nullam

180 2519 302 2547 adducit.
325 2518 424 2546 Errant
444 2527 510 2554 ergo
533 2520 643 2546 maximi
664 2520 766 2555 quique
782 2519 889 2551 Patres,
908 2528 969 2547 cum

175 2568 208 2593 iis
230 2563 579 2599 Eustathius,Theophilus
596 2564 629 2591 ad
646 2565 803 2599 Antulyeum
821 2565 866 2592 lib.
878 2573 895 2592 ιι
907 2574 913 2591 z
926 2565 970 2600 Τῷ

225 2611 310 2645 Ἑνὼχ
329 2610 461 2646 ἐγεννήθη
480 2611 537 2642 υἱὸς
557 2611 668 2646 ὀνόματι
685 2611 829 2643 Γα¹ἰδᾶς,ὃς
843 2612 970 2648 ἐγέννησε

191 2657 219 2681 διν
241 2655 406 2690 καλούμενον
419 2656 506 2691 Mei-IK,
524 2656 570 2682 καί
588 2656 664 2692 Μεὴλ
675 2657 719 2683 τὸν
736 2657 911 2688 Μαθουσάλα,
925 2659 971 2684 καὶ

194 2702 342 2729 ιχθουσάλα
364 2703 409 2728 τὸν
432 2703 536 2737 Λάμεχ.
563 2703 591 2729 '0
615 2703 643 2729 δὲ
668 2704 762 2739 Λάμεχ
786 2704 881 2730 ἔλαϐεν
897 2705 971 2739 αὑτῷ

191 2746 222 2772 ὗν)
238 2749 378 2780 γυναῖκας.
399 2749 507 2775 Erravit
524 2749 706 2784 Augustinus,
723 2751 770 2778 lib.
796 2759 829 2777 xv
849 2751 888 2777 De
907 2751 971 2778 ciui-

190 2799 230 2818 ale
249 2792 306 2824 Dei,
325 2801 385 2828 cap.
397 2794 431 2821 20
447 2803 453 2819 :
475 2794 576 2821 Horum
595 2804 683 2829 rcgttm
698 2797 799 2831 primus
815 2805 870 2824 esse
886 2798 971 2831 potuit

182 2847 235 2867 με
250 2837 316 2866 Cain
335 2847 344 2865 :
363 2840 489 2867 secundus
503 2841 574 2872 [ilius
590 2841 646 2873 eius
664 2841 764 2874 Enoeh,
783 2843 808 2869 in
828 2843 903 2875 cujus
923 2851 971 2870 no-

1023 2244 1148 2276 ταδεῐξας
1162 2243 1313 2278 ψαλτήριον
1329 2242 1376 2268 καὶ
1393 2241 1519 2276 κιθάραν.
1530 2239 1567 2267 De
1579 2239 1622 2266 his
1639 2238 1814 2267 Methodius:

1022 2291 1067 2326 Τῷ
1089 2289 1285 2326 τριακοσιοστῷ
1298 2287 1506 2324 τεσσαρακοστῷ
1516 2287 1566 2322 τῆς
1585 2287 1716 2322 δευξέρας
1732 2287 1817 2322 χιλιά-

1021 2338 1064 2368 δος
1082 2336 1136 2362 ἔτει
1150 2335 1336 2370 ἐπανέστησαν
1349 2334 1507 2369 κακότεχνοι
1524 2333 1629 2368 ἄνδρες,
1644 2333 1761 2368 πονηροὶ
1770 2332 1815 2358 καὶ

1022 2383 1185 2418 παράνομοι,
1204 2382 1316 2417 πλήρεις
1332 2380 1446 2416 ἀνομίας
1471 2381 1503 2406 ἐκ
1516 2379 1571 2406 τῶν
1584 2378 1652 2404 υἱῶν
1667 2378 1716 2404 τοῦ
1733 2379 1814 2408 Κάῐν,

1029 2428 1130 2463 Ἰοιιϐὴλ
1143 2428 1188 2454 καὶ
1205 2426 1346 2461 Θουκιδὴλ,
1362 2426 1444 2452 τέκνα
1459 2425 1504 2452 τοῦ
1524 2424 1620 2460 Λάμεχ
1642 2424 1689 2450 τοῦ
1701 2423 1814 2459 τυφλοῦ.

1023 2474 1068 2500 τοῦ
1082 2473 1290 2504 ἀποκτείναντος
1307 2472 1352 2498 τὸν
1366 2472 1446 2502 Κάῑν,
1459 2468 1495 2497 ὧν
1511 2471 1557 2498 καὶ
1570 2471 1720 2506 κυριεύσας
1733 2470 1747 2495 ὁ
1760 2470 1816 2497 διά-

1022 2520 1099 2551 ϐολος
1113 2519 1287 2555 ὲτροπώσατο
1300 2519 1397 2550 αὐτοὺς
1413 2518 1485 2545 ἅπαν
1502 2516 1572 2548 εἶδος
1587 2517 1719 2553 μουσικὸν
1733 2525 1815 2563 κει-ξα-

1024 2566 1169 2597 σκευάσας.
1191 2565 1294 2592 Ηοιίιιη
1312 2572 1391 2591 usum
1412 2563 1484 2591 sicut
1502 2567 1528 2591 et
1542 2563 1659 2590 aliorum
1689 2563 1815 2590 nationes

1022 2612 1189 2639 recentiores
1203 2611 1271 2642 suis,
1284 2611 1326 2638 vel
1341 2610 1402 2637 aliis
1414 2609 1464 2637 sibi
1477 2609 1601 2644 cognatis
1613 2609 1813 2643 ascripserunt.

1023 2657 1074 2684 Alii
1088 2657 1160 2684 enim
1175 2656 1332 2691 Amphioni,
1349 2656 1393 2682 alii
1415 2655 1533 2689 Orpheo,
1549 2655 1661 2689 quidatn
1682 2654 1815 2690 Apollini.

1023 2708 1049 2732 et
1062 2704 1108 2730 alii
1123 2703 1183 2730 aliis
1210 2703 1394 2730 inventionem
1410 2702 1482 2728 hanc
1510 2704 1651 2736 acceptam
1679 2700 1814 2728 referunt.

1023 2750 1190 2784 Theophilus
1219 2749 1338 2776 ibidem:
1355 2748 1434 2775 Ἀλλὰ
1462 2749 1514 2783 μὴν
1538 2747 1584 2774 καὶ
1609 2747 1643 2774 τὰ
1673 2747 1739 2783 περὶ
1768 2747 1815 2780 τῆς

1024 2796 1155 2832 μουσικῆς
1172 2795 1346 2831 ὲφλυάρησάν
1369 2804 1440 2826 τινες
1456 2794 1570 2830 εὑρετὴν
1595 2794 1750 2820 Ἀπόλλωνα
1772 2802 1815 2826 γε-

1023 2842 1167 2876 γενῆσθαι·
1185 2842 1258 2870 ἄλλοι
1272 2842 1299 2869 δὲ
1313 2841 1413 2875 Ὀρφέα
1428 2841 1480 2868 ἀπὸ
1491 2841 1540 2873 τῆς
1557 2841 1610 2867 τῶν
1621 2840 1737 2873 ὀρνίθων
1751 2841 1815 2873 ἠδυ-
