1897 3073
75 105 128 132 981

589 106 620 133 l'N
642 105 828 133 EUSTATHH
849 106 1085 134 HEXAEMERON
1104 106 1217 135 NOTAE.

1642 105 1695 135 982

69 162 178 196 φωνὶας
192 161 278 197 ’φασὶν
296 161 468 209 ἐξευρηκςκιι
485 164 534 198 τὴν
563 165 704 199 μουσικήν.
727 166 810 196 Κενὸς
830 165 859 191 δὲ
875 167 896 196 Α
910 165 956 191 τοῦ
971 164 1024 199 Σὴθ
1042 165 1139 191 δίκαιοι
1158 165 1310 198 γεγόνασιν,
1325 164 1385 191 ὅθεν
1399 165 1415 199 ἡ
1431 164 1525 200 Γραφὴ
1541 165 1694 200 ἑαυτῇέικο-

70 209 121 254 ita}
138 209 277 254 pituwg‘é
293 208 369 242 λόγος
380 208 468 236 αὐτῶν
482 210 628 237 δείκνυται.
643 211 719 237 Μετὰ
731 211 784 247 γὰρ
800 211 862 238 πολ-

69 248 172 290 λἕὲτῆ
188 255 233 281 τοῦ
250 255 442 290 κατακλυσμοῦ
458 254 529 282 οὗτοι
545 257 677 290 ἐγένοντο.
688 257 768 284 Plura
778 257 861 286 dehis

73 299 231 336 Polydorus
242 299 373 335 Virgilius
387 300 424 327 De
442 301 539 329 iuvent.
561 311 658 329 rerum.
672 302 803 329 Dicuntur
814 311 862 329 au—

72 350 173 374 tem-et
196 347 223 373 hi
240 354 320 374 suum
337 348 456 374 musices
473 348 613 375 inventum
634 349 861 383 quemadmodum

71 397 101 419 et
120 393 169 420 ﬁlii
186 392 260 420 Sethi
272 401 314 426 ea,
329 401 389 428 qua:
405 393 439 421 de
454 394 573 422 siderum
595 396 714 422 motibus
741 399 768 423 et
779 396 862 423 disci-

71 440 151 474 plina
170 443 338 474 repererunt,
352 439 380 466 in
398 439 534 468 columnis
550 442 674 469 cmlasse.

109 484 170 512 Col.
180 484 243 516 759.,
254 484 302 511 liti.
315 484 358 511 17.
368 485 419 512 Ἐκ
433 484 642 520 δὲτῆςΣελάμ.
653 486 803 521 Sculpturaa
813 486 862 514 fuit

71 535 183 562 auctor,
201 529 324 558 fabrilem
340 527 426 558 artein
443 531 557 564 invenit,
569 533 677 560 metalla
689 532 792 564 effodit.
813 540 860 560 eo-

71 584 138 603 rum
160 584 240 604 usum
263 577 380 612 aperuit.
400 577 567 612 Theophilus
593 578 693 606 ibidem
711 588 717 606 :
733 579 817 606 Θόὸελ
833 579 862 605 δὲ

72 622 186 656 ἐγένετο
211 623 390 658 σφυροκόπος,
412 624 527 658 χαλκεὺς
554 623 653 659 χαλκοῦ
676 625 722 652 καὶ
741 625 860 662 σιδήρου.

72 667 166 702 Hujus
189 669 257 696 artis
284 669 356 696 nacti
381 670 551 698 occasionem
575 671 709 704 homines,
728 676 757 699 ut
783 671 862 700 Philo

71 719 101 741 ct
121 714 257 750 Josephus
272 715 454 748 tradiderunt,
474 717 562 751 primo
578 718 743 752 sculptilium
758 724 784 746 et
804 719 862 746 ido-

72 763 167 789 lorum
185 761 348 797 imaginibus
363 762 511 790 adorandis
526 771 555 790 se
575 764 718 791 dederunt.
737 765 861 793 Secundo

74 808 194 840 ferrum,
211 811 237 834 et
247 816 283 836 ms
301 807 367 835 rude
383 808 410 834 in
423 808 485 835 belli
500 808 678 836 instrumenta
699 811 860 843 exacuendi,

911 210 1042 237 λουθοῦσσ.
1056 210 1124 245 μετὰ
1134 209 1220 237 ταῦτά
1233 219 1322 245 φησιν’
1341 220 1349 235 ί
1366 209 1440 236 Εξδον
1455 211 1479 236 οἱ
1498 210 1551 236 υἱοὶ
1562 210 1608 236 τοῦ
1627 210 1694 236 Θεῡῦ

910 256 959 288 τὰς
975 256 1126 291 Θυγατέρας
1140 256 1193 283 τῶν
1209 255 1366 290 ἀνθρώπων,
1378 266 1386 282 ι
1407 256 1542 282 τουτέστιν
1554 256 1693 286 ρὶρίκαιοι.

912 303 949 328 Οὺ
968 303 1021 338 γὰρ
1034 300 1068 337 ἦν
1080 301 1204 338 ἐπιμιξία
1218 301 1271 328 τῶν
1289 302 1353 328 υἱῶν
1368 302 1421 337 Σὴθ
1436 302 1502 338 πρὸς
1519 302 1633 336 τὰςρπὸ
1648 301 1694 328 τοῦ

911 348 991 376 Κὰῐν.

947 393 1026 426 lbid.,
1042 393 1089 420 lin.
1104 393 1150 420 27.
1167 393 1221 420 Τοῦ
1238 393 1272 419 δὲ
1285 392 1379 427 Ἰάρεδ
1401 393 1474 426 υἱός.
1490 393 1620 426 Zonaras,
1640 394 1695 420 An-

912 439 967 466 nal.
985 444 1050 466 tom.
1067 438 1076 465 l
1093 439 1285 474 εΕὺηρέστ-ησε
1305 439 1333 465 δὲ
1354 438 1439 474 Ἑνὼχ
1459 438 1497 473 τῷ
1517 439 1620 474 Κυρίῳ,
1648 439 1694 464 καὶ

914 485 1054 522 μετετέθη,
1073 485 1118 512 καὶ
1135 485 1184 520 οὐχ
1204 485 1344 521 εὑρίσκετο
1358 485 1424 511 ἐτῶν
1446 484 1562 518 γεγονὼς
1586 493 1695 519 τριακο-

913 531 978 557 σίων
993 531 1122 566 ἐξήκοντα
1135 529 1182 556 ml.
1197 529 1288 556 πέντε.
1302 528 1424 556 Primum
1447 529 1491 555 hic
1504 529 1696 556 advertendum

913 576 1106 611 Hieronymum
1126 575 1208 602 veluti
1227 575 1357 602 memoria
1384 575 1489 609 lapsum
1513 575 1600 601 notari
1615 582 1630 601 a
1646 573 1698 602 Pe-

912 623 985 650 rerio
1004 623 1030 649 in
1045 621 1147 653 Genes.,
1167 622 1214 648 lib.
1231 629 1269 649 vn
1283 621 1320 656 (id
1342 621 1424 656 quod,
1451 625 1479 647 ut
1502 620 1559 655 ipse
1579 620 1626 652 ait,
1640 627 1698 647 ma-

912 670 973 705 gnis
986 669 1063 701 viris,
1078 668 1122 695 vel
1144 668 1228 695 nimia
1251 667 1390 694 memoriae
1406 667 1514 698 ﬁducia,
1532 667 1572 694 vel
1593 667 1645 693 alia
1670 667 1698 693 in

913 723 942 743 re
972 716 1062 743 studio
1086 722 1207 749 curaque
1229 714 1402 742 vehementer
1421 714 1532 741 intentis
1559 721 1613 740 non
1635 720 1697 740 raro

912 761 1066 798 contingit);
1076 761 1099 788 si
1113 760 1220 797 quidem
1235 760 1307 795 quod
1322 760 1373 787 hoc
1389 761 1449 787 loco
1464 759 1602 794 Scriptura
1617 759 1699 786 tradit

914 807 947 835 de
962 807 1067 840 Enoch,
1081 807 1127 841 qui
1140 805 1271 841 septimus
1291 805 1341 832 fuit
1359 805 1392 833 ab
1410 805 1524 836 Adamo,
1541 805 1599 840 ipse
1619 805 1697 831 attri-

73 858 103 880 et
122 853 313 881 conformandi
336 858 462 882 auctores
481 854 576 887 fuere;
590 861 736 890 utrumque
759 842 864 884 natura:
880 842 900 869 Β
915 853 974 880 buit
988 852 1061 880 Enos
1086 853 1141 879 filio
1157 852 1233 885 Seth,
1250 851 1344 878 Adami
1359 851 1461 886 nepoti.
1483 850 1527 878 Sic
1542 851 1613 878 enim
1630 850 1699 877 scri-

73 900 204 926 humanze
216 899 488 934 perniciosissimum.

112 944 194 976 Ibid,
212 945 260 972 lin.
276 945 320 972 19.
345 945 375 971 '0
392 945 427 971 δὲ
446 945 538 980 Ἀδὰμ
552 945 655 980 ζήσας.
668 946 758 974 Editio
771 947 864 975 Graeca

74 988 260 1025 Septuaginta
280 990 462 1025 Interpretum
483 991 511 1018 in
537 993 730 1020 enumerandis
754 993 866 1020 humani

72 1036 187 1069 generis
203 1039 345 1063 auctorum
370 1035 450 1064 annis
469 1044 531 1064 cum
555 1036 689 1064 Hebraica
709 1037 865 1066 Judzeorum

72 1088 131 1107 non
145 1079 288 1115 conv'enit;
300 1089 393 1109 eorum
401 1082 581 1110 differentiam
597 1083 687 1118 plures
700 1087 866 1113 tractarunt.

75 1126 147 1155 Vide
174 1128 247 1163 apud
267 1128 374 1155 Sixtum
401 1128 561 1161 Senensem,
579 1129 718 1157 Pereriunt
743 1135 770 1157 et
786 1131 864 1159 alios.

75 1172 167 1199 (ἐπ’εεί
184 1176 293 1200 centum
319 1180 406 1201 annos
424 1174 485 1209 plus
501 1174 625 1201 tribuunt
640 1183 721 1209 quam
749 1175 865 1208 Hebraei,

75 1223 179 1253 praeter
193 1218 320 1247 Lamechi
336 1227 433 1252 annos,
452 1221 499 1247 ubi
524 1228 569 1247 sex
587 1221 665 1247 annis
694 1225 798 1248 tantum
825 1222 866 1248 di-

75 1269 170 1297 stant,
185 1270 210 1293 et
226 1265 334 1299 Noethi,
347 1266 374 1293 in
394 1267 495 1301 quibus
511 1267 730 1302 quingentesimo
745 1273 771 1295 et
788 1277 866 1295 sexa-

75 1312 189 1346 gesimo
216 1312 326 1340 omnino
346 1312 524 1340 conveniunt.
551 1312 587 1340 De
608 1314 746 1349 sepultura
769 1315 865 1343 Adami

73 1363 212 1386 constans
236 1363 278 1386 est
294 1358 467 1386 Hebraeorum
492 1360 615 1391 traditio,
632 1361 766 1388 Adamum
792 1370 865 1389 mor-

74 1409 159 1431 tuum
181 1408 209 1432 et
232 1405 366 1439 sepultum
389 1406 419 1432 in
448 1409 520 1432 terra
555 1405 635 1434 Israel
666 1415 749 1442 prope
771 1415 864 1443 agrum

75 1451 291 1482 Damascenum,
306 1451 344 1478 ibi
369 1451 443 1478 enim
473 1451 561 1478 fuerat
591 1457 759 1488 procreatus,
777 1454 814 1481 ibi
839 1459 866 1481 et

914 899 963 926 bit.
977 899 1024 927 lib.
1042 908 1049 926 ι
1071 899 1201 926 Adversus
1224 898 1396 925 Iovinianum
1412 906 1421 925 :
1442 896 1503 924 Non
1525 906 1583 924 reor
1600 897 1699 924 idcirco

915 946 1075 972 translatum
1090 945 1189 976 Enoeh,
1206 943 1274 980 quod
1289 952 1398 971 uxorem
1411 944 1543 976 habuerit,
1562 943 1606 970 sed
1629 942 1699 978 quod

915 990 1185 1025 primusiiwocaverit
1213 989 1306 1021 Deum,
1327 994 1352 1016 et
1367 983 1506 1016 crediderit
1530 989 1557 1015 in
1575 987 1699 1015 Salvato-

915 1045 980 1063 rem.
995 1035 1030 1063 At
1047 1036 1164 1071 primum
1177 1035 1307 1067 omnium,
1320 1035 1365 1070 qui
1380 1042 1478 1062 nomen
1495 1033 1601 1061 Domini
1615 1034 1700 1069 coepit

916 1083 1044 1110 invocare
1054 1090 1109 1110 non
1123 1082 1226 1114 Enoeh,
1241 1081 1287 1109 sed
1302 1081 1375 1109 Enos
1390 1080 1473 1108 fuisse
1483 1088 1543 1116 cap.
1559 1088 1595 1112 tv,
1606 1080 1700 1108 Cenes.

919 1128 1002 1155 tradit
1021 1127 1138 1163 Moyses.
1166 1126 1320 1154 Secundum
1340 1133 1347 1151 :
1370 1125 1519 1160 Procopius
1547 1123 1651 1152 Gazeus
1666 1133 1699 1152 ex

917 1174 1005 1201 verbis
1015 1173 1157 1208 Scriptura:
1170 1177 1245 1208 putat
1258 1172 1348 1199 Enoch
1360 1176 1423 1199 ante
1438 1171 1522 1198 fuisse
1536 1169 1704 1207 improbum,

916 1225 939 1247 cl
954 1219 1126 1254 ﬂagitiosum,
1143 1218 1190 1247 sed
1201 1209 1303 1253 postea
1319 1216 1400 1252 digna
1416 1220 1442 1243 et
1455 1215 1574 1251 perfecta
1586 1222 1699 1242 suorum

917 1266 1049 1292 scelerum
1065 1264 1226 1300 poenitentia
1239 1270 1293 1289 non
1310 1266 1414 1288 tantum
1428 1260 1589 1288 emendasse
1604 1260 1698 1289 vitam,

917 1311 962 1339 sed
979 1310 1045 1337 adeo
1071 1309 1125 1337 Deo
1150 1308 1296 1344 placuisse,
1313 1312 1343 1334 ut
1369 1310 1519 1334 mereretur
1541 1305 1636 1332 mortis
1653 1312 1700 1331 ex-

917 1365 979 1392 pers
1005 1357 1032 1382 in
1057 1355 1162 1383 felicem
1184 1355 1245 1382 vita:
1273 1358 1374 1383 statum
1398 1351 1550 1380 transferri.
1577 1350 1699 1378 Tertium

917 1403 1084 1429 Abenezram
1105 1408 1166 1427 cum
1206 1399 1266 1427 aliis
1282 1396 1702 1426 contendisse:Enochummor-

919 1453 995 1476 tuum
1012 1455 1083 1480 esse,
1098 1451 1125 1475 et
1142 1447 1178 1474 ita
1198 1446 1348 1481 Scriptura:
1368 1446 1458 1472 locum
1485 1441 1699 1478 intelligendum,

77 1500 169 1524 vitam
187 1497 316 1526 traduxit.
333 1497 387 1524 Alii
404 1505 437 1525 ex
452 1497 543 1526 Josua:
560 1507 585 1525 IV
599 1499 674 1526 aiunt
692 1500 766 1526 illum
779 1501 869 1536 ερρυι-
883 1508 904 1536 c
922 1494 1013 1522 multis
1029 1493 1197 1524 rationibus,
1207 1492 1253 1520 sed
1265 1497 1367 1519 temere
1376 1495 1491 1518 conatur
1501 1490 1699 1517 demonstrare.

76 1547 139 1569 tum
158 1542 185 1569 in
202 1541 302 1570 Ebron.
326 1542 487 1570 Nostrorum
505 1548 594 1570 tamen
610 1545 743 1572 sententia
763 1551 815 1578 est,
840 1547 867 1574 in

76 1592 177 1616 monte
198 1587 321 1624 Golgola,
350 1589 377 1615 in
403 1596 457 1623 quo
482 1588 612 1617 Dominus
641 1591 789 1620 crucifixus
807 1593 866 1620 fuit.

76 1633 214 1668 Origenes
236 1637 317 1661 tract.
331 1633 366 1660 55
381 1634 408 1660 in
427 1633 559 1666 Marcum,
587 1634 755 1670 Epiphanius
773 1638 799 1664 in
817 1638 870 1666 fine

79 1679 209 1710 Pnncrii,
224 1679 390 1707 Athanasius
406 1680 444 1706 De
459 1681 581 1714 passione
593 1680 710 1715 Domini,
726 1682 868 1720 Thcophy-

80 1726 175 1753 lactus
197 1726 224 1752 in
240 1725 326 1752 Matii.
345 1733 431 1757 xxvii,
445 1725 607 1761 Euthymius
622 1727 698 1760 ibid.,
715 1728 868 1764 Cyprianus

77 1779 209 1800 sermone
225 1772 262 1800 De
276 1773 474 1805 resurrectione,
498 1772 660 1800 Ambrosius
677 1773 724 1800 lib.
744 1783 770 1807 v,
786 1775 866 1810 epist.

78 1819 129 1850 19,
137 1822 165 1846 et
180 1819 254 1846 alibi.

117 1863 200 1896 nam,
214 1865 261 1892 lin.
279 1865 324 1893 21.
339 1864 432 1898 Ἐνὼς
444 1865 478 1891 δὲ
491 1866 557 1898 υἱὸς
567 1865 630 1892 τοῦ.
646 1856 769 1894 Ρειετηεέ
781 1867 868 1902 pieta-

79 1911 118 1937 tis
144 1910 256 1945 vestigia
273 1911 455 1946 amplexatus,
478 1911 600 1946 proniori
628 1913 717 1939 animo
740 1912 822 1940 Deum
840 1913 868 1940 in

77 1964 164 1990 quem
175 1964 223 1984 sua
239 1957 330 1984 omnia
347 1958 617 1993 referebat,publice,
629 1966 679 1985 nec
693 1959 867 1986 tenebrarum

80 2001 235 2030 involucris
259 2002 393 2035 adoravit,
418 2003 518 2030 avitam
547 2004 705 2039 religionem
734 2005 865 2031 retinens.

79 2047 178 2075 Latius
193 2047 251 2075 haec
265 2049 439 2083 prosequitur
452 2048 584 2077 Vatahlus
597 2050 780 2081 comment.in
795 2050 868 2077 hunc

79 2094 186 2120 locum.
198 2093 267 2121 Ante
284 2093 367 2124 Enos,
381 2094 476 2126 Adam,
489 2094 566 2127 Abel,
584 2094 648 2122 Seth
674 2099 700 2121 et
722 2094 805 2122 Deum
822 2103 868 2122 co-

83 2140 176 2171 luere,
187 2144 210 2167 el
227 2140 372 2168 sacrificiis
386 2140 485 2168 oblatis
499 2141 646 2176 propitiqu
658 2140 710 2168 sibi
723 2141 866 2169 reddidere

921 1540 993 1568 lllera
1010 1539 1134 1575 prodigia
1147 1544 1221 1572 sunt,
1236 1541 1265 1565 et
1278 1537 1364 1564 aniles
1381 1536 1490 1568 fabulae,
1507 1543 1566 1570 quae
1581 1534 1701 1562 haeretici

920 1587 954 1614 de
970 1590 1057 1613 morte
1073 1585 1179 1613 Enochi
1195 1584 1376 1611 tradiderunt.
1400 1582 1540 1609 Enochum
1564 1588 1618 1607 non
1640 1587 1701 1607 esse

919 1637 1057 1660 mortuum
1082 1631 1254 1667 separatione
1277 1630 1374 1656 anima:
1394 1636 1409 1655 a
1432 1635 1545 1663 corpore
1564 1627 1680 1654 violenta
1693 1646 1700 1657 ,

921 1680 968 1708 sed
980 1680 1034 1706 alio
1049 1687 1120 1706 novo
1138 1678 1228 1710 modo,
1242 1684 1338 1712 nempe
1354 1682 1435 1704 exuta
1448 1680 1551 1703 tantum
1566 1675 1702 1709 corrupti-

919 1727 967 1753 bili
989 1729 1097 1758 natura,
1114 1729 1142 1752 et
1161 1724 1314 1752 absolutum
1339 1730 1353 1749 a
1375 1720 1493 1749 miseriis
1510 1721 1590 1755 hujus
1609 1721 1701 1748 saaculi

919 1772 1026 1808 placida
1041 1771 1207 1806 quadamex
1222 1770 1273 1796 hoe
1295 1769 1396 1796 mundo
1412 1768 1584 1803 migratione.
1602 1767 1634 1794 Et
1658 1767 1702 1794 ad-

920 1818 997 1849 dunt,
1023 1824 1052 1844 se
1073 1816 1148 1851 loqui
1169 1817 1202 1843 de
1224 1815 1281 1847 tali,
1296 1814 1384 1849 qualis
1409 1813 1505 1840 fuisset
1524 1812 1656 1840 transitus
1674 1813 1702 1839 in

919 1867 989 1891 statu
1017 1862 1189 1894 innocentiae,
1207 1867 1234 1902 et
1256 1861 1345 1896 qualis
1371 1860 1479 1902 futurus
1501 1867 1607 1891 eorttm,
1632 1865 1702 1893 quo:

918 1910 977 1937 dies
994 1909 1107 1936 ultimus
1123 1899 1287 1943 superstites
1306 1899 1440 1939 inveniet;
1457 1911 1539 1941 atque
1552 1907 1588 1933 ita
1605 1905 1630 1932 in
1649 1912 1705 1932 um

918 1956 1013 1983 lestem
1031 1955 1145 1990 patriam
1170 1954 1262 1981 Enoch
1282 1953 1443 1981 translatum
1462 1952 1556 1983 fuisse.
1569 1960 1622 1978 non
1638 1952 1701 1986 qui-

918 2001 979 2029 dem
991 2001 1111 2028 futurum
1121 1999 1176 2027 illic
1186 1999 1345 2034 participem
1362 1999 1455 2034 gloria:
1469 1998 1600 2028 cmlestis,
1618 2005 1647 2024 se
1655 1997 1703 2023 ab-'

919 2048 1038 2076 solutum
1055 2048 1187 2074 duntaxat
1202 2054 1217 2073 a
1235 2046 1353 2073 miseriis
1362 2045 1465 2076 saeculi.
1480 2045 1566 2072 donec
1577 2044 1702 2072 Christus

919 2095 945 2121 in
956 2094 1054 2121 ccelum
1063 2092 1232 2120 ascenderet.
1243 2091 1374 2118 Martinus
1382 2092 1445 2118 item
1463 2090 1620 2120 Borrhaius,
1630 2090 1703 2123 ejus-
1735 2084 1739 2090 ’

918 2141 979 2167 dem
998 2139 1090 2166 farinm
1109 2138 1199 2165 homo.
1215 2137 1314 2165 fatetur
1334 2136 1473 2163 Enochum
1486 2143 1549 2163 vero
1566 2139 1701 2161 mortuum

81 2184 156 2218 Quin
171 2184 290 2220 Cyrillus
305 2186 353 2213 lib.
370 2193 378 2212 l
395 2185 494 2213 Contra
508 2185 656 2218 lulianum,
687 2187 791 2217 scribit,
818 2188 868 2214 ho-
883 2190 905 2217 Ι)
920 2185 1008 2221 quoad
1037 2192 1137 2219 corpus
1164 2192 1240 2211 more
1266 2188 1436 2214 czeterorum,
1452 2183 1499 2210 sed
1523 2181 1630 2217 sepulto
1643 2188 1704 2207 cor-

82 2231 174 2258 mines
192 2230 333 2263 ahAdam,
353 2239 440 2266 usque
455 2231 488 2258 ad
509 2231 570 2258 Seni
592 2231 677 2258 filium
694 2231 761 2264 Noe,
782 2232 866 2259 Deum

81 2277 254 2305 conditorem
278 2278 408 2309 coluisse,
425 2285 475 2304 nec
502 2277 584 2304 ullum
612 2278 774 2312 reprehendi
795 2279 867 2313 quod

82 2327 148 2349 ante
163 2322 294 2350 diluvium
311 2323 363 2350 diis
387 2324 494 2356 alienis,
518 2323 559 2350 vel
579 2323 746 2350 daemonibus
760 2324 867 2351 deditus

80 2368 223 2396 obtulerit.
242 2367 280 2396 De
297 2369 454 2396 solemniori
480 2372 570 2396 autem
587 2370 661 2396 cultu
683 2369 771 2396 locum
794 2369 868 2396 hunc

81 2416 273 2451 intelligimus.
284 2415 316 2442 Et
326 2423 388 2443 eum
400 2417 490 2443 caeteri
503 2416 601 2444 artium
616 2416 778 2448 inventione,
786 2416 867 2443 rebus

81 2463 161 2491 hisce
178 2463 295 2490 terrenis
320 2463 524 2495 incumbentes,
545 2463 650 2490 lucrum
677 2466 703 2490 et
726 2462 868 2490 commoda

81 2512 281 2544 praepararent,
294 2508 366 2535 Enos
381 2508 438 2543 ipse
455 2508 553 2542 spretis
569 2507 706 2539 omnibus,
721 2507 803 2534 Deum
816 2507 868 2534 sibi

82 2557 174 2583 solum
191 2563 247 2590 prae
260 2555 366 2583 cateris
391 2555 567 2590 praepositum
590 2555 722 2585 adoravit,
738 2555 795 2581 suis
814 2554 869 2581 for-

82 2602 160 2629 tunis
175 2602 203 2628 in
218 2608 252 2628 eo
272 2601 422 2628 collocatis.
446 2601 484 2627 llli
501 2609 545 2628 res
557 2600 591 2627 ad
607 2601 677 2627 hanc
692 2601 774 2627 vitam
792 2601 871 2628 utiles

83 2647 292 2682 excogitabant,
314 2647 342 2674 hi
357 2647 391 2673 ad
408 2646 539 2672 futuram.
554 2646 643 2678 Quare
657 2646 684 2672 hi
696 2646 744 2672 Dei
755 2646 815 2679 ﬁlii,
833 2646 868 2672 illi

83 2694 137 2730 ﬁlii
154 2693 301 2720 hominum.
317 2691 620 2720 Eusebius‘Emissenus
635 2692 773 2719 Calenain
787 2691 870 2719 Gem:

89 2741 135 2766 Ἑν
155 2739 196 2775 τῷ
213 2739 347 2774 Ἑϐραῖκῴ
366 2740 414 2774 οὐχ
428 2738 498 2765 οὕτω
511 2737 595 2771 λέγει,
612 2737 668 2764 ἀλλ’
685 2737 787 2769 οὕτως·
808 2738 872 2764 "lil-

85 2796 166 2814 πισεν
198 2785 385 2815 ἐπικαλεῖσθαι
406 2785 446 2820 τῷ
471 2785 581 2820 ὀνόματι
603 2785 702 2819 Κυρίου
725 2783 772 2810 τοῦ
793 2784 869 2810 Θεοῦ·

81 2833 225 2860 τουτέστιν
241 2831 305 2864 Υἱὸς
323 2831 389 2858 Θεοῦ
403 2831 529 2865 λέγεσθαι
549 2831 595 2857 καὶ
612 2830 687 2862 Θεός.
703 2831 733 2856 Ut
752 2830 805 2865 γὰρ
820 2830 872 2856 ἀπὸ

919 2240 984 2267 pore
1009 2230 1098 2266 quoad
1133 2230 1250 2257 animam
1285 2233 1395 2264 propter
1427 2229 1489 2257 liilci
1517 2227 1706 2263 praestantiam

920 2277 1082 2305 translatum
1110 2276 1136 2303 in
1153 2276 1264 2307 cmllnn,
1288 2279 1315 2302 et
1337 2275 1466 2302 ideodici
1488 2282 1544 2301 non,
1556 2276 1701 2299 mortuum.

919 2321 1117 2356 Antiquissima
1133 2324 1223 2347 tatnen
1247 2320 1375 2347 Ecclesiae
1390 2319 1510 2348 traditio.
1528 2322 1554 2344 et
1570 2317 1702 2344 Christia-

919 2376 1017 2396 norum
1029 2368 1150 2395 omnium
1163 2366 1317 2401 persuasio,
1329 2369 1355 2392 ct
1371 2372 1486 2392 concors
1503 2363 1611 2390 Patrum
1626 2363 1703 2390 theo-

921 2415 1042 2450 logorum
1067 2413 1219 2442 sententia.
1250 2412 1416 2438 contrarium
1441 2410 1532 2446 sentit.
1558 2409 1632 2435 lllatu
1658 2416 1706 2435 cx-

921 2469 1014 2496 presse
1042 2459 1153 2486 tradunt
1169 2459 1295 2486 Clemens
1319 2456 1455 2484 Romanus
1476 2456 1520 2482 lib.
1546 2463 1562 2482 v
1590 2454 1703 2481 Constil.

921 2511 1005 2541 «post,
1018 2526 1024 2538 ,
1041 2514 1101 2541 cap.
1120 2506 1153 2539 6',
1180 2505 1307 2535 lrenaeus,
1323 2504 1370 2531 lib.
1386 2512 1423 2535 Iv,
1444 2510 1503 2537 cap.
1519 2502 1570 2534 30;
1597 2500 1706 2527 Tertul-

922 2553 1021 2585 lianus,
1037 2551 1083 2577 lib.
1102 2550 1139 2576 De
1165 2558 1263 2576 resurr.
1281 2558 1366 2580 carm,
1382 2556 1442 2583 cap.
1466 2547 1517 2579 58;
1540 2547 1705 2582 Cyprianus,

922 2600 969 2626 lib.
988 2598 1025 2624 De
1041 2597 1105 2625 Sion
1118 2601 1142 2624 et
1156 2596 1238 2628 Sina;
1266 2595 1432 2631 Epiphanius
1446 2594 1472 2620 in
1487 2594 1640 2624 Ancarata';
1655 2591 1708 2618 Ne~

922 2643 1035 2674 n:esius,
1053 2643 1102 2671 lib.
1118 2642 1154 2668 De
1172 2647 1225 2668 nat.
1253 2641 1363 2671 homin.,
1381 2648 1440 2675 cap.
1456 2640 1491 2672 4;
1514 2638 1706 2673 Hieronymus,

923 2689 969 2715 lib.
983 2696 1013 2715 Ill
1026 2687 1126 2715 Contra
1142 2687 1244 2722 Pelag;
1269 2686 1448 2722 Augustinus,
1463 2685 1509 2712 lib.
1523 2692 1556 2711 xv
1577 2683 1615 2710 De
1635 2683 1706 2710 civit.

923 2735 982 2767 Dei,
998 2742 1058 2769 cap.
1074 2733 1125 2764 29;
1145 2734 1369 2769 Chrysostomus,
1390 2732 1465 2759 hom.
1480 2732 1511 2758 51
1527 2732 1553 2758 in
1569 2730 1661 2758 Cenes.
1681 2734 1707 2756 et

925 2782 951 2808 in
967 2789 1026 2816 cap.
1051 2789 1077 2807 χι
1097 2781 1131 2806 ad
1155 2779 1298 2811 Hebraeos;
1318 2778 1479 2815 Ephremius
1493 2777 1708 2812 Thcopolitanus

927 2827 1079 2864 patriarcha
1099 2828 1168 2863 apud
1185 2826 1310 2855 Photium
1326 2827 1352 2854 in
1364 2825 1485 2858 Bibliat..
1498 2826 1558 2852 eod.
1575 2824 1637 2853 “2'28.
1655 2823 1709 2851 ‘Ncc
