1897 3073
179 94 183 97 ’
215 113 268 142 967

886 110 1008 140 LEONIS
1027 110 1167 140 ALLATll

1790 112 1840 139 968

216 173 306 204 etiam,
319 171 386 206 proh
401 170 495 198 nefas!
509 178 543 199 ex
558 171 645 198 sacris
659 170 819 206 Scripturis,
835 171 909 206 quod
920 179 1000 206 quam

1055 179 1101 206 ρος
1109 171 1137 197 ὲν
1145 170 1234 205 εὒδινῇ
1243 170 1406 197 καταστάσει
1414 170 1622 206 φυλαττομένου.
1635 167 1746 205 Ἃμέλει
1753 169 1804 195 οὐκ
1810 170 1839 196 ἂν

217 218 302 252 pium,
314 225 396 253 quam
407 221 506 250 tutum,
517 225 598 252 quam
609 216 795 244 Christianum
808 217 854 244 alii
867 217 1002 252 judicent.

218 262 314 290 Melius
335 267 379 290 est
401 263 539 290 inscitiam
564 263 642 290 fateri
667 270 756 295 suam,
782 270 863 297 quam
890 263 935 290 ubi
961 270 1004 289 res

218 308 291 342 ipsas
319 315 373 335 non
396 308 516 340 noveris,
542 307 664 335 scientia:
683 307 877 343 sapientiaque
907 308 1003 334 obtutu

218 353 325 380 inficias
357 353 397 380 ire
414 363 421 380 :
438 358 465 380 et
481 361 541 388 qua:
556 351 674 387 Spiritus
689 357 801 380 sanctus
821 353 879 387 ipse
892 352 1005 379 dictavit

217 398 339 433 negando
352 399 380 425 in
397 406 506 426 sensum
523 398 606 424 alium
621 397 793 432 detorquere.

252 443 333 476 lbid.,
349 444 396 470 lin.
413 444 457 470 30.
480 443 507 470 '0
524 443 557 470 δὲ
570 443 727 477 κάνθαρος.
743 443 782 470 Ita
801 443 883 470 etiam
901 442 1003 476 Ποῖ-υς,

217 488 266 516 lib.
299 497 319 520 ι,
346 497 407 524 cap.
433 489 483 521 10,
508 488 568 524 βοὸς
598 488 748 524 ἅφόόευμα.
784 488 883 516 Suidas
914 494 1003 517 tamen

217 534 289 562 δνου.
303 535 410 562 Plinius
427 542 460 562 ex
477 534 601 570 Virgilio,
623 534 749 570 Virgilius
760 535 933 569 juvencorum
949 544 1005 562 cor-

217 588 279 613 pore
295 580 459 612 exanimato,
478 580 546 607 sicut
556 588 680 615 equorum
692 587 793 614 vespas,
809 585 886 614 atque
900 581 1005 609 crabro-

218 635 273 658 nes,
288 627 356 653 sicut
379 627 514 653 asinorum
535 625 683 653 scarabaaos
703 630 820 652 mutante
839 632 949 658 natura,
972 635 1005 654 ea:

218 672 280 698 aliis
296 671 417 706 quwdam
435 672 462 698 in
474 672 540 699 alia.
563 671 628 698 Vide
647 671 828 706 Epiphaniam
842 671 870 698 in
884 673 1002 700 Ancirot.

217 718 343 746 Clemens
354 718 416 745 item
440 717 537 753 Hypot.
552 726 590 749 vr,
612 718 735 745 homines
754 718 936 752 voluptatibus
958 719 1006 746 im-

218 764 331 798 pensius
350 763 465 796 deditos,
482 767 510 791 et
534 763 687 796 immersos,
706 771 738 791 ac
759 764 851 791 ebrios
875 767 1004 800 tanquam

217 807 364 834 cantharus
378 808 406 834 in
420 812 540 834 stercore
555 808 673 835 volutari
686 808 792 836 scribit.

254 854 320 881 Ibid.
334 853 637 889 Κυκλοτερὲςσχῆμα.
653 854 753 885 Horus,
769 855 817 881 lib.
834 862 852 886 ι,
873 863 933 890 cap.
949 855 981 883 l0
996 865 1003 883 :
1020 844 1041 871 Β

217 899 334 926 Πλάσσει
351 899 519 934 σφαιροειδὲς
535 900 726 935 παραπλήσιον
736 899 773 935 τῷ
788 900 883 936 κόσμῳ
900 901 1003 936 σχῆμα,

216 945 230 971 ὃ
245 946 277 971 ὲκ
291 945 344 971 τῶν
360 945 490 972 ὀπισθίων
513 945 604 980 μερῶν
616 945 729 977 κυλίσας
743 946 797 973 ἀπὸ
819 946 951 983 ἀνατολῆς
965 949 1005 978 είς

216 991 291 1017 δύσιν
307 991 386 1022 αὐτὸς
399 991 467 1026 πρὸς
483 991 613 1026 ἀνατολὴν
629 991 731 1026 βλέπει,
745 992 789 1018 ῖνα
805 993 898 1028 ἀποδῷ
915 993 946 1019 τὸ
958 994 1004 1021 τοῦ

215 1037 318 1071 κόσμου
343 1037 445 1072 σχῆμα.
463 1036 597 1072 Georgius
616 1036 733 1069 Pisides,
756 1037 794 1064 De
815 1038 909 1065 mundi
928 1040 1005 1073 api/i-

215 1083 274 1114 cio;
292 1081 434 1115 Elianus,
450 1083 497 1111 lib.
522 1091 549 1115 ι,
571 1091 632 1118 cap.
650 1084 705 1111 15:
727 1083 756 1110 '0
774 1084 909 1120 κάνθαρος
920 1085 1004 1121 ἇθηλυ

215 1128 284 1159 ζῶόν
300 1130 367 1156 ἐστι.
382 1129 491 1165 Σπείρει
501 1129 528 1155 δὲ
542 1130 581 1161 είς
591 1129 640 1164 τὴν
650 1131 765 1165 σφαῖραν
777 1131 809 1166 ἢν
818 1131 902 1157 κυλίει
911 1140 917 1146 ·
932 1131 1004 1158 ὀκτὼ

215 1173 243 1200 δὲ
275 1174 322 1200 καὶ
347 1175 433 1201 εἴκοσι
450 1174 561 1210 ἡμερῶν
591 1174 669 1201 τοῦτο
693 1175 806 1210 δράσας.
835 1177 882 1202 καὶ
901 1176 1004 1211 θάλψας

215 1220 311 1256 αὐτὴν,
319 1218 377 1246 εἶτα
388 1221 478 1255 μέντοι
488 1222 520 1256 τῇ
533 1221 578 1246 ἐπὶ
590 1220 702 1252 ταύταις
710 1221 823 1256 προάγει
831 1221 876 1249 τὸν
886 1223 1002 1250 νεοττόν.

249 1265 329 1298 lbitl.,
343 1266 392 1293 lin.
408 1265 453 1293 51.
478 1265 555 1292 Φασὶ
568 1265 602 1291 δὲ
617 1266 720 1293 αὐτόν.
739 1265 819 1294 Forte
838 1266 872 1294 ad
895 1267 945 1294 hoc
961 1276 1003 1295 re-

215 1311 304 1345 spexit
325 1312 498 1343 Aristotcles,
524 1311 562 1338 De
585 1311 648 1338 hist.
670 1312 754 1339 αηίιιι.
771 1312 819 1339 lib.
841 1321 867 1345 ν,
882 1321 943 1348 cap.
957 1313 1001 1346 19,

216 1355 351 1383 Scarabwi
367 1357 487 1391 pilularii
504 1357 531 1383 in
546 1357 608 1390 fimo
628 1365 704 1392 quem
727 1357 831 1384 volvunt
853 1359 1003 1386 conduntur

214 1411 261 1437 per
279 1403 388 1430 hiemem
411 1411 554 1438 parvosque
576 1403 732 1430 vermiculos
753 1404 873 1438 pariunt,
897 1413 930 1432 ex
943 1406 1002 1440 qui-

214 1449 264 1476 bus
279 1449 329 1482 ipsi
339 1455 521 1483 procreantur.

248 1504 328 1537 ιδιά..
346 1505 395 1531 lin.
409 1503 454 1531 '52.
472 1505 512 1530 οὐ
534 1504 589 1538 γὰρ
601 1502 696 1538 θῆλυς
710 1503 800 1538 ὺπάρ.
819 1504 918 1536 Horns,
941 1505 1001 1532 loco
1015 1516 1035 1545 ο

214 1552 298 1578 citato
314 1550 349 1577 De
373 1550 433 1577 hist.
451 1550 531 1576 anim.
550 1549 597 1577 lib.
616 1557 643 1581 ι,
665 1557 726 1584 cap.
744 1550 787 1582 15,
809 1550 903 1577 scribit
916 1550 999 1586 (Egy—

215 1597 333 1632 ptiorum
341 1596 486 1623 bellatores
495 1595 522 1622 in
537 1595 646 1622 annulis
657 1595 822 1630 insculptum
832 1596 998 1624 scarabeum

214 1646 337 1678 gestasse
352 1642 386 1669 ad
403 1641 612 1677 signiﬁcandum
626 1641 693 1668 solis
710 1642 833 1669 maribus
848 1649 896 1676 pro
911 1643 998 1676 patria

214 1697 275 1717 esse
291 1688 456 1720 bellandum,
468 1687 541 1722 quod
564 1687 718 1715 scarabaeus
741 1692 817 1715 caret
834 1688 942 1716 femina.
954 1690 1000 1716 Αί-

214 1734 335 1768 γυτπίων
363 1734 391 1760 δὲ
413 1734 439 1760 ol.
458 1733 571 1768 μάχιμοι
596 1733 642 1759 ἐπὶ
671 1732 725 1759 τῶν
756 1733 905 1759 δακτυλίων
927 1732 999 1769 εἶχον

214 1779 433 1816 ἐγγεγλυμμένον
456 1778 601 1814 κάνθαρον,
621 1779 805 1813 αἰνιττομένου
819 1779 866 1806 τοῦ
885 1780 999 1815 νομοθέ-

214 1835 262 1853 seu
277 1826 332 1852 δεῖν
347 1825 464 1861 ἄρρενας
486 1822 555 1850 εἶναι
571 1822 676 1853 πάντας
694 1822 782 1857 πάντη
797 1823 860 1854 τοὺς
881 1824 1000 1858 μαχομέ-

215 1881 276 1904 νους
292 1872 362 1906 ὑπὲρ
379 1871 428 1905 τῆς
441 1868 543 1904 χώρας.
565 1868 640 1895 Ἐπεὶ
655 1868 702 1896 καὶ
715 1869 729 1895 ὁ
742 1868 874 1905 κάνθαρος
890 1869 999 1905 θηλείας

215 1917 322 1952 φύσεως
334 1916 364 1942 οὐ
380 1914 547 1950 μετείληχεν.

249 1961 315 1990 lbitl.
333 1960 386 1987 Kal
403 1960 429 1986 οι
446 1959 599 1993 Αἰγύπτιοι
615 1958 664 1984 διὰ
685 1957 751 1991 τήν.
778 1958 878 1986 Praeter
893 1959 1000 1987 Plutar-

215 2009 296 2036 chum
310 2011 338 2033 et
355 2005 504 2035 (Elianum,
525 2003 659 2030 Eusebius
676 2003 723 2030 lib.
739 2011 768 2030 Ill
794 2003 833 2030 De
854 2010 997 2038 prteparat.

214 2054 330 2089 evangel.
347 2053 417 2080 idem
443 2052 520 2079 allert
533 2059 566 2079 ex
582 2052 628 2078 lib.
646 2051 777 2086 Porphyr.
794 2051 863 2085 Περὶ
875 2051 929 2085 τῆς
941 2052 1000 2079 τῶν

214 2100 356 2134 ἐμψύχων
363 2098 489 2133 ἀποχῆς.
501 2097 642 2132 Αἰγύπτιοι
658 2097 685 2124 δὲ
698 2097 849 2132 ὲσέφθησαν
859 2098 896 2129 ὼς
908 2099 1000 2126 εἰκόνα

215 2146 290 2181 ἡλίου
314 2145 450 2180 ἔμψυχον,
471 2144 497 2170 in
515 2151 594 2178 quem
617 2144 748 2170 acerrime
771 2144 908 2171 invehitur
929 2144 999 2171 Pisi-

1055 217 1120 248 ἴδοις
1128 215 1228 251 ὄμϐρον
1243 216 1275 242 ὲκ
1282 216 1370 251 νεφῶν
1378 216 1548 251 ἀπορρυέντα
1560 216 1624 251 παρ’
1631 215 1694 242 ὅσον
1705 214 1801 250 χρόνον
1810 215 1841 241 ὲκ

1054 261 1108 287 τῶν
1117 261 1269 297 μυρμήκων
1279 262 1293 287 ὁ
1300 263 1372 293 σῖτος
1381 261 1570 297 προϐέϐληται.
1581 260 1680 293 Horus,
1691 260 1740 288 lib.
1753 268 1772 292 ι,
1780 268 1838 295 cap.

1054 306 1098 336 52.
1109 307 1157 339 ait,
1165 307 1292 335 formicas
1300 309 1327 335 in
1337 309 1450 336 hiemem
1460 309 1511 336 sibi
1520 310 1595 338 cibos
1604 318 1787 346 congerereet
1799 319 1841 338 eo-

1055 361 1114 380 rum
1122 354 1240 381 studium
1254 355 1280 381 in
1292 355 1413 389 parando
1430 355 1480 382 sibi
1494 355 1600 387 cibo,et
1614 357 1777 391 colligendis
1788 357 1841 384 fru-

1054 399 1143 426 ctibus
1155 400 1468 434 cspressitAristoteles,
1484 401 1522 428 lib
1541 410 1578 434 ix,
1595 410 1654 437 cap.
1669 403 1713 429 58.
1724 402 1839 434 Plinius,

1054 444 1100 471 lib.
1120 452 1158 475 xt,
1178 452 1239 479 cap.
1261 445 1305 477 30,
1320 453 1352 472 ex
1364 446 1519 477 Aristotele,
1543 447 1650 474 Semina
1667 456 1764 475 arrosu
1778 456 1840 475 con-

1054 489 1131 521 dunt,
1158 497 1190 517 ne
1212 498 1305 517 rursus
1327 491 1355 518 in
1373 491 1461 526 fruges
1481 497 1573 518 exeant
1591 501 1605 519 e
1624 498 1706 520 terra.
1733 493 1839 528 Maiora

1055 536 1089 562 ad
1105 537 1241 563 introitum
1260 536 1390 563 dividunt.
1416 537 1568 572 Madefacta
1588 539 1669 566 imbre
1689 540 1838 574 proferunt,

1055 587 1132 617 atque
1145 583 1255 611 siccant.
1269 582 1418 617 Operantur
1430 588 1454 610 et
1464 591 1541 610 noctu
1550 585 1626 618 plena
1639 585 1713 612 luna.
1733 584 1839 612 Eadem

1054 627 1195 655 interlunio
1206 634 1318 656 cessant.
1327 629 1390 656 Jam
1404 630 1431 656 in
1440 638 1515 662 opere
1525 631 1568 664 qui
1583 631 1657 657 labor
1665 631 1676 657 .’
1689 639 1748 665 qua:
1760 631 1839 658 sedu—

1055 671 1137 698 litas!
1155 671 1290 704 Elianus,
1309 674 1356 700 lib.
1373 681 1404 706 ιι,
1424 681 1484 708 cap.
1498 674 1551 707 25;
1569 674 1701 710 Georgius
1720 675 1837 708 Pisides,

1055 716 1094 743 De
1110 718 1200 744 mundi
1215 719 1337 755 opificio;
1352 719 1529 754 Epiphanius,
1549 720 1576 746 in
1592 719 1764 756 Physiologo.
1776 729 1837 757 cap.

1054 771 1139 796 xvtn;
1166 768 1262 791 auctor
1287 765 1408 799 epistolae
1427 765 1462 792 ad
1487 765 1652 800 praesidium,
1681 766 1732 793 Dio
1756 767 1841 803 Chry-

1055 814 1202 842 sostomus,
1216 810 1340 837 oratione
1351 811 1460 845 politica
1476 811 1503 838 in
1519 812 1662 843 concione,
1676 813 1732 839 Καὶ
1748 813 1840 848 μέντοι

1055 856 1102 882 καὶ
1122 856 1268 891 μύρμηκας
1282 857 1352 883 πάνυ
1368 857 1453 893 ἡδέως
1473 857 1535 884 ίδείν
1551 858 1633 890 ἐστιν,
1645 859 1720 891 ὅπως
1734 859 1783 894 μὲν
1806 861 1839 887 ol-

1055 902 1132 929 κοῦσι
1147 904 1205 938 μετ’
1219 903 1340 938 ἀλλήλων
1359 903 1485 935 εὐκόλως,
1502 904 1576 935 ὅπως
1589 904 1618 930 δὲ
1637 905 1752 937 ἐξίασιν,
1767 907 1838 938 ὅπως

1054 949 1081 974 δὲ
1092 948 1126 975 τὰ
1141 949 1210 984 βάρη
1225 949 1485 984 μεταλαμϐάνουσιν,
1499 950 1573 981 ὅπως
1587 950 1614 976 δὲ
1629 951 1838 987 παραχωροῦσιν

1054 994 1178 1029 ἀλλήλοις
1196 994 1250 1020 τῶν
1268 994 1344 1021 ὁδῶν.
1363 993 1399 1021 De
1419 995 1594 1022 formicarum
1610 997 1637 1023 in
1658 997 1752 1024 labore
1772 998 1838 1025 assi-

1053 1041 1157 1068 duitate
1167 1048 1220 1066 non
1229 1040 1375 1074 injucunda
1384 1045 1425 1067 est
1433 1041 1579 1076 Aphthonii
1589 1042 1720 1076 sophistae
1731 1042 1835 1070 fabella.

1089 1086 1169 1119 lbitl.,
1192 1086 1240 1113 lin.
1259 1087 1305 1114 45.
1323 1086 1442 1113 Βδέλλα
1460 1087 1687 1121 σδιιιλληκοειιῖές.
1709 1087 1747 1116 De
1764 1089 1839 1116 hiru—

1053 1132 1164 1160 dinibus
1186 1132 1369 1165 Dioscorides,
1391 1133 1437 1160 lib.
1461 1141 1499 1164 vi.
1515 1141 1576 1169 cap.
1596 1134 1642 1166 52,
1658 1139 1686 1161 et
1703 1135 1837 1170 Apsyrtus

1053 1179 1123 1213 apud
1139 1179 1246 1206 collect.
1261 1178 1401 1213 Geoponic.
1415 1179 1460 1206 lib.
1480 1187 1534 1207 χιιι.

1087 1223 1166 1255 lbid.,
1182 1224 1230 1250 lin.
1246 1224 1290 1251 54.
1313 1224 1373 1251 Τῶν
1388 1224 1422 1250 δὲ
1435 1225 1530 1259 ὄφεων
1545 1225 1593 1252 καὶ
1610 1225 1678 1253 τῶν.
1695 1226 1836 1261 Theophy-

1052 1269 1140 1297 lactus
1156 1268 1311 1296 Simocatus
1325 1270 1351 1296 in
1370 1269 1472 1302 Qua-st.
1488 1271 1666 1304 naturalibus,
1682 1278 1781 1304 quiest.
1793 1273 1834 1305 14,

1051 1315 1085 1342 de
1101 1315 1183 1346 ibide,
1199 1315 1310 1342 Ἥδεται
1322 1316 1397 1341 τουτὶ
1406 1316 1437 1342 τὸ
1450 1316 1542 1351 ὄρνεον
1555 1317 1615 1344 τινὰ
1627 1317 1732 1352 δυσώδη
1750 1319 1835 1344 σιτού-

1054 1369 1132 1396 μενον
1143 1369 1148 1374 ·
1158 1360 1246 1396 χαίρει
1259 1361 1286 1387 δὲ
1299 1361 1415 1397 μάλιστα
1423 1363 1469 1388 καὶ
1476 1363 1536 1394 ταῖς
1547 1362 1600 1389 τῶν
1610 1363 1721 1390 ἰοϐόλων
1729 1364 1834 1399 ἄγραις.

1052 1406 1272 1441 πολυϐορὼτατον
1284 1407 1324 1434 ὃν.
1347 1407 1426 1434 Ἀλλὰ
1440 1408 1486 1434 καὶ
1504 1410 1558 1440 τοῖς
1569 1408 1662 1443 ὕφεσιν
1680 1409 1744 1440 ἶϐις.
1760 1410 1837 1436 καῦάρ

1052 1459 1105 1486 περ
1124 1451 1138 1477 6
1159 1451 1323 1486 βασιλίσκος,
1346 1452 1483 1487 πολέμιον.
1509 1453 1554 1479 Διὸ
1580 1454 1626 1480 καὶ
1652 1454 1741 1488 πτερὰ
1760 1453 1836 1481 ἴϐεων

1052 1496 1170 1540 πολέμια
1191 1497 1292 1531 ὕφεσιν.
1318 1497 1531 1532 Ἐμιρορεῑταιδὲ
1556 1498 1664 1534 σαρκῶν
1680 1499 1769 1533 δρεων
1791 1501 1836 1527 καὶ

1053 1543 1199 1578 σκορπίων,
1215 1545 1262 1570 καὶ
1279 1544 1394 1579 γέγηθεν
1408 1545 1453 1570 ὲπὶ
1466 1544 1550 1580 ταύτῃ
1564 1546 1596 1580 τῇ
1609 1545 1689 1581 θήρᾳ.
1709 1545 1776 1573 Vide
1789 1545 1835 1574 Pe-

1052 1588 1302 1619 trumDamianum,
1314 1589 1360 1615 lib.
1369 1597 1399 1621 ιι,
1409 1597 1467 1624 cap.
1477 1590 1520 1617 l8.
1531 1589 1582 1616 Sed
1591 1590 1703 1618 deibide
1712 1591 1833 1619 inferius.

1086 1633 1154 1661 ibid.
1177 1635 1240 1667 Τοῖς
1261 1635 1296 1661 δὲ
1320 1635 1489 1669 κεράσταις.
1517 1635 1653 1666 ΑΞΙὶιιιιυς,
1675 1637 1715 1664 De
1742 1638 1832 1665 Instar.

1052 1680 1164 1706 animal.
1181 1680 1229 1707 lib.
1246 1688 1273 1712 ι,
1293 1688 1352 1715 cap.
1374 1681 1418 1712 M,
1432 1681 1538 1715 Ὄῳεών
1553 1690 1581 1708 τε
1596 1682 1642 1708 καὶ
1657 1682 1778 1709 δακετῶν
1790 1683 1835 1719 θη-

1053 1726 1118 1761 ρίων
1133 1726 1213 1758 αὑτός
1233 1727 1306 1753 ἐστιν
1322 1726 1453 1762 ἔχθιστος.
1469 1728 1525 1754 Οὐκ
1545 1727 1577 1754 ἂν
1592 1727 1657 1761 γοῦν
1677 1729 1760 1756 αὑτὸν
1779 1729 1834 1756 δια-

1051 1771 1130 1807 λάθῃ,
1149 1771 1210 1798 οὕτε
1233 1772 1303 1806 ὄφις.
1318 1772 1379 1799 οὔτε
1402 1773 1540 1808 σκορπίος,
1561 1773 1622 1800 οὔτε
1639 1775 1693 1809 μὴν
1717 1776 1834 1810 πονηρᾶς

1053 1817 1118 1852 ὕλης
1131 1816 1193 1844 ἄλλο
1204 1826 1229 1844 τι
1245 1818 1364 1845 ἕκτοκον.

1087 1863 1168 1895 lbid.,
1189 1864 1236 1890 lin.
1253 1864 1297 1890 57.
1315 1865 1401 1891 Ἐστι
1417 1863 1450 1890 δὲ
1472 1864 1559 1891 τοῦτο
1581 1872 1677 1898 συμπ.
1698 1864 1834 1897 Ειίειιιιε,

1053 1910 1099 1936 lib.
1116 1918 1133 1937 ιι
1150 1910 1187 1937 De
1201 1910 1262 1937 hist.
1280 1911 1443 1945 anim.,cap.
1461 1911 1496 1937 42
1512 1920 1519 1937 :
1535 1911 1639 1946 Νεκρὸν
1653 1911 1681 1937 δὲ
1695 1911 1833 1947 ἄνθρωπον

1053 1955 1129 1990 ἱέραξ
1146 1954 1217 1986 ἰδὼν,
1229 1955 1367 1982 ἐπιϐάλλει
1385 1956 1437 1990 γῆς
1450 1956 1489 1991 τῷ
1503 1955 1608 1991 άτάφῳ.
1622 1957 1678 1982 Καὶ
1692 1956 1772 1982 τοῦτο
1788 1956 1832 1991 μὲν

1052 2000 1081 2026 οὐ
1102 2000 1206 2027 κελεύει
1231 2000 1304 2035 αὑτῷ
1323 2002 1337 2026 ὸ
1359 2000 1457 2032 Σόλων,
1472 2000 1509 2032 ὡς
1530 2001 1687 2036 Ἀθηναίους
1709 2001 1833 2027 ἐκέλευσε

1051 2045 1132 2080 δρᾷν·
1147 2046 1207 2072 οὐδὲ
1222 2045 1346 2080 σώματος
1364 2045 1411 2080 (ita
1430 2045 1503 2072 enim
1518 2045 1637 2080 corrigo)
1653 2045 1765 2080 ἅψεται.
1780 2046 1832 2072 Μέ-

1052 2098 1092 2116 νει
1107 2090 1135 2116 δὲ
1155 2090 1284 2124 ἄγευστος
1307 2091 1354 2116 καὶ
1374 2090 1454 2116 ποτοῦ
1479 2090 1579 2123 εὰν-εἰς
1598 2090 1704 2117 αὔλακα
1725 2091 1833 2125 ὲποχευ-

1051 2135 1117 2171 τεύῃ
1132 2132 1171 2167 εἷς
1185 2135 1326 2170 ἄνθρωπος
1335 2143 1342 2150 ο
1362 2136 1526 2162 πεπίστευκε
1538 2136 1592 2171 γὰρ
1605 2136 1686 2162 αὐτὸν
1703 2136 1834 2171 πονούμε-

215 2180 274 2224 des,
287 2191 325 2218 De
337 2190 427 2218 mund.
440 2190 538 2224 cpi/ia;
551 2188 665 2222 Plinius,
678 2189 724 2217 lib.
739 2197 802 2221 xxx,
815 2197 875 2224 cap.
887 2191 930 2222 Η,
945 2199 1000 2218 sca-

1055 2190 1096 2207 vov
1106 2180 1220 2217 ζημιοῦν
1229 2181 1425 2216 ὑφαιρούμενος
1432 2182 1464 2207 ἐκ
1473 2181 1522 2216 τῆς
1534 2182 1639 2208 ἐκείνου
1647 2182 1743 2216 χρείας
1756 2182 1832 2216 ὕδωρ.

215 2238 333 2265 rabazum
358 2238 405 2272 qui
428 2237 527 2272 pilulas
549 2235 643 2266 volvit,
672 2235 782 2270 Propter
801 2236 869 2262 hunc
890 2235 1001 2271 lEgypli

216 2292 313 2319 magna
330 2292 392 2318 pars
417 2283 564 2310 scarabreos
588 2283 657 2309 inter
673 2283 781 2308 numina
803 2281 877 2312 colit.
896 2283 1000 2308 curiosa

216 2328 325 2362 Apionis
351 2327 575 2362 interpretatione,
600 2335 651 2361 qua
674 2326 783 2360 colligat
803 2326 867 2353 solis
892 2334 999 2360 operum

215 2372 415 2399 similitudinem
429 2372 489 2398 huic
501 2371 612 2398 animali
624 2379 680 2398 esse
693 2371 726 2397 ad
742 2371 905 2398 excusandas
917 2372 1000 2405 gentis

215 2427 271 2446 sua:
293 2419 371 2445 ritus.
394 2417 482 2445 Horus
502 2422 630 2452 praeterea
649 2417 728 2443 aliam
749 2417 831 2450 hujus
849 2419 1001 2444 veneratio-

216 2463 259 2491 nis
276 2471 389 2491 causam
414 2462 512 2494 reddit,
532 2461 604 2497 quod
623 2461 728 2488 scilicet
753 2468 843 2488 mares
862 2461 918 2488 sint
943 2469 1001 2488 om-

216 2517 264 2536 nes
292 2509 434 2541 scarabaei,
453 2508 527 2535 nulla
546 2507 656 2535 femina.
673 2505 739 2534 Vide
756 2505 930 2541 Rodiginum,
951 2507 998 2535 lib.

215 2563 276 2587 vni,
296 2563 358 2590 cap.
375 2555 401 2582 5.

251 2600 330 2633 lbid.,
349 2601 449 2628 No.59.
462 2601 494 2627 Ol
503 2600 537 2627 δὲ
548 2600 700 2634 μύρμηκες
711 2599 772 2625 τόν.
783 2598 910 2629 Basilius,
925 2598 998 2626 hom.

215 2647 241 2676 9.
259 2647 330 2674 inter
342 2647 446 2681 reliqua
461 2655 467 2674 :
481 2646 625 2672 Διακόπτει
644 2645 698 2680 γὰρ
716 2645 776 2676 ταῖς
795 2643 890 2670 ἑαυτοῦ
905 2644 1000 2679 χηλαῖς

215 2693 270 2718 τῶν
294 2692 408 2728 καρπῶν
426 2692 457 2718 τδ
487 2692 658 2727 μεσαίτατον,
683 2691 720 2722 ὡς
742 2690 774 2717 ἂν
798 2690 835 2726 μὴ
856 2690 1001 2724 ὲκφυέντες

217 2737 346 2772 ἄχρηστοι
365 2737 432 2773 πρὸς
450 2737 551 2772 τροφὴν
571 2736 644 2772 αὐτῷ
662 2736 797 2770 γένοιντο·
811 2735 858 2762 καὶ
878 2734 1001 2769 διαψὺχει

217 2783 335 2814 τούτους,
356 2783 418 2809 ὃταν
430 2783 556 2818 αῐσθηται
575 2782 663 2809 αὐτῶν
677 2782 836 2818 διαϐρόχων,
853 2781 898 2808 καὶ
914 2781 963 2807 οὐκ
974 2782 1001 2807 ὲν

219 2828 300 2855 παντὶ
313 2828 457 2862 προϐάλλει
465 2828 561 2863 καιρῷ,
572 2828 629 2855 ἀλλ’
638 2828 700 2855 ὅταν
714 2826 893 2862 προαίσϐηται
905 2826 952 2853 τοῦ
960 2826 1001 2854 at.

1052 2228 1083 2254 Εἰ
1108 2228 1136 2254 δὲ
1163 2228 1271 2260 πλείους
1296 2228 1452 2263 ὲπάρδοιεν,
1477 2228 1605 2262 ἀφθονίαν
1629 2228 1678 2255 τοῦ
1702 2229 1833 2264 ῥεύματος

1050 2273 1120 2309 ὀρῶν
1140 2273 1178 2305 ὡς
1201 2273 1357 2308 φιλοτησίας
1377 2273 1448 2306 τινὸς
1464 2273 1493 2307 ἐξ
1517 2274 1604 2300 αὐτῶν
1621 2274 1832 2310 μεταλαμϐάνει,

1051 2319 1098 2346 καὶ
1112 2319 1182 2346 πίνει
1197 2319 1291 2354 ἡδέως.

1085 2365 1144 2392 Col.
1162 2365 1224 2396 749.
1237 2365 1284 2392 lin.
1297 2365 1324 2392 4.
1339 2365 1418 2392 Μετὰ
1429 2364 1463 2391 δὲ
1477 2365 1535 2398 τὴν
1547 2364 1600 2391 τοῦ
1612 2366 1742 2399 κόσμου.
1761 2365 1832 2393 Sicut

1050 2411 1083 2438 de
1102 2411 1238 2446 principio
1255 2416 1282 2438 et
1301 2411 1439 2438 creatione
1453 2411 1534 2444 hujus
1548 2410 1641 2437 mundi
1667 2412 1753 2438 variae
1767 2412 1832 2447 apud

1051 2459 1121 2490 illos,
1138 2458 1238 2492 quibus
1259 2458 1350 2484 lumen
1364 2457 1502 2493 Evangelii
1521 2465 1576 2484 non
1595 2457 1712 2488 affulsit,
1728 2463 1833 2484 contru-

1051 2512 1136 2532 versae
1153 2503 1292 2531 sententiae
1306 2503 1392 2535 fuere,
1410 2511 1471 2537 quas
1491 2511 1585 2530 omnes
1599 2510 1613 2529 a
1634 2503 1752 2530 veritate
1763 2505 1833 2530 aber.

1050 2555 1164 2583 rarunt;
1184 2551 1220 2576 ita
1235 2555 1261 2577 et
1281 2551 1308 2577 in
1324 2550 1461 2577 creatione
1484 2549 1603 2576 hominis
1624 2550 1694 2576 varii
1714 2549 1832 2577 dissidiis

1051 2598 1212 2631 semetipsos
1235 2601 1377 2624 vexarunt.
1401 2596 1516 2629 Quidam
1535 2597 1607 2623 enim
1631 2600 1762 2623 naturam
1788 2596 1832 2622 bu-

1050 2650 1158 2669 manam
1173 2646 1301 2668 aeternam
1320 2646 1529 2669 asseverarunt:
1546 2642 1590 2668 alii
1603 2642 1726 2676 primum
1748 2642 1776 2668 in
1790 2641 1828 2667 Λι-

1051 2689 1106 2716 tica
1123 2693 1203 2715 natos
1219 2688 1302 2715 fuisse
1324 2689 1465 2720 homines;
1482 2688 1526 2714 alii
1548 2688 1574 2714 in
1591 2688 1730 2718 Arcadia;
1746 2687 1790 2713 alii
1810 2686 1831 2711 in

1051 2733 1177 2768 Egypto.
1191 2732 1389 2763 Theodoretns.
1403 2732 1486 2759 Gra'e.
1498 2732 1585 2766 affect.
1598 2732 1644 2758 lib.
1658 2740 1673 2757 ν
1684 2741 1691 2764 ;
1702 2731 1830 2761 Justinus.

1053 2778 1156 2806 Histor.
1174 2779 1220 2806 lib.
1238 2785 1270 2810 ιι,
1284 2777 1419 2805 diuturna:
1429 2777 1610 2805 contentionis
1632 2777 1707 2803 inter
1721 2774 1830 2811 Scythas

1051 2830 1078 2854 et
1100 2824 1242 2860 [Egyptios
1260 2823 1294 2851 de
1312 2825 1420 2860 generis
1434 2827 1568 2851 vetustate
1586 2821 1733 2855 meminit;
1746 2825 1773 2849 et
1789 2826 1829 2847 e0-
