1897 3073
83 133 126 162 963

550 127 581 152 IN
604 125 785 152 l‘JUSTATIiII
808 123 1044 156 ιιιςλλιιιιωιοιη
1065 122 1178 149 ΜΠΚΕ.
1207 117 1211 118 7

1629 122 1680 149 970

82 200 131 221 rnm
145 189 443 226 argumentis‘expositis
462 188 596 224 [Egyptiis
620 187 756 222 superatis
770 186 839 212 anti-
856 189 873 214 Α
890 192 950 211 urm
976 186 1163 219 comparatum
1191 183 1393 218 exprimerent?
1419 183 1540 211 futurum
1563 193 1682 220 namque

82 238 175 273 quiores
193 235 303 270 Scythas
317 242 423 268 Semper
433 234 508 261 visos
522 237 623 260 narrat.

109 282 162 309 Col.
177 281 236 312 749,
253 281 305 307 lin.‘
317 281 343 307 5.
366 279 408 312 Τῷ
421 279 479 313 μὲν
503 278 606 312 (iapyge.
631 278 748 305 Necesse
768 278 839 304 enim

81 331 137 358 erat,
156 331 182 352 ut
191 326 270 352 homo
278 328 349 359 apto,
364 332 396 351 ac
413 328 559 358 temperate
573 323 796 354 constitueretur,
808 331 841 349 ne

81 372 221 408 urgentibus
235 371 378 398 liumorum
396 370 460 396 hinc
481 370 542 396 inde
556 369 726 401 differentiis,
740 373 766 395 et
777 377 842 395 con-

81 417 246 446 trarietatibus
261 417 408 444 distractus
418 416 576 451 gravissime
589 415 787 447 oifenderetur;
801 416 841 442 sic

80 466 138 492 enim
152 468 288 499 promptus
302 468 328 491 et
344 464 452 495 alacris.
469 464 518 494 illi,
548 462 580 489 ad
595 462 666 497 quod
684 466 742 489 crat
752 465 840 493 natus,

80 512 213 538 instructus
222 511 398 542 incumberet,
407 510 544 544 mentique
552 509 698 536 deserviret
707 512 842 542 spectator

79 565 218 592 superarum
231 564 331 588 rerum,
341 560 421 591 atque
435 556 597 583 cmlestium.
606 555 671 587 Qum
680 555 770 582 omnia
784 555 842 581 aliis

79 604 243 630 animantibus
258 603 387 638 denegata
397 607 476 630 sunt:
489 603 576 630 ethoc
589 602 697 637 quidem
710 602 824 629 calidius
834 621 840 632 ,

78 645 351 684 ideoqueiracundunt,
362 657 455 683 rapax,
463 648 608 683 superbum
618 656 625 681 ;
636 648 700 675 illud
707 647 842 682 frigidius.

78 695 177 730 ideoque
189 703 281 729 segne,
296 695 468 730 pestiferum,
482 694 699 726 somnolentum;
715 697 742 720 et
759 694 798 720 sic
810 693 843 720 de

78 741 128 769 aliis
148 748 289 775 possumus
310 741 505 776 philosophari.
521 741 630 776 Optime
651 741 741 775 itaque
757 748 772 766 a
789 739 843 767 Deo

77 790 181 814 extrema
196 781 352 821 compressa
364 792 444 820 sunt;
459 792 485 814 et
497 787 577 814 homo
591 787 625 814 ab
638 787 710 814 omni
728 791 803 822 parte
817 787 843 813 in

77 833 150 861 media
164 833 277 868 quadam
297 833 385 868 frigidi
397 837 424 860 et
438 833 530 865 calidi,
543 832 607 860 sicci
622 836 648 860 et
662 832 764 859 humidi
778 839 844 858 cou-

75 878 203 905 stitutione
210 877 352 910 formatus,
362 878 473 905 mirifice
481 881 621 913 proruptus
629 877 661 904 ad
672 881 749 904 actus
761 883 850 904 neecs'

76 923 151 951 sarius
165 924 340 958 comperitur.
357 923 413 950 Hoc
431 929 524 958 postea
547 923 691 950 ltumorum
715 927 845 958 tempera-

76 972 180 995 mentum
195 968 265 996 sicut
278 972 305 995 et
323 969 406 995 multa
419 969 470 994 alia
479 969 548 995 dona
561 976 575 995 a
592 967 646 995 Deo
667 968 718 995 sibi
734 968 842 999 collata,

76 1020 184 1048 peccato,
202 1019 228 1041 et
242 1015 372 1050 prmcepti
386 1005 533 1042 violatione
549 1014 703 1041 inﬁrmavit.

103 1058 174 1091 lbid.,
189 1059 238 1086 lin.
257 1059 282 1086 7.
301 1060 428 1094 Ἕχοντα
447 1059 546 1086 πάντα
567 1059 602 1086 τὰ
616 1059 703 1094 μέρη.
728 1060 844 1095 Ideoque

75 1111 120 1131 non
133 1105 232 1132 insulse
246 1113 297 1133 nee
310 1105 460 1133 oscitanter
483 1105 581 1137 homo,
601 1113 697 1139 parvus
720 1105 842 1137 mundus,

75 1158 88 1176 a
109 1150 237 1186 plerisque
264 1156 450 1187 nuncupatur.
477 1150 624 1186 Gregorius
656 1151 782 1178 Nazianz.
817 1153 842 1179 in

73 1195 162 1224 Christi
181 1198 349 1225 nativitatem
369 1207 375 1225 :
391 1198 475 1225 Τοῦτο
497 1198 529 1234 δὴ
549 1197 686 1233 βουληθεὶς
698 1198 844 1233 ὁτεχνίτης

74 1242 241 1275 ἐπιδείξασθαι
252 1243 346 1277 Λόγος,
358 1243 404 1270 καὶ
417 1243 484 1275 ζῶον
495 1244 525 1270 ἓν
538 1243 567 1276 ἐξ
579 1243 750 1279 ἀμφοτέρων,
767 1244 846 1279 ἀορά-

73 1295 113 1313 του
126 1296 153 1314 τε
168 1288 247 1322 λέγω,
261 1289 309 1315 καὶ
321 1289 420 1325 ὁρατῆς
433 1289 549 1324 φύσεως,
559 1289 717 1325 δημιουργεῖ
734 1290 779 1316 τὸν
797 1290 844 1317 ἇν-

73 1333 183 1369 θρωπον·
207 1335 256 1361 xui.
280 1334 353 1370 παρὰ
372 1335 421 1369 μὲν
437 1335 487 1370 τῆς
504 1335 569 1370 ὕλης
594 1335 684 1362 λαϐὼν
704 1335 734 1362 τὸ
755 1335 842 1370 σῶμα,

74 1379 115 1414 ήδη
128 1381 343 1415 προῦποστάσης,
360 1381 425 1416 παρ’
442 1380 537 1408 ἑαυτοῦ
552 1381 580 1407 δὲ
593 1380 664 1416 ζωὴν
679 1381 774 1412 ἐνθεὶς,
785 1381 799 1407 ὃ
813 1381 844 1416 δὴ

73 1429 157 1459 νοερὰν
177 1425 265 1461 ψυχὴν
290 1427 337 1453 καὶ
351 1426 444 1453 εἰκόνα
461 1426 528 1453 Θεοῦ
555 1424 624 1453 εἶδεν
642 1428 656 1452 ὀ
669 1426 764 1460 Λόγος,
790 1423 844 1453 οἷόν

73 1477 124 1497 τινα
143 1471 241 1506 κόσμον
256 1472 381 1508 δεύτερον
402 1473 430 1499 ἐν
450 1471 539 1508 μικρῷ
559 1472 644 1508 μέγαν
667 1472 712 1499 ἐπὶ
730 1473 778 1508 τῆς
794 1472 844 1508 γῆς

72 1517 176 1553 ἵστησιν,
186 1519 301 1553 ἄγγελον
314 1519 391 1546 ἄλλον
404 1519 591 1555 προσκυνητὴν
605 1519 709 1554 μικτὸν,
724 1519 844 1554 ὲπὸπτην

73 1564 114 1599 τῆς
127 1565 222 1600 ὁρατῆς
238 1566 364 1597 κτίσεως,
383 1565 486 1600 μύστην
500 1565 549 1600 τῆς
562 1564 719 1600 νοουμένης,
736 1564 845 1599 βασιλέα

72 1610 118 1637 τῶν
136 1613 180 1638 ἐπὶ
197 1613 261 1647 γῆς,
283 1612 489 1647 βασιλευόμενοι]
512 1611 631 1643 ἄνωθεν,
654 1611 773 1645 ἐπίγειον
800 1611 846 1637 xui.

73 1657 194 1692 οὐράνιον,
208 1659 377 1694 πρόσκαιρον
389 1659 437 1685 καὶ
452 1658 595 1689 ἀθάνατον,
609 1657 704 1693 ὁρατὸν
721 1657 766 1684 καὶ
777 1657 848 1683 νοού-

74 1710 152 1735 μενον,
169 1702 248 1737 μέσον
268 1702 399 1737 μεγέθους
423 1702 468 1729 καὶ
487 1701 687 1737 ταπεινότητος,
703 1702 749 1728 τὸν
767 1702 846 1729 αὑτὸν

73 1746 170 1781 πνεῦμα.
186 1747 233 1774 xui.
249 1748 348 1782 σάρκα,
369 1748 475 1782 πνεῦμα
487 1747 530 1774 διὰ
538 1747 587 1783 τὴν
602 1746 691 1782 χάριν,
703 1748 790 1782 σάρκα
805 1746 848 1773 διὰ

71 1791 114 1826 τὴν
127 1791 248 1828 ἔπαρσιν,
266 1793 298 1819 τὸ
316 1793 364 1827 μὲν
380 1793 423 1819 ἵνα.
442 1793 520 1828 μένῃ,
536 1792 582 1819 xui.
595 1791 690 1827 δοξάζῃ
712 1791 756 1818 τὸν
772 1792 848 1827 εὐερ-

70 1837 155 1873 γέτην,
164 1838 194 1864 τὸ
208 1838 237 1864 δὲ
250 1839 294 1865 ἵνα
306 1839 409 1874 πάσχῃ,
421 1839 467 1865 καὶ
482 1838 584 1873 πάσχον
596 1838 846 1872 ὑπομιμνήσκηται,

72 1883 112 1909 καὶ
138 1884 307 1919 natasti-qaut,
328 1885 366 1920 τῷ
391 1885 499 1920 μεγέθει
527 1883 759 1919 φιλοτιμούμενος,
780 1882 847 1914 ζῶον

70 1928 177 1955 ἐνταῦθα
193 1929 428 1965 οἱκονομούμενον,
444 1930 491 1956 καὶ
505 1928 621 1964 ἀλλαχοῦ
643 1928 845 1964 μεθιστάμενον,

71 1973 113 1998 καὶ
126 1973 209 2009 πέρας
226 1974 273 2001 τοῦ
292 1975 441 2010 μυστηρίου
457 1976 489 2010 τῇ
507 1975 573 2010 πρὸς
588 1975 654 2001 Θεὸν
668 1973 756 2000 vadost.
773 1973 848 2000 οεοῦ-

74 2025 153 2050 μενον.
166 2018 286 2050 Nicetas,
300 2019 452 2047 Comment.
463 2020 489 2046 in
498 2020 622 2047 eumdem
634 2028 639 2045 :
650 2020 704 2046 Καὶ
717 2019 848 2054 ἕθηκετὺν

70 2062 203 2099 ἄνθρωπον
216 2066 263 2091 ἐπὶ
276 2065 324 2099 τῆς
334 2065 385 2100 γῆς
401 2065 487 2099 μέγαν
499 2065 598 2100 κόσμον
609 2067 638 2091 ἐν
650 2064 738 2100 μικρῷ
754 2065 848 2099 κόσμῳ

70 2107 104 2143 τῷ
121 2110 248 2145 αἰσθητῷ.
267 2110 372 2146 Μικρὸς
385 2110 439 2146 γὰρ
459 2111 473 2136 ὁ
492 2110 585 2146 παρὼν
600 2111 700 2145 κόσμος
718 2110 785 2145 πρὸς
803 2110 848 2136 τὸν

70 2153 214 2190 ἄνθρωπον,
228 2153 259 2182 οὗ
274 2155 354 2182 ἕνεκα
367 2156 455 2182 πάντα
469 2156 589 2190 ἐγένοντο
598 2164 604 2170 ·
616 2155 646 2182 τὺ
658 2156 710 2191 γὰρ
723 2153 752 2181 οὗ
768 2155 847 2182 ἕνεκα

73 2199 155 2233 μεῖζον
165 2201 212 2227 καὶ
230 2200 342 2234 τιμιώτε
348 2209 391 2236 ρον
401 2209 408 2216 ·
423 2201 470 2227 καὶ
484 2201 631 2236 κατέστησε
646 2202 690 2227 τὸν
707 2201 848 2236 ἄνθρωπον

71 2244 173 2278 βασιλέα
190 2246 246 2272 τῶν
265 2246 317 2272 ὑπὸ
331 2245 379 2281 τὴν
391 2246 503 2282 σελήνην
521 2246 656 2278 ἁπάντων,
673 2246 717 2272 ἵνα.
730 2246 844 2281 δεσπόζῃ

70 2289 118 2316 τῶν
134 2291 177 2318 ὑπ’
201 2291 285 2318 αὐτοῦ
305 2292 456 2326 γενομένων
475 2292 641 2327 κτισμάτων.
669 2291 737 2319 Vide
761 2292 846 2326 Chry-

70 2340 213 2364 sostomum
229 2345 355 2365 sermone
383 2338 410 2364 in
427 2345 551 2373 magnam
567 2337 745 2365 Parasceven.
762 2336 847 2363 Geor-

70 2381 125 2416 gius
141 2382 257 2416 Pisides,
275 2383 313 2409 De
327 2383 442 2410 vanitate
453 2384 511 2411 vitae
521 2403 528 2414 .

118 2429 245 2463 Σμιπρὸς
258 2429 312 2464 γάρ
322 2430 386 2456 ἐστι
396 2430 508 2464 κόσμος
520 2429 676 2463 ἀνθρώπου
692 2430 794 2464 φύσις.

101 2473 248 2509 Gregorius
271 2479 360 2502 tamen
381 2475 530 2510 Nyssenus.
549 2475 584 2502 De
605 2476 707 2509 api/icio
726 2475 848 2507 hominis,

71 2526 127 2554 cap.
149 2520 194 2552 16,
210 2521 318 2548 videtur
333 2522 486 2556 improbare
504 2529 597 2549 eorum
619 2523 785 2557 opinionem,
802 2523 848 2557 qui

71 2572 128 2592 cum
141 2567 278 2594 hominem
290 2567 389 2594 vellent
396 2568 535 2598 extollere.
545 2569 604 2602 ejus
616 2577 676 2596 cum
687 2569 737 2595 hoc
748 2569 850 2595 mundo

72 2609 141 2638 facta
150 2612 308 2644 collatione,
321 2621 430 2647 parvum
439 2613 563 2639 mundum
574 2620 722 2646 vocavere;
738 2613 848 2647 indigna

70 2658 138 2684 enim
173 2658 301 2685 humana:
332 2658 500 2685 excellentia:
536 2658 754 2693 imaginabatur,
788 2666 849 2685 cum

71 2701 124 2729 hzee
153 2703 210 2730 sint
236 2704 400 2736 communia,
425 2708 451 2731 et
476 2704 556 2731 culici
581 2708 608 2731 et
629 2706 710 2736 muri,
734 2712 795 2731 cum
824 2709 850 2730 et

71 2747 124 2774 hate
138 2757 170 2775 ex
187 2753 305 2783 quatuor
325 2755 451 2776 constent
470 2750 622 2780 elementis.
639 2754 665 2777 et
686 2757 766 2778 sensu
784 2758 851 2785 prm-

71 2792 123 2820 dita
148 2794 215 2821 sint.
236 2795 305 2828 Quid
326 2795 388 2823 inde
406 2795 517 2830 dignum
531 2795 640 2823 homine
662 2796 850 2831 loquebantur.

70 2839 131 2867 dum
150 2841 286 2868 hominem
306 2841 339 2868 ad
362 2841 454 2868 mundi
479 2842 622 2875 imaginem
647 2846 674 2869 et
697 2842 852 2869 similitudi—

208 2889 342 2919 Pnnon.
365 2890 423 2919 Gn.
449 2888 563 2920 XVHI.

892 237 933 259 est
950 237 979 259 ut
996 233 1096 267 pariter
1109 232 1205 258 caelum
1220 231 1272 258 hoc
1288 232 1415 263 volubile,
1430 235 1502 259 terra
1523 233 1681 260 mutationi-

895 280 943 306 bus
956 279 1083 309 obnoxia,
1099 281 1197 304 cuncta
1211 277 1327 312 denique
1340 277 1381 305 bis
1394 279 1602 313 comprehensa,
1617 288 1679 306 cum

894 334 925 351 eo
940 326 999 359 ipso
1028 324 1099 360 quod
1130 324 1232 355 ambit,
1264 324 1390 351 universa
1412 325 1555 352 intereant.
1577 325 1678 354 Verum

895 375 986 405 posset
1007 370 1165 396 Eustathius
1190 370 1374 404 respondere:
1403 370 1488 404 neque
1513 372 1597 397 solam
1621 373 1679 398 ani-

895 425 975 449 mam,
995 425 1080 452 neque
1120 416 1206 443 solum
1234 423 1333 450 corpus
1365 416 1498 444 hominem
1525 425 1603 449 esse,
1632 419 1678 445 sed

895 467 1040 497 utrumque
1066 470 1150 488 unum
1176 461 1281 489 cﬂicere
1311 462 1457 492 hominem,
1484 463 1528 498 qui
1554 465 1678 498 quamvis

895 517 1008 543 corpore
1033 509 1113 535 morti
1138 509 1271 535 obnoxius
1297 508 1378 538 vivat.
1400 509 1491 535 animo
1516 514 1604 538 tamen
1627 511 1678 538 im—

897 554 1028 586 mortalis,
1054 554 1210 588 pricstantia
1234 558 1260 581 ct
1288 554 1457 585 excellentia,
1474 558 1499 581 et
1521 556 1630 588 coelum,
1651 561 1678 584 et

896 605 1006 631 terram.
1020 605 1170 634 czeleraque
1187 607 1247 634 qua:
1264 599 1399 626 intereunt
1415 606 1535 635 supcrat,
1550 602 1680 628 maxima-

896 654 948 681 que
962 646 987 672 in
1002 646 1109 672 homine
1131 645 1176 672 illa
1196 645 1254 672 laus
1269 651 1320 677 est,
1334 653 1415 679 quam
1439 650 1512 674 certe
1533 647 1598 673 nulli
1615 655 1680 674 coa—

896 700 1000 720 cessam
1023 691 1211 726 cognovimus,
1234 690 1257 717 si
1278 699 1373 725 part-us
1391 693 1501 718 mundus
1519 693 1678 727 appellatur.

897 739 955 772 Quo
973 739 1082 765 nomine
1096 745 1149 764 non
1166 744 1217 764 una
1236 738 1319 764 totius
1336 738 1457 765 univeISi
1473 746 1536 772 pars
1559 746 1619 765 esse
1639 739 1679 765 vi-

897 786 985 817 detur,
1006 785 1052 812 sed
1066 788 1163 816 totum,
1184 787 1210 810 ct
1231 791 1325 811 omttes
1350 785 1470 811 omnium
1487 785 1603 819 partium
1620 793 1680 820 per—

898 831 1028 858 fectiones
1045 831 1071 857 in
1087 838 1115 857 se
1131 831 1188 857 solo
1206 830 1360 865 complecti,
1377 831 1448 865 quod
1465 831 1499 858 de
1525 832 1586 858 aliis
1610 831 1679 858 aﬂir-

867 870 886 895 Β
900 885 973 904 mare
996 884 1049 903 non
1064 883 1218 911 possumus.
1245 875 1330 902 llomo
1350 876 1422 903 cnim
1451 877 1537 907 solus,
1553 881 1579 903 et
1598 877 1678 907 ccclo.

894 927 921 950 ct
937 927 1025 955 terrae,
1043 927 1070 949 et
1088 922 1214 949 omnibus
1229 922 1412 950 animantibus
1426 929 1475 957 par
1496 931 1557 950 esse
1573 924 1681 958 conspi-

894 970 974 1000 citur,
990 973 1017 996 et
1040 968 1160 995 omnium
1181 969 1294 995 aliorum
1320 968 1544 1003 perfectionibus,
1560 977 1612 996 una
1636 969 1680 996 sui

895 1014 980 1041 solius
1004 1013 1145 1048 perfectio,
1167 1021 1222 1040 non
1242 1012 1356 1040 inferior
1373 1013 1529 1048 respondet.
1543 1014 1680 1046 Quemad-

895 1060 1003 1087 modum
1029 1059 1102 1086 enim
1126 1059 1243 1092 emlum,
1270 1063 1297 1086 ct
1324 1059 1453 1086 caalorum
1480 1061 1626 1091 varietate,
1652 1063 1679 1087 et

894 1110 1016 1133 motuum
1041 1106 1153 1140 perenni
1173 1109 1200 1132 et
1215 1105 1339 1132 Ordinata
1360 1113 1498 1137 mensura,
1520 1106 1679 1140 suoquc‘in-

894 1152 966 1179 ﬂuxu
982 1156 1091 1179 terrena
1107 1152 1163 1179 hzee
1176 1155 1203 1179 et
1225 1151 1296 1179 fovet
1323 1157 1349 1179 et
1364 1151 1421 1184 alit,
1441 1152 1507 1179 nulli
1532 1153 1678 1187 ingratum,

895 1197 1020 1226 omnibus
1035 1199 1151 1225 amicunt
1170 1199 1311 1232 complexu
1331 1206 1380 1225 suo
1397 1197 1532 1231 ambiens;
1550 1198 1589 1225 sic
1610 1202 1635 1225 ct
1653 1199 1677 1224 in

895 1244 1003 1271 homine
1015 1245 1124 1271 animus
1143 1251 1175 1270 ac
1188 1252 1265 1271 mens
1281 1243 1338 1271 suis
1358 1243 1534 1271 facultatibus
1556 1244 1680 1278 corporis

895 1294 985 1325 partes
1000 1289 1187 1323 illuminanda,
1203 1289 1237 1316 ad
1251 1289 1337 1316 ofﬁcia
1359 1297 1494 1324 quamque
1516 1289 1572 1317 sua
1583 1290 1677 1324 impel-

895 1336 986 1368 lendo,
1001 1336 1092 1371 dirigit
1106 1340 1133 1363 et
1148 1336 1301 1370 compellat,
1317 1336 1411 1368 vitam,
1436 1337 1559 1371 spiritus,
1579 1341 1679 1367 motus.

895 1386 922 1410 et
945 1387 1072 1410 sexcenta
1094 1382 1146 1408 alia
1158 1382 1322 1417 elargiendo.
1349 1382 1382 1409 Et
1394 1383 1466 1417 quod
1483 1381 1679 1413 admirabilius,

896 1437 949 1456 non
968 1434 1095 1463 tanquam
1108 1428 1171 1463 quid
1187 1433 1272 1460 motu,
1296 1436 1378 1456 sensu
1404 1436 1436 1455 ae
1461 1429 1567 1456 ratione
1585 1437 1680 1456 carens

896 1474 929 1502 ad
954 1475 1125 1509 operationes
1150 1475 1175 1501 vi
1192 1475 1308 1509 quadam
1333 1474 1451 1501 naturali
1479 1475 1604 1507 ducitur,
1633 1475 1680 1502 sed

859 1537 879 1564 ε
896 1521 973 1555 prius
989 1528 1018 1548 re
1039 1521 1185 1552 intellecta,
1199 1520 1307 1549 tandem
1324 1521 1375 1548 sibi
1400 1521 1478 1547 tinent
1495 1521 1630 1555 proponit,
1648 1522 1680 1548 ad

897 1575 976 1602 quem
993 1575 1042 1595 sua
1060 1566 1162 1601 dirigit,
1178 1574 1232 1593 non
1245 1566 1431 1597 eoaetus,'sed
1449 1566 1528 1598 liber,
1552 1573 1583 1594 ac
1598 1567 1681 1593 veluti

898 1612 1024 1639 dominus
1039 1612 1170 1639 ministris
1185 1615 1215 1638 ut
1229 1611 1280 1639 sibi
1293 1611 1426 1645 placuerit
1441 1611 1587 1646 imperans.
1601 1610 1679 1644 Quod

898 1659 965 1687 nulli
985 1659 1029 1685 alii
1043 1665 1201 1685 concessum
1219 1661 1270 1689 est,
1288 1661 1392 1683 tantum
1409 1657 1486 1684 abest
1507 1663 1535 1684 ut
1560 1657 1640 1692 pulici
1653 1662 1680 1684 et

898 1705 979 1732 muri.
1007 1703 1066 1737 Quo
1087 1704 1220 1737 praeconio
1246 1711 1278 1730 ac.
1302 1702 1381 1730 laude
1402 1698 1466 1737 quid
1490 1705 1682 1738 praestantius?

898 1751 962 1786 quid
977 1751 1127 1778 excelsius?

934 1796 1013 1828 lbid.,
1028 1796 1076 1822 lin.
1096 1795 1121 1822 8.
1140 1795 1253 1829 Ὥσπερ
1269 1795 1323 1829 γὰρ
1336 1795 1355 1828 ἡ
1369 1794 1503 1829 γηῖἩοιιιί
1519 1795 1618 1826 dubiis,
1633 1795 1680 1822 sed

903 1841 1066 1869 certissimis
1096 1840 1246 1868 rationibus
1271 1844 1378 1867 constat
1400 1844 1498 1866 terram
1517 1840 1611 1867 mundi
1636 1844 1680 1867 to-

900 1889 956 1915 tius
976 1887 1102 1919 mediam,
1126 1891 1152 1914 ct
1173 1886 1250 1921 quasi
1275 1891 1406 1913 centrum.
1434 1885 1547 1918 Plinius,
1567 1887 1584 1913 l.
1608 1895 1637 1918 ιι,
1655 1895 1680 1915 c.

899 1934 943 1966 (i9,
960 1934 1084 1969 plurimis
1101 1933 1127 1959 id
1142 1933 1308 1968 argumentis
1323 1932 1455 1967 probavit.
1473 1931 1563 1959 Primo
1577 1940 1610 1959 ex
1625 1941 1683 1960 cer-

899 1980 934 2007 tis
951 1979 1026 2006 horis
1051 1978 1218 2013 aequinoctii,
1245 1978 1365 2005 secundo
1382 1985 1415 2005 ex
1431 1978 1554 2013 dioptris,
1572 1986 1620 2006 seu
1638 1979 1681 2005 in-

899 2029 1111 2052 strumentorum
1134 2024 1255 2059 regulis;
1281 2024 1360 2051 tertio
1382 2031 1398 2050 a
1419 2023 1555 2051 solstitiali
1575 2028 1680 2052 exortu.

899 2071 1066 2101 Cleomedes,
1091 2070 1138 2097 lib.
1157 2078 1166 2096 ι
1184 2069 1306 2102 Meleon,
1323 2070 1458 2097 uberrime
1481 2069 1507 2096 id
1528 2069 1598 2097 idem
1620 2078 1683 2106 pru-

899 2117 945 2143 bat
966 2117 1000 2142 ab
1024 2117 1180 2142 umbrarum
1204 2116 1372 2144 differentiis.
1393 2116 1564 2148 Aristoteles,
1589 2116 1636 2144 lib.
1662 2123 1682 2143 ιι

900 2162 938 2188 De
952 2162 1027 2194 mlo,
1041 2169 1101 2196 cap.
1123 2162 1167 2193 Μ,
1184 2161 1307 2196 pluribus
1332 2162 1492 2195 conﬁrmat;
1517 2166 1544 2190 et
1569 2163 1615 2190 lib.
1644 2163 1683 2190 De

865 2203 886 2231 0
901 2208 991 2235 mundi
1006 2208 1110 2243 fabrica
1133 2208 1166 2234 ad
1188 2208 1319 2235 Alesand.
1336 2207 1413 2235 Unde
1436 2208 1579 2236 Lucretius
1591 2213 1682 2244 poeta,

898 2255 944 2282 lib.
962 2263 1001 2282 v.:

935 2312 1065 2347 Terraque
1080 2316 1108 2339 ut
1123 2313 1151 2338 in
1163 2312 1249 2348 medio
1260 2313 1350 2338 mundi
1365 2313 1467 2347 regione
1479 2314 1607 2348 quiescat,

933 2347 1058 2374 Partibus
1072 2348 1154 2374 aereis
1170 2347 1270 2378 mundi,
1287 2348 1378 2382 quibus
1392 2347 1488 2379 insita,
1496 2349 1567 2376 vivit.

934 2383 1076 2417 Propterea
1088 2391 1139 2410 non
1151 2387 1189 2410 est
1204 2383 1286 2412 oneri.
1299 2391 1378 2417 neque
1388 2383 1510 2418 deprimit
1526 2393 1616 2413 auras.

936 2417 970 2445 Ut
985 2427 1033 2446 sua
1048 2419 1138 2453 cuique
1154 2419 1251 2445 homini
1270 2418 1343 2444 nulla
1358 2420 1410 2445 sint
1427 2419 1540 2453 pandere
1556 2419 1683 2447 membra.

899 2473 1028 2500 Plurimis
1051 2473 1084 2501 de
1108 2473 1159 2500 hac
1184 2481 1214 2500 re
1241 2472 1406 2508 philosophi.
1434 2473 1501 2501 Illud
1526 2479 1616 2502 tamen
1638 2475 1682 2501 hic

899 2519 1048 2546 notandum
1073 2527 1105 2546 ex
1124 2520 1174 2545 hoc
1198 2523 1319 2551 auctore,
1347 2523 1445 2546 terram
1469 2528 1484 2547 a
1507 2521 1613 2549 duobus
1628 2522 1682 2549 ele-

901 2566 1010 2597 mentis,
1027 2572 1088 2592 aere
1110 2565 1213 2593 scilicet
1228 2569 1255 2592 et
1273 2573 1359 2600 aqua,
1379 2566 1536 2602 circumagi.
1553 2567 1683 2600 Quamvis

901 2610 973 2636 enim
997 2617 1078 2643 supra
1097 2613 1195 2636 terram
1221 2617 1305 2644 aquas
1328 2610 1441 2638 diﬂ‘undi
1465 2619 1576 2638 necesse
1597 2617 1682 2644 esset,

902 2660 991 2682 tamen
1015 2655 1041 2681 id
1064 2655 1153 2682 divina
1177 2656 1325 2691 contigisse
1342 2657 1532 2691 providentia:
1553 2666 1588 2685 ne
1605 2659 1684 2693 aquis

903 2709 952 2727 nos
967 2701 1089 2728 homines
1111 2702 1230 2728 obvoluti
1254 2702 1447 2730 suﬂ'ocaremur
1466 2703 1614 2732 intercluso
1629 2707 1685 2742 spi-

904 2747 969 2777 ritu,
986 2746 1032 2774 sed
1048 2754 1110 2774 aere
1124 2747 1290 2775 circumfuso
1307 2749 1483 2783 spiraremus.

938 2793 1018 2825 lbid.,
1045 2793 1092 2820 lin.
1126 2794 1169 2820 Η.
1197 2794 1278 2820 Οὕτω
1300 2794 1338 2829 δὴ
1358 2795 1405 2822 καὶ
1427 2797 1443 2822 ό
1471 2796 1518 2824 ἄν.
1544 2795 1582 2824 De
1602 2797 1688 2830 admi,

905 2840 990 2867 randa
1012 2840 1130 2868 hominis
1147 2845 1283 2869 structura
1304 2842 1380 2876 plura
1404 2843 1506 2877 antiqui
1523 2844 1689 2879 philosoph;

1473 2890 1506 2919 31
