  <div class='ocr_page' id='page_1' title='image "/cluster/home/n/w/nwhite01/storage/ocr_20150623/18/njp.32101077772455/783.png"; bbox 0 0 1897 3073; ppageno 0'>
   <div class='ocr_carea' id='block_1_1' title="bbox 226 119 278 150">
    <p class='ocr_par' dir='ltr' id='par_1_1' title="bbox 226 119 278 150">
     <span class='ocr_line' id='line_1_1' title="bbox 226 119 278 150; baseline 0.019 -1"><span class='ocrx_word' id='word_1_1' title='bbox 226 119 278 150; x_wconf 73' lang='grc'><strong>971</strong></span> 
     </span>
    </p>
   </div>
   <div class='ocr_carea' id='block_1_2' title="bbox 863 117 1846 148">
    <p class='ocr_par' dir='ltr' id='par_1_2' title="bbox 863 117 1846 148">
     <span class='ocr_line' id='line_1_2' title="bbox 863 117 1846 148; baseline -0.003 -1"><span class='ocrx_word' id='word_1_2' title='bbox 863 119 987 148; x_wconf 75' lang='lat' dir='ltr'><strong>LEONIS</strong></span> <span class='ocrx_word' id='word_1_3' title='bbox 1007 117 1146 145; x_wconf 77' lang='lat' dir='ltr'><strong>ALLATH</strong></span> <span class='ocrx_word' id='word_1_4' title='bbox 1798 117 1846 145; x_wconf 73' lang='lat'><strong>972</strong></span> 
     </span>
    </p>
   </div>
   <div class='ocr_carea' id='block_1_3' title="bbox 225 173 1848 211">
    <p class='ocr_par' dir='ltr' id='par_1_3' title="bbox 225 173 1848 211">
     <span class='ocr_line' id='line_1_3' title="bbox 225 173 1848 211; baseline -0.001 -10"><span class='ocrx_word' id='word_1_5' title='bbox 225 180 252 202; x_wconf 83' lang='lat' dir='ltr'><strong>et</strong></span> <span class='ocrx_word' id='word_1_6' title='bbox 265 174 359 202; x_wconf 85' lang='lat' dir='ltr'><strong>Patres</strong></span> <span class='ocrx_word' id='word_1_7' title='bbox 383 174 498 202; x_wconf 82' lang='lat' dir='ltr'><strong>Basilius</strong></span> <span class='ocrx_word' id='word_1_8' title='bbox 528 174 640 211; x_wconf 77' lang='lat' dir='ltr'><strong>Magnus</strong></span> <span class='ocrx_word' id='word_1_9' title='bbox 650 196 657 207; x_wconf 88' lang='lat'><strong>,</strong></span> <span class='ocrx_word' id='word_1_10' title='bbox 681 175 827 210; x_wconf 81' lang='lat' dir='ltr'><strong>Gregorius</strong></span> <span class='ocrx_word' id='word_1_11' title='bbox 849 174 990 210; x_wconf 73' lang='lat' dir='ltr'><strong>Nyssenns</strong></span> <span class='ocrx_word' id='word_1_12' title='bbox 1000 195 1007 205; x_wconf 89' lang='lat'><strong>,</strong></span> <span class='ocrx_word' id='word_1_13' title='bbox 1025 181 1044 208; x_wconf 80' lang='grc' dir='ltr'><strong>Α</strong></span> <span class='ocrx_word' id='word_1_14' title='bbox 1060 173 1239 200; x_wconf 78' lang='lat' dir='ltr'><strong>abhorruisse</strong></span> <span class='ocrx_word' id='word_1_15' title='bbox 1254 173 1398 208; x_wconf 79' lang='lat' dir='ltr'><strong>aliquando</strong></span> <span class='ocrx_word' id='word_1_16' title='bbox 1413 173 1528 206; x_wconf 89' lang='lat' dir='ltr'><strong>videtur,</strong></span> <span class='ocrx_word' id='word_1_17' title='bbox 1539 173 1694 202; x_wconf 77' lang='lat' dir='ltr'><strong>Comment.</strong></span> <span class='ocrx_word' id='word_1_18' title='bbox 1710 181 1790 207; x_wconf 73' lang='lat' dir='ltr'><strong>super</strong></span> <span class='ocrx_word' id='word_1_19' title='bbox 1799 173 1848 200; x_wconf 78' lang='lat' dir='ltr'><strong>Ec-</strong></span> 
     </span>
    </p>
   </div>
   <div class='ocr_carea' id='block_1_4' title="bbox 226 220 1009 253">
    <p class='ocr_par' dir='ltr' id='par_1_4' title="bbox 226 220 1009 253">
     <span class='ocr_line' id='line_1_4' title="bbox 226 220 1009 253; baseline 0.001 -6"><span class='ocrx_word' id='word_1_20' title='bbox 226 221 341 249; x_wconf 80' lang='lat' dir='ltr'><strong>Basilius</strong></span> <span class='ocrx_word' id='word_1_21' title='bbox 368 220 526 253; x_wconf 83' lang='lat' dir='ltr'><strong>Seleucius,</strong></span> <span class='ocrx_word' id='word_1_22' title='bbox 547 220 706 253; x_wconf 87' lang='lat' dir='ltr'><strong>Nemesius,</strong></span> <span class='ocrx_word' id='word_1_23' title='bbox 730 221 902 252; x_wconf 82' lang='lat' dir='ltr'><strong>Ambrosius,</strong></span> <span class='ocrx_word' id='word_1_24' title='bbox 923 220 1009 248; x_wconf 89' lang='lat' dir='ltr'><strong>Geor-</strong></span> 
     </span>
    </p>
   </div>
   <div class='ocr_carea' id='block_1_5' title="bbox 225 265 1009 303">
    <p class='ocr_par' dir='ltr' id='par_1_5' title="bbox 225 265 1009 303">
     <span class='ocr_line' id='line_1_5' title="bbox 225 265 1009 303; baseline -0.001 -9"><span class='ocrx_word' id='word_1_25' title='bbox 225 268 285 303; x_wconf 79' lang='lat' dir='ltr'><strong>gius</strong></span> <span class='ocrx_word' id='word_1_26' title='bbox 296 265 411 298; x_wconf 88' lang='lat' dir='ltr'><strong>Pisides,</strong></span> <span class='ocrx_word' id='word_1_27' title='bbox 427 267 462 293; x_wconf 86' lang='lat' dir='ltr'><strong>ita</strong></span> <span class='ocrx_word' id='word_1_28' title='bbox 479 272 506 293; x_wconf 90' lang='lat' dir='ltr'><strong>ut</strong></span> <span class='ocrx_word' id='word_1_29' title='bbox 521 267 632 294; x_wconf 88' lang='lat' dir='ltr'><strong>minime</strong></span> <span class='ocrx_word' id='word_1_30' title='bbox 647 275 736 302; x_wconf 75' lang='lat' dir='ltr'><strong>operae</strong></span> <span class='ocrx_word' id='word_1_31' title='bbox 752 268 867 302; x_wconf 91' lang='lat' dir='ltr'><strong>pretium</strong></span> <span class='ocrx_word' id='word_1_32' title='bbox 881 267 916 294; x_wconf 91' lang='lat' dir='ltr'><strong>sit</strong></span> <span class='ocrx_word' id='word_1_33' title='bbox 930 267 1009 302; x_wconf 87' lang='lat' dir='ltr'><strong>plura</strong></span> 
     </span>
    </p>
   </div>
   <div class='ocr_carea' id='block_1_6' title="bbox 227 311 1010 346">
    <p class='ocr_par' dir='ltr' id='par_1_6' title="bbox 227 311 1010 346">
     <span class='ocr_line' id='line_1_6' title="bbox 227 311 1010 346; baseline 0 -7"><span class='ocrx_word' id='word_1_34' title='bbox 227 313 254 340; x_wconf 88' lang='lat' dir='ltr'><strong>in</strong></span> <span class='ocrx_word' id='word_1_35' title='bbox 268 312 364 339; x_wconf 89' lang='lat' dir='ltr'><strong>horum</strong></span> <span class='ocrx_word' id='word_1_36' title='bbox 379 311 513 339; x_wconf 89' lang='lat' dir='ltr'><strong>dictorum</strong></span> <span class='ocrx_word' id='word_1_37' title='bbox 543 313 748 346; x_wconf 84' lang='lat' dir='ltr'><strong>explicationem</strong></span> <span class='ocrx_word' id='word_1_38' title='bbox 769 320 925 346; x_wconf 80' lang='lat' dir='ltr'><strong>congerere.</strong></span> <span class='ocrx_word' id='word_1_39' title='bbox 943 312 1010 339; x_wconf 82' lang='lat' dir='ltr'><strong>Vide</strong></span> 
     </span>
    </p>
   </div>
   <div class='ocr_carea' id='block_1_7' title="bbox 225 358 1008 395">
    <p class='ocr_par' dir='ltr' id='par_1_7' title="bbox 225 358 1008 395">
     <span class='ocr_line' id='line_1_7' title="bbox 225 358 1008 395; baseline 0 -9"><span class='ocrx_word' id='word_1_40' title='bbox 225 363 353 395; x_wconf 61' lang='lat' dir='ltr'><strong>praeterea</strong></span> <span class='ocrx_word' id='word_1_41' title='bbox 377 358 507 386; x_wconf 86' lang='lat' dir='ltr'><strong>Galenum</strong></span> <span class='ocrx_word' id='word_1_42' title='bbox 537 359 575 385; x_wconf 91' lang='lat' dir='ltr'><strong>De</strong></span> <span class='ocrx_word' id='word_1_43' title='bbox 596 367 644 385; x_wconf 84' lang='lat' dir='ltr'><strong>usu</strong></span> <span class='ocrx_word' id='word_1_44' title='bbox 668 360 794 394; x_wconf 85' lang='lat' dir='ltr'><strong>partium,</strong></span> <span class='ocrx_word' id='word_1_45' title='bbox 819 359 1008 395; x_wconf 76' lang='lat' dir='ltr'><strong>Theophilum,</strong></span> 
     </span>
    </p>
   </div>
   <div class='ocr_carea' id='block_1_8' title="bbox 225 404 820 436">
    <p class='ocr_par' dir='ltr' id='par_1_8' title="bbox 225 404 820 436">
     <span class='ocr_line' id='line_1_8' title="bbox 225 404 820 436; baseline -0.002 -3"><span class='ocrx_word' id='word_1_46' title='bbox 225 406 372 436; x_wconf 69' lang='lat' dir='ltr'><strong>Melvtium,</strong></span> <span class='ocrx_word' id='word_1_47' title='bbox 386 405 520 433; x_wconf 79' lang='lat' dir='ltr'><strong>Andream</strong></span> <span class='ocrx_word' id='word_1_48' title='bbox 535 404 685 432; x_wconf 83' lang='lat' dir='ltr'><strong>Vessalium</strong></span> <span class='ocrx_word' id='word_1_49' title='bbox 700 411 727 433; x_wconf 88' lang='lat' dir='ltr'><strong>et.</strong></span> <span class='ocrx_word' id='word_1_50' title='bbox 741 406 820 433; x_wconf 86' lang='lat' dir='ltr'><strong>alios.</strong></span> 
     </span>
    </p>
   </div>
   <div class='ocr_carea' id='block_1_9' title="bbox 259 451 1010 486">
    <p class='ocr_par' dir='ltr' id='par_1_9' title="bbox 259 451 1010 486">
     <span class='ocr_line' id='line_1_9' title="bbox 259 451 1010 486; baseline -0.001 -7"><span class='ocrx_word' id='word_1_51' title='bbox 259 452 317 479; x_wconf 86' lang='lat' dir='ltr'><strong>Col.</strong></span> <span class='ocrx_word' id='word_1_52' title='bbox 327 451 387 483; x_wconf 63' lang='lat'><strong>749,</strong></span> <span class='ocrx_word' id='word_1_53' title='bbox 405 451 452 479; x_wconf 91' lang='lat' dir='ltr'><strong>lin.</strong></span> <span class='ocrx_word' id='word_1_54' title='bbox 468 452 512 478; x_wconf 72' lang='grc'><strong>25.</strong></span> <span class='ocrx_word' id='word_1_55' title='bbox 528 451 581 477; x_wconf 85' lang='grc' dir='ltr'><strong>Τὸν</strong></span> <span class='ocrx_word' id='word_1_56' title='bbox 593 451 749 484; x_wconf 78' lang='grc' dir='ltr'><em>ἄνθρωπον</em></span> <span class='ocrx_word' id='word_1_57' title='bbox 762 452 795 478; x_wconf 80' lang='grc' dir='ltr'><strong>ἐκ</strong></span> <span class='ocrx_word' id='word_1_58' title='bbox 808 452 863 486; x_wconf 78' lang='grc' dir='ltr'><strong>τῆς</strong></span> <span class='ocrx_word' id='word_1_59' title='bbox 879 451 943 486; x_wconf 76' lang='grc' dir='ltr'><strong>γῆς.</strong></span> <span class='ocrx_word' id='word_1_60' title='bbox 955 451 1010 478; x_wconf 86' lang='grc' dir='ltr'>Νιι-</span> 
     </span>
    </p>
   </div>
   <div class='ocr_carea' id='block_1_10' title="bbox 224 496 1010 534">
    <p class='ocr_par' dir='ltr' id='par_1_10' title="bbox 224 496 1010 534">
     <span class='ocr_line' id='line_1_10' title="bbox 224 496 1010 534; baseline -0.001 -9"><span class='ocrx_word' id='word_1_61' title='bbox 224 498 368 534; x_wconf 79' lang='lat' dir='ltr'><strong>gacissime</strong></span> <span class='ocrx_word' id='word_1_62' title='bbox 385 498 411 524; x_wconf 92' lang='lat' dir='ltr'><strong>in</strong></span> <span class='ocrx_word' id='word_1_63' title='bbox 429 498 480 524; x_wconf 88' lang='lat' dir='ltr'><strong>hac</strong></span> <span class='ocrx_word' id='word_1_64' title='bbox 498 505 526 524; x_wconf 90' lang='lat' dir='ltr'><strong>re</strong></span> <span class='ocrx_word' id='word_1_65' title='bbox 548 497 665 524; x_wconf 80' lang='lat' dir='ltr'><strong>delirant</strong></span> <span class='ocrx_word' id='word_1_66' title='bbox 687 496 882 529; x_wconf 84' lang='lat' dir='ltr'><strong>Mahumetani,</strong></span> <span class='ocrx_word' id='word_1_67' title='bbox 902 498 948 532; x_wconf 90' lang='lat' dir='ltr'><strong>qui</strong></span> <span class='ocrx_word' id='word_1_68' title='bbox 969 498 1010 525; x_wconf 86' lang='lat' dir='ltr'><strong>di-</strong></span> 
     </span>
    </p>
   </div>
   <div class='ocr_carea' id='block_1_11' title="bbox 225 542 1009 577">
    <p class='ocr_par' dir='ltr' id='par_1_11' title="bbox 225 542 1009 577">
     <span class='ocr_line' id='line_1_11' title="bbox 225 542 1009 577; baseline -0.001 -7"><span class='ocrx_word' id='word_1_69' title='bbox 225 548 290 570; x_wconf 87' lang='lat' dir='ltr'><strong>cunt</strong></span> <span class='ocrx_word' id='word_1_70' title='bbox 309 543 393 571; x_wconf 88' lang='lat' dir='ltr'><strong>Deum</strong></span> <span class='ocrx_word' id='word_1_71' title='bbox 413 550 521 569; x_wconf 79' lang='lat' dir='ltr'><strong>creasse</strong></span> <span class='ocrx_word' id='word_1_72' title='bbox 547 542 676 569; x_wconf 90' lang='lat' dir='ltr'><strong>mundum</strong></span> <span class='ocrx_word' id='word_1_73' title='bbox 699 550 732 569; x_wconf 82' lang='lat' dir='ltr'><strong>ex</strong></span> <span class='ocrx_word' id='word_1_74' title='bbox 758 542 868 577; x_wconf 84' lang='lat' dir='ltr'><strong>pulvere</strong></span> <span class='ocrx_word' id='word_1_75' title='bbox 890 543 1009 569; x_wconf 91' lang='lat' dir='ltr'><strong>omnium</strong></span> 
     </span>
    </p>
   </div>
   <div class='ocr_carea' id='block_1_12' title="bbox 225 588 1008 623">
    <p class='ocr_par' dir='ltr' id='par_1_12' title="bbox 225 588 1008 623">
     <span class='ocr_line' id='line_1_12' title="bbox 225 588 1008 623; baseline -0.003 -7"><span class='ocrx_word' id='word_1_76' title='bbox 225 590 355 623; x_wconf 85' lang='lat' dir='ltr'><strong>colorum,</strong></span> <span class='ocrx_word' id='word_1_77' title='bbox 373 593 400 616; x_wconf 93' lang='lat' dir='ltr'><strong>et</strong></span> <span class='ocrx_word' id='word_1_78' title='bbox 416 589 548 615; x_wconf 84' lang='lat' dir='ltr'><strong>Adamum</strong></span> <span class='ocrx_word' id='word_1_79' title='bbox 565 596 598 615; x_wconf 79' lang='lat' dir='ltr'><strong>ex</strong></span> <span class='ocrx_word' id='word_1_80' title='bbox 614 588 678 615; x_wconf 88' lang='lat' dir='ltr'><strong>limo</strong></span> <span class='ocrx_word' id='word_1_81' title='bbox 692 589 781 616; x_wconf 86' lang='lat' dir='ltr'><strong>omnis</strong></span> <span class='ocrx_word' id='word_1_82' title='bbox 796 589 904 623; x_wconf 78' lang='lat' dir='ltr'><strong>generis</strong></span> <span class='ocrx_word' id='word_1_83' title='bbox 921 592 1008 616; x_wconf 85' lang='lat' dir='ltr'><strong>terra-</strong></span> 
     </span>
    </p>
   </div>
   <div class='ocr_carea' id='block_1_13' title="bbox 225 633 1009 669">
    <p class='ocr_par' dir='ltr' id='par_1_13' title="bbox 225 633 1009 669">
     <span class='ocr_line' id='line_1_13' title="bbox 225 633 1009 669; baseline -0.001 -7"><span class='ocrx_word' id='word_1_84' title='bbox 225 644 294 664; x_wconf 85' lang='lat' dir='ltr'><strong>rum.</strong></span> <span class='ocrx_word' id='word_1_85' title='bbox 310 635 377 663; x_wconf 87' lang='lat' dir='ltr'><strong>Nam</strong></span> <span class='ocrx_word' id='word_1_86' title='bbox 404 635 426 662; x_wconf 91' lang='lat' dir='ltr'><strong>si</strong></span> <span class='ocrx_word' id='word_1_87' title='bbox 453 635 567 662; x_wconf 79' lang='lat' dir='ltr'><strong>fuissent</strong></span> <span class='ocrx_word' id='word_1_88' title='bbox 593 634 674 661; x_wconf 91' lang='lat' dir='ltr'><strong>unius</strong></span> <span class='ocrx_word' id='word_1_89' title='bbox 700 633 876 669; x_wconf 82' lang='lat' dir='ltr'><strong>ejusdemque</strong></span> <span class='ocrx_word' id='word_1_90' title='bbox 899 634 1009 665; x_wconf 86' lang='lat' dir='ltr'><strong>coloris,</strong></span> 
     </span>
    </p>
   </div>
   <div class='ocr_carea' id='block_1_14' title="bbox 225 679 1010 711">
    <p class='ocr_par' dir='ltr' id='par_1_14' title="bbox 225 679 1010 711">
     <span class='ocr_line' id='line_1_14' title="bbox 225 679 1010 711; baseline -0.003 -2"><span class='ocrx_word' id='word_1_91' title='bbox 225 689 319 709; x_wconf 89' lang='lat' dir='ltr'><strong>omnes</strong></span> <span class='ocrx_word' id='word_1_92' title='bbox 333 689 378 708; x_wconf 89' lang='lat' dir='ltr'><strong>res</strong></span> <span class='ocrx_word' id='word_1_93' title='bbox 396 681 510 708; x_wconf 82' lang='lat' dir='ltr'><strong>invicem</strong></span> <span class='ocrx_word' id='word_1_94' title='bbox 534 680 636 708; x_wconf 86' lang='lat' dir='ltr'><strong>similes</strong></span> <span class='ocrx_word' id='word_1_95' title='bbox 661 680 767 708; x_wconf 85' lang='lat' dir='ltr'><strong>futuras</strong></span> <span class='ocrx_word' id='word_1_96' title='bbox 787 679 881 711; x_wconf 76' lang='lat' dir='ltr'><strong>fuisse,</strong></span> <span class='ocrx_word' id='word_1_97' title='bbox 898 688 948 708; x_wconf 88' lang='lat' dir='ltr'><strong>nec</strong></span> <span class='ocrx_word' id='word_1_98' title='bbox 962 680 1010 707; x_wconf 85' lang='lat' dir='ltr'><strong>ho-</strong></span> 
     </span>
    </p>
   </div>
   <div class='ocr_carea' id='block_1_15' title="bbox 225 725 1010 761">
    <p class='ocr_par' dir='ltr' id='par_1_15' title="bbox 225 725 1010 761">
     <span class='ocr_line' id='line_1_15' title="bbox 225 725 1010 761; baseline -0.004 -6"><span class='ocrx_word' id='word_1_99' title='bbox 225 729 324 755; x_wconf 84' lang='lat' dir='ltr'><strong>minem</strong></span> <span class='ocrx_word' id='word_1_100' title='bbox 343 735 425 755; x_wconf 94' lang='lat' dir='ltr'><strong>unum</strong></span> <span class='ocrx_word' id='word_1_101' title='bbox 441 727 474 754; x_wconf 88' lang='lat' dir='ltr'><strong>ab</strong></span> <span class='ocrx_word' id='word_1_102' title='bbox 489 727 593 754; x_wconf 87' lang='lat' dir='ltr'><strong>alterno</strong></span> <span class='ocrx_word' id='word_1_103' title='bbox 610 727 714 754; x_wconf 81' lang='lat' dir='ltr'><strong>secerni</strong></span> <span class='ocrx_word' id='word_1_104' title='bbox 735 727 865 761; x_wconf 89' lang='lat' dir='ltr'><strong>potuisse.</strong></span> <span class='ocrx_word' id='word_1_105' title='bbox 887 725 1010 753; x_wconf 79' lang='lat' dir='ltr'><strong>Ridicnla</strong></span> 
     </span>
    </p>
   </div>
   <div class='ocr_carea' id='block_1_16' title="bbox 224 774 1009 805">
    <p class='ocr_par' dir='ltr' id='par_1_16' title="bbox 224 774 1009 805">
     <span class='ocr_line' id='line_1_16' title="bbox 224 774 1009 805; baseline -0.001 -1"><span class='ocrx_word' id='word_1_106' title='bbox 224 777 288 805; x_wconf 76' lang='lat' dir='ltr'><strong>item</strong></span> <span class='ocrx_word' id='word_1_107' title='bbox 310 780 349 803; x_wconf 89' lang='lat' dir='ltr'><strong>est</strong></span> <span class='ocrx_word' id='word_1_108' title='bbox 375 775 533 802; x_wconf 83' lang='lat' dir='ltr'><strong>Mohametis</strong></span> <span class='ocrx_word' id='word_1_109' title='bbox 547 774 670 802; x_wconf 85' lang='lat' dir='ltr'><strong>doctrina</strong></span> <span class='ocrx_word' id='word_1_110' title='bbox 697 775 730 802; x_wconf 87' lang='lat' dir='ltr'><strong>de</strong></span> <span class='ocrx_word' id='word_1_111' title='bbox 752 775 856 802; x_wconf 81' lang='lat' dir='ltr'><strong>factura</strong></span> <span class='ocrx_word' id='word_1_112' title='bbox 879 775 1009 803; x_wconf 75' lang='lat' dir='ltr'><strong>hominis.</strong></span> 
     </span>
    </p>
   </div>
   <div class='ocr_carea' id='block_1_17' title="bbox 223 822 1011 858">
    <p class='ocr_par' dir='ltr' id='par_1_17' title="bbox 223 822 1011 858">
     <span class='ocr_line' id='line_1_17' title="bbox 223 822 1011 858; baseline -0.003 -8"><span class='ocrx_word' id='word_1_113' title='bbox 223 831 276 858; x_wconf 88' lang='lat' dir='ltr'><strong>qua</strong></span> <span class='ocrx_word' id='word_1_114' title='bbox 292 823 357 850; x_wconf 86' lang='lat' dir='ltr'><strong>dicit</strong></span> <span class='ocrx_word' id='word_1_115' title='bbox 379 823 515 850; x_wconf 89' lang='lat' dir='ltr'><strong>hominem</strong></span> <span class='ocrx_word' id='word_1_116' title='bbox 540 830 574 850; x_wconf 80' lang='lat' dir='ltr'><strong>ex</strong></span> <span class='ocrx_word' id='word_1_117' title='bbox 589 822 682 856; x_wconf 87' lang='lat' dir='ltr'><strong>humo,</strong></span> <span class='ocrx_word' id='word_1_118' title='bbox 701 822 773 850; x_wconf 81' lang='lat' dir='ltr'><strong>stilla</strong></span> <span class='ocrx_word' id='word_1_119' title='bbox 791 822 943 849; x_wconf 85' lang='lat' dir='ltr'><strong>hirundinis</strong></span> <span class='ocrx_word' id='word_1_120' title='bbox 954 822 1011 849; x_wconf 87' lang='lat' dir='ltr'><strong>sive</strong></span> 
     </span>
    </p>
   </div>
   <div class='ocr_carea' id='block_1_18' title="bbox 1063 217 1845 253">
    <p class='ocr_par' dir='ltr' id='par_1_18' title="bbox 1063 217 1845 253">
     <span class='ocr_line' id='line_1_18' title="bbox 1063 217 1845 253; baseline 0.004 -10"><span class='ocrx_word' id='word_1_121' title='bbox 1063 217 1195 249; x_wconf 61' lang='lat' dir='ltr'><strong>desinat;</strong></span> <span class='ocrx_word' id='word_1_122' title='bbox 1210 217 1366 252; x_wconf 79' lang='lat' dir='ltr'><strong>Cajetanus,</strong></span> <span class='ocrx_word' id='word_1_123' title='bbox 1385 219 1412 244; x_wconf 81' lang='lat' dir='ltr'><strong>in</strong></span> <span class='ocrx_word' id='word_1_124' title='bbox 1424 218 1520 252; x_wconf 77' lang='lat' dir='ltr'><strong>psatm.</strong></span> <span class='ocrx_word' id='word_1_125' title='bbox 1538 226 1643 251; x_wconf 73' lang='lat' dir='ltr'><strong>cxxxv;</strong></span> <span class='ocrx_word' id='word_1_126' title='bbox 1663 219 1845 253; x_wconf 81' lang='lat' dir='ltr'><strong>Augustinus,</strong></span> 
     </span>
    </p>
   </div>
   <div class='ocr_carea' id='block_1_19' title="bbox 1063 262 1846 298">
    <p class='ocr_par' dir='ltr' id='par_1_19' title="bbox 1063 262 1846 298">
     <span class='ocr_line' id='line_1_19' title="bbox 1063 262 1846 298; baseline 0.001 -9"><span class='ocrx_word' id='word_1_127' title='bbox 1063 263 1110 290; x_wconf 88' lang='lat' dir='ltr'><strong>lib.</strong></span> <span class='ocrx_word' id='word_1_128' title='bbox 1132 270 1150 290; x_wconf 91' lang='grc' dir='ltr'><strong>ιι</strong></span> <span class='ocrx_word' id='word_1_129' title='bbox 1166 262 1205 289; x_wconf 92' lang='lat' dir='ltr'><strong>De</strong></span> <span class='ocrx_word' id='word_1_130' title='bbox 1224 262 1315 290; x_wconf 77' lang='lat' dir='ltr'><strong>Cenes.</strong></span> <span class='ocrx_word' id='word_1_131' title='bbox 1332 263 1366 290; x_wconf 89' lang='lat' dir='ltr'><strong>ad</strong></span> <span class='ocrx_word' id='word_1_132' title='bbox 1392 264 1456 295; x_wconf 82' lang='lat' dir='ltr'><strong>tiu.,</strong></span> <span class='ocrx_word' id='word_1_133' title='bbox 1476 271 1536 298; x_wconf 91' lang='lat' dir='ltr'><strong>cap.</strong></span> <span class='ocrx_word' id='word_1_134' title='bbox 1567 264 1611 297; x_wconf 79' lang='lat' dir='ltr'><strong>i8,</strong></span> <span class='ocrx_word' id='word_1_135' title='bbox 1632 269 1660 291; x_wconf 85' lang='lat' dir='ltr'><strong>et</strong></span> <span class='ocrx_word' id='word_1_136' title='bbox 1683 262 1794 290; x_wconf 81' lang='lat' dir='ltr'><strong>Encln&#39;r.</strong></span> <span class='ocrx_word' id='word_1_137' title='bbox 1813 266 1846 290; x_wconf 79' lang='lat' dir='ltr'><strong>ad</strong></span> 
     </span>
    </p>
   </div>
   <div class='ocr_carea' id='block_1_20' title="bbox 1063 308 1844 344">
    <p class='ocr_par' dir='ltr' id='par_1_20' title="bbox 1063 308 1844 344">
     <span class='ocr_line' id='line_1_20' title="bbox 1063 308 1844 344; baseline 0.004 -10"><span class='ocrx_word' id='word_1_138' title='bbox 1063 308 1243 339; x_wconf 84' lang='lat' dir='ltr'><strong>Laurentium,</strong></span> <span class='ocrx_word' id='word_1_139' title='bbox 1260 317 1319 344; x_wconf 92' lang='lat' dir='ltr'><strong>cap.</strong></span> <span class='ocrx_word' id='word_1_140' title='bbox 1335 309 1380 336; x_wconf 82' lang='lat'><strong>58.</strong></span> <span class='ocrx_word' id='word_1_141' title='bbox 1407 308 1543 337; x_wconf 81' lang='lat' dir='ltr'><strong>Relelluut</strong></span> <span class='ocrx_word' id='word_1_142' title='bbox 1565 317 1625 336; x_wconf 91' lang='lat' dir='ltr'><strong>eam</strong></span> <span class='ocrx_word' id='word_1_143' title='bbox 1651 309 1769 337; x_wconf 80' lang='lat' dir='ltr'><strong>Basilius</strong></span> <span class='ocrx_word' id='word_1_144' title='bbox 1793 310 1844 337; x_wconf 83' lang='lat' dir='ltr'><strong>Ma-</strong></span> 
     </span>
    </p>
   </div>
   <div class='ocr_carea' id='block_1_21' title="bbox 1062 354 1848 390">
    <p class='ocr_par' dir='ltr' id='par_1_21' title="bbox 1062 354 1848 390">
     <span class='ocr_line' id='line_1_21' title="bbox 1062 354 1848 390; baseline 0 -9"><span class='ocrx_word' id='word_1_145' title='bbox 1062 362 1142 390; x_wconf 85' lang='lat' dir='ltr'><strong>gnus,</strong></span> <span class='ocrx_word' id='word_1_146' title='bbox 1160 355 1258 382; x_wconf 80' lang='lat' dir='ltr'><strong>hom.5</strong></span> <span class='ocrx_word' id='word_1_147' title='bbox 1274 355 1300 381; x_wconf 88' lang='lat' dir='ltr'><strong>in</strong></span> <span class='ocrx_word' id='word_1_148' title='bbox 1314 354 1489 388; x_wconf 70' lang='lat' dir='ltr'><strong>Ilezaem.,et</strong></span> <span class='ocrx_word' id='word_1_149' title='bbox 1505 355 1700 386; x_wconf 84' lang='lat' dir='ltr'><strong>Damascenus,</strong></span> <span class='ocrx_word' id='word_1_150' title='bbox 1711 355 1759 382; x_wconf 85' lang='lat' dir='ltr'><strong>lib.</strong></span> <span class='ocrx_word' id='word_1_151' title='bbox 1776 362 1795 381; x_wconf 91' lang='grc' dir='ltr'><strong>ιι</strong></span> <span class='ocrx_word' id='word_1_152' title='bbox 1811 355 1848 381; x_wconf 76' lang='lat' dir='ltr'><strong>De</strong></span> 
     </span>
    </p>
   </div>
   <div class='ocr_carea' id='block_1_22' title="bbox 1062 400 1846 436">
    <p class='ocr_par' dir='ltr' id='par_1_22' title="bbox 1062 400 1846 436">
     <span class='ocr_line' id='line_1_22' title="bbox 1062 400 1846 436; baseline 0.003 -10"><span class='ocrx_word' id='word_1_153' title='bbox 1062 400 1114 434; x_wconf 77' lang='lat' dir='ltr'><strong>ﬁde</strong></span> <span class='ocrx_word' id='word_1_154' title='bbox 1125 401 1310 436; x_wconf 82' lang='lat' dir='ltr'><strong>orthod.,cap.</strong></span> <span class='ocrx_word' id='word_1_155' title='bbox 1328 401 1355 428; x_wconf 88' lang='lat'><strong>6.</strong></span> <span class='ocrx_word' id='word_1_156' title='bbox 1372 400 1442 434; x_wconf 82' lang='lat' dir='ltr'><strong>Quid</strong></span> <span class='ocrx_word' id='word_1_157' title='bbox 1462 401 1498 428; x_wconf 88' lang='lat' dir='ltr'><strong>sit</strong></span> <span class='ocrx_word' id='word_1_158' title='bbox 1514 402 1541 428; x_wconf 93' lang='lat' dir='ltr'><strong>in</strong></span> <span class='ocrx_word' id='word_1_159' title='bbox 1559 402 1611 428; x_wconf 85' lang='lat' dir='ltr'><strong>hac</strong></span> <span class='ocrx_word' id='word_1_160' title='bbox 1628 409 1658 428; x_wconf 89' lang='lat' dir='ltr'><strong>re</strong></span> <span class='ocrx_word' id='word_1_161' title='bbox 1675 400 1846 428; x_wconf 82' lang='lat' dir='ltr'><strong>sentiendum</strong></span> 
     </span>
    </p>
   </div>
   <div class='ocr_carea' id='block_1_23' title="bbox 1062 446 1846 482">
    <p class='ocr_par' dir='ltr' id='par_1_23' title="bbox 1062 446 1846 482">
     <span class='ocr_line' id='line_1_23' title="bbox 1062 446 1846 482; baseline 0.003 -10"><span class='ocrx_word' id='word_1_162' title='bbox 1062 447 1163 479; x_wconf 89' lang='lat' dir='ltr'><strong>optime</strong></span> <span class='ocrx_word' id='word_1_163' title='bbox 1178 446 1294 481; x_wconf 86' lang='lat' dir='ltr'><strong>explicat</strong></span> <span class='ocrx_word' id='word_1_164' title='bbox 1312 446 1340 472; x_wconf 90' lang='lat' dir='ltr'><strong>S.</strong></span> <span class='ocrx_word' id='word_1_165' title='bbox 1359 446 1489 479; x_wconf 86' lang='lat' dir='ltr'><strong>Thomas,</strong></span> <span class='ocrx_word' id='word_1_166' title='bbox 1505 455 1513 473; x_wconf 94' lang='grc' dir='ltr'><strong>ι</strong></span> <span class='ocrx_word' id='word_1_167' title='bbox 1535 451 1619 481; x_wconf 84' lang='lat' dir='ltr'><strong>part.,</strong></span> <span class='ocrx_word' id='word_1_168' title='bbox 1646 451 1744 482; x_wconf 68' lang='lat' dir='ltr'><strong>quaest.</strong></span> <span class='ocrx_word' id='word_1_169' title='bbox 1761 447 1805 480; x_wconf 89' lang='lat'><strong>70,</strong></span> <span class='ocrx_word' id='word_1_170' title='bbox 1821 454 1846 474; x_wconf 82' lang='lat' dir='ltr'><strong>et</strong></span> 
     </span>
    </p>
   </div>
   <div class='ocr_carea' id='block_1_24' title="bbox 1063 492 1848 527">
    <p class='ocr_par' dir='ltr' id='par_1_24' title="bbox 1063 492 1848 527">
     <span class='ocr_line' id='line_1_24' title="bbox 1063 492 1848 527; baseline 0.003 -9"><span class='ocrx_word' id='word_1_171' title='bbox 1063 499 1148 526; x_wconf 82' lang='lat' dir='ltr'><strong>nuper</strong></span> <span class='ocrx_word' id='word_1_172' title='bbox 1158 492 1192 519; x_wconf 90' lang='lat' dir='ltr'><strong>de</strong></span> <span class='ocrx_word' id='word_1_173' title='bbox 1209 492 1260 519; x_wconf 89' lang='lat' dir='ltr'><strong>hac</strong></span> <span class='ocrx_word' id='word_1_174' title='bbox 1275 492 1368 519; x_wconf 86' lang='lat' dir='ltr'><strong>eadem</strong></span> <span class='ocrx_word' id='word_1_175' title='bbox 1380 500 1411 520; x_wconf 85' lang='lat' dir='ltr'><strong>re</strong></span> <span class='ocrx_word' id='word_1_176' title='bbox 1425 493 1558 527; x_wconf 78' lang='lat' dir='ltr'><strong>singulari</strong></span> <span class='ocrx_word' id='word_1_177' title='bbox 1578 494 1689 527; x_wconf 79' lang='lat' dir='ltr'><strong>pietate,</strong></span> <span class='ocrx_word' id='word_1_178' title='bbox 1709 498 1737 520; x_wconf 89' lang='lat' dir='ltr'><strong>et</strong></span> <span class='ocrx_word' id='word_1_179' title='bbox 1756 493 1848 520; x_wconf 87' lang='lat' dir='ltr'><strong>erudi-</strong></span> 
     </span>
    </p>
   </div>
   <div class='ocr_carea' id='block_1_25' title="bbox 1063 538 1845 574">
    <p class='ocr_par' dir='ltr' id='par_1_25' title="bbox 1063 538 1845 574">
     <span class='ocr_line' id='line_1_25' title="bbox 1063 538 1845 574; baseline 0.003 -11"><span class='ocrx_word' id='word_1_180' title='bbox 1063 538 1136 565; x_wconf 89' lang='lat' dir='ltr'><strong>tione</strong></span> <span class='ocrx_word' id='word_1_181' title='bbox 1146 538 1197 570; x_wconf 82' lang='lat' dir='ltr'><strong>vir,</strong></span> <span class='ocrx_word' id='word_1_182' title='bbox 1211 541 1238 564; x_wconf 83' lang='lat' dir='ltr'><strong>et</strong></span> <span class='ocrx_word' id='word_1_183' title='bbox 1252 538 1304 564; x_wconf 89' lang='lat' dir='ltr'><strong>mei</strong></span> <span class='ocrx_word' id='word_1_184' title='bbox 1325 538 1508 566; x_wconf 81' lang='lat' dir='ltr'><strong>amicissimus</strong></span> <span class='ocrx_word' id='word_1_185' title='bbox 1518 538 1606 565; x_wconf 82' lang='lat' dir='ltr'><strong>Julius</strong></span> <span class='ocrx_word' id='word_1_186' title='bbox 1621 539 1713 566; x_wconf 72' lang='lat' dir='ltr'><strong>Cmsar</strong></span> <span class='ocrx_word' id='word_1_187' title='bbox 1725 538 1845 574; x_wconf 79' lang='lat' dir='ltr'><strong>Lagalla,</strong></span> 
     </span>
    </p>
   </div>
   <div class='ocr_carea' id='block_1_26' title="bbox 1064 583 1846 620">
    <p class='ocr_par' dir='ltr' id='par_1_26' title="bbox 1064 583 1846 620">
     <span class='ocr_line' id='line_1_26' title="bbox 1064 583 1846 620; baseline 0.003 -11"><span class='ocrx_word' id='word_1_188' title='bbox 1064 583 1183 610; x_wconf 91' lang='lat' dir='ltr'><strong>libellum</strong></span> <span class='ocrx_word' id='word_1_189' title='bbox 1198 584 1231 611; x_wconf 93' lang='lat' dir='ltr'><strong>de</strong></span> <span class='ocrx_word' id='word_1_190' title='bbox 1247 583 1298 610; x_wconf 87' lang='lat' dir='ltr'><strong>hac</strong></span> <span class='ocrx_word' id='word_1_191' title='bbox 1309 591 1338 611; x_wconf 90' lang='lat' dir='ltr'><strong>re</strong></span> <span class='ocrx_word' id='word_1_192' title='bbox 1350 584 1511 618; x_wconf 84' lang='lat' dir='ltr'><strong>scripserat;</strong></span> <span class='ocrx_word' id='word_1_193' title='bbox 1526 593 1607 619; x_wconf 85' lang='lat' dir='ltr'><strong>quem</strong></span> <span class='ocrx_word' id='word_1_194' title='bbox 1622 592 1674 619; x_wconf 74' lang='lat' dir='ltr'><strong>ego</strong></span> <span class='ocrx_word' id='word_1_195' title='bbox 1688 585 1725 611; x_wconf 92' lang='lat' dir='ltr'><strong>ob</strong></span> <span class='ocrx_word' id='word_1_196' title='bbox 1738 586 1846 620; x_wconf 83' lang='lat' dir='ltr'><strong>elegan-</strong></span> 
     </span>
    </p>
   </div>
   <div class='ocr_carea' id='block_1_27' title="bbox 1063 628 1845 664">
    <p class='ocr_par' dir='ltr' id='par_1_27' title="bbox 1063 628 1845 664">
     <span class='ocr_line' id='line_1_27' title="bbox 1063 628 1845 664; baseline 0.003 -10"><span class='ocrx_word' id='word_1_197' title='bbox 1063 628 1138 659; x_wconf 89' lang='lat' dir='ltr'><strong>tiam,</strong></span> <span class='ocrx_word' id='word_1_198' title='bbox 1159 631 1186 655; x_wconf 80' lang='lat' dir='ltr'><strong>et</strong></span> <span class='ocrx_word' id='word_1_199' title='bbox 1212 628 1342 656; x_wconf 65' lang='lat' dir='ltr'><strong>doctrinae</strong></span> <span class='ocrx_word' id='word_1_200' title='bbox 1360 628 1544 664; x_wconf 70' lang='lat' dir='ltr'><strong>peripatetica:</strong></span> <span class='ocrx_word' id='word_1_201' title='bbox 1563 637 1697 656; x_wconf 85' lang='lat' dir='ltr'><strong>summam</strong></span> <span class='ocrx_word' id='word_1_202' title='bbox 1710 630 1845 663; x_wconf 83' lang='lat' dir='ltr'><strong>peritiam,</strong></span> 
     </span>
    </p>
   </div>
   <div class='ocr_carea' id='block_1_28' title="bbox 1062 673 1847 711">
    <p class='ocr_par' dir='ltr' id='par_1_28' title="bbox 1062 673 1847 711">
     <span class='ocr_line' id='line_1_28' title="bbox 1062 673 1847 711; baseline 0.004 -11"><span class='ocrx_word' id='word_1_203' title='bbox 1062 673 1125 700; x_wconf 90' lang='lat' dir='ltr'><strong>dum</strong></span> <span class='ocrx_word' id='word_1_204' title='bbox 1138 673 1324 709; x_wconf 70' lang='lat' dir='ltr'><strong>Haidelberga:</strong></span> <span class='ocrx_word' id='word_1_205' title='bbox 1334 682 1529 706; x_wconf 89' lang='lat' dir='ltr'><strong>commorarer,</strong></span> <span class='ocrx_word' id='word_1_206' title='bbox 1541 675 1660 702; x_wconf 82' lang='lat' dir='ltr'><strong>maximo</strong></span> <span class='ocrx_word' id='word_1_207' title='bbox 1672 675 1847 711; x_wconf 84' lang='lat' dir='ltr'><strong>philosopho-</strong></span> 
     </span>
    </p>
   </div>
   <div class='ocr_carea' id='block_1_29' title="bbox 1062 719 1845 755">
    <p class='ocr_par' dir='ltr' id='par_1_29' title="bbox 1062 719 1845 755">
     <span class='ocr_line' id='line_1_29' title="bbox 1062 719 1845 755; baseline 0.004 -9"><span class='ocrx_word' id='word_1_208' title='bbox 1062 727 1122 746; x_wconf 91' lang='lat' dir='ltr'><strong>rum</strong></span> <span class='ocrx_word' id='word_1_209' title='bbox 1133 719 1409 754; x_wconf 75' lang='lat' dir='ltr'><strong>desiderioedendum</strong></span> <span class='ocrx_word' id='word_1_210' title='bbox 1421 721 1524 749; x_wconf 86' lang='lat' dir='ltr'><strong>curavi.</strong></span> <span class='ocrx_word' id='word_1_211' title='bbox 1535 720 1621 754; x_wconf 85' lang='lat' dir='ltr'><strong>Quem</strong></span> <span class='ocrx_word' id='word_1_212' title='bbox 1633 722 1736 755; x_wconf 86' lang='lat' dir='ltr'><strong>adesis,</strong></span> <span class='ocrx_word' id='word_1_213' title='bbox 1751 723 1845 753; x_wconf 83' lang='lat' dir='ltr'><strong>lector,</strong></span> 
     </span>
    </p>
   </div>
   <div class='ocr_carea' id='block_1_30' title="bbox 1062 766 1845 802">
    <p class='ocr_par' dir='ltr' id='par_1_30' title="bbox 1062 766 1845 802">
     <span class='ocr_line' id='line_1_30' title="bbox 1062 766 1845 802; baseline 0.005 -10"><span class='ocrx_word' id='word_1_214' title='bbox 1062 766 1085 792; x_wconf 85' lang='lat' dir='ltr'><strong>si</strong></span> <span class='ocrx_word' id='word_1_215' title='bbox 1101 774 1175 801; x_wconf 66' lang='lat' dir='ltr'><strong>purae</strong></span> <span class='ocrx_word' id='word_1_216' title='bbox 1192 767 1371 802; x_wconf 65' lang='lat' dir='ltr'><strong>philosophia:</strong></span> <span class='ocrx_word' id='word_1_217' title='bbox 1386 766 1506 795; x_wconf 82' lang='lat' dir='ltr'><strong>fontibus</strong></span> <span class='ocrx_word' id='word_1_218' title='bbox 1521 767 1683 800; x_wconf 81' lang='lat' dir='ltr'><strong>delectaris;</strong></span> <span class='ocrx_word' id='word_1_219' title='bbox 1707 769 1732 796; x_wconf 92' lang='lat' dir='ltr'><strong>si</strong></span> <span class='ocrx_word' id='word_1_220' title='bbox 1755 773 1845 796; x_wconf 82' lang='lat' dir='ltr'><strong>nostra</strong></span> 
     </span>
    </p>
   </div>
   <div class='ocr_carea' id='block_1_31' title="bbox 1063 812 1842 847">
    <p class='ocr_par' dir='ltr' id='par_1_31' title="bbox 1063 812 1842 847">
     <span class='ocr_line' id='line_1_31' title="bbox 1063 812 1842 847; baseline 0.003 -9"><span class='ocrx_word' id='word_1_221' title='bbox 1063 812 1120 838; x_wconf 71' lang='lat' dir='ltr'><strong>haec</strong></span> <span class='ocrx_word' id='word_1_222' title='bbox 1132 817 1252 847; x_wconf 90' lang='lat' dir='ltr'><strong>tempora</strong></span> <span class='ocrx_word' id='word_1_223' title='bbox 1264 812 1463 847; x_wconf 83' lang='lat' dir='ltr'><strong>antiquioribus</strong></span> <span class='ocrx_word' id='word_1_224' title='bbox 1486 813 1549 846; x_wconf 91' lang='lat' dir='ltr'><strong>illis,</strong></span> <span class='ocrx_word' id='word_1_225' title='bbox 1579 821 1628 841; x_wconf 90' lang='lat' dir='ltr'><strong>nec</strong></span> <span class='ocrx_word' id='word_1_226' title='bbox 1652 813 1783 841; x_wconf 82' lang='lat' dir='ltr'><strong>inferiora</strong></span> <span class='ocrx_word' id='word_1_227' title='bbox 1798 815 1842 840; x_wconf 89' lang='lat' dir='ltr'><strong>lit-</strong></span> 
     </span>
    </p>
   </div>
   <div class='ocr_carea' id='block_1_32' title="bbox 223 856 1008 905">
    <p class='ocr_par' dir='ltr' id='par_1_32' title="bbox 223 867 1008 905">
     <span class='ocr_line' id='line_1_32' title="bbox 223 867 1008 905; baseline -0.004 -8"><span class='ocrx_word' id='word_1_228' title='bbox 223 870 404 905; x_wconf 63' lang='lat' dir='ltr'><strong>sanguisugn,</strong></span> <span class='ocrx_word' id='word_1_229' title='bbox 418 872 444 896; x_wconf 89' lang='lat' dir='ltr'><strong>et</strong></span> <span class='ocrx_word' id='word_1_230' title='bbox 459 868 668 895; x_wconf 87' lang='lat' dir='ltr'><strong>manducatione</strong></span> <span class='ocrx_word' id='word_1_231' title='bbox 684 868 774 895; x_wconf 86' lang='lat' dir='ltr'><strong>lietum</strong></span> <span class='ocrx_word' id='word_1_232' title='bbox 791 875 860 895; x_wconf 86' lang='lat' dir='ltr'><strong>esse.</strong></span> <span class='ocrx_word' id='word_1_233' title='bbox 878 867 950 895; x_wconf 90' lang='lat' dir='ltr'><strong>Ordo</strong></span> <span class='ocrx_word' id='word_1_234' title='bbox 964 868 1008 902; x_wconf 86' lang='lat' dir='ltr'><strong>qui</strong></span> 
     </span>
    </p>
   </div>
   <div class='ocr_carea' id='block_1_33' title="bbox 1064 856 1846 905">
    <p class='ocr_par' dir='ltr' id='par_1_33' title="bbox 1064 858 1846 893">
     <span class='ocr_line' id='line_1_33' title="bbox 1064 858 1846 893; baseline 0.003 -8"><span class='ocrx_word' id='word_1_235' title='bbox 1064 858 1143 887; x_wconf 67' lang='lat' dir='ltr'><strong>teris.</strong></span> <span class='ocrx_word' id='word_1_236' title='bbox 1156 865 1205 886; x_wconf 90' lang='lat' dir='ltr'><strong>nec</strong></span> <span class='ocrx_word' id='word_1_237' title='bbox 1225 858 1437 893; x_wconf 77' lang='lat' dir='ltr'><strong>cogitationibus</strong></span> <span class='ocrx_word' id='word_1_238' title='bbox 1455 858 1628 892; x_wconf 89' lang='lat' dir='ltr'><strong>obscuriora,</strong></span> <span class='ocrx_word' id='word_1_239' title='bbox 1646 867 1697 887; x_wconf 88' lang='lat' dir='ltr'><strong>nec</strong></span> <span class='ocrx_word' id='word_1_240' title='bbox 1712 860 1846 888; x_wconf 79' lang='lat' dir='ltr'><strong>methodis</strong></span> 
     </span>
    </p>
   </div>
   <div class='ocr_carea' id='block_1_34' title="bbox 222 913 1009 949">
    <p class='ocr_par' dir='ltr' id='par_1_34' title="bbox 222 913 1009 949">
     <span class='ocr_line' id='line_1_34' title="bbox 222 913 1009 949; baseline -0.004 -6"><span class='ocrx_word' id='word_1_241' title='bbox 222 916 382 943; x_wconf 85' lang='lat' dir='ltr'><strong>observatur</strong></span> <span class='ocrx_word' id='word_1_242' title='bbox 401 921 483 949; x_wconf 83' lang='lat' dir='ltr'><strong>super</strong></span> <span class='ocrx_word' id='word_1_243' title='bbox 502 913 535 942; x_wconf 91' lang='lat' dir='ltr'><strong>iis</strong></span> <span class='ocrx_word' id='word_1_244' title='bbox 561 914 636 948; x_wconf 93' lang='lat' dir='ltr'><strong>quia</strong></span> <span class='ocrx_word' id='word_1_245' title='bbox 654 913 798 941; x_wconf 75' lang='lat' dir='ltr'><strong>Saracenis</strong></span> <span class='ocrx_word' id='word_1_246' title='bbox 821 914 855 940; x_wconf 89' lang='lat' dir='ltr'><strong>ad</strong></span> <span class='ocrx_word' id='word_1_247' title='bbox 877 914 1009 940; x_wconf 73' lang='lat' dir='ltr'><strong>Christia-</strong></span> 
     </span>
    </p>
   </div>
   <div class='ocr_carea' id='block_1_35' title="bbox 222 959 1010 995">
    <p class='ocr_par' dir='ltr' id='par_1_35' title="bbox 222 959 1010 995">
     <span class='ocr_line' id='line_1_35' title="bbox 222 959 1010 995; baseline -0.004 -7"><span class='ocrx_word' id='word_1_248' title='bbox 222 969 285 989; x_wconf 93' lang='lat' dir='ltr'><strong>nam</strong></span> <span class='ocrx_word' id='word_1_249' title='bbox 307 960 385 988; x_wconf 77' lang='lat' dir='ltr'><strong>fidem</strong></span> <span class='ocrx_word' id='word_1_250' title='bbox 410 967 440 988; x_wconf 84' lang='lat' dir='ltr'><strong>se</strong></span> <span class='ocrx_word' id='word_1_251' title='bbox 463 963 643 987; x_wconf 85' lang='lat' dir='ltr'><strong>convertunt:</strong></span> <span class='ocrx_word' id='word_1_252' title='bbox 665 959 868 994; x_wconf 80' lang='grc' dir='ltr'><strong>’Ᾱναθεματίζω</strong></span> <span class='ocrx_word' id='word_1_253' title='bbox 883 959 931 995; x_wconf 80' lang='grc' dir='ltr'><strong>τὴν</strong></span> <span class='ocrx_word' id='word_1_254' title='bbox 946 961 1010 995; x_wconf 76' lang='grc' dir='ltr'><strong>περὶ</strong></span> 
     </span>
    </p>
   </div>
   <div class='ocr_carea' id='block_1_36' title="bbox 221 1003 1010 1042">
    <p class='ocr_par' dir='ltr' id='par_1_36' title="bbox 221 1003 1010 1042">
     <span class='ocr_line' id='line_1_36' title="bbox 221 1003 1010 1042; baseline -0.003 -9"><span class='ocrx_word' id='word_1_255' title='bbox 221 1007 270 1042; x_wconf 81' lang='grc' dir='ltr'><strong>τῆς</strong></span> <span class='ocrx_word' id='word_1_256' title='bbox 295 1005 418 1037; x_wconf 72' lang='grc' dir='ltr'><strong>πλάσεως</strong></span> <span class='ocrx_word' id='word_1_257' title='bbox 435 1005 480 1031; x_wconf 79' lang='grc' dir='ltr'><strong>τοῦ</strong></span> <span class='ocrx_word' id='word_1_258' title='bbox 511 1003 653 1040; x_wconf 78' lang='grc' dir='ltr'><strong>ἀνθρώπου</strong></span> <span class='ocrx_word' id='word_1_259' title='bbox 673 1005 845 1032; x_wconf 68' lang='grc' dir='ltr'><strong>διδασκαλίαν</strong></span> <span class='ocrx_word' id='word_1_260' title='bbox 862 1004 907 1032; x_wconf 71' lang='grc' dir='ltr'><strong>τοῦ</strong></span> <span class='ocrx_word' id='word_1_261' title='bbox 929 1005 1010 1031; x_wconf 87' lang='grc' dir='ltr'><strong>Μωά-</strong></span> 
     </span>
    </p>
   </div>
   <div class='ocr_carea' id='block_1_37' title="bbox 223 1048 1009 1088">
    <p class='ocr_par' dir='ltr' id='par_1_37' title="bbox 223 1048 1009 1088">
     <span class='ocr_line' id='line_1_37' title="bbox 223 1048 1009 1088; baseline -0.004 -9"><span class='ocrx_word' id='word_1_262' title='bbox 223 1053 280 1088; x_wconf 84' lang='grc' dir='ltr'>μεδ,</span> <span class='ocrx_word' id='word_1_263' title='bbox 299 1053 327 1079; x_wconf 78' lang='grc' dir='ltr'><strong>ἐν</strong></span> <span class='ocrx_word' id='word_1_264' title='bbox 376 1060 468 1087; x_wconf 71' lang='grc' dir='ltr'><strong>φησιν,</strong></span> <span class='ocrx_word' id='word_1_265' title='bbox 491 1051 532 1077; x_wconf 79' lang='grc' dir='ltr'><strong>ὅτι</strong></span> <span class='ocrx_word' id='word_1_266' title='bbox 558 1050 678 1086; x_wconf 71' lang='grc' dir='ltr'>ἐπλάσθη</span> <span class='ocrx_word' id='word_1_267' title='bbox 696 1052 710 1076; x_wconf 86' lang='grc' dir='ltr'><strong>ὀ</strong></span> <span class='ocrx_word' id='word_1_268' title='bbox 730 1050 870 1086; x_wconf 78' lang='grc' dir='ltr'><strong>ἄνθρωπος</strong></span> <span class='ocrx_word' id='word_1_269' title='bbox 884 1051 938 1078; x_wconf 80' lang='grc' dir='ltr'><strong>ἀπὸ</strong></span> <span class='ocrx_word' id='word_1_270' title='bbox 956 1051 1009 1087; x_wconf 79' lang='grc' dir='ltr'><strong>χώ-</strong></span> 
     </span>
    </p>
   </div>
   <div class='ocr_carea' id='block_1_38' title="bbox 223 1095 1008 1134">
    <p class='ocr_par' dir='ltr' id='par_1_38' title="bbox 223 1095 1008 1134">
     <span class='ocr_line' id='line_1_38' title="bbox 223 1095 1008 1134; baseline -0.004 -9"><span class='ocrx_word' id='word_1_271' title='bbox 223 1107 305 1134; x_wconf 76' lang='grc' dir='ltr'><strong>ματος</strong></span> <span class='ocrx_word' id='word_1_272' title='bbox 326 1097 373 1124; x_wconf 73' lang='grc' dir='ltr'><strong>καὶ</strong></span> <span class='ocrx_word' id='word_1_273' title='bbox 389 1096 530 1130; x_wconf 81' lang='grc' dir='ltr'><strong>σταγόνος,</strong></span> <span class='ocrx_word' id='word_1_274' title='bbox 550 1096 597 1122; x_wconf 74' lang='grc' dir='ltr'><strong>καὶ</strong></span> <span class='ocrx_word' id='word_1_275' title='bbox 615 1095 738 1131; x_wconf 77' lang='grc' dir='ltr'><strong>βδελλῶν,</strong></span> <span class='ocrx_word' id='word_1_276' title='bbox 757 1096 804 1122; x_wconf 66' lang='grc' dir='ltr'><strong>καὶ</strong></span> <span class='ocrx_word' id='word_1_277' title='bbox 822 1097 1008 1131; x_wconf 80' lang='grc' dir='ltr'><strong>μασσήματος.</strong></span> 
     </span>
    </p>
   </div>
   <div class='ocr_carea' id='block_1_39' title="bbox 222 1141 1010 1180">
    <p class='ocr_par' dir='ltr' id='par_1_39' title="bbox 222 1141 1010 1180">
     <span class='ocr_line' id='line_1_39' title="bbox 222 1141 1010 1180; baseline -0.005 -8"><span class='ocrx_word' id='word_1_278' title='bbox 222 1146 254 1172; x_wconf 84' lang='lat' dir='ltr'><strong>Et</strong></span> <span class='ocrx_word' id='word_1_279' title='bbox 267 1144 429 1180; x_wconf 87' lang='lat' dir='ltr'><strong>Euthymius</strong></span> <span class='ocrx_word' id='word_1_280' title='bbox 445 1142 473 1169; x_wconf 92' lang='lat' dir='ltr'><strong>in</strong></span> <span class='ocrx_word' id='word_1_281' title='bbox 499 1141 649 1176; x_wconf 76' lang='lat' dir='ltr'><strong>t&#39;unoplia:</strong></span> <span class='ocrx_word' id='word_1_282' title='bbox 681 1141 730 1168; x_wconf 77' lang='grc' dir='ltr'><strong>Ἐκ</strong></span> <span class='ocrx_word' id='word_1_283' title='bbox 744 1142 853 1178; x_wconf 82' lang='grc' dir='ltr'><strong>βδέλλης</strong></span> <span class='ocrx_word' id='word_1_284' title='bbox 869 1142 1010 1178; x_wconf 73' lang='grc' dir='ltr'><strong>ἄνθρωπον</strong></span> 
     </span>
    </p>
   </div>
   <div class='ocr_carea' id='block_1_40' title="bbox 221 1187 1010 1226">
    <p class='ocr_par' dir='ltr' id='par_1_40' title="bbox 221 1187 1010 1226">
     <span class='ocr_line' id='line_1_40' title="bbox 221 1187 1010 1226; baseline -0.004 -9"><span class='ocrx_word' id='word_1_285' title='bbox 221 1189 343 1226; x_wconf 79' lang='grc' dir='ltr'><strong>γίνεσθαι</strong></span> <span class='ocrx_word' id='word_1_286' title='bbox 366 1189 449 1223; x_wconf 84' lang='grc' dir='ltr'>λέγει.</span> <span class='ocrx_word' id='word_1_287' title='bbox 471 1187 551 1215; x_wconf 81' lang='grc' dir='ltr'><strong>Ἀλλὰ</strong></span> <span class='ocrx_word' id='word_1_288' title='bbox 576 1187 633 1220; x_wconf 85' lang='grc' dir='ltr'><strong>πῶς</strong></span> <span class='ocrx_word' id='word_1_289' title='bbox 658 1189 690 1214; x_wconf 80' lang='grc' dir='ltr'><strong>ἐκ</strong></span> <span class='ocrx_word' id='word_1_290' title='bbox 726 1188 772 1215; x_wconf 81' lang='grc' dir='ltr'><strong>τοῦ</strong></span> <span class='ocrx_word' id='word_1_291' title='bbox 798 1188 958 1223; x_wconf 78' lang='grc' dir='ltr'><strong>ἀτιμοτάτου</strong></span> <span class='ocrx_word' id='word_1_292' title='bbox 980 1188 1010 1214; x_wconf 81' lang='grc' dir='ltr'>τὸ</span> 
     </span>
    </p>
   </div>
   <div class='ocr_carea' id='block_1_41' title="bbox 220 1232 1009 1273">
    <p class='ocr_par' dir='ltr' id='par_1_41' title="bbox 220 1232 1009 1273">
     <span class='ocr_line' id='line_1_41' title="bbox 220 1232 1009 1273; baseline -0.008 -9"><span class='ocrx_word' id='word_1_293' title='bbox 220 1236 394 1273; x_wconf 71' lang='grc' dir='ltr'><strong>τιμιώτατον,</strong></span> <span class='ocrx_word' id='word_1_294' title='bbox 407 1235 454 1261; x_wconf 70' lang='grc' dir='ltr'><strong>καὶ</strong></span> <span class='ocrx_word' id='word_1_295' title='bbox 467 1234 499 1260; x_wconf 83' lang='grc' dir='ltr'><strong>ὲκ</strong></span> <span class='ocrx_word' id='word_1_296' title='bbox 513 1233 559 1260; x_wconf 76' lang='grc' dir='ltr'><strong>τοῦ</strong></span> <span class='ocrx_word' id='word_1_297' title='bbox 571 1233 667 1267; x_wconf 80' lang='grc' dir='ltr'>ἀλόγου</span> <span class='ocrx_word' id='word_1_298' title='bbox 680 1233 711 1259; x_wconf 84' lang='grc' dir='ltr'>τὸ</span> <span class='ocrx_word' id='word_1_299' title='bbox 726 1232 842 1267; x_wconf 81' lang='grc' dir='ltr'><strong>λογικὸν,</strong></span> <span class='ocrx_word' id='word_1_300' title='bbox 860 1233 906 1259; x_wconf 79' lang='grc' dir='ltr'><strong>καὶ</strong></span> <span class='ocrx_word' id='word_1_301' title='bbox 919 1233 951 1259; x_wconf 78' lang='grc' dir='ltr'>ἐκ</span> <span class='ocrx_word' id='word_1_302' title='bbox 963 1232 1009 1259; x_wconf 80' lang='grc' dir='ltr'><strong>τοῦ</strong></span> 
     </span>
    </p>
   </div>
   <div class='ocr_carea' id='block_1_42' title="bbox 221 1280 1007 1318">
    <p class='ocr_par' dir='ltr' id='par_1_42' title="bbox 221 1280 1007 1318">
     <span class='ocr_line' id='line_1_42' title="bbox 221 1280 1007 1318; baseline -0.005 -8"><span class='ocrx_word' id='word_1_303' title='bbox 221 1283 338 1318; x_wconf 76' lang='grc' dir='ltr'><strong>φευκτοῦ</strong></span> <span class='ocrx_word' id='word_1_304' title='bbox 356 1283 386 1310; x_wconf 78' lang='grc' dir='ltr'>τὸ</span> <span class='ocrx_word' id='word_1_305' title='bbox 400 1282 511 1314; x_wconf 81' lang='grc' dir='ltr'><strong>εὑκτόν;</strong></span> <span class='ocrx_word' id='word_1_306' title='bbox 527 1281 582 1308; x_wconf 89' lang='lat' dir='ltr'><strong>Nec</strong></span> <span class='ocrx_word' id='word_1_307' title='bbox 595 1280 686 1308; x_wconf 90' lang='lat' dir='ltr'><strong>minus</strong></span> <span class='ocrx_word' id='word_1_308' title='bbox 701 1280 900 1307; x_wconf 86' lang='lat' dir='ltr'><strong>Mahnmetanis</strong></span> <span class='ocrx_word' id='word_1_309' title='bbox 912 1280 1007 1308; x_wconf 89' lang='lat' dir='ltr'><strong>absur-</strong></span> 
     </span>
    </p>
   </div>
   <div class='ocr_carea' id='block_1_43' title="bbox 220 1327 1011 1363">
    <p class='ocr_par' dir='ltr' id='par_1_43' title="bbox 220 1327 1011 1363">
     <span class='ocr_line' id='line_1_43' title="bbox 220 1327 1011 1363; baseline -0.004 -6"><span class='ocrx_word' id='word_1_310' title='bbox 220 1331 273 1358; x_wconf 87' lang='lat' dir='ltr'><strong>dus</strong></span> <span class='ocrx_word' id='word_1_311' title='bbox 287 1329 451 1357; x_wconf 84' lang='lat' dir='ltr'><strong>Franciscus</strong></span> <span class='ocrx_word' id='word_1_312' title='bbox 466 1328 608 1363; x_wconf 76' lang='lat' dir='ltr'><strong>Georgius,</strong></span> <span class='ocrx_word' id='word_1_313' title='bbox 624 1327 670 1362; x_wconf 91' lang='lat' dir='ltr'><strong>qui</strong></span> <span class='ocrx_word' id='word_1_314' title='bbox 687 1327 720 1354; x_wconf 89' lang='lat' dir='ltr'><strong>de</strong></span> <span class='ocrx_word' id='word_1_315' title='bbox 733 1327 798 1354; x_wconf 90' lang='lat' dir='ltr'><strong>limo</strong></span> <span class='ocrx_word' id='word_1_316' title='bbox 813 1331 891 1355; x_wconf 75' lang='lat' dir='ltr'><strong>terra:</strong></span> <span class='ocrx_word' id='word_1_317' title='bbox 914 1330 950 1354; x_wconf 82' lang='lat' dir='ltr'><strong>ita</strong></span> <span class='ocrx_word' id='word_1_318' title='bbox 963 1335 1011 1354; x_wconf 80' lang='lat' dir='ltr'><strong>ex-</strong></span> 
     </span>
    </p>
   </div>
   <div class='ocr_carea' id='block_1_44' title="bbox 221 1373 1009 1412">
    <p class='ocr_par' dir='ltr' id='par_1_44' title="bbox 221 1373 1009 1412">
     <span class='ocr_line' id='line_1_44' title="bbox 221 1373 1009 1412; baseline -0.006 -8"><span class='ocrx_word' id='word_1_319' title='bbox 221 1377 314 1412; x_wconf 71' lang='lat' dir='ltr'><strong>plicat,</strong></span> <span class='ocrx_word' id='word_1_320' title='bbox 328 1379 358 1402; x_wconf 88' lang='lat' dir='ltr'><strong>ut</strong></span> <span class='ocrx_word' id='word_1_321' title='bbox 371 1374 526 1407; x_wconf 86' lang='lat' dir='ltr'><strong>concludat,</strong></span> <span class='ocrx_word' id='word_1_322' title='bbox 540 1373 657 1400; x_wconf 90' lang='lat' dir='ltr'><strong>animam</strong></span> <span class='ocrx_word' id='word_1_323' title='bbox 671 1376 775 1400; x_wconf 83' lang='lat' dir='ltr'><strong>tantum</strong></span> <span class='ocrx_word' id='word_1_324' title='bbox 783 1381 844 1400; x_wconf 90' lang='lat' dir='ltr'><strong>esse</strong></span> <span class='ocrx_word' id='word_1_325' title='bbox 854 1373 990 1400; x_wconf 86' lang='lat' dir='ltr'><strong>hominem</strong></span> <span class='ocrx_word' id='word_1_326' title='bbox 1002 1381 1009 1405; x_wconf 94' lang='lat'>;</span> 
     </span>
    </p>
   </div>
   <div class='ocr_carea' id='block_1_45' title="bbox 221 1418 1010 1454">
    <p class='ocr_par' dir='ltr' id='par_1_45' title="bbox 221 1418 1010 1454">
     <span class='ocr_line' id='line_1_45' title="bbox 221 1418 1010 1454; baseline -0.008 -3"><span class='ocrx_word' id='word_1_327' title='bbox 221 1425 259 1451; x_wconf 86' lang='lat' dir='ltr'><strong>ita</strong></span> <span class='ocrx_word' id='word_1_328' title='bbox 274 1423 345 1450; x_wconf 88' lang='lat' dir='ltr'><strong>enim</strong></span> <span class='ocrx_word' id='word_1_329' title='bbox 360 1423 397 1449; x_wconf 83' lang='lat' dir='ltr'><strong>ait</strong></span> <span class='ocrx_word' id='word_1_330' title='bbox 411 1431 418 1448; x_wconf 84' lang='lat'><strong>:</strong></span> <span class='ocrx_word' id='word_1_331' title='bbox 440 1421 576 1448; x_wconf 74' lang='lat' dir='ltr'><strong>Formavit</strong></span> <span class='ocrx_word' id='word_1_332' title='bbox 597 1419 668 1446; x_wconf 81' lang='lat' dir='ltr'><strong>Deus</strong></span> <span class='ocrx_word' id='word_1_333' title='bbox 687 1419 816 1446; x_wconf 78' lang='lat' dir='ltr'><strong>hominem</strong></span> <span class='ocrx_word' id='word_1_334' title='bbox 836 1427 965 1454; x_wconf 85' lang='lat' dir='ltr'><strong>puwerem</strong></span> <span class='ocrx_word' id='word_1_335' title='bbox 979 1418 1010 1446; x_wconf 81' lang='lat' dir='ltr'><strong>de</strong></span> 
     </span>
    </p>
   </div>
   <div class='ocr_carea' id='block_1_46' title="bbox 223 1465 1010 1501">
    <p class='ocr_par' dir='ltr' id='par_1_46' title="bbox 223 1465 1010 1501">
     <span class='ocr_line' id='line_1_46' title="bbox 223 1465 1010 1501; baseline -0.008 -4"><span class='ocrx_word' id='word_1_336' title='bbox 223 1477 303 1501; x_wconf 85' lang='lat' dir='ltr'><strong>terra,</strong></span> <span class='ocrx_word' id='word_1_337' title='bbox 320 1469 346 1496; x_wconf 86' lang='lat' dir='ltr'><strong>id</strong></span> <span class='ocrx_word' id='word_1_338' title='bbox 359 1473 408 1500; x_wconf 82' lang='lat' dir='ltr'><strong>est,</strong></span> <span class='ocrx_word' id='word_1_339' title='bbox 425 1468 510 1495; x_wconf 72' lang='lat' dir='ltr'><strong>induit</strong></span> <span class='ocrx_word' id='word_1_340' title='bbox 523 1475 581 1494; x_wconf 85' lang='lat' dir='ltr'><strong>eum</strong></span> <span class='ocrx_word' id='word_1_341' title='bbox 597 1471 665 1494; x_wconf 76' lang='lat' dir='ltr'><strong>veste</strong></span> <span class='ocrx_word' id='word_1_342' title='bbox 678 1471 773 1499; x_wconf 79' lang='lat' dir='ltr'><strong>terrea,</strong></span> <span class='ocrx_word' id='word_1_343' title='bbox 785 1474 878 1500; x_wconf 82' lang='lat' dir='ltr'><strong>corpus</strong></span> <span class='ocrx_word' id='word_1_344' title='bbox 892 1465 1010 1492; x_wconf 78' lang='lat' dir='ltr'><strong>videlicet</strong></span> 
     </span>
    </p>
   </div>
   <div class='ocr_carea' id='block_1_47' title="bbox 222 1510 1011 1553">
    <p class='ocr_par' dir='ltr' id='par_1_47' title="bbox 222 1510 1011 1553">
     <span class='ocr_line' id='line_1_47' title="bbox 222 1510 1011 1553; baseline -0.01 -9"><span class='ocrx_word' id='word_1_345' title='bbox 222 1522 362 1545; x_wconf 69' lang='lat' dir='ltr'><strong>larrenum.</strong></span> <span class='ocrx_word' id='word_1_346' title='bbox 388 1514 480 1541; x_wconf 87' lang='lat' dir='ltr'><strong>Primo</strong></span> <span class='ocrx_word' id='word_1_347' title='bbox 500 1514 568 1540; x_wconf 84' lang='lat' dir='ltr'><strong>enim</strong></span> <span class='ocrx_word' id='word_1_348' title='bbox 589 1512 658 1553; x_wconf 66' lang='lat' dir='ltr'><strong>Deus</strong></span> <span class='ocrx_word' id='word_1_349' title='bbox 683 1512 794 1539; x_wconf 79' lang='lat' dir='ltr'><strong>derreuit</strong></span> <span class='ocrx_word' id='word_1_350' title='bbox 816 1511 945 1538; x_wconf 81' lang='lat' dir='ltr'><strong>hominem</strong></span> <span class='ocrx_word' id='word_1_351' title='bbox 968 1510 1011 1545; x_wconf 78' lang='lat' dir='ltr'><strong>fa-</strong></span> 
     </span>
    </p>
   </div>
   <div class='ocr_carea' id='block_1_48' title="bbox 222 1558 1010 1598">
    <p class='ocr_par' dir='ltr' id='par_1_48' title="bbox 222 1558 1010 1598">
     <span class='ocr_line' id='line_1_48' title="bbox 222 1558 1010 1598; baseline -0.01 -7"><span class='ocrx_word' id='word_1_352' title='bbox 222 1572 295 1596; x_wconf 82' lang='lat' dir='ltr'><strong>cere;</strong></span> <span class='ocrx_word' id='word_1_353' title='bbox 312 1567 402 1598; x_wconf 75' lang='lat' dir='ltr'><strong>postea</strong></span> <span class='ocrx_word' id='word_1_354' title='bbox 422 1561 517 1588; x_wconf 84' lang='lat' dir='ltr'><strong>creavit</strong></span> <span class='ocrx_word' id='word_1_355' title='bbox 528 1568 586 1587; x_wconf 86' lang='lat' dir='ltr'><strong>eum</strong></span> <span class='ocrx_word' id='word_1_356' title='bbox 595 1560 622 1586; x_wconf 76' lang='lat' dir='ltr'><strong>in</strong></span> <span class='ocrx_word' id='word_1_357' title='bbox 634 1559 715 1590; x_wconf 65' lang='lat' dir='ltr'><strong>calo;</strong></span> <span class='ocrx_word' id='word_1_358' title='bbox 728 1559 804 1585; x_wconf 79' lang='lat' dir='ltr'><strong>tertio</strong></span> <span class='ocrx_word' id='word_1_359' title='bbox 817 1558 939 1592; x_wconf 77' lang='lat' dir='ltr'><strong>formavit</strong></span> <span class='ocrx_word' id='word_1_360' title='bbox 951 1565 1010 1584; x_wconf 87' lang='lat' dir='ltr'><strong>cor-</strong></span> 
     </span>
    </p>
   </div>
   <div class='ocr_carea' id='block_1_49' title="bbox 222 1603 1010 1646">
    <p class='ocr_par' dir='ltr' id='par_1_49' title="bbox 222 1603 1010 1646">
     <span class='ocr_line' id='line_1_49' title="bbox 222 1603 1010 1646; baseline -0.01 -8"><span class='ocrx_word' id='word_1_361' title='bbox 222 1619 270 1646; x_wconf 79' lang='lat' dir='ltr'><strong>pus</strong></span> <span class='ocrx_word' id='word_1_362' title='bbox 283 1610 339 1644; x_wconf 84' lang='lat' dir='ltr'><strong>ejus</strong></span> <span class='ocrx_word' id='word_1_363' title='bbox 353 1608 433 1636; x_wconf 84' lang='lat' dir='ltr'><strong>veluti</strong></span> <span class='ocrx_word' id='word_1_364' title='bbox 445 1613 550 1635; x_wconf 66' lang='lat' dir='ltr'><strong>uertem.</strong></span> <span class='ocrx_word' id='word_1_365' title='bbox 568 1606 633 1639; x_wconf 73' lang='lat' dir='ltr'><strong>Qua:</strong></span> <span class='ocrx_word' id='word_1_366' title='bbox 653 1605 785 1633; x_wconf 89' lang='lat' dir='ltr'><strong>sententia</strong></span> <span class='ocrx_word' id='word_1_367' title='bbox 801 1603 1010 1639; x_wconf 87' lang='lat' dir='ltr'><strong>reprehensione</strong></span> 
     </span>
    </p>
   </div>
   <div class='ocr_carea' id='block_1_50' title="bbox 223 1647 1011 1687">
    <p class='ocr_par' dir='ltr' id='par_1_50' title="bbox 223 1647 1011 1687">
     <span class='ocr_line' id='line_1_50' title="bbox 223 1647 1011 1687; baseline -0.011 -2"><span class='ocrx_word' id='word_1_368' title='bbox 223 1665 276 1685; x_wconf 90' lang='lat' dir='ltr'><strong>non</strong></span> <span class='ocrx_word' id='word_1_369' title='bbox 303 1659 398 1687; x_wconf 83' lang='lat' dir='ltr'><strong>caret,</strong></span> <span class='ocrx_word' id='word_1_370' title='bbox 421 1655 448 1681; x_wconf 94' lang='lat' dir='ltr'><strong>in</strong></span> <span class='ocrx_word' id='word_1_371' title='bbox 469 1652 586 1680; x_wconf 92' lang='lat' dir='ltr'><strong>concilio</strong></span> <span class='ocrx_word' id='word_1_372' title='bbox 609 1650 755 1678; x_wconf 79' lang='lat' dir='ltr'><strong>Viennensi</strong></span> <span class='ocrx_word' id='word_1_373' title='bbox 784 1650 921 1677; x_wconf 84' lang='lat' dir='ltr'><strong>damnata.</strong></span> <span class='ocrx_word' id='word_1_374' title='bbox 943 1647 1011 1676; x_wconf 87' lang='lat' dir='ltr'><strong>Vide</strong></span> 
     </span>
    </p>
   </div>
   <div class='ocr_carea' id='block_1_51' title="bbox 223 1693 1011 1738">
    <p class='ocr_par' dir='ltr' id='par_1_51' title="bbox 223 1693 1011 1738">
     <span class='ocr_line' id='line_1_51' title="bbox 223 1693 1011 1738; baseline -0.009 -9"><span class='ocrx_word' id='word_1_375' title='bbox 223 1704 301 1738; x_wconf 86' lang='lat' dir='ltr'><strong>plura</strong></span> <span class='ocrx_word' id='word_1_376' title='bbox 317 1701 398 1735; x_wconf 84' lang='lat' dir='ltr'><strong>hujus</strong></span> <span class='ocrx_word' id='word_1_377' title='bbox 413 1699 551 1726; x_wconf 83' lang='lat' dir='ltr'><strong>Francisci</strong></span> <span class='ocrx_word' id='word_1_378' title='bbox 565 1700 728 1732; x_wconf 79' lang='lat' dir='ltr'><strong>nugamenta</strong></span> <span class='ocrx_word' id='word_1_379' title='bbox 747 1695 819 1731; x_wconf 88' lang='lat' dir='ltr'><strong>apud</strong></span> <span class='ocrx_word' id='word_1_380' title='bbox 841 1694 947 1722; x_wconf 80' lang='lat' dir='ltr'><strong>Sixtum</strong></span> <span class='ocrx_word' id='word_1_381' title='bbox 963 1693 1011 1722; x_wconf 83' lang='lat' dir='ltr'><strong>Se-</strong></span> 
     </span>
    </p>
   </div>
   <div class='ocr_carea' id='block_1_52' title="bbox 223 1742 1010 1782">
    <p class='ocr_par' dir='ltr' id='par_1_52' title="bbox 223 1742 1010 1782">
     <span class='ocr_line' id='line_1_52' title="bbox 223 1742 1010 1782; baseline -0.013 -5"><span class='ocrx_word' id='word_1_382' title='bbox 223 1756 345 1782; x_wconf 85' lang='lat' dir='ltr'><strong>nensem,</strong></span> <span class='ocrx_word' id='word_1_383' title='bbox 362 1746 488 1774; x_wconf 83' lang='lat' dir='ltr'><strong>Biblioth.</strong></span> <span class='ocrx_word' id='word_1_384' title='bbox 507 1743 648 1771; x_wconf 76' lang='lat' dir='ltr'><strong>sanct.lib.</strong></span> <span class='ocrx_word' id='word_1_385' title='bbox 665 1751 684 1770; x_wconf 92' lang='grc' dir='ltr'>ι.</span> <span class='ocrx_word' id='word_1_386' title='bbox 702 1742 870 1776; x_wconf 77' lang='lat' dir='ltr'><strong>Augustinus</strong></span> <span class='ocrx_word' id='word_1_387' title='bbox 883 1745 1010 1776; x_wconf 60' lang='lat' dir='ltr'><strong>praeterea</strong></span> 
     </span>
    </p>
   </div>
   <div class='ocr_carea' id='block_1_53' title="bbox 222 1787 1010 1825">
    <p class='ocr_par' dir='ltr' id='par_1_53' title="bbox 222 1787 1010 1825">
     <span class='ocr_line' id='line_1_53' title="bbox 222 1787 1010 1825; baseline -0.011 -3"><span class='ocrx_word' id='word_1_388' title='bbox 222 1795 270 1822; x_wconf 90' lang='lat' dir='ltr'><strong>lib.</strong></span> <span class='ocrx_word' id='word_1_389' title='bbox 294 1802 312 1821; x_wconf 94' lang='grc' dir='ltr'><strong>ιι</strong></span> <span class='ocrx_word' id='word_1_390' title='bbox 325 1793 361 1820; x_wconf 90' lang='lat' dir='ltr'><strong>De</strong></span> <span class='ocrx_word' id='word_1_391' title='bbox 369 1791 461 1819; x_wconf 74' lang='lat' dir='ltr'><strong>Genes.</strong></span> <span class='ocrx_word' id='word_1_392' title='bbox 481 1790 589 1825; x_wconf 78' lang='lat' dir='ltr'><strong>allegor.</strong></span> <span class='ocrx_word' id='word_1_393' title='bbox 602 1789 693 1820; x_wconf 84' lang='lat' dir='ltr'><strong>docet,</strong></span> <span class='ocrx_word' id='word_1_394' title='bbox 711 1795 810 1822; x_wconf 88' lang='lat' dir='ltr'><strong>corpus</strong></span> <span class='ocrx_word' id='word_1_395' title='bbox 825 1787 943 1815; x_wconf 88' lang='lat' dir='ltr'><strong>hominis</strong></span> <span class='ocrx_word' id='word_1_396' title='bbox 955 1794 1010 1813; x_wconf 90' lang='lat' dir='ltr'><strong>non</strong></span> 
     </span>
    </p>
   </div>
   <div class='ocr_carea' id='block_1_54' title="bbox 222 1832 1010 1868">
    <p class='ocr_par' dir='ltr' id='par_1_54' title="bbox 222 1832 1010 1868">
     <span class='ocr_line' id='line_1_54' title="bbox 222 1832 1010 1868; baseline -0.014 1"><span class='ocrx_word' id='word_1_397' title='bbox 222 1841 308 1868; x_wconf 66' lang='lat' dir='ltr'><strong>{uisse</strong></span> <span class='ocrx_word' id='word_1_398' title='bbox 331 1838 469 1866; x_wconf 89' lang='lat' dir='ltr'><strong>conditum</strong></span> <span class='ocrx_word' id='word_1_399' title='bbox 491 1840 553 1863; x_wconf 82' lang='lat' dir='ltr'><strong>ante</strong></span> <span class='ocrx_word' id='word_1_400' title='bbox 575 1835 672 1862; x_wconf 76' lang='lat' dir='ltr'><strong>animae</strong></span> <span class='ocrx_word' id='word_1_401' title='bbox 690 1833 866 1864; x_wconf 83' lang='lat' dir='ltr'><strong>creationem,</strong></span> <span class='ocrx_word' id='word_1_402' title='bbox 889 1832 936 1860; x_wconf 89' lang='lat' dir='ltr'><strong>sed</strong></span> <span class='ocrx_word' id='word_1_403' title='bbox 957 1840 1010 1859; x_wconf 87' lang='lat' dir='ltr'><strong>una</strong></span> 
     </span>
    </p>
   </div>
   <div class='ocr_carea' id='block_1_55' title="bbox 222 1878 1010 1920">
    <p class='ocr_par' dir='ltr' id='par_1_55' title="bbox 222 1878 1010 1920">
     <span class='ocr_line' id='line_1_55' title="bbox 222 1878 1010 1920; baseline -0.01 -6"><span class='ocrx_word' id='word_1_404' title='bbox 222 1895 284 1914; x_wconf 89' lang='lat' dir='ltr'><strong>cum</strong></span> <span class='ocrx_word' id='word_1_405' title='bbox 306 1886 364 1920; x_wconf 90' lang='lat' dir='ltr'><strong>ipsa</strong></span> <span class='ocrx_word' id='word_1_406' title='bbox 391 1884 480 1910; x_wconf 91' lang='lat' dir='ltr'><strong>anima</strong></span> <span class='ocrx_word' id='word_1_407' title='bbox 506 1882 533 1909; x_wconf 95' lang='lat' dir='ltr'><strong>in</strong></span> <span class='ocrx_word' id='word_1_408' title='bbox 555 1881 650 1909; x_wconf 86' lang='lat' dir='ltr'><strong>eodem</strong></span> <span class='ocrx_word' id='word_1_409' title='bbox 673 1879 755 1908; x_wconf 91' lang='lat' dir='ltr'><strong>simul</strong></span> <span class='ocrx_word' id='word_1_410' title='bbox 775 1883 904 1914; x_wconf 83' lang='lat' dir='ltr'><strong>tempore.</strong></span> <span class='ocrx_word' id='word_1_411' title='bbox 932 1878 1010 1911; x_wconf 85' lang='lat' dir='ltr'><strong>Quod</strong></span> 
     </span>
    </p>
   </div>
   <div class='ocr_carea' id='block_1_56' title="bbox 223 1924 1010 1968">
    <p class='ocr_par' dir='ltr' id='par_1_56' title="bbox 223 1924 1010 1968">
     <span class='ocr_line' id='line_1_56' title="bbox 223 1924 1010 1968; baseline -0.011 -8"><span class='ocrx_word' id='word_1_412' title='bbox 223 1937 318 1968; x_wconf 87' lang='lat' dir='ltr'><strong>postea</strong></span> <span class='ocrx_word' id='word_1_413' title='bbox 342 1929 495 1966; x_wconf 83' lang='lat' dir='ltr'><strong>rcprobavit</strong></span> <span class='ocrx_word' id='word_1_414' title='bbox 510 1928 557 1955; x_wconf 89' lang='lat' dir='ltr'><strong>lib.</strong></span> <span class='ocrx_word' id='word_1_415' title='bbox 585 1935 593 1954; x_wconf 94' lang='grc' dir='ltr'><strong>ι</strong></span> <span class='ocrx_word' id='word_1_416' title='bbox 617 1926 745 1958; x_wconf 81' lang='lat' dir='ltr'><strong>Retract.,</strong></span> <span class='ocrx_word' id='word_1_417' title='bbox 769 1932 829 1960; x_wconf 87' lang='lat' dir='ltr'><strong>cap.</strong></span> <span class='ocrx_word' id='word_1_418' title='bbox 860 1925 903 1952; x_wconf 80' lang='grc'><strong>10.</strong></span> <span class='ocrx_word' id='word_1_419' title='bbox 932 1924 1010 1952; x_wconf 83' lang='lat' dir='ltr'><strong>Jcse—</strong></span> 
     </span>
    </p>
   </div>
   <div class='ocr_carea' id='block_1_57' title="bbox 223 1971 1011 2013">
    <p class='ocr_par' dir='ltr' id='par_1_57' title="bbox 223 1971 1011 2013">
     <span class='ocr_line' id='line_1_57' title="bbox 223 1971 1011 2013; baseline -0.01 -8"><span class='ocrx_word' id='word_1_420' title='bbox 223 1979 304 2013; x_wconf 87' lang='lat' dir='ltr'><strong>phus,</strong></span> <span class='ocrx_word' id='word_1_421' title='bbox 326 1977 412 2011; x_wconf 82' lang='lat' dir='ltr'><strong>Antiq.</strong></span> <span class='ocrx_word' id='word_1_422' title='bbox 429 1975 493 2002; x_wconf 83' lang='lat' dir='ltr'><strong>Jud.</strong></span> <span class='ocrx_word' id='word_1_423' title='bbox 511 1974 558 2001; x_wconf 89' lang='lat' dir='ltr'><strong>lib.</strong></span> <span class='ocrx_word' id='word_1_424' title='bbox 575 1981 593 2003; x_wconf 82' lang='grc' dir='ltr'>ι.</span> <span class='ocrx_word' id='word_1_425' title='bbox 610 1981 669 2008; x_wconf 88' lang='lat' dir='ltr'><strong>cap.</strong></span> <span class='ocrx_word' id='word_1_426' title='bbox 691 1972 718 2005; x_wconf 76' lang='grc'><strong>2,</strong></span> <span class='ocrx_word' id='word_1_427' title='bbox 734 1971 865 1998; x_wconf 85' lang='lat' dir='ltr'><strong>Adamum</strong></span> <span class='ocrx_word' id='word_1_428' title='bbox 882 1971 920 1998; x_wconf 87' lang='lat' dir='ltr'><strong>ait</strong></span> <span class='ocrx_word' id='word_1_429' title='bbox 935 1978 1011 1998; x_wconf 88' lang='lat' dir='ltr'><strong>crea-</strong></span> 
     </span>
    </p>
   </div>
   <div class='ocr_carea' id='block_1_58' title="bbox 223 2017 1009 2052">
    <p class='ocr_par' dir='ltr' id='par_1_58' title="bbox 223 2017 1009 2052">
     <span class='ocr_line' id='line_1_58' title="bbox 223 2017 1009 2052; baseline -0.01 -1"><span class='ocrx_word' id='word_1_430' title='bbox 223 2029 282 2050; x_wconf 89' lang='lat' dir='ltr'><strong>tum</strong></span> <span class='ocrx_word' id='word_1_431' title='bbox 297 2031 312 2051; x_wconf 91' lang='lat' dir='ltr'><strong>e</strong></span> <span class='ocrx_word' id='word_1_432' title='bbox 328 2022 388 2050; x_wconf 83' lang='lat' dir='ltr'><strong>rufa</strong></span> <span class='ocrx_word' id='word_1_433' title='bbox 404 2023 486 2048; x_wconf 89' lang='lat' dir='ltr'><strong>humo</strong></span> <span class='ocrx_word' id='word_1_434' title='bbox 506 2020 676 2052; x_wconf 77' lang='lat' dir='ltr'><strong>fermentata,</strong></span> <span class='ocrx_word' id='word_1_435' title='bbox 689 2019 750 2046; x_wconf 87' lang='lat' dir='ltr'><strong>talis</strong></span> <span class='ocrx_word' id='word_1_436' title='bbox 766 2018 837 2046; x_wconf 89' lang='lat' dir='ltr'><strong>enim</strong></span> <span class='ocrx_word' id='word_1_437' title='bbox 856 2021 896 2044; x_wconf 86' lang='lat' dir='ltr'><strong>est</strong></span> <span class='ocrx_word' id='word_1_438' title='bbox 910 2017 1009 2044; x_wconf 88' lang='lat' dir='ltr'><strong>intacta</strong></span> 
     </span>
    </p>
   </div>
   <div class='ocr_carea' id='block_1_59' title="bbox 225 2062 1009 2099">
    <p class='ocr_par' dir='ltr' id='par_1_59' title="bbox 225 2062 1009 2099">
     <span class='ocr_line' id='line_1_59' title="bbox 225 2062 1009 2099; baseline -0.009 -4"><span class='ocrx_word' id='word_1_439' title='bbox 225 2073 298 2095; x_wconf 76' lang='lat' dir='ltr'><strong>terra</strong></span> <span class='ocrx_word' id='word_1_440' title='bbox 317 2071 344 2094; x_wconf 89' lang='lat' dir='ltr'><strong>et</strong></span> <span class='ocrx_word' id='word_1_441' title='bbox 369 2073 450 2098; x_wconf 83' lang='lat' dir='ltr'><strong>vera;</strong></span> <span class='ocrx_word' id='word_1_442' title='bbox 478 2065 591 2099; x_wconf 85' lang='lat' dir='ltr'><strong>ideoque</strong></span> <span class='ocrx_word' id='word_1_443' title='bbox 617 2068 742 2091; x_wconf 87' lang='lat' dir='ltr'><strong>vocatum</strong></span> <span class='ocrx_word' id='word_1_444' title='bbox 766 2062 900 2090; x_wconf 87' lang='lat' dir='ltr'><strong>Adamum</strong></span> <span class='ocrx_word' id='word_1_445' title='bbox 931 2063 1009 2097; x_wconf 88' lang='lat' dir='ltr'><strong>quasi</strong></span> 
     </span>
    </p>
   </div>
   <div class='ocr_carea' id='block_1_60' title="bbox 224 2106 1010 2146">
    <p class='ocr_par' dir='ltr' id='par_1_60' title="bbox 224 2106 1010 2146">
     <span class='ocr_line' id='line_1_60' title="bbox 224 2106 1010 2146; baseline -0.01 -5"><span class='ocrx_word' id='word_1_446' title='bbox 224 2113 315 2141; x_wconf 84' lang='lat' dir='ltr'><strong>rufum</strong></span> <span class='ocrx_word' id='word_1_447' title='bbox 332 2123 338 2140; x_wconf 73' lang='grc' dir='ltr'><strong>ι</strong></span> <span class='ocrx_word' id='word_1_448' title='bbox 357 2113 385 2139; x_wconf 93' lang='lat'><strong>&#39;0</strong></span> <span class='ocrx_word' id='word_1_449' title='bbox 399 2112 426 2138; x_wconf 78' lang='grc' dir='ltr'><strong>δὲ</strong></span> <span class='ocrx_word' id='word_1_450' title='bbox 441 2111 582 2146; x_wconf 78' lang='grc' dir='ltr'><strong>ἄνθρωπος</strong></span> <span class='ocrx_word' id='word_1_451' title='bbox 594 2106 668 2142; x_wconf 73' lang='grc' dir='ltr'><strong>οὗτος</strong></span> <span class='ocrx_word' id='word_1_452' title='bbox 687 2108 805 2144; x_wconf 71' lang='grc' dir='ltr'><strong>’Ἄδαμος</strong></span> <span class='ocrx_word' id='word_1_453' title='bbox 829 2107 943 2144; x_wconf 72' lang='grc' dir='ltr'><strong>ἐκλήθη·</strong></span> <span class='ocrx_word' id='word_1_454' title='bbox 963 2116 1010 2143; x_wconf 88' lang='grc' dir='ltr'><strong>ση-</strong></span> 
     </span>
    </p>
   </div>
   <div class='ocr_carea' id='block_1_61' title="bbox 225 2154 1008 2196">
    <p class='ocr_par' dir='ltr' id='par_1_61' title="bbox 225 2154 1008 2196">
     <span class='ocr_line' id='line_1_61' title="bbox 225 2154 1008 2196; baseline -0.01 -9"><span class='ocrx_word' id='word_1_455' title='bbox 225 2160 315 2196; x_wconf 73' lang='grc' dir='ltr'><strong>μαίνει</strong></span> <span class='ocrx_word' id='word_1_456' title='bbox 332 2159 360 2186; x_wconf 83' lang='grc' dir='ltr'><strong>δὲ</strong></span> <span class='ocrx_word' id='word_1_457' title='bbox 375 2157 452 2184; x_wconf 84' lang='grc' dir='ltr'><strong>τοῦτο</strong></span> <span class='ocrx_word' id='word_1_458' title='bbox 466 2156 535 2184; x_wconf 75' lang='grc' dir='ltr'>κατὰ</span> <span class='ocrx_word' id='word_1_459' title='bbox 548 2155 669 2190; x_wconf 81' lang='grc' dir='ltr'>γλῶτταν</span> <span class='ocrx_word' id='word_1_460' title='bbox 685 2155 732 2191; x_wconf 84' lang='grc' dir='ltr'><strong>τὴν</strong></span> <span class='ocrx_word' id='word_1_461' title='bbox 748 2154 879 2190; x_wconf 78' lang='grc' dir='ltr'><strong>Ἐϐραίων</strong></span> <span class='ocrx_word' id='word_1_462' title='bbox 896 2154 1008 2189; x_wconf 39' lang='lat' dir='ltr'><strong>meper,</strong></span> 
     </span>
    </p>
   </div>
   <div class='ocr_carea' id='block_1_62' title="bbox 223 2199 1008 2241">
    <p class='ocr_par' dir='ltr' id='par_1_62' title="bbox 223 2199 1008 2241">
     <span class='ocr_line' id='line_1_62' title="bbox 223 2199 1008 2241; baseline -0.01 -8"><span class='ocrx_word' id='word_1_463' title='bbox 223 2206 370 2241; x_wconf 67' lang='grc' dir='ltr'><strong>ἐπειδήπερ</strong></span> <span class='ocrx_word' id='word_1_464' title='bbox 384 2204 438 2231; x_wconf 86' lang='grc' dir='ltr'><strong>ἀπὸ</strong></span> <span class='ocrx_word' id='word_1_465' title='bbox 450 2204 499 2238; x_wconf 83' lang='grc' dir='ltr'><strong>τῆς</strong></span> <span class='ocrx_word' id='word_1_466' title='bbox 513 2203 618 2237; x_wconf 77' lang='grc' dir='ltr'>πυρῤἇς</span> <span class='ocrx_word' id='word_1_467' title='bbox 633 2201 684 2237; x_wconf 82' lang='grc' dir='ltr'><strong>γῆς</strong></span> <span class='ocrx_word' id='word_1_468' title='bbox 697 2201 864 2236; x_wconf 79' lang='grc' dir='ltr'><strong>φυραθείσης</strong></span> <span class='ocrx_word' id='word_1_469' title='bbox 879 2199 1008 2234; x_wconf 72' lang='grc' dir='ltr'><strong>ἐγεγόνει.</strong></span> 
     </span>
    </p>
   </div>
   <div class='ocr_carea' id='block_1_63' title="bbox 224 2245 903 2287">
    <p class='ocr_par' dir='ltr' id='par_1_63' title="bbox 224 2245 903 2287">
     <span class='ocr_line' id='line_1_63' title="bbox 224 2245 903 2287; baseline -0.009 -9"><span class='ocrx_word' id='word_1_470' title='bbox 224 2252 340 2287; x_wconf 56' lang='lat' dir='ltr'><strong>Tomos-ri</strong></span> <span class='ocrx_word' id='word_1_471' title='bbox 351 2251 405 2285; x_wconf 83' lang='grc' dir='ltr'><strong>γάρ</strong></span> <span class='ocrx_word' id='word_1_472' title='bbox 418 2251 489 2276; x_wconf 76' lang='grc' dir='ltr'><strong>ἐστιν</strong></span> <span class='ocrx_word' id='word_1_473' title='bbox 502 2249 518 2284; x_wconf 85' lang='grc' dir='ltr'>ὴ</span> <span class='ocrx_word' id='word_1_474' title='bbox 532 2247 663 2283; x_wconf 78' lang='grc' dir='ltr'><strong>παρθένος</strong></span> <span class='ocrx_word' id='word_1_475' title='bbox 675 2248 709 2282; x_wconf 80' lang='grc' dir='ltr'><strong>γῆ</strong></span> <span class='ocrx_word' id='word_1_476' title='bbox 721 2247 767 2273; x_wconf 78' lang='grc' dir='ltr'>καὶ</span> <span class='ocrx_word' id='word_1_477' title='bbox 780 2245 903 2282; x_wconf 81' lang='grc' dir='ltr'><strong>ἀληθινή.</strong></span> 
     </span>
    </p>
   </div>
   <div class='ocr_carea' id='block_1_64' title="bbox 261 2290 1004 2326">
    <p class='ocr_par' dir='ltr' id='par_1_64' title="bbox 261 2290 1004 2326">
     <span class='ocr_line' id='line_1_64' title="bbox 261 2290 1004 2326; baseline -0.011 -2"><span class='ocrx_word' id='word_1_478' title='bbox 261 2297 327 2324; x_wconf 92' lang='lat' dir='ltr'><strong>Ibid.</strong></span> <span class='ocrx_word' id='word_1_479' title='bbox 343 2295 399 2322; x_wconf 78' lang='grc' dir='ltr'><em>Καὶ</em></span> <span class='ocrx_word' id='word_1_480' title='bbox 420 2294 492 2326; x_wconf 84' lang='grc' dir='ltr'><strong>δοὺς</strong></span> <span class='ocrx_word' id='word_1_481' title='bbox 508 2291 605 2324; x_wconf 77' lang='grc' dir='ltr'><strong>αὐτῷ.</strong></span> <span class='ocrx_word' id='word_1_482' title='bbox 633 2290 672 2318; x_wconf 81' lang='lat' dir='ltr'><strong>Ita</strong></span> <span class='ocrx_word' id='word_1_483' title='bbox 693 2296 722 2318; x_wconf 91' lang='lat' dir='ltr'><strong>ut</strong></span> <span class='ocrx_word' id='word_1_484' title='bbox 742 2291 793 2318; x_wconf 87' lang='lat' dir='ltr'><strong>hoc</strong></span> <span class='ocrx_word' id='word_1_485' title='bbox 820 2291 879 2318; x_wconf 91' lang='lat' dir='ltr'><strong>solo</strong></span> <span class='ocrx_word' id='word_1_486' title='bbox 904 2290 1004 2321; x_wconf 91' lang='lat' dir='ltr'><strong>animo,</strong></span> 
     </span>
    </p>
   </div>
   <div class='ocr_carea' id='block_1_65' title="bbox 224 2336 1008 2372">
    <p class='ocr_par' dir='ltr' id='par_1_65' title="bbox 224 2336 1008 2372">
     <span class='ocr_line' id='line_1_65' title="bbox 224 2336 1008 2372; baseline -0.011 -2"><span class='ocrx_word' id='word_1_487' title='bbox 224 2342 338 2370; x_wconf 88' lang='lat' dir='ltr'><strong>rationis</strong></span> <span class='ocrx_word' id='word_1_488' title='bbox 353 2341 484 2368; x_wconf 80' lang='lat' dir='ltr'><strong>duntaxat</strong></span> <span class='ocrx_word' id='word_1_489' title='bbox 500 2343 624 2372; x_wconf 86' lang='lat' dir='ltr'><strong>compote</strong></span> <span class='ocrx_word' id='word_1_490' title='bbox 648 2345 663 2364; x_wconf 88' lang='lat' dir='ltr'><strong>a</strong></span> <span class='ocrx_word' id='word_1_491' title='bbox 678 2337 782 2364; x_wconf 59' lang='lat' dir='ltr'><strong>caeteris</strong></span> <span class='ocrx_word' id='word_1_492' title='bbox 799 2336 870 2369; x_wconf 91' lang='lat' dir='ltr'><strong>aliis,</strong></span> <span class='ocrx_word' id='word_1_493' title='bbox 896 2336 953 2363; x_wconf 82' lang='lat' dir='ltr'><strong>sive</strong></span> <span class='ocrx_word' id='word_1_494' title='bbox 966 2336 1008 2362; x_wconf 90' lang='lat' dir='ltr'><strong>his</strong></span> 
     </span>
    </p>
   </div>
   <div class='ocr_carea' id='block_1_66' title="bbox 225 2381 1008 2420">
    <p class='ocr_par' dir='ltr' id='par_1_66' title="bbox 225 2381 1008 2420">
     <span class='ocr_line' id='line_1_66' title="bbox 225 2381 1008 2420; baseline -0.013 -3"><span class='ocrx_word' id='word_1_495' title='bbox 225 2389 403 2417; x_wconf 79' lang='lat' dir='ltr'><strong>inferioribus</strong></span> <span class='ocrx_word' id='word_1_496' title='bbox 423 2388 480 2414; x_wconf 90' lang='lat' dir='ltr'><strong>sive</strong></span> <span class='ocrx_word' id='word_1_497' title='bbox 503 2384 702 2420; x_wconf 88' lang='lat' dir='ltr'><strong>superioribus,</strong></span> <span class='ocrx_word' id='word_1_498' title='bbox 719 2382 852 2410; x_wconf 86' lang='lat' dir='ltr'><strong>creaturis</strong></span> <span class='ocrx_word' id='word_1_499' title='bbox 882 2381 1008 2414; x_wconf 76' lang='lat' dir='ltr'><strong>diﬂ&#39;erat;</strong></span> 
     </span>
    </p>
   </div>
   <div class='ocr_carea' id='block_1_67' title="bbox 226 2427 1005 2470">
    <p class='ocr_par' dir='ltr' id='par_1_67' title="bbox 226 2427 1005 2470">
     <span class='ocr_line' id='line_1_67' title="bbox 226 2427 1005 2470; baseline -0.014 -7"><span class='ocrx_word' id='word_1_500' title='bbox 226 2437 253 2463; x_wconf 93' lang='lat' dir='ltr'><strong>in</strong></span> <span class='ocrx_word' id='word_1_501' title='bbox 268 2443 354 2470; x_wconf 90' lang='lat' dir='ltr'><strong>eoque</strong></span> <span class='ocrx_word' id='word_1_502' title='bbox 383 2442 461 2461; x_wconf 90' lang='lat' dir='ltr'><strong>suum</strong></span> <span class='ocrx_word' id='word_1_503' title='bbox 480 2440 560 2459; x_wconf 91' lang='lat' dir='ltr'><strong>omne</strong></span> <span class='ocrx_word' id='word_1_504' title='bbox 577 2431 706 2461; x_wconf 87' lang='lat' dir='ltr'><strong>decus,et</strong></span> <span class='ocrx_word' id='word_1_505' title='bbox 720 2428 908 2456; x_wconf 79' lang='lat' dir='ltr'><strong>excellentiam</strong></span> <span class='ocrx_word' id='word_1_506' title='bbox 925 2427 1005 2454; x_wconf 90' lang='lat' dir='ltr'><strong>sitam</strong></span> 
     </span>
    </p>
   </div>
   <div class='ocr_carea' id='block_1_68' title="bbox 226 2472 1008 2517">
    <p class='ocr_par' dir='ltr' id='par_1_68' title="bbox 226 2472 1008 2517">
     <span class='ocr_line' id='line_1_68' title="bbox 226 2472 1008 2517; baseline -0.017 -7"><span class='ocrx_word' id='word_1_507' title='bbox 226 2486 367 2517; x_wconf 84' lang='lat' dir='ltr'><strong>agnoscat.</strong></span> <span class='ocrx_word' id='word_1_508' title='bbox 378 2479 455 2513; x_wconf 88' lang='lat' dir='ltr'><strong>Quod</strong></span> <span class='ocrx_word' id='word_1_509' title='bbox 476 2478 510 2505; x_wconf 83' lang='lat' dir='ltr'><strong>ab</strong></span> <span class='ocrx_word' id='word_1_510' title='bbox 529 2477 639 2504; x_wconf 90' lang='lat' dir='ltr'><strong>homine</strong></span> <span class='ocrx_word' id='word_1_511' title='bbox 654 2475 676 2503; x_wconf 91' lang='lat' dir='ltr'><strong>si</strong></span> <span class='ocrx_word' id='word_1_512' title='bbox 694 2474 798 2505; x_wconf 88' lang='lat' dir='ltr'><strong>demas,</strong></span> <span class='ocrx_word' id='word_1_513' title='bbox 813 2480 947 2507; x_wconf 88' lang='lat' dir='ltr'><strong>nusquam</strong></span> <span class='ocrx_word' id='word_1_514' title='bbox 966 2472 1008 2499; x_wconf 87' lang='lat' dir='ltr'><strong>vel</strong></span> 
     </span>
    </p>
   </div>
   <div class='ocr_carea' id='block_1_69' title="bbox 225 2518 1008 2559">
    <p class='ocr_par' dir='ltr' id='par_1_69' title="bbox 225 2518 1008 2559">
     <span class='ocr_line' id='line_1_69' title="bbox 225 2518 1008 2559; baseline -0.011 -4"><span class='ocrx_word' id='word_1_515' title='bbox 225 2527 374 2559; x_wconf 83' lang='lat' dir='ltr'><strong>brutis,vel</strong></span> <span class='ocrx_word' id='word_1_516' title='bbox 391 2525 541 2557; x_wconf 82' lang='lat' dir='ltr'><strong>vermibus,</strong></span> <span class='ocrx_word' id='word_1_517' title='bbox 553 2523 594 2550; x_wconf 83' lang='lat' dir='ltr'><strong>vel</strong></span> <span class='ocrx_word' id='word_1_518' title='bbox 609 2521 721 2557; x_wconf 90' lang='lat' dir='ltr'><strong>plantis,</strong></span> <span class='ocrx_word' id='word_1_519' title='bbox 734 2520 775 2547; x_wconf 85' lang='lat' dir='ltr'><strong>vel</strong></span> <span class='ocrx_word' id='word_1_520' title='bbox 790 2518 925 2554; x_wconf 81' lang='lat' dir='ltr'><strong>lapidibus</strong></span> <span class='ocrx_word' id='word_1_521' title='bbox 943 2518 1008 2553; x_wconf 86' lang='lat' dir='ltr'><strong>ipsis</strong></span> 
     </span>
    </p>
   </div>
   <div class='ocr_carea' id='block_1_70' title="bbox 225 2566 1009 2608">
    <p class='ocr_par' dir='ltr' id='par_1_70' title="bbox 225 2566 1009 2608">
     <span class='ocr_line' id='line_1_70' title="bbox 225 2566 1009 2608; baseline -0.013 -7"><span class='ocrx_word' id='word_1_522' title='bbox 225 2573 353 2608; x_wconf 85' lang='lat' dir='ltr'><strong>superior</strong></span> <span class='ocrx_word' id='word_1_523' title='bbox 371 2573 434 2599; x_wconf 86' lang='lat' dir='ltr'><strong>erit.</strong></span> <span class='ocrx_word' id='word_1_524' title='bbox 449 2571 521 2604; x_wconf 88' lang='lat' dir='ltr'><strong>Quin</strong></span> <span class='ocrx_word' id='word_1_525' title='bbox 541 2568 662 2596; x_wconf 90' lang='lat' dir='ltr'><strong>omnium</strong></span> <span class='ocrx_word' id='word_1_526' title='bbox 683 2566 900 2597; x_wconf 76' lang='lat' dir='ltr'><strong>infelicissimus,</strong></span> <span class='ocrx_word' id='word_1_527' title='bbox 920 2569 947 2592; x_wconf 87' lang='lat' dir='ltr'><strong>et</strong></span> <span class='ocrx_word' id='word_1_528' title='bbox 960 2566 1009 2592; x_wconf 92' lang='lat' dir='ltr'><strong>mi-</strong></span> 
     </span>
    </p>
   </div>
   <div class='ocr_carea' id='block_1_71' title="bbox 226 2610 1009 2652">
    <p class='ocr_par' dir='ltr' id='par_1_71' title="bbox 226 2610 1009 2652">
     <span class='ocr_line' id='line_1_71' title="bbox 226 2610 1009 2652; baseline -0.014 -5"><span class='ocrx_word' id='word_1_529' title='bbox 226 2620 359 2646; x_wconf 82' lang='lat' dir='ltr'><strong>serrimus</strong></span> <span class='ocrx_word' id='word_1_530' title='bbox 375 2619 459 2645; x_wconf 88' lang='lat' dir='ltr'><strong>vitam</strong></span> <span class='ocrx_word' id='word_1_531' title='bbox 476 2619 578 2652; x_wconf 81' lang='lat' dir='ltr'><strong>ageret.</strong></span> <span class='ocrx_word' id='word_1_532' title='bbox 595 2613 656 2640; x_wconf 84' lang='lat' dir='ltr'><strong>Non</strong></span> <span class='ocrx_word' id='word_1_533' title='bbox 679 2612 788 2639; x_wconf 80' lang='lat' dir='ltr'><strong>defuere</strong></span> <span class='ocrx_word' id='word_1_534' title='bbox 816 2615 917 2644; x_wconf 87' lang='lat' dir='ltr'><strong>tamen,</strong></span> <span class='ocrx_word' id='word_1_535' title='bbox 936 2610 1009 2645; x_wconf 89' lang='lat' dir='ltr'><strong>iique</strong></span> 
     </span>
    </p>
   </div>
   <div class='ocr_carea' id='block_1_72' title="bbox 226 2656 1010 2700">
    <p class='ocr_par' dir='ltr' id='par_1_72' title="bbox 226 2656 1010 2700">
     <span class='ocr_line' id='line_1_72' title="bbox 226 2656 1010 2700; baseline -0.014 -7"><span class='ocrx_word' id='word_1_536' title='bbox 226 2664 445 2700; x_wconf 60' lang='lat' dir='ltr'><strong>praestantissimi</strong></span> <span class='ocrx_word' id='word_1_537' title='bbox 462 2662 526 2693; x_wconf 84' lang='lat' dir='ltr'><strong>viri,</strong></span> <span class='ocrx_word' id='word_1_538' title='bbox 545 2661 592 2696; x_wconf 90' lang='lat' dir='ltr'><strong>qui</strong></span> <span class='ocrx_word' id='word_1_539' title='bbox 615 2660 733 2686; x_wconf 87' lang='lat' dir='ltr'><strong>animum</strong></span> <span class='ocrx_word' id='word_1_540' title='bbox 749 2657 961 2684; x_wconf 87' lang='lat' dir='ltr'><strong>ratiocinantem</strong></span> <span class='ocrx_word' id='word_1_541' title='bbox 975 2656 1010 2683; x_wconf 84' lang='lat' dir='ltr'><strong>si-</strong></span> 
     </span>
    </p>
   </div>
   <div class='ocr_carea' id='block_1_73' title="bbox 226 2701 1010 2743">
    <p class='ocr_par' dir='ltr' id='par_1_73' title="bbox 226 2701 1010 2743">
     <span class='ocr_line' id='line_1_73' title="bbox 226 2701 1010 2743; baseline -0.014 -5"><span class='ocrx_word' id='word_1_542' title='bbox 226 2712 348 2742; x_wconf 75' lang='lat' dir='ltr'><strong>deribus,</strong></span> <span class='ocrx_word' id='word_1_543' title='bbox 363 2710 501 2743; x_wconf 87' lang='lat' dir='ltr'><strong>rebusque</strong></span> <span class='ocrx_word' id='word_1_544' title='bbox 521 2708 584 2734; x_wconf 89' lang='lat' dir='ltr'><strong>aliis</strong></span> <span class='ocrx_word' id='word_1_545' title='bbox 613 2706 799 2739; x_wconf 80' lang='lat' dir='ltr'><strong>assignarunt,</strong></span> <span class='ocrx_word' id='word_1_546' title='bbox 828 2702 910 2729; x_wconf 87' lang='lat' dir='ltr'><strong>veluti</strong></span> <span class='ocrx_word' id='word_1_547' title='bbox 933 2701 1010 2729; x_wconf 87' lang='lat' dir='ltr'><strong>Philo</strong></span> 
     </span>
    </p>
   </div>
   <div class='ocr_carea' id='block_1_74' title="bbox 227 2749 1009 2790">
    <p class='ocr_par' dir='ltr' id='par_1_74' title="bbox 227 2749 1009 2790">
     <span class='ocr_line' id='line_1_74' title="bbox 227 2749 1009 2790; baseline -0.014 -6"><span class='ocrx_word' id='word_1_548' title='bbox 227 2757 349 2790; x_wconf 60' lang='lat' dir='ltr'><strong>Iudaeus,</strong></span> <span class='ocrx_word' id='word_1_549' title='bbox 365 2756 413 2784; x_wconf 89' lang='lat' dir='ltr'><strong>lib.</strong></span> <span class='ocrx_word' id='word_1_550' title='bbox 432 2755 470 2782; x_wconf 86' lang='lat' dir='ltr'><strong>De</strong></span> <span class='ocrx_word' id='word_1_551' title='bbox 492 2753 602 2781; x_wconf 86' lang='lat' dir='ltr'><strong>somniis</strong></span> <span class='ocrx_word' id='word_1_552' title='bbox 624 2757 650 2779; x_wconf 89' lang='lat' dir='ltr'><strong>et</strong></span> <span class='ocrx_word' id='word_1_553' title='bbox 669 2753 705 2777; x_wconf 80' lang='lat' dir='ltr'><strong>Ue</strong></span> <span class='ocrx_word' id='word_1_554' title='bbox 729 2750 792 2784; x_wconf 69' lang='lat' dir='ltr'><strong>opif.</strong></span> <span class='ocrx_word' id='word_1_555' title='bbox 819 2757 864 2776; x_wconf 79' lang='lat' dir='ltr'><strong>sea:</strong></span> <span class='ocrx_word' id='word_1_556' title='bbox 888 2749 1009 2778; x_wconf 83' lang='lat' dir='ltr'><strong>dierum;</strong></span> 
     </span>
    </p>
   </div>
   <div class='ocr_carea' id='block_1_75' title="bbox 227 2793 1011 2837">
    <p class='ocr_par' dir='ltr' id='par_1_75' title="bbox 227 2793 1011 2837">
     <span class='ocr_line' id='line_1_75' title="bbox 227 2793 1011 2837; baseline -0.013 -7"><span class='ocrx_word' id='word_1_557' title='bbox 227 2803 369 2837; x_wconf 80' lang='lat' dir='ltr'><strong>Origenes,</strong></span> <span class='ocrx_word' id='word_1_558' title='bbox 382 2807 450 2830; x_wconf 80' lang='lat' dir='ltr'><strong>tom.</strong></span> <span class='ocrx_word' id='word_1_559' title='bbox 465 2810 482 2833; x_wconf 90' lang='grc' dir='ltr'>ι,</span> <span class='ocrx_word' id='word_1_560' title='bbox 498 2801 652 2828; x_wconf 85' lang='lat' dir='ltr'><strong>Comment.</strong></span> <span class='ocrx_word' id='word_1_561' title='bbox 668 2798 693 2824; x_wconf 89' lang='lat' dir='ltr'><strong>in</strong></span> <span class='ocrx_word' id='word_1_562' title='bbox 713 2796 793 2823; x_wconf 84' lang='lat' dir='ltr'><strong>Juan.</strong></span> <span class='ocrx_word' id='word_1_563' title='bbox 806 2800 832 2822; x_wconf 87' lang='lat' dir='ltr'><strong>et</strong></span> <span class='ocrx_word' id='word_1_564' title='bbox 845 2795 932 2830; x_wconf 85' lang='lat' dir='ltr'><strong>primo</strong></span> <span class='ocrx_word' id='word_1_565' title='bbox 941 2793 1011 2827; x_wconf 80' lang='grc' dir='ltr'><strong>Περὶ</strong></span> 
     </span>
    </p>
   </div>
   <div class='ocr_carea' id='block_1_76' title="bbox 227 2841 1010 2883">
    <p class='ocr_par' dir='ltr' id='par_1_76' title="bbox 227 2841 1010 2883">
     <span class='ocr_line' id='line_1_76' title="bbox 227 2841 1010 2883; baseline -0.01 -8"><span class='ocrx_word' id='word_1_566' title='bbox 227 2848 339 2883; x_wconf 79' lang='grc' dir='ltr'><strong>ἀρχῶν,</strong></span> <span class='ocrx_word' id='word_1_567' title='bbox 357 2855 416 2882; x_wconf 85' lang='lat' dir='ltr'><strong>cap.</strong></span> <span class='ocrx_word' id='word_1_568' title='bbox 445 2848 468 2873; x_wconf 82' lang='lat'><strong>7.</strong></span> <span class='ocrx_word' id='word_1_569' title='bbox 488 2846 667 2880; x_wconf 79' lang='lat' dir='ltr'><strong>Hieronymus</strong></span> <span class='ocrx_word' id='word_1_570' title='bbox 682 2843 716 2870; x_wconf 85' lang='lat' dir='ltr'><strong>ab</strong></span> <span class='ocrx_word' id='word_1_571' title='bbox 736 2843 786 2870; x_wconf 90' lang='lat' dir='ltr'><strong>hac</strong></span> <span class='ocrx_word' id='word_1_572' title='bbox 801 2841 935 2870; x_wconf 78' lang='lat' dir='ltr'><strong>sententia</strong></span> <span class='ocrx_word' id='word_1_573' title='bbox 956 2848 1010 2867; x_wconf 81' lang='lat' dir='ltr'><strong>non</strong></span> 
     </span>
    </p>
   </div>
   <div class='ocr_carea' id='block_1_77' title="bbox 1064 903 1725 939">
    <p class='ocr_par' dir='ltr' id='par_1_77' title="bbox 1064 903 1725 939">
     <span class='ocr_line' id='line_1_77' title="bbox 1064 903 1725 939; baseline 0.003 -10"><span class='ocrx_word' id='word_1_574' title='bbox 1064 910 1095 930; x_wconf 89' lang='lat' dir='ltr'><strong>ac</strong></span> <span class='ocrx_word' id='word_1_575' title='bbox 1110 903 1232 930; x_wconf 88' lang='lat' dir='ltr'><strong>scientiis</strong></span> <span class='ocrx_word' id='word_1_576' title='bbox 1243 903 1405 937; x_wconf 88' lang='lat' dir='ltr'><strong>ignobiliora</strong></span> <span class='ocrx_word' id='word_1_577' title='bbox 1423 911 1588 938; x_wconf 81' lang='lat' dir='ltr'><strong>cognoscere</strong></span> <span class='ocrx_word' id='word_1_578' title='bbox 1608 905 1725 939; x_wconf 80' lang='lat' dir='ltr'><strong>appetis.</strong></span> 
     </span>
    </p>
   </div>
   <div class='ocr_carea' id='block_1_78' title="bbox 1098 948 1847 986">
    <p class='ocr_par' dir='ltr' id='par_1_78' title="bbox 1098 948 1847 986">
     <span class='ocr_line' id='line_1_78' title="bbox 1098 948 1847 986; baseline 0.004 -11"><span class='ocrx_word' id='word_1_579' title='bbox 1098 948 1177 982; x_wconf 88' lang='lat' dir='ltr'><strong>lbid.,</strong></span> <span class='ocrx_word' id='word_1_580' title='bbox 1192 949 1242 976; x_wconf 85' lang='lat' dir='ltr'><strong>lin.</strong></span> <span class='ocrx_word' id='word_1_581' title='bbox 1258 949 1303 976; x_wconf 69' lang='grc'><strong>24.</strong></span> <span class='ocrx_word' id='word_1_582' title='bbox 1323 949 1378 977; x_wconf 87' lang='grc' dir='ltr'><em>Τοῦ</em></span> <span class='ocrx_word' id='word_1_583' title='bbox 1395 950 1590 984; x_wconf 74' lang='grc' dir='ltr'><strong>παραδείσου.</strong></span> <span class='ocrx_word' id='word_1_584' title='bbox 1605 950 1687 978; x_wconf 86' lang='lat' dir='ltr'><strong>Plura</strong></span> <span class='ocrx_word' id='word_1_585' title='bbox 1711 951 1784 986; x_wconf 87' lang='lat' dir='ltr'><strong>apud</strong></span> <span class='ocrx_word' id='word_1_586' title='bbox 1801 951 1847 978; x_wconf 76' lang='lat' dir='ltr'><strong>Pa-</strong></span> 
     </span>
    </p>
   </div>
   <div class='ocr_carea' id='block_1_79' title="bbox 1064 996 1845 1032">
    <p class='ocr_par' dir='ltr' id='par_1_79' title="bbox 1064 996 1845 1032">
     <span class='ocr_line' id='line_1_79' title="bbox 1064 996 1845 1032; baseline 0.003 -10"><span class='ocrx_word' id='word_1_587' title='bbox 1064 1000 1118 1023; x_wconf 91' lang='lat' dir='ltr'><strong>tres</strong></span> <span class='ocrx_word' id='word_1_588' title='bbox 1137 997 1170 1024; x_wconf 91' lang='lat' dir='ltr'><strong>de</strong></span> <span class='ocrx_word' id='word_1_589' title='bbox 1193 996 1322 1031; x_wconf 85' lang='lat' dir='ltr'><strong>paradiso</strong></span> <span class='ocrx_word' id='word_1_590' title='bbox 1344 997 1501 1031; x_wconf 85' lang='lat' dir='ltr'><strong>voluptatis,</strong></span> <span class='ocrx_word' id='word_1_591' title='bbox 1533 997 1669 1032; x_wconf 71' lang='lat' dir='ltr'><strong>varimque</strong></span> <span class='ocrx_word' id='word_1_592' title='bbox 1684 997 1719 1024; x_wconf 90' lang='lat' dir='ltr'><strong>de</strong></span> <span class='ocrx_word' id='word_1_593' title='bbox 1744 1005 1779 1024; x_wconf 89' lang='lat' dir='ltr'><strong>eo</strong></span> <span class='ocrx_word' id='word_1_594' title='bbox 1793 1006 1845 1024; x_wconf 90' lang='lat' dir='ltr'><strong>non</strong></span> 
     </span>
    </p>
   </div>
   <div class='ocr_carea' id='block_1_80' title="bbox 1062 1041 1846 1078">
    <p class='ocr_par' dir='ltr' id='par_1_80' title="bbox 1062 1041 1846 1078">
     <span class='ocr_line' id='line_1_80' title="bbox 1062 1041 1846 1078; baseline 0.004 -10"><span class='ocrx_word' id='word_1_595' title='bbox 1062 1045 1168 1069; x_wconf 84' lang='lat' dir='ltr'><strong>tantum</strong></span> <span class='ocrx_word' id='word_1_596' title='bbox 1187 1041 1257 1077; x_wconf 85' lang='lat' dir='ltr'><strong>apud</strong></span> <span class='ocrx_word' id='word_1_597' title='bbox 1276 1043 1414 1077; x_wconf 88' lang='lat' dir='ltr'><strong>antiquos,</strong></span> <span class='ocrx_word' id='word_1_598' title='bbox 1430 1042 1477 1070; x_wconf 90' lang='lat' dir='ltr'><strong>sed</strong></span> <span class='ocrx_word' id='word_1_599' title='bbox 1493 1047 1519 1070; x_wconf 91' lang='lat' dir='ltr'><strong>ct</strong></span> <span class='ocrx_word' id='word_1_600' title='bbox 1540 1044 1707 1071; x_wconf 76' lang='lat' dir='ltr'><strong>recentiores</strong></span> <span class='ocrx_word' id='word_1_601' title='bbox 1732 1044 1846 1078; x_wconf 89' lang='lat' dir='ltr'><strong>scripto-</strong></span> 
     </span>
    </p>
   </div>
   <div class='ocr_carea' id='block_1_81' title="bbox 1063 1088 1846 1121">
    <p class='ocr_par' dir='ltr' id='par_1_81' title="bbox 1063 1088 1846 1121">
     <span class='ocr_line' id='line_1_81' title="bbox 1063 1088 1846 1121; baseline 0.004 -6"><span class='ocrx_word' id='word_1_602' title='bbox 1063 1096 1119 1121; x_wconf 81' lang='lat' dir='ltr'><strong>res,</strong></span> <span class='ocrx_word' id='word_1_603' title='bbox 1135 1088 1307 1116; x_wconf 74' lang='lat' dir='ltr'><strong>difficultates</strong></span> <span class='ocrx_word' id='word_1_604' title='bbox 1320 1089 1494 1116; x_wconf 70' lang='lat' dir='ltr'><strong>elucubratas.</strong></span> <span class='ocrx_word' id='word_1_605' title='bbox 1510 1088 1584 1116; x_wconf 84' lang='lat' dir='ltr'><strong>Multi</strong></span> <span class='ocrx_word' id='word_1_606' title='bbox 1604 1089 1667 1117; x_wconf 88' lang='lat' dir='ltr'><strong>item</strong></span> <span class='ocrx_word' id='word_1_607' title='bbox 1682 1089 1846 1118; x_wconf 86' lang='lat' dir='ltr'><strong>librosinte-</strong></span> 
     </span>
    </p>
   </div>
   <div class='ocr_carea' id='block_1_82' title="bbox 1062 1135 1845 1171">
    <p class='ocr_par' dir='ltr' id='par_1_82' title="bbox 1062 1135 1845 1171">
     <span class='ocr_line' id='line_1_82' title="bbox 1062 1135 1845 1171; baseline 0.003 -9"><span class='ocrx_word' id='word_1_608' title='bbox 1062 1142 1125 1170; x_wconf 81' lang='lat' dir='ltr'><strong>gros</strong></span> <span class='ocrx_word' id='word_1_609' title='bbox 1139 1135 1172 1162; x_wconf 89' lang='lat' dir='ltr'><strong>de</strong></span> <span class='ocrx_word' id='word_1_610' title='bbox 1194 1135 1247 1162; x_wconf 91' lang='lat' dir='ltr'><strong>hoc</strong></span> <span class='ocrx_word' id='word_1_611' title='bbox 1258 1135 1383 1170; x_wconf 88' lang='lat' dir='ltr'><strong>paradiso</strong></span> <span class='ocrx_word' id='word_1_612' title='bbox 1405 1135 1576 1171; x_wconf 88' lang='lat' dir='ltr'><strong>conscriptos</strong></span> <span class='ocrx_word' id='word_1_613' title='bbox 1589 1136 1618 1163; x_wconf 84' lang='lat' dir='ltr'><strong>in</strong></span> <span class='ocrx_word' id='word_1_614' title='bbox 1632 1136 1731 1171; x_wconf 81' lang='lat' dir='ltr'><strong>vulgus</strong></span> <span class='ocrx_word' id='word_1_615' title='bbox 1757 1136 1845 1164; x_wconf 86' lang='lat' dir='ltr'><strong>edide-</strong></span> 
     </span>
    </p>
   </div>
   <div class='ocr_carea' id='block_1_83' title="bbox 1063 1181 1464 1216">
    <p class='ocr_par' dir='ltr' id='par_1_83' title="bbox 1063 1181 1464 1216">
     <span class='ocr_line' id='line_1_83' title="bbox 1063 1181 1464 1216; baseline -0.005 -7"><span class='ocrx_word' id='word_1_616' title='bbox 1063 1185 1137 1212; x_wconf 91' lang='lat' dir='ltr'><strong>runt,</strong></span> <span class='ocrx_word' id='word_1_617' title='bbox 1155 1181 1181 1208; x_wconf 95' lang='lat' dir='ltr'><strong>in</strong></span> <span class='ocrx_word' id='word_1_618' title='bbox 1201 1181 1301 1214; x_wconf 88' lang='lat' dir='ltr'><strong>quibus</strong></span> <span class='ocrx_word' id='word_1_619' title='bbox 1320 1185 1362 1209; x_wconf 91' lang='lat' dir='ltr'><strong>sat</strong></span> <span class='ocrx_word' id='word_1_620' title='bbox 1377 1181 1464 1216; x_wconf 86' lang='lat' dir='ltr'><strong>plura.</strong></span> 
     </span>
    </p>
   </div>
   <div class='ocr_carea' id='block_1_84' title="bbox 1101 1225 1846 1262">
    <p class='ocr_par' dir='ltr' id='par_1_84' title="bbox 1101 1225 1846 1262">
     <span class='ocr_line' id='line_1_84' title="bbox 1101 1225 1846 1262; baseline 0.003 -10"><span class='ocrx_word' id='word_1_621' title='bbox 1101 1225 1170 1253; x_wconf 83' lang='lat' dir='ltr'><strong>Ibid.</strong></span> <span class='ocrx_word' id='word_1_622' title='bbox 1189 1226 1368 1260; x_wconf 73' lang='grc' dir='ltr'><strong>ἘπΙμοχθον</strong></span> <span class='ocrx_word' id='word_1_623' title='bbox 1389 1226 1479 1259; x_wconf 83' lang='grc' dir='ltr'><strong>αὐτῷ.</strong></span> <span class='ocrx_word' id='word_1_624' title='bbox 1508 1225 1616 1254; x_wconf 89' lang='lat' dir='ltr'><strong>Delrius</strong></span> <span class='ocrx_word' id='word_1_625' title='bbox 1634 1235 1661 1254; x_wconf 77' lang='lat' dir='ltr'><strong>in</strong></span> <span class='ocrx_word' id='word_1_626' title='bbox 1680 1235 1740 1262; x_wconf 79' lang='lat' dir='ltr'><strong>cap.</strong></span> <span class='ocrx_word' id='word_1_627' title='bbox 1757 1235 1786 1254; x_wconf 93' lang='grc' dir='ltr'><strong>ιιι</strong></span> <span class='ocrx_word' id='word_1_628' title='bbox 1798 1227 1846 1254; x_wconf 76' lang='lat' dir='ltr'><strong>Ge-</strong></span> 
     </span>
    </p>
   </div>
   <div class='ocr_carea' id='block_1_85' title="bbox 1064 1271 1846 1309">
    <p class='ocr_par' dir='ltr' id='par_1_85' title="bbox 1064 1271 1846 1309">
     <span class='ocr_line' id='line_1_85' title="bbox 1064 1271 1846 1309; baseline 0.003 -10"><span class='ocrx_word' id='word_1_629' title='bbox 1064 1280 1118 1300; x_wconf 79' lang='lat' dir='ltr'><strong>nes.</strong></span> <span class='ocrx_word' id='word_1_630' title='bbox 1133 1280 1145 1298; x_wconf 82' lang='lat'><em>:</em></span> <span class='ocrx_word' id='word_1_631' title='bbox 1168 1271 1200 1298; x_wconf 86' lang='lat' dir='ltr'><strong>In</strong></span> <span class='ocrx_word' id='word_1_632' title='bbox 1229 1273 1355 1306; x_wconf 73' lang='lat' dir='ltr'><strong>paradiso</strong></span> <span class='ocrx_word' id='word_1_633' title='bbox 1379 1272 1510 1299; x_wconf 83' lang='lat' dir='ltr'><strong>innocenti</strong></span> <span class='ocrx_word' id='word_1_634' title='bbox 1541 1272 1644 1300; x_wconf 81' lang='lat' dir='ltr'><strong>Adamo</strong></span> <span class='ocrx_word' id='word_1_635' title='bbox 1673 1273 1753 1300; x_wconf 77' lang='lat' dir='ltr'><strong>tellus</strong></span> <span class='ocrx_word' id='word_1_636' title='bbox 1774 1283 1846 1309; x_wconf 68' lang='lat' dir='ltr'><strong>longe</strong></span> 
     </span>
    </p>
   </div>
   <div class='ocr_carea' id='block_1_86' title="bbox 1063 1319 1845 1355">
    <p class='ocr_par' dir='ltr' id='par_1_86' title="bbox 1063 1319 1845 1355">
     <span class='ocr_line' id='line_1_86' title="bbox 1063 1319 1845 1355; baseline 0.003 -10"><span class='ocrx_word' id='word_1_637' title='bbox 1063 1319 1152 1345; x_wconf 78' lang='lat' dir='ltr'><strong>ontnia</strong></span> <span class='ocrx_word' id='word_1_638' title='bbox 1171 1319 1371 1353; x_wconf 76' lang='lat' dir='ltr'><strong>suppeditasset,</strong></span> <span class='ocrx_word' id='word_1_639' title='bbox 1399 1319 1477 1346; x_wconf 80' lang='lat' dir='ltr'><strong>levem</strong></span> <span class='ocrx_word' id='word_1_640' title='bbox 1499 1328 1557 1346; x_wconf 86' lang='lat' dir='ltr'><strong>cum</strong></span> <span class='ocrx_word' id='word_1_641' title='bbox 1581 1319 1713 1354; x_wconf 80' lang='lat' dir='ltr'><strong>voluptate</strong></span> <span class='ocrx_word' id='word_1_642' title='bbox 1742 1329 1845 1355; x_wconf 65' lang='lat' dir='ltr'><strong>operati</strong></span> 
     </span>
    </p>
   </div>
   <div class='ocr_carea' id='block_1_87' title="bbox 1063 1364 1846 1400">
    <p class='ocr_par' dir='ltr' id='par_1_87' title="bbox 1063 1364 1846 1400">
     <span class='ocr_line' id='line_1_87' title="bbox 1063 1364 1846 1400; baseline 0.004 -10"><span class='ocrx_word' id='word_1_643' title='bbox 1063 1364 1221 1397; x_wconf 82' lang='lat' dir='ltr'><strong>impendenti</strong></span> <span class='ocrx_word' id='word_1_644' title='bbox 1231 1373 1239 1390; x_wconf 95' lang='lat'><strong><em>:</em></strong></span> <span class='ocrx_word' id='word_1_645' title='bbox 1248 1365 1387 1398; x_wconf 77' lang='lat' dir='ltr'><strong>peccatori,</strong></span> <span class='ocrx_word' id='word_1_646' title='bbox 1400 1370 1422 1391; x_wconf 87' lang='lat' dir='ltr'><strong>et</strong></span> <span class='ocrx_word' id='word_1_647' title='bbox 1434 1369 1509 1391; x_wconf 72' lang='lat' dir='ltr'><strong>extra</strong></span> <span class='ocrx_word' id='word_1_648' title='bbox 1520 1365 1674 1400; x_wconf 76' lang='lat' dir='ltr'><strong>paradisum</strong></span> <span class='ocrx_word' id='word_1_649' title='bbox 1688 1366 1780 1393; x_wconf 77' lang='lat' dir='ltr'><strong>eadem</strong></span> <span class='ocrx_word' id='word_1_650' title='bbox 1791 1375 1846 1394; x_wconf 70' lang='lat' dir='ltr'><strong>ra:-</strong></span> 
     </span>
    </p>
   </div>
   <div class='ocr_carea' id='block_1_88' title="bbox 1065 1411 1846 1448">
    <p class='ocr_par' dir='ltr' id='par_1_88' title="bbox 1065 1411 1846 1448">
     <span class='ocr_line' id='line_1_88' title="bbox 1065 1411 1846 1448; baseline 0.003 -11"><span class='ocrx_word' id='word_1_651' title='bbox 1065 1411 1135 1446; x_wconf 81' lang='lat' dir='ltr'><strong>ligna</strong></span> <span class='ocrx_word' id='word_1_652' title='bbox 1151 1411 1241 1438; x_wconf 68' lang='lat' dir='ltr'><strong>nutris:</strong></span> <span class='ocrx_word' id='word_1_653' title='bbox 1255 1411 1362 1437; x_wconf 83' lang='lat' dir='ltr'><strong>inarata</strong></span> <span class='ocrx_word' id='word_1_654' title='bbox 1373 1411 1456 1443; x_wconf 68' lang='lat' dir='ltr'><strong>nihil,</strong></span> <span class='ocrx_word' id='word_1_655' title='bbox 1479 1416 1557 1438; x_wconf 85' lang='lat' dir='ltr'><strong>arata</strong></span> <span class='ocrx_word' id='word_1_656' title='bbox 1571 1419 1652 1446; x_wconf 74' lang='lat' dir='ltr'><strong>parce</strong></span> <span class='ocrx_word' id='word_1_657' title='bbox 1670 1413 1805 1448; x_wconf 72' lang='lat' dir='ltr'><strong>qua’dam,</strong></span> <span class='ocrx_word' id='word_1_658' title='bbox 1821 1421 1846 1439; x_wconf 75' lang='grc' dir='ltr'><strong>ιιι</strong></span> 
     </span>
    </p>
   </div>
   <div class='ocr_carea' id='block_1_89' title="bbox 1063 1457 1846 1492">
    <p class='ocr_par' dir='ltr' id='par_1_89' title="bbox 1063 1457 1846 1492">
     <span class='ocr_line' id='line_1_89' title="bbox 1063 1457 1846 1492; baseline 0.001 -8"><span class='ocrx_word' id='word_1_659' title='bbox 1063 1457 1219 1492; x_wconf 72' lang='lat' dir='ltr'><strong>quibusdam</strong></span> <span class='ocrx_word' id='word_1_660' title='bbox 1244 1457 1307 1484; x_wconf 76' lang='lat' dir='ltr'><strong>locis</strong></span> <span class='ocrx_word' id='word_1_661' title='bbox 1323 1457 1459 1484; x_wconf 73' lang='lat' dir='ltr'><strong>redditura</strong></span> <span class='ocrx_word' id='word_1_662' title='bbox 1477 1457 1658 1485; x_wconf 82' lang='lat' dir='ltr'><strong>denuntiatur.</strong></span> <span class='ocrx_word' id='word_1_663' title='bbox 1680 1458 1713 1485; x_wconf 90' lang='lat' dir='ltr'><strong>Et</strong></span> <span class='ocrx_word' id='word_1_664' title='bbox 1729 1458 1846 1487; x_wconf 66' lang='lat' dir='ltr'><strong>Basilius</strong></span> 
     </span>
    </p>
   </div>
   <div class='ocr_carea' id='block_1_90' title="bbox 1065 1502 1844 1541">
    <p class='ocr_par' dir='ltr' id='par_1_90' title="bbox 1065 1502 1844 1541">
     <span class='ocr_line' id='line_1_90' title="bbox 1065 1502 1844 1541; baseline 0.003 -11"><span class='ocrx_word' id='word_1_665' title='bbox 1065 1502 1256 1536; x_wconf 82' lang='lat' dir='ltr'><strong>Seleuciensis,</strong></span> <span class='ocrx_word' id='word_1_666' title='bbox 1277 1507 1347 1531; x_wconf 89' lang='lat' dir='ltr'><strong>orat.</strong></span> <span class='ocrx_word' id='word_1_667' title='bbox 1366 1503 1384 1529; x_wconf 71' lang='lat'><strong>‘2</strong></span> <span class='ocrx_word' id='word_1_668' title='bbox 1399 1503 1437 1530; x_wconf 85' lang='lat' dir='ltr'><strong>De</strong></span> <span class='ocrx_word' id='word_1_669' title='bbox 1456 1503 1542 1530; x_wconf 84' lang='lat' dir='ltr'><strong>Adam</strong></span> <span class='ocrx_word' id='word_1_670' title='bbox 1556 1512 1567 1531; x_wconf 88' lang='lat'><strong><em>:</em></strong></span> <span class='ocrx_word' id='word_1_671' title='bbox 1588 1504 1807 1540; x_wconf 78' lang='grc' dir='ltr'><strong>Ἐπικατάρατος</strong></span> <span class='ocrx_word' id='word_1_672' title='bbox 1827 1508 1844 1541; x_wconf 86' lang='grc' dir='ltr'><strong>ἠ</strong></span> 
     </span>
    </p>
   </div>
   <div class='ocr_carea' id='block_1_91' title="bbox 1061 1549 1845 1586">
    <p class='ocr_par' dir='ltr' id='par_1_91' title="bbox 1061 1549 1845 1586">
     <span class='ocr_line' id='line_1_91' title="bbox 1061 1549 1845 1586; baseline 0.003 -10"><span class='ocrx_word' id='word_1_673' title='bbox 1061 1549 1097 1584; x_wconf 78' lang='grc' dir='ltr'><strong>γῆ</strong></span> <span class='ocrx_word' id='word_1_674' title='bbox 1113 1550 1142 1576; x_wconf 83' lang='grc' dir='ltr'>ὲν</span> <span class='ocrx_word' id='word_1_675' title='bbox 1157 1551 1212 1581; x_wconf 83' lang='grc' dir='ltr'>τοῖς</span> <span class='ocrx_word' id='word_1_676' title='bbox 1234 1550 1324 1585; x_wconf 77' lang='grc' dir='ltr'><strong>ἔργοις</strong></span> <span class='ocrx_word' id='word_1_677' title='bbox 1341 1558 1397 1576; x_wconf 82' lang='grc' dir='ltr'>σου.</span> <span class='ocrx_word' id='word_1_678' title='bbox 1415 1550 1525 1585; x_wconf 74' lang='grc' dir='ltr'><strong>Τρυφῆς</strong></span> <span class='ocrx_word' id='word_1_679' title='bbox 1543 1550 1644 1586; x_wconf 78' lang='grc' dir='ltr'><strong>ἐφάνης</strong></span> <span class='ocrx_word' id='word_1_680' title='bbox 1659 1551 1778 1583; x_wconf 75' lang='grc' dir='ltr'><strong>ἀνάξιος,</strong></span> <span class='ocrx_word' id='word_1_681' title='bbox 1791 1554 1845 1584; x_wconf 63' lang='lat' dir='ltr'><strong>rei;</strong></span> 
     </span>
    </p>
   </div>
   <div class='ocr_carea' id='block_1_92' title="bbox 1062 1595 1845 1631">
    <p class='ocr_par' dir='ltr' id='par_1_92' title="bbox 1062 1595 1845 1631">
     <span class='ocr_line' id='line_1_92' title="bbox 1062 1595 1845 1631; baseline 0.003 -11"><span class='ocrx_word' id='word_1_682' title='bbox 1062 1595 1126 1630; x_wconf 74' lang='grc' dir='ltr'>περὶ</span> <span class='ocrx_word' id='word_1_683' title='bbox 1139 1595 1190 1630; x_wconf 83' lang='grc' dir='ltr'><strong>γῆν</strong></span> <span class='ocrx_word' id='word_1_684' title='bbox 1207 1595 1315 1631; x_wconf 72' lang='grc' dir='ltr'><strong>ἱδρῶσιν</strong></span> <span class='ocrx_word' id='word_1_685' title='bbox 1335 1595 1465 1629; x_wconf 83' lang='grc' dir='ltr'><strong>ὑπάρξεις</strong></span> <span class='ocrx_word' id='word_1_686' title='bbox 1494 1596 1655 1631; x_wconf 78' lang='grc' dir='ltr'><strong>κατάρατος,</strong></span> <span class='ocrx_word' id='word_1_687' title='bbox 1681 1596 1729 1623; x_wconf 78' lang='grc' dir='ltr'><strong>καὶ</strong></span> <span class='ocrx_word' id='word_1_688' title='bbox 1758 1597 1845 1628; x_wconf 72' lang='grc' dir='ltr'><strong>πὸνυις</strong></span> 
     </span>
    </p>
   </div>
   <div class='ocr_carea' id='block_1_93' title="bbox 1064 1640 1844 1678">
    <p class='ocr_par' dir='ltr' id='par_1_93' title="bbox 1064 1640 1844 1678">
     <span class='ocr_line' id='line_1_93' title="bbox 1064 1640 1844 1678; baseline 0.001 -11"><span class='ocrx_word' id='word_1_689' title='bbox 1064 1641 1202 1676; x_wconf 81' lang='grc' dir='ltr'><strong>μετρήσας</strong></span> <span class='ocrx_word' id='word_1_690' title='bbox 1217 1641 1268 1675; x_wconf 81' lang='grc' dir='ltr'><strong>τῆς</strong></span> <span class='ocrx_word' id='word_1_691' title='bbox 1284 1641 1355 1676; x_wconf 81' lang='grc' dir='ltr'><strong>ζωῆς</strong></span> <span class='ocrx_word' id='word_1_692' title='bbox 1376 1649 1422 1667; x_wconf 86' lang='grc' dir='ltr'><strong>σου</strong></span> <span class='ocrx_word' id='word_1_693' title='bbox 1440 1640 1485 1666; x_wconf 73' lang='grc' dir='ltr'><strong>τὸν</strong></span> <span class='ocrx_word' id='word_1_694' title='bbox 1498 1641 1604 1676; x_wconf 82' lang='grc' dir='ltr'><strong>χρόνον,</strong></span> <span class='ocrx_word' id='word_1_695' title='bbox 1621 1641 1706 1676; x_wconf 73' lang='grc' dir='ltr'>τάφον</span> <span class='ocrx_word' id='word_1_696' title='bbox 1720 1643 1844 1678; x_wconf 75' lang='grc' dir='ltr'><strong>εὑρήσεις</strong></span> 
     </span>
    </p>
   </div>
   <div class='ocr_carea' id='block_1_94' title="bbox 1061 1687 1340 1723">
    <p class='ocr_par' dir='ltr' id='par_1_94' title="bbox 1061 1687 1340 1723">
     <span class='ocr_line' id='line_1_94' title="bbox 1061 1687 1340 1723; baseline 0 -9"><span class='ocrx_word' id='word_1_697' title='bbox 1061 1687 1108 1714; x_wconf 79' lang='grc' dir='ltr'><strong>τοῦ</strong></span> <span class='ocrx_word' id='word_1_698' title='bbox 1137 1688 1192 1723; x_wconf 81' lang='grc' dir='ltr'>βίου</span> <span class='ocrx_word' id='word_1_699' title='bbox 1210 1688 1340 1723; x_wconf 77' lang='grc' dir='ltr'><strong>διάδοχον.</strong></span> 
     </span>
    </p>
   </div>
   <div class='ocr_carea' id='block_1_95' title="bbox 1099 1731 1844 1767">
    <p class='ocr_par' dir='ltr' id='par_1_95' title="bbox 1099 1731 1844 1767">
     <span class='ocr_line' id='line_1_95' title="bbox 1099 1731 1844 1767; baseline 0.001 -8"><span class='ocrx_word' id='word_1_700' title='bbox 1099 1732 1179 1766; x_wconf 89' lang='lat' dir='ltr'><strong>lbid.,</strong></span> <span class='ocrx_word' id='word_1_701' title='bbox 1191 1733 1239 1760; x_wconf 91' lang='lat' dir='ltr'><strong>lin.</strong></span> <span class='ocrx_word' id='word_1_702' title='bbox 1251 1733 1296 1760; x_wconf 56' lang='grc' dir='ltr'><strong>Ἃ).</strong></span> <span class='ocrx_word' id='word_1_703' title='bbox 1317 1733 1472 1767; x_wconf 79' lang='grc' dir='ltr'><strong>Γνωρίσας</strong></span> <span class='ocrx_word' id='word_1_704' title='bbox 1488 1731 1545 1760; x_wconf 79' lang='grc' dir='ltr'><strong>οὖν</strong></span> <span class='ocrx_word' id='word_1_705' title='bbox 1565 1733 1631 1766; x_wconf 77' lang='grc' dir='ltr'><strong>τήν.</strong></span> <span class='ocrx_word' id='word_1_706' title='bbox 1659 1733 1844 1762; x_wconf 83' lang='lat' dir='ltr'><strong>Rabbinorum</strong></span> 
     </span>
    </p>
   </div>
   <div class='ocr_carea' id='block_1_96' title="bbox 1063 1777 1843 1814">
    <p class='ocr_par' dir='ltr' id='par_1_96' title="bbox 1063 1777 1843 1814">
     <span class='ocr_line' id='line_1_96' title="bbox 1063 1777 1843 1814; baseline 0.001 -10"><span class='ocrx_word' id='word_1_707' title='bbox 1063 1778 1172 1812; x_wconf 87' lang='lat' dir='ltr'><strong>quidam</strong></span> <span class='ocrx_word' id='word_1_708' title='bbox 1183 1783 1295 1805; x_wconf 83' lang='lat' dir='ltr'><strong>censent</strong></span> <span class='ocrx_word' id='word_1_709' title='bbox 1310 1777 1369 1805; x_wconf 70' lang='lat' dir='ltr'><strong>Evze</strong></span> <span class='ocrx_word' id='word_1_710' title='bbox 1389 1786 1485 1806; x_wconf 85' lang='lat' dir='ltr'><strong>zonam</strong></span> <span class='ocrx_word' id='word_1_711' title='bbox 1510 1779 1537 1805; x_wconf 96' lang='lat' dir='ltr'><strong>in</strong></span> <span class='ocrx_word' id='word_1_712' title='bbox 1563 1779 1692 1814; x_wconf 90' lang='lat' dir='ltr'><strong>paradiso</strong></span> <span class='ocrx_word' id='word_1_713' title='bbox 1715 1781 1843 1810; x_wconf 80' lang='lat' dir='ltr'><strong>solutam,</strong></span> 
     </span>
    </p>
   </div>
   <div class='ocr_carea' id='block_1_97' title="bbox 1063 1824 1848 1865">
    <p class='ocr_par' dir='ltr' id='par_1_97' title="bbox 1063 1824 1848 1865">
     <span class='ocr_line' id='line_1_97' title="bbox 1063 1824 1848 1865; baseline 0.004 -15"><span class='ocrx_word' id='word_1_714' title='bbox 1063 1824 1251 1859; x_wconf 86' lang='lat' dir='ltr'><strong>Adamumque</strong></span> <span class='ocrx_word' id='word_1_715' title='bbox 1265 1832 1375 1859; x_wconf 84' lang='lat' dir='ltr'><strong>operam</strong></span> <span class='ocrx_word' id='word_1_716' title='bbox 1389 1824 1602 1865; x_wconf 64' lang='lat' dir='ltr'><strong>liberisdedisse</strong></span> <span class='ocrx_word' id='word_1_717' title='bbox 1615 1826 1709 1852; x_wconf 86' lang='lat' dir='ltr'><strong>statim</strong></span> <span class='ocrx_word' id='word_1_718' title='bbox 1723 1830 1753 1852; x_wconf 92' lang='lat' dir='ltr'><strong>ut</strong></span> <span class='ocrx_word' id='word_1_719' title='bbox 1765 1825 1802 1853; x_wconf 86' lang='lat' dir='ltr'><strong>ad</strong></span> <span class='ocrx_word' id='word_1_720' title='bbox 1815 1826 1848 1853; x_wconf 89' lang='lat' dir='ltr'><strong>il-</strong></span> 
     </span>
    </p>
   </div>
   <div class='ocr_carea' id='block_1_98' title="bbox 1065 1870 1843 1904">
    <p class='ocr_par' dir='ltr' id='par_1_98' title="bbox 1065 1870 1843 1904">
     <span class='ocr_line' id='line_1_98' title="bbox 1065 1870 1843 1904; baseline 0.004 -7"><span class='ocrx_word' id='word_1_721' title='bbox 1065 1871 1120 1898; x_wconf 91' lang='lat' dir='ltr'><strong>lum</strong></span> <span class='ocrx_word' id='word_1_722' title='bbox 1137 1871 1252 1898; x_wconf 84' lang='lat' dir='ltr'><strong>adducta</strong></span> <span class='ocrx_word' id='word_1_723' title='bbox 1268 1875 1311 1898; x_wconf 91' lang='lat' dir='ltr'><strong>est</strong></span> <span class='ocrx_word' id='word_1_724' title='bbox 1326 1870 1390 1898; x_wconf 86' lang='lat' dir='ltr'><strong>Eva.</strong></span> <span class='ocrx_word' id='word_1_725' title='bbox 1416 1871 1493 1904; x_wconf 88' lang='lat' dir='ltr'><strong>Quod</strong></span> <span class='ocrx_word' id='word_1_726' title='bbox 1511 1872 1665 1899; x_wconf 88' lang='lat' dir='ltr'><strong>insinuatur</strong></span> <span class='ocrx_word' id='word_1_727' title='bbox 1676 1872 1759 1899; x_wconf 87' lang='lat' dir='ltr'><strong>etiam</strong></span> <span class='ocrx_word' id='word_1_728' title='bbox 1775 1873 1820 1900; x_wconf 91' lang='lat' dir='ltr'><strong>lib.</strong></span> <span class='ocrx_word' id='word_1_729' title='bbox 1832 1880 1843 1900; x_wconf 80' lang='grc' dir='ltr'><strong>ι</strong></span> 
     </span>
    </p>
   </div>
   <div class='ocr_carea' id='block_1_99' title="bbox 1063 1917 1843 1954">
    <p class='ocr_par' dir='ltr' id='par_1_99' title="bbox 1063 1917 1843 1954">
     <span class='ocr_line' id='line_1_99' title="bbox 1063 1917 1843 1954; baseline 0.003 -10"><span class='ocrx_word' id='word_1_730' title='bbox 1063 1917 1258 1953; x_wconf 82' lang='lat' dir='ltr'><strong>Sibyllinorum</strong></span> <span class='ocrx_word' id='word_1_731' title='bbox 1273 1918 1444 1945; x_wconf 81' lang='lat' dir='ltr'><strong>oraculorum</strong></span> <span class='ocrx_word' id='word_1_732' title='bbox 1460 1919 1533 1945; x_wconf 87' lang='lat' dir='ltr'><strong>circa</strong></span> <span class='ocrx_word' id='word_1_733' title='bbox 1558 1918 1736 1954; x_wconf 90' lang='lat' dir='ltr'><strong>principium.</strong></span> <span class='ocrx_word' id='word_1_734' title='bbox 1757 1918 1843 1946; x_wconf 83' lang='lat' dir='ltr'><strong>Caba-</strong></span> 
     </span>
    </p>
   </div>
   <div class='ocr_carea' id='block_1_100' title="bbox 1063 1964 1843 2000">
    <p class='ocr_par' dir='ltr' id='par_1_100' title="bbox 1063 1964 1843 2000">
     <span class='ocr_line' id='line_1_100' title="bbox 1063 1964 1843 2000; baseline 0 -9"><span class='ocrx_word' id='word_1_735' title='bbox 1063 1965 1131 1991; x_wconf 74' lang='lat' dir='ltr'><strong>lista:</strong></span> <span class='ocrx_word' id='word_1_736' title='bbox 1148 1964 1329 1992; x_wconf 88' lang='lat' dir='ltr'><strong>insulsissime</strong></span> <span class='ocrx_word' id='word_1_737' title='bbox 1343 1968 1468 1992; x_wconf 84' lang='lat' dir='ltr'><strong>asserunt</strong></span> <span class='ocrx_word' id='word_1_738' title='bbox 1484 1964 1578 1999; x_wconf 82' lang='lat' dir='ltr'><strong>genios</strong></span> <span class='ocrx_word' id='word_1_739' title='bbox 1591 1964 1689 1991; x_wconf 79' lang='lat' dir='ltr'><strong>noxios</strong></span> <span class='ocrx_word' id='word_1_740' title='bbox 1705 1965 1776 1991; x_wconf 83' lang='lat' dir='ltr'><strong>lilith</strong></span> <span class='ocrx_word' id='word_1_741' title='bbox 1797 1973 1843 2000; x_wconf 88' lang='lat' dir='ltr'><strong>ap-</strong></span> 
     </span>
    </p>
   </div>
   <div class='ocr_carea' id='block_1_101' title="bbox 1065 2009 1843 2045">
    <p class='ocr_par' dir='ltr' id='par_1_101' title="bbox 1065 2009 1843 2045">
     <span class='ocr_line' id='line_1_101' title="bbox 1065 2009 1843 2045; baseline 0 -8"><span class='ocrx_word' id='word_1_742' title='bbox 1065 2010 1179 2045; x_wconf 86' lang='lat' dir='ltr'><strong>pellatos</strong></span> <span class='ocrx_word' id='word_1_743' title='bbox 1194 2011 1297 2045; x_wconf 83' lang='lat' dir='ltr'><strong>genitos</strong></span> <span class='ocrx_word' id='word_1_744' title='bbox 1313 2010 1397 2037; x_wconf 80' lang='lat' dir='ltr'><strong>fuisse</strong></span> <span class='ocrx_word' id='word_1_745' title='bbox 1413 2018 1446 2037; x_wconf 82' lang='lat' dir='ltr'><strong>ex</strong></span> <span class='ocrx_word' id='word_1_746' title='bbox 1468 2009 1599 2045; x_wconf 83' lang='lat' dir='ltr'><strong>proﬂuvio</strong></span> <span class='ocrx_word' id='word_1_747' title='bbox 1611 2010 1727 2038; x_wconf 87' lang='lat' dir='ltr'><strong>seminis</strong></span> <span class='ocrx_word' id='word_1_748' title='bbox 1738 2011 1843 2042; x_wconf 75' lang='lat' dir='ltr'><strong>Adami,</strong></span> 
     </span>
    </p>
   </div>
   <div class='ocr_carea' id='block_1_102' title="bbox 1062 2055 1846 2091">
    <p class='ocr_par' dir='ltr' id='par_1_102' title="bbox 1062 2055 1846 2091">
     <span class='ocr_line' id='line_1_102' title="bbox 1062 2055 1846 2091; baseline 0 -9"><span class='ocrx_word' id='word_1_749' title='bbox 1062 2061 1207 2091; x_wconf 87' lang='lat' dir='ltr'><strong>antequam</strong></span> <span class='ocrx_word' id='word_1_750' title='bbox 1219 2063 1279 2083; x_wconf 92' lang='lat' dir='ltr'><strong>cum</strong></span> <span class='ocrx_word' id='word_1_751' title='bbox 1295 2055 1348 2082; x_wconf 89' lang='lat' dir='ltr'><strong>Eva</strong></span> <span class='ocrx_word' id='word_1_752' title='bbox 1364 2063 1448 2082; x_wconf 74' lang='lat' dir='ltr'><strong>uxore</strong></span> <span class='ocrx_word' id='word_1_753' title='bbox 1463 2055 1684 2090; x_wconf 73' lang='lat' dir='ltr'><strong>congrederetur,</strong></span> <span class='ocrx_word' id='word_1_754' title='bbox 1702 2059 1729 2082; x_wconf 82' lang='lat' dir='ltr'><strong>et</strong></span> <span class='ocrx_word' id='word_1_755' title='bbox 1749 2055 1846 2084; x_wconf 84' lang='lat' dir='ltr'><strong>habere</strong></span> 
     </span>
    </p>
   </div>
   <div class='ocr_carea' id='block_1_103' title="bbox 1063 2101 1844 2136">
    <p class='ocr_par' dir='ltr' id='par_1_103' title="bbox 1063 2101 1844 2136">
     <span class='ocr_line' id='line_1_103' title="bbox 1063 2101 1844 2136; baseline 0 -9"><span class='ocrx_word' id='word_1_756' title='bbox 1063 2101 1172 2136; x_wconf 85' lang='lat' dir='ltr'><strong>quidem</strong></span> <span class='ocrx_word' id='word_1_757' title='bbox 1186 2109 1232 2129; x_wconf 90' lang='lat' dir='ltr'><strong>eos</strong></span> <span class='ocrx_word' id='word_1_758' title='bbox 1245 2109 1344 2135; x_wconf 87' lang='lat' dir='ltr'><strong>corpus</strong></span> <span class='ocrx_word' id='word_1_759' title='bbox 1353 2101 1495 2136; x_wconf 87' lang='lat' dir='ltr'><strong>palpabile,</strong></span> <span class='ocrx_word' id='word_1_760' title='bbox 1504 2105 1532 2128; x_wconf 89' lang='lat' dir='ltr'><strong>et</strong></span> <span class='ocrx_word' id='word_1_761' title='bbox 1543 2101 1671 2128; x_wconf 89' lang='lat' dir='ltr'><strong>sensibus</strong></span> <span class='ocrx_word' id='word_1_762' title='bbox 1682 2102 1844 2136; x_wconf 72' lang='lat' dir='ltr'><strong>subjectum,</strong></span> 
     </span>
    </p>
   </div>
   <div class='ocr_carea' id='block_1_104' title="bbox 1063 2145 1846 2179">
    <p class='ocr_par' dir='ltr' id='par_1_104' title="bbox 1063 2145 1846 2179">
     <span class='ocr_line' id='line_1_104' title="bbox 1063 2145 1846 2179; baseline 0.001 -6"><span class='ocrx_word' id='word_1_763' title='bbox 1063 2147 1110 2174; x_wconf 81' lang='lat' dir='ltr'><strong>sed</strong></span> <span class='ocrx_word' id='word_1_764' title='bbox 1128 2154 1247 2179; x_wconf 80' lang='lat' dir='ltr'><strong>aereum,</strong></span> <span class='ocrx_word' id='word_1_765' title='bbox 1261 2146 1360 2173; x_wconf 88' lang='lat' dir='ltr'><strong>subtile</strong></span> <span class='ocrx_word' id='word_1_766' title='bbox 1376 2150 1403 2173; x_wconf 88' lang='lat' dir='ltr'><strong>et</strong></span> <span class='ocrx_word' id='word_1_767' title='bbox 1421 2146 1575 2173; x_wconf 85' lang='lat' dir='ltr'><strong>evanidum.</strong></span> <span class='ocrx_word' id='word_1_768' title='bbox 1589 2145 1690 2173; x_wconf 87' lang='lat' dir='ltr'><strong>Eorum</strong></span> <span class='ocrx_word' id='word_1_769' title='bbox 1706 2148 1790 2174; x_wconf 87' lang='lat' dir='ltr'><strong>vitam</strong></span> <span class='ocrx_word' id='word_1_770' title='bbox 1802 2156 1846 2175; x_wconf 86' lang='lat' dir='ltr'><strong>an-</strong></span> 
     </span>
    </p>
   </div>
   <div class='ocr_carea' id='block_1_105' title="bbox 1064 2192 1846 2226">
    <p class='ocr_par' dir='ltr' id='par_1_105' title="bbox 1064 2192 1846 2226">
     <span class='ocr_line' id='line_1_105' title="bbox 1064 2192 1846 2226; baseline 0.003 -7"><span class='ocrx_word' id='word_1_771' title='bbox 1064 2200 1160 2220; x_wconf 87' lang='lat' dir='ltr'><strong>norum</strong></span> <span class='ocrx_word' id='word_1_772' title='bbox 1177 2193 1250 2219; x_wconf 88' lang='lat' dir='ltr'><strong>mille</strong></span> <span class='ocrx_word' id='word_1_773' title='bbox 1272 2196 1396 2220; x_wconf 87' lang='lat' dir='ltr'><strong>statuunt</strong></span> <span class='ocrx_word' id='word_1_774' title='bbox 1418 2192 1547 2226; x_wconf 77' lang='lat' dir='ltr'><strong>vegetari,</strong></span> <span class='ocrx_word' id='word_1_775' title='bbox 1564 2196 1591 2220; x_wconf 86' lang='lat' dir='ltr'><strong>et</strong></span> <span class='ocrx_word' id='word_1_776' title='bbox 1611 2200 1758 2221; x_wconf 84' lang='lat' dir='ltr'><strong>seneseere</strong></span> <span class='ocrx_word' id='word_1_777' title='bbox 1773 2202 1846 2221; x_wconf 87' lang='lat' dir='ltr'><strong>more</strong></span> 
     </span>
    </p>
   </div>
   <div class='ocr_carea' id='block_1_106' title="bbox 1061 2239 1844 2275">
    <p class='ocr_par' dir='ltr' id='par_1_106' title="bbox 1061 2239 1844 2275">
     <span class='ocr_line' id='line_1_106' title="bbox 1061 2239 1844 2275; baseline 0 -9"><span class='ocrx_word' id='word_1_778' title='bbox 1061 2240 1226 2274; x_wconf 85' lang='lat' dir='ltr'><strong>reliquorum</strong></span> <span class='ocrx_word' id='word_1_779' title='bbox 1235 2239 1385 2269; x_wconf 87' lang='lat' dir='ltr'><strong>hominum,</strong></span> <span class='ocrx_word' id='word_1_780' title='bbox 1393 2239 1535 2274; x_wconf 84' lang='lat' dir='ltr'><strong>propagari</strong></span> <span class='ocrx_word' id='word_1_781' title='bbox 1548 2245 1641 2266; x_wconf 87' lang='lat' dir='ltr'><strong>eorum</strong></span> <span class='ocrx_word' id='word_1_782' title='bbox 1658 2239 1778 2274; x_wconf 86' lang='lat' dir='ltr'><strong>speciem</strong></span> <span class='ocrx_word' id='word_1_783' title='bbox 1788 2241 1844 2275; x_wconf 83' lang='lat' dir='ltr'><strong>pol-</strong></span> 
     </span>
    </p>
   </div>
   <div class='ocr_carea' id='block_1_107' title="bbox 1063 2283 1844 2317">
    <p class='ocr_par' dir='ltr' id='par_1_107' title="bbox 1063 2283 1844 2317">
     <span class='ocr_line' id='line_1_107' title="bbox 1063 2283 1844 2317; baseline 0.001 -6"><span class='ocrx_word' id='word_1_784' title='bbox 1063 2285 1212 2312; x_wconf 87' lang='lat' dir='ltr'><strong>lutionibus</strong></span> <span class='ocrx_word' id='word_1_785' title='bbox 1221 2285 1372 2316; x_wconf 80' lang='lat' dir='ltr'><strong>nocturnis.</strong></span> <span class='ocrx_word' id='word_1_786' title='bbox 1395 2288 1422 2311; x_wconf 91' lang='lat' dir='ltr'><strong>et</strong></span> <span class='ocrx_word' id='word_1_787' title='bbox 1432 2283 1561 2312; x_wconf 86' lang='lat' dir='ltr'><strong>Venereis</strong></span> <span class='ocrx_word' id='word_1_788' title='bbox 1575 2284 1698 2311; x_wconf 88' lang='lat' dir='ltr'><strong>virorum</strong></span> <span class='ocrx_word' id='word_1_789' title='bbox 1713 2286 1844 2317; x_wconf 82' lang='lat' dir='ltr'><strong>somniis;</strong></span> 
     </span>
    </p>
   </div>
   <div class='ocr_carea' id='block_1_108' title="bbox 1062 2330 1843 2365">
    <p class='ocr_par' dir='ltr' id='par_1_108' title="bbox 1062 2330 1843 2365">
     <span class='ocr_line' id='line_1_108' title="bbox 1062 2330 1843 2365; baseline -0.001 -7"><span class='ocrx_word' id='word_1_790' title='bbox 1062 2339 1122 2358; x_wconf 94' lang='lat' dir='ltr'><strong>cum</strong></span> <span class='ocrx_word' id='word_1_791' title='bbox 1141 2331 1194 2358; x_wconf 90' lang='lat' dir='ltr'><strong>sint</strong></span> <span class='ocrx_word' id='word_1_792' title='bbox 1218 2331 1356 2358; x_wconf 87' lang='lat' dir='ltr'><strong>libidinosi</strong></span> <span class='ocrx_word' id='word_1_793' title='bbox 1381 2330 1527 2365; x_wconf 90' lang='lat' dir='ltr'><strong>plurimum</strong></span> <span class='ocrx_word' id='word_1_794' title='bbox 1543 2330 1674 2357; x_wconf 87' lang='lat' dir='ltr'><strong>delectari</strong></span> <span class='ocrx_word' id='word_1_795' title='bbox 1690 2335 1843 2358; x_wconf 84' lang='lat' dir='ltr'><strong>menstruo-</strong></span> 
     </span>
    </p>
   </div>
   <div class='ocr_carea' id='block_1_109' title="bbox 1062 2376 1844 2412">
    <p class='ocr_par' dir='ltr' id='par_1_109' title="bbox 1062 2376 1844 2412">
     <span class='ocr_line' id='line_1_109' title="bbox 1062 2376 1844 2412; baseline 0.001 -9"><span class='ocrx_word' id='word_1_796' title='bbox 1062 2385 1121 2404; x_wconf 86' lang='lat' dir='ltr'><strong>rum</strong></span> <span class='ocrx_word' id='word_1_797' title='bbox 1153 2376 1282 2408; x_wconf 83' lang='lat' dir='ltr'><strong>iluxilms,</strong></span> <span class='ocrx_word' id='word_1_798' title='bbox 1313 2376 1412 2410; x_wconf 85' lang='lat' dir='ltr'><strong>quibus</strong></span> <span class='ocrx_word' id='word_1_799' title='bbox 1437 2376 1520 2403; x_wconf 88' lang='lat' dir='ltr'><strong>robur</strong></span> <span class='ocrx_word' id='word_1_800' title='bbox 1547 2380 1703 2408; x_wconf 86' lang='lat' dir='ltr'><strong>assumunt,</strong></span> <span class='ocrx_word' id='word_1_801' title='bbox 1733 2377 1844 2412; x_wconf 82' lang='lat' dir='ltr'><strong>ideoque</strong></span> 
     </span>
    </p>
   </div>
   <div class='ocr_carea' id='block_1_110' title="bbox 1062 2420 1844 2456">
    <p class='ocr_par' dir='ltr' id='par_1_110' title="bbox 1062 2420 1844 2456">
     <span class='ocr_line' id='line_1_110' title="bbox 1062 2420 1844 2456; baseline -0.004 -6"><span class='ocrx_word' id='word_1_802' title='bbox 1062 2428 1144 2450; x_wconf 86' lang='lat' dir='ltr'><strong>noctu</strong></span> <span class='ocrx_word' id='word_1_803' title='bbox 1159 2423 1293 2449; x_wconf 85' lang='lat' dir='ltr'><strong>accubare</strong></span> <span class='ocrx_word' id='word_1_804' title='bbox 1306 2421 1463 2456; x_wconf 86' lang='lat' dir='ltr'><strong>juvenibus,</strong></span> <span class='ocrx_word' id='word_1_805' title='bbox 1482 2420 1602 2454; x_wconf 87' lang='lat' dir='ltr'><strong>titillare,</strong></span> <span class='ocrx_word' id='word_1_806' title='bbox 1621 2421 1738 2455; x_wconf 82' lang='lat' dir='ltr'><strong>spin&#39;tus</strong></span> <span class='ocrx_word' id='word_1_807' title='bbox 1767 2422 1844 2448; x_wconf 83' lang='lat' dir='ltr'><strong>semi-</strong></span> 
     </span>
    </p>
   </div>
   <div class='ocr_carea' id='block_1_111' title="bbox 1062 2467 1843 2500">
    <p class='ocr_par' dir='ltr' id='par_1_111' title="bbox 1062 2467 1843 2500">
     <span class='ocr_line' id='line_1_111' title="bbox 1062 2467 1843 2500; baseline -0.001 -4"><span class='ocrx_word' id='word_1_808' title='bbox 1062 2469 1138 2496; x_wconf 89' lang='lat' dir='ltr'><strong>nales</strong></span> <span class='ocrx_word' id='word_1_809' title='bbox 1153 2469 1284 2500; x_wconf 85' lang='lat' dir='ltr'><strong>excitare,</strong></span> <span class='ocrx_word' id='word_1_810' title='bbox 1307 2468 1429 2495; x_wconf 80' lang='lat' dir='ltr'><strong>relaxare</strong></span> <span class='ocrx_word' id='word_1_811' title='bbox 1447 2474 1512 2494; x_wconf 83' lang='lat' dir='ltr'><strong>vasa</strong></span> <span class='ocrx_word' id='word_1_812' title='bbox 1542 2467 1697 2498; x_wconf 82' lang='lat' dir='ltr'><strong>seminalia,</strong></span> <span class='ocrx_word' id='word_1_813' title='bbox 1730 2473 1759 2495; x_wconf 91' lang='lat' dir='ltr'><strong>ut</strong></span> <span class='ocrx_word' id='word_1_814' title='bbox 1786 2476 1843 2495; x_wconf 76' lang='lat' dir='ltr'><strong>sese</strong></span> 
     </span>
    </p>
   </div>
   <div class='ocr_carea' id='block_1_112' title="bbox 1062 2511 1845 2549">
    <p class='ocr_par' dir='ltr' id='par_1_112' title="bbox 1062 2511 1845 2549">
     <span class='ocr_line' id='line_1_112' title="bbox 1062 2511 1845 2549; baseline -0.004 -8"><span class='ocrx_word' id='word_1_815' title='bbox 1062 2515 1104 2542; x_wconf 92' lang='lat' dir='ltr'><strong>his</strong></span> <span class='ocrx_word' id='word_1_816' title='bbox 1120 2514 1317 2549; x_wconf 90' lang='lat' dir='ltr'><strong>pollutionibus</strong></span> <span class='ocrx_word' id='word_1_817' title='bbox 1334 2514 1466 2540; x_wconf 86' lang='lat' dir='ltr'><strong>reﬁciant.</strong></span> <span class='ocrx_word' id='word_1_818' title='bbox 1491 2511 1557 2544; x_wconf 82' lang='lat' dir='ltr'><strong>Quis</strong></span> <span class='ocrx_word' id='word_1_819' title='bbox 1571 2519 1627 2538; x_wconf 90' lang='lat' dir='ltr'><strong>non</strong></span> <span class='ocrx_word' id='word_1_820' title='bbox 1644 2512 1719 2539; x_wconf 88' lang='lat' dir='ltr'><strong>videt</strong></span> <span class='ocrx_word' id='word_1_821' title='bbox 1739 2513 1845 2547; x_wconf 74' lang='lat' dir='ltr'><strong>nugas?</strong></span> 
     </span>
    </p>
   </div>
   <div class='ocr_carea' id='block_1_113' title="bbox 1061 2559 1844 2596">
    <p class='ocr_par' dir='ltr' id='par_1_113' title="bbox 1061 2559 1844 2596">
     <span class='ocr_line' id='line_1_113' title="bbox 1061 2559 1844 2596; baseline -0.003 -8"><span class='ocrx_word' id='word_1_822' title='bbox 1061 2562 1114 2588; x_wconf 80' lang='lat' dir='ltr'><strong>Alii</strong></span> <span class='ocrx_word' id='word_1_823' title='bbox 1127 2562 1202 2593; x_wconf 88' lang='lat' dir='ltr'><strong>item,</strong></span> <span class='ocrx_word' id='word_1_824' title='bbox 1212 2568 1280 2596; x_wconf 90' lang='lat' dir='ltr'><strong>quos</strong></span> <span class='ocrx_word' id='word_1_825' title='bbox 1295 2564 1321 2587; x_wconf 85' lang='lat' dir='ltr'><strong>et</strong></span> <span class='ocrx_word' id='word_1_826' title='bbox 1337 2563 1436 2587; x_wconf 73' lang='lat' dir='ltr'><strong>nostrae</strong></span> <span class='ocrx_word' id='word_1_827' title='bbox 1448 2559 1616 2593; x_wconf 88' lang='lat' dir='ltr'><strong>tempestatis</strong></span> <span class='ocrx_word' id='word_1_828' title='bbox 1633 2559 1756 2586; x_wconf 66' lang='lat' dir='ltr'><strong>haeretici</strong></span> <span class='ocrx_word' id='word_1_829' title='bbox 1770 2567 1844 2586; x_wconf 77' lang='lat' dir='ltr'><strong>.non-</strong></span> 
     </span>
    </p>
   </div>
   <div class='ocr_carea' id='block_1_114' title="bbox 1063 2604 1845 2641">
    <p class='ocr_par' dir='ltr' id='par_1_114' title="bbox 1063 2604 1845 2641">
     <span class='ocr_line' id='line_1_114' title="bbox 1063 2604 1845 2641; baseline -0.004 -7"><span class='ocrx_word' id='word_1_830' title='bbox 1063 2607 1130 2634; x_wconf 92' lang='lat' dir='ltr'><strong>nulli</strong></span> <span class='ocrx_word' id='word_1_831' title='bbox 1146 2611 1310 2641; x_wconf 83' lang='lat' dir='ltr'><strong>sequuntur,</strong></span> <span class='ocrx_word' id='word_1_832' title='bbox 1330 2606 1421 2633; x_wconf 87' lang='lat' dir='ltr'><strong>statim</strong></span> <span class='ocrx_word' id='word_1_833' title='bbox 1438 2609 1500 2640; x_wconf 90' lang='lat' dir='ltr'><strong>post</strong></span> <span class='ocrx_word' id='word_1_834' title='bbox 1514 2609 1667 2639; x_wconf 84' lang='lat' dir='ltr'><strong>peccatum.</strong></span> <span class='ocrx_word' id='word_1_835' title='bbox 1686 2604 1741 2631; x_wconf 84' lang='lat' dir='ltr'><strong>Alii</strong></span> <span class='ocrx_word' id='word_1_836' title='bbox 1755 2612 1789 2632; x_wconf 75' lang='lat' dir='ltr'><strong>ex</strong></span> <span class='ocrx_word' id='word_1_837' title='bbox 1804 2613 1845 2631; x_wconf 78' lang='lat' dir='ltr'><strong>ve—</strong></span> 
     </span>
    </p>
   </div>
   <div class='ocr_carea' id='block_1_115' title="bbox 1063 2649 1844 2687">
    <p class='ocr_par' dir='ltr' id='par_1_115' title="bbox 1063 2649 1844 2687">
     <span class='ocr_line' id='line_1_115' title="bbox 1063 2649 1844 2687; baseline -0.006 -8"><span class='ocrx_word' id='word_1_838' title='bbox 1063 2653 1129 2680; x_wconf 88' lang='lat' dir='ltr'><strong>riori</strong></span> <span class='ocrx_word' id='word_1_839' title='bbox 1143 2653 1280 2687; x_wconf 87' lang='lat' dir='ltr'><strong>opinione,</strong></span> <span class='ocrx_word' id='word_1_840' title='bbox 1309 2654 1371 2686; x_wconf 82' lang='lat' dir='ltr'><strong>post</strong></span> <span class='ocrx_word' id='word_1_841' title='bbox 1390 2650 1575 2684; x_wconf 84' lang='lat' dir='ltr'><strong>expulsionem</strong></span> <span class='ocrx_word' id='word_1_842' title='bbox 1605 2657 1620 2676; x_wconf 91' lang='lat' dir='ltr'><strong>e</strong></span> <span class='ocrx_word' id='word_1_843' title='bbox 1644 2649 1785 2683; x_wconf 85' lang='lat' dir='ltr'><strong>paradiso.</strong></span> <span class='ocrx_word' id='word_1_844' title='bbox 1810 2649 1844 2675; x_wconf 76' lang='lat' dir='ltr'><strong>lia</strong></span> 
     </span>
    </p>
   </div>
   <div class='ocr_carea' id='block_1_116' title="bbox 1064 2692 1846 2730">
    <p class='ocr_par' dir='ltr' id='par_1_116' title="bbox 1064 2692 1846 2730">
     <span class='ocr_line' id='line_1_116' title="bbox 1064 2692 1846 2730; baseline -0.008 -4"><span class='ocrx_word' id='word_1_845' title='bbox 1064 2699 1194 2728; x_wconf 75' lang='lat' dir='ltr'><strong>lrenzeus,</strong></span> <span class='ocrx_word' id='word_1_846' title='bbox 1210 2697 1258 2724; x_wconf 90' lang='lat' dir='ltr'><strong>lib.</strong></span> <span class='ocrx_word' id='word_1_847' title='bbox 1274 2704 1315 2728; x_wconf 89' lang='grc' dir='ltr'>ιιι,</span> <span class='ocrx_word' id='word_1_848' title='bbox 1330 2703 1390 2730; x_wconf 90' lang='lat' dir='ltr'><strong>cap.</strong></span> <span class='ocrx_word' id='word_1_849' title='bbox 1404 2694 1623 2728; x_wconf 74' lang='lat' dir='ltr'><strong>&#39;55;Proccpius,</strong></span> <span class='ocrx_word' id='word_1_850' title='bbox 1638 2702 1701 2729; x_wconf 88' lang='lat' dir='ltr'><strong>cap.</strong></span> <span class='ocrx_word' id='word_1_851' title='bbox 1719 2702 1745 2720; x_wconf 83' lang='lat' dir='ltr'><strong>iv</strong></span> <span class='ocrx_word' id='word_1_852' title='bbox 1761 2695 1787 2720; x_wconf 86' lang='lat' dir='ltr'><strong>in</strong></span> <span class='ocrx_word' id='word_1_853' title='bbox 1800 2692 1846 2720; x_wconf 82' lang='lat' dir='ltr'><strong>Ge-</strong></span> 
     </span>
    </p>
   </div>
   <div class='ocr_carea' id='block_1_117' title="bbox 1062 2739 1846 2778">
    <p class='ocr_par' dir='ltr' id='par_1_117' title="bbox 1062 2739 1846 2778">
     <span class='ocr_line' id='line_1_117' title="bbox 1062 2739 1846 2778; baseline -0.006 -8"><span class='ocrx_word' id='word_1_854' title='bbox 1062 2752 1136 2776; x_wconf 86' lang='lat' dir='ltr'><strong>nes.;</strong></span> <span class='ocrx_word' id='word_1_855' title='bbox 1159 2742 1337 2778; x_wconf 84' lang='lat' dir='ltr'><strong>Epiphanius,</strong></span> <span class='ocrx_word' id='word_1_856' title='bbox 1353 2741 1400 2769; x_wconf 77' lang='lat' dir='ltr'><strong>lib.</strong></span> <span class='ocrx_word' id='word_1_857' title='bbox 1419 2749 1448 2768; x_wconf 89' lang='grc' dir='ltr'><strong>ιιι</strong></span> <span class='ocrx_word' id='word_1_858' title='bbox 1471 2740 1569 2767; x_wconf 82' lang='lat' dir='ltr'><strong>Contra</strong></span> <span class='ocrx_word' id='word_1_859' title='bbox 1593 2740 1704 2770; x_wconf 53' lang='lat' dir='ltr'><strong>laterem,</strong></span> <span class='ocrx_word' id='word_1_860' title='bbox 1725 2739 1846 2766; x_wconf 83' lang='lat' dir='ltr'><strong>Justinus</strong></span> 
     </span>
    </p>
   </div>
   <div class='ocr_carea' id='block_1_118' title="bbox 1063 2785 1846 2824">
    <p class='ocr_par' dir='ltr' id='par_1_118' title="bbox 1063 2785 1846 2824">
     <span class='ocr_line' id='line_1_118' title="bbox 1063 2785 1846 2824; baseline -0.009 -7"><span class='ocrx_word' id='word_1_861' title='bbox 1063 2791 1170 2824; x_wconf 82' lang='lat' dir='ltr'><strong>dialogo</strong></span> <span class='ocrx_word' id='word_1_862' title='bbox 1186 2789 1285 2816; x_wconf 81' lang='lat' dir='ltr'><strong>Contra</strong></span> <span class='ocrx_word' id='word_1_863' title='bbox 1302 2787 1472 2822; x_wconf 79' lang='lat' dir='ltr'><strong>Tryphonem.</strong></span> <span class='ocrx_word' id='word_1_864' title='bbox 1493 2785 1618 2819; x_wconf 82' lang='lat' dir='ltr'><strong>Quamliu</strong></span> <span class='ocrx_word' id='word_1_865' title='bbox 1635 2787 1709 2812; x_wconf 85' lang='lat' dir='ltr'><strong>enim</strong></span> <span class='ocrx_word' id='word_1_866' title='bbox 1728 2786 1754 2812; x_wconf 90' lang='lat' dir='ltr'><strong>in</strong></span> <span class='ocrx_word' id='word_1_867' title='bbox 1772 2791 1846 2820; x_wconf 80' lang='lat' dir='ltr'><strong>para-</strong></span> 
     </span>
    </p>
   </div>
   <div class='ocr_carea' id='block_1_119' title="bbox 1062 2824 1844 2869">
    <p class='ocr_par' dir='ltr' id='par_1_119' title="bbox 1062 2824 1844 2869">
     <span class='ocr_line' id='line_1_119' title="bbox 1062 2824 1844 2869; baseline -0.012 -4"><span class='ocrx_word' id='word_1_868' title='bbox 1062 2837 1121 2865; x_wconf 87' lang='lat' dir='ltr'><strong>diso</strong></span> <span class='ocrx_word' id='word_1_869' title='bbox 1144 2836 1229 2865; x_wconf 79' lang='lat' dir='ltr'><strong>fuere,</strong></span> <span class='ocrx_word' id='word_1_870' title='bbox 1257 2835 1375 2869; x_wconf 78' lang='lat' dir='ltr'><strong>virgines</strong></span> <span class='ocrx_word' id='word_1_871' title='bbox 1393 2824 1576 2868; x_wconf 80' lang='lat' dir='ltr'><strong>permansisse</strong></span> <span class='ocrx_word' id='word_1_872' title='bbox 1601 2831 1760 2859; x_wconf 80' lang='lat' dir='ltr'><strong>existimant</strong></span> <span class='ocrx_word' id='word_1_873' title='bbox 1782 2829 1844 2857; x_wconf 80' lang='lat' dir='ltr'><strong>Ter.</strong></span> 
     </span>
    </p>
   </div>
  </div>
