1897 3073
75 124 124 153 975

75 181 211 213 tullianus,
229 182 277 209 lib.
297 181 334 209 De
346 182 449 209 uetand.
461 182 568 217 virgin.,
581 189 643 216 cap.
656 182 672 208 5
684 191 691 214 ;
717 181 851 216 Hierony—
867 184 890 212 Α

74 226 142 262 nius,
154 229 255 257 Contra
269 229 455 262 Iovinianum;
466 229 639 260 Ambrosius,
656 228 703 255 lib.
717 228 755 255 De
771 228 856 255 instit.

74 277 214 312 virginum;
232 276 359 310 Basilius,
375 277 456 311 epist.
469 276 502 304 ad
515 275 667 307 Letorium,
679 275 718 302 De
732 283 792 302 vera
807 275 858 301 vir-

72 323 193 357 ginitate;
213 321 414 358 Chrysostom.,
435 322 508 349 hom.
524 322 559 349 18
582 321 610 348 in
628 320 734 352 Cenes;
754 319 856 347 Marius

74 368 171 401 Victor,
188 368 236 396 lib.
265 376 284 395 ιι
312 369 339 395 in
354 367 459 401 Cenes.;
488 368 669 403 Augustinus,
696 367 743 394 lib.
770 369 800 393 Ill
819 366 857 393 De

73 414 158 442 Cenes.
178 414 213 441 ad
225 415 291 446 1m.,-
305 414 422 446 Delrius,
438 415 465 441 in
484 414 577 441 Cenes.
593 421 654 449 cap.
675 421 711 441 Iv.
737 411 793 440 Nec
806 413 857 439 ali-

72 466 112 489 ter
125 461 208 489 sentit
231 460 392 496 Procopius.
410 461 443 488 Et
458 462 486 488 in
500 461 593 495 Cyrilli
614 460 854 495 Hierosolymitani

73 506 204 534 catechesi
226 506 270 540 12,
286 507 322 533 ita
334 506 519 542 reponendum
532 506 655 533 nonnulli
666 505 834 533 contendunt
847 515 852 532 :

72 552 180 579 Accessit
195 551 232 578 ad
245 552 380 580 mulierem
395 553 480 580 adhuc
493 553 629 588 virginem.
650 551 722 579 Nam
733 556 791 586 post
809 559 855 578 ca—

71 599 162 625 mmin
187 599 327 633 paradiso,
348 603 409 626 tunc
424 599 539 634 primum
554 600 675 635 cognouit
699 598 793 626 Evam.
821 598 854 624 Et

71 645 118 672 hoc
135 644 274 672 Eustathii
295 645 355 672 loco
369 645 571 680 cognoscimus,
600 646 702 681 primos
718 645 851 676 homines,

70 690 152 724 quoad
167 690 280 717 fuerunt
296 690 323 717 in
342 690 482 725 paradiso.
505 691 625 726 virgines
644 691 737 719 fuisse.
761 690 851 717 Prima

70 735 135 763 enim
151 743 249 763 eorum
276 736 434 763 commistio
450 741 512 771 post
528 744 667 771 egressura
690 745 706 764 e
725 737 852 772 paradiso

69 786 305 810 commemoratur.
326 781 465 817 Recteque
495 782 647 810 Methodius
675 783 702 810 in
730 783 799 810 libro
814 782 852 809 De

70 829 116 862 ﬁne
130 828 222 855 mundi
238 837 247 855 :
262 828 370 860 Ἰστέον.
390 829 441 861 ὃτι,
462 828 614 861 ἐξελθόντες
629 829 674 855 ὅτε
702 828 786 863 Ἀδὰμ
804 829 850 854 καὶ

70 873 119 902 Εὔα
134 875 165 901 ὲκ
185 875 234 901 τοῦ
250 875 424 912 παραδείσου,
445 874 572 910 παρθένοι
592 874 748 909 ἐτύγχανον.
764 874 807 900 Ἐν
821 874 848 900 δὲ
864 868 885 895 Β

69 920 102 956 τῷ
113 921 267 957 τριακοστῷ
281 921 334 948 ἔτει
347 921 397 956 τῆς
411 921 500 953 ἐξόδου
517 921 606 948 αὐτῶν
623 920 670 948 τοῦ
684 920 847 956 παραδείσου

69 968 172 994 τέτοκαν
199 968 271 995 Κάῖν
285 968 329 994 τὸν
346 968 517 1004 πρωτότοκον
536 968 582 994 καὶ
599 967 649 1003 τὴν
666 967 783 1002 ἀδελφὴν
800 967 848 994 αὺ-

69 1013 108 1041 τοῦ
126 1014 286 1050 Καλμάναν.
297 1014 366 1042 Nola
378 1018 420 1042 est
435 1014 499 1041 item
511 1022 593 1049 super
613 1014 665 1041 hac
681 1021 711 1041 re
725 1013 848 1049 Gregorii

70 1059 176 1095 Nysseni
193 1061 398 1096 sententia,qui
415 1061 454 1088 De
470 1061 558 1096 opiﬁc.
575 1061 699 1092 hominis,
723 1068 784 1095 cap.
801 1060 847 1092 21,

69 1106 103 1132 ait
118 1115 124 1133 :
138 1106 216 1139 Quod
240 1108 381 1143 generatio
396 1107 492 1142 prolis,
515 1112 541 1134 et
557 1107 716 1142 propagatio
736 1107 849 1134 humani

69 1153 179 1186 generis,
206 1153 230 1181 si
254 1153 335 1189 primi
364 1157 493 1189 parentes
515 1161 569 1181 non
598 1157 765 1188 peccassent,
795 1161 849 1180 non

70 1197 158 1226 fuisset
174 1207 223 1235 per
236 1200 352 1233 coitum,
369 1200 417 1228 sed
432 1199 550 1227 fuissent
569 1200 739 1235 multiplicati
754 1200 847 1227 multi-

70 1243 217 1278 plicationis
235 1245 319 1271 modo
342 1244 461 1279 quodam
481 1244 692 1280 perfectissimo,
718 1245 849 1280 quemad—

70 1290 170 1318 modum
182 1291 274 1326 angeli
291 1300 297 1318 :
314 1292 453 1327 generatio
470 1299 587 1326 namque
599 1291 666 1323 haec,
684 1299 744 1326 qua:
760 1291 789 1318 ﬁt
801 1299 849 1326 per

70 1336 250 1368 concubitum,
263 1344 312 1371 per
322 1340 463 1372 peccatum
476 1341 517 1365 est
527 1337 692 1364 introducta.
702 1337 774 1364 ldem
785 1345 848 1365 sen-

69 1381 99 1408 tit
110 1381 186 1409 Joan.
205 1382 410 1418 Chrysostom.,
426 1383 500 1410 hom.
515 1383 548 1410 18
564 1383 590 1409 in
607 1381 720 1414 Cenes.;
747 1383 849 1411 Proco-

70 1428 125 1462 pius
138 1429 164 1455 in
179 1427 274 1456 Cenes.
288 1437 349 1464 cap.
365 1437 408 1462 iv;
430 1429 623 1462 Daniascenus,
645 1429 690 1456 lib.
704 1438 731 1457 IV
745 1429 783 1456 De
798 1430 849 1464 ﬁde

70 1473 177 1507 arthad.,
196 1482 259 1510 cap.
285 1475 340 1509 25;
366 1475 529 1511 Euthymius
556 1476 584 1502 in
609 1475 705 1510 psatm.
734 1484 766 1509 L;
793 1476 849 1503 Au-

70 1520 188 1554 gustinus
202 1521 231 1548 in
250 1520 342 1548 Cenes.
372 1520 442 1554 Quid
458 1525 549 1548 autem
567 1522 593 1548 in
615 1521 666 1548 hac
682 1529 712 1549 re
726 1525 849 1549 statuen-
863 1540 886 1571 ο

70 1565 127 1593 dum
142 1567 188 1600 sit,
203 1566 357 1595 S.Thomas
370 1567 486 1602 explicat
500 1568 586 1603 prima
602 1571 684 1603 part.,
696 1572 790 1603 quaest.
803 1568 847 1601 98,

70 1617 116 1640 art.
131 1613 157 1647 2,
172 1618 199 1641 et
214 1622 279 1641 cum
299 1622 333 1642 eo
347 1615 439 1650 plures
451 1615 496 1642 alii
509 1614 647 1642 doctores.

100 1658 157 1688 Col.
165 1660 229 1693 7A9,
241 1661 278 1687 lin
284 1680 291 1688 .
297 1661 344 1688 ἓξ).
351 1660 436 1694 Hel);-
443 1661 498 1688 δύο
505 1660 678 1696 ἐγέννησεν.
686 1659 745 1688 Non
754 1660 850 1696 gemel—

71 1703 117 1736 los,
125 1710 153 1732 ut
165 1713 227 1734 cum
241 1706 365 1734 rabbinis
376 1707 478 1743 colligit
489 1714 556 1735 ausu
567 1707 712 1734 temerario
721 1706 849 1734 Calvinus

71 1749 188 1785 ambigua
212 1750 344 1778 Methodii
368 1752 484 1779 lectione
513 1751 654 1786 deceptus,
669 1752 717 1779 sed
742 1751 851 1779 diverso

70 1800 153 1830 partu,
169 1805 233 1831 uno,
243 1797 348 1825 scilicet
373 1797 452 1830 Cain,
466 1797 533 1825 Abel
562 1799 647 1825 altero
664 1808 670 1825 :
687 1799 768 1825 verba
797 1798 850 1825 Me-

71 1841 148 1870 thodii
163 1848 229 1870 sunt
243 1844 304 1870 :‘Ev
321 1844 349 1871 δὲ
368 1844 406 1880 τῷ
426 1843 576 1880 τριακοστῴ
592 1844 680 1880 χρόνῳ
695 1845 744 1879 τῆς
760 1844 850 1877 ἐξόδου

70 1888 152 1916 αὐτῶν
167 1890 213 1917 τοῦ
229 1891 391 1925 παραδείσου
404 1891 516 1918 τέτοκαν
527 1891 597 1918 Κάῐν
611 1891 655 1918 τὸν
668 1891 849 1927 πρωτότοκον,

71 1934 112 1961 καὶ
126 1935 172 1971 τὴν
190 1937 307 1973 ἀδελφὴν
326 1937 407 1964 αὑτοῦ
432 1937 591 1972 Καλμάναν.
611 1938 665 1963 Καὶ
681 1937 749 1972 μετὰ
772 1946 850 1972 τρια-

71 1981 158 2008 κοστὸν
170 1982 264 2018 ἕτερον
283 1983 343 2014 ἔτος
358 1983 486 2019 ἐγέννησε
499 1983 544 2010 τὸν
561 1983 642 2009 ’Ἅϐελ
659 1983 708 2009 σὺν
724 1984 756 2018 τῇ
779 1984 851 2018 Λεμ-

71 2026 132 2064 ϐόρᾳ
145 2031 176 2064 τῇ
187 2029 289 2066 ἀδελφῇ
301 2029 393 2057 αὐτοῦ.
407 2029 472 2062 Qum
485 2030 547 2064 quis
563 2036 617 2056 non
632 2029 705 2056 vidct
715 2029 850 2056 diversam

71 2080 84 2100 a
98 2074 207 2103 Calvino
224 2077 388 2103 sententiam
419 2076 580 2103 continere?

103 2119 178 2154 lbid.,
198 2122 248 2150 lin.
269 2122 314 2150 30.
333 2121 388 2149 Τὸν
401 2121 485 2149 Κάιν.
504 2122 592 2157 Hujus
609 2122 728 2150 nominis
740 2126 849 2158 etymon

70 2169 95 2192 et
103 2166 248 2196 declaratio
260 2168 374 2196 habetur
388 2169 415 2196 in
430 2169 497 2204 ipsis
511 2169 598 2196 sacris
613 2168 722 2196 Litteris
739 2177 745 2194 :
763 2168 798 2196 Et
805 2177 850 2204 pe-

583 123 618 150 ΙΝ
639 122 821 150 EUSTATHH
841 120 1076 149 HEXAEMERON
1091 121 1203 149 NOTAE.

1620 132 1623 134 τ
1646 119 1698 148 974

906 180 1025 214 probari.
1050 179 1192 206 Reclamat
1210 179 1335 207 Justinus
1356 179 1456 215 Martyr
1472 179 1503 206 ad
1521 178 1698 206 Orthodoxos

909 230 1006 261 quaest.
1037 225 1099 258 H9,
1121 227 1148 252 in
1175 234 1229 260 qua
1254 226 1390 253 fructuum
1413 231 1440 254 et
1469 226 1593 252 carnium
1617 233 1696 253 usum

908 272 985 299 Abeli
1000 277 1026 300 et
1039 272 1124 299 Caino
1145 273 1282 300 concedit.

945 319 1025 350 lbid.,
1049 319 1097 346 lin.
1117 319 1162 346 5'2.
1180 319 1372 353 Προσήνεγκε
1400 319 1433 345 δὲ
1447 320 1547 346 Ἀϐελ.
1575 318 1696 346 Primum

908 364 962 392 Deo
985 365 1098 392 Abelem
1124 365 1220 394 litasse
1251 371 1292 393 est
1315 366 1469 393 cominunis
1494 366 1550 393 fere
1572 365 1694 392 omnium

907 412 1006 446 opinio.
1025 411 1110 439 Judaei
1129 411 1234 440 Adamo
1249 412 1276 439 id
1293 412 1428 444 tribuunt,
1447 417 1474 438 et
1489 419 1551 439 eum
1577 411 1695 446 primum

907 458 1002 486 bovcm
1032 459 1214 491 sacriﬁcasse,
1231 463 1259 486 et
1273 459 1356 486 ritum
1380 459 1455 485 illum
1473 458 1543 486 ﬁlios
1557 458 1693 486 doeuisse.

906 504 1045 532 Gilbertus
1059 504 1264 535 Genebrardus.
1284 505 1408 532 C/tronol.
1428 505 1476 534 lib.
1491 513 1512 533 1.

942 550 1021 582 lbid.,
1035 551 1083 578 lin.
1100 551 1144 578 55.
1160 553 1214 578 Kut
1230 553 1249 586 ἠ
1260 552 1351 579 θυσία
1372 551 1476 579 αὑτοῦ.
1493 550 1571 583 Quod
1591 551 1696 578 scilicet

905 596 967 630 igne
979 596 1012 624 de.
1027 597 1103 624 caelis
1115 597 1235 625 demisso
1251 598 1417 625 oblationem
1429 597 1489 632 ejus
1500 597 1694 632 absumpserit,

904 643 982 670 Caini
1009 643 1139 671 intactam
1153 645 1306 679 reliquerit.
1320 646 1358 672 Ita
1382 645 1544 681 Procopius.
1561 644 1695 679 Hierony-

903 697 980 722 mus;
1007 690 1125 726 Cyrillus
1151 691 1177 717 in
1214 690 1306 718 Cenes.
1337 699 1397 726 cap.
1428 700 1454 719 iv
1478 696 1505 719 et
1530 691 1649 727 Glaphyr
1668 692 1696 718 in

903 734 994 762 Cenes.
1011 736 1071 762 libr.
1103 745 1127 768 ις
1151 736 1269 764 Faustus
1290 736 1463 773 Rhegiensis,
1490 738 1544 766 lib.‘
1557 746 1575 765 ιι
1592 737 1630 764 De
1648 737 1694 765 lib.

905 781 1000 813 urbiL,
1025 789 1085 817 cap.
1110 783 1136 815 ﬁ,
1155 787 1182 809 et
1197 783 1243 810 alii
1260 793 1267 810 :
1283 784 1356 818 quod
1376 788 1403 811 et
1418 788 1633 812 consentaneum
1653 789 1696 812 est

903 828 971 854 mori
986 829 1089 856 divino.
1108 829 1193 857 Levit.
1207 830 1368 864 ix,‘24;Jud.
1378 830 1627 866 vI,2l;1ParaIip.
1638 839 1694 864 ut,

899 874 971 907 2,11
983 875 1100 910 Paralip.
1112 884 1147 903 vn
1158 885 1165 909 ;
1179 876 1372 912 1”chqu
1381 881 1516 906 etxxxvm
1527 887 1534 911 ;
1544 878 1576 905 11
1586 878 1699 905 illac/ia-

900 919 1015 947 bworum
1027 928 1044 947 l.
1061 920 1197 950 Lutherus
1208 926 1234 950 et
1244 923 1374 950 Calvinus
1385 924 1507 951 veritatis
1516 924 1695 952 infensissimi

900 965 1003 998 hostes,
1014 971 1039 993 et
1053 974 1193 995 sacrarum
1214 967 1416 1004 Scripturarum
1440 970 1649 1003 obtrectatores,
1667 970 1694 997 id

901 1015 1036 1039 tantorum
1050 1011 1161 1040 Patrum
1172 1015 1333 1042 auctoritate
1348 1015 1482 1042 ﬁrmatum
1507 1021 1607 1051 negant
1621 1017 1694 1051 inju-

900 1059 944 1090 rii,
957 1059 1119 1095 fabulasQue
1132 1060 1260 1090 Judaicas
1272 1071 1333 1091 esse
1345 1064 1527 1098 nugacissime
1542 1069 1693 1092 autumant.

937 1104 1003 1132 ibid.
1025 1105 1051 1131 '0
1068 1106 1102 1132 δὲ
1121 1106 1197 1134 Κάπν
1217 1107 1343 1142 πρῶτος.
1358 1101 1503 1137 Verissima
1519 1118 1585 1137 sane
1598 1118 1692 1142 causa,

900 1153 928 1176 et
941 1149 1133 1179 efﬁcacissima
1148 1152 1183 1180 ad
1201 1154 1392 1188 explicandum
1418 1163 1503 1190 quare
1519 1155 1591 1184 Deus
1607 1158 1690 1184 sacri-

902 1195 992 1223 ﬁcium
1020 1198 1111 1232 potius
1128 1198 1221 1226 Abelis
1244 1208 1324 1235 quam
1342 1201 1420 1228 Caini
1439 1203 1596 1238 aspexerit;
1612 1204 1693 1231 aliam

901 1241 979 1268 all‘ert
993 1241 1139 1278 Iosephus,
1157 1245 1213 1278 sed,
1229 1249 1258 1272 ut
1272 1251 1395 1282 apparet,
1412 1255 1466 1275 non
1480 1249 1558 1276 multi
1575 1249 1692 1281 roboris.

901 1287 1025 1322 maleque
1049 1289 1082 1316 ab
1101 1289 1161 1324 ipso
1181 1291 1334 1325 conﬁctam,
1348 1294 1473 1322 videlicet
1489 1296 1561 1330 quod
1585 1297 1693 1324 sacriﬁ-

901 1333 973 1360 cium
998 1334 1091 1363 Abelis
1116 1340 1213 1371 sponte
1235 1342 1339 1365 natura:
1353 1340 1453 1374 genitis
1472 1347 1621 1375 constaret,
1642 1350 1693 1370 sua

901 1387 966 1407 vero
995 1381 1064 1408 Cain
1106 1382 1187 1410 homo
1214 1391 1313 1412 avarus
1338 1390 1365 1413 et
1391 1386 1543 1415 industrius
1568 1395 1617 1423 per
1639 1389 1692 1415 vim

902 1426 1047 1461 quamdam
1060 1435 1074 1454 a
1087 1433 1185 1456 natura
1196 1433 1357 1459 extorserat.
1376 1432 1462 1460 Θῦσαι
1481 1433 1519 1469 τῷ
1535 1433 1594 1469 Θεῷ
1613 1434 1692 1467 δόξαν

901 1472 1002 1505 αὐτοῖς,
1016 1474 1030 1499 ὸ
1047 1473 1096 1508 μὲν
1113 1475 1183 1501 Κάῖν
1198 1476 1251 1502 ἀπὸ
1268 1476 1317 1512 τῆς
1328 1479 1465 1513 γεωργίας
1476 1481 1523 1506 καὶ
1538 1480 1592 1507 τῶν
1603 1482 1692 1516 φυτῶν

902 1519 1025 1554 καρποὺς
1044 1520 1208 1556 ἀπήνεγκεν,
1232 1523 1343 1556 ’Ἄϐελος
1357 1524 1386 1551 δὲ
1403 1525 1483 1559 γάλα,
1501 1527 1548 1553 καὶ
1562 1527 1595 1554 τὰ
1617 1536 1692 1564 upw-

901 1566 999 1592 τότοκα
1023 1566 1076 1593 τῶν
1105 1567 1332 1603 βοσκημάτων.¹0
1355 1570 1421 1603 Θεὸς
1444 1571 1473 1599 δὲ
1492 1573 1575 1610 ταύτῃ
1592 1575 1692 1609 μᾶλλον

900 1611 993 1647 ἥδεται
1019 1613 1052 1647 τῇ
1077 1612 1166 1649 θυσίᾳ,
1193 1616 1248 1647 τοῖς
1271 1616 1444 1651 αὐτομάτοις,
1461 1620 1593 1647 καὶκατὰ
1611 1621 1691 1656 φύσιν

901 1657 1024 1691 γεγονόσι
1041 1658 1211 1694 τιμώμενος,
1234 1660 1291 1688 ἀλλ’
1319 1662 1378 1698 οὐχὶ
1407 1665 1463 1695 τοῖς
1488 1667 1548 1691 κατ’
1571 1666 1691 1695 ἐπίνοιαν

901 1704 1045 1738 ἀνθρώπου
1061 1705 1222 1733 πλεονέκτου
1237 1707 1306 1734 κατὰ
1323 1708 1383 1742 βίαν
1396 1710 1556 1745 πεφυκόσιν.
1573 1711 1691 1740 Basilius

903 1751 1044 1779 Seleucius
1060 1753 1184 1780 oratione
1209 1753 1243 1781 de
1254 1753 1321 1782 Cain
1343 1760 1369 1783 et
1384 1756 1467 1784 Abele
1481 1759 1514 1785 ad
1527 1766 1582 1785 rem
1599 1760 1691 1791 ;,Κάῐν

904 1797 952 1832 μὲν
965 1797 1019 1833 γὰρ
1034 1797 1082 1834 τὴν
1097 1798 1193 1826 Θυσίαν
1209 1799 1310 1836 ζημίαν
1325 1802 1473 1838 ἡγούμενος
1487 1805 1519 1831 ἐκ
1534 1805 1587 1832 τῶν
1601 1806 1688 1833 ἀδοκί.

903 1851 961 1877 μων
978 1843 1027 1878 τὴν
1043 1844 1124 1880 τιμὴν
1139 1844 1176 1880 τῷ
1201 1846 1347 1882 τιμωμένῳ
1370 1848 1551 1885 προσεκόμιζε
1569 1851 1690 1878 νενοθευ-

904 1887 970 1922 μένῃ
992 1888 1087 1924 γνώμῃ
1108 1889 1158 1924 τὴν
1174 1891 1256 1926 τιμὴν
1272 1886 1433 1926 καπήλεύων
1443 1902 1450 1908 ·
1471 1895 1485 1920 ὁ
1499 1894 1526 1921 δὲ
1545 1895 1626 1923 Ἀϐελ
1641 1897 1691 1933 οὐχ

901 1933 1002 1966 οὕτως·
1021 1935 1081 1966 ὅλος
1096 1935 1124 1962 δὲ
1146 1936 1192 1963 τοῦ
1219 1937 1305 1973 δώρου
1320 1939 1464 1974 γενόμενος
1483 1941 1623 1977 εἰλικρινεῖ
1634 1943 1690 1970 δια-

902 1980 962 2017 νοίᾳ
979 1981 1124 2018 θεραπεύει
1137 1984 1182 2010 τὸν
1198 1985 1356 2020 Κρείττονα.
1374 1986 1430 2013 Καὶ
1445 1987 1490 2013 τὸν
1509 1987 1558 2022 τῆς
1574 1989 1689 2026 ποίμνης

901 2028 1001 2064 δοτῆρα
1020 2031 1077 2060 τοῖς
1092 2030 1141 2065 τῆς
1158 2031 1275 2067 ποίμνης
1292 2032 1442 2068 ἐξαιρέτοις
1456 2034 1547 2070 ὲτίμα,
1561 2035 1610 2070 τῆς
1621 2035 1691 2070 γνώ-

904 2082 957 2109 μης
969 2074 1018 2110 τὴν
1033 2075 1133 2111 ἀρετὴν
1144 2077 1287 2104 συνάπτων
1300 2080 1355 2110 τοῖς
1370 2079 1475 2115 δώροις,
1488 2080 1533 2107 καὶ
1547 2081 1631 2118 αὐτὴν
1641 2082 1690 2118 τὴν

901 2119 990 2155 ψυχὴν
1030 2122 1250 2158 συμπροσφὲρων
1281 2124 1320 2160 τῷ
1343 2125 1490 2162 δεχομένῳ.
1515 2127 1546 2154 Et
1570 2127 1690 2163 Cyrillus

902 2167 1102 2196 Alexandrinus
1129 2168 1259 2205 Glaphyr.
1279 2172 1307 2198 in
1331 2171 1422 2200 Cenes.
1448 2173 1495 2201 lib.
1522 2183 1530 2201 1
1551 2176 1690 2211 τ’Ᾱγειδὴ

70 2213 131 2244 perit
156 2212 234 2246 Cain,
256 2214 357 2245 dicens.
376 2214 486 2242 Possedi
512 2214 641 2242 hominem
657 2223 703 2249 per
722 2214 805 2242 Deum
815 2215 847 2241 "".

918 2212 948 2240 ὗν
962 2215 976 2240 ὁ
992 2215 1041 2250 μὲν
1057 2215 1128 2251 ἱερός
1146 2225 1176 2242 τε
1194 2218 1240 2244 καὶ
1255 2218 1392 2254 πάνσοφος
1409 2221 1491 2247 Ἀὃελ
1507 2222 1541 2248 τὰ
1557 2222 1606 2257 τῆς
1623 2223 1688 2257 ἀγέ-

71 2258 154 2291 Quare
175 2269 230 2289 non
252 2268 326 2289 recte
351 2262 496 2295 Eusebius,
516 2263 563 2290 lib.
588 2271 606 2289 ιι
636 2262 672 2290 De
704 2267 847 2297 prwparat.

70 2314 165 2342 evang.,
189 2316 251 2344 cap.
269 2309 296 2342 4,
318 2308 386 2337 Cain
410 2310 605 2344 interpretatur
624 2309 761 2341 invidiam,
776 2309 847 2344 quod

71 2353 169 2381 scilicet
194 2355 273 2387 Cain,
296 2355 389 2384 fratris
418 2357 459 2384 sui
482 2355 609 2384 sacriﬁcii
632 2362 698 2390 ergo
712 2355 848 2386 invidens,

69 2404 126 2425 eum
144 2400 286 2428 occiderit.

101 2444 166 2473 lbid.
183 2447 237 2473 Καὶ
252 2448 268 2474 ὁ
280 2446 338 2481 μὲν
351 2446 425 2473 Κάῑν
437 2444 487 2481 ἦν.
507 2445 626 2474 Joannes
651 2447 771 2474 Zonaras
795 2447 849 2473 An-

69 2490 165 2517 nalium
183 2497 249 2519 tom.
265 2491 276 2519 l
289 2502 295 2519 :
312 2492 368 2519 Καὶ
379 2494 393 2519 ὁ
407 2493 455 2528 μὲν
463 2492 544 2519 Ἀὃελ
557 2492 653 2528 νομεὺς
663 2490 697 2528 ἦν
713 2492 848 2528 ποιμνίου,

70 2537 112 2564 καὶ
133 2539 231 2575 ἀρετῆς
258 2539 438 2575 ἐπεμέλετο,ὁ
450 2539 479 2566 δὲ
496 2540 564 2566 Κάῖν
581 2540 711 2576 ἐγεώργει
731 2539 779 2575 τὴν
798 2539 849 2575 γῆν

71 2586 243 2620 πονηρότατος
255 2585 302 2614 ὧν.
320 2586 370 2613 Hic
384 2587 535 2613 notandum
552 2586 676 2613 carnium
692 2593 769 2614 esum
787 2589 850 2613 ante

53 2659 55 2661 _
71 2629 195 2659 diluvium
213 2640 266 2660 non
288 2632 374 2660 fuisse
395 2636 546 2668 receptum.
564 2632 662 2660 Gcnes.
684 2639 743 2666 cap.
761 2639 797 2660 ιι.
817 2631 850 2658 Et

72 2675 195 2711 oleribus,
214 2679 360 2713 herbisque
378 2687 463 2713 genus
479 2679 627 2705 humanum
645 2681 706 2706 ante
716 2678 848 2705 diluvium

72 2724 187 2755 potuisse
207 2726 356 2753 sustentari
372 2725 502 2752 facillimo
518 2724 626 2760 negotio
639 2729 730 2760 posset
742 2733 775 2752 ex
787 2732 849 2752 ver-

70 2766 214 2798 bisJuliani
225 2771 372 2807 Apostatae,
384 2780 444 2808 quae
458 2771 541 2800 refert
552 2771 650 2816 Suidas
663 2772 690 2799 in
698 2770 847 2804 Herodoto,

104 2845 125 2862 "
142 2847 207 2876 Gen.
226 2857 262 2883 iv,
285 2850 309 2878 1.

902 2260 1089 2295 ληςὰπόλεκτα
1104 2262 1150 2288 καὶ⁸
1165 2263 1320 2300 ἀριστίνδην
1333 2265 1555 2305 ἐγκεκρυμμένα·
1571 2269 1688 2304 Ἥνεγκε

901 2307 965 2343 γὰρ,
978 2309 1069 2344 φησὶν,
1080 2309 1134 2336 ἀπὸ
1144 2309 1197 2336 τῶν
1213 2311 1390 2347 πρωτοτόκων
1403 2313 1457 2340 τῶν
1473 2314 1565 2350 ἀμνῶν
1578 2315 1624 2342 καὶ
1635 2316 1690 2343 ἀπὸ

900 2352 954 2380 τῶν
966 2354 1084 2381 στεάτων
1096 2355 1196 2388 αὐτῶν,
1207 2356 1330 2383 τουτέστι
1341 2357 1375 2384 τὰ
1387 2359 1549 2394 προῦχοντα,
1559 2361 1605 2388 καὶ
1619 2362 1690 2395 ἐξαί-

903 2408 978 2437 ρετα·
996 2401 1100 2428 καὶτὸν
1115 2402 1165 2437 τῆς
1182 2403 1336 2438 ἱερουργίας
1348 2405 1398 2431 οὐκ
1416 2406 1551 2441 ἀγνοήσας
1577 2408 1688 2443 τρόπον,

901 2446 1040 2482 παρετίθει
1062 2447 1095 2474 τὰ
1115 2448 1231 2474 στέατα·
1260 2449 1329 2475 Κάϊν
1357 2449 1385 2476 δὲ
1408 2451 1457 2487 οὐχ
1483 2452 1563 2485 οὕτω,
1581 2454 1646 2481 πολὺ
1661 2455 1690 2482 δὲ

901 2492 960 2519 λίαν
986 2494 1129 2529 ἀτημελῶς
1142 2504 1148 2509 ³
1170 2495 1204 2522 τὰ
1227 2496 1276 2531 μὲν
1292 2496 1346 2533 γὰρ
1360 2497 1400 2523 ὅτι
1418 2498 1533 2533 μάλιστα
1552 2501 1605 2527 τῶν
1622 2501 1689 2536 ὡρί-

903 2547 960 2573 μων
975 2540 1101 2575 ἐκπρεπῆ
1115 2542 1176 2572 ταῖς
1195 2541 1272 2573 ἰδίαις
1295 2542 1435 2579 ἐχαρίζετο
1447 2547 1577 2580 τρυφαῖς⁸
1596 2547 1690 2575 ἐλύπει

900 2584 929 2611 δὲ
946 2586 1000 2617 τοῖς
1017 2584 1152 2621 δευτέροις
1165 2587 1209 2613 τὸν
1222 2587 1269 2614 ἐπὶ
1281 2589 1388 2616 πάντων
1403 2590 1479 2617 Θεόν.

937 2630 1016 2662 lbid.,
1032 2630 1079 2658 lin.
1098 2631 1141 2658 56.
1160 2633 1321 2667 Ὀρτισθεὶς
1338 2635 1386 2661 ἐπὶ
1408 2636 1512 2669 τούτῳ.
1537 2636 1690 2666 Mcthodius

901 2676 1059 2705 Patarensis
1086 2679 1178 2707 Abelis
1202 2680 1303 2708 caedem
1329 2689 1401 2709 anno
1423 2684 1612 2712 ducentesimo
1627 2686 1690 2714 vitm

900 2723 997 2750 Adami
1013 2724 1172 2760 contigisse,
1189 2729 1216 2753 et
1240 2727 1378 2762 planctum
1396 2729 1491 2756 Adami
1517 2734 1543 2757 et
1557 2729 1619 2758 Eva;
1641 2739 1690 2767 per

901 2774 1010 2797 centum
1027 2769 1112 2799 fuisse
1129 2775 1306 2807 protractum,
1321 2775 1426 2802 scribit.
1457 2776 1500 2812 Τῷ
1515 2777 1542 2804 δὲ
1557 2777 1691 2806 διακοσιο-
