1897 3073
231 119 278 146 )55

878 116 1001 145 LEONIS
1020 114 1155 143 ALLATII

1794 110 1842 137 956

230 177 343 211 .iquilam
359 184 441 211 quam
457 176 533 205 lovis
550 177 731 213 appellarunt,
743 184 839 204 carnes
861 185 916 204 non
931 177 1014 204 attin-
1030 179 1048 206 Α
1064 181 1160 203 auctor
1180 179 1272 203 noster
1297 175 1392 203 scribit
1412 182 1490 201 nemo
1508 181 1564 201 non
1586 173 1669 204 Vidt'l,
1689 179 1752 198 curn
1770 171 1840 198 illum

226 229 298 256 gere,
316 222 363 250 sed
375 223 486 250 herbam
499 224 522 250 ei
544 224 577 250 ad
592 224 695 251 victum
710 223 778 250 satis
792 231 863 251 esse.

262 267 341 300 lhid..
367 269 415 296 lin.
446 269 490 296 35.
520 270 606 296 Ἔστι
623 269 657 295 δὲ
677 268 748 299 ζῶον
767 269 934 304 χαραδριός.
951 269 1013 296 Haec

227 314 362 342 Eustathii
381 321 444 343 ante
460 317 556 344 oculos
581 316 690 343 videtur
712 316 840 343 habuisse
857 317 947 343 omnia
962 316 1012 344 Pe-

226 363 285 387 trus
298 361 457 392 Damianus,
469 361 532 387 dum
549 360 596 387 lib.
616 369 647 392 tt,
665 361 745 396 epist.
762 361 806 393 18,
820 362 853 388 de
868 361 1012 388 charadrio

227 406 395 440 loqueretur.
414 406 501 441 Hujus
516 406 691 441 proprietatis
707 414 818 433 causam
830 406 918 433 reddit
928 406 1014 434 Theo-

227 452 371 487 phylaetus
397 452 553 480 Simocatus
580 452 607 480 in
636 453 737 485 Quaest.
760 457 828 485 παι,
855 458 952 487 quaest.
968 453 1011 483 15.

225 506 288 534 pag.
304 497 348 525 18.
367 497 405 525 Ita
422 502 535 525 vocatus
550 499 604 525 ἀπὸ
617 498 663 525 τοῦ
678 498 726 530 τὰς
746 498 884 534 χαράδρας
908 499 1011 534 διατρί-

226 543 301 575 ϐειν,
324 551 358 570 ex
381 541 534 570 Scholiasta
560 543 763 578 Aristophanis,
794 548 820 571 et
839 543 1010 575 Aristotcles,

226 588 273 615 lib.
293 595 330 619 ix,
346 595 407 622 cap.
424 588 468 619 Η,
485 588 540 619 Τὰς
554 588 582 613 δὲ
596 589 716 623 οἰκήσεις
730 589 744 614 6
757 588 805 624 μὲν
818 589 882 624 ιντερ)⁵
895 589 944 621 τὰς
962 598 1012 624 χα-

227 634 337 670 ράδρας,
354 634 378 660 οι
401 634 429 660 δὲ
445 635 586 669 χηραμοὺς
604 634 750 666 ποιοῦνται,
770 635 816 660 καὶ
831 635 941 670 πέτρας,
956 634 1012 662 οἷον

225 682 240 708 6
252 680 416 716 καλούμενος
430 681 583 717 χαραδριός.
600 681 677 707 Hunc
695 681 826 708 bitumine
843 682 934 708 necari
949 690 1013 709 nar-

225 730 269 753 rat
282 726 416 755 Albanus,
436 727 481 753 lib.
498 735 536 758 Vl,
555 727 593 753 De
608 727 702 754 histor.
719 727 842 758 animal.,
866 728 947 763 capit.
965 728 1010 756 Mi.

262 771 342 799 lbid..
356 780 382 807 p.
399 773 442 799 Si.
455 773 640 805 Λευκότατος
655 773 691 799 δι’
702 773 786 800 ὅλου.
804 773 972 809 Epiphanius
986 775 1011 801 in

228 816 388 852 Physiologo
399 837 406 848 .
424 825 483 852 cap.
499 818 543 848 23,
570 819 596 844 '0
615 819 772 853 φυσιολόγος
789 819 860 851 ἔλεξε
877 821 940 856 περὶ
953 821 1013 846 τού-

225 870 282 894 του,
308 862 348 888 ὃτι
368 862 427 888 ὅλον
445 862 539 889 λευκόν
552 864 620 896 ἐστι,
636 864 703 898 μηδὲ
719 864 786 896 ὅλως
800 865 927 900 μελανίαν
941 865 1010 900 ἕχον.

224 908 402 940 Aristoteles,
435 909 495 937 libr.
529 917 553 936 Ix
581 910 619 936 De
639 910 732 936 histor.
754 911 862 938 animal.
890 919 948 946 cap.
968 911 1011 942 11,

225 961 303 980 avem
335 954 403 980 hanc
431 962 542 988 pravam
563 959 590 981 ct
610 955 711 988 colore,
735 961 762 982 et
781 963 847 982 voce
866 957 913 987 ait,
930 961 1011 983 noctu

225 1007 366 1035 apparere,
391 1000 438 1026 diu
462 1000 604 1035 aufugero.
636 1000 763 1028 Albertus
786 1009 847 1028 cum
870 1001 1012 1030 Eustathio

224 1045 318 1076 sentit,
339 1049 366 1071 et
387 1046 476 1072 albam
493 1053 554 1073 csse
575 1050 659 1072 totam
676 1051 802 1074 testatur.

260 1089 316 1117 Ibid
333 1111 340 1124 ,
366 1090 416 1117 lin.
439 1091 473 1118 59
489 1101 495 1118 :
513 1092 605 1117 Ὅταν
630 1091 686 1126 γάρ
713 1100 816 1126 φασιν.
847 1092 1012 1127 Epiphanius

224 1136 298 1163 dicto
314 1138 388 1164 loro:
407 1138 461 1164 Καὶ
479 1138 525 1164 ἐάν
538 1146 579 1168 τις
593 1138 692 1172 νοσῇ,ή
709 1137 784 1169 νόσος
794 1138 840 1164 τοῦ
857 1138 1010 1174 ἀνθρώπου,

223 1183 248 1208 εἰ
263 1182 335 1209 ἐστιν
349 1183 388 1214 εἰς
403 1182 526 1212 θάνατον.
544 1182 708 1218 ἀποστρέφει
733 1183 787 1209 ἀπὸ
808 1183 854 1209 τοῦ
871 1184 1012 1215 νοσοῦντος

223 1228 254 1254 τὸ
271 1228 413 1263 πρόσωπον
426 1228 506 1254 αὑτοῦ
523 1229 537 1254 6
555 1227 708 1263 χαραδριὸς,
721 1228 767 1254 ἐὰν
784 1229 811 1254 δὲ
821 1230 837 1263 ἡ
852 1229 928 1260 νόσος
944 1230 1011 1265 πρὸς

224 1273 298 1308 ζωήν
312 1275 394 1303 ἐστιν,
410 1273 527 1304 ἀτενίζει
540 1274 585 1300 τὸν
598 1274 726 1300 νοσοῦντα
739 1275 752 1299 6
767 1274 921 1309 χαραδριὸς,
935 1276 981 1301 καὶ
997 1276 1011 1301 6

223 1319 309 1345 νοσῶν
334 1319 379 1345 τὸν
404 1319 493 1345 αὐτόν.
518 1319 576 1346 Non
606 1319 748 1346 dissimilia
774 1320 856 1347 refert
872 1321 1009 1351 Albertus.

227 1370 322 1392 auctor
346 1373 498 1400 anonymns
520 1365 621 1392 Psalm.
635 1372 771 1394 comment.
788 1367 884 1401 psalni.
902 1375 1010 1399 Lxxxtv,

226 1418 316 1441 versu,
334 1410 400 1437 Deus
412 1415 439 1437 tu
450 1419 587 1438 conversus
600 1412 742 1446 viviﬁcabis
753 1421 809 1444 nos,
819 1419 842 1440 el
856 1413 901 1439 alii
917 1420 1010 1439 recen-

225 1457 319 1484 tiores.
348 1456 432 1491 Magis
457 1465 601 1484 commune
626 1462 715 1485 tatncn
734 1463 776 1486 est
801 1458 936 1486 cbaradrii
952 1466 1011 1493 pro-

225 1501 346 1536 spectum
363 1502 437 1537 regio
453 1502 548 1529 morbo
571 1503 759 1530 laborantibus
778 1503 1011 1538 prodesse/Elia-

225 1556 277 1575 nns
298 1548 343 1574 lib.
357 1555 423 1579 xvu,
442 1555 503 1582 cap.
521 1548 553 1574 15
567 1557 573 1574 :
589 1548 742 1584 Χαραδριοῦ
762 1548 789 1574 δὲ
808 1546 841 1583 ἦν
858 1549 911 1584 ἄρα
926 1548 1011 1584 δῶρον

223 1593 311 1625 τοῦτο,
337 1593 366 1619 ὃν
382 1593 411 1619 οὐ
432 1593 469 1628 μὰ
486 1593 534 1619 Διὰ
550 1594 691 1628 ἀτιμάζειν
705 1594 787 1626 ἄξιον.
805 1595 856 1620 ’Ἦν
872 1595 947 1628 γοῦν,
961 1597 1012 1622 ὑπ-

223 1638 404 1674 αναπλησθεὶς
416 1639 445 1665 τὸ
464 1639 542 1674 σῶμα
555 1639 660 1674 ἰκτέρου
674 1649 725 1671 τις,
741 1639 799 1667 εἶτά
815 1641 839 1667 οἱ
859 1641 940 1676 δριμὺ
958 1643 1012 1668 ἐνο-

225 1684 293 1720 ρώῃ,
307 1686 320 1710 6
334 1685 361 1711 δὲ
377 1685 536 1721 ὰντιϐλέπῃ,
553 1685 599 1711 καὶ
615 1685 685 1720 μάλα
699 1694 727 1712 τε
743 1686 898 1721 ἀτρέπτωρ,
916 1686 1010 1722 ὥσπερ

223 1728 269 1756 οὖν
289 1730 530 1765 ἁντιϐυμούμενος,
545 1732 560 1765 ἠ
577 1731 685 1766 τοιαύτη
702 1731 847 1766 ἀνάϐλεψις
867 1732 939 1758 ἰᾶται
962 1732 1009 1758 τοῦ

224 1775 422 1811 προειρημένου
438 1775 538 1805 πάθους
552 1776 597 1801 τὸν
611 1776 762 1811 ἄνθρωπον.

261 1820 340 1853 lbid..
357 1821 405 1848 lin.
418 1821 462 1848 45.
485 1822 513 1846 '0
521 1820 555 1846 δὲ
565 1823 733 1855 μονόκερως
748 1821 829 1851 ζῶον.
843 1822 940 1851 Petrus
958 1823 1010 1850 Da-

225 1868 344 1900 mianus,
357 1869 403 1896 lib.
417 1877 448 1900 ιι,
464 1877 506 1904 ep.
523 1870 572 1896 18:
587 1869 652 1902 Quis
665 1869 731 1896 hanc
746 1869 934 1904 ingenuitatem
949 1871 1009 1898 uni-

224 1917 299 1941 corni
315 1915 436 1946 contulit,
454 1919 483 1942 ut
500 1914 653 1950 dedignetur
677 1915 776 1941 viribus
802 1915 881 1948 vinci,
898 1916 1008 1943 humili-

225 1961 288 1987 tatis
301 1965 357 1987 arte
374 1961 492 1994 patiatur
508 1968 535 1987 se
553 1960 631 1995 facile
647 1961 789 1994 superari?
807 1969 941 1996 nunquam
958 1964 1009 1990 sci-

225 2005 285 2032 licet
314 2014 330 2033 a
347 2006 512 2033 venatoribus
538 2007 652 2040 capitur.
671 2008 722 2034 nisi
748 2008 822 2041 prius
850 2008 876 2034 in
901 2009 1007 2043 virginis

224 2052 322 2086 gremio
336 2053 486 2080 reclinetur.
498 2052 640 2080 Cardanus
653 2059 825 2081 monocerota
839 2062 901 2081 cum
917 2055 1008 2082 rhino-

224 2102 314 2125 cerote
335 2098 493 2126 conludisse
516 2099 724 2134 reprehenditur
737 2107 753 2127 a
771 2099 844 2127 Julio
856 2100 1005 2136 Scaligero,

224 2151 316 2171 exere.
335 2144 397 2171 205.
414 2144 466 2172 Alii
483 2153 592 2180 orygem
608 2149 689 2180 atque
714 2151 914 2174 monocerotem
934 2156 1008 2174 eum-

224 2189 285 2216 dem
303 2196 364 2217 esse
380 2190 502 2216 arbitrati
522 2194 595 2216 sunt.
611 2189 696 2225 llujus
713 2191 883 2218 confusionis
898 2191 942 2218 illa
960 2191 1010 2218 luit
1027 2194 1047 2219 ι)

223 2235 310 2269 origo,
324 2234 395 2268 quod
413 2234 540 2268 pleraque
556 2235 683 2260 animalia
704 2235 784 2262 unico
801 2239 906 2262 tantum
922 2244 1009 2263 cornu

224 2279 428 2310 decorarentur,
451 2283 531 2314 atque
560 2284 744 2307 armarentur.
768 2279 858 2313 Quare
883 2282 1007 2308 nonnulli

224 2330 325 2360 septem
347 2325 504 2352 animalium
526 2333 623 2360 genera
639 2326 720 2352 unico
735 2334 820 2352 cornu
843 2327 1010 2354 adnotarunt

224 2372 251 2398 in
268 2371 366 2398 Plinio.
378 2371 499 2405 Scaliger
514 2371 573 2397 loco
589 2370 616 2397 d.
629 2379 662 2398 cx
675 2371 798 2405 corporis
813 2371 900 2398 forma
917 2372 1008 2400 diver-

224 2418 364 2445 sissimum
378 2425 440 2444 esse
450 2416 620 2443 rhinocerota
629 2425 643 2443 ει
651 2422 822 2444 monocerote
831 2417 1007 2446 demonstrat.

223 2463 327 2490 Plinius
343 2463 391 2493 ita,
406 2462 545 2497 graphice,
559 2462 673 2493 lib.vtn,
687 2469 746 2497 cap.
764 2462 794 2489 2|
809 2463 1007 2497 :Asperrimam

224 2513 309 2535 autem
329 2507 414 2542 [eram
426 2513 616 2534 monocerotem
631 2508 729 2542 reliquo
740 2516 846 2542 corpore
862 2517 926 2544 equo
938 2510 1008 2536 sinti-

223 2555 284 2586 lem,
309 2555 392 2589 capite
419 2563 503 2586 cervo,
524 2554 631 2589 pedibus
644 2554 792 2588 elephanlo,
819 2554 903 2582 cauda
929 2563 1004 2589 apro,

222 2601 321 2635 mugitu
344 2601 428 2636 gravi,
442 2610 494 2628 uno
513 2609 595 2628 cornu
616 2602 691 2636 nigro
706 2601 791 2628 media
807 2601 892 2636 fronte
906 2601 1007 2627 cubito-

223 2654 279 2672 rum
297 2645 384 2672 decent
395 2647 533 2674 eminente.
548 2646 623 2672 "anc
640 2647 722 2681 {erant
734 2646 817 2673 vivam
833 2651 926 2681 negant
937 2647 1005 2682 capi.

223 2690 286 2717 Item
299 2691 419 2722 Solinus.
435 2699 495 2726 cap.
511 2692 564 2724 53;
582 2692 783 2719 Vartomannus
798 2700 830 2719 ex
848 2691 1003 2727 Sealigero:

225 2736 399 2764 Unicornibus
428 2738 486 2772 equi
512 2737 675 2772 magnitudo,
703 2746 792 2769 crura,
816 2738 901 2772 pedes,
927 2742 1006 2772 caput

223 2782 354 2815 (ανὴρΗὶ
369 2782 440 2809 color
455 2783 550 2815 balius,
564 2784 622 2818 equi
633 2784 699 2818 juba
712 2784 809 2815 rarior,
825 2784 925 2810 breuior
934 2791 1006 2810 conc

223 2827 338 2859 villosa’,
355 2832 408 2855 etc.
425 2828 510 2861 Quem
535 2830 652 2858 maxime
672 2829 780 2858 dxllcrre
803 2830 836 2858 ab
852 2830 902 2857 huc
923 2838 1005 2865 quem

1063 231 1186 257 parvum,
1195 222 1264 248 Ιιξεάὶ
1280 221 1471 256 magnitudine,
1479 221 1575 248 eximia
1587 219 1749 255 pernicitate
1760 222 1787 245 et
1798 225 1843 244 ve-

1062 268 1209 301 hementia,
1224 275 1310 295 cornu
1330 267 1356 294 in
1373 267 1528 295 summitate
1551 265 1648 300 capitis
1663 264 1758 296 unico,
1774 263 1842 290 dicat

1061 322 1132 342 esse.

1096 359 1176 390 lbid.,
1188 359 1235 386 lin.
1253 359 1297 386 46.
1315 359 1493 393 Δριμύτατογ
1503 357 1628 392 σφόδρα.
1640 355 1717 383 Phile
1731 355 1758 381 in
1774 353 1843 380 Iant-

1062 405 1118 437 bis.
1141 405 1174 432 ad
1201 412 1317 439 pugnam
1347 403 1598 438 promptitudinetn,
1629 410 1660 429 ει
1687 401 1843 427 vulneribus

1062 452 1122 479 aliis
1136 451 1320 478 animantibus
1337 450 1468 485 pericula,
1481 457 1566 475 cornu
1590 447 1671 482 quale
1692 447 1738 476 sit,
1758 446 1842 480 ipsunt

1061 497 1171 529 animal,
1188 496 1323 531 quomodo
1348 499 1522 522 mansuescat
1548 494 1640 520 multis
1659 491 1841 527 prosequitur.

1060 543 1145 578 Negat
1162 548 1252 570 tamen
1267 542 1468 569 Vartomannus
1485 542 1601 568 l‘erocem
1616 547 1688 566 esse.

1098 588 1176 621 lbid.,
1189 589 1236 615 lin.
1249 589 1293 616 5i.
1309 588 1395 614 Ἔστι
1407 586 1440 613 δὲ
1451 586 1522 617 ζῶον
1541 586 1738 618 καλούμενον.
1751 582 1844 609 Petrus

1062 635 1209 661 Damianus
1226 634 1287 661 libr.
1303 634 1339 665 'n,
1355 633 1434 667 epist.
1445 640 1511 659 xvnt
1528 631 1561 658 ad
1576 630 1747 658 Desi-lerium
1763 628 1843 654 abba-

1062 683 1126 710 tem,
1146 679 1241 706 Castor
1262 678 1350 713 itaque
1371 686 1430 704 cum
1445 686 1471 704 se
1487 677 1553 703 videt
1575 685 1590 702 a
1610 679 1731 702 venatore
1744 679 1846 707 propter

1061 725 1187 760 genitalia
1205 725 1334 759 persequi,
1351 724 1405 750 haec
1426 724 1558 750 mordicus
1583 721 1726 750 abscindit.
1742 725 1766 747 et
1790 725 1846 745 ante

1062 772 1192 798 venatoris
1219 771 1312 801 {aciem
1339 770 1454 804 projicit.
1473 769 1518 796 Sic
1533 769 1603 795 illico
1618 773 1725 794 uenator
1739 766 1844 795 accedit.

1063 816 1125 842 dum
1140 815 1166 843 id
1182 820 1288 850 propter
1298 814 1366 850 quod
1381 823 1439 842 eum
1456 813 1655 848 persequebatur
1671 812 1793 839 extorsit.
1817 811 1845 838 Si

1029 848 1048 874 Β
1063 870 1122 888 vero
1148 861 1296 896 contigerit,
1317 866 1344 887 ut
1371 860 1438 887 alter
1461 868 1518 887 eum
1541 867 1632 886 cursus
1657 863 1766 885 venator
1784 857 1847 883 inre-

1024 1518 1046 1546 ϐ

1063 907 1129 936 niat.
1150 914 1258 941 eumque
1283 907 1370 932 acrius
1396 911 1419 931 et
1436 905 1579 932 instantius
1598 911 1766 938 persequens,
1788 910 1845 928 eva-

1062 950 1140 977 dendi
1162 951 1264 977 aditum
1278 950 1393 984 jamjam
1411 949 1548 984 desperare
1573 949 1723 982 corripe/lat,
1736 948 1763 974 in
1778 952 1846 974 arcto

1062 998 1128 1025 situs
1149 998 1176 1024 in
1197 1005 1225 1024 os
1241 1006 1268 1024 se
1282 997 1413 1024 venatoris
1429 997 1505 1031 erigit
1531 996 1630 1030 sibique
1645 995 1735 1021 deesse
1752 994 1845 1024 virilia.

1061 1049 1166 1078 propter
1178 1052 1236 1079 qua:
1263 1049 1425 1078 perurgetur,
1451 1043 1573 1069 ostendit.
1595 1042 1640 1068 Sic
1667 1040 1699 1067 ab
1716 1041 1845 1066 insectan-

1063 1094 1096 1116 tts
1111 1090 1237 1116 venabula
1261 1089 1387 1115 libermur
1400 1088 1461 1114 dum
1481 1087 1593 1114 Ostendit
1604 1086 1654 1113 δίθί
1677 1086 1766 1112 deesse
1783 1085 1845 1119 quod

1061 1136 1197 1170 qua'ritur.
1228 1134 1344 1165 Plinius,
1374 1134 1421 1161 lib.
1440 1141 1498 1165 vri,
1525 1141 1583 1167 cap.
1601 1133 1646 1163 3d,
1666 1131 1777 1158 Animal
1793 1131 1847 1157 hor-

1061 1181 1135 1208 rendi
1152 1190 1264 1213 morsus,
1288 1181 1394 1208 arbores
1405 1180 1490 1215 juxta
1503 1180 1654 1215 [laminam
1668 1179 1746 1214 iam)
1761 1178 1845 1205 cadit.

1064 1227 1185 1255 "ominis
1211 1233 1286 1262 parte
1313 1228 1496 1261 comprehensa
1525 1236 1576 1254 non
1601 1232 1743 1261 antequam
1765 1226 1845 1259 fracta

1061 1277 1259 1308 concrepuerint
1275 1283 1346 1305 ossa.
1366 1283 1468 1301 morsus
1494 1274 1607 1301 resolvit.
1622 1273 1710 1308 Hujus
1736 1273 1762 1298 in
1786 1280 1844 1306 pro-

1062 1321 1215 1349 sternendis
1231 1321 1373 1348 arboribus
1386 1320 1522 1347 solertiam
1540 1324 1567 1346 et
1589 1327 1701 1353 scopum
1726 1319 1761 1345 ab
1784 1326 1845 1344 ocu—

1063 1367 1117 1393 lato
1135 1370 1203 1393 teste
1215 1366 1267 1394 sibi
1288 1367 1403 1393 relatutn
1421 1365 1504 1392 tradit
1518 1365 1660 1392 Conradus
1673 1364 1846 1390 Ritth-rsbu-

1062 1413 1131 1444 sius,
1155 1412 1305 1439 Comment.
1320 1413 1346 1438 in
1362 1412 1409 1438 lib.
1431 1420 1438 1438 I
1459 1412 1583 1438 Ἀλιευτ.
1600 1410 1726 1445 Oppiani.
1750 1409 1843 1436 Hiram

1061 1458 1205 1492 privdicant
1220 1466 1274 1484 esse
1291 1457 1369 1490 hujus
1385 1457 1502 1484 bestiolae
1514 1457 1662 1486 solertiam.
1679 1464 1731 1490 qua
1748 1455 1775 1481 in
1791 1463 1845 1489 pra-

1062 1503 1207 1530 sternendis
1230 1503 1368 1530 arboribus
1396 1509 1496 1530 utatur.
1518 1503 1625 1536 Quoties
1648 1501 1772 1528 dentibus
1794 1502 1845 1528 suis

1065 1549 1144 1575 ictum
1162 1549 1260 1582 inﬂixit
1286 1548 1383 1578 arbori.
1401 1550 1477 1575 toties
1498 1548 1529 1574 ab
1545 1547 1633 1574 cadent
1649 1548 1795 1582 procurrit,
1811 1547 1845 1573 ri-

1064 1601 1121 1619 sum
1136 1601 1170 1620 an
1187 1598 1269 1625 nutet,
1295 1602 1330 1620 an
1355 1593 1460 1619 mittant
1483 1593 1606 1622 minetur.
1630 1601 1661 1618 ne
1677 1592 1746 1624 forte
1765 1591 1796 1617 ob
1817 1600 1845 1618 ea

1064 1643 1243 1672 opprimatur;
1254 1637 1296 1665 ubi
1308 1638 1373 1664 nihil
1387 1638 1497 1673 periculi
1505 1646 1560 1665 esse
1572 1638 1649 1664 uidet.
1660 1638 1758 1664 arbore
1766 1636 1845 1663 adhuc

1063 1684 1142 1716 ﬁrma
1162 1684 1268 1718 plagam
1291 1684 1391 1717 repetit,
1416 1683 1478 1709 dum
1505 1692 1537 1710 ea
1559 1683 1664 1710 tandem
1681 1682 1843 1716 prolabatur.

1063 1727 1118 1756 Cur
1135 1735 1222 1755 autent
1238 1729 1343 1755 arbores
1358 1729 1436 1755 cludit
1451 1737 1482 1755 ac
1495 1729 1618 1763 proruit?
1638 1729 1765 1755 nimirum
1782 1728 1844 1756 ideo.

1062 1782 1090 1802 ut
1107 1775 1133 1802 in
1151 1784 1233 1810 aquas
1262 1775 1403 1809 prolapsio,
1425 1775 1497 1809 foliis
1514 1780 1537 1802 et
1556 1775 1638 1801 ramis
1649 1775 1714 1801 limo
1731 1774 1844 1801 obductis

1061 1822 1144 1855 pisces
1166 1821 1297 1857 alliciant,
1325 1830 1389 1856 quos
1410 1821 1499 1855 capiat
1515 1829 1545 1847 ac
1566 1821 1670 1847 deraret
1693 1820 1769 1854 fiber.
1789 1820 1845 1845 Ηιιτ

1063 1868 1162 1894 amicus
1176 1867 1284 1901 quidam
1295 1872 1431 1901 paternus,
1448 1868 1492 1902 qui
1508 1867 1563 1899 eius
1579 1867 1615 1893 rei
1629 1867 1769 1900 αὐτόπτης
1789 1867 1844 1900 fuit,

1063 1913 1206 1948 aliquando
1232 1913 1294 1939 mihi
1323 1913 1423 1940 retulit.
1453 1912 1623 1940 Mansuetum
1653 1919 1716 1939 esse
1741 1917 1845 1939 castora

1061 1964 1156 1986 contra
1187 1959 1343 1987 Cardanum
1380 1964 1460 1993 negat
1493 1958 1623 1994 Scaliger,
1658 1966 1752 1986 exere.
1785 1958 1845 1989 2H,

1061 2013 1136 2032 llum.
1153 2005 1179 2032 6.

1096 2051 1176 2082 lhid.,
1191 2051 1238 2078 lin.
1254 2051 1297 2078 52.
1319 2051 1496 2085 Χρησιμεύει
1515 2050 1549 2076 δὲ
1568 2051 1604 2076 τὰ
1618 2050 1728 2077 αἰδοῖα.
1749 2050 1844 2080 Eorum

1061 2096 1088 2123 in
1104 2096 1244 2124 medicinis
1258 2105 1337 2123 nstnn
1354 2096 1437 2123 habes
1452 2096 1522 2130 apud
1539 2095 1667 2128 Plinium,
1691 2096 1741 2123 lib.
1761 2102 1845 2126 χχιιι,

1060 2142 1142 2177 capit.
1160 2142 1186 2174 ὅ,
1202 2146 1229 2169 et
1243 2142 1312 2169 alios
1326 2141 1457 2168 medicos.

1096 2187 1176 2219 ll)id.,
1202 2187 1251 2214 lin.
1275 2187 1319 2214 55.
1343 2188 1526 2221 Διωκόμενον
1547 2184 1612 2213 οὖν,
1632 2185 1658 2212 Si
1684 2185 1798 2220 quando
1820 2187 1844 2212 in

1061 2233 1181 2267 periculo
1197 2237 1271 2264 sunt,
1296 2232 1505 2267 insequentibus
1523 2232 1637 2259 canibus
1659 2235 1686 2258 et
1707 2230 1843 2258 venatori-

1060 2280 1120 2310 bus,
1137 2287 1284 2314 praantorsa
1301 2279 1352 2306 sibi
1367 2286 1416 2306 sua
1432 2279 1559 2314 genitalia
1573 2278 1702 2313 abjicere,
1713 2282 1797 2312 atque
1811 2278 1842 2304 i:a

1059 2325 1183 2357 evadere,
1200 2333 1214 2351 a
1238 2325 1362 2359 pluribus
1386 2324 1566 2358 scriptoribus
1592 2324 1733 2351 memoria:
1755 2324 1843 2358 prodi-

1059 2375 1116 2397 tutn
1131 2374 1183 2402 est,
1204 2378 1286 2405 seque
1306 2377 1337 2397 ea
1353 2373 1430 2405 parte
1444 2371 1567 2405 corporis
1584 2369 1719 2397 redimere
1735 2375 1842 2404 propter

1059 2424 1140 2450 quant
1165 2416 1283 2443 maxime
1297 2419 1472 2450 expetuntur.
1491 2414 1581 2442 Horus
1598 2416 1642 2443 lib.
1663 2423 1693 2447 ιι,
1712 2423 1775 2449 cap.
1791 2414 1838 2441 65:

1065 2462 1183 2492 Ἐκεῖνος
1209 2460 1263 2496 γὰρ
1286 2461 1520 2496 καταδιωκόμενος
1541 2461 1580 2492 εἰς
1608 2460 1656 2495 τὴν
1677 2460 1768 2494 ἄγραν
1784 2461 1840 2490 τοὺς

1059 2507 1139 2538 ἰδίους
1162 2506 1288 2542 διδύμους
1311 2506 1442 2533 ἀποσπῶν
1466 2506 1566 2541 ῥίπτει,
1588 2505 1693 2533 Plinius
1715 2506 1764 2533 lib.
1784 2513 1840 2535 vm.

1058 2561 1120 2586 cap.
1141 2553 1175 2580 30
1190 2561 1196 2578 :
1214 2552 1327 2578 Easdem
1344 2556 1432 2587 partes
1452 2552 1502 2579 sibi
1521 2552 1571 2586 ipsi
1586 2551 1691 2578 Pontici
1707 2557 1841 2586 amputant

1057 2600 1118 2634 ﬁbri
1131 2599 1245 2633 periculo
1257 2604 1373 2634 urgente,
1396 2598 1427 2625 ob
1442 2598 1490 2625 hoc
1509 2607 1537 2625 se
1550 2599 1602 2633 peti
1616 2598 1704 2633 gnari.
1727 2598 1841 2626 Juvena-

1057 2645 1101 2677 lis,
1119 2645 1175 2671 Sat.
1193 2645 1234 2677 12,

1334 2700 1459 2728 Inritatus
1474 2705 1590 2732 castora,
1605 2700 1649 2733 qui
1663 2709 1691 2727 se

1058 2736 1212 2762 Eunuchum
1231 2736 1285 2770 ipse
1299 2737 1362 2770 facit
1377 2737 1481 2769 cupiens
1494 2737 1601 2762 evadere
1610 2735 1720 2767 damno,

1059 2772 1251 2798 Teslirulvrum
1266 2771 1331 2798 adeo
1347 2771 1500 2798 meditatum
1518 2770 1637 2805 intelligit
1657 2771 1775 2805 inguem.

1056 2829 1218 2857 Ammianus
1231 2828 1406 2857 Marcellinus
1419 2828 1468 2857 lib.
1483 2837 1538 2856 xvn
1553 2837 1560 2862 ;
1583 2827 1710 2857 Elianus
1727 2829 1765 2858 De
1781 2828 1837 2858 hit}.
