1897 3073
212 128 265 157 95‘:

210 187 266 226 Ναὶ
283 187 354 226 μὴν.
367 187 642 226 ⁸αῑο.ἳόίξειοαῖοςχ.Αιέέιι*
664 187 841 226 (immith
864 185 996 226 μςιὶἔῖιστα
1011 199 1031 226 Α

211 222 303 256 Θηρσὶ
318 222 401 249 πέλει
420 222 513 256 κερδὼ
531 222 602 257 μάλ’
621 222 725 256 ἀρήϊος
746 222 781 248 ἐν
801 221 993 254 πραπίδεσσι,

209 257 264 284 Καὶ
279 257 387 290 πινυτὴ
403 259 479 284 ναίει
495 256 640 291 πιέμάτοις
652 257 697 283 ἐνὶ
711 258 894 291 prolata/"cm,

217 293 422 324 Ἐπταπύλους
436 293 544 324 εῘξασα
559 292 669 326 δόμους
682 292 789 326 τρητάς
803 301 835 319 τε
857 291 967 324 καλιὰς-

212 328 313 360 Τειλόίν
327 328 376 354 ἀπ’
391 328 545 360 ἀλλήλων,
556 327 597 361 μή
612 336 666 360 μιν
682 327 841 360 θηρήτορες
855 327 960 360 ἄνδρες

215 361 296 396 Ἀμφὶ
308 362 382 396 θύρῃ
394 364 562 397 λοχόωντες
575 362 634 389 ὑπὸ
646 362 844 396 βροχίδεσσιν
858 362 994 396 (ig-torrat.

209 417 250 444 Ad
272 418 343 452 quod
359 418 479 454 respexit
497 422 524 444 et
546 417 704 458 Lactantius
720 417 887 449 Firmianus,
900 416 939 443 De
953 417 995 443 ira

209 461 268 492 Dei.
292 470 353 497 cap.
373 462 406 489 7:
426 462 493 489 Sunt
513 463 652 494 animalia,
677 463 775 497 inquit,
797 471 854 497 qua:
876 461 995 489 latibulis

209 508 265 535 suis
293 508 407 536 diversos
430 513 454 536 et
474 509 562 544 plures
582 511 667 536 exitus
682 509 812 544 pandunt,
828 514 867 540 ut,
881 509 904 536 si
927 509 995 544 quod

207 555 355 589 periculum
375 556 508 587 inciderit,
527 557 590 591 fuga
612 561 700 590 pateat
716 556 843 587 obsessis;
861 556 930 591 quod
944 565 996 583 non

210 601 325 635 facerent
349 603 401 629 nisi
422 603 517 630 inesset
540 604 594 630 illis
618 603 791 638 intelligentia
810 608 834 630 et
858 603 993 638 cogitatio.

208 645 291 674 Plura
307 648 359 674 alia
379 649 450 683 apud
467 654 592 677 auctores
605 650 696 677 videre
718 649 837 684 poteris:
852 657 901 676 nos
921 650 994 676 enim

209 693 237 720 in
256 694 383 728 praesenti
407 703 459 722 non
483 695 640 722 animalium
666 695 808 723 historiam
835 695 994 728 scribimus,

209 739 256 766 sed
274 743 378 766 tantum
392 744 514 767 nostrum
531 744 669 768 auctorem
682 741 709 768 in
726 741 809 768 rebus
824 741 995 768 naturalibus

211 792 263 811 non
279 793 359 818 nava,
375 793 461 821 neque
474 787 625 822 peregrina,
642 787 689 814 sed
704 788 831 822 genuina,
845 791 871 814 et
886 787 920 814 ab
934 787 995 814 aliis

209 831 307 858 tradita
331 833 472 859 enuntiare
496 833 676 861 ostendimus.
705 833 760 860 Nec
788 841 857 868 opus
881 838 923 860 est
951 833 995 860 hic

858 125 982 153 LEONIS
1000 123 1135 152 ALLATII

1782 122 1833 150 96"

1045 192 1073 212 se
1087 183 1168 211 coriis
1182 182 1317 214 loricam't,
1327 182 1355 208 in
1366 181 1562 209 dimicationem
1577 181 1661 216 pergit
1671 189 1679 207 :
1688 180 1716 207 in
1728 189 1760 207 ea
1771 189 1834 207 cau-

1046 232 1107 258 dam
1125 231 1250 258 attollens
1266 231 1333 257 ictus
1358 230 1449 257 irritos
1474 229 1597 256 adversus
1621 229 1734 262 excipit,
1754 229 1835 257 donec

1046 277 1150 313 obliquo
1166 278 1250 313 capite
1261 278 1411 311 speculatus
1428 276 1535 303 invadat
1555 276 1580 302 in
1594 276 1694 309 fauces.
1717 274 1774 302 Nec
1788 276 1834 302 hoc

1045 328 1192 355 contentus,
1204 323 1279 350 aliud
1295 323 1366 349 haud
1380 323 1472 349 mitius
1484 322 1597 349 debellat
1608 322 1721 349 animal.
1736 322 1768 349 Et
1780 321 1834 357 0p-

1045 369 1142 403 pianus
1154 389 1161 400 ,
1177 369 1224 396 lib.
1243 377 1272 395 III
1287 371 1412 404 Κυνηγ..
1432 368 1488 396 haec
1516 373 1608 396 nostra
1630 368 1834 401 elegantissime

1044 413 1190 447 expressit.
1220 412 1356 440 Nicander
1393 413 1456 440 item
1493 412 1521 439 in
1554 412 1711 445 Theriacis;
1742 412 1834 440 [Elia—

1045 466 1097 486 nus
1109 458 1147 485 De
1162 459 1257 485 histor.
1278 459 1360 485 anim.
1371 479 1379 492 ,
1399 459 1447 486 lib.
1473 466 1502 485 Ill
1514 479 1522 490 ,
1547 466 1608 493 cap.
1626 458 1661 485 22
1672 479 1679 489 ,
1700 463 1728 486 et
1743 459 1791 486 lib.
1806 467 1834 491 x,

1045 511 1104 538 cap.
1127 504 1179 535 47.
1202 510 1229 532 et
1250 504 1298 532 lib.
1326 513 1370 536 vr,
1396 512 1456 539 cap.
1480 504 1531 536 38,
1557 505 1651 532 scribit
1677 505 1834 532 ichneumo-

1045 554 1106 573 nem
1123 547 1226 582 aspidis
1238 554 1288 574 ova
1300 546 1467 581 disperdere.
1480 550 1507 574 et
1521 552 1650 582 tanquam
1664 547 1766 574 catulis
1778 547 1835 575 suis

1046 592 1165 619 futuram
1192 593 1318 620 hostilem
1344 593 1493 628 perniciem
1525 593 1699 620 submovere.
1732 592 1832 625 Horas,

1046 638 1092 665 lib.
1108 646 1144 670 ιι,
1163 646 1224 673 cap.
1243 639 1288 669 53,
1308 646 1362 665 non
1386 638 1474 666 solum
1498 638 1525 665 in
1548 644 1701 673 serpentem
1718 639 1833 671 irruere,

1045 683 1092 710 sed
1109 684 1213 711 vocatis
1228 684 1305 718 prius
1326 684 1446 711 clamore
1463 683 1541 715 aliis,
1555 691 1615 718 quae
1634 683 1729 710 omnia
1754 683 1835 710 simul

1044 728 1148 756 addidit
1159 728 1332 760 Aristoteles,
1348 728 1385 756 De
1398 730 1492 756 histor.
1509 730 1603 761 anim.,
1621 729 1669 756 lib.
1685 737 1718 760 tt,
1733 737 1794 763 cap.
1807 729 1832 759 ϐ.

1045 773 1187 802 Ichneumo
1199 774 1319 810 Egypti,
1327 774 1372 801 ubi
1383 775 1500 808 aspidem
1512 783 1622 810 anguem
1636 783 1715 802 suum
1729 775 1831 802 hostem

1044 825 1184 854 aspexerit,
1204 829 1254 847 non
1269 821 1343 854 prius
1373 820 1523 855 aggreditur
1546 829 1625 856 quam
1641 821 1730 848 socios
1752 827 1833 853 vacet,

209 877 288 910 plura
311 884 458 912 congerere
479 877 512 905 ad
534 878 594 913 ejus
613 879 743 906 astutiam
769 883 794 906 et
806 865 995 907 calliditatem
1012 881 1032 908 Β
1045 870 1069 892 ει
1083 865 1144 913 “lno
1159 865 1282 913 abduc"?!
1296 870 1389 892 ⁶⁰⁷³¹⁷⁰
1401 866 1469 892 mus
1484 874 1638 913 “Fiume
1652 874 1709 893 ⁵⁸³⁸
1731 866 1832 896 toria"

208 923 462 951 demonstrandam.

243 967 322 1000 lbid.,
345 969 393 996 lin.
417 970 462 997 17.
480 970 621 1004 Εὑροῦσα
639 971 695 1006 γὰρ
718 971 893 1006 τελμιστήν.
913 970 994 997 Plura

208 1014 242 1042 de
261 1015 321 1050 ejus
338 1016 366 1042 in
382 1022 481 1043 venatu
502 1022 529 1044 et
552 1017 657 1052 piscatu
673 1018 777 1045 artibus
793 1017 930 1049 Elianus,
946 1017 992 1044 lib.

208 1070 246 1094 νι,
261 1070 320 1097 cap.
337 1062 382 1094 24,
404 1067 430 1090 et
454 1063 502 1090 lib.
525 1072 550 1097 t,
574 1072 635 1100 cap.
658 1065 708 1098 56;
730 1065 777 1092 lib.
803 1073 839 1097 Iv,
856 1073 917 1099 cap.
941 1065 993 1098 38;

208 1108 255 1136 lib.
269 1117 304 1140 vr,
317 1117 376 1144 cap.
392 1109 446 1142 65;
471 1110 517 1138 lib.
532 1119 592 1138 xui.
608 1110 673 1145 Ejus
692 1116 788 1138 contra
803 1119 866 1139 aves
879 1112 992 1139 insidias

206 1155 434 1189 quemadmodum
455 1160 482 1183 et
500 1156 544 1184 hic
561 1163 656 1184 noster
673 1162 769 1185 auctor
791 1158 892 1193 optime
908 1158 994 1192 expli-

206 1201 279 1228 cavit
295 1200 434 1236 Oppianus
452 1202 580 1230 Ἃλιευτ.
596 1211 626 1235 u,
641 1207 668 1231 et
686 1203 818 1238 Epiphan.
837 1205 864 1231 in
881 1204 993 1240 Physic-

207 1246 265 1281 logo
283 1254 291 1273 :
308 1248 340 1273 Ἠ
354 1247 466 1283 ἀλώπηξ
480 1249 539 1276 ἐστί
554 1249 722 1284 πολύτροπον
741 1249 820 1281 ζῶον.
839 1250 993 1277 Πεινάσασα

205 1292 234 1318 δὲ
251 1292 297 1319 καὶ
317 1293 456 1328 ἀποροῦσα
473 1295 575 1331 τροφῆς
593 1295 740 1330 ἀπέρχεται
764 1296 811 1322 ἐπὶ
832 1296 895 1328 τοὺς
918 1296 994 1332 ἡλια-

206 1339 272 1370 κοὶις
286 1339 385 1371 τόπους
396 1348 402 1354 ·
417 1342 641 1376 καταρρίπτουσα
658 1342 742 1378 αὐτὴν
755 1343 783 1373 ἐς
796 1343 857 1378 γῆν,
875 1344 922 1370 καὶ
943 1345 991 1370 ἀν-

206 1384 323 1420 εχομένη
338 1385 386 1421 τὴν
402 1388 494 1422 πνοὴν,
508 1388 554 1414 καὶ
569 1388 753 1424 ὑποκρίνουσα
771 1389 932 1425 τεθνηκυῖαν
941 1392 994 1417 κεί-

205 1438 251 1457 ται
278 1431 376 1464 ὑπτία,
402 1433 465 1464 τοὺς
488 1433 643 1469 ὀφθαλμοὺς
670 1434 717 1462 καὶ
741 1435 804 1466 τοὺς
831 1436 913 1467 πόδας
938 1436 992 1462 ἄνω

206 1475 315 1511 ἔχουσα.
339 1477 544 1514 Ἐπερχομένων
560 1480 588 1506 δὲ
609 1481 662 1507 τῶν
684 1481 824 1513 πετεινῶν,
849 1482 894 1508 καὶ
908 1482 991 1516 αὐτὴν

206 1523 359 1550 κατεσθίειν
374 1523 553 1560 βουλομένων,
567 1527 658 1563 ἐκείνη
675 1528 788 1563 ἑτοίμως
803 1527 872 1554 αὐτὰ
884 1529 980 1563 κρατεῖ

207 1569 254 1596 καὶ
267 1570 317 1596 ὃσα
331 1570 453 1605 βούλεται
469 1572 649 1609 κατατρώγει.
667 1573 766 1601 Eadem
784 1577 848 1601 sunt
858 1574 928 1608 apud
944 1572 992 1600 Isi-

205 1615 315 1649 dorum,
328 1617 375 1644 lib.
394 1626 443 1650 xu,
455 1626 515 1653 cap.
528 1619 564 1653 2;
581 1619 691 1648 Petrum
708 1619 880 1651 Damianum,
897 1619 943 1647 lib.
960 1627 990 1652 ιι,

205 1670 248 1697 ep.
265 1663 313 1696 18;
326 1664 477 1697 Albertum,
492 1665 636 1701 Georgium
652 1666 818 1701 Agricolam,
834 1665 991 1693 Michaelem

205 1708 329 1744 Glycam,
347 1715 373 1738 et
392 1711 460 1738 alios
478 1712 654 1740 recentiores.

242 1755 323 1785 lbid.,
340 1756 388 1783 lin.
407 1756 452 1784 24.
474 1757 510 1784 Ἠ
531 1757 630 1791 ο¹αῦρα
644 1758 813 1792 τηρήσασα.
832 1758 992 1786 Aristoteles

205 1801 348 1835 lacertum,
359 1807 385 1830 et
400 1807 567 1831 senectutem
582 1811 693 1834 exuere,
707 1808 734 1831 et
746 1803 834 1831 oculis
845 1804 992 1831 connivere

206 1847 331 1881 tradidit;
343 1849 480 1883 quomodo
491 1853 581 1879 autem
593 1850 683 1877 lumen
696 1850 838 1877 Oculorum
850 1854 992 1878 senectute

205 1895 337 1922 amissum
356 1899 498 1930 recuperet
512 1902 565 1922 non
582 1895 739 1930 explicavit.

240 1939 308 1968 Ibid.
321 1961 328 1973 ,
348 1941 396 1968 lin.
413 1941 456 1969 58.
477 1942 570 1969 Ἀλλὰ
589 1942 639 1969 καὶ
662 1941 795 1976 αὔξησιν
805 1941 934 1977 μείζονα.
953 1941 991 1970 De

204 1986 393 2022 magnitudine
415 1987 563 2014 draconum
582 1992 610 2015 ct
626 1992 782 2023 serpentum
805 1996 820 2016 c
843 1988 990 2015 Metasthe-

204 2040 238 2059 ne
260 2036 286 2060 et
302 2033 375 2064 aliis.
399 2033 460 2061 vide
474 2033 608 2066 Plinium.
628 2035 675 2062 lib.
695 2043 761 2066 vni,
776 2042 837 2069 cap.
856 2035 950 2067 12,15
964 2039 991 2062 et.

204 2078 258 2113 ﬂ;
284 2079 355 2114 apud
379 2079 559 2110 Strabonem.
581 2080 628 2108 lib.
648 2088 693 2108 xv.
715 2079 886 2107 Onesicritus
907 2081 991 2107 refert

203 2126 275 2160 apud
287 2126 432 2154 Abisarum
448 2126 531 2154 India:
546 2135 635 2162 regem
653 2128 722 2154 duos
745 2127 829 2155 fuisse
843 2127 988 2158 dracones,

202 2172 318 2199 alterum
343 2172 442 2207 pedum
462 2172 511 2200 140
524 2193 531 2204 ,
549 2174 663 2200 alterum
681 2173 724 2200 80.
740 2172 880 2200 Nearchus
899 2177 988 2200 autem

201 2219 287 2246 visam
307 2218 425 2253 viperam
456 2218 583 2246 feminam
604 2220 758 2247 cubitorum
775 2219 901 2247 sedecim.
921 2218 988 2246 Vide
1003 2217 1025 2244 D

201 2264 351 2295 Aidanum,
371 2265 419 2292 lib.
437 2273 453 2292 x
473 2265 509 2292 De
525 2265 588 2292 hist.
601 2265 696 2298 enim,
714 2273 774 2300 cap.
791 2265 836 2293 59.

236 2311 304 2338 Ibid.
326 2311 419 2338 Ἐπὰν
432 2309 489 2339 οὖν
505 2311 559 2338 τὸν
578 2313 676 2346 όρτσμ.
696 2311 799 2342 Horus.
817 2311 864 2338 lib.
885 2318 909 2342 I,
925 2317 985 2344 cap.

202 2357 213 2383 Ι
231 2365 238 2384 :
255 2356 379 2392 Ἐπειδὴ,
393 2356 476 2392 τριῶν
493 2356 578 2391 γενῶν
611 2357 712 2391 δφεων
731 2355 908 2383 καθεστώτων
921 2374 928 2383 .
953 2353 987 2380 τὰ

202 2403 251 2438 μὲν
266 2402 346 2429 λοιπὰ
365 2402 450 2437 θνητὰ
462 2402 596 2438 ὑπάρχει,
614 2402 694 2429 τοῦτο
705 2402 734 2428 δὲ
750 2401 829 2437 μόνον
843 2400 985 2430 ἀθάνατον,

200 2449 215 2476 ὃ
227 2449 273 2476 καὶ
293 2449 488 2484 προσφυσῆσαν
503 2449 588 2484 ἑτέρῳ
613 2448 694 2474 παντὶ
709 2447 770 2482 ζώῳ
792 2447 854 2482 δίχα
878 2446 925 2472 καὶ
939 2445 986 2471 τοῦ

199 2495 290 2522 δακεῖν
308 2495 422 2530 ἀναιρεῖ.

236 2540 316 2573 Ibid.,
331 2541 379 2568 lin.
392 2541 438 2568 42.
456 2541 551 2574 Τούτῳ
562 2542 578 2567 ό
599 2540 754 2575 ἰχνεύμων.
771 2540 912 2574 Quomodo
926 2549 986 2569 ser~

199 2592 295 2622 pentes
306 2592 332 2614 et
343 2587 498 2614 crocodilos
514 2591 602 2619 necat,
615 2587 755 2622 eleganter
778 2586 920 2623 Oppianus
931 2590 985 2616 Ku-

199 2642 266 2668 νηγ.
284 2633 331 2660 lib.
346 2641 387 2661 Ill.

233 2679 300 2707 Ibid.
315 2701 323 2713 ,
347 2680 395 2708 lin.
412 2679 457 2707 44.
479 2680 571 2707 Ἀλλὰ
596 2679 660 2714 μὴν
683 2680 731 2706 καὶ
757 2681 842 2713 πρός.
868 2678 983 2711 Plinius,

200 2725 248 2752 lib.
264 2733 322 2757 vui,
344 2734 403 2761 cap.
418 2726 453 2753 ΞΑ
467 2736 472 2753 :
493 2727 569 2756 Aspis
586 2726 663 2753 habet
677 2725 771 2753 deinde
795 2726 984 2753 interm-sinum

200 2770 296 2797 bellum
311 2779 369 2798 cum
391 2772 569 2799 ichneumone.
584 2771 685 2798 Notum
698 2776 737 2799 est
754 2773 854 2799 animal
867 2773 916 2799 hac
927 2772 984 2807 glo-

199 2816 242 2842 ria
253 2816 365 2842 maxime
379 2817 405 2843 in
423 2817 514 2844 eadem
529 2823 621 2845 natum
634 2818 759 2853 .IEgypto.
773 2817 868 2852 Mergit
881 2826 908 2845 se
922 2818 984 2844 lima

200 2860 307 2903 saepius,
320 2860 451 2895 siccatque
469 2862 532 2888 sole.
546 2861 610 2889 Mox
623 2862 667 2889 ubi
677 2863 796 2896 pluribus
808 2863 896 2889 eodem
909 2863 984 2890 modo

1046 912 1139 939 modus
1153 911 1277 938 armandi
1296 916 1324 938 ut
1342 913 1456 946 primum
1469 911 1630 946 niadefaciat
1648 919 1758 946 corpus.
1771 913 1833 938 etin

1046 962 1117 985 terra
1135 966 1162 984 se
1176 957 1282 984 volutet.

1082 1001 1141 1029 Col.
1159 1002 1209 1029 748
1221 1023 1228 1035 ,
1244 1003 1292 1029 lin.
1310 1003 1335 1030 ι.
1355 1002 1455 1037 Σαῦρα
1471 1003 1504 1029 δὲ
1522 1003 1541 1036 ἠ
1556 1002 1715 1037 λεγομένη.
1738 1002 1833 1030 Petrus

1045 1046 1203 1082 Damianus,
1219 1048 1267 1076 lib.
1283 1056 1311 1079 u,
1327 1057 1371 1083 ep.
1388 1048 1641 1080 18:Sa1amandra,
1655 1057 1757 1084 quoque
1777 1049 1833 1075 licet

1044 1095 1150 1129 exigua,
1165 1094 1314 1121 mirabilem
1329 1095 1413 1130 fertur
1430 1094 1523 1122 habere
1536 1099 1678 1126 naturam;
1695 1095 1761 1122 adeo
1774 1096 1834 1122 utsi

1045 1148 1108 1166 casu
1129 1140 1272 1175 aliquando
1294 1141 1322 1168 in
1347 1142 1405 1176 igne
1430 1141 1567 1176 mergitur.
1593 1142 1678 1168 omnis
1701 1142 1780 1176 ignea
1796 1143 1833 1168 vis

1045 1191 1170 1221 tanquam
1187 1186 1343 1214 inundantia
1368 1196 1444 1222 aqua:
1458 1187 1588 1221 proﬂuvio
1602 1188 1725 1222 protinus
1736 1188 1834 1215 exstin-

1044 1237 1150 1267 guatur.
1168 1232 1316 1265 Nicander,
1329 1233 1357 1260 in
1370 1233 1504 1261 leeriatis
1517 1241 1526 1260 :

1043 1278 1097 1304 Καὶ
1110 1278 1352 1312 σαλαμάνδρειον
1368 1279 1471 1306 δόλιον
1486 1278 1578 1312 δάκος
1591 1279 1657 1305 αἰὲν
1669 1278 1798 1312 ἀπεχθὲς

1045 1313 1115 1340 "Hes
1131 1313 1180 1339 καὶ
1192 1311 1353 1340 ἀσϐέστοιο
1366 1314 1404 1340 δι’
1423 1314 1456 1340 ἐκ
1474 1316 1568 1347 πιψός
1580 1311 1666 1347 οἷμον
1681 1311 1797 1345 ἑκοῦσα

1046 1348 1193 1375 Ἕσσυται
1220 1349 1367 1383 ἄκμηνος,
1390 1349 1440 1376 καὶ
1464 1348 1636 1381 ἁνὼδυνος,
1656 1348 1780 1391 οὺὸέιξί
1804 1350 1833 1375 οι

1042 1417 1159 1444 Σινεται
1178 1418 1312 1452 ἀσϐέστη
1324 1418 1436 1452 ῥαγόεν
1453 1418 1539 1453 δέρος
1557 1418 1634 1454 ἂκρα
1647 1383 1796 1453 tsi-illa.

1076 1462 1109 1490 Et
1124 1464 1150 1490 in
1167 1464 1395 1498 Alexipharmacis
1410 1471 1419 1490 :

1045 1509 1098 1535 Ἢν
1112 1509 1145 1535 δὲ
1156 1510 1340 1543 λιπορῤίνοιο
1360 1509 1453 1536 ποτὸν
1467 1508 1662 1536 ductabatur
1680 1509 1758 1544 ὶάψῃ

982 1549 990 1561 ν
1005 1547 1026 1575 C
1043 1544 1230 1578 Φαρμακίδος
1252 1546 1368 1579 σαύρης
1388 1544 1576 1578 πολυκηδέος
1587 1565 1595 1577 ,
1611 1544 1651 1578 ἣν
1670 1545 1833 1580 011.1(1de—

1041 1614 1212 1648 κλείουσιν,
1232 1613 1290 1648 τὴν
1308 1614 1379 1641 οὐδὲ
1394 1615 1489 1649 πυρὸς
1502 1612 1659 1648 eoenobio

1044 1667 1163 1696 Serenus
1178 1678 1184 1695 :

1043 1724 1094 1753 Seu
1108 1725 1287 1753 Salamandra
1303 1731 1406 1761 potens,
1424 1726 1554 1763 nullisque
1572 1727 1687 1754 obnoxia
1702 1728 1829 1762 ﬂammis.

1041 1770 1156 1803 Plinius,
1181 1772 1228 1799 lib.
1249 1780 1283 1804 ι,
1301 1779 1362 1807 cap.
1376 1772 1410 1799 67
1428 1782 1434 1800 :
1450 1772 1525 1800 Sicut
1541 1772 1725 1800 Salamandra
1738 1774 1830 1800 lacerti

1042 1817 1141 1851 ﬁgura,
1165 1817 1317 1851 stellatum,
1339 1827 1473 1853 nunquam
1499 1819 1550 1846 nisi
1568 1821 1670 1854 magnis
1690 1819 1830 1852 imbribus,

1041 1865 1204 1898 proueniens,
1215 1869 1239 1891 et
1249 1865 1389 1892 serenitate
1403 1865 1535 1899 deﬁciens.
1555 1865 1625 1892 Huic
1640 1870 1733 1892 tantus
1749 1867 1828 1902 rigor,

1041 1915 1069 1936 ut
1085 1910 1170 1945 ignem
1183 1916 1282 1937 tactum
1293 1911 1444 1946 exstinguat
1459 1919 1510 1938 non
1524 1912 1577 1938 alia
1594 1912 1670 1939 nzodo
1681 1921 1763 1947 quam
1774 1913 1829 1947 gla-

1041 1957 1103 1984 cies.
1118 1957 1252 1989 Elianus,
1272 1957 1311 1984 De
1324 1957 1386 1984 hist.
1404 1958 1499 1990 anim.,
1523 1958 1570 1985 lib.
1586 1965 1616 1990 It,
1638 1966 1701 1994 cap.
1720 1959 1752 1986 51
1766 1968 1773 1992 ;
1787 1959 1829 1986 Pi-

1041 2003 1124 2034 sides,
1144 2003 1182 2030 De
1196 2003 1287 2030 mundi
1305 2003 1411 2037 api/icio
1424 2012 1434 2030 .-

1094 2050 1195 2082 Ποίαις
1212 2049 1246 2076 δὲ
1258 2050 1367 2084 πηγαῖς
1384 2049 1402 2083 ἢ
1416 2049 1522 2082 βυθοῖς
1543 2049 1762 2084 κεκρυμμένοις

1093 2084 1151 2118 Δρᾷ
1164 2084 1361 2118 σαλαμᾱνδριι
1375 2085 1428 2117 τὰς
1441 2085 1585 2119 καμίνους
1599 2085 1731 2118 αὶθάλην
1742 2094 1752 2117 ;

1040 2129 1250 2166 Olympiodorus
1273 2131 1344 2165 apud
1373 2130 1542 2165 Scaligerum
1566 2130 1600 2157 de
1625 2131 1783 2159 subtilitate
1796 2134 1826 2160 ad

1039 2175 1195 2203 Cardauum
1204 2184 1296 2203 exerc.
1312 2176 1356 2207 74,
1368 2184 1444 2204 num.
1460 2177 1487 2207 5.
1501 2177 1563 2208 Τοῖς
1577 2176 1717 2211 ὑελέψαις,
1732 2177 1826 2211 inquit.

1041 2221 1124 2257 πολλὴ
1140 2221 1250 2256 φροντὶς
1265 2220 1311 2247 τοῦ
1329 2221 1466 2249 τινάσσειν
1483 2221 1532 2256 τὴν
1554 2221 1700 2256 πάττυρον,
1724 2222 1770 2248 ἵνα
1794 2223 1827 2258 μὴ

1040 2267 1114 2298 ἐντὸς
1131 2267 1290 2303 περιέχηται
1310 2269 1327 2303 ἡ
1347 2267 1539 2302 σαλαμάνδρα·
1558 2268 1693 2302 ζημιῶδες
1710 2269 1767 2304 γὰρ
1782 2270 1827 2296 αὑ-

1039 2314 1095 2345 τοῖς
1108 2313 1146 2348 τῷ
1164 2313 1257 2340 σϐέσαι
1275 2314 1324 2349 τὴν
1339 2313 1462 2348 κάμινον.
1492 2313 1672 2346 Aristoteles,
1688 2315 1739 2342 lib.
1759 2323 1775 2342 ν
1795 2315 1827 2341 De

1040 2358 1102 2385 hist.
1118 2359 1212 2392 anim.,
1231 2366 1292 2394 cap.
1308 2359 1362 2391 l9;
1382 2359 1572 2386 Nazianzenus
1588 2360 1614 2385 in
1632 2359 1781 2390 Basiliam.
1804 2366 1827 2387 ei.

1040 2404 1177 2431 Parwnesi
1191 2405 1225 2430 ad
1246 2405 1374 2438 Virgines.
1396 2403 1464 2431 lIuic
1484 2409 1574 2431 tamen
1590 2406 1736 2432 sententiae
1753 2405 1826 2433 Dios-

1039 2450 1146 2477 corides
1167 2449 1335 2485 refragatur,
1357 2455 1384 2478 et
1409 2449 1529 2477 Galenus
1544 2450 1570 2476 in
1589 2450 1713 2484 Simplie.
1725 2471 1733 2483 ,
1749 2452 1826 2479 σαλα-

1041 2495 1160 2530 μάνδρας
1176 2495 1323 2532 καυθείσης
1337 2496 1479 2527 meminit;
1503 2499 1529 2523 et
1545 2504 1570 2522 Iv
1587 2497 1667 2523 Κατὰ
1683 2497 1762 2530 τόπ.,
1779 2499 1826 2525 Σα-

1039 2541 1194 2577 λαμάνδρας
1208 2543 1380 2578 κεκιυμένης
1398 2542 1498 2569 σποδόν
1512 2543 1637 2577 requirit.

1075 2586 1141 2614 Ibid.
1156 2607 1163 2619 ,
1188 2588 1236 2614 lin.
1253 2588 1279 2614 5.
1307 2588 1383 2614 Φασὶ
1404 2587 1438 2614 δὲ
1463 2587 1520 2621 τὴν
1543 2588 1679 2621 ἔχιδναν.
1697 2588 1824 2619 Basilius.

1038 2633 1112 2661 hom.
1132 2634 1149 2660 9
1166 2643 1172 2660 :
1190 2633 1246 2660 Καὶ
1267 2633 1367 2668 ἔχιδναι
1382 2633 1432 2665 τὰς
1450 2634 1554 2669 μήτρας
1567 2634 1750 2668 ἐκφαγοῦσαι,
1762 2644 1824 2670 προ-

1038 2680 1172 2716 έρχονται,
1197 2679 1349 2715 πρέποντας
1368 2681 1399 2715 τῇ
1417 2680 1606 2716 γεννησαμένῃ
1628 2681 1694 2712 τοὺς
1716 2681 1824 2716 μισθοὺς

1038 2725 1235 2752 ἑκτιννύουσαι.
1261 2724 1414 2752 Notandum
1444 2731 1486 2752 est
1512 2726 1585 2760 quod
1598 2730 1695 2752 narrat
1729 2726 1823 2754 Petrus

1040 2771 1203 2804 Damianus,
1228 2771 1276 2799 lib.
1295 2779 1315 2798 ιι
1329 2791 1336 2803 ,
1361 2772 1469 2806 epistol.
1489 2771 1537 2802 l8.
1554 2771 1587 2799 dc
1605 2772 1657 2798 hac
1672 2772 1770 2799 eadem
1787 2779 1821 2798 re.

1044 2817 1154 2851 Viperm,
1171 2817 1274 2852 inquit,
1289 2817 1338 2843 hac
1356 2818 1465 2844 coeundi
1489 2818 1529 2844 vel
1546 2818 1668 2851 pariendi
1684 2823 1823 2845 consuetu-

1038 2863 1099 2890 dine
1121 2863 1239 2890 naturali
1255 2863 1392 2898 potiuntur
1408 2864 1517 2898 imperio
1535 2868 1563 2890 ut
1588 2863 1724 2891 masculus
1747 2865 1773 2890 in
1796 2871 1821 2890 es
