1897 3073
69 118 112 146 061

558 115 589 141 ΙΝ
611 113 794 142 EUSTATHII
814 113 1048 141 HEXAEMERON
1069 113 1184 142 NOTAE.

1624 115 1676 143 982

69 177 163 212 femini?
179 179 257 209 caput
273 174 401 210 impingat
411 195 418 206 ,
431 174 504 209 quod
520 174 568 200 illa
582 181 638 208 pne
652 173 729 200 nimii
744 174 843 200 amoris
858 176 881 204 Α
895 179 965 205 ram,
982 171 1055 207 quod
1071 176 1098 199 et
1112 172 1225 199 tradidit
1248 172 1408 208 Apollonius
1433 172 1505 208 apud
1522 172 1676 201 Philostra-

67 222 223 257 impatie‘ntia
239 221 380 248 mordenda
393 220 532 255 pra'cidat,
555 228 585 247 ac
595 223 692 254 priesto
704 219 842 254 deglutiat,

66 276 95 295 es
105 267 176 302 cujus
198 267 294 300 capitis
315 266 399 293 oculis
421 266 474 292 duo
492 265 574 292 catuli
597 265 844 299 procreantur,qui

67 318 150 348 partus
167 317 283 346 tempore
301 317 421 338 materna
446 312 530 338 latera
550 311 671 345 utrinque
688 310 842 344 corrodunt,

67 364 88 386 et
99 359 133 385 sic
146 358 304 384 altrinsecus
317 357 396 383 simul
407 357 595 388 occidentes,et
611 361 746 382 nascentes
756 363 843 382 erum-

67 408 132 437 punt.
149 403 200 436 Qui
212 403 339 429 nimirum
350 408 410 429 ante
424 407 485 430 sunt
497 402 637 436 parricidia
654 409 732 436 quam
745 402 804 436 ﬁlii,
819 406 843 428 et

68 449 118 476 ideo
134 457 268 482 nunquam
281 453 376 482 prteter
391 448 456 475 duos
469 449 536 475 valet
557 448 635 482 hujus
650 450 751 483 generis
768 455 842 474 exce-

67 495 122 521 dens
136 495 235 528 aliquid
252 495 374 522 inveniri.
391 494 449 522 Duo
466 498 556 522 tamen
574 494 618 521 hic
631 494 664 521 de
680 498 778 520 natura
795 493 843 520 hu-

65 538 104 572 jus
116 538 250 573 serpentis
263 558 270 570 ,
287 546 348 573 qua:
372 538 454 566 refert
470 539 513 568 hic
529 543 643 570 auctor,
659 543 686 566 et
702 538 778 565 multi
797 538 842 564 alii

67 591 114 610 uno
128 591 184 615 ore,
211 584 412 612 consideranda
427 588 501 616 sunt,
517 588 544 612 et
566 584 684 619 primum
702 584 736 611 de
752 584 840 617 coitu;

66 630 98 656 ait
114 630 202 662 enim,
224 630 346 665 viperam
368 639 415 666 per
428 638 461 657 os
487 638 580 658 semen
603 631 738 665 excipere,
757 638 841 657 mem-

66 676 191 710 brumque
207 677 293 703 maris
308 683 356 703 ore
369 676 505 707 excidere,
521 676 572 704 hac
588 675 694 703 ratione
709 678 776 702 mari
793 684 841 703 ne—

65 729 116 748 cem
129 722 260 756 parando.
272 721 329 749 Hoc
346 722 415 749 idem
429 723 510 749 aliter
523 722 569 748 alii
586 726 709 753 narrant,
720 722 840 756 viperam

65 767 187 794 duntaxat
203 768 246 794 ori
261 775 312 794 suo
328 767 411 794 maris
427 771 510 802 caput
536 767 637 794 habere
660 767 793 794 insertum
813 767 840 794 in

65 812 140 842 coitu.
156 815 182 838 et
198 811 266 838 illud
281 811 378 839 ardore
395 811 514 838 libidinis
534 818 713 845 praemorsum
728 810 839 837 abscin-

894 222 969 250 tum,
984 221 1012 244 et
1036 217 1169 245 Maximus
1194 217 1304 253 Tyrius.
1328 218 1361 245 Et
1373 218 1465 246 Roma:
1482 219 1633 254 saepissime
1648 221 1676 248 in

893 264 989 298 ligneis
1004 264 1091 292 thecis
1112 268 1193 291 enata
1216 264 1325 291 soboles
1345 264 1379 292 ab
1393 265 1520 292 oumibus
1542 266 1675 299 cernitur,

892 314 918 337 et
940 318 1039 345 parens
1063 310 1140 338 salva
1163 318 1195 338 ac
1213 314 1355 345 superstes
1372 319 1380 343 ;
1405 314 1433 337 et
1447 318 1496 345 ego
1513 312 1596 338 etiam
1610 311 1674 338 vidi.

892 356 1012 384 Consule
1026 355 1201 390 Rediuiuum,
1216 355 1263 384 lib.
1273 363 1378 390 vi,cap.
1393 356 1436 383 15.
1453 356 1521 383 Illud
1532 357 1613 384 etiam
1628 357 1676 383 ad-

891 403 964 434 dam,
991 402 1146 430 Cardanum
1167 410 1182 429 a
1200 402 1339 437 Scaligcro
1363 410 1453 430 exel'c.
1481 403 1532 430 125
1558 407 1585 430 et
1609 402 1674 435 185.

892 456 967 475 num.
985 448 1029 480 15,
1048 448 1220 483 reprehendi,
1240 448 1312 483 quod
1328 448 1431 476 scilicet
1446 449 1566 483 aspidem
1594 451 1621 475 et
1635 449 1675 475 vi-

891 502 984 529 peram
1010 502 1092 521 unam
1117 498 1143 521 et
1167 493 1289 521 eamdem
1312 493 1472 528 agnoverit;
1489 494 1559 520 sicut
1577 493 1604 520 in
1618 493 1676 528 epi-

891 538 960 565 stola
972 538 1088 572 quadam
1100 545 1180 564 manu
1193 538 1302 572 propria
1316 537 1433 564 Cardani
1446 538 1548 572 scripta
1563 545 1592 565 se
1608 537 1676 565 Sca—

890 584 958 618 liger
982 583 1083 610 vidisse
1107 587 1242 615 testatur,
1266 591 1329 611 eum
1349 584 1490 619 dipsadem
1506 592 1567 611 cum
1583 585 1676 619 vipera

891 629 961 656 idem
976 629 1159 656 existimasse.
1176 629 1274 657 Petrus
1292 630 1356 657 item
1372 630 1522 664 Bellonius,
1538 630 1674 659 Obseruat.

891 675 939 703 lib.
959 683 995 707 ιι,
1011 683 1072 710 cap.
1088 675 1121 702 54
1133 695 1139 707 ,
1155 674 1255 703 fatetur
1278 684 1307 704 se
1321 676 1411 703 verbis
1431 676 1612 704 Aristotclicis
1626 677 1676 703 im-

890 721 999 756 pulsum
1011 741 1018 752 ,
1036 723 1144 756 viperas
1164 727 1335 756 praegnantes
1348 723 1511 750 observasse
1524 732 1530 749 :
1546 730 1607 757 qua:
1618 723 1677 750 sine

890 767 993 795 tunicis
1010 767 1130 795 subolem
1146 769 1285 802 peperisse
1299 769 1364 795 visa:
1380 773 1453 795 sunt.
1467 767 1517 801 Qui
1532 773 1623 795 tamen
1636 769 1678 795 vi-

891 820 986 849 peram
1002 820 1061 839 eam
1080 812 1217 848 intelligit,
1233 820 1314 847 quam
1339 812 1515 841 Turonenses
1544 818 1571 841 et
1585 813 1675 840 Ceno-

66 857 131 885 dere.
141 857 240 889 Horus,
257 858 304 885 lib.
321 865 352 885 ιι.
368 866 427 892 cap.
437 857 471 884 59
481 867 487 885 :
499 857 572 892 Αὕτη
588 857 652 892 γὰρ,
667 857 730 883 ὃταν
743 856 840 890 συγγέ-

891 859 984 886 manni
997 859 1076 892 Aspic
1091 859 1232 886 nominant
1243 867 1302 894 quae
1316 867 1397 894 quam
1412 867 1476 887 vera
1490 860 1545 886 sint
1562 860 1676 887 alterius

66 903 182 939 νηταιτῷ
191 903 297 939 ἄρῤενι,
310 903 398 938 στόμα
413 903 525 938 στόματι
537 901 701 938 ἐμϐαλοῦσα,
711 901 758 928 καὶ
772 901 840 936 μετὰ

65 949 92 975 τὸ
104 949 312 984 ἀποζευχθῆναι,
323 948 494 975 ἁποδακοῦσα
505 947 554 982 τὴν
569 947 688 982 κεφαλὴν
701 946 746 973 τοῦ
760 946 841 981 appe-

66 1003 113 1027 νος,
127 996 240 1030 ἀναιρεῖ.
257 995 384 1026 Basilius,
395 993 494 1022 Contra
509 993 669 1027 feneratores
679 1013 687 1025 ,
707 997 735 1019 et
749 992 786 1018 De
800 993 840 1018 iu-

66 1041 138 1072 vidia;
153 1040 290 1073 Elianus,
307 1040 344 1067 De
356 1040 418 1067 hist.
435 1040 530 1072 anim.,
548 1039 593 1066 lib.
610 1047 630 1070 ι,
646 1045 706 1073 cap.
722 1038 768 1070 14,
786 1038 840 1066 etsi

67 1086 195 1120 paululqu
210 1086 245 1113 ab
261 1086 321 1112 aliis
335 1085 428 1112 varius
441 1083 527 1117 Phile,
545 1084 572 1111 in
581 1082 701 1110 lambis:

114 1142 194 1176 Ἐχις
209 1143 243 1169 δὲ
258 1143 364 1177 θερμὸς
381 1141 586 1177 προσ-πλακεὶς
600 1140 638 1175 τῇ
651 1139 777 1177 συζύγῳ,

112 1175 165 1204 Kal
179 1175 233 1204 cor
244 1175 317 1210 τέώζ·
334 1175 458 1211 ἢὸιοίτον
472 1177 517 1211 ἄρ’
534 1177 651 1208 ἀνύσας
664 1175 769 1210 γάμον,

111 1213 206 1240 Κεῐται
222 1212 380 1247 φονευθεὶς
394 1213 466 1240 ὑπαὶ
481 1211 534 1245 τῆς
550 1212 708 1247 ὲραστρίας

116 1245 295 1275 Τοῦτούσὺν
310 1247 382 1281 ὁρτῇ
397 1247 604 1279 λανθανόντως
617 1245 760 1279 ἐχομένης

116 1283 245 1316 Σοσαρὸν
259 1283 282 1309 τ’
295 1280 412 1309 ἐκεῖνόν
426 1282 611 1316 ὲκτεμούσης
622 1280 744 1314 αὐχένα.

68 1337 238 1372 Prudentius,
269 1338 493 1374 Hamartigenia,‘
513 1338 634 1370 Plinius,
659 1337 708 1365 lib.
727 1345 761 1369 χ,
777 1344 837 1372 cap.

67 1383 105 1415 l2,
128 1384 224 1418 Viperw
238 1393 296 1411 mas
311 1388 388 1418 caput
404 1384 496 1410 inserit
512 1384 538 1410 in
555 1391 594 1416 os,
610 1381 678 1418 quod
698 1382 745 1408 illa
762 1382 840 1409 abro-

68 1430 102 1455 dit
116 1431 255 1464 voluptatis
268 1429 413 1457 dulcedine.
434 1429 466 1456 Et
480 1437 513 1457 ex
527 1429 725 1456 recentioribus
741 1428 839 1455 Adria-

68 1482 113 1501 nus
126 1473 231 1506 Junius,
248 1475 375 1502 emblem.
389 1474 432 1502 38.

98 1521 174 1555 lbid.,
191 1522 238 1549 lin.
258 1522 283 1549 5.
299 1522 379 1557 Αῡφη
394 1521 428 1548 δὲ
442 1521 558 1556 ἔγγυος.
576 1519 732 1548 Secundum
748 1524 789 1548 est
806 1520 839 1548 de
854 1528 874 1556 ο

67 1572 137 1600 partu
158 1576 271 1602 eorum;
291 1568 366 1595 aiunt
388 1575 505 1603 namque
530 1568 603 1603 quod
627 1567 690 1598 ﬁlii,
713 1566 840 1601 disrupto

68 1618 169 1646 ventre,
188 1622 323 1649 exesaque
340 1615 418 1642 vulva
442 1617 607 1648 erumpunt,
625 1617 771 1648 pensantes
784 1632 791 1644 ,
808 1619 840 1639 ac

68 1659 220 1688 ulciscentes
249 1661 363 1696 primam
400 1660 487 1695 pejori
518 1659 666 1695 impietate.
693 1658 784 1692 Phile,
811 1658 840 1685 in

71 1703 159 1732 lambis
166 1713 176 1732 :

114 1751 196 1786 Πλὴν
208 1752 279 1779 ἀλλ’
295 1753 311 1778 ό
325 1751 383 1786 μὲν
397 1751 548 1784 τέθνηκεν,
561 1751 580 1785 ἡ
596 1750 629 1777 δὲ
641 1750 701 1786 νῦν
716 1750 780 1777 κύει
789 1758 795 1763 ·

114 1787 190 1814 Μετὰ
202 1787 238 1813 δὲ
254 1785 361 1821 μικρόν
376 1795 441 1812 τινα
454 1786 578 1821 αὺτὰγτὰ
589 1785 687 1821 ,ϐρέφη
703 1786 814 1819 χρόνον

116 1822 171 1853 Τὴν
181 1819 331 1856 μητρικὴν
341 1820 585 1856 ρἡαντιινηδὺν
600 1819 698 1856 ἐξέδυ.

112 1856 157 1890 Μὴ
173 1855 249 1891 rei}?
268 1856 442 1890 τετιμώρηκε
456 1855 495 1888 τῷ
509 1855 699 1890 φυτοσπόρῳ.

71 1912 163 1946 Horus,
178 1915 226 1942 lib.
245 1923 263 1941 ιι
275 1934 281 1945 ,
299 1921 359 1949 cap.
381 1914 435 1946 60;
455 1913 607 1947 Antigonus
625 1911 783 1947 Carystius,
801 1910 840 1937 De

70 1960 193 1993 mirabil.,
216 1961 286 1988 Οὐδὲ
314 1961 403 1996 ἔχιδνα
427 1960 477 1992 δὶς.
495 1959 594 1986 Ἐσθὶει
620 1958 674 1993 γὰρ
695 1958 778 1993 αὐτῆς
791 1957 840 1992 τὴν

70 2005 161 2032 κοιλίαν
173 2006 206 2033 τὰ
219 2006 336 2042 ἔμϐρυα.
352 2005 486 2038 Ailianus,
498 2005 544 2032 lib.
556 2013 565 2032 1
582 2004 621 2031 De
633 2004 727 2031 histor.
746 2006 839 2036 anim.,

68 2056 121 2083 cap.
135 2050 168 2077 24
180 2070 186 2082 ,
201 2056 230 2079 et.
255 2052 302 2078 lib.
321 2059 354 2078 xv
369 2073 376 2085 ,
394 2059 454 2086 cap.
471 2051 504 2077 16
516 2070 524 2082 ,
545 2059 578 2078 ex
599 2051 733 2077 sententia
749 2049 839 2077 Theo-

69 2094 161 2127 phrasti
174 2097 222 2129 ait,
239 2102 361 2123 ventrem
378 2103 432 2122 non
459 2096 566 2122 corrodi
578 2115 586 2127 ,
602 2103 691 2130 neque
707 2095 839 2129 disrumpi

68 2144 81 2163 a
97 2138 163 2173 filiis,
179 2141 228 2168 sed
252 2141 316 2176 quia
334 2145 467 2175 angustus
489 2145 531 2167 est
556 2141 625 2167 mole
643 2140 744 2167 sobolis
762 2139 840 2173 pelli-

889 905 940 932 erit
952 904 1056 939 negotii
1072 904 1219 932 discutere.

925 950 991 978 lbid.
1003 969 1011 982 ,
1035 951 1083 977 lin.
1099 950 1125 978 9.
1148 950 1291 985 Γηράσας
1308 951 1342 978 δὲ
1356 953 1372 979 d
1392 952 1468 987 ὄφις.
1485 951 1522 980 De
1537 958 1675 988 serpente,

890 996 950 1030 ejus
970 1000 1086 1028 natura,
1108 1001 1135 1024 et
1156 998 1293 1032 quomodo
1315 1003 1451 1026 senectam
1465 1004 1564 1031 exuat,
1577 999 1676 1027 Petrus

890 1043 1054 1076 Damianus,
1077 1044 1124 1071 lib.
1142 1052 1179 1078 ιι,
1200 1045 1282 1079 epist.
1307 1045 1363 1078 18;
1385 1044 1527 1077 IElianus,
1549 1045 1587 1072 De
1609 1046 1673 1074 hist.

890 1090 971 1118 anim.
990 1090 1036 1117 lib.
1054 1098 1161 1125 ix,cap.
1177 1090 1277 1123 16,ait.
1295 1096 1448 1127 serpentem
1465 1091 1595 1120 fmniculo
1609 1100 1675 1119 ocu-

889 1135 925 1163 lis
936 1136 1067 1164 alTricatis
1078 1137 1219 1164 oculorum
1235 1137 1426 1165 hebetudinem
1443 1138 1579 1173 abjicere;
1596 1146 1676 1166 sene-

889 1187 969 1209 scunt
982 1183 1054 1209 enim
1072 1183 1144 1209 oeuli
1162 1187 1189 1210 et
1208 1184 1286 1210 sicuti
1307 1184 1439 1218 reliquum
1459 1191 1575 1218 corpus,
1597 1184 1633 1210 ita
1647 1188 1675 1211 et

889 1228 960 1255 oculi
975 1236 1031 1255 suae
1045 1229 1222 1263 perfectionis
1238 1229 1338 1256 habent
1357 1230 1502 1256 terminum
1537 1238 1616 1264 quem
1630 1234 1673 1255 al-

889 1274 1009 1309 tingant,
1025 1282 1104 1309 quem
1117 1276 1140 1302 si
1155 1276 1323 1302 excesserint
1339 1276 1429 1302 lumen
1446 1276 1611 1307 absumunt,
1632 1276 1675 1302 in-

889 1319 1013 1355 ﬁrmique
1029 1320 1196 1353 redduntur,
1218 1322 1299 1348 Ὅταν
1323 1321 1489 1357 ἀποδύσηται
1507 1323 1538 1348 τὸ
1555 1322 1644 1357 γῆρας
1662 1322 1676 1347 ὁ

889 1365 949 1400 ὃφις
959 1385 966 1398 ,
987 1367 1175 1402 ὑπαρχομένου
1194 1367 1222 1393 δὲ
1237 1367 1282 1394 τοῦ
1301 1366 1367 1403 ἦρος
1388 1368 1438 1403 δρᾷ
1453 1367 1547 1399 τοῦτο,
1562 1367 1677 1394 ἐνταῦθά

888 1418 929 1437 τοι
945 1412 992 1438 καὶ
1007 1412 1061 1439 τῶν
1080 1413 1227 1449 ὀφθαλμῶν
1239 1414 1287 1449 τὴν
1304 1414 1398 1449 ἀχλὺν,
1415 1414 1462 1440 καὶ
1476 1413 1506 1440 τὸ
1522 1414 1612 1448 ἀμϐλὺ
1625 1413 1677 1448 τῆς

890 1457 976 1492 ιψεως
992 1458 1130 1493 {lima-rat,
1143 1460 1190 1486 καὶ
1203 1460 1289 1486 ἐκεῖνο
1304 1460 1341 1491 ὡς
1358 1460 1447 1496 γῆρας
1461 1459 1617 1494 ὀφθαλμῶν.
1632 1458 1677 1493 Τῷ

890 1503 918 1530 δὲ
935 1504 1066 1540 μαράθρῳ
1083 1505 1299 1540 προῦποθήγων,
1321 1506 1366 1532 καὶ
1381 1506 1537 1542 περιψήχων
1552 1505 1582 1531 τὸ
1599 1505 1677 1540 ὄμμα

892 1552 1038 1587 ἑκάτερον,
1060 1550 1118 1579 εἶτα
1139 1552 1252 1587 ὲξάνθης
1273 1552 1348 1579 τοῦδε
1363 1552 1409 1579 τοῦ
1431 1552 1532 1583 πάθους
1560 1552 1674 1586 γίνεται·

891 1595 1073 1630 Ἀμϐλυὼττει
1090 1597 1118 1623 δὲ
1140 1597 1194 1631 ἄρα
1217 1596 1260 1623 διὰ
1274 1596 1320 1623 τοῦ
1341 1597 1474 1632 χειμῶνος
1488 1596 1628 1631 φωλεύσας
1647 1597 1676 1622 ἐν

892 1640 968 1676 μυχῷ
980 1641 1026 1667 καὶ
1040 1641 1136 1676 σκότῳ.
1148 1641 1251 1667 Οὐκοῦν
1266 1641 1432 1668 παλαιοῦσαν
1447 1642 1479 1668 ὲκ
1490 1641 1544 1667 τῶν
1559 1640 1675 1676 κρυμῶν

889 1685 943 1712 τῶν
965 1685 1041 1717 ζώων
1059 1686 1108 1721 τὴν
1127 1685 1187 1720 ὃψιν
1202 1685 1400 1721 ὑποθερμαῖνον
1413 1685 1443 1712 τὸ
1458 1685 1595 1721 μάραθρον
1610 1685 1675 1712 καθ-

889 1730 970 1766 αίρει,
986 1732 1032 1757 καὶ
1045 1731 1247 1766 ὀξυωπέστερον
1274 1732 1428 1766 ἀποφαίνει.
1448 1731 1481 1758 Ει
1494 1731 1608 1764 Plinius,
1626 1732 1673 1759 lib.

890 1785 948 1809 vtu,
958 1785 1018 1812 cap.
1035 1777 1069 1804 27
1083 1786 1090 1804 :
1102 1778 1201 1813 Anguis
1209 1778 1324 1812 [tyberua
1335 1778 1436 1804 latebra
1452 1778 1508 1804 uisu
1522 1777 1673 1810 obscurato,

891 1824 1026 1850 marathro
1048 1823 1134 1850 herba:
1150 1831 1204 1850 sese
1226 1823 1369 1857 a/fricans,
1388 1824 1476 1850 oculos
1498 1823 1619 1858 inungit,
1644 1831 1675 1850 ac

891 1870 989 1904 refovet
1001 1877 1010 1901 ;
1022 1870 1045 1896 si
1059 1878 1118 1897 vero
1137 1877 1254 1904 squamae
1271 1870 1441 1904 obtorpuere,
1457 1870 1539 1904 spinis
1556 1869 1674 1904 juniperi

889 1923 918 1942 se
931 1915 1023 1942 scabit.
1038 1915 1071 1942 Et
1086 1915 1132 1943 lib.
1148 1923 1175 1948 ι,
1185 1923 1244 1950 cap.
1260 1915 1296 1942 25
1308 1923 1314 1940 z
1328 1915 1492 1943 Fleniculum
1507 1916 1675 1943 nobilitat-en:

890 1967 1017 1996 serpentes
1037 1966 1153 1996 gustatu,
1169 1967 1197 1988 ut
1213 1962 1280 1994 dixi,
1295 1968 1426 1989 senectam
1442 1962 1568 1993 cauendo,
1582 1962 1674 1989 oculo-

890 2017 997 2044 rumque
1013 2010 1094 2035 aciem
1109 2017 1185 2035 succo
1202 2009 1258 2042 ejus
1282 2008 1430 2043 refovendo.
1451 2009 1609 2036 Aristoteles
1632 2012 1674 2034 ta-

890 2061 969 2084 men,
987 2053 1035 2080 lib.
1050 2061 1096 2080 vin
1114 2052 1150 2079 lle
1168 2053 1230 2080 Itisl.
1255 2054 1336 2080 anim.
1348 2074 1356 2086 ,
1378 2061 1438 2088 cap.
1457 2054 1506 2086 l'I,
1521 2054 1627 2080 videtur
1646 2053 1684 2080 in'

890 2106 921 2125 ca
939 2106 1000 2125 esse
1015 2099 1150 2126 sententia
1161 2118 1168 2130 ,
1191 2099 1213 2126 si
1231 2105 1304 2126 recte
1320 2099 1380 2133 ejus
1400 2098 1481 2126 verba
1496 2099 1675 2126 consideren-

891 2148 952 2176 tur,
966 2144 1092 2171 videlicet
1111 2149 1251 2179 serpentes
1266 2152 1321 2171 non
1337 2153 1398 2172 esse
1412 2153 1499 2172 caecos
1516 2154 1522 2171 ε
1544 2144 1592 2172 sed
1611 2144 1675 2179 quia

69 2186 116 2215 tur,
127 2186 169 2219 qui
185 2194 248 2213 cum
263 2186 343 2213 reniti
355 2194 409 2213 nou
427 2186 512 2220 possit
525 2186 720 2220 perrumpitur,
733 2189 759 2212 et
773 2193 839 2212 acus

892 2193 971 2227 pellis
981 2192 1026 2219 illa
1038 2192 1095 2219 sive
1107 2195 1216 2220 senecta
1228 2192 1344 2226 primqu
1360 2191 1513 2218 detrahitur
1528 2192 1562 2218 ab
1575 2192 1674 2223 oculis,

68 2231 170 2259 marina:
186 2232 310 2267 exemplo
326 2231 490 2266 persuadere
506 2236 629 2262 conatur,
641 2239 702 2265 quae
717 2231 781 2265 quia
793 2238 839 2257 ca-

69 2282 152 2309 pacem
163 2279 252 2306 alvum
268 2286 321 2305 non
333 2279 433 2305 habent
446 2278 572 2305 similiter
582 2277 736 2304 alliciuntur
750 2285 765 2304 a
781 2278 839 2304 suis

69 2321 170 2351 fetibus.
182 2324 297 2357 Plinius,
315 2325 333 2351 l.
347 2324 392 2351 d.:
411 2324 501 2351 Tertia
512 2324 553 2351 die
568 2325 639 2350 intra
650 2329 753 2350 uterum
765 2328 840 2350 catu-

69 2365 103 2393 los
116 2369 243 2402 excludit,
260 2369 353 2396 deinde
373 2369 490 2404 singulos
512 2368 601 2396 diebus
622 2368 732 2402 singulis
757 2368 838 2402 parit,

68 2413 150 2446 νίθίηιὶ
170 2416 222 2449 [ονε
236 2424 354 2443 numero.
370 2415 463 2450 Itaque
477 2415 567 2441 ca'tcri
597 2413 732 2440 tarditatis
746 2414 840 2447 impa—

70 2460 151 2488 tientes
165 2467 334 2496 perrumpunt
351 2462 436 2488 latera
452 2462 538 2488 occisa
551 2465 668 2494 parente.
680 2460 839 2487 Aristotcles

69 2508 160 2539 lamen,
177 2509 213 2536 De
231 2510 292 2536 hist.
308 2509 403 2539 auim..
420 2508 466 2534 lib.
481 2515 512 2538 v,
527 2514 588 2541 cap.
605 2507 666 2538 ult.,
682 2506 761 2532 aliter
776 2513 839 2532 sen-

69 2551 97 2577 tit
116 2557 140 2580 et
159 2561 261 2583 narrat.
290 2555 405 2590 Ideoque
429 2555 463 2581 ab
482 2554 619 2589 aliquibus
641 2553 690 2580 hoc
714 2552 794 2580 sicuti
811 2556 839 2579 et

69 2597 175 2628 Primum
188 2601 221 2629 de
232 2603 385 2637 viperarum
398 2601 472 2628 coitu
488 2601 527 2627 uti
540 2600 693 2627 fabulosum
705 2598 837 2633 rejicitur.

70 2640 138 2670 Parit
151 2648 251 2674 catulos
276 2647 411 2674 obuolutas
427 2640 595 2673 'membrams
607 2665 614 2677 ,
630 2653 688 2680 qum
702 2645 780 2672 tertia
796 2644 839 2671 die

69 2694 224 2724 rumpuntur.
239 2692 373 2728 Contingit
387 2701 444 2720 vero
469 2700 656 2726 nonnunquam
669 2712 676 2724 ,
695 2696 723 2717 ut
743 2691 787 2726 qui
811 2691 838 2717 in

68 2738 134 2762 utero
155 2739 237 2766 adhuc
256 2744 318 2766 sunt
343 2739 445 2766 abrosis
472 2738 632 2765 membranis
655 2741 835 2772 prorumpunt.

69 2777 181 2815 Singulos
193 2785 283 2812 diebus
300 2786 411 2820 singulis
433 2785 521 2820 parit,
535 2784 623 2818 plures
636 2792 715 2819 quam
735 2784 836 2818 viginti.

71 2822 235 2857 Verissimum
252 2830 343 2866 itaque
358 2835 399 2858 est
420 2837 564 2865 superesse
585 2830 675 2864 partui
697 2836 747 2856 suo
764 2828 838 2862 vipc-

889 2238 953 2266 dum
965 2242 1112 2271 exuuntur,
1122 2239 1183 2266 ideo
1194 2238 1228 2266 iis
1236 2239 1280 2273 qui
1292 2245 1348 2265 rem
1360 2245 1412 2264 non
1427 2237 1579 2272 intelligunt
1591 2238 1675 2264 videri

889 2291 975 2311 caecos
990 2284 1152 2315 ﬁeri,"01av
1162 2284 1190 2310 δὲ
1206 2284 1342 2319 ἄρχωνται
1357 2282 1476 2309 ὲκδύνειν
1489 2283 1512 2308 οι
1526 2281 1612 2315 ὄφεις,
1623 2282 1676 2308 ἀπὸ

887 2330 941 2357 τῶν
960 2330 1105 2365 ὀφθαλμῶν
1121 2329 1283 2364 ἀφίστασθαι
1299 2329 1405 2364 πρῶτόν
1424 2336 1522 2362 φασιν,
1543 2327 1612 2354 ὥστε
1631 2328 1676 2354 δο-

888 2377 945 2402 κεῖν
965 2376 1087 2410 γίνεσθαι
1107 2375 1223 2410 τυφλοὺς
1244 2377 1300 2406 τοῖς
1322 2375 1358 2409 μὴ
1379 2373 1498 2400 συνιοῦσι
1523 2373 1554 2400 τὸ
1577 2373 1672 2404 πάθος.

888 2420 989 2448 Natura
1005 2416 1214 2456 perfectioribus
1228 2420 1391 2448 animalibus
1408 2419 1509 2450 invida.
1526 2420 1568 2446 sui
1583 2423 1672 2445 tamen

889 2467 917 2494 in
933 2468 1104 2502 serpentibus
1125 2467 1238 2502 prodiga
1267 2466 1446 2501 conspicitur.
1472 2464 1499 2491 Si
1529 2465 1572 2491 cui
1601 2464 1672 2491 enim

888 2514 930 2540 vel
948 2514 1115 2541 levissimum
1133 2513 1196 2547 quid
1211 2513 1236 2539 in
1253 2513 1348 2539 oculos
1363 2511 1501 2545 injeceris,
1514 2515 1612 2544 prmter
1625 2509 1671 2536 do—

889 2557 960 2584 lores
973 2557 1131 2588 immensos,
1140 2561 1166 2583 et
1177 2557 1320 2591 lacrymas,
1330 2564 1390 2591 quae
1398 2555 1529 2582 continuo
1540 2553 1671 2585 deﬂuunt,

888 2606 930 2629 est
953 2608 979 2629 et
1001 2602 1151 2637 periculum
1180 2602 1250 2633 illis,
1271 2610 1304 2629 ne
1334 2601 1428 2628 morbo
1449 2600 1558 2627 obnoxii
1581 2600 1672 2626 lumen

888 2647 1024 2675 amittant.
1038 2647 1116 2680 Quod
1132 2648 1156 2674 si
1174 2648 1319 2682 contigerit
1331 2667 1338 2679 ,
1357 2654 1491 2682 nusquam
1506 2646 1539 2673 all
1556 2646 1671 2680 primam

888 2694 961 2720 illam
986 2694 1071 2721 aciem
1089 2694 1195 2729 regredi
1207 2694 1308 2722 valent.
1325 2689 1503 2728 Serpentibus
1518 2693 1545 2720 id
1559 2699 1672 2720 conces-

888 2740 941 2771 sit,
955 2747 1071 2774 quorum
1087 2740 1182 2768 oculos
1198 2740 1220 2767 si
1237 2740 1411 2772 laceraveris,
1425 2740 1469 2766 alii
1484 2742 1671 2772 renascentur,

887 2790 914 2812 et
936 2785 1006 2812 idem
1029 2794 1090 2812 cum
1111 2786 1250 2821 prioribus
1266 2794 1366 2814 munus
1381 2786 1558 2821 praestabunt.
1575 2784 1672 2813 Notavi

888 2836 921 2856 ex
935 2828 1091 2860 Aristotele,
1106 2828 1143 2855 De
1157 2829 1219 2856 hist.
1239 2829 1332 2861 anim,
1349 2829 1395 2856 lib.
1415 2836 1451 2860 ιι,
1464 2835 1523 2860 cap.
1540 2827 1590 2859 17,
1607 2826 1671 2855 Evc-
