1897 3073
218 108 271 136 9Γῦ

864 107 987 135 LEONIS
1004 107 1140 135 ALLATII

1793 111 1840 139 964

217 168 274 194 nire
292 165 455 200 serpentibus
469 165 540 193 idem
556 165 624 201 quod
639 165 720 200 pullis
741 156 914 192 hirundinum
931 174 994 192 nam

1056 173 1105 196 τας
1114 171 1120 179 ι
1138 164 1256 196 καὶτοὺς
1271 165 1373 198 ἰδόντας
1385 167 1465 194 αὐτόν
1476 174 1481 180 ’
1492 168 1539 194 καὶ
1550 168 1591 195 ὅτι
1602 168 1656 194 τῶν
1670 167 1760 196 ἄλλων
1769 167 1842 200 ζώων

217 211 285 239 nulli
299 213 372 238 aiunt
380 219 390 243 ε
398 212 481 239 oculis
492 212 561 239 enim
572 216 720 245 serpentum
733 211 868 244 laceratis,
877 211 1002 238 subnasci

218 257 285 284 alios
297 257 413 292 referunt
422 265 432 289 ;
448 257 542 284 caudte
559 257 640 284 etiam
655 257 762 283 lacertis
783 261 860 292 atque
872 257 1001 291 serpenti-

217 303 265 329 bus
281 308 424 337 amputatw
441 308 625 330 renascuntur.
641 301 756 333 Plinius,
766 302 812 329 lib.
829 309 866 333 πί,
879 309 939 336 cap.
956 301 1001 334 57,

219 348 373 383 Serpentum
381 349 477 375 catulis
485 354 510 375 et
524 348 695 375 hirundinum
707 348 797 383 pullis,
807 348 829 374 si
844 348 902 381 quis
914 351 1001 379 eruat,

218 395 320 422 renasci
336 395 456 422 tradunt.

253 439 318 467 Ibid.
328 440 382 467 Kal
391 440 565 474 νηστεύσας
572 439 693 474 ἡμέρας.
707 439 878 468 Aristoteles.
888 438 924 465 De
938 439 1001 466 hist.

216 486 299 512 anim.
315 486 334 513 ι.
348 493 408 517 νιιι,
429 494 453 512 c.
472 486 498 518 Al,
515 485 560 512 diu
573 489 599 512 et
614 489 753 519 serpentes
769 488 796 511 et
807 484 952 519 phalangia
966 483 1003 511 vi-

217 539 279 558 vere
301 539 380 567 posse
399 531 458 558 sine
477 531 538 558 cibo
568 530 693 561 allirmat,
712 529 784 565 quod
804 537 836 556 ex
861 529 906 561 iis,
932 537 1002 564 quos

216 577 432 612 pharmacopolae
456 577 532 603 alunt
547 577 720 611 perspicuum
744 580 796 603 est.
823 576 1000 611 Epiphanius,

172 638 175 640 -
216 623 243 650 in
264 623 382 658 Pliysiol.
398 631 423 650 c.
436 623 489 649 i3:
507 623 591 649 Ὅταν
607 622 745 658 γηράσκῃ,
762 623 942 657 ἁμϐλύνονται
955 622 1003 648 αὺ-

215 668 261 695 τοῦ
278 669 302 694 οἰ
317 668 460 704 ὀφθαλμοὶ,
476 669 522 694 καὶ
538 667 585 694 ἐὰν
609 668 765 700 ἀνανεάζειν
787 666 881 694 ἑαυτὸν
903 668 1001 704 βούλη-

213 723 269 745 ται,
283 714 406 749 νηστεύει
419 714 525 749 ἡμέρας
539 714 751 749 τεσσαράκοντα,
762 714 814 745 ἕως
828 714 860 740 ἂν
873 715 904 741 τὸ
916 714 1002 750 δέμας

215 760 297 786 αὑτοῦ
324 760 466 795 χαυνωοῇ,
487 760 534 786 καὶ
557 760 680 795 εὑρίσκει
709 760 821 795 πέτραν,
845 761 892 788 καὶ
917 763 1002 797 ῥαγαο

214 806 353 833 δαστεύειι
375 805 516 842 προκύψας
532 806 560 832 δὲ
579 805 622 832 διὰ
645 806 693 841 τῆς
707 806 776 842 ὀπῆς
791 807 900 834 ὠθεῖται
916 807 1001 843 περά-

215 859 271 882 σαι,
297 851 343 877 καὶ
366 851 490 878 ἐκϐάλλει
516 850 546 877 τὸ
569 851 675 886 γῆρας,
702 852 749 878 καὶ
772 852 918 880 ἀποϐαλὼν
936 853 1001 880 αὺτό

213 897 354 932 τερπωλὴν
373 897 486 933 παρέχει
504 897 662 928 νεανίσκων.

251 942 329 975 lbid.,
345 943 394 970 lin.
411 943 453 970 10.
481 943 537 969 Καὶ
552 943 719 978 εἰσέρχεται
733 945 777 977 εὶς
789 945 857 979 par.
884 944 1001 980 Serpen-

213 993 256 1016 tes
271 995 406 1017 senectam
428 998 527 1017 exuere
551 990 676 1017 scribunt
689 990 860 1024 Aristoteles,
878 992 916 1019 De
936 992 998 1020 hist.

213 1034 294 1062 anim.
321 1035 366 1062 lib.
393 1043 452 1065 νιιι,
474 1043 498 1062 c.
519 1035 567 1068 l7;
586 1035 721 1068 lElianus,
746 1036 763 1064 l.
779 1045 817 1069 ix,
833 1045 858 1065 c.
884 1039 934 1072 16;
953 1038 1000 1065 Ni-

213 1081 326 1111 cander.
352 1080 380 1107 in
408 1080 558 1113 Tlteriacis;
586 1082 733 1117 Virgilius,
763 1090 782 1110 ιι
809 1083 901 1118 Georg.
929 1089 956 1112 et
979 1093 999 1111 ιι

212 1125 341 1158 Αζηεὶά.;
361 1125 485 1158 Nonnus,
502 1127 679 1162 Dionysiacon
703 1129 720 1154 l.
739 1137 798 1162 xu;
817 1129 955 1160 Simmias,
972 1131 999 1157 in

212 1170 294 1203 Ala.;
313 1170 448 1198 Theodor.
474 1172 492 1199 Ι.
510 1179 517 1198 1
536 1172 712 1206 Tlterapeut.,'
733 1173 848 1205 Plinius,
866 1175 883 1201 l.
897 1183 957 1206 vm,
972 1183 997 1203 c.

210 1217 246 1243 27
260 1217 383 1251 :IAngm's
398 1217 512 1252 ltyberno
528 1218 581 1244 situ
598 1218 748 1245 membrana
760 1221 876 1254 corporis
887 1221 999 1247 obducta

211 1262 328 1296 feniculi
343 1271 420 1289 succo
436 1263 648 1296 impedimentum
670 1264 737 1290 illud
754 1265 835 1296 exuit,
849 1265 999 1300 nitidusque

211 1313 312 1335 vernat.
338 1307 419 1335 Exuit
433 1313 520 1334 autem
538 1317 554 1334 a
573 1309 657 1342 capite
677 1309 803 1343 primum,
821 1319 867 1337 nec
888 1311 998 1339 celerius

211 1363 290 1390 quam
307 1363 357 1381 una
371 1354 423 1385 die,
440 1363 471 1381 ac
488 1360 561 1381 nocte
577 1354 716 1388 replicans.
731 1361 759 1382 ut
772 1364 846 1384 extra
859 1359 907 1392 ﬁat
918 1366 999 1385 mem-

212 1400 307 1430 brana,
333 1399 401 1433 quod
427 1399 513 1433 fuerat
537 1400 625 1431 intus;
652 1399 751 1433 Horus,
769 1401 786 1428 l.
813 1409 831 1433 ι,
857 1410 881 1429 c.
898 1402 925 1429 2.
944 1401 998 1430 Nec

213 1445 300 1479 parcit
321 1444 371 1470 hac
387 1444 414 1471 in
432 1452 461 1471 re
483 1444 610 1471 Cardano
632 1443 762 1480 Scaliger,
780 1454 870 1474 exerc.
889 1447 948 1479 189,
968 1456 995 1476 n.

213 1490 241 1522 5,
260 1490 307 1518 sed
325 1497 435 1517 causam
455 1489 599 1517 adductam
616 1499 699 1526 quare
711 1497 850 1527 Serpentes
870 1499 996 1521 senectu-

212 1539 266 1562 tem
295 1539 396 1562 exuant
425 1539 536 1570 propter
563 1535 713 1563 siccitatem
738 1537 870 1564 duntaxat
899 1538 996 1566 refellit

210 1581 334 1615 exemplo
350 1581 495 1613 stellionis,
512 1581 556 1615 qui
571 1589 626 1608 non
643 1585 685 1609 est
710 1582 802 1610 siccus
820 1587 847 1610 et
868 1584 953 1616 exuit,
971 1588 997 1612 et

211 1628 339 1654 arborum
362 1627 520 1659 sicciorum,
536 1628 582 1662 qui
602 1628 730 1656 corticem
753 1629 856 1656 nullum
872 1634 995 1665 mutant;

211 1674 415 1705 cantharidum,
431 1681 492 1709 qua:
507 1674 577 1701 inter
591 1674 695 1701 insecta
707 1675 867 1702 siccissimas
880 1680 954 1708 sunt,
970 1680 997 1704 et

210 1721 339 1748 cimicum
358 1721 519 1752 volantium,
535 1727 604 1755 quos
621 1720 679 1755 ipse
699 1728 728 1748 se
744 1722 839 1757 igneos
854 1727 996 1757 expertum

211 1773 273 1793 esse
291 1766 401 1793 fatetur.

247 1811 328 1842 Ibid,
346 1811 395 1839 lin.
410 1811 454 1839 15.
466 1813 558 1839 Ὅταν
574 1813 608 1840 δὲ
625 1813 754 1847 διψήσῃ.
770 1812 808 1841 De
819 1814 921 1848 vipera,
936 1821 996 1848 quae

209 1865 344 1884 Venerium
368 1858 477 1892 exspuit
494 1859 557 1886 dum
579 1867 640 1886 eum
662 1867 782 1886 muraena
808 1860 993 1894 congreditur,

210 1903 280 1931 idem
289 1905 413 1930 scribunt
424 1905 564 1939 Oppianus
577 1905 703 1932 Ἀλιευτ.
714 1913 722 1932 l
733 1915 740 1939 ;
752 1905 828 1934 Phile
837 1906 865 1933 in
872 1905 994 1939 Iambis;

209 1948 328 1975 Achilles
344 1948 449 1979 Tatius,
468 1954 495 1976 et
514 1950 570 1977 alii.

244 1993 325 2025 lbid.,
345 1995 392 2021 lin.
410 1995 454 2022 i9.
470 1995 501 2022 '0
517 1995 551 2022 δὲ
562 1996 747 2030 βασιλίσκος
759 1997 814 2024 ἱόν.
832 1998 993 2026 Basiliscum

208 2043 236 2066 et
246 2039 345 2066 olfactu
363 2044 514 2071 nouantem,
532 2045 558 2067 et
573 2042 708 2069 hominem
722 2043 744 2070 si
759 2043 873 2078 aspiciat
887 2048 992 2071 tantum

209 2085 365 2114 interimere
382 2087 449 2113 dicit
471 2086 586 2118 Plinius,
606 2088 652 2114 lib.
670 2097 744 2122 xxut,
760 2097 820 2124 cap.
843 2090 871 2122 4,
894 2091 922 2117 in
938 2099 993 2126 quo

208 2131 268 2158 loco
294 2139 343 2166 pro
368 2132 478 2166 olfactu,
506 2133 595 2168 afflatu
619 2135 791 2162 restituerem
807 2143 840 2163 ex
853 2138 991 2164 communi

1053 209 1081 236 εἴ
1094 219 1119 236 τι
1137 210 1182 237 καὶ
1198 211 1295 245 ἅψαιτο
1318 212 1364 237 τοῦ
1390 212 1458 244 (tito-3
1476 213 1638 249 ἀνηρμένου,
1655 214 1704 241 καὶ
1719 214 1785 240 αὐτὸ
1799 223 1840 241 τε-

1053 255 1134 291 λευτᾷ
1147 255 1258 288 εὐθέως,
1273 265 1320 283 και
1333 257 1376 284 διὰ
1389 257 1468 285 τοῦτο
1485 260 1539 286 πᾶν
1556 259 1638 286 αὑτοῦ
1654 260 1686 287 τὸ
1700 260 1780 294 γένος
1790 261 1841 287 τῶν

1052 301 1138 328 ἄλλων
1161 301 1263 336 θηρίων
1287 303 1371 336 ἐγγὺς
1395 301 1464 330 εἶναι
1480 304 1652 339 φυλάττεται.
1678 305 1783 333 Eadem
1801 314 1841 334 re-

1054 346 1107 373 fert
1123 345 1224 379 Hortis,
1248 347 1294 374 lib.
1321 356 1340 379 ι,
1359 356 1419 383 cap.
1436 349 1463 381 1,
1488 353 1515 377 et
1535 350 1581 377 lib.
1603 358 1632 383 ιι,
1650 359 1711 386 cap.
1728 351 1781 384 61;
1797 352 1840 378 Al-

1052 392 1147 420 bertus
1169 393 1291 428 Magnus.
1308 394 1354 421 lib.
1371 402 1424 421 xxv
1438 394 1476 421 De
1490 397 1584 428 auim.,
1595 398 1736 424 nominum
1753 397 1840 424 diver-

1052 438 1132 466 sitate
1155 439 1295 473 deceptus,
1312 440 1468 468 basiliscum
1481 442 1698 476 congeminando
1720 443 1790 471 duas
1807 444 1838 470 il-

1052 483 1105 511 lius
1133 484 1238 518 species
1277 485 1400 514 diversas
1425 487 1582 520 constituit;
1620 488 1756 523 siquidem
1785 489 1837 517 duo

1052 529 1140 562 capita
1168 529 1242 561 facit,
1262 530 1377 558 alterum
1394 531 1427 558 de
1454 532 1590 566 basilisco,
1608 534 1725 561 alterum
1741 535 1775 562 de
1799 543 1840 561 ar-

1051 581 1140 601 mene.
1153 574 1292 603 Avicenna
1304 576 1421 610 dubitat,
1434 578 1505 606 sitne
1516 578 1586 606 idem
1601 588 1715 614 serpens
1729 588 1838 609 armene

1053 627 1115 646 cum
1132 620 1271 653 basilisco,
1297 623 1339 649 vel
1355 623 1490 652 diversus.
1516 624 1645 652 Nicolaus
1668 625 1838 655 Leonicenus

1053 673 1191 693 armenem
1207 671 1234 694 et
1248 667 1406 696 basiliscum
1422 670 1529 697 unicam
1539 679 1600 698 esse
1612 673 1732 706 speciem
1750 678 1777 700 et
1787 681 1838 700 non

1052 712 1122 740 duas
1137 714 1230 741 multis
1254 716 1423 750 argumentis
1448 723 1479 743 ac
1500 718 1653 746 rationibus
1669 720 1777 753 probat,
1798 727 1838 747 re-

1052 756 1174 793 fellitque
1199 759 1350 791 Albertum,
1367 765 1394 787 et
1416 761 1593 794 Avicennam,
1614 767 1641 790 et
1654 764 1836 798 quorumdam

1052 804 1166 831 aliorum
1183 805 1350 840 opinionem,
1364 807 1411 842 qui
1433 815 1570 836 armenem
1586 817 1671 836 unum
1688 818 1752 837 cum
1766 816 1838 838 cato-

1018 838 1038 867 Β
1052 850 1131 885 blcpa
1154 838 1509 889 constituebant.-Decepti,
1529 859 1557 881 ut
1572 859 1649 889 puto,
1676 857 1837 884 auctoritate

1052 896 1143 929 Plinii,
1167 898 1213 932 qui
1234 898 1280 925 lib.
1303 907 1362 930 vtu,
1379 900 1460 935 capit.
1478 900 1522 932 2i,
1540 901 1588 933 ait,
1606 903 1836 937 quemadmodum

1051 942 1221 975 basiliscum,
1234 944 1270 970 ita
1284 947 1311 971 et
1325 945 1493 980 catoblepam
1506 946 1547 973 vel
1558 947 1616 974 solo
1625 952 1739 982 aspectu
1753 948 1837 974 homi-

1051 996 1100 1015 nes
1129 992 1211 1023 atque
1227 990 1280 1016 alia
1294 991 1421 1018 animalia
1434 992 1598 1020 interimere.
1618 993 1698 1021 Mons
1713 994 1776 1021 item
1792 995 1835 1029 qui

1050 1032 1191 1068 Narsingte
1218 1042 1330 1070 regnum
1357 1035 1455 1062 dividit
1479 1044 1494 1063 a
1511 1036 1656 1073 Malabaris
1674 1039 1775 1066 multas
1791 1039 1836 1066 alit

1051 1079 1134 1112 feras,
1152 1080 1222 1107 inter
1237 1089 1305 1115 quas
1319 1082 1406 1110 alatos
1422 1091 1525 1118 angues
1544 1084 1692 1112 arboribus
1706 1085 1836 1113 insi5ten-

1051 1128 1104 1156 tos,
1121 1133 1190 1159 quos
1206 1126 1283 1153 aiunt
1304 1129 1363 1155 solo
1379 1129 1485 1161 ullintu,‘
1499 1130 1542 1158 vel
1566 1131 1648 1158 etiam
1665 1132 1774 1164 obtutu,
1791 1141 1835 1160 eos

1050 1171 1095 1205 qui
1123 1173 1235 1206 propius
1261 1173 1395 1201 accedunt
1420 1175 1581 1204 interﬁcere.
1608 1177 1699 1205 Julius
1716 1178 1835 1213 Scaliger

1050 1216 1076 1242 in
1094 1215 1259 1251 Cardauum,
1278 1221 1390 1246 exercit.
1403 1220 1464 1248 249.
1481 1221 1573 1254 refert,
1588 1231 1617 1250 se
1643 1223 1743 1258 legisse
1765 1225 1833 1259 apud

1050 1263 1214 1290 recentiores
1227 1263 1318 1292 Romae
1328 1264 1418 1293 Leone
1429 1268 1556 1301 pontilice
1572 1269 1691 1295 maximo
1705 1269 1739 1296 ad
1752 1271 1832 1297 eadem

1048 1307 1139 1336 Luciae
1158 1310 1209 1337 sub
1225 1311 1327 1338 fornice
1341 1312 1507 1340 stabulatqu
1523 1322 1584 1342 esse
1600 1314 1772 1347 basiliscutn,
1789 1324 1834 1343 cu-

1046 1354 1093 1389 jus
1108 1356 1197 1383 alllatu
1216 1365 1311 1391 magna
1329 1358 1372 1384 lue
1389 1358 1484 1386 aﬂ'ccta
1503 1359 1590 1388 Roma
1606 1361 1705 1393 ‘fuerit,
1720 1370 1833 1397 eumque

1049 1399 1121 1427 illico
1150 1401 1286 1435 pontiﬁcis
1315 1403 1441 1437 precibus
1462 1405 1639 1433 exstinctum.
1673 1405 1832 1434 Basiliscum

1048 1454 1103 1473 non
1119 1447 1252 1475 incantari
1268 1452 1394 1476 testatum
1406 1454 1447 1477 est
1456 1450 1543 1478 sacris
1553 1450 1663 1479 Litteris
1677 1463 1683 1479 :
1696 1451 1763 1480 Ecce
1777 1462 1832 1488 ego,

1048 1492 1132 1527 inquit
1150 1493 1288 1526 Dominus,
1301 1495 1403 1522 mittam
1421 1496 1491 1523 vobis
1505 1504 1633 1532 serpentes
1647 1501 1763 1535 regulos,
1777 1503 1833 1537 qui-

1048 1537 1094 1564 bus
1108 1547 1158 1565 non
1168 1544 1207 1566 est
1221 1540 1375 1574 inmutatio,
1385 1547 1409 1569 et
1421 1544 1573 1570 mordebant
1587 1547 1656 1572 cos‘.
1674 1546 1745 1579 Quin
1754 1549 1832 1575 etiam

1047 1583 1156 1618 quidam
1173 1585 1512 1616 credideruntbasiliscum
1531 1589 1735 1620 incantamenta
1746 1593 1832 1622 discu-

1047 1636 1113 1661 tere.
1131 1637 1158 1660 et
1173 1633 1208 1660 ab
1223 1634 1266 1661 his
1284 1635 1340 1669 jam
1359 1641 1455 1671 captos
1471 1639 1540 1666 alios
1564 1645 1707 1674 serpentes
1724 1642 1791 1670 solvi
1807 1648 1832 1670 et

1047 1677 1168 1706 Rberari,
1192 1679 1285 1707 Obiter
1307 1681 1427 1708 notanda
1442 1687 1484 1710 est
1508 1684 1551 1711 hic
1567 1685 1715 1721 Augustini
1743 1688 1831 1725 Eugu-

1045 1724 1103 1751 bini
1126 1727 1272 1759 sententia,
1300 1728 1346 1762 qui
1370 1729 1397 1755 in
1420 1728 1584 1764 Cosmopteia
1610 1738 1766 1768 serpentem
1788 1724 1831 1771 qui

1045 1769 1129 1797 Evam
1154 1771 1259 1808 decepit
1288 1773 1374 1802 fuisse
1398 1775 1558 1804 basiliscum
1580 1785 1684 1811 censet,
1708 1787 1739 1809 ut
1762 1769 1831 1810 sicut

1045 1815 1180 1848 diabolus,
1196 1820 1241 1853 qui
1257 1821 1372 1848 tentavit
1387 1821 1482 1855 Evam,
1499 1824 1627 1859 princeps
1642 1826 1732 1855 fuisse
1745 1830 1832 1856 credi-

1045 1865 1090 1888 tur
1107 1863 1270 1897 (ltetuonum,
1287 1865 1323 1892 ita
1344 1874 1410 1895 usus
1427 1868 1462 1895 sit
1483 1873 1512 1895 ut
1529 1878 1632 1904 organo
1648 1879 1681 1898 eo
1696 1879 1830 1908 sarpente,

1045 1908 1092 1942 qui
1123 1909 1245 1936 omnium
1274 1916 1431 1946 serpentum
1466 1918 1595 1949 tanquam
1625 1925 1673 1944 rex
1706 1919 1830 1948 habetur.

1045 1952 1123 1980 llunc
1138 1962 1201 1981 vero
1218 1963 1279 1983 esse
1301 1957 1471 1989 basiliscum,
1488 1964 1514 1987 et.
1537 1969 1636 1988 nomen
1657 1963 1747 1998 ipsum
1765 1966 1831 1992 indi-

1044 2004 1098 2030 cat.
1114 2005 1140 2027 et
1163 2009 1223 2036 qlue
1247 2003 1280 2030 de
1308 2003 1461 2032 incredibili
1486 2007 1546 2041 ejus
1571 2008 1606 2035 ad
1632 2011 1787 2039 nocendum
1805 2014 1829 2040 νή

1043 2044 1147 2072 Plinius
1161 2050 1187 2073 et
1203 2046 1313 2075 Solinus
1331 2050 1451 2078 tradunt.

1080 2091 1160 2125 lbid.,
1176 2093 1222 2120 lin.
1239 2094 1283 2120 22.
1307 2095 1475 2129 Ἰστοροῦσι
1487 2097 1521 2124 δὲ
1537 2100 1639 2127 αὐτόν.
1657 2100 1790 2138 Origenes
1803 2104 1828 2131 in

1043 2141 1138 2164 catena
1162 2138 1253 2166 Graeca
1271 2140 1298 2166 in
1324 2140 1434 2174 Jerem.,
1451 2151 1511 2178 cap.
1527 2145 1561 2171 49
1577 2155 1583 2172 :
1598 2146 1653 2173 Kal.
1675 2148 1755 2182 ὄφεις
1778 2150 1831 2185 γὰρ

207 2181 350 2204 auctorum
378 2179 524 2210 sententia,
549 2180 595 2214 qui
624 2180 713 2208 alllatu
737 2189 816 2209 suum
831 2183 906 2210 virus
933 2183 990 2210 cir-

1047 2183 1176 2216 ἱοϐόλὶους
1199 2186 1432 2220 εὶκατακλείσεις,
1457 2190 1517 2224 ὕψει
1535 2192 1599 2223 τοὺς
1627 2179 1753 2226 ἀσθενεῖς

207 2231 399 2258 ctunspargere
413 2225 519 2256 dicunt,
534 2229 561 2252 et
577 2226 664 2260 ipsius
681 2226 758 2254 Plinii
776 2228 876 2259 verbis.
898 2229 915 2255 l.
931 2237 991 2259 vin,

207 2276 232 2295 ε.
249 2268 280 2295 2i
294 2279 300 2296 :
313 2268 408 2297 Eadem
421 2275 444 2297 et
460 2270 578 2298 basilisci
590 2272 716 2305 serpentis
731 2277 770 2299 est
787 2273 834 2300 vis.
847 2273 993 2308 Cyrenaica

206 2313 273 2340 hunc
286 2319 390 2348 generat
410 2316 556 2349 provincia,
578 2325 615 2343 xtl
640 2325 691 2343 non
710 2318 824 2352 amplius
848 2319 991 2353 digitorum

206 2359 394 2393 magnitudine,
412 2362 526 2389 candida
550 2363 576 2389 in
593 2364 678 2397 capite
694 2365 809 2396 macula,
835 2370 862 2391 ut
877 2366 991 2401 quodam

204 2404 353 2432 diademate
374 2407 510 2441 insignem.
536 2408 620 2434 Sibilo
644 2417 731 2435 omnes
750 2410 826 2444 fugat
849 2417 989 2445 serpentes,

204 2459 250 2478 nec
270 2452 340 2486 flexu
358 2454 497 2488 multiplici
512 2459 540 2481 ut
563 2455 670 2489 reliquie
691 2465 785 2491 corpus
808 2457 929 2491 impellit,
944 2458 990 2485 sed

203 2497 288 2524 celsus
307 2503 331 2524 et
353 2504 453 2526 erectus
477 2500 503 2526 in
527 2501 611 2527 medio
627 2502 756 2528 incedens.
784 2501 867 2529 Necat
883 2503 990 2536 frutices

204 2551 254 2569 non
272 2548 405 2571 contactos
421 2545 508 2576 modo,
533 2554 620 2573 verum
642 2553 667 2574 et
691 2547 792 2582 aﬂlatos
806 2556 815 2574 :
828 2549 915 2575 exurit
931 2549 990 2576 lter-

202 2586 271 2614 bas:
287 2591 384 2623 rumpit
400 2598 478 2622 saxa,
502 2591 563 2618 talis
580 2592 617 2619 vis
632 2593 702 2619 malo
722 2598 770 2620 est.
793 2593 923 2627 Galenus,
940 2595 987 2622 lib.

203 2632 242 2659 De
256 2633 383 2661 Theriaca
398 2635 431 2662 ad
456 2636 581 2663 Pisonem
598 2647 604 2664 :
630 2637 658 2664 '0
673 2638 722 2672 μὲν
746 2638 800 2673 γὰρ
822 2638 987 2673 βασιλίσκος.

204 2678 282 2705 Ἐστι
299 2679 352 2715 γὰρ
374 2680 404 2706 τὸ
418 2680 510 2716 θηρίον
524 2683 682 2716 ὑπόξανθον,
700 2684 746 2711 καὶ
767 2685 814 2711 ἐπὶ
834 2687 867 2721 τῇ
884 2686 987 2722 κεφαλῇ

202 2726 276 2758 τρεῖς
301 2725 437 2761 ὑπεροχὰς
462 2727 541 2762 ἔχων,
566 2728 604 2760 ὣς
633 2738 725 2763 φασιν,
750 2731 791 2756 ὅτι
810 2731 856 2757 καὶ
881 2731 988 2766 ὁραθεὶς

203 2769 282 2805 μόνον
296 2772 343 2797 καὶ
358 2774 488 2808 cupitch
504 2775 645 2808 ἀχουσθεὶς
656 2777 762 2812 ἀναιρεῖ
776 2777 838 2809 τοὺς
851 2777 986 2804 ἀκούσαν-

238 2818 258 2833 ¹⁵
274 2817 374 2846 Jerem.
393 2828 451 2854 vui,
468 2821 511 2848 l7.

1044 2229 1097 2255 τῶν
1115 2230 1306 2267 δυνατωτέρων
1320 2233 1374 2259 ἀπὸ
1387 2234 1466 2269 λιμοῦ
1481 2237 1717 2272 κατεσθιομένους,
1737 2242 1789 2272 ἕως
1801 2239 1829 2267 οὗ

1042 2275 1056 2300 ὁ
1071 2275 1178 2302 πάντων
1193 2277 1367 2312 ἰσχυρότατος
1378 2279 1533 2315 πληρωθεὶς
1548 2281 1601 2308 ὑπὸ
1613 2285 1668 2309 τῶν
1681 2285 1771 2318 ὄφεων
1785 2286 1828 2317 οὖς

1043 2321 1220 2356 κατεδήδοκεν
1243 2323 1257 2348 ὁ
1281 2323 1445 2359 καλούμενος
1471 2327 1582 2362 γένηται
1606 2329 1774 2363 βασιλίσκος,
1793 2332 1828 2358 ἱὸν

1042 2365 1111 2400 ἔχων
1136 2367 1168 2393 ὲκ
1191 2367 1275 2404 μόνης
1304 2369 1367 2401 Θέας
1399 2373 1571 2408 καρποφόρον
1597 2374 1707 2411 δένδρον
1738 2377 1828 2413 ξηραί-

1041 2420 1130 2439 νοντα.
1151 2411 1329 2447 Epiphanius,
1352 2415 1462 2443 Adverti.
1482 2416 1575 2445 lateres.
1598 2420 1646 2446 lib.
1665 2428 1685 2454 ι,
1705 2411 1780 2449 tom.
1794 2423 1826 2453 ll,

1042 2457 1138 2485 haeres.
1154 2458 1199 2490 22,
1217 2465 1310 2503 narrat
1326 2460 1397 2488 hanc
1413 2469 1428 2488 a
1452 2463 1592 2492 veteribus
1608 2465 1753 2495 historiam
1769 2476 1828 2503 pro-

1040 2503 1124 2531 ditam
1138 2513 1199 2532 esse
1215 2514 1222 2532 :
1240 2498 1308 2533 Cum
1322 2507 1409 2541 plures
1421 2508 1564 2544 aliquando
1578 2512 1685 2546 aspide:
1705 2515 1734 2541 in
1749 2498 1826 2542 unum

1040 2549 1120 2582 ﬁctile
1150 2558 1195 2578 uas
1221 2552 1362 2586 conjectte,
1391 2559 1415 2581 et
1432 2555 1458 2581 in
1475 2555 1655 2589 fundamentis
1670 2562 1826 2595 angulorum

1039 2600 1152 2628 quatuor
1167 2597 1292 2632 cujusque
1307 2599 1440 2626 idolorum
1469 2603 1559 2636 templi
1573 2604 1600 2630 in
1621 2604 1741 2641 .Eggpto
1756 2607 1826 2642 depo-

1039 2640 1098 2667 sin
1112 2646 1208 2673 essent,
1223 2650 1255 2669 ea:
1269 2644 1301 2670 iis
1316 2645 1452 2679 aspidibus
1462 2655 1520 2682 qua:
1531 2649 1627 2682 fortior
1642 2640 1741 2679 eratin
1760 2640 1825 2680 alias

1038 2690 1144 2721 invasit,
1163 2700 1258 2726 easque
1275 2694 1416 2725 devoravit.
1428 2704 1485 2730 quw
1495 2705 1555 2723 cum
1570 2698 1627 2725 sola
1647 2703 1823 2733 remansisset,

1037 2738 1124 2768 etquo
1140 2743 1167 2761 se
1182 2737 1262 2763 aleret
1277 2738 1381 2766 haberet
1404 2740 1479 2773 nihil,
1497 2741 1523 2767 in
1542 2751 1571 2769 se
1586 2744 1673 2777 ipsam
1690 2751 1788 2773 πίω-ια
1802 2752 1823 2773 el

1038 2786 1053 2804 a
1065 2779 1151 2806 cauda
1165 2781 1294 2814 paulatim
1308 2783 1434 2811 arrodens
1453 2791 1528 2819 parte
1539 2795 1567 2814 se
1576 2789 1749 2823 aliquatenus
1766 2800 1822 2819 cor-
