1897 3073
53 93 112 121 ’965

565 94 597 121 ΙΝ
618 92 805 122 EUSTATIIII
825 92 1063 121 HEXAIL’MERON
1084 93 1201 122 NO'I‘E.

1644 94 1696 123 966

61 153 130 187 poris
150 152 269 185 depasta
292 157 341 185 est,
365 151 429 179 adeo
451 157 545 178 utnon
566 151 680 185 amplius
694 152 795 184 integra
813 149 859 176 sed
873 151 896 179 Α
910 150 1021 185 signito,
1046 154 1123 185 tergo
1138 150 1265 182 caeruleo,
1285 150 1374 178 cauda
1395 150 1534 178 turbinata
1553 150 1634 186 atque
1651 153 1694 180 iu-

61 197 171 224 dimidia
206 197 252 223 sui
283 201 358 231 parte
381 197 505 223 mutilata
530 197 703 231 permanserit
725 204 733 222 :
756 195 855 222 idcirco

61 242 309 278 Aspidogorgonem
324 251 382 270 eam
397 243 577 277 appellarunt:
602 242 647 269 Sic
670 241 741 276 apud
772 240 855 275 Spar-

60 289 161 316 tianum
176 288 205 315 in
217 289 364 316 Antonino
379 289 437 321 Pio,
451 289 528 315 Visus
541 293 580 315 est
595 288 620 314 in
633 287 734 314 Arabia
743 287 854 322 jubatus

60 334 151 368 anguis
161 333 256 367 major
271 333 368 366 solitis,
380 335 424 369 qui
436 343 463 361 se
475 343 491 361 α
502 334 589 361 cauda
600 333 715 360 medium
730 333 851 360 comedit.

60 379 162 414 Saepius
176 387 223 406 me
240 380 354 407 memini
370 381 489 412 audisse,
509 385 535 408 et
547 381 645 415 vulgus
655 380 714 407 sine
730 381 785 407 ulla
798 380 854 408 bte-

58 425 185 453 sitatione
203 424 337 458 allii-mat,
353 425 509 452 basiliscum
532 426 609 453 nasci
622 433 654 452 ex
675 433 727 453 ovo
739 426 812 460 galli,
829 426 852 452 si

58 471 164 506 quando
191 478 207 497 a
230 471 343 503 rubeta,
367 479 414 499 seu
439 471 540 499 bul‘one
562 472 646 499 totum
672 472 717 499 sit.
737 471 808 498 Sane
825 471 852 498 id

59 518 114 545 sine
130 517 219 545 dubio
235 523 344 545 certum
359 522 411 549 est,
428 521 454 544 et
465 518 632 552 experientia
643 517 764 552 quotidie
777 517 853 544 vide-

58 570 115 589 mus
130 562 222 597 gallos
237 563 299 597 jam
316 566 394 590 nitate
412 562 536 590 defessos
549 571 612 590 cum
626 563 851 593 veneris.virium

61 608 263 639 imbecillitate.
298 616 387 643 neque
410 609 529 636 fructum
554 617 643 643 neque
664 617 741 636 usum
766 609 852 636 ullum

60 654 186 685 habeant,
202 662 292 681 ovum
306 661 411 688 parere,
425 654 576 681 orbiculata
587 646 687 690 Iligura,
704 655 796 682 colore
813 655 852 682 lu-

60 703 110 731 teo,
133 699 313 733 ﬂavescenti,
338 700 438 728 lurido.
466 700 498 727 Et
523 701 599 734 mihi,
632 701 695 727 dum
724 700 852 729 Lucaniae

58 754 140 776 eram.
155 751 306 774 ostensmn
324 747 383 779 fuit,
409 748 436 774 in
453 756 508 783 quo
524 753 622 782 praeter
644 748 727 776 hosce
744 749 851 776 colores

58 793 240 820 circumcirca
268 793 354 828 ﬁgura
365 796 488 828 quaedam
505 802 537 821 ex
555 794 657 821 cortice
669 795 727 822 ovis
749 795 849 822 exube-

59 847 119 867 rans
144 840 339 874 spectabatur,
365 845 493 874 tactuque
514 840 614 875 optime
637 840 850 875 dignoscebatur

57 885 138 912 variis
158 884 282 912 ﬂexibus
302 886 490 920 contortisque
511 886 584 920 gyris
607 885 635 913 in
661 886 774 913 formam
792 894 849 914 ser-

59 931 143 966 pentis
169 929 325 962 desinens,
348 931 517 965 relatumque
542 930 593 957 fuit
616 938 697 958 ovum
722 931 789 958 illud
815 939 849 958 ex

58 977 124 1012 gallo
138 980 251 1004 natum.
275 975 346 1010 Ἐγὼ
361 976 390 1002 δέ
407 984 448 1002 τοι
463 976 494 1002 οὺ
506 975 681 1011 ταχυπειθής,
698 983 740 1003 me
753 983 847 1003 eorum

58 1023 190 1050 inscitiam
206 1023 303 1049 mirari
319 1022 461 1056 dicebam;
477 1022 535 1049 ﬁeri
551 1022 624 1049 enim
642 1029 732 1057 posse,
749 1026 778 1049 ut
789 1023 848 1057 gal-

58 1068 97 1095 lus
118 1072 249 1102 pareret:
268 1067 307 1094 illi
333 1067 556 1102 reprehensionis
570 1068 741 1102 impatientes
755 1068 848 1103 plures

58 1113 195 1140 adducunt
211 1117 302 1141 testes
318 1114 378 1140 aliis
391 1113 470 1140 anuis
483 1113 508 1140 id
520 1114 602 1141 etiam
622 1114 759 1147 evenisse,
772 1118 798 1141 et
816 1114 849 1141 il-

57 1159 95 1186 los
109 1167 170 1187 esse
187 1163 278 1188 testes
291 1160 317 1186 in
336 1160 386 1186 hoc
401 1159 534 1190 oculatos,
547 1163 573 1186 et
589 1159 640 1186 [ide
654 1159 760 1194 dignos.
778 1159 847 1187 Dum

58 1206 142 1233 adhuc
158 1205 315 1239 obstarem,
333 1209 360 1232 et
383 1205 461 1240 quasi
484 1213 578 1232 eorum
598 1204 659 1232 ﬁdei
676 1209 848 1241 contemptor

58 1253 154 1279 abirem
172 1260 292 1280 aversus
303 1272 310 1284 ,
326 1252 492 1279 contrahunt
507 1257 620 1285 vestem,
636 1253 716 1287 vique
737 1257 846 1288 raptum

59 1302 165 1331 cogunt,
183 1303 214 1325 ut
239 1307 296 1326 una
321 1299 508 1334 procederem.
534 1298 603 1331 Quid
626 1299 762 1326 facerem?
781 1307 846 1334 pro-

58 1344 135 1376 cessi,
160 1347 277 1371 domum
304 1345 330 1371 in
356 1352 410 1379 quo
425 1345 513 1379 gallus
537 1349 606 1376 erat,
646 1345 800 1377 invisimus,
820 1348 847 1372 et

59 1397 132 1415 ovum
150 1389 225 1417 unde
242 1389 412 1416 abstulerant
434 1390 582 1424 deponunt.
598 1389 692 1418 Gallus
706 1391 752 1425 qui
774 1390 847 1418 vide-

59 1434 133 1461 batur
153 1436 253 1463 nescio
270 1435 407 1470 quomodo
426 1437 563 1464 turbatus.
578 1437 669 1463 statim
687 1437 779 1471 agnito
790 1436 845 1464 fetu

60 1480 198 1512 acclamat,
224 1482 356 1514 accurrit,
383 1485 473 1508 rostro
492 1481 570 1516 quasi
591 1481 766 1512 deosculans,
795 1482 846 1519 alis

60 1527 182 1560 expansis
211 1527 407 1562 superinsedit.
438 1527 619 1555 Discedimus.
642 1527 709 1554 Post
734 1527 845 1554 tertium

61 1571 126 1598 diem
143 1573 246 1600 accedo
263 1578 374 1601 vocatus
385 1582 391 1600 :
402 1573 490 1608 gallus
504 1580 584 1600 ovum
601 1573 718 1606 fovebat,
733 1573 785 1600 cibi
797 1579 846 1607 po-

61 1621 153 1652 tusque
169 1619 333 1652 immemor;
358 1627 497 1654 nunquam
519 1619 564 1646 illo
585 1618 675 1646 triduo
690 1619 786 1646 cistam
803 1627 845 1646 re-

62 1662 182 1697 liquerat.
211 1664 251 1692 Eo
276 1665 371 1698 ruinis},
401 1665 552 1699 baculoque
574 1664 687 1699 depulso
711 1672 791 1691 ovum
816 1664 845 1691 in

62 1708 193 1736 fornacem
213 1709 353 1744 abjicitur.
378 1709 491 1736 Pariunt
515 1710 607 1744 itaque
623 1709 697 1744 galli,
721 1712 748 1736 et
766 1709 844 1735 incu-

61 1753 131 1782 bant.
146 1754 251 1782 Verum
271 1763 305 1782 an
321 1763 353 1782 ex
375 1755 420 1781 illa
440 1750 614 1782 incubatione
639 1754 783 1782 basiliscus
803 1754 845 1788 εἰ-

61 1801 200 1834 gneretur?
225 1800 349 1828 Dicerem
370 1801 480 1836 aliquod
495 1801 606 1832 animal,
623 1800 705 1834 idque
726 1808 844 1827 veneno-

62 1851 117 1871 sum
131 1847 252 1881 prodire,
277 1854 340 1873 cum
363 1847 452 1882 putris
466 1847 511 1873 illa
530 1847 652 1878 materia,
668 1854 729 1881 qua:
747 1846 773 1872 in
792 1853 844 1873 ovo

62 1889 130 1924 latet,
153 1897 285 1920 concreta
301 1893 327 1919 id
349 1893 448 1920 habeat
472 1893 545 1927 quod
569 1892 670 1919 similia
698 1892 841 1926 producat,

62 1944 117 1970 qua
129 1942 155 1965 et
171 1939 238 1973 galli
255 1939 353 1972 halitu,
377 1939 417 1966 vel
433 1939 545 1965 alterius
565 1938 711 1965 animantis
727 1938 843 1964 animari

62 1989 136 2016 posse
153 1993 206 2012 uoti
223 1986 331 2017 dubito,
347 1989 376 2012 ut
390 1985 513 2012 videmus
530 1985 557 2012 in
574 1985 618 2016 iis,
633 1992 693 2019 qua:
707 1993 739 2011 ex
753 1984 842 2018 putri-

62 2028 101 2056 dis
124 2032 287 2066 corporibus
313 2036 490 2059 enascuntur.
517 2032 608 2064 Quare
635 2035 661 2058 et
687 2039 736 2058 sua
763 2031 842 2058 laude

63 2073 166 2109 dignum
181 2082 225 2105 est
234 2077 422 2113 Egyptiorum
439 2079 590 2109 inventum,
606 2078 651 2112 qui
668 2078 727 2104 ovis
742 2077 842 2104 Ibidem

62 2118 231 2156 insidiantur,
247 2129 409 2158 repertaque
424 2124 563 2158 frangunt,
580 2130 613 2150 ne
631 2123 742 2149 noxium
763 2123 842 2157 quid-

909 203 994 223 curva
1008 216 1015 227 ,
1042 196 1117 223 hiatu
1144 196 1270 230 rictuque
1293 197 1349 224 oris
1371 204 1421 232 pro
1437 197 1561 232 corporis
1578 206 1695 234 propor‘

906 242 980 269 tione
996 242 1140 269 immenso.
1159 241 1238 274 Quod
1254 242 1323 269 inter
1336 247 1477 277 serpentes
1495 245 1597 279 potius,
1611 249 1694 280 Quam

905 287 1050 316 basiliscos
1065 288 1236 315 referendum
1262 293 1314 320 est,
1337 295 1400 315 cum
1420 297 1469 317 nec
1486 290 1572 317 halitu
1598 297 1688 318 conta-

904 333 985 368 gione
1000 333 1129 366 alliciant,
1146 341 1196 361 nec
1212 337 1324 369 aspectu
1341 336 1609 364 necent'adorientes
1622 338 1693 370 agri~

904 380 989 413 colas,
1008 381 1033 407 ni
1050 381 1169 416 regionis
1191 381 1264 408 illius
1281 380 1367 415 frigus
1383 383 1509 416 aerisque
1532 388 1607 410 certa
1624 389 1690 411 tem-

903 427 993 462 peries
1007 434 1141 454 venenum
1158 427 1225 454 illud
1247 427 1284 454 ita
1301 434 1486 462 compescere,
1507 429 1693 465 impedireque

903 481 938 501 ne
957 473 1114 500 ell‘undatur
1138 473 1271 500 atlirmare
1285 472 1412 500 velimus.
1438 473 1517 506 Quod
1541 475 1568 502 in
1586 475 1693 504 adustis

902 519 1058 554 regionibus
1083 519 1304 554 torrentibusque
1325 527 1379 546 non
1396 519 1528 546 eveniret.
1540 519 1691 556 Oppianus,

903 562 951 589 lib.
976 570 983 589 I
1008 563 1119 590 Ἀλιευτ
1134 583 1141 596 ,
1158 563 1242 598 piscis
1264 562 1408 598 cujusdam
1434 564 1555 592 basilisci
1583 574 1693 595 nomine

903 609 1038 636 meminit.

938 654 1018 685 ibid.,
1035 654 1082 681 lin.
1099 654 1144 681 28.
1167 654 1221 682 Ἰὸν
1235 654 1314 688 ἔχων
1331 655 1479 689 χαλεπώτ.
1494 655 1531 683 Ea
1546 656 1628 691 hujus
1644 665 1692 685 ve-

902 699 966 726 neni
992 699 1044 732 vis,
1065 702 1096 725 ut
1121 706 1177 726 non
1203 699 1290 726 solum
1311 703 1386 727 tactu
1411 701 1547 734 absumat,
1567 702 1615 729 sed
1631 710 1691 729 eam

902 745 984 771 etiam
998 745 1080 771 rebus
1097 751 1112 771 a
1128 752 1157 772 se
1174 745 1345 779 consumptis
1361 746 1487 780 pcstii‘ere
1500 755 1598 782 repens
1617 749 1693 784 iuge-

904 795 955 822 rat,
972 791 1007 816 ita
1020 795 1049 816 ut
1068 794 1093 816 et
1110 790 1162 817 illae
1176 791 1259 817 etiam
1275 798 1410 818 venenum
1427 798 1559 827 spargant
1572 798 1600 820 et
1619 794 1690 821 inte-

902 836 1012 863 rimant.
1026 836 1142 868 Plinius,
1157 836 1205 863 lib.
1221 844 1280 869 vni,
1297 845 1358 872 cap.
1379 838 1410 865 21
1432 847 1439 865 :
1457 839 1592 866 Creditum
1606 848 1693 874 quon-

900 881 964 909 dam
985 890 1018 909 ea:
1041 890 1106 917 equo
1121 884 1206 909 occisa
1230 882 1319 916 hasta,
1336 888 1361 910 et
1380 892 1426 918 per
1440 893 1498 911 eam
1521 885 1646 912 subeunte
1667 887 1691 913 vi

901 937 953 955 non
973 929 1084 964 equitem
1105 928 1182 955 modo
1206 928 1252 955 sed
1279 937 1373 964 equum
1388 938 1488 965 quoque
1511 931 1689 967 absumptum.

901 975 1038 1007 Elianus,
1065 976 1113 1003 lib.
1136 984 1154 1003 ιι
1177 973 1300 1003 υελΙιίετ.
1318 977 1412 1008 anim.,
1429 985 1490 1010 cap.
1510 978 1536 1009 5,
1555 979 1586 1004 Et
1603 978 1631 1004 δὲ
1645 980 1692 1006 ἅν-

900 1021 1010 1055 θρωπυς
1031 1020 1141 1055 κατέχει
1167 1020 1275 1055 ῥάϐδον,
1293 1018 1351 1046 εἶτα
1366 1021 1468 1057 ταύτην
1479 1023 1583 1054 ἐκεῖνος
1607 1023 1688 1060 δάκῃ,

899 1065 1029 1101 τέθνηκεν
1041 1067 1055 1093 ὁ
1067 1066 1160 1102 κύριος
1176 1066 1227 1101 τῆς
1243 1066 1335 1100 λύγου.

937 1109 1017 1140 lbid.,
1045 1110 1092 1136 lin.
1119 1109 1163 1136 29.
1198 1110 1244 1143 Ὧς
1269 1111 1318 1137 καὶ
1347 1111 1405 1138 ἀπὸ
1429 1112 1535 1147 μόνου.
1558 1112 1689 1148 Superius

899 1154 1029 1187 diximus,
1047 1155 1206 1184 basiliscum
1221 1157 1281 1185 solo
1300 1158 1443 1185 oculorum
1465 1163 1576 1193 aspectu
1601 1161 1689 1187 homi-

898 1201 980 1229 nibus
1004 1210 1098 1229 necem
1124 1202 1235 1234 inl‘errc,
1260 1204 1344 1231 variis
1364 1204 1487 1231 historiis
1502 1205 1527 1231 id
1545 1205 1689 1233 referentia-

898 1247 959 1274 bus.
976 1247 1140 1275 Franciscus
1156 1248 1301 1280 Vallesius,
1317 1249 1356 1276 De
1372 1259 1449 1276 sacra
1466 1251 1616 1286 pliilasoplt?
1626 1260 1686 1287 cap.

898 1292 943 1326 68,
960 1293 1017 1320 haec
1032 1293 1156 1321 fabulosa
1172 1302 1234 1322 esse
1249 1295 1399 1328 contendit,
1414 1305 1464 1323 nec
1480 1305 1562 1332 posse
1589 1298 1687 1326 adduci

899 1343 929 1366 ut
947 1340 1050 1367 credat.
1066 1339 1143 1373 Quod
1165 1341 1268 1368 dictum
1289 1349 1371 1376 quam
1386 1343 1422 1370 sit
1443 1343 1470 1370 iu
1487 1345 1546 1370 viro
1568 1344 1688 1379 philoso-

898 1386 952 1420 pho
971 1387 1104 1421 ineptum,
1121 1395 1176 1415 non
1198 1393 1241 1415 est
1257 1396 1326 1423 opus
1344 1390 1437 1417 multis
1459 1395 1606 1425 explicare,
1623 1398 1687 1418 cum

898 1433 1050 1460 rationibus
1061 1437 1088 1460 et
1101 1435 1289 1469 expcrientiis,
1306 1443 1359 1462 non
1374 1437 1536 1471 pertinacia,
1548 1445 1601 1464 non
1616 1438 1688 1474 igna-

898 1477 940 1505 via
956 1479 985 1506 iu
1006 1479 1087 1506 rebus
1102 1481 1223 1516 physicis
1237 1482 1370 1516 agendum
1387 1483 1431 1510 sit.
1448 1482 1503 1510 Nec
1522 1483 1628 1511 videtur
1643 1492 1687 1511 sa-

899 1525 997 1559 pientis
1015 1526 1041 1553 id
1057 1534 1128 1559 esse,
1157 1526 1222 1554 dum
1250 1535 1280 1555 se
1305 1529 1418 1563 opponit
1442 1529 1587 1557 dillicultas
1603 1539 1685 1565 quam

897 1578 952 1598 non
968 1571 1104 1607 intelligit,
1120 1572 1193 1600 illico
1209 1577 1339 1608 tanquam
1356 1574 1491 1606 fabulosa,
1508 1583 1568 1610 quae
1580 1576 1614 1603 ab
1624 1576 1686 1603 aliis

896 1624 951 1644 uno
981 1624 1116 1646 consensu
1145 1618 1292 1652 dicuntur,
1323 1619 1445 1654 rejicere.
1482 1620 1535 1648 Sed
1564 1626 1593 1648 ut
1626 1622 1684 1648 ha-c

888 1664 1010 1704 lquaastio
1035 1664 1133 1692 habeat
1157 1665 1246 1692 lucem
1271 1666 1401 1700 aliquam,
1419 1668 1618 1695 consideranda
1643 1674 1685 1696 est

895 1717 978 1737 causa
1002 1718 1062 1745 qua:
1086 1710 1234 1738 Vallcsium
1259 1712 1383 1746 impulit,
1413 1718 1442 1739 ut
1467 1713 1524 1741 hac
1555 1718 1684 1749 tanquam

895 1752 963 1779 falsa
978 1750 1130 1780 damnaret.
1147 1753 1214 1780 Cum
1227 1753 1300 1781 enim
1326 1759 1418 1790 ageret
1437 1755 1471 1782 de
1489 1756 1683 1789 fascinatione,

895 1804 946 1824 nec
972 1805 1066 1825 eorum
1083 1798 1237 1833 opinionem
1257 1799 1338 1826 vellet
1359 1799 1513 1833 admittere,
1534 1802 1581 1836 qui
1601 1801 1684 1829 lasci-

894 1844 1032 1871 nationem
1043 1844 1099 1871 fieri
1114 1844 1242 1872 dicebant
1253 1846 1415 1873 exeuntibus
1426 1847 1535 1874 visoriis
1551 1848 1646 1879 radiis,
1657 1852 1684 1875 et

894 1897 955 1916 eum
971 1889 1014 1917 his
1030 1889 1129 1917 delerri
1147 1898 1262 1925 vapores
1271 1899 1431 1925 venenosos,
1441 1900 1501 1927 qua:
1516 1893 1609 1928 opinio
1625 1902 1681 1921 non

893 1935 1035 1963 videbatur
1049 1936 1087 1963 illi
1105 1937 1270 1970 communis,
1282 1938 1330 1965 sed
1345 1942 1450 1965 tantum
1462 1938 1680 1971 Platonicorum,

895 1988 929 2008 ne
946 1986 1098 2016 cogeretur,
1115 1983 1239 2017 quamvis
1253 1984 1310 2018 ipse
1321 1983 1348 2010 id
1363 1992 1417 2011 non
1435 1984 1562 2020 attingat,
1580 1987 1606 2012 in
1620 1994 1681 2013 eam

894 2028 933 2055 ire
958 2028 1131 2060 sententiam,
1151 2029 1175 2056 si
1198 2030 1321 2058 basilisci
1341 2038 1511 2058 vcnenosum
1540 2037 1681 2067 aspectum

893 2074 1065 2106 concederet,
1096 2073 1219 2102 fabulosa
1244 2083 1306 2103 esse
1321 2083 1380 2111 quae
1404 2076 1437 2104 de
1460 2077 1589 2105 basilisca
1612 2078 1681 2104 tanti

892 2119 944 2146 viri
971 2119 1143 2146 tradiderunt
1167 2121 1317 2149 contendit.
1342 2121 1419 2154 Quod
1440 2123 1564 2157 quamvis
1586 2128 1682 2151 contra

64 2167 128 2200 piam
137 2169 197 2198 inde
208 2171 296 2198 trahat
306 2171 448 2206 originem,
465 2171 532 2202 sive,
542 2170 840 2205 utipsiexistimabant,
858 2176 880 2203 ι)
895 2165 1048 2193 Aristotelis
1062 2166 1225 2193 sententiam
1238 2167 1332 2194 nescio
1349 2169 1488 2202 quomodo
1505 2168 1595 2196 facere
1609 2170 1680 2197 vide-

64 2211 210 2245 basiliscns.
243 2216 349 2244 Etenim
368 2225 428 2243 cum
444 2217 530 2244 ibidt'l
546 2221 703 2244 venatorum
719 2216 840 2243 venatio-

65 2259 138 2287 nibus
154 2262 300 2296 gaudeant,
325 2262 553 2297 serpentibusque
568 2261 757 2295 inferciantur,
774 2262 840 2289 nulli

64 2304 167 2334 dubium
184 2308 329 2344 aliquando
353 2317 387 2335 ex
409 2316 503 2336 eorum
519 2309 578 2335 ovis
601 2307 760 2343 pestiferum
775 2308 840 2344 quid

65 2353 237 2382 nasciturum.
262 2354 380 2382 Consule
404 2353 636 2389 Theophylactum
661 2354 838 2386 Simocatum,

65 2394 95 2427 Ω.
118 2403 184 2431 nat.,
200 2403 298 2435 quiest.
320 2399 363 2431 M,
387 2400 459 2434 Ποίῳ
480 2399 551 2434 λόγῳ
568 2398 603 2425 τὰ
630 2398 684 2425 τῶν
703 2398 782 2425 ἴϐεων
799 2398 840 2425 (bit

66 2442 237 2479 εὐχερέστατα
253 2445 375 2472 τίκτουσι
394 2445 567 2479 βασιλίσκους
583 2443 676 2479 ὄφεις
696 2445 782 2472 Aliam
798 2449 841 2472 ta-

65 2495 120 2516 men
133 2490 252 2519 basilisci
266 2491 465 2527 generationem
487 2495 583 2517 narrat
604 2491 647 2519 hic
669 2491 839 2518 Eustathius.

66 2533 192 2571 Quidquid
208 2542 297 2565 tamen
310 2539 355 2569 sit,
369 2537 492 2565 historici
509 2538 619 2565 tradunt
634 2538 695 2565 illos
711 2538 739 2564 in
749 2537 838 2564 Africa

65 2584 191 2616 generari,
205 2588 232 2612 et
251 2584 364 2611 torridis
382 2583 435 2611 illis
453 2583 611 2618 regionibus
632 2583 761 2611 nidulari.
786 2582 839 2611 Re-

68 2625 112 2654 fert
124 2627 238 2658 Levinus
247 2630 385 2661 Lemnius,
397 2629 435 2657 De
445 2632 540 2657 occult.
558 2635 614 2657 nat.
632 2631 726 2656 mirae.
737 2630 786 2656 lib.
801 2637 838 2663 Iv,

67 2679 119 2708 Cap.
136 2676 177 2709 l2,
195 2679 222 2704 in
245 2677 363 2705 Saxonia
387 2677 507 2705 basilisci
530 2677 667 2712 quoddam
689 2684 774 2712 genus
791 2676 839 2704 sil-

68 2723 148 2747 vestre
161 2723 260 2756 passim
286 2722 418 2758 conspici,
444 2718 532 2757 capite
554 2723 721 2753 acuminato,
747 2722 840 2749 colore

68 2760 137 2797 ﬂavo,
150 2768 315 2804 longitudine
330 2769 493 2801 dodrantali,
505 2768 634 2796 inusitata
644 2768 838 2801 crassitudine,

69 2815 152 2842 Veulre
173 2817 319 2849 maculoso,
344 2817 491 2852 multisque
515 2815 638 2844 candidis
664 2815 773 2851 punctis
796 2816 839 2843 in-

896 2215 949 2244 tur,
971 2215 1061 2238 tamen
1088 2219 1138 2238 nec
1161 2210 1361 2238 Platonicorum
1377 2213 1468 2247 opinio
1491 2214 1679 2246 conlirmatur,

894 2265 944 2285 nec
961 2257 1201 2293 Peripateticorum
1227 2257 1369 2285 refellitur.
1395 2259 1544 2287 Basiliscus
1563 2267 1681 2294 namque

894 2311 949 2331 non
966 2304 1113 2332 emissione
1127 2304 1277 2334 radiorum,
1290 2304 1390 2338 quibus
1409 2308 1538 2339 tauquam
1550 2306 1680 2333 vehiculis

894 2357 1028 2378 venenum
1052 2354 1080 2376 et
1099 2357 1171 2376 noxa
1188 2350 1244 2376 tiso
1260 2349 1408 2381 deferatur,
1428 2351 1476 2377 sed
1494 2351 1605 2378 humido
1617 2359 1680 2378 ocu-

894 2395 992 2428 lorum,
1008 2395 1036 2422 in
1052 2402 1106 2429 quo
1121 2399 1249 2429 tanquam
1268 2394 1392 2429 subjecto
1414 2403 1548 2423 venenum
1569 2400 1620 2428 est,
1638 2396 1680 2423 in-

894 2441 950 2468 licit
965 2449 1039 2473 aera,
1054 2445 1081 2468 et
1095 2449 1143 2476 per
1161 2441 1235 2468 illum
1258 2440 1406 2472 hominem,
1421 2445 1448 2468 et
1469 2447 1596 2476 aspectus
1616 2446 1679 2468 tan~

893 2491 951 2514 tum
968 2478 1115 2521 requiritur
1137 2491 1166 2513 ut
1183 2485 1283 2521 dirigat
1303 2486 1368 2513 illud
1389 2494 1523 2513 venenum
1546 2487 1573 2514 in
1589 2487 1678 2514 homi-

893 2541 955 2561 nem
980 2541 1059 2568 quem
1081 2533 1162 2560 videt.
1190 2531 1262 2559 Nulli
1290 2532 1362 2559 enim
1380 2532 1492 2558 dubium
1509 2540 1571 2560 esse
1586 2533 1677 2564 debet,

894 2581 945 2608 hoc
962 2581 1062 2607 animal
1078 2588 1156 2608 suum
1169 2581 1339 2616 pestilentem
1354 2581 1479 2613 halitum,
1501 2588 1556 2607 non
1571 2585 1677 2608 tantum

893 2635 973 2663 quem
992 2635 1039 2655 ore
1062 2627 1157 2662 spirat,
1179 2627 1225 2655 sed
1240 2631 1268 2655 et
1284 2635 1364 2662 quem
1389 2630 1446 2653 toto
1462 2634 1576 2661 corpore
1594 2627 1678 2655 exha-

893 2675 940 2704 lat.
968 2674 1106 2702 effundere
1131 2674 1309 2701 circumcirca
1335 2681 1382 2708 per
1405 2677 1491 2699 totum
1516 2681 1606 2700 aerem
1622 2681 1678 2702 am-

892 2722 1021 2752 bientem,
1046 2728 1161 2755 cumque
1180 2721 1300 2748 inlicere.
1321 2714 1458 2754 Singulai-i
1481 2723 1571 2746 tamen
1594 2720 1676 2747 modo

892 2768 1033 2795 oculorum
1047 2771 1134 2799 motu,
1150 2774 1239 2794 aerem
1255 2773 1438 2797 commovere,
1454 2769 1482 2792 et
1497 2765 1676 2800 perniciosio-

891 2823 949 2842 rem
964 2813 1086 2842 reddere.
1107 2813 1159 2841 Sed
1175 2813 1258 2841 multa
1277 2812 1400 2841 fabulosa
1424 2815 1451 2841 et
1469 2811 1531 2840 ﬁcta
1546 2811 1674 2844 Vallesio,
