  <div class='ocr_page' id='page_1' title='image "/cluster/home/n/w/nwhite01/storage/ocr_20150623/18/njp.32101077772455/791.png"; bbox 0 0 1897 3073; ppageno 0'>
   <div class='ocr_carea' id='block_1_1' title="bbox 175 96 265 144">
    <p class='ocr_par' dir='ltr' id='par_1_1' title="bbox 175 96 265 144">
     <span class='ocr_line' id='line_1_1' title="bbox 175 96 265 144; baseline -0.022 0"><span class='ocrx_word' id='word_1_1' title='bbox 175 96 178 99; x_wconf 64' lang='grc'><em>’</em></span> <span class='ocrx_word' id='word_1_2' title='bbox 211 115 265 144; x_wconf 79' lang='lat'><strong>967</strong></span> 
     </span>
    </p>
   </div>
   <div class='ocr_carea' id='block_1_2' title="bbox 881 109 1163 140">
    <p class='ocr_par' dir='ltr' id='par_1_2' title="bbox 881 109 1163 140">
     <span class='ocr_line' id='line_1_2' title="bbox 881 109 1163 140; baseline -0.007 -1"><span class='ocrx_word' id='word_1_3' title='bbox 881 110 1004 140; x_wconf 84' lang='lat' dir='ltr'><strong>LEONIS</strong></span> <span class='ocrx_word' id='word_1_4' title='bbox 1024 109 1163 138; x_wconf 81' lang='lat' dir='ltr'><strong>ALLATII</strong></span> 
     </span>
    </p>
   </div>
   <div class='ocr_carea' id='block_1_3' title="bbox 1787 109 1833 136">
    <p class='ocr_par' dir='ltr' id='par_1_3' title="bbox 1787 109 1833 136">
     <span class='ocr_line' id='line_1_3' title="bbox 1787 109 1833 136; baseline 0 0"><span class='ocrx_word' id='word_1_5' title='bbox 1787 109 1833 136; x_wconf 80' lang='lat'><strong>968</strong></span> 
     </span>
    </p>
   </div>
   <div class='ocr_carea' id='block_1_4' title="bbox 212 163 1004 208">
    <p class='ocr_par' dir='ltr' id='par_1_4' title="bbox 212 170 997 208">
     <span class='ocr_line' id='line_1_4' title="bbox 212 170 997 208; baseline -0.004 -8"><span class='ocrx_word' id='word_1_6' title='bbox 212 175 303 205; x_wconf 83' lang='lat' dir='ltr'><strong>etiam,</strong></span> <span class='ocrx_word' id='word_1_7' title='bbox 316 172 383 208; x_wconf 88' lang='lat' dir='ltr'><strong>proh</strong></span> <span class='ocrx_word' id='word_1_8' title='bbox 398 170 490 199; x_wconf 77' lang='lat' dir='ltr'><strong>nefas!</strong></span> <span class='ocrx_word' id='word_1_9' title='bbox 505 179 538 199; x_wconf 82' lang='lat' dir='ltr'><strong>ex</strong></span> <span class='ocrx_word' id='word_1_10' title='bbox 554 172 641 199; x_wconf 75' lang='lat' dir='ltr'><strong>sacris</strong></span> <span class='ocrx_word' id='word_1_11' title='bbox 655 170 815 206; x_wconf 84' lang='lat' dir='ltr'><strong>Scripturis,</strong></span> <span class='ocrx_word' id='word_1_12' title='bbox 831 170 905 206; x_wconf 90' lang='lat' dir='ltr'><strong>quod</strong></span> <span class='ocrx_word' id='word_1_13' title='bbox 916 178 997 206; x_wconf 86' lang='lat' dir='ltr'><strong>quam</strong></span> 
     </span>
    </p>
   </div>
   <div class='ocr_carea' id='block_1_5' title="bbox 1057 163 1833 208">
    <p class='ocr_par' dir='ltr' id='par_1_5' title="bbox 1057 163 1833 204">
     <span class='ocr_line' id='line_1_5' title="bbox 1057 163 1833 204; baseline -0.005 -8"><span class='ocrx_word' id='word_1_14' title='bbox 1057 178 1097 201; x_wconf 75' lang='grc' dir='ltr'><strong>οος</strong></span> <span class='ocrx_word' id='word_1_15' title='bbox 1105 170 1133 195; x_wconf 84' lang='grc' dir='ltr'>ὲν</span> <span class='ocrx_word' id='word_1_16' title='bbox 1141 169 1230 204; x_wconf 80' lang='grc' dir='ltr'>εὺδινῇ</span> <span class='ocrx_word' id='word_1_17' title='bbox 1239 168 1402 195; x_wconf 70' lang='grc' dir='ltr'><strong>καταστάσει</strong></span> <span class='ocrx_word' id='word_1_18' title='bbox 1409 168 1619 203; x_wconf 81' lang='grc' dir='ltr'>φυλαττομένου.</span> <span class='ocrx_word' id='word_1_19' title='bbox 1632 163 1744 202; x_wconf 70' lang='grc' dir='ltr'><strong>’Δμέλει</strong></span> <span class='ocrx_word' id='word_1_20' title='bbox 1751 166 1800 192; x_wconf 74' lang='grc' dir='ltr'>οὐκ</span> <span class='ocrx_word' id='word_1_21' title='bbox 1806 167 1833 193; x_wconf 79' lang='grc' dir='ltr'>ἂν</span> 
     </span>
    </p>
   </div>
   <div class='ocr_carea' id='block_1_6' title="bbox 213 217 998 254">
    <p class='ocr_par' dir='ltr' id='par_1_6' title="bbox 213 217 998 254">
     <span class='ocr_line' id='line_1_6' title="bbox 213 217 998 254; baseline -0.003 -8"><span class='ocrx_word' id='word_1_22' title='bbox 213 220 299 254; x_wconf 84' lang='lat' dir='ltr'><strong>pium,</strong></span> <span class='ocrx_word' id='word_1_23' title='bbox 311 226 392 254; x_wconf 79' lang='lat' dir='ltr'><strong>quatit</strong></span> <span class='ocrx_word' id='word_1_24' title='bbox 403 222 501 250; x_wconf 90' lang='lat' dir='ltr'><strong>tutum,</strong></span> <span class='ocrx_word' id='word_1_25' title='bbox 513 226 594 253; x_wconf 81' lang='lat' dir='ltr'><strong>quam</strong></span> <span class='ocrx_word' id='word_1_26' title='bbox 606 217 791 246; x_wconf 85' lang='lat' dir='ltr'><strong>Christianum</strong></span> <span class='ocrx_word' id='word_1_27' title='bbox 805 217 851 244; x_wconf 90' lang='lat' dir='ltr'><strong>alii</strong></span> <span class='ocrx_word' id='word_1_28' title='bbox 864 217 998 252; x_wconf 86' lang='lat' dir='ltr'><strong>judicent.</strong></span> 
     </span>
    </p>
   </div>
   <div class='ocr_carea' id='block_1_7' title="bbox 214 263 1001 298">
    <p class='ocr_par' dir='ltr' id='par_1_7' title="bbox 214 263 1001 298">
     <span class='ocr_line' id='line_1_7' title="bbox 214 263 1001 298; baseline -0.003 -8"><span class='ocrx_word' id='word_1_29' title='bbox 214 264 310 292; x_wconf 84' lang='lat' dir='ltr'><strong>Melius</strong></span> <span class='ocrx_word' id='word_1_30' title='bbox 332 268 374 291; x_wconf 88' lang='lat' dir='ltr'><strong>est</strong></span> <span class='ocrx_word' id='word_1_31' title='bbox 398 264 535 291; x_wconf 72' lang='lat' dir='ltr'><strong>inscitiam</strong></span> <span class='ocrx_word' id='word_1_32' title='bbox 560 263 638 291; x_wconf 92' lang='lat' dir='ltr'><strong>fateri</strong></span> <span class='ocrx_word' id='word_1_33' title='bbox 663 271 752 295; x_wconf 78' lang='lat' dir='ltr'><strong>suam,</strong></span> <span class='ocrx_word' id='word_1_34' title='bbox 778 270 860 298; x_wconf 84' lang='lat' dir='ltr'><strong>quam</strong></span> <span class='ocrx_word' id='word_1_35' title='bbox 886 263 931 289; x_wconf 95' lang='lat' dir='ltr'><strong>ubi</strong></span> <span class='ocrx_word' id='word_1_36' title='bbox 957 269 1001 289; x_wconf 80' lang='lat' dir='ltr'><strong>res</strong></span> 
     </span>
    </p>
   </div>
   <div class='ocr_carea' id='block_1_8' title="bbox 214 307 1000 343">
    <p class='ocr_par' dir='ltr' id='par_1_8' title="bbox 214 307 1000 343">
     <span class='ocr_line' id='line_1_8' title="bbox 214 307 1000 343; baseline -0.004 -7"><span class='ocrx_word' id='word_1_37' title='bbox 214 309 287 343; x_wconf 83' lang='lat' dir='ltr'><strong>ipsas</strong></span> <span class='ocrx_word' id='word_1_38' title='bbox 316 316 369 336; x_wconf 90' lang='lat' dir='ltr'><strong>non</strong></span> <span class='ocrx_word' id='word_1_39' title='bbox 392 308 512 341; x_wconf 82' lang='lat' dir='ltr'><strong>noveris,</strong></span> <span class='ocrx_word' id='word_1_40' title='bbox 538 309 660 336; x_wconf 65' lang='lat' dir='ltr'><strong>scientiae</strong></span> <span class='ocrx_word' id='word_1_41' title='bbox 680 308 874 343; x_wconf 62' lang='lat' dir='ltr'><strong>sapientiaque</strong></span> <span class='ocrx_word' id='word_1_42' title='bbox 904 307 1000 334; x_wconf 85' lang='lat' dir='ltr'><strong>obtutu</strong></span> 
     </span>
    </p>
   </div>
   <div class='ocr_carea' id='block_1_9' title="bbox 215 352 1002 389">
    <p class='ocr_par' dir='ltr' id='par_1_9' title="bbox 215 352 1002 389">
     <span class='ocr_line' id='line_1_9' title="bbox 215 352 1002 389; baseline -0.004 -8"><span class='ocrx_word' id='word_1_43' title='bbox 215 354 321 381; x_wconf 82' lang='lat' dir='ltr'><strong>inﬁcias</strong></span> <span class='ocrx_word' id='word_1_44' title='bbox 354 354 393 381; x_wconf 90' lang='lat' dir='ltr'><strong>ire</strong></span> <span class='ocrx_word' id='word_1_45' title='bbox 411 363 417 381; x_wconf 90' lang='lat'>:</span> <span class='ocrx_word' id='word_1_46' title='bbox 434 359 462 381; x_wconf 90' lang='lat' dir='ltr'><strong>et</strong></span> <span class='ocrx_word' id='word_1_47' title='bbox 477 362 538 389; x_wconf 61' lang='lat' dir='ltr'><strong>quae</strong></span> <span class='ocrx_word' id='word_1_48' title='bbox 552 353 670 389; x_wconf 87' lang='lat' dir='ltr'><strong>Spiritus</strong></span> <span class='ocrx_word' id='word_1_49' title='bbox 685 357 798 381; x_wconf 83' lang='lat' dir='ltr'><strong>sanctus</strong></span> <span class='ocrx_word' id='word_1_50' title='bbox 818 353 876 388; x_wconf 88' lang='lat' dir='ltr'><strong>ipse</strong></span> <span class='ocrx_word' id='word_1_51' title='bbox 889 352 1002 379; x_wconf 80' lang='lat' dir='ltr'><strong>dictavit</strong></span> 
     </span>
    </p>
   </div>
   <div class='ocr_carea' id='block_1_10' title="bbox 214 398 790 434">
    <p class='ocr_par' dir='ltr' id='par_1_10' title="bbox 214 398 790 434">
     <span class='ocr_line' id='line_1_10' title="bbox 214 398 790 434; baseline -0.002 -8"><span class='ocrx_word' id='word_1_52' title='bbox 214 399 336 434; x_wconf 80' lang='lat' dir='ltr'><strong>negando</strong></span> <span class='ocrx_word' id='word_1_53' title='bbox 349 400 376 426; x_wconf 94' lang='lat' dir='ltr'><strong>in</strong></span> <span class='ocrx_word' id='word_1_54' title='bbox 394 407 503 427; x_wconf 85' lang='lat' dir='ltr'><strong>sensum</strong></span> <span class='ocrx_word' id='word_1_55' title='bbox 520 399 602 426; x_wconf 87' lang='lat' dir='ltr'><strong>alium</strong></span> <span class='ocrx_word' id='word_1_56' title='bbox 617 398 790 433; x_wconf 85' lang='lat' dir='ltr'><strong>detorquere.</strong></span> 
     </span>
    </p>
   </div>
   <div class='ocr_carea' id='block_1_11' title="bbox 249 442 1001 478">
    <p class='ocr_par' dir='ltr' id='par_1_11' title="bbox 249 442 1001 478">
     <span class='ocr_line' id='line_1_11' title="bbox 249 442 1001 478; baseline -0.003 -7"><span class='ocrx_word' id='word_1_57' title='bbox 249 444 329 477; x_wconf 86' lang='lat' dir='ltr'><strong>Ibid.,</strong></span> <span class='ocrx_word' id='word_1_58' title='bbox 345 445 394 472; x_wconf 90' lang='lat' dir='ltr'><strong>lin.</strong></span> <span class='ocrx_word' id='word_1_59' title='bbox 409 445 454 472; x_wconf 78' lang='grc'><strong>50.</strong></span> <span class='ocrx_word' id='word_1_60' title='bbox 477 445 504 471; x_wconf 92' lang='lat'><strong>&#39;0</strong></span> <span class='ocrx_word' id='word_1_61' title='bbox 521 444 555 471; x_wconf 83' lang='grc' dir='ltr'>δὲ</span> <span class='ocrx_word' id='word_1_62' title='bbox 567 444 723 478; x_wconf 82' lang='grc' dir='ltr'>κάνθαρος.</span> <span class='ocrx_word' id='word_1_63' title='bbox 740 444 778 470; x_wconf 91' lang='lat' dir='ltr'><strong>lta</strong></span> <span class='ocrx_word' id='word_1_64' title='bbox 799 443 880 470; x_wconf 86' lang='lat' dir='ltr'><strong>etiam</strong></span> <span class='ocrx_word' id='word_1_65' title='bbox 899 442 1001 475; x_wconf 81' lang='lat' dir='ltr'><strong>llorus,</strong></span> 
     </span>
    </p>
   </div>
   <div class='ocr_carea' id='block_1_12' title="bbox 214 488 1001 525">
    <p class='ocr_par' dir='ltr' id='par_1_12' title="bbox 214 488 1001 525">
     <span class='ocr_line' id='line_1_12' title="bbox 214 488 1001 525; baseline 0.001 -9"><span class='ocrx_word' id='word_1_66' title='bbox 214 490 262 518; x_wconf 86' lang='lat' dir='ltr'><strong>lib.</strong></span> <span class='ocrx_word' id='word_1_67' title='bbox 296 499 316 521; x_wconf 91' lang='grc' dir='ltr'>ι,</span> <span class='ocrx_word' id='word_1_68' title='bbox 343 497 404 525; x_wconf 81' lang='lat' dir='ltr'><strong>cap.</strong></span> <span class='ocrx_word' id='word_1_69' title='bbox 431 490 480 522; x_wconf 82' lang='lat' dir='ltr'><strong>l0,</strong></span> <span class='ocrx_word' id='word_1_70' title='bbox 505 489 565 525; x_wconf 75' lang='grc' dir='ltr'>βοὺς</span> <span class='ocrx_word' id='word_1_71' title='bbox 595 489 744 524; x_wconf 79' lang='grc' dir='ltr'><strong>ἀφόδευμα.</strong></span> <span class='ocrx_word' id='word_1_72' title='bbox 781 488 880 516; x_wconf 84' lang='lat' dir='ltr'><strong>Suidas</strong></span> <span class='ocrx_word' id='word_1_73' title='bbox 911 494 1001 517; x_wconf 90' lang='lat' dir='ltr'><strong>tamen</strong></span> 
     </span>
    </p>
   </div>
   <div class='ocr_carea' id='block_1_13' title="bbox 214 535 1003 570">
    <p class='ocr_par' dir='ltr' id='par_1_13' title="bbox 214 535 1003 570">
     <span class='ocr_line' id='line_1_13' title="bbox 214 535 1003 570; baseline 0 -8"><span class='ocrx_word' id='word_1_74' title='bbox 214 536 286 563; x_wconf 72' lang='grc' dir='ltr'>ὄνου.</span> <span class='ocrx_word' id='word_1_75' title='bbox 301 536 407 563; x_wconf 79' lang='lat' dir='ltr'><strong>Plinius</strong></span> <span class='ocrx_word' id='word_1_76' title='bbox 425 544 458 563; x_wconf 80' lang='lat' dir='ltr'><strong>ex</strong></span> <span class='ocrx_word' id='word_1_77' title='bbox 475 535 598 570; x_wconf 76' lang='lat' dir='ltr'><strong>Virgilio.</strong></span> <span class='ocrx_word' id='word_1_78' title='bbox 620 535 747 570; x_wconf 85' lang='lat' dir='ltr'><strong>Virgilius</strong></span> <span class='ocrx_word' id='word_1_79' title='bbox 757 536 930 570; x_wconf 67' lang='lat' dir='ltr'><strong>iuvencorum</strong></span> <span class='ocrx_word' id='word_1_80' title='bbox 947 544 1003 562; x_wconf 83' lang='lat' dir='ltr'><strong>cor-</strong></span> 
     </span>
    </p>
   </div>
   <div class='ocr_carea' id='block_1_14' title="bbox 214 581 1003 615">
    <p class='ocr_par' dir='ltr' id='par_1_14' title="bbox 214 581 1003 615">
     <span class='ocr_line' id='line_1_14' title="bbox 214 581 1003 615; baseline 0 -7"><span class='ocrx_word' id='word_1_81' title='bbox 214 589 276 615; x_wconf 68' lang='lat' dir='ltr'><strong>pore</strong></span> <span class='ocrx_word' id='word_1_82' title='bbox 292 582 457 613; x_wconf 67' lang='lat' dir='ltr'><strong>exanimato,</strong></span> <span class='ocrx_word' id='word_1_83' title='bbox 476 581 543 608; x_wconf 81' lang='lat' dir='ltr'><strong>sicut</strong></span> <span class='ocrx_word' id='word_1_84' title='bbox 554 589 678 615; x_wconf 86' lang='lat' dir='ltr'><strong>equorum</strong></span> <span class='ocrx_word' id='word_1_85' title='bbox 690 588 791 615; x_wconf 81' lang='lat' dir='ltr'><strong>vespas,</strong></span> <span class='ocrx_word' id='word_1_86' title='bbox 807 586 884 615; x_wconf 87' lang='lat' dir='ltr'><strong>atque</strong></span> <span class='ocrx_word' id='word_1_87' title='bbox 898 581 1003 608; x_wconf 83' lang='lat' dir='ltr'><strong>crabro-</strong></span> 
     </span>
    </p>
   </div>
   <div class='ocr_carea' id='block_1_15' title="bbox 216 626 1002 660">
    <p class='ocr_par' dir='ltr' id='par_1_15' title="bbox 216 626 1002 660">
     <span class='ocr_line' id='line_1_15' title="bbox 216 626 1002 660; baseline -0.001 -6"><span class='ocrx_word' id='word_1_88' title='bbox 216 636 271 660; x_wconf 82' lang='lat' dir='ltr'><strong>nes,</strong></span> <span class='ocrx_word' id='word_1_89' title='bbox 286 628 354 654; x_wconf 83' lang='lat' dir='ltr'><strong>sicut</strong></span> <span class='ocrx_word' id='word_1_90' title='bbox 377 628 512 654; x_wconf 73' lang='lat' dir='ltr'><strong>asinorum</strong></span> <span class='ocrx_word' id='word_1_91' title='bbox 533 626 681 653; x_wconf 78' lang='lat' dir='ltr'><strong>scarabams</strong></span> <span class='ocrx_word' id='word_1_92' title='bbox 700 631 818 653; x_wconf 91' lang='lat' dir='ltr'><strong>mutante</strong></span> <span class='ocrx_word' id='word_1_93' title='bbox 837 632 947 658; x_wconf 76' lang='lat' dir='ltr'><strong>natura,</strong></span> <span class='ocrx_word' id='word_1_94' title='bbox 970 635 1002 654; x_wconf 74' lang='lat' dir='ltr'><strong>ea:</strong></span> 
     </span>
    </p>
   </div>
   <div class='ocr_carea' id='block_1_16' title="bbox 215 672 1001 708">
    <p class='ocr_par' dir='ltr' id='par_1_16' title="bbox 215 672 1001 708">
     <span class='ocr_line' id='line_1_16' title="bbox 215 672 1001 708; baseline -0.001 -8"><span class='ocrx_word' id='word_1_95' title='bbox 215 673 278 700; x_wconf 80' lang='lat' dir='ltr'><strong>aliis</strong></span> <span class='ocrx_word' id='word_1_96' title='bbox 294 673 415 708; x_wconf 67' lang='lat' dir='ltr'><strong>quazdam</strong></span> <span class='ocrx_word' id='word_1_97' title='bbox 433 673 461 699; x_wconf 85' lang='lat' dir='ltr'><strong>in</strong></span> <span class='ocrx_word' id='word_1_98' title='bbox 472 673 538 700; x_wconf 87' lang='lat' dir='ltr'><strong>alia.</strong></span> <span class='ocrx_word' id='word_1_99' title='bbox 561 672 627 699; x_wconf 86' lang='lat' dir='ltr'><strong>Vide</strong></span> <span class='ocrx_word' id='word_1_100' title='bbox 645 672 826 707; x_wconf 84' lang='lat' dir='ltr'><strong>Epiphanium</strong></span> <span class='ocrx_word' id='word_1_101' title='bbox 841 672 868 699; x_wconf 90' lang='lat' dir='ltr'><strong>in</strong></span> <span class='ocrx_word' id='word_1_102' title='bbox 883 672 1001 699; x_wconf 78' lang='lat' dir='ltr'><strong>Ancirot.</strong></span> 
     </span>
    </p>
   </div>
   <div class='ocr_carea' id='block_1_17' title="bbox 215 718 1005 754">
    <p class='ocr_par' dir='ltr' id='par_1_17' title="bbox 215 718 1005 754">
     <span class='ocr_line' id='line_1_17' title="bbox 215 718 1005 754; baseline -0.001 -7"><span class='ocrx_word' id='word_1_103' title='bbox 215 719 341 747; x_wconf 87' lang='lat' dir='ltr'><strong>Clemens</strong></span> <span class='ocrx_word' id='word_1_104' title='bbox 352 719 415 746; x_wconf 84' lang='lat' dir='ltr'><strong>item</strong></span> <span class='ocrx_word' id='word_1_105' title='bbox 438 718 535 754; x_wconf 76' lang='lat' dir='ltr'><strong>Hypot.</strong></span> <span class='ocrx_word' id='word_1_106' title='bbox 550 727 589 750; x_wconf 84' lang='lat' dir='ltr'><strong>vt.</strong></span> <span class='ocrx_word' id='word_1_107' title='bbox 611 718 734 746; x_wconf 82' lang='lat' dir='ltr'><strong>homines</strong></span> <span class='ocrx_word' id='word_1_108' title='bbox 752 719 935 753; x_wconf 83' lang='lat' dir='ltr'><strong>voluptatibus</strong></span> <span class='ocrx_word' id='word_1_109' title='bbox 957 718 1005 746; x_wconf 73' lang='lat' dir='ltr'><strong>im-</strong></span> 
     </span>
    </p>
   </div>
   <div class='ocr_carea' id='block_1_18' title="bbox 216 764 1003 800">
    <p class='ocr_par' dir='ltr' id='par_1_18' title="bbox 216 764 1003 800">
     <span class='ocr_line' id='line_1_18' title="bbox 216 764 1003 800; baseline -0.003 -7"><span class='ocrx_word' id='word_1_110' title='bbox 216 765 330 800; x_wconf 69' lang='lat' dir='ltr'><strong>pensilis</strong></span> <span class='ocrx_word' id='word_1_111' title='bbox 348 765 464 796; x_wconf 79' lang='lat' dir='ltr'><strong>deditos,</strong></span> <span class='ocrx_word' id='word_1_112' title='bbox 481 768 509 792; x_wconf 90' lang='lat' dir='ltr'><strong>et</strong></span> <span class='ocrx_word' id='word_1_113' title='bbox 533 764 686 797; x_wconf 86' lang='lat' dir='ltr'><strong>immersos,</strong></span> <span class='ocrx_word' id='word_1_114' title='bbox 705 771 737 791; x_wconf 91' lang='lat' dir='ltr'><strong>ac</strong></span> <span class='ocrx_word' id='word_1_115' title='bbox 758 764 850 791; x_wconf 86' lang='lat' dir='ltr'><strong>ebrios</strong></span> <span class='ocrx_word' id='word_1_116' title='bbox 873 768 1003 800; x_wconf 86' lang='lat' dir='ltr'><strong>tanquam</strong></span> 
     </span>
    </p>
   </div>
   <div class='ocr_carea' id='block_1_19' title="bbox 216 808 791 836">
    <p class='ocr_par' dir='ltr' id='par_1_19' title="bbox 216 808 791 836">
     <span class='ocr_line' id='line_1_19' title="bbox 216 808 791 836; baseline 0 -1"><span class='ocrx_word' id='word_1_117' title='bbox 216 809 363 836; x_wconf 80' lang='lat' dir='ltr'><strong>cantharos</strong></span> <span class='ocrx_word' id='word_1_118' title='bbox 377 809 404 835; x_wconf 91' lang='lat' dir='ltr'><strong>in</strong></span> <span class='ocrx_word' id='word_1_119' title='bbox 419 813 539 836; x_wconf 89' lang='lat' dir='ltr'><strong>stercore</strong></span> <span class='ocrx_word' id='word_1_120' title='bbox 554 808 671 835; x_wconf 87' lang='lat' dir='ltr'><strong>volutari</strong></span> <span class='ocrx_word' id='word_1_121' title='bbox 685 808 791 836; x_wconf 86' lang='lat' dir='ltr'><strong>scribit.</strong></span> 
     </span>
    </p>
   </div>
   <div class='ocr_carea' id='block_1_20' title="bbox 252 843 1040 890">
    <p class='ocr_par' dir='ltr' id='par_1_20' title="bbox 252 843 1040 890">
     <span class='ocr_line' id='line_1_20' title="bbox 252 843 1040 890; baseline 0.001 -9"><span class='ocrx_word' id='word_1_122' title='bbox 252 855 318 883; x_wconf 88' lang='lat' dir='ltr'><strong>Ibid.</strong></span> <span class='ocrx_word' id='word_1_123' title='bbox 334 855 517 888; x_wconf 74' lang='grc' dir='ltr'>κυκλοτερὲς</span> <span class='ocrx_word' id='word_1_124' title='bbox 525 854 636 890; x_wconf 79' lang='grc' dir='ltr'>σχῆμα.</span> <span class='ocrx_word' id='word_1_125' title='bbox 653 854 753 886; x_wconf 85' lang='lat' dir='ltr'><strong>Horus,</strong></span> <span class='ocrx_word' id='word_1_126' title='bbox 769 854 816 881; x_wconf 90' lang='lat' dir='ltr'><strong>lib.</strong></span> <span class='ocrx_word' id='word_1_127' title='bbox 833 863 852 886; x_wconf 84' lang='grc' dir='ltr'>ι,</span> <span class='ocrx_word' id='word_1_128' title='bbox 872 863 932 890; x_wconf 86' lang='lat' dir='ltr'><strong>cap.</strong></span> <span class='ocrx_word' id='word_1_129' title='bbox 948 855 981 882; x_wconf 90' lang='lat' dir='ltr'><strong>l0</strong></span> <span class='ocrx_word' id='word_1_130' title='bbox 995 864 1002 882; x_wconf 86' lang='lat'><strong>:</strong></span> <span class='ocrx_word' id='word_1_131' title='bbox 1020 843 1040 870; x_wconf 79' lang='grc' dir='ltr'><strong>Β</strong></span> 
     </span>
    </p>
   </div>
   <div class='ocr_carea' id='block_1_21' title="bbox 216 899 1002 936">
    <p class='ocr_par' dir='ltr' id='par_1_21' title="bbox 216 899 1002 936">
     <span class='ocr_line' id='line_1_21' title="bbox 216 899 1002 936; baseline -0.003 -8"><span class='ocrx_word' id='word_1_132' title='bbox 216 901 333 928; x_wconf 61' lang='lat' dir='ltr'><strong>mem:</strong></span> <span class='ocrx_word' id='word_1_133' title='bbox 350 900 518 935; x_wconf 79' lang='grc' dir='ltr'>σφαιροειδὲς</span> <span class='ocrx_word' id='word_1_134' title='bbox 535 901 725 936; x_wconf 80' lang='grc' dir='ltr'>παραπλήσιον</span> <span class='ocrx_word' id='word_1_135' title='bbox 735 899 773 935; x_wconf 82' lang='grc' dir='ltr'>τῷ</span> <span class='ocrx_word' id='word_1_136' title='bbox 787 900 882 936; x_wconf 81' lang='grc' dir='ltr'>κόσμῳ</span> <span class='ocrx_word' id='word_1_137' title='bbox 900 900 1002 936; x_wconf 84' lang='grc' dir='ltr'>σχῆμα,</span> 
     </span>
    </p>
   </div>
   <div class='ocr_carea' id='block_1_22' title="bbox 215 945 1004 982">
    <p class='ocr_par' dir='ltr' id='par_1_22' title="bbox 215 945 1004 982">
     <span class='ocr_line' id='line_1_22' title="bbox 215 945 1004 982; baseline 0 -9"><span class='ocrx_word' id='word_1_138' title='bbox 215 947 230 972; x_wconf 81' lang='grc' dir='ltr'><strong>ὂ</strong></span> <span class='ocrx_word' id='word_1_139' title='bbox 244 948 276 973; x_wconf 83' lang='grc' dir='ltr'>ὲκ</span> <span class='ocrx_word' id='word_1_140' title='bbox 290 947 343 973; x_wconf 84' lang='grc' dir='ltr'>τῶν</span> <span class='ocrx_word' id='word_1_141' title='bbox 359 946 490 973; x_wconf 82' lang='grc' dir='ltr'><strong>ὀπισθίων</strong></span> <span class='ocrx_word' id='word_1_142' title='bbox 513 945 603 981; x_wconf 82' lang='grc' dir='ltr'>μερῶν</span> <span class='ocrx_word' id='word_1_143' title='bbox 616 945 729 977; x_wconf 81' lang='grc' dir='ltr'>κυλίσας</span> <span class='ocrx_word' id='word_1_144' title='bbox 743 946 796 973; x_wconf 81' lang='grc' dir='ltr'><strong>ἀπὸ</strong></span> <span class='ocrx_word' id='word_1_145' title='bbox 818 946 950 982; x_wconf 80' lang='grc' dir='ltr'><strong>ἀνατολῆς</strong></span> <span class='ocrx_word' id='word_1_146' title='bbox 964 948 1004 978; x_wconf 88' lang='grc' dir='ltr'>εἰς</span> 
     </span>
    </p>
   </div>
   <div class='ocr_carea' id='block_1_23' title="bbox 215 991 1003 1028">
    <p class='ocr_par' dir='ltr' id='par_1_23' title="bbox 215 991 1003 1028">
     <span class='ocr_line' id='line_1_23' title="bbox 215 991 1003 1028; baseline 0.001 -9"><span class='ocrx_word' id='word_1_147' title='bbox 215 993 290 1019; x_wconf 76' lang='grc' dir='ltr'>δύσιν</span> <span class='ocrx_word' id='word_1_148' title='bbox 306 993 386 1024; x_wconf 78' lang='grc' dir='ltr'>αὐτὸς</span> <span class='ocrx_word' id='word_1_149' title='bbox 399 992 467 1028; x_wconf 79' lang='grc' dir='ltr'>πρὸς</span> <span class='ocrx_word' id='word_1_150' title='bbox 483 991 612 1027; x_wconf 80' lang='grc' dir='ltr'>ἀνατολὴν</span> <span class='ocrx_word' id='word_1_151' title='bbox 628 991 731 1026; x_wconf 80' lang='grc' dir='ltr'><strong>βλέπει,</strong></span> <span class='ocrx_word' id='word_1_152' title='bbox 745 992 788 1018; x_wconf 89' lang='grc' dir='ltr'>ῖνα</span> <span class='ocrx_word' id='word_1_153' title='bbox 805 992 898 1027; x_wconf 85' lang='grc' dir='ltr'>ἀποδῷ</span> <span class='ocrx_word' id='word_1_154' title='bbox 915 993 946 1019; x_wconf 83' lang='grc' dir='ltr'>τὸ</span> <span class='ocrx_word' id='word_1_155' title='bbox 958 993 1003 1020; x_wconf 85' lang='grc' dir='ltr'>τοῦ</span> 
     </span>
    </p>
   </div>
   <div class='ocr_carea' id='block_1_24' title="bbox 215 1037 1005 1074">
    <p class='ocr_par' dir='ltr' id='par_1_24' title="bbox 215 1037 1005 1074">
     <span class='ocr_line' id='line_1_24' title="bbox 215 1037 1005 1074; baseline 0 -9"><span class='ocrx_word' id='word_1_156' title='bbox 215 1039 318 1073; x_wconf 83' lang='grc' dir='ltr'><strong>κόσμου</strong></span> <span class='ocrx_word' id='word_1_157' title='bbox 343 1039 445 1074; x_wconf 80' lang='grc' dir='ltr'>σχῆμα.</span> <span class='ocrx_word' id='word_1_158' title='bbox 463 1037 596 1073; x_wconf 80' lang='lat' dir='ltr'><strong>Georgius</strong></span> <span class='ocrx_word' id='word_1_159' title='bbox 616 1037 733 1068; x_wconf 84' lang='lat' dir='ltr'><strong>Pisides,</strong></span> <span class='ocrx_word' id='word_1_160' title='bbox 756 1037 794 1064; x_wconf 86' lang='lat' dir='ltr'><strong>De</strong></span> <span class='ocrx_word' id='word_1_161' title='bbox 815 1038 909 1065; x_wconf 85' lang='lat' dir='ltr'><strong>mundi</strong></span> <span class='ocrx_word' id='word_1_162' title='bbox 927 1039 1005 1072; x_wconf 81' lang='lat' dir='ltr'><strong>opiﬁ-</strong></span> 
     </span>
    </p>
   </div>
   <div class='ocr_carea' id='block_1_25' title="bbox 215 1083 1004 1120">
    <p class='ocr_par' dir='ltr' id='par_1_25' title="bbox 215 1083 1004 1120">
     <span class='ocr_line' id='line_1_25' title="bbox 215 1083 1004 1120; baseline 0.001 -10"><span class='ocrx_word' id='word_1_163' title='bbox 215 1085 274 1116; x_wconf 82' lang='lat' dir='ltr'><strong>cio;</strong></span> <span class='ocrx_word' id='word_1_164' title='bbox 293 1083 434 1116; x_wconf 65' lang='lat' dir='ltr'><strong>Elianns,</strong></span> <span class='ocrx_word' id='word_1_165' title='bbox 450 1084 497 1112; x_wconf 85' lang='lat' dir='ltr'><strong>lib.</strong></span> <span class='ocrx_word' id='word_1_166' title='bbox 521 1092 549 1115; x_wconf 74' lang='grc' dir='ltr'>ι,</span> <span class='ocrx_word' id='word_1_167' title='bbox 571 1091 632 1119; x_wconf 84' lang='lat' dir='ltr'><strong>cap.</strong></span> <span class='ocrx_word' id='word_1_168' title='bbox 651 1083 705 1111; x_wconf 79' lang='lat' dir='ltr'><strong>l5:</strong></span> <span class='ocrx_word' id='word_1_169' title='bbox 728 1083 756 1110; x_wconf 86' lang='lat'><strong>&#39;0</strong></span> <span class='ocrx_word' id='word_1_170' title='bbox 774 1084 909 1120; x_wconf 86' lang='grc' dir='ltr'>κάνθαρος</span> <span class='ocrx_word' id='word_1_171' title='bbox 920 1084 1004 1120; x_wconf 73' lang='grc' dir='ltr'>ἄθηλυ</span> 
     </span>
    </p>
   </div>
   <div class='ocr_carea' id='block_1_26' title="bbox 215 1130 1005 1166">
    <p class='ocr_par' dir='ltr' id='par_1_26' title="bbox 215 1130 1005 1166">
     <span class='ocr_line' id='line_1_26' title="bbox 215 1130 1005 1166; baseline 0 -9"><span class='ocrx_word' id='word_1_172' title='bbox 215 1130 284 1162; x_wconf 83' lang='grc' dir='ltr'><strong>ζῶόν</strong></span> <span class='ocrx_word' id='word_1_173' title='bbox 300 1132 368 1157; x_wconf 75' lang='grc' dir='ltr'>ἐστι.</span> <span class='ocrx_word' id='word_1_174' title='bbox 382 1131 491 1166; x_wconf 82' lang='grc' dir='ltr'>Σπείρει</span> <span class='ocrx_word' id='word_1_175' title='bbox 501 1130 528 1156; x_wconf 62' lang='grc' dir='ltr'>δὲ</span> <span class='ocrx_word' id='word_1_176' title='bbox 542 1131 581 1162; x_wconf 87' lang='grc' dir='ltr'>εἰς</span> <span class='ocrx_word' id='word_1_177' title='bbox 591 1130 640 1165; x_wconf 84' lang='grc' dir='ltr'>τὴν</span> <span class='ocrx_word' id='word_1_178' title='bbox 650 1131 765 1166; x_wconf 82' lang='grc' dir='ltr'><strong>σφαῖραν</strong></span> <span class='ocrx_word' id='word_1_179' title='bbox 778 1131 810 1165; x_wconf 82' lang='grc' dir='ltr'>ἢν</span> <span class='ocrx_word' id='word_1_180' title='bbox 819 1130 918 1156; x_wconf 74' lang='grc' dir='ltr'><strong>κυλίει⁸</strong></span> <span class='ocrx_word' id='word_1_181' title='bbox 932 1130 1005 1157; x_wconf 80' lang='grc' dir='ltr'>ὀκτὼ</span> 
     </span>
    </p>
   </div>
   <div class='ocr_carea' id='block_1_27' title="bbox 215 1174 1004 1211">
    <p class='ocr_par' dir='ltr' id='par_1_27' title="bbox 215 1174 1004 1211">
     <span class='ocr_line' id='line_1_27' title="bbox 215 1174 1004 1211; baseline 0 -9"><span class='ocrx_word' id='word_1_182' title='bbox 215 1175 244 1202; x_wconf 78' lang='grc' dir='ltr'>δὲ</span> <span class='ocrx_word' id='word_1_183' title='bbox 276 1176 323 1202; x_wconf 74' lang='grc' dir='ltr'>καὶ</span> <span class='ocrx_word' id='word_1_184' title='bbox 348 1176 433 1202; x_wconf 79' lang='grc' dir='ltr'>εἰκοσι</span> <span class='ocrx_word' id='word_1_185' title='bbox 451 1175 562 1211; x_wconf 83' lang='grc' dir='ltr'>ἡμερῶν</span> <span class='ocrx_word' id='word_1_186' title='bbox 591 1174 669 1201; x_wconf 78' lang='grc' dir='ltr'>τοῦτο</span> <span class='ocrx_word' id='word_1_187' title='bbox 694 1175 807 1210; x_wconf 81' lang='grc' dir='ltr'>δράσας,</span> <span class='ocrx_word' id='word_1_188' title='bbox 836 1176 883 1201; x_wconf 76' lang='grc' dir='ltr'>καὶ</span> <span class='ocrx_word' id='word_1_189' title='bbox 901 1175 1004 1210; x_wconf 78' lang='grc' dir='ltr'>θάλψας</span> 
     </span>
    </p>
   </div>
   <div class='ocr_carea' id='block_1_28' title="bbox 215 1219 1002 1258">
    <p class='ocr_par' dir='ltr' id='par_1_28' title="bbox 215 1219 1002 1258">
     <span class='ocr_line' id='line_1_28' title="bbox 215 1219 1002 1258; baseline 0.001 -10"><span class='ocrx_word' id='word_1_190' title='bbox 215 1222 311 1258; x_wconf 82' lang='grc' dir='ltr'>αὐτὴν.</span> <span class='ocrx_word' id='word_1_191' title='bbox 320 1219 377 1248; x_wconf 71' lang='grc' dir='ltr'>εἶτα</span> <span class='ocrx_word' id='word_1_192' title='bbox 389 1222 479 1258; x_wconf 79' lang='grc' dir='ltr'>μέντοι</span> <span class='ocrx_word' id='word_1_193' title='bbox 488 1223 520 1257; x_wconf 85' lang='grc' dir='ltr'>τῇ</span> <span class='ocrx_word' id='word_1_194' title='bbox 533 1221 579 1248; x_wconf 73' lang='grc' dir='ltr'><strong>ἐπὶ</strong></span> <span class='ocrx_word' id='word_1_195' title='bbox 591 1221 702 1252; x_wconf 81' lang='grc' dir='ltr'><strong>ταύταις</strong></span> <span class='ocrx_word' id='word_1_196' title='bbox 711 1221 824 1256; x_wconf 81' lang='grc' dir='ltr'><strong>προάγει</strong></span> <span class='ocrx_word' id='word_1_197' title='bbox 832 1221 876 1248; x_wconf 80' lang='grc' dir='ltr'><strong>τὸν</strong></span> <span class='ocrx_word' id='word_1_198' title='bbox 887 1221 1002 1250; x_wconf 76' lang='grc' dir='ltr'>νεοττόν.</span> 
     </span>
    </p>
   </div>
   <div class='ocr_carea' id='block_1_29' title="bbox 249 1265 1004 1299">
    <p class='ocr_par' dir='ltr' id='par_1_29' title="bbox 249 1265 1004 1299">
     <span class='ocr_line' id='line_1_29' title="bbox 249 1265 1004 1299; baseline 0 -5"><span class='ocrx_word' id='word_1_199' title='bbox 249 1267 330 1299; x_wconf 71' lang='lat' dir='ltr'><strong>Ibid.,</strong></span> <span class='ocrx_word' id='word_1_200' title='bbox 344 1268 393 1295; x_wconf 91' lang='lat' dir='ltr'><strong>lin.</strong></span> <span class='ocrx_word' id='word_1_201' title='bbox 409 1267 454 1294; x_wconf 84' lang='lat'><strong>5|.</strong></span> <span class='ocrx_word' id='word_1_202' title='bbox 479 1267 556 1293; x_wconf 79' lang='grc' dir='ltr'>Φασὶ</span> <span class='ocrx_word' id='word_1_203' title='bbox 568 1265 602 1292; x_wconf 83' lang='grc' dir='ltr'>δὲ</span> <span class='ocrx_word' id='word_1_204' title='bbox 618 1267 721 1294; x_wconf 83' lang='grc' dir='ltr'>αὐτόν.</span> <span class='ocrx_word' id='word_1_205' title='bbox 739 1265 820 1293; x_wconf 86' lang='lat' dir='ltr'><strong>Forte</strong></span> <span class='ocrx_word' id='word_1_206' title='bbox 839 1266 874 1293; x_wconf 85' lang='lat' dir='ltr'><strong>ad</strong></span> <span class='ocrx_word' id='word_1_207' title='bbox 895 1266 946 1294; x_wconf 85' lang='lat' dir='ltr'><strong>hoc</strong></span> <span class='ocrx_word' id='word_1_208' title='bbox 962 1275 1004 1294; x_wconf 91' lang='lat' dir='ltr'><strong>re-</strong></span> 
     </span>
    </p>
   </div>
   <div class='ocr_carea' id='block_1_30' title="bbox 215 1312 1002 1347">
    <p class='ocr_par' dir='ltr' id='par_1_30' title="bbox 215 1312 1002 1347">
     <span class='ocr_line' id='line_1_30' title="bbox 215 1312 1002 1347; baseline 0 -7"><span class='ocrx_word' id='word_1_209' title='bbox 215 1313 305 1347; x_wconf 76' lang='lat' dir='ltr'><strong>spexit</strong></span> <span class='ocrx_word' id='word_1_210' title='bbox 325 1313 499 1344; x_wconf 81' lang='lat' dir='ltr'><strong>Aristoteles,</strong></span> <span class='ocrx_word' id='word_1_211' title='bbox 525 1312 563 1339; x_wconf 91' lang='lat' dir='ltr'><strong>De</strong></span> <span class='ocrx_word' id='word_1_212' title='bbox 586 1312 649 1339; x_wconf 84' lang='lat' dir='ltr'><strong>hist.</strong></span> <span class='ocrx_word' id='word_1_213' title='bbox 671 1312 754 1339; x_wconf 74' lang='lat' dir='ltr'><strong>anim.</strong></span> <span class='ocrx_word' id='word_1_214' title='bbox 772 1312 820 1339; x_wconf 90' lang='lat' dir='ltr'><strong>lib.</strong></span> <span class='ocrx_word' id='word_1_215' title='bbox 842 1321 868 1345; x_wconf 88' lang='lat' dir='ltr'><strong>v,</strong></span> <span class='ocrx_word' id='word_1_216' title='bbox 883 1320 943 1347; x_wconf 84' lang='lat' dir='ltr'><strong>cap.</strong></span> <span class='ocrx_word' id='word_1_217' title='bbox 958 1312 1002 1345; x_wconf 80' lang='lat' dir='ltr'><strong>l9,</strong></span> 
     </span>
    </p>
   </div>
   <div class='ocr_carea' id='block_1_31' title="bbox 217 1357 1004 1393">
    <p class='ocr_par' dir='ltr' id='par_1_31' title="bbox 217 1357 1004 1393">
     <span class='ocr_line' id='line_1_31' title="bbox 217 1357 1004 1393; baseline 0 -8"><span class='ocrx_word' id='word_1_218' title='bbox 217 1357 352 1385; x_wconf 65' lang='lat' dir='ltr'><strong>Scaraba&#39;i</strong></span> <span class='ocrx_word' id='word_1_219' title='bbox 368 1359 488 1393; x_wconf 80' lang='lat' dir='ltr'><strong>pilularii</strong></span> <span class='ocrx_word' id='word_1_220' title='bbox 505 1358 533 1384; x_wconf 91' lang='lat' dir='ltr'><strong>in</strong></span> <span class='ocrx_word' id='word_1_221' title='bbox 547 1358 609 1392; x_wconf 79' lang='lat' dir='ltr'><strong>ﬁmo</strong></span> <span class='ocrx_word' id='word_1_222' title='bbox 629 1365 704 1392; x_wconf 85' lang='lat' dir='ltr'><strong>quem</strong></span> <span class='ocrx_word' id='word_1_223' title='bbox 728 1357 832 1384; x_wconf 78' lang='lat' dir='ltr'><strong>volvunt</strong></span> <span class='ocrx_word' id='word_1_224' title='bbox 854 1358 1004 1385; x_wconf 82' lang='lat' dir='ltr'><strong>conduntur</strong></span> 
     </span>
    </p>
   </div>
   <div class='ocr_carea' id='block_1_32' title="bbox 215 1403 1004 1439">
    <p class='ocr_par' dir='ltr' id='par_1_32' title="bbox 215 1403 1004 1439">
     <span class='ocr_line' id='line_1_32' title="bbox 215 1403 1004 1439; baseline 0.001 -9"><span class='ocrx_word' id='word_1_225' title='bbox 215 1413 262 1439; x_wconf 77' lang='lat' dir='ltr'><strong>per</strong></span> <span class='ocrx_word' id='word_1_226' title='bbox 281 1405 389 1432; x_wconf 78' lang='lat' dir='ltr'><strong>hiemem</strong></span> <span class='ocrx_word' id='word_1_227' title='bbox 413 1412 555 1439; x_wconf 76' lang='lat' dir='ltr'><strong>parvosque</strong></span> <span class='ocrx_word' id='word_1_228' title='bbox 578 1403 733 1431; x_wconf 79' lang='lat' dir='ltr'><strong>vermiculos</strong></span> <span class='ocrx_word' id='word_1_229' title='bbox 754 1404 874 1438; x_wconf 79' lang='lat' dir='ltr'><strong>pariunt,</strong></span> <span class='ocrx_word' id='word_1_230' title='bbox 899 1412 931 1432; x_wconf 76' lang='lat' dir='ltr'><strong>ea:</strong></span> <span class='ocrx_word' id='word_1_231' title='bbox 945 1405 1004 1439; x_wconf 78' lang='lat' dir='ltr'><strong>qui-</strong></span> 
     </span>
    </p>
   </div>
   <div class='ocr_carea' id='block_1_33' title="bbox 216 1450 522 1485">
    <p class='ocr_par' dir='ltr' id='par_1_33' title="bbox 216 1450 522 1485">
     <span class='ocr_line' id='line_1_33' title="bbox 216 1450 522 1485; baseline -0.007 -7"><span class='ocrx_word' id='word_1_232' title='bbox 216 1451 264 1478; x_wconf 72' lang='lat' dir='ltr'><strong>bus</strong></span> <span class='ocrx_word' id='word_1_233' title='bbox 280 1450 330 1484; x_wconf 78' lang='lat' dir='ltr'><strong>ipsi</strong></span> <span class='ocrx_word' id='word_1_234' title='bbox 341 1457 522 1485; x_wconf 81' lang='lat' dir='ltr'><strong>pracreantur.</strong></span> 
     </span>
    </p>
   </div>
   <div class='ocr_carea' id='block_1_34' title="bbox 250 1503 1036 1544">
    <p class='ocr_par' dir='ltr' id='par_1_34' title="bbox 250 1503 1036 1544">
     <span class='ocr_line' id='line_1_34' title="bbox 250 1503 1036 1544; baseline -0.003 -10"><span class='ocrx_word' id='word_1_235' title='bbox 250 1506 330 1538; x_wconf 76' lang='lat' dir='ltr'><strong>Ibid.,</strong></span> <span class='ocrx_word' id='word_1_236' title='bbox 348 1507 396 1533; x_wconf 86' lang='lat' dir='ltr'><strong>lin.</strong></span> <span class='ocrx_word' id='word_1_237' title='bbox 410 1504 455 1533; x_wconf 76' lang='grc'><strong>52.</strong></span> <span class='ocrx_word' id='word_1_238' title='bbox 473 1506 514 1531; x_wconf 90' lang='grc' dir='ltr'>οῠ</span> <span class='ocrx_word' id='word_1_239' title='bbox 535 1505 590 1540; x_wconf 79' lang='grc' dir='ltr'><strong>γὰρ</strong></span> <span class='ocrx_word' id='word_1_240' title='bbox 603 1503 698 1539; x_wconf 73' lang='grc' dir='ltr'>θῆλυς</span> <span class='ocrx_word' id='word_1_241' title='bbox 712 1503 801 1538; x_wconf 84' lang='grc' dir='ltr'><strong>ὐπάρ.</strong></span> <span class='ocrx_word' id='word_1_242' title='bbox 820 1504 920 1536; x_wconf 83' lang='lat' dir='ltr'><strong>Horus.</strong></span> <span class='ocrx_word' id='word_1_243' title='bbox 942 1504 1002 1532; x_wconf 90' lang='lat' dir='ltr'><strong>loco</strong></span> <span class='ocrx_word' id='word_1_244' title='bbox 1016 1515 1036 1544; x_wconf 72' lang='grc' dir='ltr'>ο</span> 
     </span>
    </p>
   </div>
   <div class='ocr_carea' id='block_1_35' title="bbox 216 1549 1001 1586">
    <p class='ocr_par' dir='ltr' id='par_1_35' title="bbox 216 1549 1001 1586">
     <span class='ocr_line' id='line_1_35' title="bbox 216 1549 1001 1586; baseline -0.004 -6"><span class='ocrx_word' id='word_1_245' title='bbox 216 1554 300 1580; x_wconf 89' lang='lat' dir='ltr'><strong>citato</strong></span> <span class='ocrx_word' id='word_1_246' title='bbox 316 1552 351 1579; x_wconf 89' lang='lat' dir='ltr'><strong>De</strong></span> <span class='ocrx_word' id='word_1_247' title='bbox 374 1551 435 1579; x_wconf 87' lang='lat' dir='ltr'><strong>hist.</strong></span> <span class='ocrx_word' id='word_1_248' title='bbox 452 1550 533 1578; x_wconf 83' lang='lat' dir='ltr'><strong>anim.</strong></span> <span class='ocrx_word' id='word_1_249' title='bbox 551 1550 598 1578; x_wconf 87' lang='lat' dir='ltr'><strong>lib.</strong></span> <span class='ocrx_word' id='word_1_250' title='bbox 617 1558 645 1582; x_wconf 75' lang='grc' dir='ltr'>ι,</span> <span class='ocrx_word' id='word_1_251' title='bbox 667 1557 728 1585; x_wconf 87' lang='lat' dir='ltr'><strong>cap.</strong></span> <span class='ocrx_word' id='word_1_252' title='bbox 745 1550 788 1582; x_wconf 79' lang='lat'><strong>15,</strong></span> <span class='ocrx_word' id='word_1_253' title='bbox 810 1550 905 1578; x_wconf 89' lang='lat' dir='ltr'><strong>scribit</strong></span> <span class='ocrx_word' id='word_1_254' title='bbox 917 1549 1001 1586; x_wconf 66' lang='lat' dir='ltr'><strong>Egy-</strong></span> 
     </span>
    </p>
   </div>
   <div class='ocr_carea' id='block_1_36' title="bbox 217 1595 1000 1634">
    <p class='ocr_par' dir='ltr' id='par_1_36' title="bbox 217 1595 1000 1634">
     <span class='ocr_line' id='line_1_36' title="bbox 217 1595 1000 1634; baseline -0.004 -9"><span class='ocrx_word' id='word_1_255' title='bbox 217 1599 335 1634; x_wconf 88' lang='lat' dir='ltr'><strong>ptiorum</strong></span> <span class='ocrx_word' id='word_1_256' title='bbox 343 1597 488 1625; x_wconf 80' lang='lat' dir='ltr'><strong>bellatores</strong></span> <span class='ocrx_word' id='word_1_257' title='bbox 497 1596 523 1624; x_wconf 92' lang='lat' dir='ltr'><strong>in</strong></span> <span class='ocrx_word' id='word_1_258' title='bbox 539 1596 647 1623; x_wconf 84' lang='lat' dir='ltr'><strong>annulis</strong></span> <span class='ocrx_word' id='word_1_259' title='bbox 659 1595 824 1630; x_wconf 87' lang='lat' dir='ltr'><strong>insculptum</strong></span> <span class='ocrx_word' id='word_1_260' title='bbox 833 1596 1000 1623; x_wconf 73' lang='lat' dir='ltr'><strong>scarabaeum</strong></span> 
     </span>
    </p>
   </div>
   <div class='ocr_carea' id='block_1_37' title="bbox 216 1642 1000 1680">
    <p class='ocr_par' dir='ltr' id='par_1_37' title="bbox 216 1642 1000 1680">
     <span class='ocr_line' id='line_1_37' title="bbox 216 1642 1000 1680; baseline -0.004 -8"><span class='ocrx_word' id='word_1_261' title='bbox 216 1648 340 1680; x_wconf 70' lang='lat' dir='ltr'><strong>gestasse</strong></span> <span class='ocrx_word' id='word_1_262' title='bbox 354 1643 388 1671; x_wconf 87' lang='lat' dir='ltr'><strong>ad</strong></span> <span class='ocrx_word' id='word_1_263' title='bbox 405 1642 614 1678; x_wconf 69' lang='lat' dir='ltr'><strong>signiﬁcandum</strong></span> <span class='ocrx_word' id='word_1_264' title='bbox 628 1642 695 1669; x_wconf 82' lang='lat' dir='ltr'><strong>solis</strong></span> <span class='ocrx_word' id='word_1_265' title='bbox 712 1642 835 1669; x_wconf 87' lang='lat' dir='ltr'><strong>maribus</strong></span> <span class='ocrx_word' id='word_1_266' title='bbox 850 1649 898 1676; x_wconf 91' lang='lat' dir='ltr'><strong>pro</strong></span> <span class='ocrx_word' id='word_1_267' title='bbox 914 1643 1000 1677; x_wconf 84' lang='lat' dir='ltr'><strong>patria</strong></span> 
     </span>
    </p>
   </div>
   <div class='ocr_carea' id='block_1_38' title="bbox 216 1688 1002 1724">
    <p class='ocr_par' dir='ltr' id='par_1_38' title="bbox 216 1688 1002 1724">
     <span class='ocr_line' id='line_1_38' title="bbox 216 1688 1002 1724; baseline -0.004 -6"><span class='ocrx_word' id='word_1_268' title='bbox 216 1699 278 1719; x_wconf 86' lang='lat' dir='ltr'><strong>esse</strong></span> <span class='ocrx_word' id='word_1_269' title='bbox 293 1689 458 1721; x_wconf 85' lang='lat' dir='ltr'><strong>bellandum,</strong></span> <span class='ocrx_word' id='word_1_270' title='bbox 470 1688 543 1724; x_wconf 89' lang='lat' dir='ltr'><strong>quod</strong></span> <span class='ocrx_word' id='word_1_271' title='bbox 566 1689 720 1716; x_wconf 75' lang='lat' dir='ltr'><strong>scarabteus</strong></span> <span class='ocrx_word' id='word_1_272' title='bbox 742 1692 819 1715; x_wconf 83' lang='lat' dir='ltr'><strong>caret</strong></span> <span class='ocrx_word' id='word_1_273' title='bbox 836 1688 944 1716; x_wconf 85' lang='lat' dir='ltr'><strong>femina.</strong></span> <span class='ocrx_word' id='word_1_274' title='bbox 956 1690 1002 1715; x_wconf 80' lang='grc' dir='ltr'><strong>Αἰ-</strong></span> 
     </span>
    </p>
   </div>
   <div class='ocr_carea' id='block_1_39' title="bbox 216 1732 1001 1770">
    <p class='ocr_par' dir='ltr' id='par_1_39' title="bbox 216 1732 1001 1770">
     <span class='ocr_line' id='line_1_39' title="bbox 216 1732 1001 1770; baseline -0.003 -7"><span class='ocrx_word' id='word_1_275' title='bbox 216 1736 338 1770; x_wconf 79' lang='grc' dir='ltr'>γυπτίων</span> <span class='ocrx_word' id='word_1_276' title='bbox 365 1735 393 1762; x_wconf 69' lang='grc' dir='ltr'>δὲ</span> <span class='ocrx_word' id='word_1_277' title='bbox 415 1735 441 1762; x_wconf 85' lang='grc' dir='ltr'><strong>οἰ</strong></span> <span class='ocrx_word' id='word_1_278' title='bbox 460 1734 573 1770; x_wconf 80' lang='grc' dir='ltr'>μάχιμοι</span> <span class='ocrx_word' id='word_1_279' title='bbox 598 1734 644 1760; x_wconf 73' lang='grc' dir='ltr'><strong>ἐπὶ</strong></span> <span class='ocrx_word' id='word_1_280' title='bbox 673 1733 728 1759; x_wconf 85' lang='grc' dir='ltr'><strong>τῶν</strong></span> <span class='ocrx_word' id='word_1_281' title='bbox 758 1733 907 1760; x_wconf 84' lang='grc' dir='ltr'><strong>δακτυλίων</strong></span> <span class='ocrx_word' id='word_1_282' title='bbox 930 1732 1001 1769; x_wconf 78' lang='grc' dir='ltr'>εἶχον</span> 
     </span>
    </p>
   </div>
   <div class='ocr_carea' id='block_1_40' title="bbox 217 1779 1001 1818">
    <p class='ocr_par' dir='ltr' id='par_1_40' title="bbox 217 1779 1001 1818">
     <span class='ocr_line' id='line_1_40' title="bbox 217 1779 1001 1818; baseline -0.006 -7"><span class='ocrx_word' id='word_1_283' title='bbox 217 1781 436 1818; x_wconf 80' lang='grc' dir='ltr'><strong>ἐγγεγλυμμένον</strong></span> <span class='ocrx_word' id='word_1_284' title='bbox 458 1780 603 1815; x_wconf 77' lang='grc' dir='ltr'><strong>κάνθαρον,</strong></span> <span class='ocrx_word' id='word_1_285' title='bbox 623 1779 808 1814; x_wconf 82' lang='grc' dir='ltr'>αἰνιττομένου</span> <span class='ocrx_word' id='word_1_286' title='bbox 821 1779 869 1806; x_wconf 82' lang='grc' dir='ltr'><strong>τοῦ</strong></span> <span class='ocrx_word' id='word_1_287' title='bbox 887 1780 1001 1815; x_wconf 82' lang='grc' dir='ltr'>νομοθέ-</span> 
     </span>
    </p>
   </div>
   <div class='ocr_carea' id='block_1_41' title="bbox 216 1823 1002 1863">
    <p class='ocr_par' dir='ltr' id='par_1_41' title="bbox 216 1823 1002 1863">
     <span class='ocr_line' id='line_1_41' title="bbox 216 1823 1002 1863; baseline -0.008 -7"><span class='ocrx_word' id='word_1_288' title='bbox 216 1837 263 1856; x_wconf 87' lang='grc' dir='ltr'><strong>του</strong></span> <span class='ocrx_word' id='word_1_289' title='bbox 280 1828 334 1854; x_wconf 85' lang='grc' dir='ltr'><strong>δεῖν</strong></span> <span class='ocrx_word' id='word_1_290' title='bbox 350 1826 466 1863; x_wconf 74' lang='grc' dir='ltr'>ἄρρενας</span> <span class='ocrx_word' id='word_1_291' title='bbox 489 1823 558 1851; x_wconf 71' lang='grc' dir='ltr'>εἶναι</span> <span class='ocrx_word' id='word_1_292' title='bbox 574 1823 678 1854; x_wconf 76' lang='grc' dir='ltr'>πάντας</span> <span class='ocrx_word' id='word_1_293' title='bbox 697 1823 785 1857; x_wconf 85' lang='grc' dir='ltr'>πάντη</span> <span class='ocrx_word' id='word_1_294' title='bbox 800 1823 863 1854; x_wconf 79' lang='grc' dir='ltr'>τοὺς</span> <span class='ocrx_word' id='word_1_295' title='bbox 883 1823 1002 1858; x_wconf 84' lang='grc' dir='ltr'>μαχομέ-</span> 
     </span>
    </p>
   </div>
   <div class='ocr_carea' id='block_1_42' title="bbox 217 1868 1002 1908">
    <p class='ocr_par' dir='ltr' id='par_1_42' title="bbox 217 1868 1002 1908">
     <span class='ocr_line' id='line_1_42' title="bbox 217 1868 1002 1908; baseline -0.008 -6"><span class='ocrx_word' id='word_1_296' title='bbox 217 1883 278 1906; x_wconf 88' lang='grc' dir='ltr'>νους</span> <span class='ocrx_word' id='word_1_297' title='bbox 295 1873 365 1908; x_wconf 80' lang='grc' dir='ltr'>ὑπὲρ</span> <span class='ocrx_word' id='word_1_298' title='bbox 382 1872 430 1907; x_wconf 85' lang='grc' dir='ltr'>τῆς</span> <span class='ocrx_word' id='word_1_299' title='bbox 444 1870 546 1906; x_wconf 78' lang='grc' dir='ltr'>χώρας.</span> <span class='ocrx_word' id='word_1_300' title='bbox 568 1869 643 1896; x_wconf 76' lang='grc' dir='ltr'><strong>Ἐπεὶ</strong></span> <span class='ocrx_word' id='word_1_301' title='bbox 657 1869 705 1896; x_wconf 74' lang='grc' dir='ltr'><strong>καὶ</strong></span> <span class='ocrx_word' id='word_1_302' title='bbox 717 1870 731 1895; x_wconf 84' lang='grc' dir='ltr'><strong>ὁ</strong></span> <span class='ocrx_word' id='word_1_303' title='bbox 744 1868 877 1905; x_wconf 83' lang='grc' dir='ltr'>κάνθαρος</span> <span class='ocrx_word' id='word_1_304' title='bbox 893 1869 1002 1905; x_wconf 82' lang='grc' dir='ltr'>Θηλείας</span> 
     </span>
    </p>
   </div>
   <div class='ocr_carea' id='block_1_43' title="bbox 218 1915 550 1954">
    <p class='ocr_par' dir='ltr' id='par_1_43' title="bbox 218 1915 550 1954">
     <span class='ocr_line' id='line_1_43' title="bbox 218 1915 550 1954; baseline -0.018 -8"><span class='ocrx_word' id='word_1_305' title='bbox 218 1919 325 1954; x_wconf 69' lang='grc' dir='ltr'>φύσεως</span> <span class='ocrx_word' id='word_1_306' title='bbox 337 1918 367 1944; x_wconf 79' lang='grc' dir='ltr'>οὺ</span> <span class='ocrx_word' id='word_1_307' title='bbox 383 1915 550 1952; x_wconf 83' lang='grc' dir='ltr'>μετείληχεν.</span> 
     </span>
    </p>
   </div>
   <div class='ocr_carea' id='block_1_44' title="bbox 252 1958 1003 1994">
    <p class='ocr_par' dir='ltr' id='par_1_44' title="bbox 252 1958 1003 1994">
     <span class='ocr_line' id='line_1_44' title="bbox 252 1958 1003 1994; baseline -0.005 -3"><span class='ocrx_word' id='word_1_308' title='bbox 252 1963 318 1992; x_wconf 87' lang='lat' dir='ltr'><strong>Ibid.</strong></span> <span class='ocrx_word' id='word_1_309' title='bbox 337 1962 390 1989; x_wconf 83' lang='lat' dir='ltr'><strong>Kal</strong></span> <span class='ocrx_word' id='word_1_310' title='bbox 406 1962 433 1987; x_wconf 82' lang='grc' dir='ltr'><strong>οἰ</strong></span> <span class='ocrx_word' id='word_1_311' title='bbox 450 1961 602 1994; x_wconf 75' lang='grc' dir='ltr'>Αἰγύπτιοι</span> <span class='ocrx_word' id='word_1_312' title='bbox 618 1958 667 1986; x_wconf 77' lang='grc' dir='ltr'>διὰ</span> <span class='ocrx_word' id='word_1_313' title='bbox 687 1958 754 1992; x_wconf 76' lang='grc' dir='ltr'><strong>τήν.</strong></span> <span class='ocrx_word' id='word_1_314' title='bbox 781 1959 880 1986; x_wconf 65' lang='lat' dir='ltr'><strong>Praeter</strong></span> <span class='ocrx_word' id='word_1_315' title='bbox 896 1959 1003 1987; x_wconf 87' lang='lat' dir='ltr'><strong>Plutar-</strong></span> 
     </span>
    </p>
   </div>
   <div class='ocr_carea' id='block_1_45' title="bbox 218 2003 1000 2038">
    <p class='ocr_par' dir='ltr' id='par_1_45' title="bbox 218 2003 1000 2038">
     <span class='ocr_line' id='line_1_45' title="bbox 218 2003 1000 2038; baseline -0.008 -1"><span class='ocrx_word' id='word_1_316' title='bbox 218 2011 300 2038; x_wconf 85' lang='lat' dir='ltr'><strong>chum</strong></span> <span class='ocrx_word' id='word_1_317' title='bbox 314 2013 341 2035; x_wconf 88' lang='lat' dir='ltr'><strong>et</strong></span> <span class='ocrx_word' id='word_1_318' title='bbox 358 2006 507 2037; x_wconf 65' lang='lat' dir='ltr'><strong>Elianum,</strong></span> <span class='ocrx_word' id='word_1_319' title='bbox 528 2003 662 2031; x_wconf 82' lang='lat' dir='ltr'><strong>Eusebius</strong></span> <span class='ocrx_word' id='word_1_320' title='bbox 680 2003 726 2030; x_wconf 93' lang='lat' dir='ltr'><strong>lib.</strong></span> <span class='ocrx_word' id='word_1_321' title='bbox 743 2011 771 2030; x_wconf 94' lang='grc' dir='ltr'>ιιι</span> <span class='ocrx_word' id='word_1_322' title='bbox 798 2003 836 2030; x_wconf 87' lang='lat' dir='ltr'><strong>De</strong></span> <span class='ocrx_word' id='word_1_323' title='bbox 857 2010 1000 2038; x_wconf 73' lang='lat' dir='ltr'><strong>prwparat.</strong></span> 
     </span>
    </p>
   </div>
   <div class='ocr_carea' id='block_1_46' title="bbox 217 2051 1003 2091">
    <p class='ocr_par' dir='ltr' id='par_1_46' title="bbox 217 2051 1003 2091">
     <span class='ocr_line' id='line_1_46' title="bbox 217 2051 1003 2091; baseline -0.009 -7"><span class='ocrx_word' id='word_1_324' title='bbox 217 2056 334 2091; x_wconf 82' lang='lat' dir='ltr'><strong>euangel.</strong></span> <span class='ocrx_word' id='word_1_325' title='bbox 351 2055 421 2082; x_wconf 87' lang='lat' dir='ltr'><strong>idem</strong></span> <span class='ocrx_word' id='word_1_326' title='bbox 447 2054 524 2080; x_wconf 80' lang='lat' dir='ltr'><strong>alTert</strong></span> <span class='ocrx_word' id='word_1_327' title='bbox 537 2060 569 2080; x_wconf 79' lang='lat' dir='ltr'><strong>ex</strong></span> <span class='ocrx_word' id='word_1_328' title='bbox 585 2052 632 2079; x_wconf 89' lang='lat' dir='ltr'><strong>lib.</strong></span> <span class='ocrx_word' id='word_1_329' title='bbox 649 2051 781 2087; x_wconf 85' lang='lat' dir='ltr'><strong>Porphyr.</strong></span> <span class='ocrx_word' id='word_1_330' title='bbox 798 2052 866 2085; x_wconf 83' lang='grc' dir='ltr'><strong>Περί</strong></span> <span class='ocrx_word' id='word_1_331' title='bbox 879 2051 932 2085; x_wconf 83' lang='grc' dir='ltr'>τῆς</span> <span class='ocrx_word' id='word_1_332' title='bbox 944 2052 1003 2078; x_wconf 84' lang='grc' dir='ltr'><strong>τῶν</strong></span> 
     </span>
    </p>
   </div>
   <div class='ocr_carea' id='block_1_47' title="bbox 218 2097 1003 2137">
    <p class='ocr_par' dir='ltr' id='par_1_47' title="bbox 218 2097 1003 2137">
     <span class='ocr_line' id='line_1_47' title="bbox 218 2097 1003 2137; baseline -0.006 -7"><span class='ocrx_word' id='word_1_333' title='bbox 218 2102 360 2137; x_wconf 72' lang='grc' dir='ltr'><strong>ἐμψύχων</strong></span> <span class='ocrx_word' id='word_1_334' title='bbox 368 2099 492 2134; x_wconf 80' lang='grc' dir='ltr'><strong>ἀποχῆς.</strong></span> <span class='ocrx_word' id='word_1_335' title='bbox 505 2098 646 2133; x_wconf 83' lang='grc' dir='ltr'>Αἰγύπτιοι</span> <span class='ocrx_word' id='word_1_336' title='bbox 661 2098 689 2124; x_wconf 80' lang='grc' dir='ltr'>δὲ</span> <span class='ocrx_word' id='word_1_337' title='bbox 701 2097 853 2132; x_wconf 67' lang='grc' dir='ltr'>ὲσέςρθησαν</span> <span class='ocrx_word' id='word_1_338' title='bbox 863 2097 900 2129; x_wconf 81' lang='grc' dir='ltr'>ὡς</span> <span class='ocrx_word' id='word_1_339' title='bbox 912 2099 1003 2125; x_wconf 80' lang='grc' dir='ltr'>εἰκόνα</span> 
     </span>
    </p>
   </div>
   <div class='ocr_carea' id='block_1_48' title="bbox 219 2143 1002 2184">
    <p class='ocr_par' dir='ltr' id='par_1_48' title="bbox 219 2143 1002 2184">
     <span class='ocr_line' id='line_1_48' title="bbox 219 2143 1002 2184; baseline -0.008 -9"><span class='ocrx_word' id='word_1_340' title='bbox 219 2149 294 2184; x_wconf 82' lang='grc' dir='ltr'>ὴλ-ίου</span> <span class='ocrx_word' id='word_1_341' title='bbox 318 2147 454 2182; x_wconf 74' lang='grc' dir='ltr'>ἔμψυχον,</span> <span class='ocrx_word' id='word_1_342' title='bbox 475 2145 502 2172; x_wconf 91' lang='lat' dir='ltr'><strong>in</strong></span> <span class='ocrx_word' id='word_1_343' title='bbox 519 2152 598 2179; x_wconf 85' lang='lat' dir='ltr'><strong>quem</strong></span> <span class='ocrx_word' id='word_1_344' title='bbox 621 2144 752 2171; x_wconf 86' lang='lat' dir='ltr'><strong>acerrime</strong></span> <span class='ocrx_word' id='word_1_345' title='bbox 775 2143 912 2171; x_wconf 88' lang='lat' dir='ltr'><strong>invehitur</strong></span> <span class='ocrx_word' id='word_1_346' title='bbox 932 2143 1002 2170; x_wconf 84' lang='lat' dir='ltr'><strong>Pisi-</strong></span> 
     </span>
    </p>
   </div>
   <div class='ocr_carea' id='block_1_49' title="bbox 1052 211 1835 250">
    <p class='ocr_par' dir='ltr' id='par_1_49' title="bbox 1052 211 1835 250">
     <span class='ocr_line' id='line_1_49' title="bbox 1052 211 1835 250; baseline -0.004 -9"><span class='ocrx_word' id='word_1_347' title='bbox 1052 215 1116 246; x_wconf 83' lang='grc' dir='ltr'>ῐδοις</span> <span class='ocrx_word' id='word_1_348' title='bbox 1124 214 1225 250; x_wconf 73' lang='grc' dir='ltr'>δμὸρον</span> <span class='ocrx_word' id='word_1_349' title='bbox 1239 215 1271 240; x_wconf 85' lang='grc' dir='ltr'>ὲκ</span> <span class='ocrx_word' id='word_1_350' title='bbox 1279 214 1366 249; x_wconf 82' lang='grc' dir='ltr'>νεφῶν</span> <span class='ocrx_word' id='word_1_351' title='bbox 1374 213 1544 248; x_wconf 72' lang='grc' dir='ltr'>ἀπορρυέντα</span> <span class='ocrx_word' id='word_1_352' title='bbox 1556 213 1620 248; x_wconf 85' lang='grc' dir='ltr'>παρ’</span> <span class='ocrx_word' id='word_1_353' title='bbox 1629 212 1692 239; x_wconf 82' lang='grc' dir='ltr'>ὅσον</span> <span class='ocrx_word' id='word_1_354' title='bbox 1703 211 1797 246; x_wconf 78' lang='grc' dir='ltr'>χρόνον</span> <span class='ocrx_word' id='word_1_355' title='bbox 1806 212 1835 238; x_wconf 73' lang='grc' dir='ltr'>ἐκ</span> 
     </span>
    </p>
   </div>
   <div class='ocr_carea' id='block_1_50' title="bbox 1051 257 1833 295">
    <p class='ocr_par' dir='ltr' id='par_1_50' title="bbox 1051 257 1833 295">
     <span class='ocr_line' id='line_1_50' title="bbox 1051 257 1833 295; baseline -0.004 -9"><span class='ocrx_word' id='word_1_356' title='bbox 1051 260 1104 286; x_wconf 82' lang='grc' dir='ltr'><strong>τῶν</strong></span> <span class='ocrx_word' id='word_1_357' title='bbox 1115 260 1266 295; x_wconf 78' lang='grc' dir='ltr'><strong>μυρμήκων</strong></span> <span class='ocrx_word' id='word_1_358' title='bbox 1275 261 1289 286; x_wconf 85' lang='grc' dir='ltr'>ὁ</span> <span class='ocrx_word' id='word_1_359' title='bbox 1297 261 1369 291; x_wconf 81' lang='grc' dir='ltr'>σῖτος</span> <span class='ocrx_word' id='word_1_360' title='bbox 1377 259 1566 295; x_wconf 72' lang='grc' dir='ltr'>προϐέϐληται.</span> <span class='ocrx_word' id='word_1_361' title='bbox 1577 258 1678 290; x_wconf 82' lang='lat' dir='ltr'><strong>Horus,</strong></span> <span class='ocrx_word' id='word_1_362' title='bbox 1689 257 1738 284; x_wconf 87' lang='lat' dir='ltr'><strong>lib.</strong></span> <span class='ocrx_word' id='word_1_363' title='bbox 1751 265 1770 289; x_wconf 87' lang='grc' dir='ltr'>ι,</span> <span class='ocrx_word' id='word_1_364' title='bbox 1778 265 1833 292; x_wconf 83' lang='lat' dir='ltr'><strong>cap.</strong></span> 
     </span>
    </p>
   </div>
   <div class='ocr_carea' id='block_1_51' title="bbox 1051 305 1836 343">
    <p class='ocr_par' dir='ltr' id='par_1_51' title="bbox 1051 305 1836 343">
     <span class='ocr_line' id='line_1_51' title="bbox 1051 305 1836 343; baseline 0.004 -11"><span class='ocrx_word' id='word_1_365' title='bbox 1051 305 1095 335; x_wconf 76' lang='grc'><strong>52,</strong></span> <span class='ocrx_word' id='word_1_366' title='bbox 1106 306 1154 337; x_wconf 79' lang='lat' dir='ltr'><strong>ait,</strong></span> <span class='ocrx_word' id='word_1_367' title='bbox 1162 305 1289 333; x_wconf 85' lang='lat' dir='ltr'><strong>formicas</strong></span> <span class='ocrx_word' id='word_1_368' title='bbox 1297 307 1325 334; x_wconf 91' lang='lat' dir='ltr'><strong>in</strong></span> <span class='ocrx_word' id='word_1_369' title='bbox 1333 307 1448 334; x_wconf 89' lang='lat' dir='ltr'><strong>hiemem</strong></span> <span class='ocrx_word' id='word_1_370' title='bbox 1456 307 1507 333; x_wconf 85' lang='lat' dir='ltr'><strong>sibi</strong></span> <span class='ocrx_word' id='word_1_371' title='bbox 1517 307 1592 335; x_wconf 84' lang='lat' dir='ltr'><strong>cibos</strong></span> <span class='ocrx_word' id='word_1_372' title='bbox 1601 315 1752 343; x_wconf 75' lang='lat' dir='ltr'><strong>congerere</strong></span> <span class='ocrx_word' id='word_1_373' title='bbox 1759 314 1786 334; x_wconf 76' lang='lat' dir='ltr'><strong>et</strong></span> <span class='ocrx_word' id='word_1_374' title='bbox 1797 315 1836 335; x_wconf 87' lang='lat' dir='ltr'><strong>eo-</strong></span> 
     </span>
    </p>
   </div>
   <div class='ocr_carea' id='block_1_52' title="bbox 1052 352 1836 388">
    <p class='ocr_par' dir='ltr' id='par_1_52' title="bbox 1052 352 1836 388">
     <span class='ocr_line' id='line_1_52' title="bbox 1052 352 1836 388; baseline 0.003 -10"><span class='ocrx_word' id='word_1_375' title='bbox 1052 359 1111 378; x_wconf 87' lang='lat' dir='ltr'><strong>rum</strong></span> <span class='ocrx_word' id='word_1_376' title='bbox 1119 352 1237 379; x_wconf 88' lang='lat' dir='ltr'><strong>studium</strong></span> <span class='ocrx_word' id='word_1_377' title='bbox 1251 353 1278 379; x_wconf 93' lang='lat' dir='ltr'><strong>in</strong></span> <span class='ocrx_word' id='word_1_378' title='bbox 1289 353 1410 387; x_wconf 88' lang='lat' dir='ltr'><strong>parando</strong></span> <span class='ocrx_word' id='word_1_379' title='bbox 1426 353 1477 380; x_wconf 87' lang='lat' dir='ltr'><strong>sibi</strong></span> <span class='ocrx_word' id='word_1_380' title='bbox 1491 353 1597 384; x_wconf 88' lang='lat' dir='ltr'><strong>cibo.et</strong></span> <span class='ocrx_word' id='word_1_381' title='bbox 1611 353 1776 388; x_wconf 75' lang='lat' dir='ltr'><strong>colligendis</strong></span> <span class='ocrx_word' id='word_1_382' title='bbox 1787 354 1836 380; x_wconf 86' lang='lat' dir='ltr'><strong>fru-</strong></span> 
     </span>
    </p>
   </div>
   <div class='ocr_carea' id='block_1_53' title="bbox 1051 398 1834 434">
    <p class='ocr_par' dir='ltr' id='par_1_53' title="bbox 1051 398 1834 434">
     <span class='ocr_line' id='line_1_53' title="bbox 1051 398 1834 434; baseline 0.003 -10"><span class='ocrx_word' id='word_1_383' title='bbox 1051 398 1141 425; x_wconf 83' lang='lat' dir='ltr'><strong>ctibus</strong></span> <span class='ocrx_word' id='word_1_384' title='bbox 1153 398 1465 432; x_wconf 80' lang='lat' dir='ltr'><strong>espressitAristoteles,</strong></span> <span class='ocrx_word' id='word_1_385' title='bbox 1481 399 1518 426; x_wconf 92' lang='lat' dir='ltr'><strong>lib</strong></span> <span class='ocrx_word' id='word_1_386' title='bbox 1539 407 1576 431; x_wconf 77' lang='lat' dir='ltr'><strong>is,</strong></span> <span class='ocrx_word' id='word_1_387' title='bbox 1592 407 1652 434; x_wconf 84' lang='lat' dir='ltr'><strong>cap.</strong></span> <span class='ocrx_word' id='word_1_388' title='bbox 1666 399 1711 426; x_wconf 80' lang='lat'><strong>58.</strong></span> <span class='ocrx_word' id='word_1_389' title='bbox 1722 398 1834 430; x_wconf 83' lang='lat' dir='ltr'><strong>Plinius.</strong></span> 
     </span>
    </p>
   </div>
   <div class='ocr_carea' id='block_1_54' title="bbox 1052 443 1836 478">
    <p class='ocr_par' dir='ltr' id='par_1_54' title="bbox 1052 443 1836 478">
     <span class='ocr_line' id='line_1_54' title="bbox 1052 443 1836 478; baseline 0.001 -8"><span class='ocrx_word' id='word_1_390' title='bbox 1052 443 1098 470; x_wconf 89' lang='lat' dir='ltr'><strong>lib.</strong></span> <span class='ocrx_word' id='word_1_391' title='bbox 1118 451 1155 474; x_wconf 81' lang='lat' dir='ltr'><strong>si.</strong></span> <span class='ocrx_word' id='word_1_392' title='bbox 1176 451 1237 478; x_wconf 82' lang='lat' dir='ltr'><strong>cap.</strong></span> <span class='ocrx_word' id='word_1_393' title='bbox 1259 443 1303 475; x_wconf 73' lang='lat'><strong>50,</strong></span> <span class='ocrx_word' id='word_1_394' title='bbox 1317 451 1349 470; x_wconf 79' lang='lat' dir='ltr'><strong>ex</strong></span> <span class='ocrx_word' id='word_1_395' title='bbox 1362 443 1517 474; x_wconf 76' lang='lat' dir='ltr'><strong>Aristotele.</strong></span> <span class='ocrx_word' id='word_1_396' title='bbox 1541 444 1648 471; x_wconf 79' lang='lat' dir='ltr'><strong>Semina</strong></span> <span class='ocrx_word' id='word_1_397' title='bbox 1665 453 1763 472; x_wconf 73' lang='lat' dir='ltr'><strong>arroso</strong></span> <span class='ocrx_word' id='word_1_398' title='bbox 1777 453 1836 471; x_wconf 76' lang='grc' dir='ltr'><strong>ωη-</strong></span> 
     </span>
    </p>
   </div>
   <div class='ocr_carea' id='block_1_55' title="bbox 1052 488 1836 524">
    <p class='ocr_par' dir='ltr' id='par_1_55' title="bbox 1052 488 1836 524">
     <span class='ocr_line' id='line_1_55' title="bbox 1052 488 1836 524; baseline 0.003 -10"><span class='ocrx_word' id='word_1_399' title='bbox 1052 488 1129 520; x_wconf 76' lang='lat' dir='ltr'><strong>dunt,</strong></span> <span class='ocrx_word' id='word_1_400' title='bbox 1156 496 1188 516; x_wconf 70' lang='lat' dir='ltr'><strong>ne</strong></span> <span class='ocrx_word' id='word_1_401' title='bbox 1210 497 1303 516; x_wconf 83' lang='lat' dir='ltr'><strong>rursus</strong></span> <span class='ocrx_word' id='word_1_402' title='bbox 1325 489 1353 516; x_wconf 86' lang='lat' dir='ltr'><strong>in</strong></span> <span class='ocrx_word' id='word_1_403' title='bbox 1371 489 1459 524; x_wconf 79' lang='lat' dir='ltr'><strong>fruges</strong></span> <span class='ocrx_word' id='word_1_404' title='bbox 1479 494 1570 516; x_wconf 70' lang='lat' dir='ltr'><strong>exeanl</strong></span> <span class='ocrx_word' id='word_1_405' title='bbox 1589 498 1603 517; x_wconf 87' lang='lat' dir='ltr'><strong>e</strong></span> <span class='ocrx_word' id='word_1_406' title='bbox 1621 495 1705 517; x_wconf 88' lang='lat' dir='ltr'><strong>terra.</strong></span> <span class='ocrx_word' id='word_1_407' title='bbox 1731 490 1836 524; x_wconf 60' lang='grc' dir='ltr'>Μῄονα</span> 
     </span>
    </p>
   </div>
   <div class='ocr_carea' id='block_1_56' title="bbox 1052 534 1836 570">
    <p class='ocr_par' dir='ltr' id='par_1_56' title="bbox 1052 534 1836 570">
     <span class='ocr_line' id='line_1_56' title="bbox 1052 534 1836 570; baseline 0.001 -9"><span class='ocrx_word' id='word_1_408' title='bbox 1052 535 1087 561; x_wconf 83' lang='lat' dir='ltr'><strong>ad</strong></span> <span class='ocrx_word' id='word_1_409' title='bbox 1103 535 1239 562; x_wconf 82' lang='lat' dir='ltr'><strong>introitum</strong></span> <span class='ocrx_word' id='word_1_410' title='bbox 1258 534 1388 561; x_wconf 78' lang='lat' dir='ltr'><strong>dividunt.</strong></span> <span class='ocrx_word' id='word_1_411' title='bbox 1413 534 1565 570; x_wconf 73' lang='lat' dir='ltr'><strong>Madefacta</strong></span> <span class='ocrx_word' id='word_1_412' title='bbox 1586 536 1667 563; x_wconf 75' lang='lat' dir='ltr'><strong>imbre</strong></span> <span class='ocrx_word' id='word_1_413' title='bbox 1687 536 1836 570; x_wconf 75' lang='lat' dir='ltr'><strong>proferunt,</strong></span> 
     </span>
    </p>
   </div>
   <div class='ocr_carea' id='block_1_57' title="bbox 1053 581 1836 616">
    <p class='ocr_par' dir='ltr' id='par_1_57' title="bbox 1053 581 1836 616">
     <span class='ocr_line' id='line_1_57' title="bbox 1053 581 1836 616; baseline 0.003 -9"><span class='ocrx_word' id='word_1_414' title='bbox 1053 587 1129 616; x_wconf 81' lang='lat' dir='ltr'><strong>atque</strong></span> <span class='ocrx_word' id='word_1_415' title='bbox 1143 581 1253 610; x_wconf 79' lang='lat' dir='ltr'><strong>siccant.</strong></span> <span class='ocrx_word' id='word_1_416' title='bbox 1267 581 1416 615; x_wconf 84' lang='lat' dir='ltr'><strong>Operantur</strong></span> <span class='ocrx_word' id='word_1_417' title='bbox 1428 586 1452 608; x_wconf 81' lang='lat' dir='ltr'><strong>et</strong></span> <span class='ocrx_word' id='word_1_418' title='bbox 1462 588 1540 608; x_wconf 82' lang='lat' dir='ltr'><strong>noctu</strong></span> <span class='ocrx_word' id='word_1_419' title='bbox 1549 582 1624 615; x_wconf 85' lang='lat' dir='ltr'><strong>plena</strong></span> <span class='ocrx_word' id='word_1_420' title='bbox 1638 582 1711 609; x_wconf 85' lang='lat' dir='ltr'><strong>luna.</strong></span> <span class='ocrx_word' id='word_1_421' title='bbox 1732 581 1836 609; x_wconf 59' lang='lat' dir='ltr'><strong>Eadem</strong></span> 
     </span>
    </p>
   </div>
   <div class='ocr_carea' id='block_1_58' title="bbox 1052 626 1836 662">
    <p class='ocr_par' dir='ltr' id='par_1_58' title="bbox 1052 626 1836 662">
     <span class='ocr_line' id='line_1_58' title="bbox 1052 626 1836 662; baseline 0.001 -9"><span class='ocrx_word' id='word_1_422' title='bbox 1052 626 1193 654; x_wconf 80' lang='lat' dir='ltr'><strong>interlunio</strong></span> <span class='ocrx_word' id='word_1_423' title='bbox 1204 632 1316 654; x_wconf 85' lang='lat' dir='ltr'><strong>cessant.</strong></span> <span class='ocrx_word' id='word_1_424' title='bbox 1326 627 1388 654; x_wconf 84' lang='lat' dir='ltr'><strong>Jam</strong></span> <span class='ocrx_word' id='word_1_425' title='bbox 1402 628 1429 654; x_wconf 88' lang='lat' dir='ltr'><strong>in</strong></span> <span class='ocrx_word' id='word_1_426' title='bbox 1438 635 1514 660; x_wconf 80' lang='lat' dir='ltr'><strong>opere</strong></span> <span class='ocrx_word' id='word_1_427' title='bbox 1523 628 1566 662; x_wconf 81' lang='lat' dir='ltr'><strong>qui</strong></span> <span class='ocrx_word' id='word_1_428' title='bbox 1581 628 1674 654; x_wconf 87' lang='lat' dir='ltr'><strong>labor!</strong></span> <span class='ocrx_word' id='word_1_429' title='bbox 1687 636 1748 662; x_wconf 65' lang='lat' dir='ltr'><strong>que</strong></span> <span class='ocrx_word' id='word_1_430' title='bbox 1760 628 1836 654; x_wconf 78' lang='lat' dir='ltr'><strong>sedu-</strong></span> 
     </span>
    </p>
   </div>
   <div class='ocr_carea' id='block_1_59' title="bbox 1053 671 1835 707">
    <p class='ocr_par' dir='ltr' id='par_1_59' title="bbox 1053 671 1835 707">
     <span class='ocr_line' id='line_1_59' title="bbox 1053 671 1835 707; baseline 0.005 -11"><span class='ocrx_word' id='word_1_431' title='bbox 1053 671 1135 697; x_wconf 86' lang='lat' dir='ltr'><strong>litas!</strong></span> <span class='ocrx_word' id='word_1_432' title='bbox 1153 671 1288 702; x_wconf 65' lang='lat' dir='ltr'><strong>Elianus.</strong></span> <span class='ocrx_word' id='word_1_433' title='bbox 1307 672 1354 698; x_wconf 86' lang='lat' dir='ltr'><strong>lib.</strong></span> <span class='ocrx_word' id='word_1_434' title='bbox 1371 679 1401 704; x_wconf 86' lang='grc' dir='ltr'><strong>ιι,</strong></span> <span class='ocrx_word' id='word_1_435' title='bbox 1422 679 1482 706; x_wconf 81' lang='lat' dir='ltr'><strong>cap.</strong></span> <span class='ocrx_word' id='word_1_436' title='bbox 1497 671 1549 704; x_wconf 68' lang='lat'><strong>95;</strong></span> <span class='ocrx_word' id='word_1_437' title='bbox 1567 671 1700 707; x_wconf 76' lang='lat' dir='ltr'><strong>Georgius</strong></span> <span class='ocrx_word' id='word_1_438' title='bbox 1719 672 1835 704; x_wconf 72' lang='lat' dir='ltr'><strong>Pisides.</strong></span> 
     </span>
    </p>
   </div>
   <div class='ocr_carea' id='block_1_60' title="bbox 1053 715 1835 753">
    <p class='ocr_par' dir='ltr' id='par_1_60' title="bbox 1053 715 1835 753">
     <span class='ocr_line' id='line_1_60' title="bbox 1053 715 1835 753; baseline 0.004 -11"><span class='ocrx_word' id='word_1_439' title='bbox 1053 715 1092 743; x_wconf 84' lang='lat' dir='ltr'><strong>De</strong></span> <span class='ocrx_word' id='word_1_440' title='bbox 1109 716 1199 743; x_wconf 85' lang='lat' dir='ltr'><strong>mundi</strong></span> <span class='ocrx_word' id='word_1_441' title='bbox 1213 717 1335 751; x_wconf 79' lang='lat' dir='ltr'><strong>api/icio;</strong></span> <span class='ocrx_word' id='word_1_442' title='bbox 1350 716 1527 752; x_wconf 86' lang='lat' dir='ltr'><strong>Epiphanius,</strong></span> <span class='ocrx_word' id='word_1_443' title='bbox 1548 718 1574 744; x_wconf 92' lang='lat' dir='ltr'><strong>in</strong></span> <span class='ocrx_word' id='word_1_444' title='bbox 1590 716 1765 753; x_wconf 74' lang='lat' dir='ltr'><strong>Physiologo.</strong></span> <span class='ocrx_word' id='word_1_445' title='bbox 1776 726 1835 753; x_wconf 85' lang='lat' dir='ltr'><strong>cap.</strong></span> 
     </span>
    </p>
   </div>
   <div class='ocr_carea' id='block_1_61' title="bbox 1053 762 1839 799">
    <p class='ocr_par' dir='ltr' id='par_1_61' title="bbox 1053 762 1839 799">
     <span class='ocr_line' id='line_1_61' title="bbox 1053 762 1839 799; baseline 0.003 -10"><span class='ocrx_word' id='word_1_446' title='bbox 1053 770 1138 795; x_wconf 82' lang='lat' dir='ltr'><strong>xvnt;</strong></span> <span class='ocrx_word' id='word_1_447' title='bbox 1165 767 1261 790; x_wconf 84' lang='lat' dir='ltr'><strong>auctor</strong></span> <span class='ocrx_word' id='word_1_448' title='bbox 1286 763 1407 798; x_wconf 62' lang='lat' dir='ltr'><strong>epistolis</strong></span> <span class='ocrx_word' id='word_1_449' title='bbox 1426 763 1460 790; x_wconf 91' lang='lat' dir='ltr'><strong>ad</strong></span> <span class='ocrx_word' id='word_1_450' title='bbox 1486 762 1651 797; x_wconf 67' lang='lat' dir='ltr'><strong>praesidium,</strong></span> <span class='ocrx_word' id='word_1_451' title='bbox 1680 762 1731 790; x_wconf 87' lang='lat' dir='ltr'><strong>Dio</strong></span> <span class='ocrx_word' id='word_1_452' title='bbox 1757 763 1839 799; x_wconf 78' lang='lat' dir='ltr'><strong>Chry-</strong></span> 
     </span>
    </p>
   </div>
   <div class='ocr_carea' id='block_1_62' title="bbox 1054 809 1838 844">
    <p class='ocr_par' dir='ltr' id='par_1_62' title="bbox 1054 809 1838 844">
     <span class='ocr_line' id='line_1_62' title="bbox 1054 809 1838 844; baseline 0 -8"><span class='ocrx_word' id='word_1_453' title='bbox 1054 813 1201 840; x_wconf 84' lang='lat' dir='ltr'><strong>sostomus,</strong></span> <span class='ocrx_word' id='word_1_454' title='bbox 1215 809 1338 836; x_wconf 87' lang='lat' dir='ltr'><strong>oratione</strong></span> <span class='ocrx_word' id='word_1_455' title='bbox 1350 809 1459 843; x_wconf 90' lang='lat' dir='ltr'><strong>politica</strong></span> <span class='ocrx_word' id='word_1_456' title='bbox 1475 809 1502 835; x_wconf 91' lang='lat' dir='ltr'><strong>in</strong></span> <span class='ocrx_word' id='word_1_457' title='bbox 1518 809 1661 839; x_wconf 86' lang='lat' dir='ltr'><strong>concione.</strong></span> <span class='ocrx_word' id='word_1_458' title='bbox 1675 810 1731 835; x_wconf 70' lang='lat' dir='ltr'><strong>Kal</strong></span> <span class='ocrx_word' id='word_1_459' title='bbox 1748 810 1838 844; x_wconf 78' lang='grc' dir='ltr'>μέντοι</span> 
     </span>
    </p>
   </div>
   <div class='ocr_carea' id='block_1_63' title="bbox 1054 854 1838 891">
    <p class='ocr_par' dir='ltr' id='par_1_63' title="bbox 1054 854 1838 891">
     <span class='ocr_line' id='line_1_63' title="bbox 1054 854 1838 891; baseline 0.003 -10"><span class='ocrx_word' id='word_1_460' title='bbox 1054 855 1100 881; x_wconf 69' lang='grc' dir='ltr'>καὶ</span> <span class='ocrx_word' id='word_1_461' title='bbox 1120 854 1267 890; x_wconf 83' lang='grc' dir='ltr'>μύρμηκας</span> <span class='ocrx_word' id='word_1_462' title='bbox 1281 855 1352 881; x_wconf 82' lang='grc' dir='ltr'>πάνυ</span> <span class='ocrx_word' id='word_1_463' title='bbox 1367 855 1452 891; x_wconf 80' lang='grc' dir='ltr'>ἡδέως</span> <span class='ocrx_word' id='word_1_464' title='bbox 1472 855 1534 881; x_wconf 79' lang='grc' dir='ltr'><strong>ἰδεῖν</strong></span> <span class='ocrx_word' id='word_1_465' title='bbox 1550 855 1633 887; x_wconf 79' lang='grc' dir='ltr'>ἐστιν,</span> <span class='ocrx_word' id='word_1_466' title='bbox 1644 856 1719 888; x_wconf 81' lang='grc' dir='ltr'>ὅπως</span> <span class='ocrx_word' id='word_1_467' title='bbox 1734 856 1784 890; x_wconf 80' lang='grc' dir='ltr'><strong>μὲν</strong></span> <span class='ocrx_word' id='word_1_468' title='bbox 1807 858 1838 883; x_wconf 74' lang='lat' dir='ltr'><strong>al~</strong></span> 
     </span>
    </p>
   </div>
   <div class='ocr_carea' id='block_1_64' title="bbox 1054 901 1836 937">
    <p class='ocr_par' dir='ltr' id='par_1_64' title="bbox 1054 901 1836 937">
     <span class='ocr_line' id='line_1_64' title="bbox 1054 901 1836 937; baseline 0 -9"><span class='ocrx_word' id='word_1_469' title='bbox 1054 901 1131 928; x_wconf 79' lang='grc' dir='ltr'>κῡῦσι</span> <span class='ocrx_word' id='word_1_470' title='bbox 1146 903 1204 937; x_wconf 75' lang='grc' dir='ltr'><strong>μετ’</strong></span> <span class='ocrx_word' id='word_1_471' title='bbox 1217 901 1339 936; x_wconf 81' lang='grc' dir='ltr'><strong>ἀλλήλων</strong></span> <span class='ocrx_word' id='word_1_472' title='bbox 1358 901 1485 932; x_wconf 79' lang='grc' dir='ltr'><strong>εὐκόλως,</strong></span> <span class='ocrx_word' id='word_1_473' title='bbox 1502 901 1575 932; x_wconf 79' lang='grc' dir='ltr'>ὅπως</span> <span class='ocrx_word' id='word_1_474' title='bbox 1589 901 1617 927; x_wconf 84' lang='grc' dir='ltr'>δὲ</span> <span class='ocrx_word' id='word_1_475' title='bbox 1637 901 1752 934; x_wconf 75' lang='grc' dir='ltr'>ἐξίασιν,</span> <span class='ocrx_word' id='word_1_476' title='bbox 1767 902 1836 934; x_wconf 83' lang='grc' dir='ltr'>ὅπως</span> 
     </span>
    </p>
   </div>
   <div class='ocr_carea' id='block_1_65' title="bbox 1053 947 1837 983">
    <p class='ocr_par' dir='ltr' id='par_1_65' title="bbox 1053 947 1837 983">
     <span class='ocr_line' id='line_1_65' title="bbox 1053 947 1837 983; baseline 0 -9"><span class='ocrx_word' id='word_1_477' title='bbox 1053 947 1080 974; x_wconf 82' lang='grc' dir='ltr'>δὲ</span> <span class='ocrx_word' id='word_1_478' title='bbox 1092 947 1125 974; x_wconf 72' lang='grc' dir='ltr'><strong>τὰ</strong></span> <span class='ocrx_word' id='word_1_479' title='bbox 1140 947 1209 983; x_wconf 78' lang='grc' dir='ltr'>βάρη</span> <span class='ocrx_word' id='word_1_480' title='bbox 1224 947 1484 982; x_wconf 78' lang='grc' dir='ltr'>μεταλαμϐάνουσιν,</span> <span class='ocrx_word' id='word_1_481' title='bbox 1499 947 1572 978; x_wconf 83' lang='grc' dir='ltr'>ὅπως</span> <span class='ocrx_word' id='word_1_482' title='bbox 1586 947 1614 973; x_wconf 82' lang='grc' dir='ltr'>δὲ</span> <span class='ocrx_word' id='word_1_483' title='bbox 1628 948 1837 983; x_wconf 83' lang='grc' dir='ltr'>παραχωροῦσιν</span> 
     </span>
    </p>
   </div>
   <div class='ocr_carea' id='block_1_66' title="bbox 1054 991 1837 1028">
    <p class='ocr_par' dir='ltr' id='par_1_66' title="bbox 1054 991 1837 1028">
     <span class='ocr_line' id='line_1_66' title="bbox 1054 991 1837 1028; baseline 0.001 -9"><span class='ocrx_word' id='word_1_484' title='bbox 1054 993 1178 1028; x_wconf 77' lang='grc' dir='ltr'><strong>ἀλλήλοις</strong></span> <span class='ocrx_word' id='word_1_485' title='bbox 1196 992 1250 1019; x_wconf 80' lang='grc' dir='ltr'>τῶν</span> <span class='ocrx_word' id='word_1_486' title='bbox 1267 992 1343 1019; x_wconf 81' lang='grc' dir='ltr'>ὁδῶν.</span> <span class='ocrx_word' id='word_1_487' title='bbox 1362 991 1399 1019; x_wconf 87' lang='lat' dir='ltr'><strong>De</strong></span> <span class='ocrx_word' id='word_1_488' title='bbox 1418 992 1594 1019; x_wconf 80' lang='lat' dir='ltr'><strong>fonnicarnm</strong></span> <span class='ocrx_word' id='word_1_489' title='bbox 1609 993 1637 1020; x_wconf 94' lang='lat' dir='ltr'><strong>in</strong></span> <span class='ocrx_word' id='word_1_490' title='bbox 1658 994 1753 1020; x_wconf 86' lang='lat' dir='ltr'><strong>labore</strong></span> <span class='ocrx_word' id='word_1_491' title='bbox 1773 995 1837 1021; x_wconf 81' lang='lat' dir='ltr'><strong>assi-</strong></span> 
     </span>
    </p>
   </div>
   <div class='ocr_carea' id='block_1_67' title="bbox 1053 1037 1834 1073">
    <p class='ocr_par' dir='ltr' id='par_1_67' title="bbox 1053 1037 1834 1073">
     <span class='ocr_line' id='line_1_67' title="bbox 1053 1037 1834 1073; baseline 0 -7"><span class='ocrx_word' id='word_1_492' title='bbox 1053 1039 1157 1066; x_wconf 89' lang='lat' dir='ltr'><strong>duitate</strong></span> <span class='ocrx_word' id='word_1_493' title='bbox 1167 1046 1220 1065; x_wconf 86' lang='lat' dir='ltr'><strong>non</strong></span> <span class='ocrx_word' id='word_1_494' title='bbox 1229 1037 1375 1072; x_wconf 81' lang='lat' dir='ltr'><strong>injucunda</strong></span> <span class='ocrx_word' id='word_1_495' title='bbox 1384 1042 1425 1065; x_wconf 87' lang='lat' dir='ltr'><strong>est</strong></span> <span class='ocrx_word' id='word_1_496' title='bbox 1433 1038 1579 1073; x_wconf 81' lang='lat' dir='ltr'><strong>Aphthonii</strong></span> <span class='ocrx_word' id='word_1_497' title='bbox 1588 1039 1720 1073; x_wconf 74' lang='lat' dir='ltr'><strong>sophista:</strong></span> <span class='ocrx_word' id='word_1_498' title='bbox 1731 1038 1834 1066; x_wconf 79' lang='lat' dir='ltr'><strong>fabella.</strong></span> 
     </span>
    </p>
   </div>
   <div class='ocr_carea' id='block_1_68' title="bbox 1090 1084 1837 1118">
    <p class='ocr_par' dir='ltr' id='par_1_68' title="bbox 1090 1084 1837 1118">
     <span class='ocr_line' id='line_1_68' title="bbox 1090 1084 1837 1118; baseline 0.001 -7"><span class='ocrx_word' id='word_1_499' title='bbox 1090 1085 1169 1118; x_wconf 85' lang='lat' dir='ltr'><strong>Ibid.,</strong></span> <span class='ocrx_word' id='word_1_500' title='bbox 1192 1085 1240 1112; x_wconf 91' lang='lat' dir='ltr'><strong>lin.</strong></span> <span class='ocrx_word' id='word_1_501' title='bbox 1259 1085 1304 1112; x_wconf 68' lang='grc'><strong>43.</strong></span> <span class='ocrx_word' id='word_1_502' title='bbox 1323 1084 1442 1111; x_wconf 70' lang='grc' dir='ltr'>Βδέλλα</span> <span class='ocrx_word' id='word_1_503' title='bbox 1460 1084 1687 1118; x_wconf 63' lang='grc' dir='ltr'>σλιωληκοειὶές.</span> <span class='ocrx_word' id='word_1_504' title='bbox 1710 1084 1748 1113; x_wconf 91' lang='lat' dir='ltr'><strong>De</strong></span> <span class='ocrx_word' id='word_1_505' title='bbox 1765 1085 1837 1112; x_wconf 60' lang='lat' dir='ltr'><strong>hiru»</strong></span> 
     </span>
    </p>
   </div>
   <div class='ocr_carea' id='block_1_69' title="bbox 1054 1130 1836 1166">
    <p class='ocr_par' dir='ltr' id='par_1_69' title="bbox 1054 1130 1836 1166">
     <span class='ocr_line' id='line_1_69' title="bbox 1054 1130 1836 1166; baseline 0 -8"><span class='ocrx_word' id='word_1_506' title='bbox 1054 1131 1164 1159; x_wconf 86' lang='lat' dir='ltr'><strong>dinibus</strong></span> <span class='ocrx_word' id='word_1_507' title='bbox 1186 1130 1370 1162; x_wconf 81' lang='lat' dir='ltr'><strong>Dioscorides,</strong></span> <span class='ocrx_word' id='word_1_508' title='bbox 1391 1131 1437 1158; x_wconf 90' lang='lat' dir='ltr'><strong>lib.</strong></span> <span class='ocrx_word' id='word_1_509' title='bbox 1461 1138 1499 1162; x_wconf 82' lang='lat' dir='ltr'><strong>vt,</strong></span> <span class='ocrx_word' id='word_1_510' title='bbox 1516 1138 1576 1166; x_wconf 85' lang='lat' dir='ltr'><strong>cap.</strong></span> <span class='ocrx_word' id='word_1_511' title='bbox 1597 1130 1642 1162; x_wconf 76' lang='lat'><strong>32,</strong></span> <span class='ocrx_word' id='word_1_512' title='bbox 1658 1135 1686 1158; x_wconf 84' lang='lat' dir='ltr'><strong>et</strong></span> <span class='ocrx_word' id='word_1_513' title='bbox 1704 1131 1836 1166; x_wconf 80' lang='lat' dir='ltr'><strong>Apsyrtus</strong></span> 
     </span>
    </p>
   </div>
   <div class='ocr_carea' id='block_1_70' title="bbox 1054 1176 1534 1212">
    <p class='ocr_par' dir='ltr' id='par_1_70' title="bbox 1054 1176 1534 1212">
     <span class='ocr_line' id='line_1_70' title="bbox 1054 1176 1534 1212; baseline 0 -8"><span class='ocrx_word' id='word_1_514' title='bbox 1054 1177 1123 1212; x_wconf 83' lang='lat' dir='ltr'><strong>apud</strong></span> <span class='ocrx_word' id='word_1_515' title='bbox 1139 1177 1246 1204; x_wconf 88' lang='lat' dir='ltr'><strong>collect.</strong></span> <span class='ocrx_word' id='word_1_516' title='bbox 1262 1176 1402 1211; x_wconf 82' lang='lat' dir='ltr'><strong>Geoponic.</strong></span> <span class='ocrx_word' id='word_1_517' title='bbox 1415 1177 1460 1203; x_wconf 75' lang='lat' dir='ltr'><strong>lib.</strong></span> <span class='ocrx_word' id='word_1_518' title='bbox 1480 1184 1534 1204; x_wconf 75' lang='lat' dir='ltr'><strong>sn.</strong></span> 
     </span>
    </p>
   </div>
   <div class='ocr_carea' id='block_1_71' title="bbox 1087 1221 1836 1258">
    <p class='ocr_par' dir='ltr' id='par_1_71' title="bbox 1087 1221 1836 1258">
     <span class='ocr_line' id='line_1_71' title="bbox 1087 1221 1836 1258; baseline -0.001 -9"><span class='ocrx_word' id='word_1_519' title='bbox 1087 1222 1167 1254; x_wconf 88' lang='lat' dir='ltr'><strong>Ibid.,</strong></span> <span class='ocrx_word' id='word_1_520' title='bbox 1183 1222 1230 1249; x_wconf 90' lang='lat' dir='ltr'><strong>lin.</strong></span> <span class='ocrx_word' id='word_1_521' title='bbox 1247 1222 1291 1249; x_wconf 82' lang='grc'><strong>54.</strong></span> <span class='ocrx_word' id='word_1_522' title='bbox 1313 1222 1373 1249; x_wconf 85' lang='grc' dir='ltr'><strong>Τῶν</strong></span> <span class='ocrx_word' id='word_1_523' title='bbox 1388 1221 1422 1248; x_wconf 76' lang='grc' dir='ltr'>δὲ</span> <span class='ocrx_word' id='word_1_524' title='bbox 1436 1222 1530 1257; x_wconf 61' lang='grc' dir='ltr'><em>ὄφεων</em></span> <span class='ocrx_word' id='word_1_525' title='bbox 1546 1222 1593 1249; x_wconf 81' lang='grc' dir='ltr'>και</span> <span class='ocrx_word' id='word_1_526' title='bbox 1610 1222 1679 1250; x_wconf 82' lang='grc' dir='ltr'><strong>τῶν.</strong></span> <span class='ocrx_word' id='word_1_527' title='bbox 1696 1222 1836 1258; x_wconf 77' lang='lat' dir='ltr'><strong>Theophy—</strong></span> 
     </span>
    </p>
   </div>
   <div class='ocr_carea' id='block_1_72' title="bbox 1053 1267 1834 1301">
    <p class='ocr_par' dir='ltr' id='par_1_72' title="bbox 1053 1267 1834 1301">
     <span class='ocr_line' id='line_1_72' title="bbox 1053 1267 1834 1301; baseline 0.003 -7"><span class='ocrx_word' id='word_1_528' title='bbox 1053 1267 1141 1295; x_wconf 80' lang='lat' dir='ltr'><strong>lactus</strong></span> <span class='ocrx_word' id='word_1_529' title='bbox 1157 1267 1311 1294; x_wconf 84' lang='lat' dir='ltr'><strong>Simocatus</strong></span> <span class='ocrx_word' id='word_1_530' title='bbox 1325 1267 1352 1294; x_wconf 95' lang='lat' dir='ltr'><strong>in</strong></span> <span class='ocrx_word' id='word_1_531' title='bbox 1371 1267 1472 1300; x_wconf 81' lang='lat' dir='ltr'><strong>Qua-st.</strong></span> <span class='ocrx_word' id='word_1_532' title='bbox 1489 1268 1667 1301; x_wconf 80' lang='lat' dir='ltr'><strong>naturalibus,</strong></span> <span class='ocrx_word' id='word_1_533' title='bbox 1683 1274 1782 1300; x_wconf 66' lang='lat' dir='ltr'><strong>quaest.</strong></span> <span class='ocrx_word' id='word_1_534' title='bbox 1795 1269 1834 1301; x_wconf 68' lang='lat' dir='ltr'><strong>ll,</strong></span> 
     </span>
    </p>
   </div>
   <div class='ocr_carea' id='block_1_73' title="bbox 1052 1313 1834 1349">
    <p class='ocr_par' dir='ltr' id='par_1_73' title="bbox 1052 1313 1834 1349">
     <span class='ocr_line' id='line_1_73' title="bbox 1052 1313 1834 1349; baseline -0.001 -8"><span class='ocrx_word' id='word_1_535' title='bbox 1052 1314 1086 1341; x_wconf 93' lang='lat' dir='ltr'><strong>de</strong></span> <span class='ocrx_word' id='word_1_536' title='bbox 1103 1314 1184 1344; x_wconf 84' lang='lat' dir='ltr'><strong>ibide,</strong></span> <span class='ocrx_word' id='word_1_537' title='bbox 1200 1314 1310 1340; x_wconf 84' lang='grc' dir='ltr'>’Ἦδεται</span> <span class='ocrx_word' id='word_1_538' title='bbox 1322 1313 1397 1339; x_wconf 78' lang='grc' dir='ltr'>τουτί</span> <span class='ocrx_word' id='word_1_539' title='bbox 1407 1313 1438 1340; x_wconf 82' lang='grc' dir='ltr'>τὸ</span> <span class='ocrx_word' id='word_1_540' title='bbox 1451 1313 1543 1348; x_wconf 71' lang='grc' dir='ltr'>ὄρνεον</span> <span class='ocrx_word' id='word_1_541' title='bbox 1555 1314 1616 1340; x_wconf 85' lang='grc' dir='ltr'>τινὰ</span> <span class='ocrx_word' id='word_1_542' title='bbox 1628 1314 1733 1349; x_wconf 83' lang='grc' dir='ltr'>δυσώδη</span> <span class='ocrx_word' id='word_1_543' title='bbox 1751 1315 1834 1340; x_wconf 75' lang='grc' dir='ltr'>σιτού-</span> 
     </span>
    </p>
   </div>
   <div class='ocr_carea' id='block_1_74' title="bbox 1054 1359 1834 1395">
    <p class='ocr_par' dir='ltr' id='par_1_74' title="bbox 1054 1359 1834 1395">
     <span class='ocr_line' id='line_1_74' title="bbox 1054 1359 1834 1395; baseline 0.001 -10"><span class='ocrx_word' id='word_1_544' title='bbox 1054 1368 1133 1395; x_wconf 84' lang='grc' dir='ltr'>μενον</span> <span class='ocrx_word' id='word_1_545' title='bbox 1144 1368 1150 1373; x_wconf 84' lang='grc'><em>’</em></span> <span class='ocrx_word' id='word_1_546' title='bbox 1159 1359 1247 1394; x_wconf 84' lang='grc' dir='ltr'>χαίρει</span> <span class='ocrx_word' id='word_1_547' title='bbox 1260 1359 1287 1386; x_wconf 83' lang='grc' dir='ltr'>δὲ</span> <span class='ocrx_word' id='word_1_548' title='bbox 1299 1359 1416 1394; x_wconf 80' lang='grc' dir='ltr'>μάλιστα</span> <span class='ocrx_word' id='word_1_549' title='bbox 1424 1360 1470 1386; x_wconf 76' lang='grc' dir='ltr'>καὶ</span> <span class='ocrx_word' id='word_1_550' title='bbox 1477 1361 1537 1391; x_wconf 84' lang='grc' dir='ltr'>ταῖς</span> <span class='ocrx_word' id='word_1_551' title='bbox 1548 1359 1602 1386; x_wconf 84' lang='grc' dir='ltr'>τῶν</span> <span class='ocrx_word' id='word_1_552' title='bbox 1611 1359 1723 1387; x_wconf 73' lang='grc' dir='ltr'>ἰοϐόλων</span> <span class='ocrx_word' id='word_1_553' title='bbox 1730 1360 1834 1395; x_wconf 77' lang='grc' dir='ltr'><strong>ἄγραις,</strong></span> 
     </span>
    </p>
   </div>
   <div class='ocr_carea' id='block_1_75' title="bbox 1053 1405 1836 1440">
    <p class='ocr_par' dir='ltr' id='par_1_75' title="bbox 1053 1405 1836 1440">
     <span class='ocr_line' id='line_1_75' title="bbox 1053 1405 1836 1440; baseline 0 -8"><span class='ocrx_word' id='word_1_554' title='bbox 1053 1405 1273 1440; x_wconf 77' lang='grc' dir='ltr'>πολυὸορώτατον</span> <span class='ocrx_word' id='word_1_555' title='bbox 1286 1405 1325 1432; x_wconf 73' lang='grc' dir='ltr'><strong>ὗν.</strong></span> <span class='ocrx_word' id='word_1_556' title='bbox 1348 1405 1427 1432; x_wconf 80' lang='grc' dir='ltr'><strong>Ἀλλὰ</strong></span> <span class='ocrx_word' id='word_1_557' title='bbox 1441 1405 1487 1432; x_wconf 71' lang='grc' dir='ltr'>καὶ</span> <span class='ocrx_word' id='word_1_558' title='bbox 1505 1407 1560 1436; x_wconf 82' lang='grc' dir='ltr'>τοῖς</span> <span class='ocrx_word' id='word_1_559' title='bbox 1570 1405 1664 1440; x_wconf 76' lang='grc' dir='ltr'>ὕφεσιν</span> <span class='ocrx_word' id='word_1_560' title='bbox 1681 1406 1746 1437; x_wconf 78' lang='grc' dir='ltr'>ῖὸις,</span> <span class='ocrx_word' id='word_1_561' title='bbox 1762 1406 1836 1432; x_wconf 72' lang='grc' dir='ltr'>καῡά-</span> 
     </span>
    </p>
   </div>
   <div class='ocr_carea' id='block_1_76' title="bbox 1053 1449 1836 1485">
    <p class='ocr_par' dir='ltr' id='par_1_76' title="bbox 1053 1449 1836 1485">
     <span class='ocr_line' id='line_1_76' title="bbox 1053 1449 1836 1485; baseline 0 -9"><span class='ocrx_word' id='word_1_562' title='bbox 1053 1458 1106 1485; x_wconf 85' lang='grc' dir='ltr'>περ</span> <span class='ocrx_word' id='word_1_563' title='bbox 1125 1451 1139 1476; x_wconf 85' lang='grc'>6</span> <span class='ocrx_word' id='word_1_564' title='bbox 1160 1449 1324 1484; x_wconf 77' lang='grc' dir='ltr'>βασιλίσκος,</span> <span class='ocrx_word' id='word_1_565' title='bbox 1347 1449 1484 1485; x_wconf 77' lang='grc' dir='ltr'>πολέμιον.</span> <span class='ocrx_word' id='word_1_566' title='bbox 1511 1450 1556 1476; x_wconf 81' lang='grc' dir='ltr'><strong>Διὸ</strong></span> <span class='ocrx_word' id='word_1_567' title='bbox 1581 1451 1628 1476; x_wconf 78' lang='grc' dir='ltr'>καὶ</span> <span class='ocrx_word' id='word_1_568' title='bbox 1654 1451 1743 1484; x_wconf 72' lang='grc' dir='ltr'>πτερὰ</span> <span class='ocrx_word' id='word_1_569' title='bbox 1762 1450 1836 1477; x_wconf 74' lang='grc' dir='ltr'>[θεων</span> 
     </span>
    </p>
   </div>
   <div class='ocr_carea' id='block_1_77' title="bbox 1054 1495 1836 1539">
    <p class='ocr_par' dir='ltr' id='par_1_77' title="bbox 1054 1495 1836 1539">
     <span class='ocr_line' id='line_1_77' title="bbox 1054 1495 1836 1539; baseline 0.001 -17"><span class='ocrx_word' id='word_1_570' title='bbox 1054 1495 1172 1539; x_wconf 60' lang='grc' dir='ltr'>πολέμια</span> <span class='ocrx_word' id='word_1_571' title='bbox 1192 1495 1294 1530; x_wconf 75' lang='grc' dir='ltr'><strong>ὕφεσιν.</strong></span> <span class='ocrx_word' id='word_1_572' title='bbox 1319 1496 1492 1530; x_wconf 77' lang='grc' dir='ltr'>Ἐμφορεῑται</span> <span class='ocrx_word' id='word_1_573' title='bbox 1505 1495 1533 1522; x_wconf 83' lang='grc' dir='ltr'>δὲ</span> <span class='ocrx_word' id='word_1_574' title='bbox 1557 1495 1666 1531; x_wconf 78' lang='grc' dir='ltr'>σαρκῶν</span> <span class='ocrx_word' id='word_1_575' title='bbox 1681 1495 1771 1530; x_wconf 60' lang='grc' dir='ltr'><strong>ὕξεων</strong></span> <span class='ocrx_word' id='word_1_576' title='bbox 1793 1497 1836 1523; x_wconf 72' lang='grc' dir='ltr'>καὶ</span> 
     </span>
    </p>
   </div>
   <div class='ocr_carea' id='block_1_78' title="bbox 1055 1541 1836 1578">
    <p class='ocr_par' dir='ltr' id='par_1_78' title="bbox 1055 1541 1836 1578">
     <span class='ocr_line' id='line_1_78' title="bbox 1055 1541 1836 1578; baseline 0.003 -10"><span class='ocrx_word' id='word_1_577' title='bbox 1055 1542 1201 1578; x_wconf 77' lang='grc' dir='ltr'>σκορπίων,</span> <span class='ocrx_word' id='word_1_578' title='bbox 1217 1542 1263 1569; x_wconf 80' lang='grc' dir='ltr'>καὶ</span> <span class='ocrx_word' id='word_1_579' title='bbox 1280 1541 1396 1577; x_wconf 76' lang='grc' dir='ltr'><strong>γέγηθεν</strong></span> <span class='ocrx_word' id='word_1_580' title='bbox 1409 1542 1455 1568; x_wconf 68' lang='grc' dir='ltr'><strong>ἐπὶ</strong></span> <span class='ocrx_word' id='word_1_581' title='bbox 1467 1541 1552 1577; x_wconf 80' lang='grc' dir='ltr'>ταύτῃ</span> <span class='ocrx_word' id='word_1_582' title='bbox 1566 1543 1598 1576; x_wconf 82' lang='grc' dir='ltr'>τῇ</span> <span class='ocrx_word' id='word_1_583' title='bbox 1610 1542 1691 1578; x_wconf 70' lang='grc' dir='ltr'><strong>θήρᾳ.</strong></span> <span class='ocrx_word' id='word_1_584' title='bbox 1711 1542 1779 1570; x_wconf 90' lang='lat' dir='ltr'><strong>Vide</strong></span> <span class='ocrx_word' id='word_1_585' title='bbox 1791 1542 1836 1570; x_wconf 82' lang='lat' dir='ltr'><strong>Pe-</strong></span> 
     </span>
    </p>
   </div>
   <div class='ocr_carea' id='block_1_79' title="bbox 1053 1586 1834 1622">
    <p class='ocr_par' dir='ltr' id='par_1_79' title="bbox 1053 1586 1834 1622">
     <span class='ocr_line' id='line_1_79' title="bbox 1053 1586 1834 1622; baseline 0.001 -8"><span class='ocrx_word' id='word_1_586' title='bbox 1053 1592 1125 1614; x_wconf 87' lang='lat' dir='ltr'><strong>trum</strong></span> <span class='ocrx_word' id='word_1_587' title='bbox 1132 1587 1303 1617; x_wconf 83' lang='lat' dir='ltr'><strong>Damianum,</strong></span> <span class='ocrx_word' id='word_1_588' title='bbox 1317 1588 1362 1614; x_wconf 90' lang='lat' dir='ltr'><strong>lib.</strong></span> <span class='ocrx_word' id='word_1_589' title='bbox 1371 1595 1401 1618; x_wconf 87' lang='grc' dir='ltr'>ιι,</span> <span class='ocrx_word' id='word_1_590' title='bbox 1410 1587 1521 1622; x_wconf 74' lang='lat' dir='ltr'><strong>cap.18.</strong></span> <span class='ocrx_word' id='word_1_591' title='bbox 1533 1586 1584 1613; x_wconf 88' lang='lat' dir='ltr'><strong>Sed</strong></span> <span class='ocrx_word' id='word_1_592' title='bbox 1594 1587 1705 1615; x_wconf 85' lang='lat' dir='ltr'><strong>deibide</strong></span> <span class='ocrx_word' id='word_1_593' title='bbox 1715 1587 1834 1616; x_wconf 85' lang='lat' dir='ltr'><strong>inferius.</strong></span> 
     </span>
    </p>
   </div>
   <div class='ocr_carea' id='block_1_80' title="bbox 1088 1632 1833 1667">
    <p class='ocr_par' dir='ltr' id='par_1_80' title="bbox 1088 1632 1833 1667">
     <span class='ocr_line' id='line_1_80' title="bbox 1088 1632 1833 1667; baseline 0.001 -8"><span class='ocrx_word' id='word_1_594' title='bbox 1088 1632 1156 1660; x_wconf 81' lang='lat' dir='ltr'><strong>Ibid.</strong></span> <span class='ocrx_word' id='word_1_595' title='bbox 1179 1633 1242 1666; x_wconf 85' lang='grc' dir='ltr'><strong>Τοῖς</strong></span> <span class='ocrx_word' id='word_1_596' title='bbox 1262 1633 1297 1660; x_wconf 82' lang='grc' dir='ltr'>δὲ</span> <span class='ocrx_word' id='word_1_597' title='bbox 1322 1632 1491 1667; x_wconf 81' lang='grc' dir='ltr'>χεράσταις.</span> <span class='ocrx_word' id='word_1_598' title='bbox 1518 1632 1656 1663; x_wconf 71' lang='grc' dir='ltr'><strong>ιΕἰίιιιιιις.</strong></span> <span class='ocrx_word' id='word_1_599' title='bbox 1677 1633 1717 1660; x_wconf 84' lang='lat' dir='ltr'><strong>De</strong></span> <span class='ocrx_word' id='word_1_600' title='bbox 1745 1635 1833 1662; x_wconf 80' lang='lat' dir='ltr'><strong>lmtnr.</strong></span> 
     </span>
    </p>
   </div>
   <div class='ocr_carea' id='block_1_81' title="bbox 1054 1678 1836 1715">
    <p class='ocr_par' dir='ltr' id='par_1_81' title="bbox 1054 1678 1836 1715">
     <span class='ocr_line' id='line_1_81' title="bbox 1054 1678 1836 1715; baseline 0 -9"><span class='ocrx_word' id='word_1_601' title='bbox 1054 1679 1167 1706; x_wconf 77' lang='lat' dir='ltr'><strong>animal.</strong></span> <span class='ocrx_word' id='word_1_602' title='bbox 1184 1679 1230 1706; x_wconf 78' lang='lat' dir='ltr'><strong>lib.</strong></span> <span class='ocrx_word' id='word_1_603' title='bbox 1247 1687 1275 1710; x_wconf 69' lang='grc' dir='ltr'>Χ,</span> <span class='ocrx_word' id='word_1_604' title='bbox 1294 1686 1355 1713; x_wconf 84' lang='lat' dir='ltr'><strong>cap.</strong></span> <span class='ocrx_word' id='word_1_605' title='bbox 1376 1679 1420 1710; x_wconf 75' lang='grc' dir='ltr'>Η,</span> <span class='ocrx_word' id='word_1_606' title='bbox 1434 1678 1540 1712; x_wconf 71' lang='grc' dir='ltr'>Ὄφεών</span> <span class='ocrx_word' id='word_1_607' title='bbox 1554 1687 1583 1704; x_wconf 88' lang='grc' dir='ltr'>τε</span> <span class='ocrx_word' id='word_1_608' title='bbox 1598 1679 1644 1705; x_wconf 81' lang='grc' dir='ltr'>καὶ</span> <span class='ocrx_word' id='word_1_609' title='bbox 1659 1679 1781 1706; x_wconf 79' lang='grc' dir='ltr'>δακετῶν</span> <span class='ocrx_word' id='word_1_610' title='bbox 1794 1680 1836 1715; x_wconf 74' lang='grc' dir='ltr'><strong>Θη-</strong></span> 
     </span>
    </p>
   </div>
   <div class='ocr_carea' id='block_1_82' title="bbox 1055 1724 1835 1761">
    <p class='ocr_par' dir='ltr' id='par_1_82' title="bbox 1055 1724 1835 1761">
     <span class='ocr_line' id='line_1_82' title="bbox 1055 1724 1835 1761; baseline 0 -9"><span class='ocrx_word' id='word_1_611' title='bbox 1055 1725 1120 1761; x_wconf 86' lang='grc' dir='ltr'>ρίων</span> <span class='ocrx_word' id='word_1_612' title='bbox 1135 1724 1215 1756; x_wconf 82' lang='grc' dir='ltr'>αὐτός</span> <span class='ocrx_word' id='word_1_613' title='bbox 1234 1726 1307 1751; x_wconf 77' lang='grc' dir='ltr'>ἐστιν</span> <span class='ocrx_word' id='word_1_614' title='bbox 1324 1724 1454 1760; x_wconf 77' lang='grc' dir='ltr'>ἔχθιστος.</span> <span class='ocrx_word' id='word_1_615' title='bbox 1471 1725 1528 1751; x_wconf 76' lang='grc' dir='ltr'>οὐκ</span> <span class='ocrx_word' id='word_1_616' title='bbox 1547 1724 1579 1752; x_wconf 80' lang='grc' dir='ltr'>ἂν</span> <span class='ocrx_word' id='word_1_617' title='bbox 1594 1724 1659 1758; x_wconf 80' lang='grc' dir='ltr'>γοῦν</span> <span class='ocrx_word' id='word_1_618' title='bbox 1679 1725 1764 1752; x_wconf 77' lang='grc' dir='ltr'>αὑτὸν</span> <span class='ocrx_word' id='word_1_619' title='bbox 1783 1725 1835 1752; x_wconf 81' lang='grc' dir='ltr'>δια-</span> 
     </span>
    </p>
   </div>
   <div class='ocr_carea' id='block_1_83' title="bbox 1053 1769 1837 1807">
    <p class='ocr_par' dir='ltr' id='par_1_83' title="bbox 1053 1769 1837 1807">
     <span class='ocr_line' id='line_1_83' title="bbox 1053 1769 1837 1807; baseline 0 -9"><span class='ocrx_word' id='word_1_620' title='bbox 1053 1770 1133 1806; x_wconf 80' lang='grc' dir='ltr'><strong>λάθῃ,</strong></span> <span class='ocrx_word' id='word_1_621' title='bbox 1151 1769 1212 1797; x_wconf 69' lang='grc' dir='ltr'>οὕτε</span> <span class='ocrx_word' id='word_1_622' title='bbox 1236 1771 1305 1804; x_wconf 77' lang='grc' dir='ltr'>δφις,</span> <span class='ocrx_word' id='word_1_623' title='bbox 1320 1769 1381 1796; x_wconf 77' lang='grc' dir='ltr'>οὔτε</span> <span class='ocrx_word' id='word_1_624' title='bbox 1403 1770 1543 1806; x_wconf 80' lang='grc' dir='ltr'>σκορπίος,</span> <span class='ocrx_word' id='word_1_625' title='bbox 1564 1770 1625 1798; x_wconf 83' lang='grc' dir='ltr'>οὔτε</span> <span class='ocrx_word' id='word_1_626' title='bbox 1641 1771 1697 1806; x_wconf 86' lang='grc' dir='ltr'><strong>μὴν</strong></span> <span class='ocrx_word' id='word_1_627' title='bbox 1720 1772 1837 1807; x_wconf 79' lang='grc' dir='ltr'>πονηρᾶς</span> 
     </span>
    </p>
   </div>
   <div class='ocr_carea' id='block_1_84' title="bbox 1055 1815 1367 1851">
    <p class='ocr_par' dir='ltr' id='par_1_84' title="bbox 1055 1815 1367 1851">
     <span class='ocr_line' id='line_1_84' title="bbox 1055 1815 1367 1851; baseline 0.003 -9"><span class='ocrx_word' id='word_1_628' title='bbox 1055 1816 1120 1851; x_wconf 72' lang='grc' dir='ltr'>ὕλης</span> <span class='ocrx_word' id='word_1_629' title='bbox 1134 1815 1196 1843; x_wconf 83' lang='grc' dir='ltr'>ἄλλο</span> <span class='ocrx_word' id='word_1_630' title='bbox 1206 1825 1232 1843; x_wconf 89' lang='grc' dir='ltr'><strong>τι</strong></span> <span class='ocrx_word' id='word_1_631' title='bbox 1247 1816 1367 1843; x_wconf 76' lang='grc' dir='ltr'>ἔκτοκον.</span> 
     </span>
    </p>
   </div>
   <div class='ocr_carea' id='block_1_85' title="bbox 1090 1861 1836 1896">
    <p class='ocr_par' dir='ltr' id='par_1_85' title="bbox 1090 1861 1836 1896">
     <span class='ocr_line' id='line_1_85' title="bbox 1090 1861 1836 1896; baseline 0 -7"><span class='ocrx_word' id='word_1_632' title='bbox 1090 1863 1171 1894; x_wconf 88' lang='lat' dir='ltr'><strong>Ibid.,</strong></span> <span class='ocrx_word' id='word_1_633' title='bbox 1192 1862 1239 1889; x_wconf 88' lang='lat' dir='ltr'><strong>lin.</strong></span> <span class='ocrx_word' id='word_1_634' title='bbox 1256 1862 1299 1889; x_wconf 86' lang='lat'><strong>57.</strong></span> <span class='ocrx_word' id='word_1_635' title='bbox 1318 1863 1404 1888; x_wconf 83' lang='grc' dir='ltr'>Ἔστι</span> <span class='ocrx_word' id='word_1_636' title='bbox 1419 1861 1453 1888; x_wconf 80' lang='grc' dir='ltr'>δὲ</span> <span class='ocrx_word' id='word_1_637' title='bbox 1474 1861 1561 1888; x_wconf 81' lang='grc' dir='ltr'>τοῦτο</span> <span class='ocrx_word' id='word_1_638' title='bbox 1583 1868 1680 1896; x_wconf 79' lang='grc' dir='ltr'>συμπ.</span> <span class='ocrx_word' id='word_1_639' title='bbox 1701 1861 1836 1894; x_wconf 63' lang='grc' dir='ltr'><strong>Εἰίθηιιε.</strong></span> 
     </span>
    </p>
   </div>
   <div class='ocr_carea' id='block_1_86' title="bbox 1056 1907 1837 1943">
    <p class='ocr_par' dir='ltr' id='par_1_86' title="bbox 1056 1907 1837 1943">
     <span class='ocr_line' id='line_1_86' title="bbox 1056 1907 1837 1943; baseline 0 -8"><span class='ocrx_word' id='word_1_640' title='bbox 1056 1909 1102 1936; x_wconf 78' lang='lat' dir='ltr'><strong>lib.</strong></span> <span class='ocrx_word' id='word_1_641' title='bbox 1119 1917 1136 1936; x_wconf 87' lang='grc' dir='ltr'>ιι</span> <span class='ocrx_word' id='word_1_642' title='bbox 1153 1909 1190 1936; x_wconf 82' lang='lat' dir='ltr'><strong>De</strong></span> <span class='ocrx_word' id='word_1_643' title='bbox 1204 1909 1265 1935; x_wconf 82' lang='lat' dir='ltr'><strong>hist.</strong></span> <span class='ocrx_word' id='word_1_644' title='bbox 1283 1909 1446 1943; x_wconf 86' lang='lat' dir='ltr'><strong>anim.,cap.</strong></span> <span class='ocrx_word' id='word_1_645' title='bbox 1464 1908 1499 1935; x_wconf 66' lang='grc'><strong>62</strong></span> <span class='ocrx_word' id='word_1_646' title='bbox 1515 1917 1522 1935; x_wconf 92' lang='lat'><strong>:</strong></span> <span class='ocrx_word' id='word_1_647' title='bbox 1538 1907 1642 1943; x_wconf 82' lang='grc' dir='ltr'>Νεκρὸν</span> <span class='ocrx_word' id='word_1_648' title='bbox 1656 1907 1684 1933; x_wconf 83' lang='grc' dir='ltr'>δὲ</span> <span class='ocrx_word' id='word_1_649' title='bbox 1699 1908 1837 1943; x_wconf 80' lang='grc' dir='ltr'>ἄνθρωπον</span> 
     </span>
    </p>
   </div>
   <div class='ocr_carea' id='block_1_87' title="bbox 1057 1952 1835 1990">
    <p class='ocr_par' dir='ltr' id='par_1_87' title="bbox 1057 1952 1835 1990">
     <span class='ocr_line' id='line_1_87' title="bbox 1057 1952 1835 1990; baseline -0.003 -10"><span class='ocrx_word' id='word_1_650' title='bbox 1057 1954 1133 1990; x_wconf 73' lang='grc' dir='ltr'>ἱέραξ</span> <span class='ocrx_word' id='word_1_651' title='bbox 1149 1953 1219 1985; x_wconf 87' lang='grc' dir='ltr'>ἰδὼν,</span> <span class='ocrx_word' id='word_1_652' title='bbox 1232 1953 1370 1980; x_wconf 74' lang='grc' dir='ltr'><strong>ἐπιϐάλλει</strong></span> <span class='ocrx_word' id='word_1_653' title='bbox 1388 1953 1440 1988; x_wconf 78' lang='grc' dir='ltr'><strong>γῆς</strong></span> <span class='ocrx_word' id='word_1_654' title='bbox 1454 1953 1492 1988; x_wconf 85' lang='grc' dir='ltr'>τῷ</span> <span class='ocrx_word' id='word_1_655' title='bbox 1506 1953 1611 1988; x_wconf 77' lang='grc' dir='ltr'><strong>ἅτάφῳ.</strong></span> <span class='ocrx_word' id='word_1_656' title='bbox 1625 1953 1681 1979; x_wconf 73' lang='grc' dir='ltr'><strong>Καὶ</strong></span> <span class='ocrx_word' id='word_1_657' title='bbox 1695 1952 1777 1979; x_wconf 69' lang='grc' dir='ltr'>τοῦτο</span> <span class='ocrx_word' id='word_1_658' title='bbox 1791 1953 1835 1988; x_wconf 80' lang='grc' dir='ltr'><strong>μὲν</strong></span> 
     </span>
    </p>
   </div>
   <div class='ocr_carea' id='block_1_88' title="bbox 1055 1997 1836 2034">
    <p class='ocr_par' dir='ltr' id='par_1_88' title="bbox 1055 1997 1836 2034">
     <span class='ocr_line' id='line_1_88' title="bbox 1055 1997 1836 2034; baseline -0.003 -9"><span class='ocrx_word' id='word_1_659' title='bbox 1055 1999 1084 2025; x_wconf 74' lang='grc' dir='ltr'>οὺ</span> <span class='ocrx_word' id='word_1_660' title='bbox 1105 1999 1209 2026; x_wconf 81' lang='grc' dir='ltr'>κελεύει</span> <span class='ocrx_word' id='word_1_661' title='bbox 1234 1998 1307 2034; x_wconf 79' lang='grc' dir='ltr'><strong>αὑτῷ</strong></span> <span class='ocrx_word' id='word_1_662' title='bbox 1326 2000 1340 2024; x_wconf 80' lang='grc' dir='ltr'>ὁ</span> <span class='ocrx_word' id='word_1_663' title='bbox 1363 1998 1461 2030; x_wconf 86' lang='grc' dir='ltr'><strong>Σόλων,</strong></span> <span class='ocrx_word' id='word_1_664' title='bbox 1475 1998 1512 2029; x_wconf 86' lang='grc' dir='ltr'><strong>ὡς</strong></span> <span class='ocrx_word' id='word_1_665' title='bbox 1534 1998 1690 2033; x_wconf 81' lang='grc' dir='ltr'>Ἀθηναίους</span> <span class='ocrx_word' id='word_1_666' title='bbox 1713 1997 1836 2024; x_wconf 71' lang='grc' dir='ltr'><strong>ἐκέλευσε</strong></span> 
     </span>
    </p>
   </div>
   <div class='ocr_carea' id='block_1_89' title="bbox 1055 2042 1836 2080">
    <p class='ocr_par' dir='ltr' id='par_1_89' title="bbox 1055 2042 1836 2080">
     <span class='ocr_line' id='line_1_89' title="bbox 1055 2042 1836 2080; baseline -0.004 -9"><span class='ocrx_word' id='word_1_667' title='bbox 1055 2045 1120 2080; x_wconf 80' lang='grc' dir='ltr'>δρᾷν</span> <span class='ocrx_word' id='word_1_668' title='bbox 1130 2052 1136 2059; x_wconf 91' lang='grc'><strong>·</strong></span> <span class='ocrx_word' id='word_1_669' title='bbox 1150 2044 1210 2071; x_wconf 77' lang='grc' dir='ltr'>οὐδὲ</span> <span class='ocrx_word' id='word_1_670' title='bbox 1225 2043 1349 2078; x_wconf 86' lang='grc' dir='ltr'>σώματος</span> <span class='ocrx_word' id='word_1_671' title='bbox 1367 2043 1414 2078; x_wconf 90' lang='lat' dir='ltr'><strong>(ita</strong></span> <span class='ocrx_word' id='word_1_672' title='bbox 1433 2042 1506 2069; x_wconf 89' lang='lat' dir='ltr'><strong>enim</strong></span> <span class='ocrx_word' id='word_1_673' title='bbox 1522 2042 1640 2078; x_wconf 75' lang='lat' dir='ltr'><strong>corrigo)</strong></span> <span class='ocrx_word' id='word_1_674' title='bbox 1656 2042 1769 2077; x_wconf 74' lang='grc' dir='ltr'>ἅψεται.</span> <span class='ocrx_word' id='word_1_675' title='bbox 1783 2042 1836 2068; x_wconf 79' lang='grc' dir='ltr'><strong>Μέ-</strong></span> 
     </span>
    </p>
   </div>
   <div class='ocr_carea' id='block_1_90' title="bbox 1055 2087 1837 2122">
    <p class='ocr_par' dir='ltr' id='par_1_90' title="bbox 1055 2087 1837 2122">
     <span class='ocr_line' id='line_1_90' title="bbox 1055 2087 1837 2122; baseline -0.003 -7"><span class='ocrx_word' id='word_1_676' title='bbox 1055 2098 1095 2115; x_wconf 87' lang='grc' dir='ltr'>νει</span> <span class='ocrx_word' id='word_1_677' title='bbox 1111 2089 1138 2115; x_wconf 84' lang='grc' dir='ltr'>δὲ</span> <span class='ocrx_word' id='word_1_678' title='bbox 1159 2088 1287 2122; x_wconf 79' lang='grc' dir='ltr'>ἄγευστος</span> <span class='ocrx_word' id='word_1_679' title='bbox 1310 2088 1358 2114; x_wconf 74' lang='grc' dir='ltr'>καὶ</span> <span class='ocrx_word' id='word_1_680' title='bbox 1378 2087 1458 2114; x_wconf 86' lang='grc' dir='ltr'>ποτοῦ</span> <span class='ocrx_word' id='word_1_681' title='bbox 1483 2087 1583 2120; x_wconf 62' lang='grc' dir='ltr'><strong>ἑὰν-εἱς</strong></span> <span class='ocrx_word' id='word_1_682' title='bbox 1602 2087 1708 2114; x_wconf 75' lang='grc' dir='ltr'>αὔλακα</span> <span class='ocrx_word' id='word_1_683' title='bbox 1728 2088 1837 2122; x_wconf 77' lang='grc' dir='ltr'>ὲποχευ-</span> 
     </span>
    </p>
   </div>
   <div class='ocr_carea' id='block_1_91' title="bbox 1055 2131 1838 2170">
    <p class='ocr_par' dir='ltr' id='par_1_91' title="bbox 1055 2131 1838 2170">
     <span class='ocr_line' id='line_1_91' title="bbox 1055 2131 1838 2170; baseline -0.003 -10"><span class='ocrx_word' id='word_1_684' title='bbox 1055 2134 1120 2170; x_wconf 84' lang='grc' dir='ltr'>τεύῃ</span> <span class='ocrx_word' id='word_1_685' title='bbox 1135 2131 1175 2165; x_wconf 78' lang='grc' dir='ltr'><strong>εἷς</strong></span> <span class='ocrx_word' id='word_1_686' title='bbox 1189 2133 1329 2168; x_wconf 78' lang='grc' dir='ltr'>ἄνθρωπος</span> <span class='ocrx_word' id='word_1_687' title='bbox 1339 2141 1346 2148; x_wconf 75' lang='grc'><strong>’</strong></span> <span class='ocrx_word' id='word_1_688' title='bbox 1366 2133 1530 2159; x_wconf 79' lang='grc' dir='ltr'>πεπίστευκε</span> <span class='ocrx_word' id='word_1_689' title='bbox 1542 2133 1596 2168; x_wconf 80' lang='grc' dir='ltr'><strong>γὰρ</strong></span> <span class='ocrx_word' id='word_1_690' title='bbox 1609 2132 1690 2159; x_wconf 79' lang='grc' dir='ltr'>αὑτὸν</span> <span class='ocrx_word' id='word_1_691' title='bbox 1708 2133 1838 2168; x_wconf 74' lang='grc' dir='ltr'>πονούμε-</span> 
     </span>
    </p>
   </div>
   <div class='ocr_carea' id='block_1_92' title="bbox 219 2178 1004 2226">
    <p class='ocr_par' dir='ltr' id='par_1_92' title="bbox 219 2178 1004 2226">
     <span class='ocr_line' id='line_1_92' title="bbox 219 2178 1004 2226; baseline -0.008 -4"><span class='ocrx_word' id='word_1_692' title='bbox 219 2178 278 2226; x_wconf 84' lang='lat' dir='ltr'><strong>dcs,</strong></span> <span class='ocrx_word' id='word_1_693' title='bbox 292 2178 432 2220; x_wconf 36' lang='lat' dir='ltr'><strong>Dem-una.</strong></span> <span class='ocrx_word' id='word_1_694' title='bbox 444 2178 542 2226; x_wconf 45' lang='lat' dir='ltr'><strong>api/ia}</strong></span> <span class='ocrx_word' id='word_1_695' title='bbox 555 2189 668 2223; x_wconf 84' lang='lat' dir='ltr'><strong>Plinius,</strong></span> <span class='ocrx_word' id='word_1_696' title='bbox 682 2190 728 2217; x_wconf 88' lang='lat' dir='ltr'><strong>lib.</strong></span> <span class='ocrx_word' id='word_1_697' title='bbox 742 2198 807 2221; x_wconf 73' lang='lat' dir='ltr'><strong>xxx,</strong></span> <span class='ocrx_word' id='word_1_698' title='bbox 819 2198 878 2224; x_wconf 88' lang='lat' dir='ltr'><strong>cap.</strong></span> <span class='ocrx_word' id='word_1_699' title='bbox 892 2190 934 2222; x_wconf 84' lang='lat' dir='ltr'><strong>ll,</strong></span> <span class='ocrx_word' id='word_1_700' title='bbox 949 2198 1004 2217; x_wconf 82' lang='lat' dir='ltr'><strong>sca-</strong></span> 
     </span>
    </p>
   </div>
   <div class='ocr_carea' id='block_1_93' title="bbox 1057 2178 1836 2226">
    <p class='ocr_par' dir='ltr' id='par_1_93' title="bbox 1057 2178 1836 2215">
     <span class='ocr_line' id='line_1_93' title="bbox 1057 2178 1836 2215; baseline -0.003 -9"><span class='ocrx_word' id='word_1_701' title='bbox 1057 2189 1100 2206; x_wconf 91' lang='lat' dir='ltr'><strong>vov</strong></span> <span class='ocrx_word' id='word_1_702' title='bbox 1110 2179 1224 2215; x_wconf 79' lang='grc' dir='ltr'>ζημιοῦν</span> <span class='ocrx_word' id='word_1_703' title='bbox 1232 2179 1429 2214; x_wconf 79' lang='grc' dir='ltr'>ὑφαιρούμενος</span> <span class='ocrx_word' id='word_1_704' title='bbox 1436 2180 1468 2205; x_wconf 84' lang='grc' dir='ltr'>ἐκ</span> <span class='ocrx_word' id='word_1_705' title='bbox 1477 2178 1526 2213; x_wconf 83' lang='grc' dir='ltr'>τῆς</span> <span class='ocrx_word' id='word_1_706' title='bbox 1538 2179 1642 2205; x_wconf 77' lang='grc' dir='ltr'>ἐκείνου</span> <span class='ocrx_word' id='word_1_707' title='bbox 1652 2179 1747 2213; x_wconf 77' lang='grc' dir='ltr'>χρείας</span> <span class='ocrx_word' id='word_1_708' title='bbox 1761 2179 1836 2213; x_wconf 68' lang='grc' dir='ltr'>ὕδωρ.</span> 
     </span>
    </p>
   </div>
   <div class='ocr_carea' id='block_1_94' title="bbox 219 2235 1005 2274">
    <p class='ocr_par' dir='ltr' id='par_1_94' title="bbox 219 2235 1005 2274">
     <span class='ocr_line' id='line_1_94' title="bbox 219 2235 1005 2274; baseline -0.009 -6"><span class='ocrx_word' id='word_1_709' title='bbox 219 2241 338 2268; x_wconf 66' lang='lat' dir='ltr'><strong>rabazum</strong></span> <span class='ocrx_word' id='word_1_710' title='bbox 362 2240 409 2274; x_wconf 91' lang='lat' dir='ltr'><strong>qui</strong></span> <span class='ocrx_word' id='word_1_711' title='bbox 432 2238 531 2274; x_wconf 87' lang='lat' dir='ltr'><strong>pilulas</strong></span> <span class='ocrx_word' id='word_1_712' title='bbox 553 2237 648 2267; x_wconf 84' lang='lat' dir='ltr'><strong>volvit,</strong></span> <span class='ocrx_word' id='word_1_713' title='bbox 676 2235 786 2270; x_wconf 80' lang='lat' dir='ltr'><strong>Propter</strong></span> <span class='ocrx_word' id='word_1_714' title='bbox 806 2236 873 2262; x_wconf 86' lang='lat' dir='ltr'><strong>hunc</strong></span> <span class='ocrx_word' id='word_1_715' title='bbox 894 2235 1005 2270; x_wconf 67' lang='lat' dir='ltr'><strong>{Egypli</strong></span> 
     </span>
    </p>
   </div>
   <div class='ocr_carea' id='block_1_95' title="bbox 220 2281 1005 2322">
    <p class='ocr_par' dir='ltr' id='par_1_95' title="bbox 220 2281 1005 2322">
     <span class='ocr_line' id='line_1_95' title="bbox 220 2281 1005 2322; baseline -0.009 -9"><span class='ocrx_word' id='word_1_716' title='bbox 220 2294 317 2322; x_wconf 86' lang='lat' dir='ltr'><strong>magna</strong></span> <span class='ocrx_word' id='word_1_717' title='bbox 334 2293 396 2320; x_wconf 85' lang='lat' dir='ltr'><strong>pars</strong></span> <span class='ocrx_word' id='word_1_718' title='bbox 421 2284 568 2311; x_wconf 76' lang='lat' dir='ltr'><strong>scarabteos</strong></span> <span class='ocrx_word' id='word_1_719' title='bbox 593 2284 661 2310; x_wconf 84' lang='lat' dir='ltr'><strong>inter</strong></span> <span class='ocrx_word' id='word_1_720' title='bbox 677 2283 785 2309; x_wconf 84' lang='lat' dir='ltr'><strong>nunu&#39;na</strong></span> <span class='ocrx_word' id='word_1_721' title='bbox 807 2281 881 2312; x_wconf 76' lang='lat' dir='ltr'><strong>colit.</strong></span> <span class='ocrx_word' id='word_1_722' title='bbox 901 2283 1005 2308; x_wconf 77' lang='lat' dir='ltr'><strong>curiosa</strong></span> 
     </span>
    </p>
   </div>
   <div class='ocr_carea' id='block_1_96' title="bbox 221 2326 1003 2364">
    <p class='ocr_par' dir='ltr' id='par_1_96' title="bbox 221 2326 1003 2364">
     <span class='ocr_line' id='line_1_96' title="bbox 221 2326 1003 2364; baseline -0.006 -7"><span class='ocrx_word' id='word_1_723' title='bbox 221 2330 330 2364; x_wconf 79' lang='lat' dir='ltr'><strong>Apionis</strong></span> <span class='ocrx_word' id='word_1_724' title='bbox 355 2328 579 2363; x_wconf 77' lang='lat' dir='ltr'><strong>interpretatione,</strong></span> <span class='ocrx_word' id='word_1_725' title='bbox 604 2335 656 2362; x_wconf 84' lang='lat' dir='ltr'><strong>qua</strong></span> <span class='ocrx_word' id='word_1_726' title='bbox 679 2327 787 2361; x_wconf 87' lang='lat' dir='ltr'><strong>colligat</strong></span> <span class='ocrx_word' id='word_1_727' title='bbox 807 2326 871 2353; x_wconf 79' lang='lat' dir='ltr'><strong>solis</strong></span> <span class='ocrx_word' id='word_1_728' title='bbox 897 2333 1003 2360; x_wconf 85' lang='lat' dir='ltr'><strong>operum</strong></span> 
     </span>
    </p>
   </div>
   <div class='ocr_carea' id='block_1_97' title="bbox 220 2371 1005 2405">
    <p class='ocr_par' dir='ltr' id='par_1_97' title="bbox 220 2371 1005 2405">
     <span class='ocr_line' id='line_1_97' title="bbox 220 2371 1005 2405; baseline -0.005 -4"><span class='ocrx_word' id='word_1_729' title='bbox 220 2374 419 2401; x_wconf 81' lang='lat' dir='ltr'><strong>similitudinem</strong></span> <span class='ocrx_word' id='word_1_730' title='bbox 433 2374 492 2400; x_wconf 87' lang='lat' dir='ltr'><strong>huic</strong></span> <span class='ocrx_word' id='word_1_731' title='bbox 505 2373 616 2399; x_wconf 86' lang='lat' dir='ltr'><strong>animali</strong></span> <span class='ocrx_word' id='word_1_732' title='bbox 629 2380 684 2399; x_wconf 80' lang='lat' dir='ltr'><strong>esse</strong></span> <span class='ocrx_word' id='word_1_733' title='bbox 698 2371 731 2398; x_wconf 82' lang='lat' dir='ltr'><strong>ad</strong></span> <span class='ocrx_word' id='word_1_734' title='bbox 747 2371 910 2398; x_wconf 69' lang='lat' dir='ltr'><strong>excusandas</strong></span> <span class='ocrx_word' id='word_1_735' title='bbox 922 2372 1005 2405; x_wconf 83' lang='lat' dir='ltr'><strong>gentis</strong></span> 
     </span>
    </p>
   </div>
   <div class='ocr_carea' id='block_1_98' title="bbox 221 2417 1006 2454">
    <p class='ocr_par' dir='ltr' id='par_1_98' title="bbox 221 2417 1006 2454">
     <span class='ocr_line' id='line_1_98' title="bbox 221 2417 1006 2454; baseline -0.006 -6"><span class='ocrx_word' id='word_1_736' title='bbox 221 2429 276 2448; x_wconf 71' lang='lat' dir='ltr'><strong>sua:</strong></span> <span class='ocrx_word' id='word_1_737' title='bbox 299 2420 376 2447; x_wconf 83' lang='lat' dir='ltr'><strong>ritus.</strong></span> <span class='ocrx_word' id='word_1_738' title='bbox 398 2419 486 2446; x_wconf 91' lang='lat' dir='ltr'><strong>Horus</strong></span> <span class='ocrx_word' id='word_1_739' title='bbox 506 2423 635 2454; x_wconf 62' lang='lat' dir='ltr'><strong>pralerea</strong></span> <span class='ocrx_word' id='word_1_740' title='bbox 653 2417 732 2444; x_wconf 89' lang='lat' dir='ltr'><strong>aliam</strong></span> <span class='ocrx_word' id='word_1_741' title='bbox 754 2417 835 2451; x_wconf 83' lang='lat' dir='ltr'><strong>hujus</strong></span> <span class='ocrx_word' id='word_1_742' title='bbox 854 2418 1006 2443; x_wconf 83' lang='lat' dir='ltr'><strong>veneratio-</strong></span> 
     </span>
    </p>
   </div>
   <div class='ocr_carea' id='block_1_99' title="bbox 222 2461 1006 2497">
    <p class='ocr_par' dir='ltr' id='par_1_99' title="bbox 222 2461 1006 2497">
     <span class='ocr_line' id='line_1_99' title="bbox 222 2461 1006 2497; baseline -0.008 -4"><span class='ocrx_word' id='word_1_743' title='bbox 222 2465 265 2493; x_wconf 86' lang='lat' dir='ltr'><strong>nis</strong></span> <span class='ocrx_word' id='word_1_744' title='bbox 282 2472 394 2492; x_wconf 84' lang='lat' dir='ltr'><strong>causam</strong></span> <span class='ocrx_word' id='word_1_745' title='bbox 419 2463 517 2495; x_wconf 80' lang='lat' dir='ltr'><strong>reddit,</strong></span> <span class='ocrx_word' id='word_1_746' title='bbox 537 2462 610 2497; x_wconf 89' lang='lat' dir='ltr'><strong>quod</strong></span> <span class='ocrx_word' id='word_1_747' title='bbox 628 2461 734 2488; x_wconf 83' lang='lat' dir='ltr'><strong>scilicet</strong></span> <span class='ocrx_word' id='word_1_748' title='bbox 759 2468 848 2488; x_wconf 84' lang='lat' dir='ltr'><strong>mares</strong></span> <span class='ocrx_word' id='word_1_749' title='bbox 867 2461 923 2488; x_wconf 89' lang='lat' dir='ltr'><strong>sint</strong></span> <span class='ocrx_word' id='word_1_750' title='bbox 948 2468 1006 2488; x_wconf 94' lang='lat' dir='ltr'><strong>om-</strong></span> 
     </span>
    </p>
   </div>
   <div class='ocr_carea' id='block_1_100' title="bbox 221 2505 1003 2542">
    <p class='ocr_par' dir='ltr' id='par_1_100' title="bbox 221 2505 1003 2542">
     <span class='ocr_line' id='line_1_100' title="bbox 221 2505 1003 2542; baseline -0.005 -4"><span class='ocrx_word' id='word_1_751' title='bbox 221 2519 269 2538; x_wconf 88' lang='lat' dir='ltr'><strong>nes</strong></span> <span class='ocrx_word' id='word_1_752' title='bbox 298 2510 439 2542; x_wconf 75' lang='lat' dir='ltr'><strong>scarabaai,</strong></span> <span class='ocrx_word' id='word_1_753' title='bbox 458 2509 532 2537; x_wconf 82' lang='lat' dir='ltr'><strong>nulla</strong></span> <span class='ocrx_word' id='word_1_754' title='bbox 552 2507 661 2536; x_wconf 83' lang='lat' dir='ltr'><strong>femina.</strong></span> <span class='ocrx_word' id='word_1_755' title='bbox 678 2506 745 2534; x_wconf 85' lang='lat' dir='ltr'><strong>Vide</strong></span> <span class='ocrx_word' id='word_1_756' title='bbox 761 2505 936 2541; x_wconf 74' lang='lat' dir='ltr'><strong>Rodiginum,</strong></span> <span class='ocrx_word' id='word_1_757' title='bbox 957 2507 1003 2534; x_wconf 88' lang='lat' dir='ltr'><strong>lib.</strong></span> 
     </span>
    </p>
   </div>
   <div class='ocr_carea' id='block_1_101' title="bbox 221 2557 407 2592">
    <p class='ocr_par' dir='ltr' id='par_1_101' title="bbox 221 2557 407 2592">
     <span class='ocr_line' id='line_1_101' title="bbox 221 2557 407 2592; baseline -0.005 -8"><span class='ocrx_word' id='word_1_758' title='bbox 221 2565 281 2589; x_wconf 83' lang='lat' dir='ltr'><strong>vni.</strong></span> <span class='ocrx_word' id='word_1_759' title='bbox 302 2564 364 2592; x_wconf 89' lang='lat' dir='ltr'><strong>cap.</strong></span> <span class='ocrx_word' id='word_1_760' title='bbox 381 2557 407 2583; x_wconf 84' lang='lat'><strong>5.</strong></span> 
     </span>
    </p>
   </div>
   <div class='ocr_carea' id='block_1_102' title="bbox 256 2597 1004 2635">
    <p class='ocr_par' dir='ltr' id='par_1_102' title="bbox 256 2597 1004 2635">
     <span class='ocr_line' id='line_1_102' title="bbox 256 2597 1004 2635; baseline -0.004 -6"><span class='ocrx_word' id='word_1_761' title='bbox 256 2602 336 2635; x_wconf 84' lang='lat' dir='ltr'><strong>Ibid.,</strong></span> <span class='ocrx_word' id='word_1_762' title='bbox 355 2602 454 2629; x_wconf 73' lang='lat' dir='ltr'><strong>No.39.</strong></span> <span class='ocrx_word' id='word_1_763' title='bbox 467 2602 500 2628; x_wconf 86' lang='lat' dir='ltr'><strong>Ol</strong></span> <span class='ocrx_word' id='word_1_764' title='bbox 509 2600 543 2627; x_wconf 80' lang='grc' dir='ltr'>δὲ</span> <span class='ocrx_word' id='word_1_765' title='bbox 555 2601 706 2635; x_wconf 81' lang='grc' dir='ltr'><strong>μύρμηκες</strong></span> <span class='ocrx_word' id='word_1_766' title='bbox 716 2599 777 2626; x_wconf 83' lang='grc' dir='ltr'><strong>τόν.</strong></span> <span class='ocrx_word' id='word_1_767' title='bbox 788 2597 916 2629; x_wconf 83' lang='lat' dir='ltr'><strong>Basilius.</strong></span> <span class='ocrx_word' id='word_1_768' title='bbox 931 2597 1004 2626; x_wconf 90' lang='lat' dir='ltr'><strong>hom.</strong></span> 
     </span>
    </p>
   </div>
   <div class='ocr_carea' id='block_1_103' title="bbox 221 2643 1006 2682">
    <p class='ocr_par' dir='ltr' id='par_1_103' title="bbox 221 2643 1006 2682">
     <span class='ocr_line' id='line_1_103' title="bbox 221 2643 1006 2682; baseline -0.009 -6"><span class='ocrx_word' id='word_1_769' title='bbox 221 2649 246 2679; x_wconf 73' lang='lat'><strong>9,</strong></span> <span class='ocrx_word' id='word_1_770' title='bbox 265 2649 336 2676; x_wconf 91' lang='lat' dir='ltr'><strong>inter</strong></span> <span class='ocrx_word' id='word_1_771' title='bbox 348 2649 452 2682; x_wconf 88' lang='lat' dir='ltr'><strong>reliqua</strong></span> <span class='ocrx_word' id='word_1_772' title='bbox 467 2656 473 2674; x_wconf 95' lang='lat'>:</span> <span class='ocrx_word' id='word_1_773' title='bbox 488 2647 631 2673; x_wconf 81' lang='grc' dir='ltr'>Διακόπτει</span> <span class='ocrx_word' id='word_1_774' title='bbox 650 2645 704 2681; x_wconf 82' lang='grc' dir='ltr'><strong>γὰρ</strong></span> <span class='ocrx_word' id='word_1_775' title='bbox 721 2645 782 2676; x_wconf 80' lang='grc' dir='ltr'>ταῖς</span> <span class='ocrx_word' id='word_1_776' title='bbox 800 2643 896 2670; x_wconf 78' lang='grc' dir='ltr'>ἑαυτοῦ</span> <span class='ocrx_word' id='word_1_777' title='bbox 910 2644 1006 2679; x_wconf 82' lang='grc' dir='ltr'><strong>χηλαῖς</strong></span> 
     </span>
    </p>
   </div>
   <div class='ocr_carea' id='block_1_104' title="bbox 222 2690 1007 2729">
    <p class='ocr_par' dir='ltr' id='par_1_104' title="bbox 222 2690 1007 2729">
     <span class='ocr_line' id='line_1_104' title="bbox 222 2690 1007 2729; baseline -0.008 -8"><span class='ocrx_word' id='word_1_778' title='bbox 222 2695 276 2720; x_wconf 79' lang='grc' dir='ltr'>τῶν</span> <span class='ocrx_word' id='word_1_779' title='bbox 300 2693 415 2729; x_wconf 87' lang='grc' dir='ltr'>καρπῶν</span> <span class='ocrx_word' id='word_1_780' title='bbox 432 2693 463 2720; x_wconf 83' lang='grc' dir='ltr'><strong>τδ</strong></span> <span class='ocrx_word' id='word_1_781' title='bbox 493 2692 665 2728; x_wconf 80' lang='grc' dir='ltr'>μεσαίτατον,</span> <span class='ocrx_word' id='word_1_782' title='bbox 689 2691 726 2722; x_wconf 84' lang='grc' dir='ltr'>ὡς</span> <span class='ocrx_word' id='word_1_783' title='bbox 748 2690 780 2718; x_wconf 78' lang='grc' dir='ltr'>ἂν</span> <span class='ocrx_word' id='word_1_784' title='bbox 804 2690 841 2726; x_wconf 83' lang='grc' dir='ltr'><strong>μὴ</strong></span> <span class='ocrx_word' id='word_1_785' title='bbox 862 2690 1007 2724; x_wconf 82' lang='grc' dir='ltr'>ὲκφυέντες</span> 
     </span>
    </p>
   </div>
   <div class='ocr_carea' id='block_1_105' title="bbox 223 2734 1007 2774">
    <p class='ocr_par' dir='ltr' id='par_1_105' title="bbox 223 2734 1007 2774">
     <span class='ocr_line' id='line_1_105' title="bbox 223 2734 1007 2774; baseline -0.006 -9"><span class='ocrx_word' id='word_1_786' title='bbox 223 2739 352 2774; x_wconf 64' lang='grc' dir='ltr'>ἄχρηστοι</span> <span class='ocrx_word' id='word_1_787' title='bbox 371 2738 439 2774; x_wconf 74' lang='grc' dir='ltr'>πρὸς</span> <span class='ocrx_word' id='word_1_788' title='bbox 456 2738 558 2774; x_wconf 80' lang='grc' dir='ltr'>τροφὴν</span> <span class='ocrx_word' id='word_1_789' title='bbox 577 2736 651 2772; x_wconf 75' lang='grc' dir='ltr'>αὐτῷ</span> <span class='ocrx_word' id='word_1_790' title='bbox 668 2736 804 2770; x_wconf 73' lang='grc' dir='ltr'>γένοιντο⁸</span> <span class='ocrx_word' id='word_1_791' title='bbox 818 2735 865 2762; x_wconf 78' lang='grc' dir='ltr'>καὶ</span> <span class='ocrx_word' id='word_1_792' title='bbox 884 2734 1007 2769; x_wconf 68' lang='grc' dir='ltr'>διαψύχει</span> 
     </span>
    </p>
   </div>
   <div class='ocr_carea' id='block_1_106' title="bbox 223 2781 1008 2819">
    <p class='ocr_par' dir='ltr' id='par_1_106' title="bbox 223 2781 1008 2819">
     <span class='ocr_line' id='line_1_106' title="bbox 223 2781 1008 2819; baseline -0.006 -8"><span class='ocrx_word' id='word_1_793' title='bbox 223 2784 342 2816; x_wconf 80' lang='grc' dir='ltr'>τούτους,</span> <span class='ocrx_word' id='word_1_794' title='bbox 362 2785 425 2811; x_wconf 80' lang='grc' dir='ltr'>ὅταν</span> <span class='ocrx_word' id='word_1_795' title='bbox 437 2783 562 2819; x_wconf 87' lang='grc' dir='ltr'>αἰσθηται</span> <span class='ocrx_word' id='word_1_796' title='bbox 581 2783 669 2810; x_wconf 83' lang='grc' dir='ltr'>αὐτῶν</span> <span class='ocrx_word' id='word_1_797' title='bbox 684 2782 843 2818; x_wconf 77' lang='grc' dir='ltr'>διασρόχων,</span> <span class='ocrx_word' id='word_1_798' title='bbox 859 2781 905 2807; x_wconf 80' lang='grc' dir='ltr'>καὶ</span> <span class='ocrx_word' id='word_1_799' title='bbox 920 2781 970 2807; x_wconf 75' lang='grc' dir='ltr'><strong>οὐκ</strong></span> <span class='ocrx_word' id='word_1_800' title='bbox 980 2781 1008 2806; x_wconf 75' lang='grc' dir='ltr'><strong>ἐν</strong></span> 
     </span>
    </p>
   </div>
   <div class='ocr_carea' id='block_1_107' title="bbox 227 2825 1008 2864">
    <p class='ocr_par' dir='ltr' id='par_1_107' title="bbox 227 2825 1008 2864">
     <span class='ocr_line' id='line_1_107' title="bbox 227 2825 1008 2864; baseline -0.006 -7"><span class='ocrx_word' id='word_1_801' title='bbox 227 2830 307 2857; x_wconf 78' lang='grc' dir='ltr'>παντὶ</span> <span class='ocrx_word' id='word_1_802' title='bbox 320 2829 464 2864; x_wconf 69' lang='grc' dir='ltr'>προϐάλλει</span> <span class='ocrx_word' id='word_1_803' title='bbox 472 2829 568 2864; x_wconf 86' lang='grc' dir='ltr'>καιρῷ,</span> <span class='ocrx_word' id='word_1_804' title='bbox 579 2828 636 2856; x_wconf 72' lang='grc' dir='ltr'>ἀλλ’</span> <span class='ocrx_word' id='word_1_805' title='bbox 644 2829 707 2855; x_wconf 80' lang='grc' dir='ltr'>ὃταν</span> <span class='ocrx_word' id='word_1_806' title='bbox 721 2826 900 2863; x_wconf 76' lang='grc' dir='ltr'>προαίσθηται</span> <span class='ocrx_word' id='word_1_807' title='bbox 913 2825 959 2852; x_wconf 86' lang='grc' dir='ltr'>τοῦ</span> <span class='ocrx_word' id='word_1_808' title='bbox 967 2826 1008 2853; x_wconf 65' lang='lat' dir='ltr'><strong>ali-</strong></span> 
     </span>
    </p>
   </div>
   <div class='ocr_carea' id='block_1_108' title="bbox 1056 2225 1837 2261">
    <p class='ocr_par' dir='ltr' id='par_1_108' title="bbox 1056 2225 1837 2261">
     <span class='ocr_line' id='line_1_108' title="bbox 1056 2225 1837 2261; baseline -0.003 -8"><span class='ocrx_word' id='word_1_809' title='bbox 1056 2227 1087 2253; x_wconf 87' lang='lat' dir='ltr'><strong>Ei</strong></span> <span class='ocrx_word' id='word_1_810' title='bbox 1112 2226 1140 2253; x_wconf 80' lang='grc' dir='ltr'>δὲ</span> <span class='ocrx_word' id='word_1_811' title='bbox 1167 2226 1275 2258; x_wconf 81' lang='grc' dir='ltr'>πλείους</span> <span class='ocrx_word' id='word_1_812' title='bbox 1300 2225 1457 2260; x_wconf 79' lang='grc' dir='ltr'>ὲπάρδοιεν,</span> <span class='ocrx_word' id='word_1_813' title='bbox 1481 2225 1610 2259; x_wconf 78' lang='grc' dir='ltr'>ἀφθονίαν</span> <span class='ocrx_word' id='word_1_814' title='bbox 1634 2225 1682 2252; x_wconf 81' lang='grc' dir='ltr'>τοῦ</span> <span class='ocrx_word' id='word_1_815' title='bbox 1707 2226 1837 2261; x_wconf 71' lang='grc' dir='ltr'>ῥεύματος</span> 
     </span>
    </p>
   </div>
   <div class='ocr_carea' id='block_1_109' title="bbox 1055 2270 1836 2308">
    <p class='ocr_par' dir='ltr' id='par_1_109' title="bbox 1055 2270 1836 2308">
     <span class='ocr_line' id='line_1_109' title="bbox 1055 2270 1836 2308; baseline -0.001 -10"><span class='ocrx_word' id='word_1_816' title='bbox 1055 2272 1125 2308; x_wconf 83' lang='grc' dir='ltr'>ὀρῶν</span> <span class='ocrx_word' id='word_1_817' title='bbox 1145 2271 1183 2303; x_wconf 84' lang='grc' dir='ltr'>ὡς</span> <span class='ocrx_word' id='word_1_818' title='bbox 1205 2271 1362 2307; x_wconf 72' lang='grc' dir='ltr'>φιλοτησίας</span> <span class='ocrx_word' id='word_1_819' title='bbox 1381 2270 1453 2303; x_wconf 83' lang='grc' dir='ltr'>τινδς</span> <span class='ocrx_word' id='word_1_820' title='bbox 1469 2270 1497 2304; x_wconf 73' lang='grc' dir='ltr'><strong>ἐξ</strong></span> <span class='ocrx_word' id='word_1_821' title='bbox 1522 2270 1609 2297; x_wconf 81' lang='grc' dir='ltr'>αὐτῶν</span> <span class='ocrx_word' id='word_1_822' title='bbox 1625 2271 1836 2306; x_wconf 75' lang='grc' dir='ltr'><strong>μεταλαμδάνει,</strong></span> 
     </span>
    </p>
   </div>
   <div class='ocr_carea' id='block_1_110' title="bbox 1055 2317 1296 2353">
    <p class='ocr_par' dir='ltr' id='par_1_110' title="bbox 1055 2317 1296 2353">
     <span class='ocr_line' id='line_1_110' title="bbox 1055 2317 1296 2353; baseline -0.004 -8"><span class='ocrx_word' id='word_1_823' title='bbox 1055 2318 1102 2345; x_wconf 76' lang='grc' dir='ltr'>καὶ</span> <span class='ocrx_word' id='word_1_824' title='bbox 1117 2317 1187 2344; x_wconf 81' lang='grc' dir='ltr'>πίνει</span> <span class='ocrx_word' id='word_1_825' title='bbox 1202 2318 1296 2353; x_wconf 77' lang='grc' dir='ltr'>ἡδέως.</span> 
     </span>
    </p>
   </div>
   <div class='ocr_carea' id='block_1_111' title="bbox 1089 2360 1836 2396">
    <p class='ocr_par' dir='ltr' id='par_1_111' title="bbox 1089 2360 1836 2396">
     <span class='ocr_line' id='line_1_111' title="bbox 1089 2360 1836 2396; baseline -0.003 -6"><span class='ocrx_word' id='word_1_826' title='bbox 1089 2364 1149 2391; x_wconf 84' lang='grc' dir='ltr'><strong>(Ζοί.</strong></span> <span class='ocrx_word' id='word_1_827' title='bbox 1167 2363 1229 2394; x_wconf 71' lang='grc'>749,</span> <span class='ocrx_word' id='word_1_828' title='bbox 1242 2363 1290 2390; x_wconf 89' lang='lat' dir='ltr'><strong>lin.</strong></span> <span class='ocrx_word' id='word_1_829' title='bbox 1302 2363 1328 2390; x_wconf 78' lang='grc' dir='ltr'><strong>ι.</strong></span> <span class='ocrx_word' id='word_1_830' title='bbox 1343 2362 1423 2389; x_wconf 84' lang='grc' dir='ltr'><strong>Μετὰ</strong></span> <span class='ocrx_word' id='word_1_831' title='bbox 1434 2361 1467 2389; x_wconf 76' lang='grc' dir='ltr'>δὲ</span> <span class='ocrx_word' id='word_1_832' title='bbox 1482 2362 1540 2396; x_wconf 74' lang='grc' dir='ltr'><strong>τὴν</strong></span> <span class='ocrx_word' id='word_1_833' title='bbox 1552 2360 1605 2389; x_wconf 84' lang='grc' dir='ltr'>τοῦ</span> <span class='ocrx_word' id='word_1_834' title='bbox 1618 2363 1746 2396; x_wconf 82' lang='grc' dir='ltr'>κόσμου.</span> <span class='ocrx_word' id='word_1_835' title='bbox 1766 2361 1836 2389; x_wconf 87' lang='lat' dir='ltr'><strong>Sicut</strong></span> 
     </span>
    </p>
   </div>
   <div class='ocr_carea' id='block_1_112' title="bbox 1055 2407 1837 2445">
    <p class='ocr_par' dir='ltr' id='par_1_112' title="bbox 1055 2407 1837 2445">
     <span class='ocr_line' id='line_1_112' title="bbox 1055 2407 1837 2445; baseline -0.005 -7"><span class='ocrx_word' id='word_1_836' title='bbox 1055 2410 1089 2438; x_wconf 92' lang='lat' dir='ltr'><strong>de</strong></span> <span class='ocrx_word' id='word_1_837' title='bbox 1107 2410 1242 2445; x_wconf 90' lang='lat' dir='ltr'><strong>principio</strong></span> <span class='ocrx_word' id='word_1_838' title='bbox 1260 2414 1287 2436; x_wconf 91' lang='lat' dir='ltr'><strong>et</strong></span> <span class='ocrx_word' id='word_1_839' title='bbox 1306 2409 1444 2437; x_wconf 89' lang='lat' dir='ltr'><strong>creatione</strong></span> <span class='ocrx_word' id='word_1_840' title='bbox 1458 2408 1539 2442; x_wconf 86' lang='lat' dir='ltr'><strong>hujus</strong></span> <span class='ocrx_word' id='word_1_841' title='bbox 1553 2407 1646 2434; x_wconf 91' lang='lat' dir='ltr'><strong>mundi</strong></span> <span class='ocrx_word' id='word_1_842' title='bbox 1672 2408 1758 2434; x_wconf 79' lang='lat' dir='ltr'><strong>varize</strong></span> <span class='ocrx_word' id='word_1_843' title='bbox 1772 2409 1837 2443; x_wconf 86' lang='lat' dir='ltr'><strong>apud</strong></span> 
     </span>
    </p>
   </div>
   <div class='ocr_carea' id='block_1_113' title="bbox 1056 2454 1838 2491">
    <p class='ocr_par' dir='ltr' id='par_1_113' title="bbox 1056 2454 1838 2491">
     <span class='ocr_line' id='line_1_113' title="bbox 1056 2454 1838 2491; baseline -0.004 -7"><span class='ocrx_word' id='word_1_844' title='bbox 1056 2457 1127 2489; x_wconf 77' lang='lat' dir='ltr'><strong>illos,</strong></span> <span class='ocrx_word' id='word_1_845' title='bbox 1143 2457 1244 2491; x_wconf 88' lang='lat' dir='ltr'><strong>quibus</strong></span> <span class='ocrx_word' id='word_1_846' title='bbox 1264 2456 1356 2483; x_wconf 88' lang='lat' dir='ltr'><strong>lumen</strong></span> <span class='ocrx_word' id='word_1_847' title='bbox 1369 2455 1507 2490; x_wconf 75' lang='lat' dir='ltr'><strong>Evangelii</strong></span> <span class='ocrx_word' id='word_1_848' title='bbox 1526 2462 1581 2481; x_wconf 91' lang='lat' dir='ltr'><strong>non</strong></span> <span class='ocrx_word' id='word_1_849' title='bbox 1601 2454 1717 2485; x_wconf 81' lang='lat' dir='ltr'><strong>all&#39;ulsit,</strong></span> <span class='ocrx_word' id='word_1_850' title='bbox 1733 2459 1838 2481; x_wconf 63' lang='lat' dir='ltr'><strong>contru-</strong></span> 
     </span>
    </p>
   </div>
   <div class='ocr_carea' id='block_1_114' title="bbox 1056 2500 1838 2535">
    <p class='ocr_par' dir='ltr' id='par_1_114' title="bbox 1056 2500 1838 2535">
     <span class='ocr_line' id='line_1_114' title="bbox 1056 2500 1838 2535; baseline -0.006 -4"><span class='ocrx_word' id='word_1_851' title='bbox 1056 2511 1142 2531; x_wconf 62' lang='lat' dir='ltr'><strong>versaa</strong></span> <span class='ocrx_word' id='word_1_852' title='bbox 1158 2502 1297 2530; x_wconf 67' lang='lat' dir='ltr'><strong>sententiae</strong></span> <span class='ocrx_word' id='word_1_853' title='bbox 1311 2501 1397 2532; x_wconf 83' lang='lat' dir='ltr'><strong>fuere.</strong></span> <span class='ocrx_word' id='word_1_854' title='bbox 1415 2508 1476 2535; x_wconf 67' lang='lat' dir='ltr'><strong>qua:</strong></span> <span class='ocrx_word' id='word_1_855' title='bbox 1496 2508 1591 2528; x_wconf 83' lang='lat' dir='ltr'><strong>omnes</strong></span> <span class='ocrx_word' id='word_1_856' title='bbox 1604 2507 1619 2526; x_wconf 89' lang='lat' dir='ltr'><strong>a</strong></span> <span class='ocrx_word' id='word_1_857' title='bbox 1639 2500 1757 2527; x_wconf 86' lang='lat' dir='ltr'><strong>veritate</strong></span> <span class='ocrx_word' id='word_1_858' title='bbox 1769 2501 1838 2527; x_wconf 86' lang='lat' dir='ltr'><strong>aber-</strong></span> 
     </span>
    </p>
   </div>
   <div class='ocr_carea' id='block_1_115' title="bbox 1056 2546 1838 2582">
    <p class='ocr_par' dir='ltr' id='par_1_115' title="bbox 1056 2546 1838 2582">
     <span class='ocr_line' id='line_1_115' title="bbox 1056 2546 1838 2582; baseline -0.006 -5"><span class='ocrx_word' id='word_1_859' title='bbox 1056 2553 1170 2582; x_wconf 85' lang='lat' dir='ltr'><strong>rarunt;</strong></span> <span class='ocrx_word' id='word_1_860' title='bbox 1189 2549 1225 2576; x_wconf 86' lang='lat' dir='ltr'><strong>ita</strong></span> <span class='ocrx_word' id='word_1_861' title='bbox 1241 2553 1267 2576; x_wconf 88' lang='lat' dir='ltr'><strong>et</strong></span> <span class='ocrx_word' id='word_1_862' title='bbox 1287 2549 1313 2575; x_wconf 90' lang='lat' dir='ltr'><strong>in</strong></span> <span class='ocrx_word' id='word_1_863' title='bbox 1329 2548 1466 2575; x_wconf 83' lang='lat' dir='ltr'><strong>creatione</strong></span> <span class='ocrx_word' id='word_1_864' title='bbox 1489 2547 1608 2574; x_wconf 89' lang='lat' dir='ltr'><strong>hominis</strong></span> <span class='ocrx_word' id='word_1_865' title='bbox 1630 2546 1700 2573; x_wconf 79' lang='lat' dir='ltr'><strong>varii</strong></span> <span class='ocrx_word' id='word_1_866' title='bbox 1719 2546 1838 2573; x_wconf 85' lang='lat' dir='ltr'><strong>dissidiis</strong></span> 
     </span>
    </p>
   </div>
   <div class='ocr_carea' id='block_1_116' title="bbox 1057 2593 1838 2630">
    <p class='ocr_par' dir='ltr' id='par_1_116' title="bbox 1057 2593 1838 2630">
     <span class='ocr_line' id='line_1_116' title="bbox 1057 2593 1838 2630; baseline -0.006 -7"><span class='ocrx_word' id='word_1_867' title='bbox 1057 2597 1218 2630; x_wconf 84' lang='lat' dir='ltr'><strong>semetipsos</strong></span> <span class='ocrx_word' id='word_1_868' title='bbox 1240 2599 1382 2622; x_wconf 74' lang='lat' dir='ltr'><strong>vexarunt.</strong></span> <span class='ocrx_word' id='word_1_869' title='bbox 1407 2593 1521 2627; x_wconf 87' lang='lat' dir='ltr'><strong>Quidam</strong></span> <span class='ocrx_word' id='word_1_870' title='bbox 1540 2593 1613 2620; x_wconf 91' lang='lat' dir='ltr'><strong>enim</strong></span> <span class='ocrx_word' id='word_1_871' title='bbox 1637 2597 1768 2619; x_wconf 85' lang='lat' dir='ltr'><strong>naturam</strong></span> <span class='ocrx_word' id='word_1_872' title='bbox 1794 2593 1838 2619; x_wconf 88' lang='lat' dir='ltr'><strong>hu-</strong></span> 
     </span>
    </p>
   </div>
   <div class='ocr_carea' id='block_1_117' title="bbox 1057 2637 1834 2672">
    <p class='ocr_par' dir='ltr' id='par_1_117' title="bbox 1057 2637 1834 2672">
     <span class='ocr_line' id='line_1_117' title="bbox 1057 2637 1834 2672; baseline -0.008 -4"><span class='ocrx_word' id='word_1_873' title='bbox 1057 2649 1164 2668; x_wconf 89' lang='lat' dir='ltr'><strong>manam</strong></span> <span class='ocrx_word' id='word_1_874' title='bbox 1180 2644 1307 2667; x_wconf 71' lang='lat' dir='ltr'><strong>aeternam</strong></span> <span class='ocrx_word' id='word_1_875' title='bbox 1326 2643 1535 2667; x_wconf 74' lang='lat' dir='ltr'><strong>asseverarunt:</strong></span> <span class='ocrx_word' id='word_1_876' title='bbox 1551 2638 1596 2665; x_wconf 78' lang='lat' dir='ltr'><strong>alii</strong></span> <span class='ocrx_word' id='word_1_877' title='bbox 1609 2639 1732 2672; x_wconf 88' lang='lat' dir='ltr'><strong>primum</strong></span> <span class='ocrx_word' id='word_1_878' title='bbox 1755 2639 1782 2664; x_wconf 92' lang='lat' dir='ltr'><strong>in</strong></span> <span class='ocrx_word' id='word_1_879' title='bbox 1797 2637 1834 2663; x_wconf 82' lang='lat' dir='ltr'><strong>At-</strong></span> 
     </span>
    </p>
   </div>
   <div class='ocr_carea' id='block_1_118' title="bbox 1057 2682 1837 2717">
    <p class='ocr_par' dir='ltr' id='par_1_118' title="bbox 1057 2682 1837 2717">
     <span class='ocr_line' id='line_1_118' title="bbox 1057 2682 1837 2717; baseline -0.009 -3"><span class='ocrx_word' id='word_1_880' title='bbox 1057 2689 1112 2714; x_wconf 92' lang='lat' dir='ltr'><strong>tica</strong></span> <span class='ocrx_word' id='word_1_881' title='bbox 1129 2692 1209 2714; x_wconf 89' lang='lat' dir='ltr'><strong>natos</strong></span> <span class='ocrx_word' id='word_1_882' title='bbox 1225 2686 1308 2713; x_wconf 76' lang='lat' dir='ltr'><strong>fuisse</strong></span> <span class='ocrx_word' id='word_1_883' title='bbox 1330 2687 1471 2717; x_wconf 81' lang='lat' dir='ltr'><strong>homines;</strong></span> <span class='ocrx_word' id='word_1_884' title='bbox 1488 2685 1532 2712; x_wconf 85' lang='lat' dir='ltr'><strong>alii</strong></span> <span class='ocrx_word' id='word_1_885' title='bbox 1554 2685 1580 2711; x_wconf 92' lang='lat' dir='ltr'><strong>in</strong></span> <span class='ocrx_word' id='word_1_886' title='bbox 1596 2684 1737 2715; x_wconf 77' lang='lat' dir='ltr'><strong>Arcadia;</strong></span> <span class='ocrx_word' id='word_1_887' title='bbox 1753 2683 1797 2710; x_wconf 87' lang='lat' dir='ltr'><strong>alii</strong></span> <span class='ocrx_word' id='word_1_888' title='bbox 1816 2682 1837 2708; x_wconf 89' lang='lat' dir='ltr'><strong>iu</strong></span> 
     </span>
    </p>
   </div>
   <div class='ocr_carea' id='block_1_119' title="bbox 1057 2727 1836 2767">
    <p class='ocr_par' dir='ltr' id='par_1_119' title="bbox 1057 2727 1836 2767">
     <span class='ocr_line' id='line_1_119' title="bbox 1057 2727 1836 2767; baseline -0.009 -7"><span class='ocrx_word' id='word_1_889' title='bbox 1057 2732 1184 2767; x_wconf 66' lang='lat' dir='ltr'><strong>Egypto.</strong></span> <span class='ocrx_word' id='word_1_890' title='bbox 1197 2730 1395 2761; x_wconf 83' lang='lat' dir='ltr'><strong>Theodoretns.</strong></span> <span class='ocrx_word' id='word_1_891' title='bbox 1409 2729 1492 2757; x_wconf 72' lang='grc' dir='ltr'><strong>(ἐι-ατ.</strong></span> <span class='ocrx_word' id='word_1_892' title='bbox 1505 2729 1591 2764; x_wconf 77' lang='lat' dir='ltr'><strong>aﬂ‘ect.</strong></span> <span class='ocrx_word' id='word_1_893' title='bbox 1604 2729 1651 2755; x_wconf 92' lang='lat' dir='ltr'><strong>lib.</strong></span> <span class='ocrx_word' id='word_1_894' title='bbox 1664 2737 1679 2754; x_wconf 74' lang='grc' dir='ltr'><strong>γ</strong></span> <span class='ocrx_word' id='word_1_895' title='bbox 1690 2737 1698 2761; x_wconf 85' lang='lat'>;</span> <span class='ocrx_word' id='word_1_896' title='bbox 1709 2727 1836 2758; x_wconf 81' lang='lat' dir='ltr'><strong>Justinus.</strong></span> 
     </span>
    </p>
   </div>
   <div class='ocr_carea' id='block_1_120' title="bbox 1060 2772 1836 2808">
    <p class='ocr_par' dir='ltr' id='par_1_120' title="bbox 1060 2772 1836 2808">
     <span class='ocr_line' id='line_1_120' title="bbox 1060 2772 1836 2808; baseline -0.012 -3"><span class='ocrx_word' id='word_1_897' title='bbox 1060 2777 1163 2805; x_wconf 77' lang='lat' dir='ltr'><strong>Hister.</strong></span> <span class='ocrx_word' id='word_1_898' title='bbox 1181 2777 1227 2804; x_wconf 88' lang='lat' dir='ltr'><strong>lib.</strong></span> <span class='ocrx_word' id='word_1_899' title='bbox 1244 2784 1276 2808; x_wconf 82' lang='grc' dir='ltr'>ιι,</span> <span class='ocrx_word' id='word_1_900' title='bbox 1290 2775 1426 2802; x_wconf 58' lang='lat' dir='ltr'><strong>diuturna</strong></span> <span class='ocrx_word' id='word_1_901' title='bbox 1435 2775 1617 2802; x_wconf 82' lang='lat' dir='ltr'><strong>contentionis</strong></span> <span class='ocrx_word' id='word_1_902' title='bbox 1639 2774 1714 2800; x_wconf 88' lang='lat' dir='ltr'><strong>inter</strong></span> <span class='ocrx_word' id='word_1_903' title='bbox 1728 2772 1836 2808; x_wconf 78' lang='lat' dir='ltr'><strong>Scythas</strong></span> 
     </span>
    </p>
   </div>
   <div class='ocr_carea' id='block_1_121' title="bbox 1059 2819 1836 2859">
    <p class='ocr_par' dir='ltr' id='par_1_121' title="bbox 1059 2819 1836 2859">
     <span class='ocr_line' id='line_1_121' title="bbox 1059 2819 1836 2859; baseline -0.009 -7"><span class='ocrx_word' id='word_1_904' title='bbox 1059 2829 1085 2853; x_wconf 89' lang='lat' dir='ltr'><strong>et</strong></span> <span class='ocrx_word' id='word_1_905' title='bbox 1107 2823 1248 2859; x_wconf 63' lang='lat' dir='ltr'><strong>[Egyptios</strong></span> <span class='ocrx_word' id='word_1_906' title='bbox 1267 2821 1300 2849; x_wconf 89' lang='lat' dir='ltr'><strong>de</strong></span> <span class='ocrx_word' id='word_1_907' title='bbox 1319 2822 1426 2857; x_wconf 73' lang='lat' dir='ltr'><strong>generis</strong></span> <span class='ocrx_word' id='word_1_908' title='bbox 1441 2824 1575 2849; x_wconf 81' lang='lat' dir='ltr'><strong>vetustate</strong></span> <span class='ocrx_word' id='word_1_909' title='bbox 1593 2819 1741 2852; x_wconf 85' lang='lat' dir='ltr'><strong>meminit;</strong></span> <span class='ocrx_word' id='word_1_910' title='bbox 1755 2822 1781 2846; x_wconf 89' lang='lat' dir='ltr'><strong>et</strong></span> <span class='ocrx_word' id='word_1_911' title='bbox 1797 2823 1836 2844; x_wconf 77' lang='lat' dir='ltr'><strong>eo-</strong></span> 
     </span>
    </p>
   </div>
  </div>
