1897 3073
74 135 118 163 963
549 129 579 154 IN
601 127 784 154 EUSTATIIII
807 125 1042 158 IlIC.\;\|LMEIl0N
1064 124 1176 150 ΜΠΕΕ.

1627 124 1678 151 θ’Ῑο

73 201 125 221 rum
139 191 442 227 argumentis’expositis
461 190 595 225 Egyptiis
619 188 754 224 superatis
769 188 838 214 anti-
855 190 872 216 Λ
889 194 948 213 nem
975 188 1161 220 comparatum
1190 185 1392 219 exprimerent?
1417 185 1538 212 futurum
1562 195 1680 222 namque

73 239 170 274 quiores
189 237 302 272 Scythas
315 244 421 271 semper
432 236 506 262 visos
520 239 622 261 narrat.

102 283 158 311 Cal.
174 282 234 314 749,
251 282 304 309 lin.‘
315 283 341 309 5.
365 281 406 314 Τῷ
420 281 477 315 μὲν
501 280 604 314 θερμῷ,
629 279 746 306 Necesse
767 279 837 306 enim

73 333 132 360 erat,
151 333 178 354 ut
188 327 268 353 homo
277 330 348 361 apto,
363 334 394 353 ac
411 330 557 360 temperate
572 324 795 355 constitueretur,
807 332 839 350 nc

74 374 218 409 urgentibus
233 373 376 399 bumorum
395 372 458 398 hinc
479 371 541 398 inde
554 370 724 403 differentiis,
739 374 764 396 et
776 378 840 397 cou-

74 419 244 447 trarietatibus
259 419 406 445 distractus
416 418 574 453 gravissime
588 417 786 449 offenderetur;
800 417 839 443 sic

73 468 133 494 enim
148 470 286 501 promptus
300 470 326 493 et
343 466 451 496 alacris,
468 466 516 496 illi,
546 464 578 491 ad
593 464 663 499 quod
682 467 839 494 cratnatus,

73 514 210 540 instructus
219 512 396 544 incumberet,
406 512 542 546 mentique
550 511 696 538 deserviret
705 513 841 544 spectator-

72 566 216 593 superarum
229 566 328 590 rerum,
340 562 419 593 atque
434 558 595 585 ctelestium.
604 557 669 589 Qum
678 556 768 583 omnia
782 556 841 583 aliis

72 605 241 632 animantibus
257 605 386 640 denegata
396 609 475 632 sunt:
488 609 514 632 et
523 604 574 631 hoc
588 604 695 639 quidem
708 603 822 631 calidius
832 623 839 635 ,

72 646 350 685 ideoqueiraeundum,
360 658 453 685 rapax,
461 650 623 685 superbum;
634 649 698 676 illud
706 649 840 684 frigidius.

72 697 174 732 ideoque
187 704 279 731 segne,
294 696 467 731 pestiferum,
481 696 697 727 somnolentum;
714 699 740 722 et
757 695 796 722 sic
809 695 842 722 de

72 742 125 770 aliis
144 750 288 777 possumus
308 743 503 778 philosophari.
520 742 628 778 Optime
649 742 740 777 itaque
756 749 770 768 a
788 741 842 769 Deo

71 792 178 816 extrema
194 783 350 823 compressa
362 794 442 822 sunt;
457 793 484 816 et
495 789 575 816 homo
589 789 623 816 ab
636 789 708 815 omni
726 793 802 824 parte
815 788 841 814 in

72 834 148 863 media
162 835 275 870 quadam
295 835 383 869 frigidi
396 839 423 862 et
436 835 528 866 calidi,
541 834 605 862 sicci
620 838 646 862 et
660 834 763 861 humidi
776 841 842 860 con—

71 879 201 907 stitutione
208 879 349 912 formatus,
360 880 472 907 mirifice
479 883 619 914 promptus
627 879 659 906 ad
670 882 747 906 actus
759 884 848 906 ncccs‘

71 926 148 953 sarios
163 926 338 960 comperitur.
355 925 412 952 IIoc
430 930 523 960 postea
544 926 689 952 humorum
713 929 843 960 tempera-

71 974 178 998 mentum
193 970 264 998 sicut
277 975 304 997 ct
320 971 404 997 multa
417 970 469 996 alia
478 970 546 997 dona
559 977 574 996 a
590 970 644 997 Deo
665 970 716 997 sibi
733 970 841 1001 collata,

72 1021 182 1050 peccato,
200 1021 227 1043 et
241 1017 371 1051 praecepti
385 1006 532 1043 violatione
547 1016 701 1043 infirmavit.

100 1059 172 1093 Ibid.,
187 1061 236 1089 lin.
256 1061 281 1088 7.
299 1062 426 1096 Ἔχοντα
446 1061 545 1088 πάντα
565 1061 600 1087 τὰ
614 1061 701 1095 μέρη.
726 1061 843 1097 Ideoque

71 1113 117 1132 non
130 1106 231 1134 insulse
245 1115 296 1134 nec
309 1107 459 1135 oscitanter
481 1107 579 1139 homo,
600 1115 695 1141 part-us
719 1107 840 1139 mundus,

71 1159 84 1178 ιι
106 1152 235 1188 plerisque
263 1158 448 1189 nuncupatur.
476 1152 623 1188 Gregorius
654 1153 781 1180 Nazianz.
815 1155 841 1180 in

69 1197 161 1226 Christi
180 1200 348 1227 nativitatem
367 1209 373 1227 :
389 1199 474 1227 Τοῦτο
495 1200 527 1236 δὴ
548 1199 843 1235 βουληθεὶςότεχνίτης

71 1243 240 1277 ἐπιδείξασθαι
251 1244 345 1279 Λόγος,
357 1245 403 1271 καὶ
415 1245 483 1276 ζῶον
494 1246 523 1271 ἓν
537 1245 565 1278 ἐξ
577 1245 748 1281 ἀμφοτέρων,
765 1245 844 1281 ἀορά-

70 1296 111 1315 του
124 1298 152 1316 τε
166 1290 246 1324 λέγω,
260 1290 307 1317 καὶ
320 1291 418 1326 ὁρατῆς
431 1290 547 1326 φύσεως,
557 1291 587 1326 δη
593 1292 715 1327 μιουργεί
732 1291 777 1318 τὸν
796 1292 842 1318 ἄν-

71 1334 181 1370 Θρωπον·
206 1336 255 1363 καὶ
278 1336 353 1371 παρὰ
371 1337 419 1371 μὲν
436 1337 485 1372 τῆς
502 1337 567 1372 ὕλης
593 1337 682 1363 λαϐὼν
702 1337 732 1364 τὸ
753 1337 841 1372 σῶμα,

71 1381 113 1416 ἤδη
127 1383 342 1417 προϋποστάσης,
359 1383 424 1417 παρ’
440 1382 535 1409 ἑαυτοῦ
551 1382 578 1409 δὲ
592 1382 663 1418 ζωὴν
677 1382 772 1414 ἐνθεὶς,
784 1383 797 1408 ὃ
811 1382 842 1418 δὴ

71 1430 156 1461 νοερὰν
177 1427 264 1463 ψυχὴν
289 1429 336 1454 καὶ
350 1428 443 1455 εἰκόνα
460 1428 526 1455 Θεοῦ
554 1426 622 1455 εἶδεν
641 1429 654 1454 ὁ
667 1427 762 1462 Λόγος.
788 1425 843 1454 οἶόν

71 1479 124 1499 τινα
142 1472 240 1508 κόσμον
255 1473 380 1509 δεύτερον
401 1475 429 1501 ὲν
449 1473 538 1510 μικρῷ
558 1474 642 1509 μέγαν
665 1474 711 1500 ἐπὶ
728 1474 776 1509 τῆς
793 1474 843 1509 γῆς

71 1518 175 1554 ἵστησιν,
186 1520 300 1555 ἄγγελον
312 1520 390 1548 ἄλλον
402 1521 589 1557 προσκυνητὴν
604 1521 707 1556 μικτὸν,
723 1521 842 1555 suam,»

71 1566 114 1601 τῆς
126 1567 222 1602 ὁρατῆς
237 1567 364 1599 κτίσεως,
381 1566 485 1602 μύστην
499 1566 548 1601 τῆς
560 1566 717 1602 νοουμένης,
734 1565 844 1601 βασιλέα

71 1612 118 1638 τῶν
136 1614 180 1640 ἐπὶ
197 1615 260 1649 γῆς,
282 1613 488 1649 βασιλευόμενοι]
511 1613 630 1645 ἄνωθεν,
653 1612 771 1646 ἐπίγειον
798 1613 845 1639 καὶ

72 1659 194 1694 οὐράνιον,
208 1660 375 1696 πρόσκαιρον
388 1660 436 1686 καὶ
451 1659 593 1691 ἀθάνατον,
607 1659 702 1694 ὁρατὸν
719 1658 765 1685 καὶ
776 1658 846 1685 νοού‹

73 1711 152 1737 μενον,
169 1703 247 1738 μέσον
267 1703 398 1739 μεγέθους
422 1704 467 1730 καὶ
485 1703 685 1738 ταπεινότητοςτ
702 1703 747 1729 τὸν
765 1704 845 1730 αὐτὸν

72 1747 170 1782 πνεῦμα.
186 1749 232 1775 καὶ
248 1750 347 1784 σάρκα,
368 1749 474 1784 πνεῦμα
486 1749 529 1775 διὰ
537 1749 586 1784 τὴν
601 1748 690 1784 χάριν,
702 1749 790 1784 σάρκα
804 1748 847 1775 διὰ

72 1793 114 1827 τὴν
128 1793 248 1829 ἔπαρσιν,
266 1795 297 1820 τὸ
314 1794 363 1829 μὲν
379 1794 422 1821 ἵνα
441 1794 518 1830 μένῃ,
534 1794 580 1820 καὶ
593 1792 689 1828 δοξάζῃ
711 1793 755 1819 τὸν
771 1793 847 1828 εὐερ-

71 1838 155 1874 γέτην,
165 1840 194 1865 τὺ
208 1840 236 1866 δὲ
249 1840 293 1866 ἵνα
305 1840 408 1876 πάσχῃ,
420 1841 466 1866 καὶ
481 1840 582 1874 πάσχον
595 1839 845 1874 ὑπομιμνήσκηται,

73 1884 113 1910 καὶ
139 1886 306 1921 παιδεὺηται,
327 1886 365 1922 τῷ
391 1886 498 1921 μεγέθει
526 1884 758 1920 φιλοτιμούμενος,
778 1884 846 1916 ζῶον

71 1929 178 1957 ἐνταῦθα
193 1931 427 1966 οἱκονομούμενον,
443 1931 490 1958 καὶ
504 1930 619 1965 ἀλλαχοῦ
642 1930 844 1965 μεθιστάμενον,

72 1974 114 2000 καὶ
127 1975 209 2011 πέρας
226 1976 273 2002 τοῦ
292 1976 440 2012 μυστηρίου
456 1977 488 2012 τῇ
506 1976 572 2012 πρὸς
587 1976 652 2002 Θεὸν
667 1975 754 2002 γεύσει
771 1974 847 2002 0εοὺ-

75 2026 155 2052 μενον.
167 2019 285 2051 Nicetas,
299 2020 451 2048 Comment.
463 2022 488 2048 in
497 2021 620 2048 eumdem
632 2030 638 2047 :
649 2021 703 2047 Καὶ
716 2021 794 2056 ἔθηκε
801 2020 846 2047 τὸν

72 2063 203 2100 ἄνθρωπον
216 2067 261 2092 ἐπὶ
275 2066 323 2101 τῆς
333 2067 384 2102 γῆς
400 2066 486 2101 μέγαν
498 2066 597 2102 κόσμον
609 2068 637 2093 ἐν
649 2066 737 2102 μικρῷ
753 2066 846 2101 κόσμῳ

72 2109 106 2144 τῷ
122 2111 248 2147 αἰσθητῷ.
267 2111 371 2148 Μικρὸς
384 2111 438 2147 γὰρ
458 2113 472 2138 ὁ
491 2111 584 2148 παρὼν
599 2112 698 2147 κόσμος
717 2112 784 2147 πρὸς
802 2112 847 2138 τὸν

72 2154 214 2192 ἄνθρωπον,
227 2154 259 2184 οὗ
273 2158 353 2184 ἕνεκα
366 2158 454 2184 πάντα
467 2157 588 2192 ἐγένοντο
597 2166 603 2172 ⁸
615 2157 645 2183 τὴ
657 2158 710 2192 γὰρ
722 2154 751 2183 οὗ
767 2158 846 2183 ἕνεκα

891 239 932 261 cst
949 238 978 261 ut
994 234 1095 269 pariter
1108 233 1204 260 cmlum
1219 233 1270 259 hoc
1287 233 1413 264 volubile,
1429 238 1500 261 terra
1522 235 1679 262 umtationi‘

893 281 942 307 lus
954 280 1081 311 obnoxia,
1097 283 1195 306 cuncta
1209 279 1325 313 denique
1339 280 1380 306 his
1393 281 1600 315 comprehensa,
1615 290 1677 308 cum

893 336 924 352 eo
939 327 998 361 ipso
1027 325 1097 362 quod
1128 326 1231 356 ambit,
1263 325 1388 352 universa
1411 327 1554 354 intereant.
1575 327 1676 355 Verum

894 377 984 407 posset
1005 371 1164 398 Eustathius
1189 371 1372 405 respondere:
1401 372 1487 406 neque
1511 373 1596 399 solam
1619 374 1678 400 ani-

894 427 974 451 mam,
993 426 1079 453 neque
1118 418 1205 444 solum
1232 425 1331 452 corpus
1362 417 1495 445 hominem
1524 427 1602 451 esse,
1631 420 1676 446 scd

894 469 1039 499 utrumque
1066 471 1149 490 unum
1175 463 1279 491 efﬁcere
1309 463 1456 494 hominem,
1482 465 1527 499 qui
1553 466 1677 500 quamvis

894 519 1007 545 corpore
1032 511 1112 536 morti
1137 510 1269 537 obnoxius
1295 510 1376 540 vivat,
1398 511 1489 537 animo
1515 515 1603 539 tamen
1626 513 1676 539 im-

895 556 1027 587 mortalis,
1053 556 1209 590 przestantia
1232 559 1259 582 et
1286 556 1455 587 excellentia,
1471 560 1497 583 et
1519 557 1629 590 coelum,
1649 563 1676 586 et

895 607 1005 634 terram,
1019 606 1168 636 caeteraquc
1185 609 1245 636 qua:
1263 601 1398 628 intereunt
1413 607 1534 636 supcrat,
1549 604 1679 630 maxima-

895 655 946 682 que
961 648 986 674 in
1001 648 1108 674 homine
1130 647 1174 673 illa
1194 647 1253 673 laus
1268 651 1318 678 est,
1333 655 1414 681 quam
1437 651 1511 675 certe
1531 648 1596 675 nulli
1614 656 1678 675 con-

895 701 999 721 cessam
1022 692 1209 728 cognorimus,
1233 692 1255 719 si
1276 700 1372 726 parvus
1389 694 1499 720 mundus
1517 695 1676 729 appellatur.

895 741 954 773 Quo
972 741 1081 766 nomine
1094 747 1148 766 non
1165 746 1216 765 una
1235 739 1317 766 totius
1335 739 1455 766 universi
1471 747 1534 774 pars
1557 748 1617 767 esse
1638 741 1677 766 vi-

896 787 984 818 detur,
1004 786 1051 813 scd
1065 790 1161 816 totum,
1182 789 1208 811 et
1230 793 1324 812 omnes
1348 786 1469 812 omnium
1485 787 1602 820 partium
1619 794 1679 821 per-

897 832 1026 860 fectiones
1044 832 1070 859 in
1085 840 1114 859 se
1129 832 1187 859 solo
1204 831 1358 866 complecti,
1376 832 1447 866 quod
1464 833 1498 859 de
1524 833 1584 859 aliis
1608 833 1677 860 allir-

866 871 884 897 η
898 886 972 906 mare
994 886 1047 905 non
1063 885 1217 913 possumus.
1243 876 1329 904 Ilomo
1349 877 1420 904 cnim
1450 878 1535 909 solus,
1551 882 1578 905 et
1597 878 1676 909 coelo,

893 929 919 951 ct
935 929 1024 956 terra},
1042 928 1068 951 et
1086 924 1212 951 omnibus
1228 923 1411 951 animantibus
1425 931 1474 958 par
1495 932 1555 952 esse
1572 926 1680 960 conspi-

893 971 973 1002 citur,
989 974 1016 997 et
1039 970 1159 997 omnimn
1179 970 1293 996 aliorum
1320 969 1543 1004 perfectionibus,
1559 978 1611 997 una
1635 970 1678 997 sui

893 1016 979 1043 solius
1002 1014 1144 1050 perfectio,
1166 1022 1221 1042 non
1241 1014 1354 1042 inferior
1372 1015 1527 1050 respondet.
1543 1015 1678 1047 Quemad-

893 1062 1001 1088 modum
1029 1061 1100 1088 enim
1125 1061 1241 1093 ccelurn,
1269 1064 1296 1087 ct
1323 1061 1452 1088 caelorum
1478 1054 1625 1093 varietate,
1651 1065 1678 1088 ct

893 1112 1015 1134 motuum
1040 1107 1151 1142 perenni
1172 1110 1198 1133 et
1214 1106 1338 1133 ordinata
1359 1114 1497 1138 mensura,
1518 1108 1678 1142 suoque'in-

893 1154 965 1181 tluxu
980 1158 1090 1181 terrena
1105 1154 1161 1180 lucc
1175 1157 1201 1180 et
1224 1153 1295 1181 fovet
1322 1159 1348 1180 et
1362 1153 1419 1185 alit,
1440 1153 1506 1180 nulli
1530 1154 1676 1188 ingratum,

893 1199 1019 1227 Omnibus
1034 1200 1149 1226 amicum
1169 1201 1309 1234 complexu
1329 1207 1379 1226 suo
1396 1199 1531 1232 ambiens;
1549 1200 1589 1226 sic
1609 1203 1634 1226 ct
1651 1200 1676 1226 in

893 1245 1002 1273 homine
1014 1246 1123 1272 animus
1142 1252 1174 1272 ac
1186 1253 1263 1272 mens
1279 1245 1337 1272 suis
1357 1245 1533 1273 facultatibus
1555 1245 1678 1280 corporis

893 1295 984 1327 partes
999 1291 1186 1324 illuminando,
1202 1290 1235 1318 ad
1249 1290 1335 1318 cilicia
1357 1298 1492 1326 quamque
1515 1290 1571 1319 sua‘
1582 1291 1676 1326 impel-

894 1337 985 1370 Iendo,
1000 1337 1091 1373 dirigit
1105 1341 1131 1365 et
1147 1337 1299 1372 compellat,
1316 1337 1410 1370 vitam,
1435 1338 1558 1372 spiritus,
1577 1343 1678 1369 motus,

893 1388 920 1412 et
944 1389 1071 1412 sexcenta
1093 1383 1144 1410 alia
1157 1383 1320 1419 ciargiendo.
1348 1383 1380 1410 Et
1393 1384 1465 1418 quod
1482 1383 1678 1414 admirabilius,

894 1438 947 1458 non
966 1436 1094 1465 tanquam
1106 1430 1169 1465 quid
1185 1434 1270 1462 motu,
1294 1438 1377 1457 sensu
1402 1438 1434 1457 ac
1459 1431 1566 1458 ratione
1583 1438 1679 1458 carens

895 1476 927 1503 ad
953 1477 1124 1511 operationes
1149 1477 1174 1503 vi
1190 1477 1306 1511 quadam
1331 1475 1449 1503 naturali
1477 1476 1603 1508 ducitur,
1632 1477 1679 1504 sed

857 1539 877 1566 ο
895 1522 971 1557 prius
987 1530 1017 1549 re
1038 1522 1184 1554 intellecta,
1198 1522 1306 1551 tandem
1322 1522 1374 1549 sibi
1398 1523 1477 1549 finem
1493 1522 1629 1557 proponit,
1647 1523 1678 1549 ad

896 1576 975 1604 quem
992 1576 1041 1596 sua
1058 1568 1161 1603 dirigit,
1177 1575 1230 1595 non
1243 1568 1429 1599 coactus,'scd
1448 1567 1527 1599 liber,
1550 1575 1582 1594 ac
1597 1568 1680 1594 veluti

896 1614 1022 1641 dominus
1037 1613 1169 1641 ministris
1184 1617 1214 1640 ut
1227 1613 1279 1640 sibi
1291 1613 1424 1647 placuerit
1439 1613 1586 1647 imperans.
1600 1612 1677 1646 Quod

896 1661 964 1689 nulli
984 1661 1028 1688 alii
1042 1667 1200 1688 concessum
1217 1663 1269 1691 est,
1286 1662 1391 1685 tantum
1408 1658 1485 1686 abest
1505 1664 1534 1685 ut
1559 1659 1639 1693 puliei
1652 1663 1679 1686 et

896 1707 978 1733 nmri.
1005 1705 1065 1738 Quo
1085 1706 1218 1739 praconio
1245 1713 1277 1732 ac
1302 1704 1381 1732 laude
1401 1699 1465 1739 quid
1488 1706 1681 1739 praestantius?

897 1753 961 1788 quid
975 1752 1126 1780 excelsius?

933 1797 1012 1829 Ibid.,
1026 1797 1074 1824 lin.
1095 1797 1121 1824 8.
1139 1797 1251 1831 ’Ὠσπερ
1268 1796 1322 1831 γὰρ
1336 1797 1354 1830 ἡ
1368 1795 1417 1830 τῆ.
1427 1796 1501 1823 Haud
1518 1796 1617 1827 dubiis,
1632 1796 1679 1823 srd

902 1843 1065 1870 certissimis
1094 1842 1245 1869 rationibus
1270 1845 1377 1868 constat
1399 1845 1497 1868 terram
1517 1842 1610 1868 mundi
1634 1846 1679 1868 tn-

899 1890 955 1917 tius
974 1889 1101 1920 mediam,
1125 1893 1151 1916 et
1172 1888 1249 1923 quasi
1273 1892 1405 1915 centrum.
1433 1887 1546 1920 Plinius,
1566 1889 1584 1915 l.
1607 1897 1637 1920 ιι,
1654 1897 1679 1917 c.

898 1935 942 1967 (i9,
959 1935 1083 1970 plurimis
1100 1935 1125 1961 id
1141 1934 1307 1969 argumentis
1322 1934 1454 1968 probavit.
1472 1933 1562 1961 Primo
1576 1942 1609 1961 ex
1624 1942 1682 1961 cer-

898 1981 932 2009 tis
949 1980 1025 2008 horis
1050 1980 1216 2014 aequinoctii,
1244 1980 1364 2006 sectmdo
1381 1987 1413 2007 ex
1431 1979 1554 2015 dioptris,
1572 1987 1620 2007 seu
1637 1980 1680 2006 in-

898 2030 1110 2054 strumentorum
1132 2026 1253 2060 regulis;
1279 2026 1359 2052 tertio
1381 2033 1397 2052 a
1418 2025 1554 2053 solstitiali
1573 2030 1680 2054 exortu.

898 2072 1064 2103 Cleomedes,
1090 2072 1137 2098 lib.
1156 2079 1164 2098 1
1183 2071 1305 2103 Μειεοικ,
1322 2072 1457 2099 uberrime
1480 2072 1507 2098 id
1527 2072 1597 2099 idem
1619 2080 1683 2108 pro-

899 2118 944 2145 bat
965 2118 999 2144 ab
1022 2118 1179 2144 mnbrarum
1202 2117 1370 2145 differentiis.
1392 2117 1563 2150 Aristoteles.
1588 2119 1635 2146 lib.
1661 2125 1681 2145 ιι

899 2164 937 2190 De
951 2163 1025 2195 caelo,
1040 2171 1100 2197 cap.
1123 2164 1166 2194 Μ,
1183 2163 1306 2198 pluribus
1331 2164 1491 2197 confirmat;
1517 2168 1543 2191 et
1568 2165 1614 2192 lib.
1643 2165 1682 2192 De

75 2200 156 2234 μεῖζον
167 2203 212 2228 καὶ
230 2201 390 2238 τιμιώτερον
400 2211 407 2218 ο
423 2203 469 2229 καὶ
483 2202 631 2238 κατέστησε
645 2203 689 2228 τὸν
706 2202 843 2238 ἄνθρωπον

900 2210 990 2237 mundi
1005 2209 1109 2244 fabrica
1132 2209 1165 2236 ad
1187 2209 1318 2236 Alesand.
1335 2209 1412 2237 Unde
1435 2210 1577 2238 Lucretius
1590 2215 1681 2245 poeta,

75 2245 174 2279 βασιλέα
191 2247 245 2274 τῶν
264 2247 316 2274 ὑπὸ
329 2247 378 2282 τὴν
390 2248 502 2283 σελήνην
520 2247 656 2279 ἁπάντων,
673 2248 715 2274 ἵνα
729 2248 843 2282 δεσπόζῃ

73 2290 121 2316 τῶν
136 2293 179 2318 ὑπ’
202 2293 284 2320 αὐτοῦ
304 2293 455 2328 γενομένων
474 2293 639 2329 κτισμάτων.
668 2292 736 2320 Vide
759 2294 846 2328 Chry-

73 2340 213 2365 εοειοιιιιιιιι
229 2347 354 2366 εθτιιιοιιε
381 2340 409 2366 ill
426 2347 550 2375 magnam
566 2339 744 2366 Parasceven.
762 2338 845 2365 Geor-

73 2382 128 2416 gius
143 2383 256 2417 Pisides,
274 2384 312 2411 De
327 2385 442 2411 vanitate
452 2385 510 2412 vim
520 2404 528 2416 ,

121 2430 244 2465 Σμικρὸς
257 2431 311 2465 γάρ
321 2432 385 2458 ἐστι
395 2432 507 2465 κόσμος
520 2431 675 2465 ἀνθρώπου
691 2431 792 2465 φύσις.

105 2474 247 2510 Gregorius
269 2481 360 2504 tamen
381 2476 529 2512 Nyssenus,
548 2477 583 2503 De
604 2478 706 2511 Opi/icio
725 2477 846 2508 hominis,

75 2526 129 2554 cap.
152 2522 195 2554 I6,
210 2523 317 2550 videtur
333 2523 485 2558 improbare
503 2531 596 2550 eorum
619 2525 783 2559 opinionem,
801 2525 847 2558 qui

75 2572 131 2592 cum
143 2567 277 2596 hominem
289 2569 535 2600 vellentextollere.
544 2570 603 2603 ejus
615 2578 675 2598 cum
686 2571 736 2597 hoc
747 2571 848 2597 mundo

76 2610 144 2639 facta
153 2614 306 2645 collatione,
320 2622 430 2649 parvum
438 2614 562 2641 mundum
573 2622 720 2647 vocavere;
737 2615 847 2649 indigna

74 2658 141 2684 enim
176 2659 300 2686 humanae
332 2659 500 2687 excellentia:
536 2660 752 2695 imaginabatur,
786 2668 847 2687 cum

76 2701 127 2729 hrec
155 2705 210 2731 sint
235 2705 399 2738 communia,
424 2710 450 2732 et
475 2706 555 2732 culici
581 2710 607 2733 et
628 2708 709 2737 muri,
733 2714 794 2733 eum
823 2711 849 2732 et

76 2747 128 2775 haec
141 2757 172 2776 ex
188 2755 305 2784 quatuor
324 2756 450 2778 constent
469 2751 621 2782 elementis,
637 2756 664 2778 et
684 2759 765 2779 sensu
782 2759 850 2786 pra:-

75 2792 126 2820 dita
151 2795 214 2822 sint.
235 2797 304 2829 Quid
326 2797 388 2824 inde
406 2797 516 2832 dignum
531 2797 639 2824 homine
660 2798 849 2832 loquebantur,

76 2838 135 2867 dum
152 2841 285 2870 hominem
306 2843 338 2870 ad
361 2843 453 2870 mundi
479 2843 621 2876 imaginem
646 2847 673 2870 et
696 2843 851 2871 similitudi-

208 2890 342 2920 PA'ruOL.
365 2891 422 2921 Gn.
448 2890 563 2922 XVIII.

897 2257 943 2283 lib.
961 2264 1000 2284 v.:

934 2314 1063 2348 Terraque
1079 2318 1107 2340 ut
1122 2314 1149 2340 iu
1163 2314 1247 2340 media
1259 2314 1348 2340 mundi
1364 2315 1465 2349 regione
1478 2315 1606 2349 quiescat,

932 2349 1057 2375 Partibus
1071 2350 1153 2377 aereis
1169 2349 1269 2379 mundi,
1286 2350 1377 2384 quibus
1390 2351 1481 2380 insita,
1495 2350 1566 2376 vivit.

933 2384 1075 2418 Propterea
1087 2393 1138 2412 non
1150 2389 1188 2412 est
1203 2385 1285 2414 oneri.
1298 2393 1377 2419 neque
1387 2384 1510 2419 deprimit
1524 2393 1614 2414 auras.

935 2419 969 2446 Ut
983 2428 1032 2446 sua
1046 2421 1137 2454 cuique
1152 2420 1250 2447 homini
1269 2420 1342 2446 nullo
1357 2421 1409 2446 sint
1426 2420 1538 2454 pondera
1554 2419 1682 2448 membra.

898 2474 1026 2502 Plurimis
1050 2475 1083 2502 de
1107 2475 1158 2502 hac
1183 2483 1213 2502 re
1240 2474 1405 2510 philosophi.
1433 2475 1500 2502 lIIud
1525 2481 1614 2503 tamen
1636 2476 1681 2503 hic

899 2521 1047 2548 notandum
1072 2529 1104 2548 ex
1124 2522 1174 2548 hoc.
1198 2525 1319 2553 auctore,
1346 2525 1444 2548 terram
1468 2530 1483 2548 a
1506 2522 1611 2549 duobus
1627 2523 1680 2550 ele.

900 2567 1009 2598 mentis,
1026 2574 1088 2594 aere
1110 2567 1213 2594 scilicet
1228 2572 1254 2594 et
1273 2575 1359 2603 aqua,
1379 2568 1534 2603 circumagi.
1552 2568 1681 2601 Quamvis

900 2612 971 2638 enim
996 2619 1077 2645 supra
1096 2615 1195 2638 terram
1220 2619 1305 2646 aquas
1328 2612 1441 2640 diffundi
1464 2621 1574 2640 necesse
1596 2618 1680 2645 esset,

901 2662 990 2684 tamen
1014 2657 1040 2683 id
1063 2657 1153 2683 divina
1177 2659 1324 2692 contigisse
1341 2659 1531 2693 providentia:
1552 2668 1587 2687 ne
1604 2661 1683 2695 aquis

901 2711 951 2729 nos
965 2703 1089 2729 homines
1111 2703 1229 2729 obvoluti
1253 2704 1447 2733 suffocaremur
1466 2706 1613 2735 intercluso
1629 2708 1684 2743 spi-

903 2749 968 2779 ritu,
985 2748 1032 2776 sed
1047 2756 1109 2775 aere
1124 2749 1289 2777 circumfuso
1307 2751 1483 2784 spiraremus.

937 2795 1017 2827 Ibid.,
1044 2795 1092 2821 lin.
1126 2795 1168 2821 II.
1197 2795 1277 2821 Οὕτω
1300 2795 1337 2829 δὴ
1357 2797 1405 2823 καὶ
1427 2799 1443 2824 ό
1470 2799 1518 2826 ἄν.
1544 2799 1581 2826 De
1602 2799 1687 2832 admi,

904 2842 989 2869 randa
1011 2842 1129 2870 hominis
1147 2846 1282 2870 structura
1303 2843 1380 2878 plura
1403 2845 1506 2878 antiqui
1523 2846 1688 2881 philosoph.

1472 2892 1505 2920 3|
