1897 3073
232 117 283 148 971

868 117 993 146 LEONIS
1013 116 1152 144 ALLATH
1803 117 1849 145 97‘3

231 178 258 200 et
271 173 365 200 Patres
388 172 504 200 Basilius
534 172 646 209 Magnus
656 194 662 205 ,
687 173 833 209 Gregorius
855 172 995 208 Nyssenus
1006 193 1012 204 .
1031 180 1049 207 Α
1065 171 1245 199 abhorruisse
1259 172 1404 207 aliquando
1418 172 1534 205 videtur,
1545 173 1700 201 Comment.
1716 181 1796 207 super
1805 173 1850 200 Εε-

231 219 347 247 Basilius
374 218 531 251 Seléueius,
553 219 712 251 Nemesius,
736 220 907 250 Ambrosius.
929 219 1014 247 Geor-

230 266 290 301 gius
302 263 416 295 Pisides.
432 265 467 291 ita
484 270 512 291 ut
527 265 638 292 minimc
652 272 741 300 opera:
757 266 873 300 pretium
886 266 921 292 sit
936 266 1014 300 plura

231 311 260 337 in
274 310 369 337 horum
385 309 518 337 dictarunt
548 310 754 345 explicationem
774 318 930 344 congerere.
949 310 1015 338 Vide

231 361 359 393 pmterea
382 356 512 384 Galerium
543 357 580 383 De
601 365 649 383 usu
673 358 800 392 partium,
825 357 1013 393 Theophilum,

230 404 377 435 Meletium,
391 403 525 431 Andream
539 402 690 430 Vcssaliuin
705 409 733 431 et
747 404 825 432 alios.

264 450 322 477 Col.
332 449 393 482 749,
410 449 457 476 lin.
474 449 517 476 ‘23.
533 449 587 475 Τὸν
599 449 754 483 ἄνθρωπον
767 450 800 476 ἐκ
813 450 868 484 τῆς
884 450 949 485 γῆς.
961 449 1015 476 Nu-

230 496 373 532 gacissime
390 496 416 522 in
435 496 485 523 hac
503 503 532 522 re
553 495 670 522 delirant
692 494 887 528 Mahumetani,
907 497 953 531 qui
975 497 1015 523 di-

230 546 295 568 cunt
314 540 398 568 Deum
418 548 525 567 creasse
552 540 682 567 mundum
704 548 737 567 ex
763 541 873 575 pulvere
895 542 1014 568 omnium

230 588 360 620 colorum,
378 591 405 614 et
421 586 553 614 Adamum
571 594 604 614 ex
619 587 684 613 limo
698 587 786 614 omnis
801 587 909 622 generis
926 591 1014 614 terra-

231 642 299 661 rum.
315 633 382 660 Nam
409 633 431 660 si
458 633 573 660 fuissent
598 632 679 659 unius
705 632 881 667 ejusdemque
904 633 1014 665 coloris,

230 686 324 707 omnes
339 687 383 706 res
401 679 516 706 invicem
539 678 641 706 similes
667 678 772 706 futuras
792 678 886 710 fuisse,
903 687 953 706 nec
967 679 1015 705 ho-

230 727 329 753 minem
348 733 430 752 unum
446 726 479 752 ab
494 725 598 752 alterno
615 725 719 752 secerni
740 726 870 759 potuisse.
891 724 1014 752 Ridicula

229 775 293 803 item
315 778 354 802 est
380 773 538 801 Mohametis
552 773 675 801 doctrina
701 773 735 800 de
757 773 861 800 factura
884 773 1014 802 hominis.

227 829 281 856 qua
297 821 362 848 dicit
384 821 520 848 hominem
545 828 578 848 ex
594 820 687 855 humo,
705 821 778 848 stilla
795 821 947 848 hirundinis
958 821 1016 848 sive

1068 216 1200 248 cleaiasl.,‘
1216 216 1372 251 Cajetanus,
1390 218 1417 244 in
1429 218 1525 251 psalm.
1543 225 1649 251 cxxxv;
1669 218 1848 252 Augustinus,

1069 262 1115 288 lib.
1137 269 1155 288 ιι
1172 261 1210 288 De
1229 262 1320 289 Cenes.
1337 263 1371 289 ad
1397 263 1462 295 litt.,
1482 271 1542 298 cap.
1573 264 1617 296 l8,
1638 268 1666 290 et
1689 262 1802 290 Enchir.
1819 266 1849 290 ad

1068 307 1249 338 Laurentium,
1266 316 1324 343 cap.
1340 308 1385 336 58.
1412 308 1548 336 Rel‘cllunt
1570 317 1631 336 eam
1657 308 1777 336 Basilius
1799 310 1848 337 Ma-

1067 361 1148 388 gnus,
1165 353 1238 380 hom.
1248 354 1264 380 5
1279 354 1305 380 in
1321 353 1459 387 Ileraenu,
1469 359 1495 381 et
1510 354 1707 386 Damascenus,
1717 355 1765 381 lib.
1783 362 1802 381 ιι
1817 355 1851 381 be

1068 399 1119 432 ﬁde
1130 399 1315 434 orthod.,cap.
1334 399 1360 426 6.
1377 400 1448 433 Quid
1467 400 1503 427 sit
1519 401 1546 427 in
1564 401 1616 428 hac
1634 408 1663 427 re
1681 401 1850 428 sentiendum

1067 445 1168 478 optime
1183 445 1299 480 explicat
1317 444 1346 471 S.
1364 445 1494 478 Thomas,
1511 454 1518 472 ι
1541 450 1624 480 part.,
1652 451 1750 481 quast.
1768 447 1812 480 70.
1827 454 1850 474 et

1069 498 1153 524 nuper
1164 491 1197 518 de
1214 491 1266 518 hac
1280 491 1373 518 eadem
1386 499 1416 519 re
1430 492 1563 527 singulari
1583 494 1694 527 pietate,
1715 498 1744 520 et
1764 493 1852 520 crudi-

1068 537 1141 563 tione
1151 537 1202 569 vir,
1217 540 1243 564 et
1257 537 1309 563 mei
1330 537 1512 565 amicissimus
1523 538 1612 565 Julius
1627 538 1719 566 Carsar
1730 538 1849 574 Lagalla.

1069 582 1188 609 libellum
1203 583 1236 610 de
1252 582 1303 610 hac
1314 590 1343 610 re
1355 583 1516 617 scripserat;
1531 591 1612 618 quem
1627 592 1680 619 ego
1695 584 1731 611 oh
1744 585 1850 620 elegan-

1068 627 1143 658 tiam.
1165 630 1191 654 et
1217 627 1347 655 doctrinm
1365 628 1549 663 peripatetica:
1568 636 1704 656 summam
1717 630 1850 663 peritiam,

1066 672 1129 699 dum
1142 672 1329 708 Haidelbergae
1339 681 1534 706 commorarer,
1546 675 1666 702 maximo
1678 675 1851 711 philosopho-

1067 726 1127 745 rum
1137 718 1414 753 desiderioedendum
1425 720 1529 748 curavi.
1540 719 1626 753 Quem
1637 721 1742 754 adesis,
1757 722 1849 754 lector,

1067 765 1090 791 si
1105 773 1180 800 pum
1197 766 1376 801 philosophia}
1391 765 1511 794 fontibus
1526 767 1689 800 delectaris;
1713 768 1736 796 si
1761 773 1850 796 nostra

1067 810 1125 837 haec
1137 816 1257 846 tempora
1269 811 1468 846 antiquioribus
1491 812 1554 846 illis,
1584 821 1633 841 nec
1657 813 1789 841 inferiora
1805 815 1847 840 lit-

228 855 409 903 sanguisugn,
423 870 449 894 et
464 866 673 894 manducatione
688 867 778 893 lictum
795 874 864 894 esse.
882 866 954 894 Ordo
969 867 1013 901 qui
1031 855 1053 885 Β
1068 857 1442 903 ιετῖειγηείξνφείιδιίοηίὺυε
1460 858 1633 892 οδεουτίοη»
1652 867 1702 886 "CC
1718 860 1850 887 ωεηιοάίε

227 914 387 940 observatur
406 919 488 947 super
507 912 540 940 iis
565 912 641 947 quia
659 912 804 940 Saracenis
825 913 860 939 ad
882 913 1015 939 Christia-

227 967 290 987 nam
312 958 390 986 ﬁdem
415 966 444 986 se
467 961 648 985 convertunt:
669 957 873 993 ’Ᾱναθεματῐζω
888 957 936 994 τὴν
950 959 1014 994 περὶ

225 1005 274 1040 τῆς
299 1004 422 1035 πλάσεως
439 1002 485 1029 τοῦ
516 1002 658 1038 ἀνθρώπου
678 1003 850 1030 διδασκαλίαν
867 1003 912 1030 τοῦ
933 1004 1015 1030 Μωά-

227 1051 285 1086 μεό,
304 1046 364 1086 ὲν
381 1057 473 1085 φησιν,
496 1049 536 1075 ὅτι
562 1049 682 1084 ἐπλάσθη
701 1050 714 1075 ὁ
735 1049 875 1085 ἄνθρωπος
889 1050 943 1076 ἀπὸ
961 1050 1014 1085 χώ-

228 1105 310 1132 ματος
330 1095 377 1122 καὶ
394 1094 534 1128 σταγόνος,
555 1094 601 1120 καὶ
619 1094 743 1129 βδελλὼν,
761 1095 809 1121 καὶ
827 1095 1012 1130 μασσήματος.

226 1144 259 1170 Ει
272 1141 434 1178 Euthymius
450 1140 477 1167 in
503 1140 653 1175 l'unoplt’a:
686 1140 734 1167 Ἐκ
748 1140 858 1176 βδέλλης
873 1141 1014 1176 ἄνθρωπον

225 1187 348 1223 γίνεσθαι
370 1187 453 1221 λέγει.
476 1185 556 1213 Ἀλλὰ
580 1186 638 1218 πῶς
662 1187 694 1212 ὲκ
730 1186 777 1213 τοῦ
802 1187 963 1221 ἀτιμοτάτου
984 1186 1015 1213 τὸ

224 1234 398 1271 τιμιώτατον,
411 1233 458 1259 xui.
472 1233 503 1258 ὲκ
517 1231 563 1258 τοῦ
575 1231 672 1266 ἀλόγου
685 1231 715 1258 τὸ
730 1230 847 1266 λογικὸν,
864 1232 911 1258 καὶ
924 1232 956 1258 ἐκ
968 1231 1014 1258 τοῦ

225 1281 342 1316 φευκτοῦ
361 1281 390 1307 τὸ
404 1281 516 1312 εὐκτόν;
532 1279 586 1307 Nec
599 1279 690 1306 minus
706 1278 904 1306 Mahumetanis
916 1279 1012 1307 absur-

225 1329 277 1356 dus
291 1327 455 1355 Francisens
470 1326 612 1361 Georgius,
628 1325 674 1360 qui
691 1325 724 1352 de
738 1325 802 1352 limo
817 1329 895 1353 terra:
918 1329 954 1352 ita
968 1334 1015 1353 ex-

225 1375 318 1409 plicet,
332 1377 362 1400 ut
375 1372 530 1405 concludat,
545 1371 662 1398 animam
675 1375 779 1398 tantum
787 1379 848 1399 esse
858 1371 994 1399 hominem
1006 1380 1013 1404 ;

226 1423 262 1449 ita
278 1422 350 1448 cnim
365 1421 401 1447 ait
415 1429 422 1446 :
445 1418 580 1446 Formavit
602 1417 672 1444 Deus
691 1417 820 1444 hominem
840 1426 969 1452 putatorem
983 1417 1014 1444 de

227 1475 307 1499 terra,
324 1467 350 1494 id
363 1471 412 1498 est,
430 1466 514 1493 induit
527 1474 585 1492 eum
602 1469 669 1492 ueste
682 1469 777 1497 terrea,
789 1472 882 1498 corpus
896 1463 1014 1491 videlicet

226 1519 366 1543 terrenum.
392 1512 483 1539 Primo
504 1512 572 1538 enim
592 1510 663 1551 Deus
687 1509 798 1537 decreuit
820 1509 950 1536 hominem
972 1509 1015 1544 fa-

226 1569 299 1594 cere;
316 1564 406 1595 postea
426 1559 521 1586 creavit
532 1558 626 1585 eumin
638 1557 719 1589 caelo;
732 1557 808 1584 tertio
821 1557 943 1591 {armauit
955 1564 1014 1583 cor-

225 1617 273 1644 pus
287 1608 343 1642 ejus
358 1606 436 1634 veluti
449 1610 553 1633 vestem.
571 1604 637 1637 Quae
657 1603 789 1631 sententia
805 1602 1014 1638 reprehensione

227 1663 280 1682 non
307 1657 403 1685 caret,
425 1653 452 1679 in
472 1650 590 1678 concilio
613 1649 759 1676 Viennensi
788 1648 924 1675 damnata.
947 1646 1015 1674 Vide

227 1701 305 1736 plura
321 1699 402 1733 hujus
417 1697 554 1724 Francisci
569 1699 732 1730 nugamenta
752 1693 823 1729 apud
844 1692 951 1720 Sixtum
966 1692 1015 1720 Se-

227 1754 349 1779 nensem,
365 1744 492 1771 Biblioth.
510 1747 595 1769 sanet.
605 1741 652 1768 lib.
669 1749 688 1768 ι.
706 1740 873 1775 Augustinus
887 1744 1014 1775 przeterea

226 1793 274 1820 lib.
297 1799 315 1818 ιι
329 1791 364 1818 De
373 1789 465 1817 Genes.
484 1788 593 1823 uttegor.
606 1787 696 1819 docet,
714 1793 814 1821 corpus
829 1786 946 1813 hominis
959 1793 1014 1812 non

226 1839 311 1866 fuisse
334 1836 472 1864 conditum
495 1837 557 1861 ante
579 1832 676 1860 animae
693 1831 869 1863 creationem,
892 1831 939 1859 sed
960 1839 1013 1858 una

225 1892 288 1912 cum
309 1883 368 1918 ipsa
394 1882 484 1908 anima
509 1880 537 1907 in
558 1879 653 1907 eodem
676 1878 758 1906 simul
778 1881 908 1912 tempore.
936 1876 1013 1910 Quod

226 1935 321 1966 postea
345 1927 499 1964 rcprobavit
513 1926 560 1953 lib.
588 1934 596 1952 ι
620 1924 748 1956 Retract.,
773 1931 832 1958 cap.
863 1923 906 1950 10.
934 1923 1013 1951 Jose-

226 1977 307 2011 phus,
329 1975 416 2009 Autiq.
432 1972 496 1999 Jud.
514 1972 561 1998 lib.
579 1979 597 2001 I,
613 1979 672 2006 cap.
694 1970 721 2004 Ξ,
736 1969 868 1997 Adamum
885 1970 923 1997 ait
938 1977 1014 1997 crea-

226 2026 285 2048 tum
300 2029 315 2048 e
331 2020 391 2047 rufa
407 2020 489 2046 humo
509 2018 679 2050 fermentata,
692 2017 753 2044 talis
769 2017 840 2044 enim
858 2020 899 2043 est
913 2016 1012 2043 intacta

228 2070 301 2092 terra
320 2069 347 2092 et
373 2071 453 2096 vera;
482 2063 594 2097 ideoque
620 2067 745 2089 vocatum
769 2061 903 2088 Adamum
934 2062 1012 2096 quasi

228 2111 319 2138 rufum
335 2120 341 2137 ι
360 2110 388 2136 '0
402 2110 429 2136 δὲ
444 2109 585 2144 ἄνθρωπος
597 2105 672 2140 οὗτος
689 2107 809 2142 ’Ἄδαμος
831 2106 947 2142 ὲκλήθη”
966 2115 1013 2142 ση-

228 2157 318 2193 μαίνει
335 2157 363 2183 δὲ
378 2155 456 2182 τοῦτο
469 2154 538 2181 κατὰ
551 2153 672 2188 γλῶτταν
687 2153 736 2189 τὴν
751 2153 882 2189 Ἐὄραίων
899 2153 1011 2188 magis),

226 2204 373 2239 ὲνιδήπερ
387 2202 441 2229 ἀπὺ
453 2201 502 2236 τῆς
516 2201 621 2235 πυρρᾶς
636 2199 686 2235 γῆς
700 2199 867 2235 φυραθείσης
882 2198 1010 2233 ἐγεγόνει.
1031 2207 1050 2233 D

227 2249 343 2284 Τοιαύτη
354 2248 408 2282 γάρ
421 2248 492 2273 ἐστιν
505 2247 521 2282 ὴ
534 2245 666 2281 παρθένος
677 2247 712 2280 γῆ
724 2245 770 2272 καὶ
783 2244 905 2280 ἀληθινή.

263 2294 330 2321 Ibid.
346 2293 401 2320 Καὶ
423 2292 495 2324 δοὺς
518 2289 607 2322 αὐτῷ.
636 2288 675 2316 lta
695 2294 725 2316 ut
744 2290 796 2316 hoc
822 2289 882 2316 solo
906 2289 1007 2320 animo,

227 2340 340 2367 rationis
355 2339 486 2366 duntaxat
503 2341 627 2370 compote
650 2343 665 2362 a
681 2335 785 2362 caeteris
801 2334 873 2367 aliis,
899 2334 956 2361 sive
969 2334 1011 2361 his

228 2386 406 2414 inferioribus
425 2385 482 2412 sive
505 2381 704 2418 superioribus,
721 2380 855 2408 creaturis
885 2379 1010 2413 dilferat;

229 2434 256 2460 in
271 2439 356 2467 eoque
385 2439 464 2459 suum
482 2437 563 2456 omne
580 2429 709 2459 decus,et
722 2426 911 2454 excellentiam
927 2425 1008 2453 sitam

228 2483 369 2514 agnoscat.
381 2476 458 2510 Quod
479 2476 513 2502 ab
532 2475 642 2502 homine
656 2473 679 2500 si
696 2472 800 2503 demas,
815 2478 949 2505 nusquam
968 2471 1010 2498 vel

227 2524 378 2557 brutis,vel
394 2523 543 2554 vermibus,
556 2521 597 2548 vel
612 2519 724 2555 plantis,
737 2519 777 2545 vel
793 2517 927 2552 lapidibus
945 2517 1011 2551 ipsis

228 2570 355 2605 superior
374 2570 436 2597 erit.
452 2568 524 2602 Quin
544 2566 665 2594 omnium
686 2564 902 2595 infelicissimus,
922 2568 949 2591 et
962 2564 1012 2590 mi-

228 2617 362 2643 serrimus
377 2616 461 2643 vitam
479 2617 580 2649 ageret.
598 2611 658 2639 Non
681 2610 790 2637 defuere
819 2614 919 2642 tamen,
938 2609 1012 2643 iique

228 2661 448 2697 praestantissimi
464 2660 528 2691 viri,
548 2659 594 2694 qui
617 2657 735 2684 animum
752 2655 963 2682 ratiocinantem
977 2655 1013 2681 si-

228 2709 351 2740 deribus,
366 2707 503 2741 rebusque
523 2705 586 2732 aliis
615 2703 801 2737 assignarunt.
830 2701 912 2727 veluti
935 2699 1012 2727 Philo

229 2754 351 2787 Judaaus,
368 2754 416 2780 lib.
434 2753 472 2780 De
495 2751 604 2779 somniis
626 2754 652 2776 ct
671 2750 707 2775 De
731 2748 795 2782 opif.
821 2755 866 2774 sex
891 2747 1011 2777 dierum;

230 2800 372 2834 Origenes,
385 2804 452 2826 tom.
467 2807 484 2830 ι,
500 2798 654 2825 Comment.
670 2796 696 2821 in
715 2794 795 2820 Joan.
809 2797 835 2821 et
847 2793 934 2827 primo
943 2792 1013 2825 Περὶ

230 2845 342 2880 ἀρχῶν,
359 2852 418 2879 cap.
447 2845 471 2870 7.
491 2844 669 2877 Hieronymus
685 2841 718 2868 ab
739 2841 788 2868 hac
803 2839 937 2868 sententia
958 2846 1012 2866 non

1068 909 1099 928 ac
1114 901 1237 929 scientiis
1247 902 1410 937 ignobiliora
1428 910 1592 938 cognoscere
1613 904 1730 939 appetis.

1103 947 1182 981 lbid.,
1197 948 1246 975 lin.
1263 948 1308 975 2L
1328 949 1383 976 Τοῦ
1399 949 1595 983 παραδείσου.
1610 949 1693 977 Plura
1717 951 1790 986 apud
1807 950 1850 978 Pa-

1068 999 1123 1023 tres
1142 995 1175 1023 de
1198 996 1326 1030 paradiso
1349 996 1506 1030 voluptatis,
1538 997 1674 1032 variatque
1689 997 1725 1024 de
1749 1005 1785 1024 eo
1799 1005 1849 1024 non

1067 1044 1172 1068 tantum
1191 1041 1262 1077 apud
1280 1042 1418 1076 antiquos,
1434 1041 1482 1069 sed
1497 1046 1524 1069 et
1545 1044 1712 1071 recentiores
1737 1043 1849 1078 scripto-

1067 1095 1123 1120 res,
1139 1087 1311 1115 difﬁcultates
1324 1087 1498 1115 elucubralze.
1514 1087 1588 1116 Multi
1609 1089 1672 1116 item
1687 1089 1776 1117 libros
1784 1090 1850 1117 inte-

1067 1141 1129 1169 gros
1143 1134 1177 1161 de
1199 1134 1251 1162 hoc
1262 1134 1388 1170 paradiso
1409 1135 1581 1170 conscriptos
1594 1135 1622 1163 in
1636 1136 1735 1170 vulgus
1762 1136 1848 1164 edide-

1068 1184 1141 1212 runt,
1159 1180 1185 1207 in
1205 1181 1305 1214 quibus
1324 1185 1366 1208 sat
1381 1181 1468 1216 plura.

1106 1224 1174 1252 Ibid.
1194 1225 1372 1259 Ἐπίμοχθον
1389 1225 1483 1258 αὐτῷ.
1512 1225 1620 1254 Delrius
1639 1235 1666 1253 ιιι
1685 1235 1745 1261 cap.
1763 1235 1791 1254 ιιι
1803 1227 1848 1254 Ge-

1068 1279 1122 1299 nes.
1139 1279 1149 1297 :
1173 1269 1205 1297 In
1233 1271 1359 1305 paradiso
1384 1272 1514 1298 innocenti
1545 1272 1647 1299 Adamo
1677 1273 1758 1300 tellus
1780 1282 1847 1309 tange

1068 1317 1156 1344 omnia
1175 1318 1375 1352 suppeditasset,
1403 1318 1481 1345 leuent
1503 1327 1562 1345 cum
1585 1319 1719 1354 uoluptate
1747 1328 1846 1355 opertui

1067 1363 1225 1396 impendenti
1235 1371 1243 1389 :
1252 1364 1391 1397 peccatori,
1404 1370 1426 1390 et
1438 1369 1513 1391 extra
1524 1364 1679 1399 paradisum
1693 1366 1785 1393 eadem
1795 1375 1847 1393 nt:-

1069 1410 1139 1445 ligna
1154 1410 1245 1436 nutrix
1259 1410 1366 1436 inarata
1376 1410 1459 1442 nihil,
1483 1415 1561 1438 arata
1575 1419 1656 1446 parce
1674 1413 1810 1447 qumdam.
1825 1421 1846 1439 ει

1067 1456 1223 1491 quibusdam
1248 1457 1312 1484 locis
1327 1456 1463 1484 redditura
1481 1456 1662 1485 denuntiatur.
1684 1457 1718 1484 Et
1735 1458 1846 1486 Basilius

1069 1501 1260 1535 Seleuciensis,
1282 1506 1350 1530 orat.
1371 1503 1388 1529 2
1402 1502 1440 1530 De
1460 1502 1546 1530 Adam
1559 1511 1571 1530 :
1591 1504 1811 1540 Ἐπικατάρατος
1830 1507 1845 1541 ἡ

1065 1548 1100 1583 γῆ
1118 1549 1146 1575 ἐν
1161 1550 1216 1580 τοῖς
1238 1549 1328 1585 ἔργοις
1345 1558 1400 1575 σου.
1418 1549 1529 1584 Τρυφῆς
1547 1549 1648 1586 ἐφάνης
1663 1550 1784 1582 ἀνάξιος,
1796 1553 1845 1583 rei;

1066 1594 1131 1630 περὶ
1143 1594 1194 1630 γῆν
1211 1594 1319 1630 ἱδρῶσιν
1339 1594 1469 1628 ὑπάρξεις
1497 1595 1660 1630 κατάρατος,
1685 1596 1734 1623 καὶ
1763 1597 1845 1628 πόνοις

1067 1640 1206 1675 μετρήσας
1221 1640 1272 1675 τῆς
1288 1640 1359 1676 ζωῆς
1380 1648 1426 1666 σου
1444 1639 1488 1666 τὸν
1501 1640 1607 1675 χρόνον,
1625 1641 1711 1676 τάφον
1726 1643 1844 1678 εὑρήσεις

1065 1686 1112 1713 τοῦ
1140 1687 1196 1722 βίου
1214 1688 1343 1723 διάδοχον.

1103 1731 1242 1764 Ibid.,lin.
1255 1732 1300 1759 29.
1321 1733 1475 1766 Γνωρίσας
1491 1730 1548 1760 οὖν
1569 1733 1633 1766 τήν.
1662 1732 1844 1761 Rabbinorum

1066 1777 1176 1811 quidam
1187 1782 1298 1804 censent
1313 1777 1373 1804 Erae
1392 1785 1488 1805 zonam
1513 1778 1541 1805 in
1567 1778 1696 1813 paradiso
1720 1780 1843 1810 solutam,

1067 1823 1255 1858 Adamumque
1269 1831 1379 1858 operam
1392 1823 1605 1865 liberis'dedisse
1619 1825 1714 1852 statim
1728 1830 1758 1852 ut
1771 1825 1806 1853 ad
1818 1826 1846 1853 il-

1068 1870 1123 1896 lum
1141 1870 1256 1897 adducta
1272 1874 1315 1897 est
1329 1869 1394 1897 Eva.
1419 1870 1495 1902 Quod
1514 1871 1670 1898 insinuatur
1680 1872 1765 1899 etiam
1780 1872 1844 1900 lib.|

1066 1916 1261 1952 Sibyllinorum
1276 1917 1447 1944 oraculorum
1463 1918 1536 1944 circa
1561 1917 1740 1953 principium.
1762 1919 1843 1946 Caba-

1065 1963 1134 1990 listm
1151 1963 1332 1990 insulsissime
1346 1967 1472 1990 asserunt
1487 1963 1581 1998 genios
1595 1964 1693 1991 noxios
1710 1965 1782 1991 lilitlt
1802 1973 1844 2000 ap-

1068 2009 1182 2044 pellatos
1197 2010 1301 2044 genitos
1316 2009 1400 2037 fuisse
1415 2017 1449 2036 ex
1471 2008 1602 2044 proﬂuvio
1615 2010 1731 2037 seminis
1742 2011 1844 2042 Adanii,

1065 2059 1210 2089 antequam
1222 2062 1282 2082 cum
1298 2054 1351 2081 Eva
1368 2062 1451 2081 uxore
1465 2054 1688 2089 congrederetur,
1705 2059 1733 2083 et
1753 2055 1846 2083 habere

1066 2100 1175 2135 quidem
1189 2108 1235 2128 eos
1248 2108 1347 2134 corpus
1357 2100 1498 2135 palpabile,
1507 2105 1535 2128 et
1546 2101 1674 2128 sensibus
1686 2101 1844 2137 subjectum,

1066 2145 1114 2172 sed
1130 2152 1249 2177 aereum,
1263 2145 1363 2172 subtile
1379 2150 1406 2172 et
1424 2145 1578 2173 evanidum.
1592 2145 1693 2173 Eorum
1709 2148 1795 2174 vitam
1805 2156 1846 2174 an-

1067 2199 1163 2218 norum
1181 2191 1253 2218 mille
1275 2195 1399 2218 statuunt
1422 2191 1550 2226 vegetari,
1567 2195 1594 2218 et
1614 2199 1763 2221 senescere
1778 2201 1845 2220 more

1065 2239 1229 2273 reliquorum
1239 2238 1388 2269 hominum,
1396 2239 1538 2273 propagari
1551 2245 1645 2265 eorum
1662 2240 1783 2273 speciem
1792 2241 1844 2274 pol-

1066 2284 1215 2311 lutionibus
1224 2284 1376 2315 nocturnis,
1398 2287 1425 2310 et
1436 2282 1564 2311 Venereis
1579 2283 1702 2311 virorum
1717 2286 1843 2317 somniis;

1064 2338 1125 2357 cum
1143 2330 1197 2357 sint
1221 2330 1359 2357 libidinosi
1384 2330 1530 2364 plurimum
1547 2329 1677 2357 delectari
1693 2335 1841 2357 menstruo-

1065 2384 1124 2402 rum
1155 2375 1284 2407 ﬂuxihus,
1315 2375 1415 2409 quibus
1440 2375 1523 2402 rohur
1550 2380 1707 2407 assumunt,
1736 2377 1842 2412 ideoque

1065 2427 1147 2449 noctu
1162 2421 1295 2448 accubare
1309 2420 1465 2455 juvenibus,
1484 2420 1605 2453 titillare,
1624 2421 1742 2455 spiritus
1771 2421 1842 2448 semi-

1065 2468 1141 2495 nales
1156 2468 1286 2498 excitare,
1309 2467 1431 2494 relaxare
1450 2473 1514 2493 vasa
1545 2467 1701 2498 seminalia,
1733 2473 1764 2495 ut
1790 2476 1840 2494 sese

1064 2514 1107 2541 his
1123 2513 1319 2548 pollutionibus
1337 2513 1468 2540 reficiant.
1494 2511 1561 2544 Quis
1575 2519 1630 2538 non
1647 2512 1723 2539 videt
1744 2512 1843 2547 nugas?

1063 2561 1116 2587 Alii
1130 2560 1283 2594 item,quos
1297 2563 1324 2586 et
1340 2563 1439 2586 nostra:
1451 2558 1619 2593 tempestatis
1636 2558 1761 2585 haeretici
1774 2567 1842 2586 .non-

1065 2606 1133 2633 nulli
1149 2610 1313 2640 sequuntur,
1332 2605 1424 2632 statim
1440 2607 1503 2639 post
1517 2608 1671 2638 peccatum.
1690 2604 1745 2630 Alii
1759 2612 1792 2632 ex
1805 2612 1842 2630 ve-

1066 2652 1131 2679 riori
1145 2652 1282 2686 opinione,
1311 2653 1373 2685 post
1392 2649 1578 2683 expulsionem
1607 2656 1622 2675 e
1647 2649 1788 2682 paradiso.
1811 2649 1841 2675 lia

1066 2697 1196 2727 lremeus,
1212 2696 1259 2723 lib.
1276 2703 1317 2727 ui,
1332 2702 1392 2729 cap.
1406 2693 1625 2727 53;Procopius,
1641 2701 1705 2728 cap.
1723 2702 1750 2720 Iv
1765 2695 1790 2720 in
1802 2691 1842 2720 Ge-

1065 2751 1138 2774 nes.;
1162 2741 1339 2776 Epiphanius,
1356 2740 1402 2768 lib.
1421 2747 1450 2766 ut
1473 2739 1572 2766 Contra
1595 2739 1708 2770 Ιιιι-νεε..
1729 2739 1841 2766 Justiuus

1065 2789 1172 2823 dialogo
1188 2787 1287 2815 Contra
1304 2787 1475 2825 Tryphonem.
1495 2784 1621 2817 Quandiu
1638 2786 1714 2811 cnim
1732 2786 1758 2811 in
1776 2791 1841 2820 para-

1064 2836 1124 2863 diso
1147 2834 1230 2863 fuere.
1260 2833 1377 2868 virgines
1394 2831 1579 2867 permansisse
1603 2831 1765 2858 existimant
1785 2829 1839 2856 Ter.
