1897 3073
70 123 119 152 975

579 121 614 148 IN
635 119 818 148 EUSTATHll
838 118 1072 146 HEXAEMERON
1087 118 1199 146 ΝΟΤᾸΞ.

1616 128 1619 129 ν
1642 116 1694 144 974

71 181 206 211 tullianus,
224 181 274 208 lib.
294 180 330 207 De
343 180 446 208 vetanti.
458 180 565 215 virgin.,
578 187 639 214 cap.
652 180 687 212 5;
713 178 848 214 Hierony-
864 182 886 210 Α
902 177 1022 212 probari.
1046 176 1189 204 Reclamat
1207 176 1332 204 Justinus
1352 176 1452 211 Martyr
1468 175 1500 202 ad
1518 174 1694 203 Orthodoxos

70 225 137 261 nius,
150 227 250 256 Contra
265 227 452 259 Iovinianum;
463 227 636 258 Ambrosius,
652 226 700 253 lib.
714 225 752 252 De
768 225 853 252 instit.

70 276 209 311 uirginum;
227 274 356 308 Basilius,
372 275 454 310 epist.
466 274 499 302 ad
512 273 663 305 Letorium,
676 273 715 300 De
729 281 790 299 vera
804 272 856 299 vir.

69 321 188 356 ginilate;
208 320 411 356 Chrysostom.,
431 320 505 347 hom.
521 320 555 347 18
579 319 607 346 in
625 317 731 350 Genes.;
751 317 853 345 Marius

70 366 168 400 Victor,
184 367 232 394 lib.
261 374 281 394 ιι
309 368 336 394 in
350 366 456 399 Cenes.;
485 366 666 401 Augustinus,
693 364 740 392 lib.
767 366 798 390 ιιι
816 363 854 391 De

70 413 154 440 Cenes.
173 413 209 439 ad
221 413 288 444 ﬁn..-
302 413 419 444 Deli-ius,
435 413 462 439 in
481 412 574 440 Cenes.
589 419 651 446 cap.
672 419 708 438 IV.
735 409 790 438 Nec
803 411 854 436 ali-

69 465 108 488 ter
122 459 204 488 sentit
227 459 389 495 Proc0pius.
408 459 440 486 Et
455 460 483 487 in
497 459 590 493 Cyrilli
612 457 851 493 HierOsolymitani

70 504 200 533 catechesi
221 504 268 538 l2,
283 505 319 531 ita
331 504 516 540 reponendum
528 504 652 532 nonnulli
663 503 850 531 contendunt:

69 551 176 578 Accessit
191 549 227 577 ad
241 551 377 578 mulierem
391 551 477 578 adhuc
490 551 626 586 uirginem.
647 549 720 576 Nam
730 554 789 584 post
807 557 852 576 ca—

68 606 120 624 sum
132 597 159 623 in
184 597 324 631 paradiso,
346 601 407 624 tunc
421 598 536 632 primum
552 597 673 632 cognovit
696 595 790 623 Evam.
819 595 852 622 Et

68 644 115 670 hoc
131 643 272 671 Eustathii
291 643 352 670 loco
366 643 568 678 cognoscimus,
597 643 699 679 primos
715 642 849 674 homines,

67 689 149 723 quoad
165 688 278 716 fuerunt
293 689 320 715 in
340 688 479 723 paradiso,
503 689 622 724 virgines
641 688 735 716 fuisse.
759 687 849 715 Prima

68 734 133 762 enim
148 742 245 762 eorum
274 734 431 761 comm-istic
447 739 509 769 post
525 742 665 769 egressum
687 742 704 762 e
723 734 850 770 paradiso

67 785 302 808 commemoratur.
324 779 462 815 Recteque
492 780 644 808 Methodius
672 781 700 807 in
727 781 797 807 libro
812 779 849 807 De

68 827 114 861 [ine
127 827 219 853 mundi
235 835 244 854 :
259 827 367 859 Ἰστέον,
387 827 439 859 ὅτι,
460 826 612 859 ἐξελθόντες
627 826 672 852 ὅτε
699 826 784 861 Ἀδὰμ
802 826 848 852 καὶ

68 872 117 900 Εὕα
131 874 163 899 ὲκ
182 873 230 900 τοῦ
247 873 421 910 παραδείσου,
442 872 570 908 παρθένοι
589 872 746 907 ἐτύγχανον.
762 872 805 898 Ἐν
819 872 846 898 δὲ

68 919 101 955 τῷ
111 919 264 956 τριακοστῷ
278 919 332 946 ἔτει
345 919 394 955 τῆς
409 918 498 952 ἐξόδου
514 918 604 946 αὐτῶν
620 918 668 945 τοῦ
682 917 845 954 παραδείσου

68 966 169 993 τέτοκεν
196 967 268 994 Κὰῖν
282 966 327 993 τὸν
344 966 514 1002 πρωτότοκον
533 966 580 992 καὶ
597 965 647 1001 τὴν
664 965 781 1000 ἀδελφὴν
799 965 847 991 αὺ-

68 1011 107 1039 τοῦ
124 1013 283 1049 Καλμάναν.
295 1012 363 1040 Nota
376 1016 418 1040 est
433 1013 496 1040 item
509 1020 591 1047 super
612 1012 663 1039 hac
679 1019 709 1039 re
723 1011 847 1046 Gregorii

68 1057 173 1094 Nysseni
191 1059 396 1094 sententia,qui
412 1059 451 1086 De
468 1059 555 1094 api/ie.
572 1059 697 1090 hominis,
721 1066 782 1093 cap.
800 1058 845 1089 24,

69 1104 102 1130 ait
116 1114 122 1131 :
136 1104 214 1137 Quod
237 1106 379 1141 generatio
394 1106 489 1140 prolis,
512 1110 538 1132 et
555 1105 714 1140 propagatio
735 1105 847 1132 humani

68 1151 178 1185 generis,
204 1152 227 1179 si
251 1152 333 1187 primi
363 1155 490 1187 parentes
512 1159 568 1178 non
596 1155 764 1186 peccassent,
793 1159 847 1178 non

68 1195 156 1225 fuisset
172 1205 221 1233 per
234 1198 350 1230 coitum,
367 1198 416 1226 sed
429 1198 547 1225 fuissent
567 1197 738 1233 multiplicati
753 1198 846 1224 multi-

69 1241 216 1276 plicatiouis
233 1243 317 1270 modo
340 1242 459 1277 quodam
479 1242 691 1278 perfectissimo,
717 1242 847 1278 quemad-

69 1288 170 1315 modum
181 1289 272 1325 angeli
289 1299 296 1316 :
312 1289 451 1325 generatio
468 1296 585 1324 namque
597 1289 664 1321 haec,
683 1296 743 1324 quae
759 1289 788 1315 ﬁt
800 1296 848 1323 per

69 1334 247 1367 concubitum,
261 1342 310 1369 per
321 1338 461 1370 peccatum
475 1339 516 1363 est
525 1334 690 1362 introducta.
701 1335 773 1362 ldcm
783 1342 847 1362 sen-

69 1379 98 1406 tit
110 1378 185 1406 Joan.
204 1380 408 1416 Cltrysostom.,
425 1381 499 1408 hom.
514 1380 546 1408 18
562 1381 589 1407 in
605 1379 718 1412 Cenes.;
746 1380 848 1408 Proco-

70 1425 125 1460 pius
137 1426 164 1453 in
179 1425 272 1454 Cenes.
287 1435 347 1462 cap.
363 1435 406 1460 Iv;
428 1426 622 1459 Damascenus,
643 1427 689 1454 lib.
703 1435 730 1455 ιν
743 1426 782 1454 De
797 1427 848 1462 ﬁde

70 1471 177 1505 art/1011.,
196 1480 256 1508 cap.
284 1473 339 1506 25;
364 1472 527 1508 Euthyntius
555 1474 582 1500 in
607 1473 704 1507 psalm.
733 1481 765 1507 1.;
792 1474 848 1500 Au—

70 1517 188 1552 gustinus
201 1519 228 1546 in
247 1519 341 1546 Cenes.
370 1518 441 1551 Quid
457 1522 547 1546 autem
565 1519 592 1546 in
614 1519 665 1546 hac
681 1526 711 1546 re
725 1522 848 1546 statuen-

70 1563 127 1590 dum
143 1564 188 1598 sit,
202 1565 356 1593 S.Thomas
368 1565 485 1600 explicat
499 1565 584 1601 prima
601 1569 682 1600 part.,
695 1570 789 1601 quaest.
802 1565 846 1599 98,

71 1615 116 1638 art.
131 1611 157 1644 2,
172 1616 198 1639 et
213 1620 278 1640 cum
298 1620 331 1640 eo
346 1613 438 1648 plures
450 1613 495 1640 alii
508 1612 646 1640 doctores.

101 1655 156 1686 Col.
165 1658 227 1691 749,
239 1659 342 1686 lin.29.
349 1658 435 1692 Υιοὺς
442 1659 496 1686 δύο
504 1658 677 1694 ἐγέννησεν.
685 1657 744 1685 Non
752 1657 850 1694 gemel-

71 1700 117 1733 los,
125 1707 153 1729 ut
164 1711 225 1731 cum
237 1705 363 1732 rabbinis
375 1705 477 1741 colligit
488 1712 555 1732 ausu
566 1704 711 1732 temerario
720 1703 849 1732 Calvinus

71 1746 188 1782 ambigua
211 1749 343 1777 Methodii
367 1750 483 1777 lectione
512 1749 653 1784 deceptus,
669 1749 716 1777 sed
741 1749 850 1777 diverso

71 1797 154 1827 partu,
169 1803 230 1829 uno,
240 1796 346 1823 scilicet
373 1795 451 1828 Cain,
465 1795 532 1823 Abel
561 1797 646 1823 altero
663 1805 669 1822 2
686 1796 767 1823 verba
797 1795 850 1823 Mc-

72 1838 148 1868 thodii
164 1846 226 1869 sunt.
241 1842 303 1869 εἘν
320 1842 348 1869 δὲ
367 1842 405 1878 τῷ
425 1842 576 1878 τριακοστῷ
591 1842 679 1878 χρόνῳ
694 1842 743 1878 τῆς
760 1842 849 1875 ἐξόδου

71 1885 153 1914 αὐτῶν
167 1889 212 1915 τοῦ
226 1889 391 1924 παραδείσου
403 1889 516 1916 τέτοκαν
527 1889 597 1915 Κάῑν
610 1889 655 1915 τὸν
667 1888 848 1925 πρωτότοκον,

72 1931 113 1959 καὶ
127 1933 173 1969 τὴν
190 1935 307 1971 ἀδελφὴν
325 1936 407 1962 αὑτοῦ
431 1935 591 1970 Καλμάναν.
610 1936 665 1961 Καὶ
680 1935 749 1970 μετὰ
771 1943 849 1970 τρια-

72 1978 158 2006 κοστὸν
170 1981 263 2017 ἕτερον
282 1982 342 2013 ἔτος
357 1982 485 2018 ἐγέννησε
499 1982 544 2009 τὸν
560 1981 642 2007 ’Ἅϐελ
659 1981 707 2007 σὺν
724 1983 756 2016 τῇ
778 1982 850 2016 Λεμ-

72 2023 133 2061 6όρᾳ
146 2028 176 2063 τῇ
188 2028 288 2064 ἀδελφῇ
300 2027 392 2055 αὐτοῦ.
406 2027 471 2061 Quae
485 2028 547 2062 quis
562 2035 617 2054 non
631 2027 704 2054 videt
715 2027 849 2054 diversam

73 2077 86 2097 a
100 2071 206 2102 Calvino
222 2075 388 2102 sententiam
418 2074 580 2102 continere?

105 2117 179 2152 lbid.,
199 2121 247 2149 lin.
269 2121 313 2148 50.
333 2120 387 2147 Τὸν
401 2119 485 2147 Κάϊν.
504 2120 591 2155 Hujus
608 2120 727 2148 nominis
740 2123 849 2156 etymon

72 2165 96 2189 et
105 2164 247 2195 declaratio
259 2167 374 2195 habetur
388 2168 414 2194 in
430 2167 497 2203 ipsis
511 2167 597 2194 sacris
613 2166 722 2194 Litteris
739 2175 745 2193 :
763 2166 849 2202 Elpe-

906 227 1002 258 qutest.
1034 223 1095 255 H9,
1118 224 1145 249 in
1172 231 1226 258 qua
1250 223 1387 250 fructuum
1410 227 1437 250 et
1466 223 1589 249 carnium
1614 230 1693 248 nsunt

905 269 982 296 Abeli
997 274 1023 297 et
1035 269 1120 296 Caino
1142 270 1279 297 concedit.

942 315 1022 347 lbid.,
1045 316 1094 343 lin.
1114 316 1159 343 52.
1177 316 1369 350 [Inominans
1396 315 1429 341 δὲ
1443 316 1543 342 Ἅϐελ.
1571 314 1693 342 Primum

905 361 959 389 Deo
983 362 1094 389 Ahelem
1121 363 1217 391 litasse
1247 368 1290 390 est
1312 363 1465 389 communis
1491 362 1547 389 fere
1569 361 1691 388 omnium

904 409 1004 443 opinio.
1021 408 1107 436 Judaei
1127 408 1231 437 Adamo
1247 409 1274 436 id
1291 409 1425 440 tribuunt,
1444 413 1471 435 et
1486 416 1547 436 eum
1574 408 1691 443 primunt

904 455 999 483 bovem
1029 456 1211 488 sacriﬁcasse,
1228 460 1256 483 et
1270 455 1353 483 ritum
1377 455 1453 482 illum
1470 455 1540 482 ﬁlios
1553 455 1690 482 docuisse.

904 501 1042 530 Gilhertus
1057 501 1261 532 Geuebrardus.
1280 501 1405 529 Cltronol.
1426 501 1473 530 lib.
1488 509 1508 529 ι.

939 548 1018 580 lbid.,
1033 548 1081 575 lin.
1097 549 1141 576 55.
1157 550 1212 575 Kal.
1227 550 1246 583 ὴ
1257 549 1348 576 θυσία
1369 548 1473 575 αὺτοῦ.
1490 547 1569 580 Quod
1588 547 1693 574 scilicet

902 593 964 628 igne
976 594 1009 621 de
1024 594 1101 621 caelis
1112 594 1233 622 demisso
1248 595 1414 622 oblationem
1426 593 1486 629 ejus
1498 594 1691 628 absumpserit,

901 640 979 668 Caini
1007 641 1136 668 intactam
1151 642 1303 676 reliquerit.
1317 642 1356 669 lta
1379 641 1541 678 Procopius,
1558 641 1693 675 Hierony-

901 695 978 720 mus;
1005 687 1122 723 Cyrillus
1148 688 1175 714 in
1212 686 1303 715 Cenes.
1334 695 1394 723 cap.
1425 697 1452 715 ιν
1476 692 1502 716 et
1527 688 1647 723 Glaphyr
1666 688 1694 714 in

901 731 992 759 Cenes.
1009 733 1068 760 libr.
1101 742 1125 766 ι;
1149 733 1267 761 Faustus
1288 733 1460 770 Rhegiensis,
1487 734 1572 762 lib."
1589 733 1627 761 De
1646 733 1691 760 lib.

903 779 998 811 arbit.,
1023 787 1083 814 cap.
1108 780 1134 812 ti,
1153 784 1179 807 et
1194 780 1240 807 alii
1258 790 1264 807 :
1281 780 1353 815 quod
1373 784 1400 808 et
1416 784 1630 808 consentaneum
1650 785 1693 807 est

900 825 969 852 mori
984 825 1086 853 divino.
1105 826 1191 854 chit.
1205 827 1366 860 Ix,‘24;Jud.
1376 828 1452 859 v1.2i
1462 827 1494 862 ;1
1503 827 1624 862 Paro/ip.
1635 835 1691 859 ut,

862 865 883 892 Β
897 871 969 905 2;11
981 872 1098 907 Parnlip.
1109 881 1162 906 vn;
1177 873 1225 900 111
1233 873 1404 909 Reg.xrmet
1412 882 1514 902 xxxvm
1524 883 1532 907 ;
1542 873 1574 900 II
1583 874 1697 901 Macha-

899 916 1013 944 bazorum
1025 925 1042 944 ι.
1060 917 1195 946 Lutherus
1206 924 1231 946 et
1241 919 1372 947 Calvinus
1382 920 1505 948 veritatis
1514 920 1693 948 infensissimi

898 963 1001 995 hostes,
1013 969 1037 990 et
1051 972 1191 992 sacrarum
1211 965 1413 1001 Scripturarum
1438 967 1646 999 obtrectatores,
1665 966 1691 993 id

900 1013 1035 1036 tantorum
1048 1009 1158 1037 Patrum
1170 1011 1330 1039 auctoritate
1345 1011 1480 1038 ﬁrmatum
1505 1016 1605 1047 negant
1618 1012 1692 1047 inju-

898 1056 943 1088 rii,
956 1056 1117 1092 fabulasttue
1130 1057 1258 1087 .lndaicas
1270 1067 1330 1087 esse
1343 1060 1525 1095 nugacissime
1540 1065 1690 1088 autumant.

935 1101 1001 1129 l—bid.
1024 1103 1050 1128 '0
1066 1103 1100 1129 δὲ
1119 1103 1195 1132 Κάίν
1215 1104 1341 1138 πρῶτος.
1356 1097 1500 1133 Verissima
1517 1114 1582 1134 sane
1596 1114 1690 1137 causa,

898 1151 926 1173 et
940 1147 1131 1176 efﬁcacissima
1147 1149 1180 1176 ad
1199 1150 1390 1184 explicandum
1417 1159 1502 1186 quare
1517 1152 1589 1180 Deus
1605 1154 1689 1180 sacri-

901 1193 991 1220 ﬁcium
1018 1195 1109 1229 potius
1126 1195 1219 1223 Abelis
1242 1205 1322 1232 quam
1340 1197 1418 1225 Caini
1438 1199 1594 1234 aspexerit;
1610 1200 1691 1227 aliam

900 1238 977 1266 atTert
992 1238 1137 1275 Iosephus,
1154 1242 1212 1274 sed,
1227 1246 1256 1269 ut
1270 1248 1393 1278 apparet,
1410 1252 1465 1271 non
1479 1245 1557 1272 multi
1573 1246 1690 1278 roboris,
1712 1273 1713 1276 η

900 1284 1024 1319 maleque
1047 1285 1081 1313 ab
1099 1286 1160 1321 ipso
1178 1287 1332 1322 conﬁctam,
1347 1289 1472 1318 videlicet
1488 1292 1560 1326 quod
1583 1292 1691 1320 sacriﬁ-

900 1330 972 1357 cium
997 1331 1090 1360 Abelis
1114 1337 1211 1368 sponte
1233 1339 1337 1362 naturaa
1352 1337 1451 1371 genitis
1471 1343 1619 1371 constaret,
1641 1346 1692 1366 sua

900 1384 965 1404 vero
994 1377 1062 1406 Cain
1104 1379 1186 1407 homo
1212 1388 1311 1409 avarus
1336 1386 1364 1409 et
1390 1383 1542 1411 industrius
1567 1391 1616 1418 per
1637 1385 1690 1412 vim

901 1423 1046 1458 quamdam
1058 1433 1072 1451 a
1086 1429 1183 1452 natura
1194 1430 1356 1455 extorserat.
1375 1428 1460 1456 Θῦσαι
1479 1429 1518 1466 τῷ
1534 1430 1593 1466 Θεῷ
1611 1430 1691 1463 δόξαν

901 1470 1001 1502 αὐτοῖς,
1015 1471 1029 1496 ὁ
1046 1470 1095 1505 μὲν
1112 1471 1181 1498 Κάῖν
1196 1472 1249 1499 ἀπὸ
1266 1473 1316 1509 τῆς
1327 1475 1464 1510 γεωργίας
1474 1477 1522 1503 καὶ
1538 1476 1591 1503 τῶν
1601 1478 1690 1512 φυτῶν

901 1516 1023 1551 καρποὺς
1042 1517 1206 1553 ἀπήνεγκεν,
1231 1519 1342 1552 ’Ἄϐελος
1356 1521 1385 1547 δὲ
1402 1521 1482 1556 γάλα,
1500 1523 1594 1550 καὶτὰ
1615 1533 1691 1560 πρω-

900 1563 998 1589 τότοκα
1022 1563 1075 1590 τῶν
1104 1564 1331 1600 βοσκημάτων.¹0
1354 1567 1420 1600 Θεὸς
1443 1568 1472 1595 δὲ
1491 1569 1574 1606 ταύτῃ
1590 1570 1691 1605 μᾶλλον

900 1608 992 1644 ἥδεται
1019 1610 1051 1645 τῇ
1076 1609 1165 1646 θυσίᾳ,
1192 1613 1247 1643 τοῖς
1270 1613 1443 1648 αὐτομάτοις,
1459 1616 1592 1643 καὶκατὰ
1609 1618 1690 1652 φύσιν

900 1654 1023 1689 γεγονόσι
1040 1655 1210 1691 τιμώμενος,
1233 1657 1290 1684 ἀλλ’
1317 1659 1377 1695 οὐχὶ
1406 1662 1462 1692 τοῖς
1487 1663 1547 1688 κατ’
1570 1663 1690 1690 ἐπίνοιαν

901 1701 1044 1736 ἀνθρώπου
1061 1702 1221 1730 πλεονέκτου
1235 1703 1305 1730 κατὰ
1322 1704 1381 1739 βίαν
1395 1707 1554 1741 πεφυκόσιν.
1573 1707 1690 1736 Basiiius

902 1748 1043 1776 Seleueius
1059 1750 1183 1777 oratione
1208 1750 1242 1778 de
1253 1750 1320 1778 Cain
1342 1756 1368 1779 et
1383 1752 1467 1780 Abele
1481 1755 1513 1781 ad
1526 1762 1582 1781 rem
1597 1756 1690 1787 :_Ka’ttv

903 1794 951 1829 μὲν
964 1794 1018 1830 γὰρ
1033 1794 1082 1830 τὴν
1097 1795 1192 1823 ουσίαν
1208 1795 1309 1832 ζημίαν
1324 1798 1472 1834 ἡγούμενος
1486 1801 1518 1827 ἐκ
1533 1801 1586 1828 τῶν
1600 1802 1687 1829 ἀδοκί-

903 1849 961 1875 μων
978 1840 1026 1876 τὴν
1042 1841 1124 1876 τιμὴν
1138 1841 1176 1876 τῷ
1200 1842 1346 1878 τιμωμένῳ
1369 1844 1550 1881 προσεκόμιζε
1568 1847 1689 1874 νενοθευ-

903 1884 970 1920 μένῃ
991 1884 1087 1921 γνώμῃ
1108 1886 1157 1921 τὴν
1174 1887 1255 1922 τιμὴν
1271 1883 1449 1923 καπηλεύων·
1470 1891 1484 1917 ὁ
1498 1890 1525 1917 δὲ
1544 1891 1626 1918 ’Ἅϐελ
1640 1893 1690 1929 οὐχ

901 1930 986 1963 οὕτως
996 1940 1002 1946 ·
1020 1931 1081 1963 ὅλος
1095 1932 1123 1958 δὲ
1145 1932 1191 1959 τοῦ
1218 1933 1304 1970 δώρου
1320 1935 1463 1971 γενόμενος
1482 1937 1622 1973 εἰλικρινεῖ
1633 1939 1690 1966 δια-

901 1978 961 2014 νοίᾳ
978 1978 1123 2015 θεραπεύει
1137 1980 1181 2007 τὸν
1197 1982 1355 2017 Κρείττονα.
1374 1983 1429 2009 Καὶ
1445 1983 1490 2010 τὸν
1508 1984 1558 2019 τῆς
1573 1985 1689 2022 ποίμνης

901 2026 1000 2061 δοτῆρα
1020 2028 1076 2058 τοῖς
1091 2027 1141 2063 τῆς
1158 2027 1275 2064 ποίμνης
1292 2029 1442 2065 ἐξαιρέτοις
1457 2030 1546 2066 ἐτίμα,
1560 2032 1609 2066 τῆς
1621 2032 1690 2067 γνώω

904 2080 957 2107 μης
969 2071 1018 2107 τὴν
1032 2073 1133 2108 ἀρετὴν
1144 2074 1286 2101 συνάπτων
1299 2077 1355 2107 τοῖς
1370 2075 1476 2112 δώροις,
1488 2077 1533 2104 καὶ
1546 2077 1630 2114 αὐτὴν
1641 2079 1690 2115 τὴν

901 2117 990 2153 ψυχὴν
1030 2120 1249 2155 συμπροσφέρων
1280 2121 1320 2157 τῷ
1343 2121 1490 2159 δεχομένῳ.
1515 2123 1547 2151 Et
1569 2124 1690 2160 Cyrillus

902 2164 1102 2194 Alexandrinus
1129 2166 1258 2203 Glaphyr.
1279 2169 1307 2195 in
1331 2168 1422 2196 Cenes.
1448 2170 1495 2198 lib.
1522 2179 1530 2198 ι
1551 2173 1645 2207 εἈγει
1658 2173 1689 2208 δὴ

72 2210 132 2241 Perit
156 2210 233 2245 Cain,
256 2212 357 2244 dicens,
375 2213 486 2240 Possedi
512 2212 641 2240 hominem
656 2221 703 2248 per
722 2212 805 2239 Deum
814 2212 846 2240 “.

917 2209 948 2238 ὗν
962 2213 975 2238 ὁ
992 2213 1041 2247 μὲν
1057 2213 1128 2248 ἱερός
1146 2222 1176 2239 τε
1193 2215 1240 2241 καὶ
1255 2215 1392 2250 πάνσοφος
1409 2217 1490 2244 Ἅϐελ
1507 2218 1542 2245 τὰ
1558 2219 1607 2254 τῆς
1623 2220 1688 2253 ἁγέ-

73 2254 155 2287 Quare
176 2268 230 2288 non
252 2266 326 2288 recte
351 2261 496 2294 Eusebius,
516 2261 563 2288 lib.
587 2269 606 2288 ιι
636 2260 672 2287 De
704 2265 847 2294 prreparal.

73 2310 166 2339 ευαηςη
189 2314 250 2343 cap.
269 2307 296 2341 4,
318 2307 386 2335 Cain
410 2308 605 2343 interpretatur
624 2307 761 2338 invidiam,
776 2306 847 2342 quod

74 2349 170 2378 scilicet
195 2354 273 2386 Cain,
295 2353 388 2382 fratris
418 2355 459 2382 sui
482 2353 609 2382 sacriﬁcii
632 2360 697 2388 ergo
712 2353 848 2384 invidens,

73 2401 128 2422 eum
146 2399 285 2426 occiderit.

104 2441 167 2470 Ibid.
184 2445 237 2472 Καὶ
251 2447 267 2472 ό
280 2444 338 2479 μὲν
351 2443 426 2472 Κάϊν
437 2442 487 2479 ἦν.
507 2444 626 2472 Joannes
651 2444 772 2472 Zonaras
795 2444 849 2470 An-

73 2487 166 2515 nalium
183 2495 249 2518 tom.
266 2490 276 2518 l
289 2501 295 2518 :
312 2491 368 2517 Καὶ
379 2492 393 2517 ὁ
407 2490 544 2526 μὲνἊϐελ
557 2490 654 2526 νομεὺς
663 2488 697 2526 ἦν
713 2490 848 2525 ποιμνίου,

73 2534 114 2560 καὶ
135 2536 231 2574 ἀρετῆς
258 2538 438 2573 ἐπεμέλετο,ὁ
450 2538 478 2564 δὲ
495 2538 564 2564 Κάῖν
581 2537 711 2573 ἐγεώργει
731 2537 779 2572 τὴν
799 2537 849 2572 γῆν

74 2584 243 2618 πονηρότατος
255 2584 302 2612 ὢν.
320 2584 370 2612 llic
384 2585 535 2611 notandum
552 2584 676 2611 cartiium
692 2591 769 2611 esum
787 2587 850 2610 ante

57 2654 59 2657 ,
75 2625 196 2657 diluvium
213 2639 266 2658 non
288 2631 374 2658 fuisse
395 2635 546 2666 receptum,
564 2630 662 2658 Cenes.
684 2637 743 2664 cap.
761 2637 797 2658 lx.
817 2629 850 2655 Et

76 2671 196 2709 oleribus,
214 2678 360 2712 herbisque
378 2685 463 2712 genus
480 2677 627 2703 ltumanum
645 2680 707 2703 ante
717 2675 850 2703 diluvium

76 2721 187 2751 POluisse
208 2725 356 2751 sustentari
372 2724 502 2751 facillimo
518 2723 626 2758 negotio
639 2727 731 2758 posset
742 2731 775 2750 ex
788 2730 850 2750 ver-

74 2761 112 2792 bis
119 2765 215 2797 Juliani
225 2770 372 2806 Apostatte,
385 2779 444 2807 qua:
458 2769 541 2798 refert
552 2769 651 2815 Suidas
663 2770 690 2797 in
698 2768 848 2801 Herodoto,

107 2842 128 2858 "
144 2844 208 2874 Gen.
227 2856 263 2882 tv,
285 2848 310 2876 1.

901 2257 1088 2293 ληςὰπόλεκτα
1104 2260 1150 2286 καὶ
1165 2260 1320 2297 ἀριστίνδην
1333 2262 1555 2301 ἑγκεκρυμμένα·
1571 2266 1689 2300 Ἧνεγκε

901 2305 965 2341 γὰρ,
977 2306 1068 2341 φησὶν,
1080 2306 1133 2333 ἀπὸ
1144 2306 1197 2333 τῶν
1212 2308 1390 2344 πρωτοτόκων
1403 2309 1457 2335 τῶν
1472 2310 1564 2345 ὰμνῶν
1579 2313 1624 2338 καὶ
1636 2312 1691 2339 ἀπὸ

900 2349 954 2377 τῶν
965 2352 1084 2378 στεάτων
1096 2352 1195 2385 αὐτῶν,
1207 2353 1329 2380 τουτέστι
1341 2354 1374 2380 τὰ
1387 2354 1548 2390 προῦχοντα,
1559 2358 1604 2384 καὶ
1619 2359 1691 2391 ὲξαίυ

903 2405 978 2434 ρετα*
996 2399 1100 2426 καὶτὸν
1115 2399 1165 2434 τῆς
1182 2400 1336 2436 ἱερουργίας
1348 2401 1398 2428 οὐκ
1416 2402 1551 2437 ἀγνοήσας
1576 2405 1688 2439 τρόπον.

901 2444 1041 2479 παρετίθει
1062 2445 1096 2471 τὰ
1115 2445 1231 2472 στέατα·
1260 2446 1329 2472 Κάῖν
1357 2446 1385 2473 δὲ
1408 2447 1457 2483 οὐχ
1482 2447 1562 2480 οὕτω,
1581 2450 1647 2476 πολὺ
1661 2450 1690 2478 δὲ

901 2489 960 2517 λίαν
986 2491 1129 2526 ἀτημελῶς
1142 2501 1148 2506 ·
1170 2493 1204 2519 τὰ
1227 2493 1276 2528 μὲν
1292 2493 1346 2529 γὰρ
1360 2494 1400 2520 ὅτι
1418 2494 1533 2529 μάλιστα
1552 2496 1605 2522 τῶν
1623 2497 1689 2531 ὡρί-

903 2544 960 2571 μων
975 2537 1101 2572 ἐκπρεπῆ
1116 2539 1175 2569 ταῖς
1196 2538 1273 2570 ἰδίαις
1295 2538 1435 2576 ἐχαρίζετο
1447 2543 1576 2576 τρυφαῖς·
1596 2542 1690 2570 ἐλύπει

900 2582 929 2608 δὲ
946 2583 1001 2614 τοῖς
1017 2582 1152 2618 δευτέροις
1165 2583 1210 2610 τὸν
1223 2584 1269 2611 ὲπὶ
1281 2586 1388 2613 πάντων
1403 2587 1479 2614 Θεόν.

937 2627 1016 2659 lbid.,
1032 2628 1079 2655 lin.
1097 2628 1141 2655 56.
1161 2630 1322 2664 Ὀργισθεὶς
1338 2632 1387 2658 ἐπὶ
1408 2633 1512 2666 τούτῳ.
1536 2633 1690 2662 Methodius

901 2673 1060 2702 Patarensis
1086 2676 1179 2704 Abelis
1203 2677 1303 2705 caedem
1329 2686 1401 2706 anno
1423 2681 1612 2708 ducentesimo
1628 2682 1690 2709 vitae

901 2721 998 2748 Adami
1014 2721 1173 2757 contigisse,
1190 2726 1217 2750 et
1240 2724 1379 2759 planctum
1396 2726 1491 2754 Adami
1517 2731 1544 2754 et
1559 2726 1620 2755 Eva:
1642 2735 1691 2762 per

902 2771 1011 2795 centum
1029 2767 1113 2796 fuisse
1129 2772 1306 2804 protractum,
1322 2772 1427 2799 scribit.
1457 2773 1501 2808 Τῷ
1516 2774 1543 2801 δὲ
1557 2774 1692 2802 διακοσιο-
