  <div class='ocr_page' id='page_1' title='image "/cluster/home/n/w/nwhite01/storage/ocr_20150623/18/njp.32101077772455/795.png"; bbox 0 0 1897 3073; ppageno 0'>
   <div class='ocr_carea' id='block_1_1' title="bbox 219 117 1836 148">
    <p class='ocr_par' dir='ltr' id='par_1_1' title="bbox 219 117 1836 148">
     <span class='ocr_line' id='line_1_1' title="bbox 219 117 1836 148; baseline -0.002 -1"><span class='ocrx_word' id='word_1_1' title='bbox 219 119 272 148; x_wconf 77' lang='grc' dir='ltr'><strong>9τ5</strong></span> <span class='ocrx_word' id='word_1_2' title='bbox 878 117 1001 145; x_wconf 84' lang='lat' dir='ltr'><strong>LEONIS</strong></span> <span class='ocrx_word' id='word_1_3' title='bbox 1020 117 1155 145; x_wconf 77' lang='lat' dir='ltr'><strong>ALLATII</strong></span> <span class='ocrx_word' id='word_1_4' title='bbox 1791 117 1836 144; x_wconf 76' lang='lat'><strong>976</strong></span> 
     </span>
    </p>
   </div>
   <div class='ocr_carea' id='block_1_2' title="bbox 193 164 1001 213">
    <p class='ocr_par' dir='ltr' id='par_1_2' title="bbox 220 175 1001 213">
     <span class='ocr_line' id='line_1_2' title="bbox 220 175 1001 213; baseline 0.003 -11"><span class='ocrx_word' id='word_1_5' title='bbox 287 177 341 203; x_wconf 64' lang='grc' dir='ltr'>ἔτει</span> <span class='ocrx_word' id='word_1_6' title='bbox 361 177 410 211; x_wconf 77' lang='grc' dir='ltr'>τῆς</span> <span class='ocrx_word' id='word_1_7' title='bbox 430 176 502 211; x_wconf 78' lang='grc' dir='ltr'><strong>ζῶης</strong></span> <span class='ocrx_word' id='word_1_8' title='bbox 517 175 564 202; x_wconf 77' lang='grc' dir='ltr'>τοῦ</span> <span class='ocrx_word' id='word_1_9' title='bbox 583 176 668 211; x_wconf 71' lang='grc' dir='ltr'>Ἀδὰμ</span> <span class='ocrx_word' id='word_1_10' title='bbox 678 177 820 204; x_wconf 81' lang='grc' dir='ltr'>ἀπέκτεινε</span> <span class='ocrx_word' id='word_1_11' title='bbox 836 178 906 204; x_wconf 83' lang='grc' dir='ltr'><strong>Κὰῖν</strong></span> <span class='ocrx_word' id='word_1_12' title='bbox 922 178 1001 204; x_wconf 75' lang='grc' dir='ltr'><strong>Ἀὸελ</strong></span> 
     </span>
    </p>
   </div>
   <div class='ocr_carea' id='block_1_3' title="bbox 1055 164 1838 213">
    <p class='ocr_par' dir='ltr' id='par_1_3' title="bbox 1089 175 1838 211">
     <span class='ocr_line' id='line_1_3' title="bbox 1089 175 1838 211; baseline 0 -7"><span class='ocrx_word' id='word_1_13' title='bbox 1089 178 1168 209; x_wconf 89' lang='lat' dir='ltr'><strong>lbid.,</strong></span> <span class='ocrx_word' id='word_1_14' title='bbox 1187 177 1233 205; x_wconf 87' lang='lat' dir='ltr'><strong>lin.</strong></span> <span class='ocrx_word' id='word_1_15' title='bbox 1257 178 1302 204; x_wconf 68' lang='lat'><strong>45.</strong></span> <span class='ocrx_word' id='word_1_16' title='bbox 1318 177 1435 211; x_wconf 83' lang='grc' dir='ltr'>Πρῶτος</span> <span class='ocrx_word' id='word_1_17' title='bbox 1449 177 1483 203; x_wconf 78' lang='grc' dir='ltr'><strong>δὲ</strong></span> <span class='ocrx_word' id='word_1_18' title='bbox 1493 177 1575 204; x_wconf 82' lang='grc' dir='ltr'><strong>Κὰτν.</strong></span> <span class='ocrx_word' id='word_1_19' title='bbox 1586 176 1710 204; x_wconf 77' lang='lat' dir='ltr'><strong>Joannes</strong></span> <span class='ocrx_word' id='word_1_20' title='bbox 1722 175 1838 204; x_wconf 78' lang='lat' dir='ltr'><strong>Zonaras</strong></span> 
     </span>
    </p>
   </div>
   <div class='ocr_carea' id='block_1_4' title="bbox 218 222 1002 258">
    <p class='ocr_par' dir='ltr' id='par_1_4' title="bbox 218 222 1002 258">
     <span class='ocr_line' id='line_1_4' title="bbox 218 222 1002 258; baseline 0.001 -8"><span class='ocrx_word' id='word_1_21' title='bbox 218 224 263 250; x_wconf 82' lang='grc' dir='ltr'>τὸν</span> <span class='ocrx_word' id='word_1_22' title='bbox 287 223 399 257; x_wconf 76' lang='grc' dir='ltr'>ἀδελφὸν</span> <span class='ocrx_word' id='word_1_23' title='bbox 425 222 517 249; x_wconf 75' lang='grc' dir='ltr'>αὑτοῦ.</span> <span class='ocrx_word' id='word_1_24' title='bbox 540 223 594 248; x_wconf 74' lang='grc' dir='ltr'><strong>Καὶ</strong></span> <span class='ocrx_word' id='word_1_25' title='bbox 613 223 744 258; x_wconf 80' lang='grc' dir='ltr'>ἐποίησαν</span> <span class='ocrx_word' id='word_1_26' title='bbox 765 223 809 250; x_wconf 85' lang='grc' dir='ltr'>τὸν</span> <span class='ocrx_word' id='word_1_27' title='bbox 821 224 933 250; x_wconf 73' lang='grc' dir='ltr'>κοπετὸν</span> <span class='ocrx_word' id='word_1_28' title='bbox 945 225 960 250; x_wconf 85' lang='grc' dir='ltr'><strong><em>ὃ</em></strong></span> <span class='ocrx_word' id='word_1_29' title='bbox 974 233 1002 251; x_wconf 87' lang='grc' dir='ltr'><strong>τε</strong></span> 
     </span>
    </p>
   </div>
   <div class='ocr_carea' id='block_1_5' title="bbox 226 267 1003 304">
    <p class='ocr_par' dir='ltr' id='par_1_5' title="bbox 226 267 1003 304">
     <span class='ocr_line' id='line_1_5' title="bbox 226 267 1003 304; baseline 0.003 -9"><span class='ocrx_word' id='word_1_30' title='bbox 226 269 310 303; x_wconf 75' lang='grc' dir='ltr'><strong>Ἀδὰμ</strong></span> <span class='ocrx_word' id='word_1_31' title='bbox 333 268 379 294; x_wconf 68' lang='grc' dir='ltr'><strong>καὶ</strong></span> <span class='ocrx_word' id='word_1_32' title='bbox 406 267 461 294; x_wconf 75' lang='grc' dir='ltr'><strong>Εὕα</strong></span> <span class='ocrx_word' id='word_1_33' title='bbox 486 267 528 294; x_wconf 81' lang='grc' dir='ltr'><strong>ἐπ’</strong></span> <span class='ocrx_word' id='word_1_34' title='bbox 544 267 623 294; x_wconf 77' lang='grc' dir='ltr'>αὑτοῦ</span> <span class='ocrx_word' id='word_1_35' title='bbox 644 269 690 294; x_wconf 75' lang='grc' dir='ltr'><strong>ἐπὶ</strong></span> <span class='ocrx_word' id='word_1_36' title='bbox 707 269 819 304; x_wconf 84' lang='grc' dir='ltr'>χρόνους</span> <span class='ocrx_word' id='word_1_37' title='bbox 837 269 869 304; x_wconf 87' lang='grc' dir='ltr'><strong>ρ’.</strong></span> <span class='ocrx_word' id='word_1_38' title='bbox 885 268 1003 304; x_wconf 87' lang='lat' dir='ltr'><strong>Ideoque</strong></span> 
     </span>
    </p>
   </div>
   <div class='ocr_carea' id='block_1_6' title="bbox 219 313 1004 342">
    <p class='ocr_par' dir='ltr' id='par_1_6' title="bbox 219 313 1004 342">
     <span class='ocr_line' id='line_1_6' title="bbox 219 313 1004 342; baseline 0 0"><span class='ocrx_word' id='word_1_39' title='bbox 219 315 415 342; x_wconf 86' lang='lat' dir='ltr'><strong>Constantinus</strong></span> <span class='ocrx_word' id='word_1_40' title='bbox 426 313 564 341; x_wconf 78' lang='lat' dir='ltr'><strong>Manasses</strong></span> <span class='ocrx_word' id='word_1_41' title='bbox 584 315 610 340; x_wconf 94' lang='lat' dir='ltr'><strong>in</strong></span> <span class='ocrx_word' id='word_1_42' title='bbox 621 314 718 340; x_wconf 79' lang='lat' dir='ltr'><strong>Annal.</strong></span> <span class='ocrx_word' id='word_1_43' title='bbox 735 315 837 341; x_wconf 89' lang='lat' dir='ltr'><strong>luctum</strong></span> <span class='ocrx_word' id='word_1_44' title='bbox 850 315 1004 342; x_wconf 81' lang='lat' dir='ltr'><strong>inconsola-</strong></span> 
     </span>
    </p>
   </div>
   <div class='ocr_carea' id='block_1_7' title="bbox 220 359 818 395">
    <p class='ocr_par' dir='ltr' id='par_1_7' title="bbox 220 359 818 395">
     <span class='ocr_line' id='line_1_7' title="bbox 220 359 818 395; baseline 0 -7"><span class='ocrx_word' id='word_1_45' title='bbox 220 362 299 389; x_wconf 88' lang='lat' dir='ltr'><strong>bilem</strong></span> <span class='ocrx_word' id='word_1_46' title='bbox 316 360 494 395; x_wconf 85' lang='lat' dir='ltr'><strong>nuncupavit,</strong></span> <span class='ocrx_word' id='word_1_47' title='bbox 510 359 605 391; x_wconf 81' lang='grc' dir='ltr'><strong>πένθος</strong></span> <span class='ocrx_word' id='word_1_48' title='bbox 621 360 818 395; x_wconf 72' lang='grc' dir='ltr'>ἀπαράκλητον.</span> 
     </span>
    </p>
   </div>
   <div class='ocr_carea' id='block_1_8' title="bbox 253 405 1001 439">
    <p class='ocr_par' dir='ltr' id='par_1_8' title="bbox 253 405 1001 439">
     <span class='ocr_line' id='line_1_8' title="bbox 253 405 1001 439; baseline 0 -6"><span class='ocrx_word' id='word_1_49' title='bbox 253 406 311 433; x_wconf 88' lang='lat' dir='ltr'><strong>Col.</strong></span> <span class='ocrx_word' id='word_1_50' title='bbox 326 406 391 437; x_wconf 62' lang='lat' dir='ltr'><strong>7A9,</strong></span> <span class='ocrx_word' id='word_1_51' title='bbox 411 406 458 432; x_wconf 90' lang='lat' dir='ltr'><strong>lin.</strong></span> <span class='ocrx_word' id='word_1_52' title='bbox 472 405 516 431; x_wconf 81' lang='grc'><strong>58.</strong></span> <span class='ocrx_word' id='word_1_53' title='bbox 535 405 565 431; x_wconf 84' lang='grc' dir='ltr'><strong>Ὀ</strong></span> <span class='ocrx_word' id='word_1_54' title='bbox 579 405 613 431; x_wconf 82' lang='grc' dir='ltr'><strong>δὲ</strong></span> <span class='ocrx_word' id='word_1_55' title='bbox 627 405 748 439; x_wconf 77' lang='grc' dir='ltr'>πολλὴν</span> <span class='ocrx_word' id='word_1_56' title='bbox 771 405 1001 439; x_wconf 57' lang='lat' dir='ltr'><strong>nepti-corticum.</strong></span> 
     </span>
    </p>
   </div>
   <div class='ocr_carea' id='block_1_9' title="bbox 220 450 1005 488">
    <p class='ocr_par' dir='ltr' id='par_1_9' title="bbox 220 450 1005 488">
     <span class='ocr_line' id='line_1_9' title="bbox 220 450 1005 488; baseline -0.001 -8"><span class='ocrx_word' id='word_1_57' title='bbox 220 453 351 485; x_wconf 79' lang='lat' dir='ltr'><strong>Zonaras,</strong></span> <span class='ocrx_word' id='word_1_58' title='bbox 363 452 460 478; x_wconf 74' lang='lat' dir='ltr'><strong>Annal.</strong></span> <span class='ocrx_word' id='word_1_59' title='bbox 473 456 539 478; x_wconf 92' lang='lat' dir='ltr'><strong>tom.</strong></span> <span class='ocrx_word' id='word_1_60' title='bbox 555 450 565 477; x_wconf 94' lang='lat' dir='ltr'><strong>l</strong></span> <span class='ocrx_word' id='word_1_61' title='bbox 583 461 588 478; x_wconf 95' lang='lat'><strong>:</strong></span> <span class='ocrx_word' id='word_1_62' title='bbox 604 451 633 477; x_wconf 80' lang='grc' dir='ltr'><strong>Ὀ</strong></span> <span class='ocrx_word' id='word_1_63' title='bbox 648 451 675 478; x_wconf 82' lang='grc' dir='ltr'><strong>δὲ</strong></span> <span class='ocrx_word' id='word_1_64' title='bbox 685 451 820 487; x_wconf 72' lang='grc' dir='ltr'><strong>φθονήσας</strong></span> <span class='ocrx_word' id='word_1_65' title='bbox 834 453 880 479; x_wconf 75' lang='grc' dir='ltr'><strong>ἐπὶ</strong></span> <span class='ocrx_word' id='word_1_66' title='bbox 892 454 924 488; x_wconf 82' lang='grc' dir='ltr'>τῇ</span> <span class='ocrx_word' id='word_1_67' title='bbox 942 461 1005 488; x_wconf 82' lang='grc' dir='ltr'>προ-</span> 
     </span>
    </p>
   </div>
   <div class='ocr_carea' id='block_1_10' title="bbox 220 496 1003 534">
    <p class='ocr_par' dir='ltr' id='par_1_10' title="bbox 220 496 1003 534">
     <span class='ocr_line' id='line_1_10' title="bbox 220 496 1003 534; baseline -0.004 -8"><span class='ocrx_word' id='word_1_68' title='bbox 220 499 329 534; x_wconf 79' lang='grc' dir='ltr'><strong>τιμήσει</strong></span> <span class='ocrx_word' id='word_1_69' title='bbox 348 498 448 525; x_wconf 77' lang='grc' dir='ltr'>κτείνει</span> <span class='ocrx_word' id='word_1_70' title='bbox 460 497 539 523; x_wconf 77' lang='grc' dir='ltr'>αὑτὸν</span> <span class='ocrx_word' id='word_1_71' title='bbox 555 497 601 523; x_wconf 76' lang='grc' dir='ltr'>καὶ</span> <span class='ocrx_word' id='word_1_72' title='bbox 618 496 752 531; x_wconf 74' lang='grc' dir='ltr'>ἐπάρατος</span> <span class='ocrx_word' id='word_1_73' title='bbox 763 496 866 530; x_wconf 83' lang='grc' dir='ltr'>γίνεται</span> <span class='ocrx_word' id='word_1_74' title='bbox 880 496 918 532; x_wconf 85' lang='grc' dir='ltr'>τῷ</span> <span class='ocrx_word' id='word_1_75' title='bbox 934 497 1003 532; x_wconf 82' lang='grc' dir='ltr'>Θεῷ,</span> 
     </span>
    </p>
   </div>
   <div class='ocr_carea' id='block_1_11' title="bbox 220 542 1004 578">
    <p class='ocr_par' dir='ltr' id='par_1_11' title="bbox 220 542 1004 578">
     <span class='ocr_line' id='line_1_11' title="bbox 220 542 1004 578; baseline 0 -8"><span class='ocrx_word' id='word_1_76' title='bbox 220 545 266 570; x_wconf 78' lang='grc' dir='ltr'>καὶ</span> <span class='ocrx_word' id='word_1_77' title='bbox 284 544 396 574; x_wconf 81' lang='grc' dir='ltr'>στένειν,</span> <span class='ocrx_word' id='word_1_78' title='bbox 410 543 456 569; x_wconf 70' lang='grc' dir='ltr'><strong>καὶ</strong></span> <span class='ocrx_word' id='word_1_79' title='bbox 467 542 577 577; x_wconf 80' lang='grc' dir='ltr'><strong>τρέμειν</strong></span> <span class='ocrx_word' id='word_1_80' title='bbox 589 542 821 569; x_wconf 81' lang='grc' dir='ltr'>καταδεδίκασται.</span> <span class='ocrx_word' id='word_1_81' title='bbox 848 543 1004 578; x_wconf 66' lang='grc' dir='ltr'>Ἐκϐληθεὶς</span> 
     </span>
    </p>
   </div>
   <div class='ocr_carea' id='block_1_12' title="bbox 219 587 1004 623">
    <p class='ocr_par' dir='ltr' id='par_1_12' title="bbox 219 587 1004 623">
     <span class='ocr_line' id='line_1_12' title="bbox 219 587 1004 623; baseline -0.003 -7"><span class='ocrx_word' id='word_1_82' title='bbox 219 589 247 616; x_wconf 83' lang='grc' dir='ltr'><strong>δὲ</strong></span> <span class='ocrx_word' id='word_1_83' title='bbox 267 588 380 619; x_wconf 69' lang='grc' dir='ltr'>ἀπὸτοῦ</span> <span class='ocrx_word' id='word_1_84' title='bbox 398 587 542 623; x_wconf 86' lang='grc' dir='ltr'>προσώπου</span> <span class='ocrx_word' id='word_1_85' title='bbox 557 587 602 613; x_wconf 74' lang='grc' dir='ltr'>τοῦ</span> <span class='ocrx_word' id='word_1_86' title='bbox 621 587 698 619; x_wconf 80' lang='grc' dir='ltr'>Θεοῦ,</span> <span class='ocrx_word' id='word_1_87' title='bbox 711 588 739 613; x_wconf 78' lang='grc' dir='ltr'>ἐν</span> <span class='ocrx_word' id='word_1_88' title='bbox 753 589 788 623; x_wconf 83' lang='grc' dir='ltr'>γῇ</span> <span class='ocrx_word' id='word_1_89' title='bbox 803 587 870 614; x_wconf 77' lang='grc' dir='ltr'><strong>Ναῖδ</strong></span> <span class='ocrx_word' id='word_1_90' title='bbox 887 587 1004 623; x_wconf 78' lang='grc' dir='ltr'>ᾤκησεν,</span> 
     </span>
    </p>
   </div>
   <div class='ocr_carea' id='block_1_13' title="bbox 219 633 1002 667">
    <p class='ocr_par' dir='ltr' id='par_1_13' title="bbox 219 633 1002 667">
     <span class='ocr_line' id='line_1_13' title="bbox 219 633 1002 667; baseline -0.003 -5"><span class='ocrx_word' id='word_1_91' title='bbox 219 635 283 662; x_wconf 69' lang='grc' dir='ltr'>ἔνθα</span> <span class='ocrx_word' id='word_1_92' title='bbox 305 635 351 661; x_wconf 76' lang='grc' dir='ltr'>καὶ</span> <span class='ocrx_word' id='word_1_93' title='bbox 375 634 469 664; x_wconf 82' lang='grc' dir='ltr'>παῖδας</span> <span class='ocrx_word' id='word_1_94' title='bbox 490 633 621 667; x_wconf 77' lang='grc' dir='ltr'>ἐγείνατο.</span> <span class='ocrx_word' id='word_1_95' title='bbox 638 633 834 661; x_wconf 69' lang='lat' dir='ltr'><strong>Constantinus</strong></span> <span class='ocrx_word' id='word_1_96' title='bbox 852 633 1002 664; x_wconf 81' lang='lat' dir='ltr'><strong>Manasses,</strong></span> 
     </span>
    </p>
   </div>
   <div class='ocr_carea' id='block_1_14' title="bbox 220 678 1004 715">
    <p class='ocr_par' dir='ltr' id='par_1_14' title="bbox 220 678 1004 715">
     <span class='ocr_line' id='line_1_14' title="bbox 220 678 1004 715; baseline -0.004 -7"><span class='ocrx_word' id='word_1_97' title='bbox 220 682 248 708; x_wconf 89' lang='lat' dir='ltr'><strong>in</strong></span> <span class='ocrx_word' id='word_1_98' title='bbox 264 680 412 707; x_wconf 78' lang='lat' dir='ltr'><strong>Annalibus</strong></span> <span class='ocrx_word' id='word_1_99' title='bbox 424 688 433 706; x_wconf 91' lang='lat'><em>:</em></span> <span class='ocrx_word' id='word_1_100' title='bbox 448 679 585 706; x_wconf 76' lang='grc' dir='ltr'><strong>Ἐντεῦθεν</strong></span> <span class='ocrx_word' id='word_1_101' title='bbox 597 679 665 706; x_wconf 81' lang='grc' dir='ltr'><strong>Κάῐν</strong></span> <span class='ocrx_word' id='word_1_102' title='bbox 689 679 809 711; x_wconf 74' lang='grc' dir='ltr'>ἐλασθεὶς</span> <span class='ocrx_word' id='word_1_103' title='bbox 827 679 876 714; x_wconf 81' lang='grc' dir='ltr'>τῆς</span> <span class='ocrx_word' id='word_1_104' title='bbox 894 678 1004 715; x_wconf 80' lang='grc' dir='ltr'>πρώτης</span> 
     </span>
    </p>
   </div>
   <div class='ocr_carea' id='block_1_15' title="bbox 221 727 379 763">
    <p class='ocr_par' dir='ltr' id='par_1_15' title="bbox 221 727 379 763">
     <span class='ocr_line' id='line_1_15' title="bbox 221 727 379 763; baseline -0.013 -9"><span class='ocrx_word' id='word_1_105' title='bbox 221 727 379 763; x_wconf 76' lang='grc' dir='ltr'><strong>παροικίας,</strong></span> 
     </span>
    </p>
   </div>
   <div class='ocr_carea' id='block_1_16' title="bbox 218 771 1004 808">
    <p class='ocr_par' dir='ltr' id='par_1_16' title="bbox 218 771 1004 808">
     <span class='ocr_line' id='line_1_16' title="bbox 218 771 1004 808; baseline -0.004 -8"><span class='ocrx_word' id='word_1_106' title='bbox 218 774 273 802; x_wconf 73' lang='grc' dir='ltr'><strong>Καὶ</strong></span> <span class='ocrx_word' id='word_1_107' title='bbox 295 773 354 808; x_wconf 74' lang='grc' dir='ltr'><strong>γῆν</strong></span> <span class='ocrx_word' id='word_1_108' title='bbox 376 771 494 808; x_wconf 71' lang='grc' dir='ltr'>πολλὴν</span> <span class='ocrx_word' id='word_1_109' title='bbox 511 771 678 808; x_wconf 58' lang='grc' dir='ltr'>ἐπιδραμὼν</span> <span class='ocrx_word' id='word_1_110' title='bbox 692 771 786 804; x_wconf 79' lang='grc' dir='ltr'>ἔπηξε</span> <span class='ocrx_word' id='word_1_111' title='bbox 798 771 850 804; x_wconf 81' lang='grc' dir='ltr'>τὰς</span> <span class='ocrx_word' id='word_1_112' title='bbox 866 771 1004 808; x_wconf 69' lang='grc' dir='ltr'>αὐλαίας,</span> 
     </span>
    </p>
   </div>
   <div class='ocr_carea' id='block_1_17' title="bbox 222 806 1003 841">
    <p class='ocr_par' dir='ltr' id='par_1_17' title="bbox 222 806 1003 841">
     <span class='ocr_line' id='line_1_17' title="bbox 222 806 1003 841; baseline -0.003 -7"><span class='ocrx_word' id='word_1_113' title='bbox 222 806 311 835; x_wconf 62' lang='grc' dir='ltr'><strong>Ἕν·οά</strong></span> <span class='ocrx_word' id='word_1_114' title='bbox 326 807 421 834; x_wconf 81' lang='grc' dir='ltr'>καλὸν</span> <span class='ocrx_word' id='word_1_115' title='bbox 443 807 504 839; x_wconf 82' lang='grc' dir='ltr'>τοῖς</span> <span class='ocrx_word' id='word_1_116' title='bbox 526 806 688 841; x_wconf 60' lang='grc' dir='ltr'>ὀφθαλμοῖς</span> <span class='ocrx_word' id='word_1_117' title='bbox 705 807 821 833; x_wconf 78' lang='grc' dir='ltr'>ἐκείνου</span> <span class='ocrx_word' id='word_1_118' title='bbox 843 806 1003 840; x_wconf 65' lang='grc' dir='ltr'>κατεφάνη.</span> 
     </span>
    </p>
   </div>
   <div class='ocr_carea' id='block_1_18' title="bbox 220 852 1043 888">
    <p class='ocr_par' dir='ltr' id='par_1_18' title="bbox 220 852 1043 888">
     <span class='ocr_line' id='line_1_18' title="bbox 220 852 1043 888; baseline -0.001 -7"><span class='ocrx_word' id='word_1_119' title='bbox 220 855 252 881; x_wconf 86' lang='lat' dir='ltr'><strong>Et</strong></span> <span class='ocrx_word' id='word_1_120' title='bbox 267 854 411 888; x_wconf 76' lang='lat' dir='ltr'><strong>Iosephus,</strong></span> <span class='ocrx_word' id='word_1_121' title='bbox 428 853 517 887; x_wconf 80' lang='lat' dir='ltr'><strong>Antiq.</strong></span> <span class='ocrx_word' id='word_1_122' title='bbox 535 852 643 879; x_wconf 80' lang='lat' dir='ltr'><strong>Judaic.</strong></span> <span class='ocrx_word' id='word_1_123' title='bbox 663 852 710 879; x_wconf 86' lang='lat' dir='ltr'><strong>lib.</strong></span> <span class='ocrx_word' id='word_1_124' title='bbox 731 860 751 884; x_wconf 87' lang='grc' dir='ltr'><strong>ι,</strong></span> <span class='ocrx_word' id='word_1_125' title='bbox 772 859 833 887; x_wconf 86' lang='lat' dir='ltr'><strong>cap.</strong></span> <span class='ocrx_word' id='word_1_126' title='bbox 847 853 885 879; x_wconf 72' lang='grc' dir='ltr'>ὃς</span> <span class='ocrx_word' id='word_1_127' title='bbox 903 852 1005 887; x_wconf 77' lang='grc' dir='ltr'>Πολλὴν</span> <span class='ocrx_word' id='word_1_128' title='bbox 1021 852 1043 880; x_wconf 88' lang='grc' dir='ltr'><strong>Β</strong></span> 
     </span>
    </p>
   </div>
   <div class='ocr_carea' id='block_1_19' title="bbox 219 898 1003 934">
    <p class='ocr_par' dir='ltr' id='par_1_19' title="bbox 219 898 1003 934">
     <span class='ocr_line' id='line_1_19' title="bbox 219 898 1003 934; baseline -0.005 -7"><span class='ocrx_word' id='word_1_129' title='bbox 219 901 247 927; x_wconf 79' lang='grc' dir='ltr'><strong>δὲ</strong></span> <span class='ocrx_word' id='word_1_130' title='bbox 263 899 382 926; x_wconf 74' lang='grc' dir='ltr'>ἐπελθὼν</span> <span class='ocrx_word' id='word_1_131' title='bbox 397 899 459 934; x_wconf 76' lang='grc' dir='ltr'>γῆν,</span> <span class='ocrx_word' id='word_1_132' title='bbox 477 898 595 934; x_wconf 83' lang='grc' dir='ltr'><strong>ἱδρύεται</strong></span> <span class='ocrx_word' id='word_1_133' title='bbox 619 898 688 933; x_wconf 74' lang='grc' dir='ltr'>μετὰ</span> <span class='ocrx_word' id='word_1_134' title='bbox 710 898 757 933; x_wconf 81' lang='grc' dir='ltr'>τῆς</span> <span class='ocrx_word' id='word_1_135' title='bbox 780 898 907 932; x_wconf 83' lang='grc' dir='ltr'>γυναικὸς</span> <span class='ocrx_word' id='word_1_136' title='bbox 934 898 1003 925; x_wconf 78' lang='grc' dir='ltr'>Κάῐν</span> 
     </span>
    </p>
   </div>
   <div class='ocr_carea' id='block_1_20' title="bbox 220 944 1004 979">
    <p class='ocr_par' dir='ltr' id='par_1_20' title="bbox 220 944 1004 979">
     <span class='ocr_line' id='line_1_20' title="bbox 220 944 1004 979; baseline -0.003 -7"><span class='ocrx_word' id='word_1_137' title='bbox 220 946 306 973; x_wconf 79' lang='grc' dir='ltr'>Ναΐδα</span> <span class='ocrx_word' id='word_1_138' title='bbox 330 945 411 972; x_wconf 73' lang='grc' dir='ltr'>τόπον</span> <span class='ocrx_word' id='word_1_139' title='bbox 431 944 500 971; x_wconf 71' lang='grc' dir='ltr'>οὕτω</span> <span class='ocrx_word' id='word_1_140' title='bbox 517 944 691 979; x_wconf 83' lang='grc' dir='ltr'>καλούμενον,</span> <span class='ocrx_word' id='word_1_141' title='bbox 706 945 752 970; x_wconf 72' lang='grc' dir='ltr'>καὶ</span> <span class='ocrx_word' id='word_1_142' title='bbox 779 944 870 970; x_wconf 82' lang='grc' dir='ltr'>αὐτόθι</span> <span class='ocrx_word' id='word_1_143' title='bbox 891 945 1004 970; x_wconf 81' lang='grc' dir='ltr'>ποιεῖται</span> 
     </span>
    </p>
   </div>
   <div class='ocr_carea' id='block_1_21' title="bbox 219 988 1004 1026">
    <p class='ocr_par' dir='ltr' id='par_1_21' title="bbox 219 988 1004 1026">
     <span class='ocr_line' id='line_1_21' title="bbox 219 988 1004 1026; baseline -0.001 -9"><span class='ocrx_word' id='word_1_144' title='bbox 219 992 270 1026; x_wconf 87' lang='grc' dir='ltr'>τὴν</span> <span class='ocrx_word' id='word_1_145' title='bbox 293 990 458 1024; x_wconf 76' lang='grc' dir='ltr'><strong>κατοίκησιν,</strong></span> <span class='ocrx_word' id='word_1_146' title='bbox 487 989 549 1016; x_wconf 78' lang='grc' dir='ltr'>ἔνθα</span> <span class='ocrx_word' id='word_1_147' title='bbox 581 989 627 1016; x_wconf 80' lang='grc' dir='ltr'><strong>καὶ</strong></span> <span class='ocrx_word' id='word_1_148' title='bbox 649 988 741 1020; x_wconf 80' lang='grc' dir='ltr'>παῖδες</span> <span class='ocrx_word' id='word_1_149' title='bbox 764 988 896 1022; x_wconf 74' lang='grc' dir='ltr'>ἐγένοντο.</span> <span class='ocrx_word' id='word_1_150' title='bbox 914 988 1004 1016; x_wconf 85' lang='lat' dir='ltr'><strong>Prima</strong></span> 
     </span>
    </p>
   </div>
   <div class='ocr_carea' id='block_1_22' title="bbox 221 1034 1005 1073">
    <p class='ocr_par' dir='ltr' id='par_1_22' title="bbox 221 1034 1005 1073">
     <span class='ocr_line' id='line_1_22' title="bbox 221 1034 1005 1073; baseline -0.004 -9"><span class='ocrx_word' id='word_1_151' title='bbox 221 1038 303 1073; x_wconf 86' lang='lat' dir='ltr'><strong>igitur</strong></span> <span class='ocrx_word' id='word_1_152' title='bbox 324 1037 400 1064; x_wconf 81' lang='lat' dir='ltr'><strong>orbis</strong></span> <span class='ocrx_word' id='word_1_153' title='bbox 425 1041 558 1063; x_wconf 90' lang='lat' dir='ltr'><strong>terrarum</strong></span> <span class='ocrx_word' id='word_1_154' title='bbox 576 1035 671 1063; x_wconf 82' lang='lat' dir='ltr'><strong>civitas</strong></span> <span class='ocrx_word' id='word_1_155' title='bbox 689 1034 826 1062; x_wconf 81' lang='lat' dir='ltr'><strong>llcnochia</strong></span> <span class='ocrx_word' id='word_1_156' title='bbox 842 1035 892 1062; x_wconf 80' lang='lat' dir='ltr'><strong>fuit</strong></span> <span class='ocrx_word' id='word_1_157' title='bbox 911 1035 1005 1062; x_wconf 88' lang='lat' dir='ltr'><strong>aCain</strong></span> 
     </span>
    </p>
   </div>
   <div class='ocr_carea' id='block_1_23' title="bbox 220 1080 1005 1115">
    <p class='ocr_par' dir='ltr' id='par_1_23' title="bbox 220 1080 1005 1115">
     <span class='ocr_line' id='line_1_23' title="bbox 220 1080 1005 1115; baseline -0.005 -4"><span class='ocrx_word' id='word_1_158' title='bbox 220 1086 370 1111; x_wconf 66' lang='lat' dir='ltr'><strong>exstructa.</strong></span> <span class='ocrx_word' id='word_1_159' title='bbox 379 1082 494 1110; x_wconf 86' lang='lat' dir='ltr'><strong>Berosus</strong></span> <span class='ocrx_word' id='word_1_160' title='bbox 504 1081 613 1108; x_wconf 87' lang='lat' dir='ltr'><strong>lictitius</strong></span> <span class='ocrx_word' id='word_1_161' title='bbox 622 1081 667 1108; x_wconf 89' lang='lat' dir='ltr'><strong>lib.</strong></span> <span class='ocrx_word' id='word_1_162' title='bbox 678 1081 716 1108; x_wconf 83' lang='lat' dir='ltr'><strong>De</strong></span> <span class='ocrx_word' id='word_1_163' title='bbox 731 1080 900 1115; x_wconf 77' lang='lat' dir='ltr'><strong>temporibus,</strong></span> <span class='ocrx_word' id='word_1_164' title='bbox 916 1080 1005 1108; x_wconf 76' lang='lat' dir='ltr'><strong>lieno-</strong></span> 
     </span>
    </p>
   </div>
   <div class='ocr_carea' id='block_1_24' title="bbox 221 1120 1004 1157">
    <p class='ocr_par' dir='ltr' id='par_1_24' title="bbox 221 1120 1004 1157">
     <span class='ocr_line' id='line_1_24' title="bbox 221 1120 1004 1157; baseline -0.004 0"><span class='ocrx_word' id='word_1_165' title='bbox 221 1131 309 1157; x_wconf 54' lang='lat' dir='ltr'><strong>t&#39;hiam</strong></span> <span class='ocrx_word' id='word_1_166' title='bbox 333 1129 470 1156; x_wconf 89' lang='lat' dir='ltr'><strong>civitatem</strong></span> <span class='ocrx_word' id='word_1_167' title='bbox 487 1127 580 1155; x_wconf 92' lang='lat' dir='ltr'><strong>scribit</strong></span> <span class='ocrx_word' id='word_1_168' title='bbox 596 1135 657 1155; x_wconf 90' lang='lat' dir='ltr'><strong>esse</strong></span> <span class='ocrx_word' id='word_1_169' title='bbox 677 1120 814 1154; x_wconf 75' lang='lat' dir='ltr'><strong>conditam</strong></span> <span class='ocrx_word' id='word_1_170' title='bbox 836 1128 910 1154; x_wconf 88' lang='lat' dir='ltr'><strong>circa</strong></span> <span class='ocrx_word' id='word_1_171' title='bbox 923 1127 1004 1154; x_wconf 86' lang='lat' dir='ltr'><strong>Liba-</strong></span> 
     </span>
    </p>
   </div>
   <div class='ocr_carea' id='block_1_25' title="bbox 221 1173 1004 1208">
    <p class='ocr_par' dir='ltr' id='par_1_25' title="bbox 221 1173 1004 1208">
     <span class='ocr_line' id='line_1_25' title="bbox 221 1173 1004 1208; baseline -0.005 -4"><span class='ocrx_word' id='word_1_172' title='bbox 221 1185 285 1204; x_wconf 89' lang='lat' dir='ltr'><strong>num</strong></span> <span class='ocrx_word' id='word_1_173' title='bbox 315 1179 446 1205; x_wconf 92' lang='lat' dir='ltr'><strong>montem,</strong></span> <span class='ocrx_word' id='word_1_174' title='bbox 465 1174 510 1208; x_wconf 85' lang='lat' dir='ltr'><strong>qui</strong></span> <span class='ocrx_word' id='word_1_175' title='bbox 527 1178 569 1201; x_wconf 89' lang='lat' dir='ltr'><strong>est</strong></span> <span class='ocrx_word' id='word_1_176' title='bbox 588 1173 622 1200; x_wconf 90' lang='lat' dir='ltr'><strong>ad</strong></span> <span class='ocrx_word' id='word_1_177' title='bbox 637 1174 771 1201; x_wconf 78' lang='lat' dir='ltr'><strong>orientem</strong></span> <span class='ocrx_word' id='word_1_178' title='bbox 800 1174 1004 1208; x_wconf 91' lang='lat' dir='ltr'><strong>comparatione</strong></span> 
     </span>
    </p>
   </div>
   <div class='ocr_carea' id='block_1_26' title="bbox 221 1219 1003 1257">
    <p class='ocr_par' dir='ltr' id='par_1_26' title="bbox 221 1219 1003 1257">
     <span class='ocr_line' id='line_1_26' title="bbox 221 1219 1003 1257; baseline -0.004 -9"><span class='ocrx_word' id='word_1_179' title='bbox 221 1221 340 1257; x_wconf 80' lang='lat' dir='ltr'><strong>regionis</strong></span> <span class='ocrx_word' id='word_1_180' title='bbox 363 1220 546 1252; x_wconf 65' lang='lat' dir='ltr'><strong>Damasccna‘,</strong></span> <span class='ocrx_word' id='word_1_181' title='bbox 564 1219 703 1254; x_wconf 79' lang='lat' dir='ltr'><strong>fuisseque</strong></span> <span class='ocrx_word' id='word_1_182' title='bbox 734 1219 930 1254; x_wconf 82' lang='lat' dir='ltr'><strong>amplissimam</strong></span> <span class='ocrx_word' id='word_1_183' title='bbox 957 1227 1003 1246; x_wconf 86' lang='lat' dir='ltr'><strong>ur-</strong></span> 
     </span>
    </p>
   </div>
   <div class='ocr_carea' id='block_1_27' title="bbox 221 1264 1003 1301">
    <p class='ocr_par' dir='ltr' id='par_1_27' title="bbox 221 1264 1003 1301">
     <span class='ocr_line' id='line_1_27' title="bbox 221 1264 1003 1301; baseline -0.005 -6"><span class='ocrx_word' id='word_1_184' title='bbox 221 1268 292 1299; x_wconf 82' lang='lat' dir='ltr'><strong>beru,</strong></span> <span class='ocrx_word' id='word_1_185' title='bbox 318 1270 345 1294; x_wconf 90' lang='lat' dir='ltr'><strong>et</strong></span> <span class='ocrx_word' id='word_1_186' title='bbox 366 1266 560 1293; x_wconf 80' lang='lat' dir='ltr'><strong>habitationem</strong></span> <span class='ocrx_word' id='word_1_187' title='bbox 587 1265 735 1301; x_wconf 76' lang='lat' dir='ltr'><strong>gigantum.</strong></span> <span class='ocrx_word' id='word_1_188' title='bbox 772 1264 820 1292; x_wconf 79' lang='lat' dir='ltr'><strong>llis</strong></span> <span class='ocrx_word' id='word_1_189' title='bbox 846 1264 920 1291; x_wconf 87' lang='lat' dir='ltr'><strong>addit</strong></span> <span class='ocrx_word' id='word_1_190' title='bbox 945 1265 1003 1291; x_wconf 83' lang='lat' dir='ltr'><strong>Au-</strong></span> 
     </span>
    </p>
   </div>
   <div class='ocr_carea' id='block_1_28' title="bbox 221 1309 1004 1345">
    <p class='ocr_par' dir='ltr' id='par_1_28' title="bbox 221 1309 1004 1345">
     <span class='ocr_line' id='line_1_28' title="bbox 221 1309 1004 1345; baseline -0.003 -6"><span class='ocrx_word' id='word_1_191' title='bbox 221 1313 294 1343; x_wconf 83' lang='lat' dir='ltr'><strong>nius.</strong></span> <span class='ocrx_word' id='word_1_192' title='bbox 323 1319 372 1339; x_wconf 89' lang='lat' dir='ltr'><strong>suo</strong></span> <span class='ocrx_word' id='word_1_193' title='bbox 399 1312 480 1339; x_wconf 88' lang='lat' dir='ltr'><strong>etiam</strong></span> <span class='ocrx_word' id='word_1_194' title='bbox 507 1314 629 1345; x_wconf 84' lang='lat' dir='ltr'><strong>tempore</strong></span> <span class='ocrx_word' id='word_1_195' title='bbox 657 1310 730 1338; x_wconf 87' lang='lat' dir='ltr'><strong>illius</strong></span> <span class='ocrx_word' id='word_1_196' title='bbox 758 1310 879 1338; x_wconf 84' lang='lat' dir='ltr'><strong>civitatis</strong></span> <span class='ocrx_word' id='word_1_197' title='bbox 905 1309 1004 1337; x_wconf 71' lang='lat' dir='ltr'><strong>diruta:</strong></span> 
     </span>
    </p>
   </div>
   <div class='ocr_carea' id='block_1_29' title="bbox 222 1355 1004 1391">
    <p class='ocr_par' dir='ltr' id='par_1_29' title="bbox 222 1355 1004 1391">
     <span class='ocr_line' id='line_1_29' title="bbox 222 1355 1004 1391; baseline -0.003 -7"><span class='ocrx_word' id='word_1_198' title='bbox 222 1357 296 1384; x_wconf 80' lang='lat' dir='ltr'><strong>cerni</strong></span> <span class='ocrx_word' id='word_1_199' title='bbox 312 1358 338 1384; x_wconf 92' lang='lat' dir='ltr'><strong>in</strong></span> <span class='ocrx_word' id='word_1_200' title='bbox 355 1362 444 1384; x_wconf 89' lang='lat' dir='ltr'><strong>monte</strong></span> <span class='ocrx_word' id='word_1_201' title='bbox 460 1355 563 1383; x_wconf 87' lang='lat' dir='ltr'><strong>Libano</strong></span> <span class='ocrx_word' id='word_1_202' title='bbox 574 1356 692 1382; x_wconf 79' lang='lat' dir='ltr'><strong>maxima</strong></span> <span class='ocrx_word' id='word_1_203' title='bbox 712 1359 738 1383; x_wconf 87' lang='lat' dir='ltr'><strong>et</strong></span> <span class='ocrx_word' id='word_1_204' title='bbox 762 1356 881 1391; x_wconf 76' lang='lat' dir='ltr'><strong>ingentia</strong></span> <span class='ocrx_word' id='word_1_205' title='bbox 906 1355 1004 1383; x_wconf 79' lang='lat' dir='ltr'><strong>funda-</strong></span> 
     </span>
    </p>
   </div>
   <div class='ocr_carea' id='block_1_30' title="bbox 222 1401 1004 1437">
    <p class='ocr_par' dir='ltr' id='par_1_30' title="bbox 222 1401 1004 1437">
     <span class='ocr_line' id='line_1_30' title="bbox 222 1401 1004 1437; baseline 0 -7"><span class='ocrx_word' id='word_1_206' title='bbox 222 1407 323 1433; x_wconf 80' lang='lat' dir='ltr'><strong>menta,</strong></span> <span class='ocrx_word' id='word_1_207' title='bbox 336 1406 361 1429; x_wconf 76' lang='lat' dir='ltr'><strong>et</strong></span> <span class='ocrx_word' id='word_1_208' title='bbox 376 1403 456 1437; x_wconf 89' lang='lat' dir='ltr'><strong>vulgo</strong></span> <span class='ocrx_word' id='word_1_209' title='bbox 473 1402 507 1428; x_wconf 87' lang='lat' dir='ltr'><strong>ab</strong></span> <span class='ocrx_word' id='word_1_210' title='bbox 523 1401 620 1429; x_wconf 87' lang='lat' dir='ltr'><strong>incolis</strong></span> <span class='ocrx_word' id='word_1_211' title='bbox 638 1402 710 1429; x_wconf 92' lang='lat' dir='ltr'><strong>illius</strong></span> <span class='ocrx_word' id='word_1_212' title='bbox 728 1402 848 1437; x_wconf 74' lang='lat' dir='ltr'><strong>regionis</strong></span> <span class='ocrx_word' id='word_1_213' title='bbox 867 1403 1004 1430; x_wconf 81' lang='lat' dir='ltr'><strong>nominari</strong></span> 
     </span>
    </p>
   </div>
   <div class='ocr_carea' id='block_1_31' title="bbox 222 1447 1004 1482">
    <p class='ocr_par' dir='ltr' id='par_1_31' title="bbox 222 1447 1004 1482">
     <span class='ocr_line' id='line_1_31' title="bbox 222 1447 1004 1482; baseline 0 -7"><span class='ocrx_word' id='word_1_214' title='bbox 222 1448 359 1475; x_wconf 85' lang='lat' dir='ltr'><strong>civitatem</strong></span> <span class='ocrx_word' id='word_1_215' title='bbox 389 1447 468 1480; x_wconf 87' lang='lat' dir='ltr'><strong>Cain,</strong></span> <span class='ocrx_word' id='word_1_216' title='bbox 494 1452 576 1482; x_wconf 87' lang='lat' dir='ltr'><strong>atque</strong></span> <span class='ocrx_word' id='word_1_217' title='bbox 605 1447 632 1474; x_wconf 89' lang='lat' dir='ltr'><strong>id</strong></span> <span class='ocrx_word' id='word_1_218' title='bbox 653 1455 683 1475; x_wconf 89' lang='lat' dir='ltr'><strong>se</strong></span> <span class='ocrx_word' id='word_1_219' title='bbox 699 1455 732 1474; x_wconf 76' lang='lat' dir='ltr'><strong>ex</strong></span> <span class='ocrx_word' id='word_1_220' title='bbox 754 1448 951 1475; x_wconf 84' lang='lat' dir='ltr'><strong>mercatoribus</strong></span> <span class='ocrx_word' id='word_1_221' title='bbox 978 1453 1004 1475; x_wconf 89' lang='lat' dir='ltr'><strong>et</strong></span> 
     </span>
    </p>
   </div>
   <div class='ocr_carea' id='block_1_32' title="bbox 223 1493 1002 1529">
    <p class='ocr_par' dir='ltr' id='par_1_32' title="bbox 223 1493 1002 1529">
     <span class='ocr_line' id='line_1_32' title="bbox 223 1493 1002 1529; baseline 0.001 -9"><span class='ocrx_word' id='word_1_222' title='bbox 223 1494 437 1529; x_wconf 83' lang='lat' dir='ltr'><strong>pcregrinis,qui</strong></span> <span class='ocrx_word' id='word_1_223' title='bbox 455 1493 481 1520; x_wconf 91' lang='lat' dir='ltr'><strong>in</strong></span> <span class='ocrx_word' id='word_1_224' title='bbox 498 1493 599 1520; x_wconf 88' lang='lat' dir='ltr'><strong>Libano</strong></span> <span class='ocrx_word' id='word_1_225' title='bbox 620 1498 647 1520; x_wconf 90' lang='lat' dir='ltr'><strong>et</strong></span> <span class='ocrx_word' id='word_1_226' title='bbox 659 1493 791 1521; x_wconf 85' lang='lat' dir='ltr'><strong>Damasco</strong></span> <span class='ocrx_word' id='word_1_227' title='bbox 802 1494 902 1521; x_wconf 80' lang='lat' dir='ltr'><strong>versati</strong></span> <span class='ocrx_word' id='word_1_228' title='bbox 916 1497 1002 1526; x_wconf 82' lang='lat' dir='ltr'><strong>erant,</strong></span> 
     </span>
    </p>
   </div>
   <div class='ocr_carea' id='block_1_33' title="bbox 223 1528 1040 1575">
    <p class='ocr_par' dir='ltr' id='par_1_33' title="bbox 223 1528 1040 1575">
     <span class='ocr_line' id='line_1_33' title="bbox 223 1528 1040 1575; baseline 0.001 -10"><span class='ocrx_word' id='word_1_229' title='bbox 223 1528 371 1574; x_wconf 77' lang='lat' dir='ltr'><strong>accepisse.</strong></span> <span class='ocrx_word' id='word_1_230' title='bbox 400 1539 582 1574; x_wconf 81' lang='lat' dir='ltr'><strong>Hieronymus</strong></span> <span class='ocrx_word' id='word_1_231' title='bbox 611 1543 701 1566; x_wconf 84' lang='lat' dir='ltr'><strong>tamen</strong></span> <span class='ocrx_word' id='word_1_232' title='bbox 717 1543 744 1566; x_wconf 88' lang='lat' dir='ltr'><strong>et</strong></span> <span class='ocrx_word' id='word_1_233' title='bbox 766 1539 810 1566; x_wconf 88' lang='lat' dir='ltr'><strong>alii</strong></span> <span class='ocrx_word' id='word_1_234' title='bbox 827 1540 906 1567; x_wconf 79' lang='lat' dir='ltr'><strong>aliter</strong></span> <span class='ocrx_word' id='word_1_235' title='bbox 919 1539 1005 1575; x_wconf 71' lang='lat' dir='ltr'><strong>expli~</strong></span> <span class='ocrx_word' id='word_1_236' title='bbox 1019 1528 1040 1557; x_wconf 63' lang='grc' dir='ltr'><em>ε·</em></span> 
     </span>
    </p>
   </div>
   <div class='ocr_carea' id='block_1_34' title="bbox 222 1584 1007 1621">
    <p class='ocr_par' dir='ltr' id='par_1_34' title="bbox 222 1584 1007 1621">
     <span class='ocr_line' id='line_1_34' title="bbox 222 1584 1007 1621; baseline 0.001 -9"><span class='ocrx_word' id='word_1_237' title='bbox 222 1589 294 1618; x_wconf 86' lang='lat' dir='ltr'><strong>cant,</strong></span> <span class='ocrx_word' id='word_1_238' title='bbox 316 1584 374 1612; x_wconf 88' lang='lat' dir='ltr'><strong>Nod</strong></span> <span class='ocrx_word' id='word_1_239' title='bbox 395 1593 449 1612; x_wconf 90' lang='lat' dir='ltr'><strong>non</strong></span> <span class='ocrx_word' id='word_1_240' title='bbox 463 1593 523 1612; x_wconf 82' lang='lat' dir='ltr'><strong>esse</strong></span> <span class='ocrx_word' id='word_1_241' title='bbox 543 1593 641 1612; x_wconf 87' lang='lat' dir='ltr'><strong>nomen</strong></span> <span class='ocrx_word' id='word_1_242' title='bbox 657 1585 796 1620; x_wconf 89' lang='lat' dir='ltr'><strong>proprium</strong></span> <span class='ocrx_word' id='word_1_243' title='bbox 817 1586 878 1617; x_wconf 82' lang='lat' dir='ltr'><strong>loci,</strong></span> <span class='ocrx_word' id='word_1_244' title='bbox 897 1586 945 1613; x_wconf 88' lang='lat' dir='ltr'><strong>sed</strong></span> <span class='ocrx_word' id='word_1_245' title='bbox 959 1594 1007 1621; x_wconf 85' lang='lat' dir='ltr'><strong>ap-</strong></span> 
     </span>
    </p>
   </div>
   <div class='ocr_carea' id='block_1_35' title="bbox 223 1631 1006 1667">
    <p class='ocr_par' dir='ltr' id='par_1_35' title="bbox 223 1631 1006 1667">
     <span class='ocr_line' id='line_1_35' title="bbox 223 1631 1006 1667; baseline 0.004 -10"><span class='ocrx_word' id='word_1_246' title='bbox 223 1632 378 1666; x_wconf 86' lang='lat' dir='ltr'><strong>pellativum</strong></span> <span class='ocrx_word' id='word_1_247' title='bbox 392 1631 488 1659; x_wconf 89' lang='lat' dir='ltr'><strong>Latine</strong></span> <span class='ocrx_word' id='word_1_248' title='bbox 503 1631 788 1667; x_wconf 78' lang='lat' dir='ltr'><strong>signiﬁcans,vagum.</strong></span> <span class='ocrx_word' id='word_1_249' title='bbox 800 1631 947 1664; x_wconf 83' lang='lat' dir='ltr'><strong>ﬂuctuans,</strong></span> <span class='ocrx_word' id='word_1_250' title='bbox 963 1633 1006 1660; x_wconf 84' lang='lat' dir='ltr'><strong>iu-</strong></span> 
     </span>
    </p>
   </div>
   <div class='ocr_carea' id='block_1_36' title="bbox 223 1677 606 1709">
    <p class='ocr_par' dir='ltr' id='par_1_36' title="bbox 223 1677 606 1709">
     <span class='ocr_line' id='line_1_36' title="bbox 223 1677 606 1709; baseline 0.003 -6"><span class='ocrx_word' id='word_1_251' title='bbox 223 1677 331 1709; x_wconf 78' lang='lat' dir='ltr'><strong>stabile,</strong></span> <span class='ocrx_word' id='word_1_252' title='bbox 348 1684 380 1704; x_wconf 85' lang='lat' dir='ltr'><strong>ac</strong></span> <span class='ocrx_word' id='word_1_253' title='bbox 395 1677 467 1704; x_wconf 87' lang='lat' dir='ltr'><strong>sedis</strong></span> <span class='ocrx_word' id='word_1_254' title='bbox 487 1677 606 1704; x_wconf 75' lang='lat' dir='ltr'><strong>incertze.</strong></span> 
     </span>
    </p>
   </div>
   <div class='ocr_carea' id='block_1_37' title="bbox 258 1722 1006 1759">
    <p class='ocr_par' dir='ltr' id='par_1_37' title="bbox 258 1722 1006 1759">
     <span class='ocr_line' id='line_1_37' title="bbox 258 1722 1006 1759; baseline 0.003 -10"><span class='ocrx_word' id='word_1_255' title='bbox 258 1722 336 1755; x_wconf 88' lang='lat' dir='ltr'><strong>lbid.,</strong></span> <span class='ocrx_word' id='word_1_256' title='bbox 358 1723 405 1749; x_wconf 89' lang='lat' dir='ltr'><strong>lin.</strong></span> <span class='ocrx_word' id='word_1_257' title='bbox 429 1723 474 1750; x_wconf 73' lang='grc'><strong>40.</strong></span> <span class='ocrx_word' id='word_1_258' title='bbox 501 1723 554 1750; x_wconf 76' lang='grc' dir='ltr'><strong>Καὶ</strong></span> <span class='ocrx_word' id='word_1_259' title='bbox 581 1722 684 1750; x_wconf 82' lang='grc' dir='ltr'>πᾶσαν</span> <span class='ocrx_word' id='word_1_260' title='bbox 706 1723 851 1757; x_wconf 68' lang='grc' dir='ltr'><strong>ἀῤῥητοπ.</strong></span> <span class='ocrx_word' id='word_1_261' title='bbox 871 1722 1006 1759; x_wconf 71' lang='lat' dir='ltr'><strong>Iosephus</strong></span> 
     </span>
    </p>
   </div>
   <div class='ocr_carea' id='block_1_38' title="bbox 223 1768 1007 1805">
    <p class='ocr_par' dir='ltr' id='par_1_38' title="bbox 223 1768 1007 1805">
     <span class='ocr_line' id='line_1_38' title="bbox 223 1768 1007 1805; baseline 0 -9"><span class='ocrx_word' id='word_1_262' title='bbox 223 1769 269 1796; x_wconf 88' lang='lat' dir='ltr'><strong>lib.</strong></span> <span class='ocrx_word' id='word_1_263' title='bbox 287 1777 294 1796; x_wconf 96' lang='lat' dir='ltr'><strong>l</strong></span> <span class='ocrx_word' id='word_1_264' title='bbox 317 1769 446 1803; x_wconf 79' lang='lat' dir='ltr'><strong>Antiquil.</strong></span> <span class='ocrx_word' id='word_1_265' title='bbox 462 1768 583 1800; x_wconf 57' lang='lat' dir='ltr'><strong>Iudaica,</strong></span> <span class='ocrx_word' id='word_1_266' title='bbox 602 1776 662 1804; x_wconf 90' lang='lat' dir='ltr'><strong>cap.</strong></span> <span class='ocrx_word' id='word_1_267' title='bbox 677 1769 694 1796; x_wconf 81' lang='grc'><strong>5</strong></span> <span class='ocrx_word' id='word_1_268' title='bbox 710 1778 716 1796; x_wconf 88' lang='lat'><strong>:</strong></span> <span class='ocrx_word' id='word_1_269' title='bbox 732 1769 788 1796; x_wconf 80' lang='grc' dir='ltr'><strong>Οὐκ</strong></span> <span class='ocrx_word' id='word_1_270' title='bbox 814 1769 860 1795; x_wconf 68' lang='grc' dir='ltr'><strong>ἐπὶ</strong></span> <span class='ocrx_word' id='word_1_271' title='bbox 883 1769 1007 1805; x_wconf 77' lang='grc' dir='ltr'><strong>νουθεσίᾳ</strong></span> 
     </span>
    </p>
   </div>
   <div class='ocr_carea' id='block_1_39' title="bbox 221 1815 1005 1851">
    <p class='ocr_par' dir='ltr' id='par_1_39' title="bbox 221 1815 1005 1851">
     <span class='ocr_line' id='line_1_39' title="bbox 221 1815 1005 1851; baseline 0.003 -10"><span class='ocrx_word' id='word_1_272' title='bbox 221 1815 250 1842; x_wconf 78' lang='grc' dir='ltr'><strong>δὲ</strong></span> <span class='ocrx_word' id='word_1_273' title='bbox 261 1816 310 1850; x_wconf 78' lang='grc' dir='ltr'>τὴν</span> <span class='ocrx_word' id='word_1_274' title='bbox 325 1815 434 1842; x_wconf 75' lang='grc' dir='ltr'><strong>κόλασιν</strong></span> <span class='ocrx_word' id='word_1_275' title='bbox 448 1815 551 1848; x_wconf 74' lang='grc' dir='ltr'>ἐλαϐεν,</span> <span class='ocrx_word' id='word_1_276' title='bbox 565 1815 621 1842; x_wconf 74' lang='grc' dir='ltr'>ἀλλ’</span> <span class='ocrx_word' id='word_1_277' title='bbox 645 1816 687 1841; x_wconf 71' lang='grc' dir='ltr'><strong>ἐπ’</strong></span> <span class='ocrx_word' id='word_1_278' title='bbox 702 1815 813 1851; x_wconf 80' lang='grc' dir='ltr'><strong>αὐξήσει</strong></span> <span class='ocrx_word' id='word_1_279' title='bbox 835 1815 885 1851; x_wconf 76' lang='grc' dir='ltr'>τῆς</span> <span class='ocrx_word' id='word_1_280' title='bbox 899 1816 1005 1849; x_wconf 82' lang='grc' dir='ltr'>κακίας,</span> 
     </span>
    </p>
   </div>
   <div class='ocr_carea' id='block_1_40' title="bbox 221 1860 1007 1897">
    <p class='ocr_par' dir='ltr' id='par_1_40' title="bbox 221 1860 1007 1897">
     <span class='ocr_line' id='line_1_40' title="bbox 221 1860 1007 1897; baseline 0.004 -10"><span class='ocrx_word' id='word_1_281' title='bbox 221 1861 318 1896; x_wconf 68' lang='grc' dir='ltr'><strong>ἡδονὴν</strong></span> <span class='ocrx_word' id='word_1_282' title='bbox 335 1861 382 1896; x_wconf 83' lang='grc' dir='ltr'><strong>μὲν</strong></span> <span class='ocrx_word' id='word_1_283' title='bbox 396 1862 486 1887; x_wconf 83' lang='grc' dir='ltr'>πᾶσαν</span> <span class='ocrx_word' id='word_1_284' title='bbox 501 1861 653 1897; x_wconf 74' lang='grc' dir='ltr'>ἐκπορίζων</span> <span class='ocrx_word' id='word_1_285' title='bbox 670 1860 751 1887; x_wconf 76' lang='grc' dir='ltr'>αὑτοῦ</span> <span class='ocrx_word' id='word_1_286' title='bbox 771 1861 809 1897; x_wconf 82' lang='grc' dir='ltr'>τῷ</span> <span class='ocrx_word' id='word_1_287' title='bbox 825 1862 939 1897; x_wconf 81' lang='grc' dir='ltr'>σώματι,</span> <span class='ocrx_word' id='word_1_288' title='bbox 955 1863 1007 1890; x_wconf 78' lang='grc' dir='ltr'>κᾶν</span> 
     </span>
    </p>
   </div>
   <div class='ocr_carea' id='block_1_41' title="bbox 223 1905 1006 1942">
    <p class='ocr_par' dir='ltr' id='par_1_41' title="bbox 223 1905 1006 1942">
     <span class='ocr_line' id='line_1_41' title="bbox 223 1905 1006 1942; baseline 0.003 -11"><span class='ocrx_word' id='word_1_289' title='bbox 223 1905 282 1940; x_wconf 78' lang='grc' dir='ltr'>μεθ’</span> <span class='ocrx_word' id='word_1_290' title='bbox 298 1905 401 1940; x_wconf 77' lang='grc' dir='ltr'>ὖὸρεως</span> <span class='ocrx_word' id='word_1_291' title='bbox 416 1905 468 1931; x_wconf 86' lang='grc' dir='ltr'>τῶν</span> <span class='ocrx_word' id='word_1_292' title='bbox 483 1906 614 1932; x_wconf 82' lang='grc' dir='ltr'>συνόντων</span> <span class='ocrx_word' id='word_1_293' title='bbox 630 1906 677 1942; x_wconf 78' lang='grc' dir='ltr'><strong>δὲῃ</strong></span> <span class='ocrx_word' id='word_1_294' title='bbox 701 1905 800 1940; x_wconf 84' lang='grc' dir='ltr'>ταύτην</span> <span class='ocrx_word' id='word_1_295' title='bbox 815 1906 900 1941; x_wconf 73' lang='grc' dir='ltr'>ἔχειν·</span> <span class='ocrx_word' id='word_1_296' title='bbox 917 1906 1006 1939; x_wconf 68' lang='grc' dir='ltr'><strong>αὔξων</strong></span> 
     </span>
    </p>
   </div>
   <div class='ocr_carea' id='block_1_42' title="bbox 221 1949 1006 1988">
    <p class='ocr_par' dir='ltr' id='par_1_42' title="bbox 221 1949 1006 1988">
     <span class='ocr_line' id='line_1_42' title="bbox 221 1949 1006 1988; baseline 0.004 -11"><span class='ocrx_word' id='word_1_297' title='bbox 221 1951 249 1977; x_wconf 62' lang='grc' dir='ltr'>δὲ</span> <span class='ocrx_word' id='word_1_298' title='bbox 266 1951 309 1977; x_wconf 75' lang='grc' dir='ltr'>τὸν</span> <span class='ocrx_word' id='word_1_299' title='bbox 323 1949 395 1977; x_wconf 87' lang='grc' dir='ltr'>οἷκον</span> <span class='ocrx_word' id='word_1_300' title='bbox 409 1951 505 1987; x_wconf 74' lang='grc' dir='ltr'>πλήθει</span> <span class='ocrx_word' id='word_1_301' title='bbox 528 1952 675 1987; x_wconf 71' lang='grc' dir='ltr'>χρημάτων</span> <span class='ocrx_word' id='word_1_302' title='bbox 695 1951 723 1984; x_wconf 77' lang='grc' dir='ltr'>ἐξ</span> <span class='ocrx_word' id='word_1_303' title='bbox 742 1953 868 1988; x_wconf 72' lang='grc' dir='ltr'>ἁρπαγῆς</span> <span class='ocrx_word' id='word_1_304' title='bbox 886 1954 931 1980; x_wconf 72' lang='grc' dir='ltr'><strong>καὶ</strong></span> <span class='ocrx_word' id='word_1_305' title='bbox 947 1954 1006 1988; x_wconf 72' lang='grc' dir='ltr'>βίας</span> 
     </span>
    </p>
   </div>
   <div class='ocr_carea' id='block_1_43' title="bbox 222 1997 1006 2034">
    <p class='ocr_par' dir='ltr' id='par_1_43' title="bbox 222 1997 1006 2034">
     <span class='ocr_line' id='line_1_43' title="bbox 222 1997 1006 2034; baseline 0.004 -12"><span class='ocrx_word' id='word_1_306' title='bbox 222 1997 290 2032; x_wconf 83' lang='grc' dir='ltr'>πρὸς</span> <span class='ocrx_word' id='word_1_307' title='bbox 301 1997 397 2032; x_wconf 82' lang='grc' dir='ltr'>ἡδονὴν</span> <span class='ocrx_word' id='word_1_308' title='bbox 413 1998 458 2024; x_wconf 73' lang='grc' dir='ltr'><strong>καὶ</strong></span> <span class='ocrx_word' id='word_1_309' title='bbox 471 1997 597 2034; x_wconf 83' lang='grc' dir='ltr'>λῃστείαν</span> <span class='ocrx_word' id='word_1_310' title='bbox 614 1998 675 2029; x_wconf 71' lang='grc' dir='ltr'>τοὺς</span> <span class='ocrx_word' id='word_1_311' title='bbox 690 1998 901 2033; x_wconf 81' lang='grc' dir='ltr'>ἐντυγχάνοντας</span> <span class='ocrx_word' id='word_1_312' title='bbox 917 2008 1006 2034; x_wconf 79' lang='grc' dir='ltr'>παρα-</span> 
     </span>
    </p>
   </div>
   <div class='ocr_carea' id='block_1_44' title="bbox 221 2043 1006 2080">
    <p class='ocr_par' dir='ltr' id='par_1_44' title="bbox 221 2043 1006 2080">
     <span class='ocr_line' id='line_1_44' title="bbox 221 2043 1006 2080; baseline 0.001 -11"><span class='ocrx_word' id='word_1_313' title='bbox 221 2043 483 2074; x_wconf 73' lang='grc' dir='ltr'>καλῶν,διδέισκαλος</span> <span class='ocrx_word' id='word_1_314' title='bbox 496 2043 585 2075; x_wconf 85' lang='grc' dir='ltr'>αὐτοῖς</span> <span class='ocrx_word' id='word_1_315' title='bbox 600 2043 724 2079; x_wconf 78' lang='grc' dir='ltr'>πονηρῶν</span> <span class='ocrx_word' id='word_1_316' title='bbox 738 2043 858 2080; x_wconf 77' lang='grc' dir='ltr'>ὑπῆρχεν</span> <span class='ocrx_word' id='word_1_317' title='bbox 869 2044 1006 2080; x_wconf 77' lang='grc' dir='ltr'>ἐπιτηδευ-</span> 
     </span>
    </p>
   </div>
   <div class='ocr_carea' id='block_1_45' title="bbox 224 2087 655 2123">
    <p class='ocr_par' dir='ltr' id='par_1_45' title="bbox 224 2087 655 2123">
     <span class='ocr_line' id='line_1_45' title="bbox 224 2087 655 2123; baseline 0.002 -10"><span class='ocrx_word' id='word_1_318' title='bbox 224 2087 325 2123; x_wconf 82' lang='grc' dir='ltr'>μάτων.</span> <span class='ocrx_word' id='word_1_319' title='bbox 340 2087 478 2115; x_wconf 79' lang='lat' dir='ltr'><strong>Manasses</strong></span> <span class='ocrx_word' id='word_1_320' title='bbox 495 2089 520 2114; x_wconf 93' lang='lat' dir='ltr'><strong>in</strong></span> <span class='ocrx_word' id='word_1_321' title='bbox 539 2087 655 2114; x_wconf 77' lang='lat' dir='ltr'><strong>Annal.:</strong></span> 
     </span>
    </p>
   </div>
   <div class='ocr_carea' id='block_1_46' title="bbox 221 2132 936 2169">
    <p class='ocr_par' dir='ltr' id='par_1_46' title="bbox 221 2132 936 2169">
     <span class='ocr_line' id='line_1_46' title="bbox 221 2132 936 2169; baseline 0.003 -10"><span class='ocrx_word' id='word_1_322' title='bbox 221 2132 276 2159; x_wconf 81' lang='grc' dir='ltr'><strong>Καὶ</strong></span> <span class='ocrx_word' id='word_1_323' title='bbox 291 2133 405 2166; x_wconf 74' lang='grc' dir='ltr'>πρῶτος</span> <span class='ocrx_word' id='word_1_324' title='bbox 421 2133 566 2169; x_wconf 62' lang='grc' dir='ltr'><strong>ἐπενόησε</strong></span> <span class='ocrx_word' id='word_1_325' title='bbox 582 2135 685 2167; x_wconf 76' lang='grc' dir='ltr'>πόλεις</span> <span class='ocrx_word' id='word_1_326' title='bbox 701 2135 936 2169; x_wconf 69' lang='grc' dir='ltr'>ὀχυροπύργους.</span> 
     </span>
    </p>
   </div>
   <div class='ocr_carea' id='block_1_47' title="bbox 220 2168 1003 2204">
    <p class='ocr_par' dir='ltr' id='par_1_47' title="bbox 220 2168 1003 2204">
     <span class='ocr_line' id='line_1_47' title="bbox 220 2168 1003 2204; baseline 0.003 -10"><span class='ocrx_word' id='word_1_327' title='bbox 220 2169 358 2204; x_wconf 77' lang='grc' dir='ltr'>Νηχύτου</span> <span class='ocrx_word' id='word_1_328' title='bbox 368 2168 528 2202; x_wconf 76' lang='grc' dir='ltr'><strong>γενομένου</strong></span> <span class='ocrx_word' id='word_1_329' title='bbox 536 2169 569 2194; x_wconf 80' lang='grc' dir='ltr'><strong>δὲ</strong></span> <span class='ocrx_word' id='word_1_330' title='bbox 582 2169 634 2195; x_wconf 80' lang='grc' dir='ltr'><strong>τοῦ</strong></span> <span class='ocrx_word' id='word_1_331' title='bbox 649 2170 753 2204; x_wconf 75' lang='grc' dir='ltr'>γένους</span> <span class='ocrx_word' id='word_1_332' title='bbox 768 2169 826 2196; x_wconf 87' lang='grc' dir='ltr'>τῶν</span> <span class='ocrx_word' id='word_1_333' title='bbox 834 2171 1003 2204; x_wconf 79' lang='grc' dir='ltr'>ἀνθρώπων,</span> 
     </span>
    </p>
   </div>
   <div class='ocr_carea' id='block_1_48' title="bbox 226 2203 870 2239">
    <p class='ocr_par' dir='ltr' id='par_1_48' title="bbox 226 2203 870 2239">
     <span class='ocr_line' id='line_1_48' title="bbox 226 2203 870 2239; baseline 0.005 -11"><span class='ocrx_word' id='word_1_334' title='bbox 226 2203 352 2239; x_wconf 63' lang='grc' dir='ltr'>ξοδίταις</span> <span class='ocrx_word' id='word_1_335' title='bbox 367 2203 527 2239; x_wconf 62' lang='grc' dir='ltr'>ἐπετίθετο,</span> <span class='ocrx_word' id='word_1_336' title='bbox 547 2205 702 2238; x_wconf 76' lang='grc' dir='ltr'><strong>λῃστείαις</strong></span> <span class='ocrx_word' id='word_1_337' title='bbox 716 2205 870 2239; x_wconf 75' lang='grc' dir='ltr'><strong>ἐπεχείρει,</strong></span> 
     </span>
    </p>
   </div>
   <div class='ocr_carea' id='block_1_49' title="bbox 226 2238 966 2274">
    <p class='ocr_par' dir='ltr' id='par_1_49' title="bbox 226 2238 966 2274">
     <span class='ocr_line' id='line_1_49' title="bbox 226 2238 966 2274; baseline 0.003 -10"><span class='ocrx_word' id='word_1_338' title='bbox 226 2238 400 2270; x_wconf 75' lang='grc' dir='ltr'>Ἑσκύλευε,</span> <span class='ocrx_word' id='word_1_339' title='bbox 416 2238 585 2272; x_wconf 55' lang='lat' dir='ltr'><strong>ﬂuuit/afer,</strong></span> <span class='ocrx_word' id='word_1_340' title='bbox 600 2239 720 2273; x_wconf 72' lang='grc' dir='ltr'>ἔκραινε</span> <span class='ocrx_word' id='word_1_341' title='bbox 735 2238 835 2274; x_wconf 74' lang='grc' dir='ltr'>χεῖρας</span> <span class='ocrx_word' id='word_1_342' title='bbox 852 2240 966 2274; x_wconf 61' lang='grc' dir='ltr'><strong>μόνοις.</strong></span> 
     </span>
    </p>
   </div>
   <div class='ocr_carea' id='block_1_50' title="bbox 218 2282 1003 2320">
    <p class='ocr_par' dir='ltr' id='par_1_50' title="bbox 218 2282 1003 2320">
     <span class='ocr_line' id='line_1_50' title="bbox 218 2282 1003 2320; baseline 0.001 -10"><span class='ocrx_word' id='word_1_343' title='bbox 218 2283 278 2310; x_wconf 85' lang='lat' dir='ltr'><strong>Non</strong></span> <span class='ocrx_word' id='word_1_344' title='bbox 294 2282 388 2316; x_wconf 92' lang='lat' dir='ltr'><strong>Caino,</strong></span> <span class='ocrx_word' id='word_1_345' title='bbox 419 2283 466 2311; x_wconf 89' lang='lat' dir='ltr'><strong>sed</strong></span> <span class='ocrx_word' id='word_1_346' title='bbox 487 2286 546 2318; x_wconf 82' lang='lat' dir='ltr'><strong>ejus</strong></span> <span class='ocrx_word' id='word_1_347' title='bbox 567 2284 630 2311; x_wconf 84' lang='lat' dir='ltr'><strong>ﬁliis</strong></span> <span class='ocrx_word' id='word_1_348' title='bbox 650 2290 676 2312; x_wconf 86' lang='lat' dir='ltr'><strong>et</strong></span> <span class='ocrx_word' id='word_1_349' title='bbox 698 2284 805 2313; x_wconf 77' lang='lat' dir='ltr'><strong>ﬁliabus</strong></span> <span class='ocrx_word' id='word_1_350' title='bbox 828 2284 1003 2320; x_wconf 82' lang='lat' dir='ltr'><strong>ﬂagitiosam,</strong></span> 
     </span>
    </p>
   </div>
   <div class='ocr_carea' id='block_1_51' title="bbox 219 2328 1004 2358">
    <p class='ocr_par' dir='ltr' id='par_1_51' title="bbox 219 2328 1004 2358">
     <span class='ocr_line' id='line_1_51' title="bbox 219 2328 1004 2358; baseline 0.004 -4"><span class='ocrx_word' id='word_1_351' title='bbox 219 2336 251 2355; x_wconf 90' lang='lat' dir='ltr'><strong>ac</strong></span> <span class='ocrx_word' id='word_1_352' title='bbox 269 2328 412 2356; x_wconf 81' lang='lat' dir='ltr'><strong>nefandam</strong></span> <span class='ocrx_word' id='word_1_353' title='bbox 431 2329 569 2357; x_wconf 88' lang='lat' dir='ltr'><strong>libidinem</strong></span> <span class='ocrx_word' id='word_1_354' title='bbox 588 2331 657 2357; x_wconf 87' lang='lat' dir='ltr'><strong>hanc</strong></span> <span class='ocrx_word' id='word_1_355' title='bbox 676 2329 829 2358; x_wconf 83' lang='lat' dir='ltr'><strong>Methodius</strong></span> <span class='ocrx_word' id='word_1_356' title='bbox 846 2329 1004 2357; x_wconf 85' lang='lat' dir='ltr'><strong>Patarensis</strong></span> 
     </span>
    </p>
   </div>
   <div class='ocr_carea' id='block_1_52' title="bbox 218 2373 1003 2412">
    <p class='ocr_par' dir='ltr' id='par_1_52' title="bbox 218 2373 1003 2412">
     <span class='ocr_line' id='line_1_52' title="bbox 218 2373 1003 2412; baseline 0.004 -13"><span class='ocrx_word' id='word_1_357' title='bbox 218 2373 322 2400; x_wconf 87' lang='lat' dir='ltr'><strong>tribuit.</strong></span> <span class='ocrx_word' id='word_1_358' title='bbox 340 2374 385 2410; x_wconf 84' lang='grc' dir='ltr'><strong>Τῷ</strong></span> <span class='ocrx_word' id='word_1_359' title='bbox 404 2375 432 2401; x_wconf 77' lang='grc' dir='ltr'><strong>δὲ</strong></span> <span class='ocrx_word' id='word_1_360' title='bbox 448 2375 665 2410; x_wconf 79' lang='grc' dir='ltr'>πεντακοσιοστῷ</span> <span class='ocrx_word' id='word_1_361' title='bbox 677 2376 765 2411; x_wconf 82' lang='grc' dir='ltr'>χρόνῳ</span> <span class='ocrx_word' id='word_1_362' title='bbox 781 2377 830 2411; x_wconf 78' lang='grc' dir='ltr'>τῆς</span> <span class='ocrx_word' id='word_1_363' title='bbox 846 2379 870 2402; x_wconf 82' lang='grc' dir='ltr'>α’</span> <span class='ocrx_word' id='word_1_364' title='bbox 886 2376 1003 2412; x_wconf 81' lang='grc' dir='ltr'><strong>χιλιάδος</strong></span> 
     </span>
    </p>
   </div>
   <div class='ocr_carea' id='block_1_53' title="bbox 217 2419 1003 2456">
    <p class='ocr_par' dir='ltr' id='par_1_53' title="bbox 217 2419 1003 2456">
     <span class='ocr_line' id='line_1_53' title="bbox 217 2419 1003 2456; baseline 0.004 -12"><span class='ocrx_word' id='word_1_365' title='bbox 217 2419 241 2444; x_wconf 81' lang='grc' dir='ltr'><strong>οἱ</strong></span> <span class='ocrx_word' id='word_1_366' title='bbox 269 2420 321 2446; x_wconf 69' lang='grc' dir='ltr'>υἱοὶ</span> <span class='ocrx_word' id='word_1_367' title='bbox 341 2419 388 2446; x_wconf 65' lang='grc' dir='ltr'>τοῦ</span> <span class='ocrx_word' id='word_1_368' title='bbox 415 2420 483 2446; x_wconf 83' lang='grc' dir='ltr'><strong>Κάῖν</strong></span> <span class='ocrx_word' id='word_1_369' title='bbox 505 2420 725 2456; x_wconf 77' lang='grc' dir='ltr'>κατεστρώννυσν</span> <span class='ocrx_word' id='word_1_370' title='bbox 741 2420 790 2452; x_wconf 73' lang='grc' dir='ltr'>τὰς</span> <span class='ocrx_word' id='word_1_371' title='bbox 806 2422 936 2454; x_wconf 77' lang='grc' dir='ltr'>γυναῖκας</span> <span class='ocrx_word' id='word_1_372' title='bbox 949 2421 1003 2448; x_wconf 83' lang='grc' dir='ltr'>τῶν</span> 
     </span>
    </p>
   </div>
   <div class='ocr_carea' id='block_1_54' title="bbox 217 2465 1004 2502">
    <p class='ocr_par' dir='ltr' id='par_1_54' title="bbox 217 2465 1004 2502">
     <span class='ocr_line' id='line_1_54' title="bbox 217 2465 1004 2502; baseline 0.001 -11"><span class='ocrx_word' id='word_1_373' title='bbox 217 2465 338 2500; x_wconf 74' lang='grc' dir='ltr'>ἀδελφῶν</span> <span class='ocrx_word' id='word_1_374' title='bbox 348 2465 446 2493; x_wconf 81' lang='grc' dir='ltr'>αὐτῶν.</span> <span class='ocrx_word' id='word_1_375' title='bbox 460 2466 542 2498; x_wconf 80' lang='grc' dir='ltr'>Γνοὺς</span> <span class='ocrx_word' id='word_1_376' title='bbox 549 2466 577 2493; x_wconf 82' lang='grc' dir='ltr'><strong>δὲ</strong></span> <span class='ocrx_word' id='word_1_377' title='bbox 588 2466 673 2501; x_wconf 79' lang='grc' dir='ltr'>ταῦτα</span> <span class='ocrx_word' id='word_1_378' title='bbox 683 2467 698 2492; x_wconf 84' lang='grc' dir='ltr'>ὁ</span> <span class='ocrx_word' id='word_1_379' title='bbox 711 2467 795 2502; x_wconf 73' lang='grc' dir='ltr'><strong>Ἀδὰμ</strong></span> <span class='ocrx_word' id='word_1_380' title='bbox 805 2466 926 2502; x_wconf 74' lang='grc' dir='ltr'>ἐλυπήθη</span> <span class='ocrx_word' id='word_1_381' title='bbox 939 2467 1004 2501; x_wconf 71' lang='grc' dir='ltr'>στρό-</span> 
     </span>
    </p>
   </div>
   <div class='ocr_carea' id='block_1_55' title="bbox 215 2510 1003 2549">
    <p class='ocr_par' dir='ltr' id='par_1_55' title="bbox 215 2510 1003 2549">
     <span class='ocr_line' id='line_1_55' title="bbox 215 2510 1003 2549; baseline 0.004 -11"><span class='ocrx_word' id='word_1_382' title='bbox 215 2510 275 2547; x_wconf 83' lang='grc' dir='ltr'>δρα.</span> <span class='ocrx_word' id='word_1_383' title='bbox 297 2513 341 2538; x_wconf 84' lang='grc' dir='ltr'><strong>Ἐν</strong></span> <span class='ocrx_word' id='word_1_384' title='bbox 362 2512 389 2539; x_wconf 78' lang='grc' dir='ltr'><strong>δὲ</strong></span> <span class='ocrx_word' id='word_1_385' title='bbox 409 2512 448 2547; x_wconf 83' lang='grc' dir='ltr'>τῷ</span> <span class='ocrx_word' id='word_1_386' title='bbox 467 2513 647 2547; x_wconf 76' lang='grc' dir='ltr'>ἑξακοσιοστῴ</span> <span class='ocrx_word' id='word_1_387' title='bbox 661 2513 715 2539; x_wconf 76' lang='grc' dir='ltr'>ἔτει</span> <span class='ocrx_word' id='word_1_388' title='bbox 731 2513 780 2548; x_wconf 84' lang='grc' dir='ltr'><strong>τῆς</strong></span> <span class='ocrx_word' id='word_1_389' title='bbox 793 2514 904 2549; x_wconf 85' lang='grc' dir='ltr'><strong>πρώτης</strong></span> <span class='ocrx_word' id='word_1_390' title='bbox 917 2514 1003 2549; x_wconf 85' lang='grc' dir='ltr'>χιλιά-</span> 
     </span>
    </p>
   </div>
   <div class='ocr_carea' id='block_1_56' title="bbox 215 2556 1003 2594">
    <p class='ocr_par' dir='ltr' id='par_1_56' title="bbox 215 2556 1003 2594">
     <span class='ocr_line' id='line_1_56' title="bbox 215 2556 1003 2594; baseline 0.004 -11"><span class='ocrx_word' id='word_1_391' title='bbox 215 2556 260 2588; x_wconf 79' lang='grc' dir='ltr'><strong>δος</strong></span> <span class='ocrx_word' id='word_1_392' title='bbox 271 2557 370 2593; x_wconf 77' lang='grc' dir='ltr'>οἴστρῳ</span> <span class='ocrx_word' id='word_1_393' title='bbox 386 2558 485 2594; x_wconf 74' lang='grc' dir='ltr'>ἔρωτος</span> <span class='ocrx_word' id='word_1_394' title='bbox 496 2559 622 2594; x_wconf 76' lang='grc' dir='ltr'>πορνείας</span> <span class='ocrx_word' id='word_1_395' title='bbox 635 2559 662 2585; x_wconf 90' lang='grc' dir='ltr'>αἱ</span> <span class='ocrx_word' id='word_1_396' title='bbox 675 2558 776 2585; x_wconf 83' lang='grc' dir='ltr'>τούτων</span> <span class='ocrx_word' id='word_1_397' title='bbox 788 2561 914 2593; x_wconf 85' lang='grc' dir='ltr'>γυναῖκες</span> <span class='ocrx_word' id='word_1_398' title='bbox 939 2568 1003 2587; x_wconf 80' lang='grc' dir='ltr'>κατ-</span> 
     </span>
    </p>
   </div>
   <div class='ocr_carea' id='block_1_57' title="bbox 215 2602 1001 2640">
    <p class='ocr_par' dir='ltr' id='par_1_57' title="bbox 215 2602 1001 2640">
     <span class='ocr_line' id='line_1_57' title="bbox 215 2602 1001 2640; baseline 0.003 -10"><span class='ocrx_word' id='word_1_399' title='bbox 215 2602 430 2638; x_wconf 57' lang='grc' dir='ltr'>εσχέθησανλώ</span> <span class='ocrx_word' id='word_1_400' title='bbox 445 2605 484 2636; x_wconf 85' lang='grc' dir='ltr'><strong>είς</strong></span> <span class='ocrx_word' id='word_1_401' title='bbox 500 2604 596 2639; x_wconf 86' lang='grc' dir='ltr'>μανίαν</span> <span class='ocrx_word' id='word_1_402' title='bbox 611 2604 778 2640; x_wconf 76' lang='grc' dir='ltr'>ἐτράπησαν,</span> <span class='ocrx_word' id='word_1_403' title='bbox 795 2606 841 2631; x_wconf 70' lang='grc' dir='ltr'>καὶ</span> <span class='ocrx_word' id='word_1_404' title='bbox 857 2607 912 2637; x_wconf 80' lang='grc' dir='ltr'>τοῖς</span> <span class='ocrx_word' id='word_1_405' title='bbox 929 2606 1001 2637; x_wconf 71' lang='grc' dir='ltr'>ἰδίοις</span> 
     </span>
    </p>
   </div>
   <div class='ocr_carea' id='block_1_58' title="bbox 215 2648 1001 2686">
    <p class='ocr_par' dir='ltr' id='par_1_58' title="bbox 215 2648 1001 2686">
     <span class='ocr_line' id='line_1_58' title="bbox 215 2648 1001 2686; baseline 0.005 -12"><span class='ocrx_word' id='word_1_406' title='bbox 215 2648 343 2684; x_wconf 78' lang='grc' dir='ltr'><strong>ἀνδράσιν</strong></span> <span class='ocrx_word' id='word_1_407' title='bbox 355 2649 401 2676; x_wconf 76' lang='grc' dir='ltr'><strong>ᾶτε</strong></span> <span class='ocrx_word' id='word_1_408' title='bbox 415 2649 536 2684; x_wconf 72' lang='grc' dir='ltr'>γυναιξὶν</span> <span class='ocrx_word' id='word_1_409' title='bbox 550 2650 708 2685; x_wconf 76' lang='grc' dir='ltr'>ἐκέχρηντο,</span> <span class='ocrx_word' id='word_1_410' title='bbox 720 2651 766 2676; x_wconf 83' lang='grc' dir='ltr'>καὶ</span> <span class='ocrx_word' id='word_1_411' title='bbox 777 2650 887 2685; x_wconf 80' lang='grc' dir='ltr'>γέγονεν</span> <span class='ocrx_word' id='word_1_412' title='bbox 895 2651 1001 2686; x_wconf 77' lang='grc' dir='ltr'>ἀληθῶς</span> 
     </span>
    </p>
   </div>
   <div class='ocr_carea' id='block_1_59' title="bbox 216 2694 999 2731">
    <p class='ocr_par' dir='ltr' id='par_1_59' title="bbox 216 2694 999 2731">
     <span class='ocr_line' id='line_1_59' title="bbox 216 2694 999 2731; baseline 0.005 -11"><span class='ocrx_word' id='word_1_413' title='bbox 216 2694 353 2729; x_wconf 74' lang='grc' dir='ltr'>προῦπτος</span> <span class='ocrx_word' id='word_1_414' title='bbox 381 2695 495 2730; x_wconf 72' lang='grc' dir='ltr'>αἰσχύνη</span> <span class='ocrx_word' id='word_1_415' title='bbox 521 2698 576 2727; x_wconf 83' lang='grc' dir='ltr'>τοῖς</span> <span class='ocrx_word' id='word_1_416' title='bbox 599 2695 691 2731; x_wconf 84' lang='grc' dir='ltr'>ὁρῶσι.</span> <span class='ocrx_word' id='word_1_417' title='bbox 708 2695 752 2731; x_wconf 81' lang='grc' dir='ltr'><strong>Τῷ</strong></span> <span class='ocrx_word' id='word_1_418' title='bbox 784 2696 810 2722; x_wconf 75' lang='grc' dir='ltr'><strong>δὲ</strong></span> <span class='ocrx_word' id='word_1_419' title='bbox 841 2697 999 2724; x_wconf 81' lang='grc' dir='ltr'>ὀκτακοσιο-</span> 
     </span>
    </p>
   </div>
   <div class='ocr_carea' id='block_1_60' title="bbox 217 2740 1000 2778">
    <p class='ocr_par' dir='ltr' id='par_1_60' title="bbox 217 2740 1000 2778">
     <span class='ocr_line' id='line_1_60' title="bbox 217 2740 1000 2778; baseline 0.005 -12"><span class='ocrx_word' id='word_1_420' title='bbox 217 2740 272 2774; x_wconf 81' lang='grc' dir='ltr'>στῴ</span> <span class='ocrx_word' id='word_1_421' title='bbox 293 2742 378 2776; x_wconf 73' lang='grc' dir='ltr'>χρόνῳ</span> <span class='ocrx_word' id='word_1_422' title='bbox 400 2741 450 2776; x_wconf 81' lang='grc' dir='ltr'>τῆς</span> <span class='ocrx_word' id='word_1_423' title='bbox 473 2742 553 2777; x_wconf 78' lang='grc' dir='ltr'><strong>ζωῆς</strong></span> <span class='ocrx_word' id='word_1_424' title='bbox 573 2743 619 2769; x_wconf 76' lang='grc' dir='ltr'>τοῦ</span> <span class='ocrx_word' id='word_1_425' title='bbox 651 2743 736 2778; x_wconf 73' lang='grc' dir='ltr'><strong>’Λδὰμ</strong></span> <span class='ocrx_word' id='word_1_426' title='bbox 762 2744 947 2770; x_wconf 79' lang='grc' dir='ltr'>κατεπλάτυνε</span> <span class='ocrx_word' id='word_1_427' title='bbox 970 2744 1000 2770; x_wconf 70' lang='grc' dir='ltr'>τὸ</span> 
     </span>
    </p>
   </div>
   <div class='ocr_carea' id='block_1_61' title="bbox 217 2786 1001 2823">
    <p class='ocr_par' dir='ltr' id='par_1_61' title="bbox 217 2786 1001 2823">
     <span class='ocr_line' id='line_1_61' title="bbox 217 2786 1001 2823; baseline 0.005 -13"><span class='ocrx_word' id='word_1_428' title='bbox 217 2787 294 2819; x_wconf 79' lang='grc' dir='ltr'>μῖσος</span> <span class='ocrx_word' id='word_1_429' title='bbox 309 2786 358 2820; x_wconf 74' lang='grc' dir='ltr'>τῆς</span> <span class='ocrx_word' id='word_1_430' title='bbox 374 2788 500 2822; x_wconf 75' lang='grc' dir='ltr'>πορνείας</span> <span class='ocrx_word' id='word_1_431' title='bbox 514 2789 542 2814; x_wconf 74' lang='grc' dir='ltr'><strong>ὲν</strong></span> <span class='ocrx_word' id='word_1_432' title='bbox 558 2789 590 2823; x_wconf 79' lang='grc' dir='ltr'>τῇ</span> <span class='ocrx_word' id='word_1_433' title='bbox 608 2790 641 2823; x_wconf 81' lang='grc' dir='ltr'><strong>γῇ</strong></span> <span class='ocrx_word' id='word_1_434' title='bbox 654 2789 705 2815; x_wconf 71' lang='grc' dir='ltr'>ὑπο</span> <span class='ocrx_word' id='word_1_435' title='bbox 718 2788 770 2815; x_wconf 81' lang='grc' dir='ltr'><strong>τῶν</strong></span> <span class='ocrx_word' id='word_1_436' title='bbox 784 2789 848 2816; x_wconf 83' lang='grc' dir='ltr'>υίῶν</span> <span class='ocrx_word' id='word_1_437' title='bbox 861 2788 905 2815; x_wconf 77' lang='grc' dir='ltr'>τοῦ</span> <span class='ocrx_word' id='word_1_438' title='bbox 924 2788 1001 2815; x_wconf 81' lang='grc' dir='ltr'>ἀδελ-</span> 
     </span>
    </p>
   </div>
   <div class='ocr_carea' id='block_1_62' title="bbox 217 2831 439 2861">
    <p class='ocr_par' dir='ltr' id='par_1_62' title="bbox 217 2831 439 2861">
     <span class='ocr_line' id='line_1_62' title="bbox 217 2831 439 2861; baseline 0.009 -5"><span class='ocrx_word' id='word_1_439' title='bbox 217 2831 344 2861; x_wconf 61' lang='grc' dir='ltr'>φοκτόνον</span> <span class='ocrx_word' id='word_1_440' title='bbox 361 2832 439 2858; x_wconf 74' lang='grc' dir='ltr'>Κάῖν.</span> 
     </span>
    </p>
   </div>
   <div class='ocr_carea' id='block_1_63' title="bbox 1055 218 1838 259">
    <p class='ocr_par' dir='ltr' id='par_1_63' title="bbox 1055 218 1838 259">
     <span class='ocr_line' id='line_1_63' title="bbox 1055 218 1838 259; baseline -0.003 -8"><span class='ocrx_word' id='word_1_441' title='bbox 1055 225 1152 251; x_wconf 78' lang='lat' dir='ltr'><strong>Annal.</strong></span> <span class='ocrx_word' id='word_1_442' title='bbox 1163 229 1226 251; x_wconf 89' lang='lat' dir='ltr'><strong>tom.</strong></span> <span class='ocrx_word' id='word_1_443' title='bbox 1237 223 1262 250; x_wconf 91' lang='lat' dir='ltr'><strong>l:</strong></span> <span class='ocrx_word' id='word_1_444' title='bbox 1276 222 1360 255; x_wconf 79' lang='grc' dir='ltr'>Οὗτος</span> <span class='ocrx_word' id='word_1_445' title='bbox 1374 224 1459 259; x_wconf 82' lang='grc' dir='ltr'>μέτρα</span> <span class='ocrx_word' id='word_1_446' title='bbox 1471 232 1500 250; x_wconf 83' lang='grc' dir='ltr'><strong>τε</strong></span> <span class='ocrx_word' id='word_1_447' title='bbox 1512 224 1559 250; x_wconf 75' lang='grc' dir='ltr'>καὶ</span> <span class='ocrx_word' id='word_1_448' title='bbox 1571 218 1838 258; x_wconf 50' lang='grc' dir='ltr'>στάθμια-ὲπενόησε,</span> 
     </span>
    </p>
   </div>
   <div class='ocr_carea' id='block_1_64' title="bbox 1054 268 1839 305">
    <p class='ocr_par' dir='ltr' id='par_1_64' title="bbox 1054 268 1839 305">
     <span class='ocr_line' id='line_1_64' title="bbox 1054 268 1839 305; baseline -0.003 -9"><span class='ocrx_word' id='word_1_449' title='bbox 1054 271 1101 297; x_wconf 72' lang='grc' dir='ltr'><strong>καὶ</strong></span> <span class='ocrx_word' id='word_1_450' title='bbox 1115 270 1220 305; x_wconf 83' lang='grc' dir='ltr'>πρῶτος</span> <span class='ocrx_word' id='word_1_451' title='bbox 1236 271 1315 305; x_wconf 79' lang='grc' dir='ltr'>ὅρους</span> <span class='ocrx_word' id='word_1_452' title='bbox 1336 269 1455 305; x_wconf 69' lang='grc' dir='ltr'>ἐπήξατο</span> <span class='ocrx_word' id='word_1_453' title='bbox 1469 269 1520 304; x_wconf 87' lang='grc' dir='ltr'>γῆς</span> <span class='ocrx_word' id='word_1_454' title='bbox 1537 269 1670 304; x_wconf 81' lang='grc' dir='ltr'><strong>πονηρίας</strong></span> <span class='ocrx_word' id='word_1_455' title='bbox 1683 268 1839 303; x_wconf 73' lang='grc' dir='ltr'><strong>καθηγητὴς</strong></span> 
     </span>
    </p>
   </div>
   <div class='ocr_carea' id='block_1_65' title="bbox 1054 314 1838 351">
    <p class='ocr_par' dir='ltr' id='par_1_65' title="bbox 1054 314 1838 351">
     <span class='ocr_line' id='line_1_65' title="bbox 1054 314 1838 351; baseline -0.003 -9"><span class='ocrx_word' id='word_1_456' title='bbox 1054 316 1262 351; x_wconf 74' lang='grc' dir='ltr'><strong>χρηματισθεὶς,</strong></span> <span class='ocrx_word' id='word_1_457' title='bbox 1277 316 1323 342; x_wconf 77' lang='grc' dir='ltr'>καὶ</span> <span class='ocrx_word' id='word_1_458' title='bbox 1347 316 1423 342; x_wconf 72' lang='grc' dir='ltr'>πόλιν</span> <span class='ocrx_word' id='word_1_459' title='bbox 1445 316 1485 347; x_wconf 81' lang='grc' dir='ltr'><strong>είς</strong></span> <span class='ocrx_word' id='word_1_460' title='bbox 1505 315 1590 350; x_wconf 70' lang='grc' dir='ltr'>ὄνομα</span> <span class='ocrx_word' id='word_1_461' title='bbox 1608 314 1656 341; x_wconf 77' lang='grc' dir='ltr'><strong>τοῦ</strong></span> <span class='ocrx_word' id='word_1_462' title='bbox 1668 314 1838 350; x_wconf 79' lang='grc' dir='ltr'><strong>πρωτοτόκου</strong></span> 
     </span>
    </p>
   </div>
   <div class='ocr_carea' id='block_1_66' title="bbox 1055 361 1840 398">
    <p class='ocr_par' dir='ltr' id='par_1_66' title="bbox 1055 361 1840 398">
     <span class='ocr_line' id='line_1_66' title="bbox 1055 361 1840 398; baseline -0.003 -9"><span class='ocrx_word' id='word_1_463' title='bbox 1055 363 1112 389; x_wconf 86' lang='grc' dir='ltr'>υἱοῦ</span> <span class='ocrx_word' id='word_1_464' title='bbox 1124 362 1205 389; x_wconf 77' lang='grc' dir='ltr'>αὑτοῦ</span> <span class='ocrx_word' id='word_1_465' title='bbox 1225 362 1306 394; x_wconf 85' lang='grc' dir='ltr'>Ἐνὼς</span> <span class='ocrx_word' id='word_1_466' title='bbox 1322 361 1652 398; x_wconf 68' lang='grc' dir='ltr'><strong>‹ξ›κοδόμησεν..ῐοεοριιυε</strong></span> <span class='ocrx_word' id='word_1_467' title='bbox 1668 361 1736 388; x_wconf 82' lang='lat' dir='ltr'><strong>item</strong></span> <span class='ocrx_word' id='word_1_468' title='bbox 1750 361 1840 387; x_wconf 82' lang='lat' dir='ltr'><strong>inven-</strong></span> 
     </span>
    </p>
   </div>
   <div class='ocr_carea' id='block_1_67' title="bbox 1055 406 1841 442">
    <p class='ocr_par' dir='ltr' id='par_1_67' title="bbox 1055 406 1841 442">
     <span class='ocr_line' id='line_1_67' title="bbox 1055 406 1841 442; baseline -0.003 -8"><span class='ocrx_word' id='word_1_469' title='bbox 1055 408 1155 435; x_wconf 83' lang='lat' dir='ltr'><strong>tionem</strong></span> <span class='ocrx_word' id='word_1_470' title='bbox 1185 408 1333 442; x_wconf 78' lang='lat' dir='ltr'><strong>ponderum</strong></span> <span class='ocrx_word' id='word_1_471' title='bbox 1359 413 1386 435; x_wconf 86' lang='lat' dir='ltr'><strong>et</strong></span> <span class='ocrx_word' id='word_1_472' title='bbox 1410 415 1598 435; x_wconf 86' lang='lat' dir='ltr'><strong>mensurarum</strong></span> <span class='ocrx_word' id='word_1_473' title='bbox 1622 410 1769 442; x_wconf 87' lang='lat' dir='ltr'><strong>acceptam</strong></span> <span class='ocrx_word' id='word_1_474' title='bbox 1793 406 1841 433; x_wconf 77' lang='lat' dir='ltr'><strong>fert</strong></span> 
     </span>
    </p>
   </div>
   <div class='ocr_carea' id='block_1_68' title="bbox 1055 452 1842 489">
    <p class='ocr_par' dir='ltr' id='par_1_68' title="bbox 1055 452 1842 489">
     <span class='ocr_line' id='line_1_68' title="bbox 1055 452 1842 489; baseline -0.004 -9"><span class='ocrx_word' id='word_1_475' title='bbox 1055 454 1102 481; x_wconf 90' lang='lat' dir='ltr'><strong>lib.</strong></span> <span class='ocrx_word' id='word_1_476' title='bbox 1117 461 1126 480; x_wconf 92' lang='grc' dir='ltr'>ι</span> <span class='ocrx_word' id='word_1_477' title='bbox 1143 454 1283 489; x_wconf 73' lang='grc' dir='ltr'><strong>Αηιίᾳιιίι..</strong></span> <span class='ocrx_word' id='word_1_478' title='bbox 1300 461 1360 488; x_wconf 87' lang='lat' dir='ltr'><strong>cap.</strong></span> <span class='ocrx_word' id='word_1_479' title='bbox 1372 454 1389 481; x_wconf 80' lang='lat'><strong>5</strong></span> <span class='ocrx_word' id='word_1_480' title='bbox 1424 454 1478 480; x_wconf 75' lang='grc' dir='ltr'><strong>Καὶ</strong></span> <span class='ocrx_word' id='word_1_481' title='bbox 1497 454 1545 489; x_wconf 84' lang='grc' dir='ltr'><strong>τὴν</strong></span> <span class='ocrx_word' id='word_1_482' title='bbox 1563 453 1783 488; x_wconf 78' lang='grc' dir='ltr'><strong>ἀπραγμοσύνην</strong></span> <span class='ocrx_word' id='word_1_483' title='bbox 1797 452 1842 487; x_wconf 77' lang='grc' dir='ltr'>μὲν</span> 
     </span>
    </p>
   </div>
   <div class='ocr_carea' id='block_1_69' title="bbox 1055 497 1842 536">
    <p class='ocr_par' dir='ltr' id='par_1_69' title="bbox 1055 497 1842 536">
     <span class='ocr_line' id='line_1_69' title="bbox 1055 497 1842 536; baseline -0.004 -10"><span class='ocrx_word' id='word_1_484' title='bbox 1055 497 1071 536; x_wconf 79' lang='grc' dir='ltr'>ᾖ</span> <span class='ocrx_word' id='word_1_485' title='bbox 1086 500 1216 536; x_wconf 81' lang='grc' dir='ltr'>πρότερον</span> <span class='ocrx_word' id='word_1_486' title='bbox 1233 499 1349 531; x_wconf 77' lang='grc' dir='ltr'>συνέζων</span> <span class='ocrx_word' id='word_1_487' title='bbox 1363 500 1388 526; x_wconf 81' lang='lat' dir='ltr'><strong>ot</strong></span> <span class='ocrx_word' id='word_1_488' title='bbox 1399 499 1535 534; x_wconf 82' lang='grc' dir='ltr'>ἄνθρωποι</span> <span class='ocrx_word' id='word_1_489' title='bbox 1551 499 1658 533; x_wconf 83' lang='grc' dir='ltr'>μέτρων</span> <span class='ocrx_word' id='word_1_490' title='bbox 1675 499 1788 533; x_wconf 67' lang='grc' dir='ltr'>ἐπινοίᾳ</span> <span class='ocrx_word' id='word_1_491' title='bbox 1799 499 1842 524; x_wconf 69' lang='grc' dir='ltr'>καὶ</span> 
     </span>
    </p>
   </div>
   <div class='ocr_carea' id='block_1_70' title="bbox 1056 543 1842 580">
    <p class='ocr_par' dir='ltr' id='par_1_70' title="bbox 1056 543 1842 580">
     <span class='ocr_line' id='line_1_70' title="bbox 1056 543 1842 580; baseline -0.001 -10"><span class='ocrx_word' id='word_1_492' title='bbox 1056 544 1181 579; x_wconf 77' lang='grc' dir='ltr'>σταθμῶν</span> <span class='ocrx_word' id='word_1_493' title='bbox 1197 545 1388 580; x_wconf 78' lang='grc' dir='ltr'>μετεστήσατο,</span> <span class='ocrx_word' id='word_1_494' title='bbox 1402 544 1530 579; x_wconf 81' lang='grc' dir='ltr'>ἀκέραιον</span> <span class='ocrx_word' id='word_1_495' title='bbox 1544 544 1636 575; x_wconf 83' lang='grc' dir='ltr'>αὐτοῖς</span> <span class='ocrx_word' id='word_1_496' title='bbox 1653 544 1720 570; x_wconf 71' lang='grc' dir='ltr'>ὄντα</span> <span class='ocrx_word' id='word_1_497' title='bbox 1729 543 1777 570; x_wconf 74' lang='grc' dir='ltr'>τὸν</span> <span class='ocrx_word' id='word_1_498' title='bbox 1792 543 1842 578; x_wconf 78' lang='grc' dir='ltr'>βίον</span> 
     </span>
    </p>
   </div>
   <div class='ocr_carea' id='block_1_71' title="bbox 1054 590 1841 626">
    <p class='ocr_par' dir='ltr' id='par_1_71' title="bbox 1054 590 1841 626">
     <span class='ocr_line' id='line_1_71' title="bbox 1054 590 1841 626; baseline -0.003 -9"><span class='ocrx_word' id='word_1_499' title='bbox 1054 592 1087 617; x_wconf 74' lang='grc' dir='ltr'>ὲκ</span> <span class='ocrx_word' id='word_1_500' title='bbox 1113 591 1162 626; x_wconf 83' lang='grc' dir='ltr'>τῆς</span> <span class='ocrx_word' id='word_1_501' title='bbox 1177 591 1278 617; x_wconf 77' lang='grc' dir='ltr'>τούτων</span> <span class='ocrx_word' id='word_1_502' title='bbox 1301 590 1428 625; x_wconf 78' lang='grc' dir='ltr'>ἀμαθίας,</span> <span class='ocrx_word' id='word_1_503' title='bbox 1445 590 1491 617; x_wconf 79' lang='grc' dir='ltr'>καὶ</span> <span class='ocrx_word' id='word_1_504' title='bbox 1513 590 1702 626; x_wconf 52' lang='grc' dir='ltr'>μεγαλωυχον</span> <span class='ocrx_word' id='word_1_505' title='bbox 1719 590 1762 620; x_wconf 80' lang='grc' dir='ltr'><strong>είς</strong></span> <span class='ocrx_word' id='word_1_506' title='bbox 1778 598 1841 615; x_wconf 79' lang='grc' dir='ltr'>παν-</span> 
     </span>
    </p>
   </div>
   <div class='ocr_carea' id='block_1_72' title="bbox 1054 635 1842 673">
    <p class='ocr_par' dir='ltr' id='par_1_72' title="bbox 1054 635 1842 673">
     <span class='ocr_line' id='line_1_72' title="bbox 1054 635 1842 673; baseline -0.003 -9"><span class='ocrx_word' id='word_1_507' title='bbox 1054 637 1165 673; x_wconf 80' lang='grc' dir='ltr'>ουργίας</span> <span class='ocrx_word' id='word_1_508' title='bbox 1188 636 1308 671; x_wconf 87' lang='grc' dir='ltr'>ἀγαγών.</span> <span class='ocrx_word' id='word_1_509' title='bbox 1335 636 1492 671; x_wconf 84' lang='lat' dir='ltr'><strong>Eutropius,</strong></span> <span class='ocrx_word' id='word_1_510' title='bbox 1523 636 1572 663; x_wconf 88' lang='lat' dir='ltr'><strong>lib.</strong></span> <span class='ocrx_word' id='word_1_511' title='bbox 1590 644 1610 667; x_wconf 88' lang='grc' dir='ltr'>ι,</span> <span class='ocrx_word' id='word_1_512' title='bbox 1629 635 1710 662; x_wconf 84' lang='lat' dir='ltr'><strong>initio</strong></span> <span class='ocrx_word' id='word_1_513' title='bbox 1726 635 1842 670; x_wconf 60' lang='lat' dir='ltr'><strong>(haesitat</strong></span> 
     </span>
    </p>
   </div>
   <div class='ocr_carea' id='block_1_73' title="bbox 1055 679 1842 716">
    <p class='ocr_par' dir='ltr' id='par_1_73' title="bbox 1055 679 1842 716">
     <span class='ocr_line' id='line_1_73' title="bbox 1055 679 1842 716; baseline -0.004 -7"><span class='ocrx_word' id='word_1_514' title='bbox 1055 686 1145 709; x_wconf 89' lang='lat' dir='ltr'><strong>tamen</strong></span> <span class='ocrx_word' id='word_1_515' title='bbox 1170 681 1383 716; x_wconf 87' lang='lat' dir='ltr'><strong>Christophorus</strong></span> <span class='ocrx_word' id='word_1_516' title='bbox 1410 680 1566 708; x_wconf 79' lang='lat' dir='ltr'><strong>Roﬁniacus</strong></span> <span class='ocrx_word' id='word_1_517' title='bbox 1592 681 1619 708; x_wconf 93' lang='lat' dir='ltr'><strong>in</strong></span> <span class='ocrx_word' id='word_1_518' title='bbox 1645 679 1759 707; x_wconf 85' lang='lat' dir='ltr'><strong>Comm.</strong></span> <span class='ocrx_word' id='word_1_519' title='bbox 1780 679 1842 706; x_wconf 89' lang='lat' dir='ltr'><strong>hist.</strong></span> 
     </span>
    </p>
   </div>
   <div class='ocr_carea' id='block_1_74' title="bbox 1055 724 1841 761">
    <p class='ocr_par' dir='ltr' id='par_1_74' title="bbox 1055 724 1841 761">
     <span class='ocr_line' id='line_1_74' title="bbox 1055 724 1841 761; baseline -0.005 -7"><span class='ocrx_word' id='word_1_520' title='bbox 1055 735 1120 754; x_wconf 92' lang='lat' dir='ltr'><strong>num</strong></span> <span class='ocrx_word' id='word_1_521' title='bbox 1142 734 1204 754; x_wconf 86' lang='lat' dir='ltr'><strong>vera</strong></span> <span class='ocrx_word' id='word_1_522' title='bbox 1226 730 1291 754; x_wconf 87' lang='lat' dir='ltr'><strong>sunt</strong></span> <span class='ocrx_word' id='word_1_523' title='bbox 1304 734 1364 761; x_wconf 70' lang='lat' dir='ltr'><strong>qua:</strong></span> <span class='ocrx_word' id='word_1_524' title='bbox 1381 726 1419 755; x_wconf 82' lang='lat' dir='ltr'><strong>de.</strong></span> <span class='ocrx_word' id='word_1_525' title='bbox 1429 726 1531 754; x_wconf 78' lang='lat' dir='ltr'><strong>exteris</strong></span> <span class='ocrx_word' id='word_1_526' title='bbox 1549 726 1631 753; x_wconf 82' lang='lat' dir='ltr'><strong>rebus</strong></span> <span class='ocrx_word' id='word_1_527' title='bbox 1647 724 1770 752; x_wconf 89' lang='lat' dir='ltr'><strong>admista</strong></span> <span class='ocrx_word' id='word_1_528' title='bbox 1783 730 1841 752; x_wconf 83' lang='lat' dir='ltr'><strong>sunt</strong></span> 
     </span>
    </p>
   </div>
   <div class='ocr_carea' id='block_1_75' title="bbox 1056 769 1842 806">
    <p class='ocr_par' dir='ltr' id='par_1_75' title="bbox 1056 769 1842 806">
     <span class='ocr_line' id='line_1_75' title="bbox 1056 769 1842 806; baseline -0.004 -8"><span class='ocrx_word' id='word_1_529' title='bbox 1056 771 1207 806; x_wconf 85' lang='lat' dir='ltr'><strong>Eutropio:</strong></span> <span class='ocrx_word' id='word_1_530' title='bbox 1228 779 1292 798; x_wconf 92' lang='lat' dir='ltr'><strong>natn</strong></span> <span class='ocrx_word' id='word_1_531' title='bbox 1318 771 1343 798; x_wconf 89' lang='lat' dir='ltr'><strong>is</strong></span> <span class='ocrx_word' id='word_1_532' title='bbox 1369 771 1442 799; x_wconf 85' lang='lat' dir='ltr'><strong>solas</strong></span> <span class='ocrx_word' id='word_1_533' title='bbox 1472 769 1617 800; x_wconf 81' lang='lat' dir='ltr'><strong>Romanas.</strong></span> <span class='ocrx_word' id='word_1_534' title='bbox 1640 775 1671 798; x_wconf 93' lang='lat' dir='ltr'><strong>ut</strong></span> <span class='ocrx_word' id='word_1_535' title='bbox 1688 770 1842 798; x_wconf 86' lang='lat' dir='ltr'><strong>doctissimi</strong></span> 
     </span>
    </p>
   </div>
   <div class='ocr_carea' id='block_1_76' title="bbox 1056 816 1842 853">
    <p class='ocr_par' dir='ltr' id='par_1_76' title="bbox 1056 816 1842 853">
     <span class='ocr_line' id='line_1_76' title="bbox 1056 816 1842 853; baseline -0.004 -8"><span class='ocrx_word' id='word_1_536' title='bbox 1056 818 1204 853; x_wconf 88' lang='lat' dir='ltr'><strong>scriptores</strong></span> <span class='ocrx_word' id='word_1_537' title='bbox 1220 821 1366 850; x_wconf 81' lang='lat' dir='ltr'><strong>testantur,</strong></span> <span class='ocrx_word' id='word_1_538' title='bbox 1373 816 1536 851; x_wconf 81' lang='lat' dir='ltr'><strong>contexuit),</strong></span> <span class='ocrx_word' id='word_1_539' title='bbox 1549 824 1581 844; x_wconf 88' lang='lat' dir='ltr'><strong>eo</strong></span> <span class='ocrx_word' id='word_1_540' title='bbox 1597 820 1721 851; x_wconf 84' lang='lat' dir='ltr'><strong>tempore</strong></span> <span class='ocrx_word' id='word_1_541' title='bbox 1731 823 1842 843; x_wconf 85' lang='lat' dir='ltr'><strong>mensu-</strong></span> 
     </span>
    </p>
   </div>
   <div class='ocr_carea' id='block_1_77' title="bbox 1058 861 1843 898">
    <p class='ocr_par' dir='ltr' id='par_1_77' title="bbox 1058 861 1843 898">
     <span class='ocr_line' id='line_1_77' title="bbox 1058 861 1843 898; baseline -0.005 -7"><span class='ocrx_word' id='word_1_542' title='bbox 1058 872 1104 892; x_wconf 85' lang='lat' dir='ltr'><strong>ras</strong></span> <span class='ocrx_word' id='word_1_543' title='bbox 1127 867 1153 891; x_wconf 85' lang='lat' dir='ltr'><strong>et</strong></span> <span class='ocrx_word' id='word_1_544' title='bbox 1168 863 1288 898; x_wconf 83' lang='lat' dir='ltr'><strong>pondera</strong></span> <span class='ocrx_word' id='word_1_545' title='bbox 1314 863 1423 890; x_wconf 83' lang='lat' dir='ltr'><strong>inventa</strong></span> <span class='ocrx_word' id='word_1_546' title='bbox 1441 863 1533 894; x_wconf 85' lang='lat' dir='ltr'><strong>tradit,</strong></span> <span class='ocrx_word' id='word_1_547' title='bbox 1549 870 1604 896; x_wconf 88' lang='lat' dir='ltr'><strong>quo</strong></span> <span class='ocrx_word' id='word_1_548' title='bbox 1630 861 1704 896; x_wconf 91' lang='lat' dir='ltr'><strong>apud</strong></span> <span class='ocrx_word' id='word_1_549' title='bbox 1724 861 1843 887; x_wconf 73' lang='lat' dir='ltr'><strong>Albanos</strong></span> 
     </span>
    </p>
   </div>
   <div class='ocr_carea' id='block_1_78' title="bbox 1058 906 1842 944">
    <p class='ocr_par' dir='ltr' id='par_1_78' title="bbox 1058 906 1842 944">
     <span class='ocr_line' id='line_1_78' title="bbox 1058 906 1842 944; baseline -0.005 -7"><span class='ocrx_word' id='word_1_550' title='bbox 1058 910 1170 941; x_wconf 81' lang='lat' dir='ltr'><strong>Procas,</strong></span> <span class='ocrx_word' id='word_1_551' title='bbox 1188 909 1258 944; x_wconf 90' lang='lat' dir='ltr'><strong>apud</strong></span> <span class='ocrx_word' id='word_1_552' title='bbox 1274 908 1381 936; x_wconf 66' lang='lat' dir='ltr'><strong>Iudaeos</strong></span> <span class='ocrx_word' id='word_1_553' title='bbox 1392 908 1448 935; x_wconf 77' lang='lat' dir='ltr'><strong>Aza</strong></span> <span class='ocrx_word' id='word_1_554' title='bbox 1464 910 1624 943; x_wconf 72' lang='lat' dir='ltr'><strong>regnarunt.</strong></span> <span class='ocrx_word' id='word_1_555' title='bbox 1638 907 1692 934; x_wconf 83' lang='lat' dir='ltr'><strong>Alii</strong></span> <span class='ocrx_word' id='word_1_556' title='bbox 1707 906 1842 934; x_wconf 82' lang='lat' dir='ltr'><strong>Palamedi</strong></span> 
     </span>
    </p>
   </div>
   <div class='ocr_carea' id='block_1_79' title="bbox 1058 951 1843 988">
    <p class='ocr_par' dir='ltr' id='par_1_79' title="bbox 1058 951 1843 988">
     <span class='ocr_line' id='line_1_79' title="bbox 1058 951 1843 988; baseline -0.005 -6"><span class='ocrx_word' id='word_1_557' title='bbox 1058 954 1240 982; x_wconf 81' lang='lat' dir='ltr'><strong>inventionem</strong></span> <span class='ocrx_word' id='word_1_558' title='bbox 1269 954 1340 981; x_wconf 89' lang='lat' dir='ltr'><strong>hanc</strong></span> <span class='ocrx_word' id='word_1_559' title='bbox 1361 954 1558 988; x_wconf 81' lang='lat' dir='ltr'><strong>ascripserunt,</strong></span> <span class='ocrx_word' id='word_1_560' title='bbox 1575 961 1589 979; x_wconf 94' lang='lat' dir='ltr'><strong>a</strong></span> <span class='ocrx_word' id='word_1_561' title='bbox 1606 953 1709 988; x_wconf 87' lang='lat' dir='ltr'><strong>quibus</strong></span> <span class='ocrx_word' id='word_1_562' title='bbox 1720 959 1778 979; x_wconf 88' lang='lat' dir='ltr'><strong>non</strong></span> <span class='ocrx_word' id='word_1_563' title='bbox 1792 951 1843 978; x_wconf 85' lang='lat' dir='ltr'><strong>dis-</strong></span> 
     </span>
    </p>
   </div>
   <div class='ocr_carea' id='block_1_80' title="bbox 1058 999 1843 1035">
    <p class='ocr_par' dir='ltr' id='par_1_80' title="bbox 1058 999 1843 1035">
     <span class='ocr_line' id='line_1_80' title="bbox 1058 999 1843 1035; baseline -0.006 -7"><span class='ocrx_word' id='word_1_564' title='bbox 1058 1001 1140 1028; x_wconf 85' lang='lat' dir='ltr'><strong>sentit</strong></span> <span class='ocrx_word' id='word_1_565' title='bbox 1165 1000 1279 1035; x_wconf 77' lang='lat' dir='ltr'><strong>Gorgias</strong></span> <span class='ocrx_word' id='word_1_566' title='bbox 1306 999 1455 1027; x_wconf 79' lang='lat' dir='ltr'><strong>Leontinus</strong></span> <span class='ocrx_word' id='word_1_567' title='bbox 1479 999 1603 1027; x_wconf 85' lang='lat' dir='ltr'><strong>oratione</strong></span> <span class='ocrx_word' id='word_1_568' title='bbox 1634 999 1772 1034; x_wconf 84' lang='lat' dir='ltr'><strong>apologet.</strong></span> <span class='ocrx_word' id='word_1_569' title='bbox 1797 1006 1843 1033; x_wconf 84' lang='lat' dir='ltr'><strong>pro</strong></span> 
     </span>
    </p>
   </div>
   <div class='ocr_carea' id='block_1_81' title="bbox 1057 1042 1842 1080">
    <p class='ocr_par' dir='ltr' id='par_1_81' title="bbox 1057 1042 1842 1080">
     <span class='ocr_line' id='line_1_81' title="bbox 1057 1042 1842 1080; baseline -0.005 -7"><span class='ocrx_word' id='word_1_570' title='bbox 1057 1045 1201 1073; x_wconf 86' lang='lat' dir='ltr'><strong>Palamede</strong></span> <span class='ocrx_word' id='word_1_571' title='bbox 1217 1054 1223 1071; x_wconf 89' lang='lat'>:</span> <span class='ocrx_word' id='word_1_572' title='bbox 1243 1045 1290 1076; x_wconf 85' lang='grc' dir='ltr'><strong>Τίς</strong></span> <span class='ocrx_word' id='word_1_573' title='bbox 1305 1045 1359 1080; x_wconf 80' lang='grc' dir='ltr'><strong>γὰρ</strong></span> <span class='ocrx_word' id='word_1_574' title='bbox 1371 1045 1404 1072; x_wconf 81' lang='grc' dir='ltr'>ἂν</span> <span class='ocrx_word' id='word_1_575' title='bbox 1419 1044 1529 1079; x_wconf 73' lang='grc' dir='ltr'>ἐποίησε</span> <span class='ocrx_word' id='word_1_576' title='bbox 1538 1044 1582 1070; x_wconf 80' lang='grc' dir='ltr'>τὸν</span> <span class='ocrx_word' id='word_1_577' title='bbox 1602 1042 1774 1079; x_wconf 83' lang='grc' dir='ltr'>ἀνθρώπινον</span> <span class='ocrx_word' id='word_1_578' title='bbox 1791 1043 1842 1078; x_wconf 81' lang='grc' dir='ltr'>βίον</span> 
     </span>
    </p>
   </div>
   <div class='ocr_carea' id='block_1_82' title="bbox 1058 1088 1841 1125">
    <p class='ocr_par' dir='ltr' id='par_1_82' title="bbox 1058 1088 1841 1125">
     <span class='ocr_line' id='line_1_82' title="bbox 1058 1088 1841 1125; baseline -0.004 -9"><span class='ocrx_word' id='word_1_579' title='bbox 1058 1091 1173 1125; x_wconf 81' lang='grc' dir='ltr'>πόριμον</span> <span class='ocrx_word' id='word_1_580' title='bbox 1188 1090 1217 1123; x_wconf 76' lang='grc' dir='ltr'>ἐξ</span> <span class='ocrx_word' id='word_1_581' title='bbox 1233 1090 1346 1125; x_wconf 81' lang='grc' dir='ltr'>ἀπόρου,</span> <span class='ocrx_word' id='word_1_582' title='bbox 1367 1091 1414 1117; x_wconf 72' lang='grc' dir='ltr'><strong>καὶ</strong></span> <span class='ocrx_word' id='word_1_583' title='bbox 1441 1089 1646 1124; x_wconf 76' lang='grc' dir='ltr'>κεκοσμημένον</span> <span class='ocrx_word' id='word_1_584' title='bbox 1666 1088 1697 1121; x_wconf 73' lang='grc' dir='ltr'>ἐξ</span> <span class='ocrx_word' id='word_1_585' title='bbox 1713 1088 1841 1123; x_wconf 75' lang='grc' dir='ltr'>ἀκόσμου,</span> 
     </span>
    </p>
   </div>
   <div class='ocr_carea' id='block_1_83' title="bbox 1057 1131 1842 1170">
    <p class='ocr_par' dir='ltr' id='par_1_83' title="bbox 1057 1131 1842 1170">
     <span class='ocr_line' id='line_1_83' title="bbox 1057 1131 1842 1170; baseline -0.004 -8"><span class='ocrx_word' id='word_1_586' title='bbox 1057 1135 1147 1167; x_wconf 77' lang='grc' dir='ltr'>τάξεις</span> <span class='ocrx_word' id='word_1_587' title='bbox 1168 1144 1199 1161; x_wconf 88' lang='grc' dir='ltr'><strong>τε</strong></span> <span class='ocrx_word' id='word_1_588' title='bbox 1216 1135 1366 1170; x_wconf 84' lang='grc' dir='ltr'>πολεμικὰς</span> <span class='ocrx_word' id='word_1_589' title='bbox 1381 1131 1468 1170; x_wconf 83' lang='grc' dir='ltr'>εὑρὼν</span> <span class='ocrx_word' id='word_1_590' title='bbox 1485 1135 1612 1170; x_wconf 79' lang='grc' dir='ltr'>μέγιστον</span> <span class='ocrx_word' id='word_1_591' title='bbox 1629 1135 1670 1166; x_wconf 82' lang='grc' dir='ltr'>εἰς</span> <span class='ocrx_word' id='word_1_592' title='bbox 1683 1133 1842 1167; x_wconf 72' lang='grc' dir='ltr'>πλεονεκτή-</span> 
     </span>
    </p>
   </div>
   <div class='ocr_carea' id='block_1_84' title="bbox 1060 1180 1841 1218">
    <p class='ocr_par' dir='ltr' id='par_1_84' title="bbox 1060 1180 1841 1218">
     <span class='ocr_line' id='line_1_84' title="bbox 1060 1180 1841 1218; baseline -0.004 -10"><span class='ocrx_word' id='word_1_593' title='bbox 1060 1191 1144 1218; x_wconf 84' lang='grc' dir='ltr'>ματα,</span> <span class='ocrx_word' id='word_1_594' title='bbox 1161 1182 1260 1217; x_wconf 78' lang='grc' dir='ltr'>νόμους</span> <span class='ocrx_word' id='word_1_595' title='bbox 1275 1190 1305 1208; x_wconf 80' lang='grc' dir='ltr'><strong>τε</strong></span> <span class='ocrx_word' id='word_1_596' title='bbox 1319 1182 1469 1217; x_wconf 84' lang='grc' dir='ltr'>γραπτοὺς,</span> <span class='ocrx_word' id='word_1_597' title='bbox 1482 1181 1604 1216; x_wconf 70' lang='grc' dir='ltr'>φύλακάς</span> <span class='ocrx_word' id='word_1_598' title='bbox 1621 1189 1651 1206; x_wconf 86' lang='grc' dir='ltr'><strong>τε</strong></span> <span class='ocrx_word' id='word_1_599' title='bbox 1670 1180 1718 1207; x_wconf 79' lang='grc' dir='ltr'>τοῦ</span> <span class='ocrx_word' id='word_1_600' title='bbox 1729 1180 1841 1209; x_wconf 77' lang='grc' dir='ltr'>δικαίου,</span> 
     </span>
    </p>
   </div>
   <div class='ocr_carea' id='block_1_85' title="bbox 1057 1226 1841 1265">
    <p class='ocr_par' dir='ltr' id='par_1_85' title="bbox 1057 1226 1841 1265">
     <span class='ocr_line' id='line_1_85' title="bbox 1057 1226 1841 1265; baseline -0.005 -9"><span class='ocrx_word' id='word_1_601' title='bbox 1057 1228 1210 1265; x_wconf 75' lang='grc' dir='ltr'>γράμματά</span> <span class='ocrx_word' id='word_1_602' title='bbox 1221 1237 1250 1254; x_wconf 84' lang='grc' dir='ltr'><strong>τε</strong></span> <span class='ocrx_word' id='word_1_603' title='bbox 1265 1228 1373 1263; x_wconf 86' lang='grc' dir='ltr'>μνήμης</span> <span class='ocrx_word' id='word_1_604' title='bbox 1389 1227 1514 1263; x_wconf 74' lang='grc' dir='ltr'>ὄργανον,</span> <span class='ocrx_word' id='word_1_605' title='bbox 1525 1228 1611 1262; x_wconf 81' lang='grc' dir='ltr'>μέτρα</span> <span class='ocrx_word' id='word_1_606' title='bbox 1622 1235 1652 1253; x_wconf 84' lang='grc' dir='ltr'><strong>τε</strong></span> <span class='ocrx_word' id='word_1_607' title='bbox 1664 1226 1714 1254; x_wconf 80' lang='grc' dir='ltr'>καὶ</span> <span class='ocrx_word' id='word_1_608' title='bbox 1729 1226 1841 1260; x_wconf 71' lang='grc' dir='ltr'>σταθμὰ,</span> 
     </span>
    </p>
   </div>
   <div class='ocr_carea' id='block_1_86' title="bbox 1059 1273 1842 1310">
    <p class='ocr_par' dir='ltr' id='par_1_86' title="bbox 1059 1273 1842 1310">
     <span class='ocr_line' id='line_1_86' title="bbox 1059 1273 1842 1310; baseline -0.005 -8"><span class='ocrx_word' id='word_1_609' title='bbox 1059 1275 1230 1309; x_wconf 84' lang='grc' dir='ltr'>συναλλαγῶν</span> <span class='ocrx_word' id='word_1_610' title='bbox 1249 1274 1380 1310; x_wconf 77' lang='grc' dir='ltr'>εὐπόρους</span> <span class='ocrx_word' id='word_1_611' title='bbox 1394 1273 1548 1308; x_wconf 76' lang='grc' dir='ltr'>διαλλαγὰς,</span> <span class='ocrx_word' id='word_1_612' title='bbox 1561 1273 1677 1309; x_wconf 76' lang='grc' dir='ltr'>ἀριθμόν</span> <span class='ocrx_word' id='word_1_613' title='bbox 1692 1281 1723 1299; x_wconf 87' lang='grc' dir='ltr'><strong>τε</strong></span> <span class='ocrx_word' id='word_1_614' title='bbox 1739 1273 1842 1308; x_wconf 84' lang='grc' dir='ltr'>χρημά-</span> 
     </span>
    </p>
   </div>
   <div class='ocr_carea' id='block_1_87' title="bbox 1057 1314 1841 1354">
    <p class='ocr_par' dir='ltr' id='par_1_87' title="bbox 1057 1314 1841 1354">
     <span class='ocr_line' id='line_1_87' title="bbox 1057 1314 1841 1354; baseline -0.005 -7"><span class='ocrx_word' id='word_1_615' title='bbox 1057 1329 1111 1347; x_wconf 87' lang='grc' dir='ltr'>των</span> <span class='ocrx_word' id='word_1_616' title='bbox 1128 1319 1248 1354; x_wconf 82' lang='grc' dir='ltr'>φύλακα,</span> <span class='ocrx_word' id='word_1_617' title='bbox 1266 1318 1386 1354; x_wconf 82' lang='grc' dir='ltr'>πυρσούς</span> <span class='ocrx_word' id='word_1_618' title='bbox 1407 1327 1436 1344; x_wconf 89' lang='grc' dir='ltr'><strong>τε</strong></span> <span class='ocrx_word' id='word_1_619' title='bbox 1450 1314 1621 1353; x_wconf 73' lang='grc' dir='ltr'>κρατίστους,</span> <span class='ocrx_word' id='word_1_620' title='bbox 1637 1318 1687 1344; x_wconf 74' lang='grc' dir='ltr'><strong>καὶ</strong></span> <span class='ocrx_word' id='word_1_621' title='bbox 1703 1318 1841 1352; x_wconf 78' lang='grc' dir='ltr'>ταχίστους</span> 
     </span>
    </p>
   </div>
   <div class='ocr_carea' id='block_1_88' title="bbox 1058 1363 1841 1400">
    <p class='ocr_par' dir='ltr' id='par_1_88' title="bbox 1058 1363 1841 1400">
     <span class='ocr_line' id='line_1_88' title="bbox 1058 1363 1841 1400; baseline -0.004 -8"><span class='ocrx_word' id='word_1_622' title='bbox 1058 1365 1199 1400; x_wconf 79' lang='grc' dir='ltr'>ἀγγέλους,</span> <span class='ocrx_word' id='word_1_623' title='bbox 1214 1364 1330 1396; x_wconf 77' lang='grc' dir='ltr'>πεσσούς</span> <span class='ocrx_word' id='word_1_624' title='bbox 1345 1373 1375 1390; x_wconf 83' lang='grc' dir='ltr'><strong>τε</strong></span> <span class='ocrx_word' id='word_1_625' title='bbox 1397 1364 1493 1399; x_wconf 83' lang='grc' dir='ltr'>σχολῆς</span> <span class='ocrx_word' id='word_1_626' title='bbox 1509 1363 1610 1390; x_wconf 76' lang='grc' dir='ltr'>ἄλυπον</span> <span class='ocrx_word' id='word_1_627' title='bbox 1638 1363 1800 1399; x_wconf 76' lang='grc' dir='ltr'><strong>διατριῦήν;</strong></span> <span class='ocrx_word' id='word_1_628' title='bbox 1814 1363 1841 1389; x_wconf 80' lang='lat' dir='ltr'><strong>Lt</strong></span> 
     </span>
    </p>
   </div>
   <div class='ocr_carea' id='block_1_89' title="bbox 1058 1409 1841 1439">
    <p class='ocr_par' dir='ltr' id='par_1_89' title="bbox 1058 1409 1841 1439">
     <span class='ocr_line' id='line_1_89' title="bbox 1058 1409 1841 1439; baseline -0.004 -1"><span class='ocrx_word' id='word_1_629' title='bbox 1058 1411 1212 1439; x_wconf 76' lang='lat' dir='ltr'><strong>Alcidamas</strong></span> <span class='ocrx_word' id='word_1_630' title='bbox 1238 1411 1389 1438; x_wconf 83' lang='lat' dir='ltr'><strong>acerrimus</strong></span> <span class='ocrx_word' id='word_1_631' title='bbox 1414 1409 1567 1438; x_wconf 84' lang='lat' dir='ltr'><strong>Palamedis</strong></span> <span class='ocrx_word' id='word_1_632' title='bbox 1591 1413 1740 1437; x_wconf 85' lang='lat' dir='ltr'><strong>accusator</strong></span> <span class='ocrx_word' id='word_1_633' title='bbox 1763 1410 1791 1436; x_wconf 93' lang='lat' dir='ltr'><strong>in</strong></span> <span class='ocrx_word' id='word_1_634' title='bbox 1813 1417 1841 1436; x_wconf 82' lang='lat' dir='ltr'><strong>ea</strong></span> 
     </span>
    </p>
   </div>
   <div class='ocr_carea' id='block_1_90' title="bbox 1057 1455 1842 1493">
    <p class='ocr_par' dir='ltr' id='par_1_90' title="bbox 1057 1455 1842 1493">
     <span class='ocr_line' id='line_1_90' title="bbox 1057 1455 1842 1493; baseline -0.005 -9"><span class='ocrx_word' id='word_1_635' title='bbox 1057 1465 1139 1493; x_wconf 86' lang='lat' dir='ltr'><strong>quam</strong></span> <span class='ocrx_word' id='word_1_636' title='bbox 1157 1460 1253 1484; x_wconf 90' lang='lat' dir='ltr'><strong>contra</strong></span> <span class='ocrx_word' id='word_1_637' title='bbox 1273 1455 1443 1484; x_wconf 81' lang='lat' dir='ltr'><strong>Palamedem</strong></span> <span class='ocrx_word' id='word_1_638' title='bbox 1465 1455 1631 1490; x_wconf 85' lang='lat' dir='ltr'><strong>conscripsit</strong></span> <span class='ocrx_word' id='word_1_639' title='bbox 1646 1455 1776 1482; x_wconf 78' lang='lat' dir='ltr'><strong>oratione</strong></span> <span class='ocrx_word' id='word_1_640' title='bbox 1794 1455 1842 1482; x_wconf 76' lang='lat' dir='ltr'><strong>etsi</strong></span> 
     </span>
    </p>
   </div>
   <div class='ocr_carea' id='block_1_91' title="bbox 1058 1500 1841 1536">
    <p class='ocr_par' dir='ltr' id='par_1_91' title="bbox 1058 1500 1841 1536">
     <span class='ocr_line' id='line_1_91' title="bbox 1058 1500 1841 1536; baseline -0.004 -7"><span class='ocrx_word' id='word_1_641' title='bbox 1058 1510 1149 1530; x_wconf 87' lang='lat' dir='ltr'><strong>rerum</strong></span> <span class='ocrx_word' id='word_1_642' title='bbox 1166 1502 1292 1533; x_wconf 89' lang='lat' dir='ltr'><strong>aliarum,</strong></span> <span class='ocrx_word' id='word_1_643' title='bbox 1306 1501 1334 1528; x_wconf 91' lang='lat' dir='ltr'><strong>in</strong></span> <span class='ocrx_word' id='word_1_644' title='bbox 1349 1501 1449 1536; x_wconf 87' lang='lat' dir='ltr'><strong>quibus</strong></span> <span class='ocrx_word' id='word_1_645' title='bbox 1465 1500 1653 1528; x_wconf 76' lang='lat' dir='ltr'><strong>inventoribus</strong></span> <span class='ocrx_word' id='word_1_646' title='bbox 1670 1500 1732 1527; x_wconf 86' lang='lat' dir='ltr'><strong>laus</strong></span> <span class='ocrx_word' id='word_1_647' title='bbox 1757 1500 1841 1534; x_wconf 72' lang='lat' dir='ltr'><strong>aliqua</strong></span> 
     </span>
    </p>
   </div>
   <div class='ocr_carea' id='block_1_92' title="bbox 1057 1545 1841 1584">
    <p class='ocr_par' dir='ltr' id='par_1_92' title="bbox 1057 1545 1841 1584">
     <span class='ocr_line' id='line_1_92' title="bbox 1057 1545 1841 1584; baseline -0.005 -8"><span class='ocrx_word' id='word_1_648' title='bbox 1057 1553 1108 1582; x_wconf 78' lang='lat' dir='ltr'><strong>est,</strong></span> <span class='ocrx_word' id='word_1_649' title='bbox 1132 1549 1184 1584; x_wconf 91' lang='lat' dir='ltr'><strong>ipsi</strong></span> <span class='ocrx_word' id='word_1_650' title='bbox 1206 1549 1330 1583; x_wconf 82' lang='lat' dir='ltr'><strong>deneget,</strong></span> <span class='ocrx_word' id='word_1_651' title='bbox 1353 1551 1380 1575; x_wconf 86' lang='lat' dir='ltr'><strong>et</strong></span> <span class='ocrx_word' id='word_1_652' title='bbox 1405 1547 1474 1574; x_wconf 87' lang='lat' dir='ltr'><strong>alios</strong></span> <span class='ocrx_word' id='word_1_653' title='bbox 1501 1545 1646 1574; x_wconf 88' lang='lat' dir='ltr'><strong>Palamede</strong></span> <span class='ocrx_word' id='word_1_654' title='bbox 1673 1547 1841 1581; x_wconf 77' lang='lat' dir='ltr'><strong>antiquiores</strong></span> 
     </span>
    </p>
   </div>
   <div class='ocr_carea' id='block_1_93' title="bbox 1057 1592 1842 1628">
    <p class='ocr_par' dir='ltr' id='par_1_93' title="bbox 1057 1592 1842 1628">
     <span class='ocr_line' id='line_1_93' title="bbox 1057 1592 1842 1628; baseline -0.005 -6"><span class='ocrx_word' id='word_1_655' title='bbox 1057 1598 1262 1627; x_wconf 88' lang='lat' dir='ltr'><strong>commemorat,</strong></span> <span class='ocrx_word' id='word_1_656' title='bbox 1292 1594 1391 1628; x_wconf 86' lang='lat' dir='ltr'><strong>quibus</strong></span> <span class='ocrx_word' id='word_1_657' title='bbox 1414 1593 1532 1620; x_wconf 88' lang='lat' dir='ltr'><strong>humana</strong></span> <span class='ocrx_word' id='word_1_658' title='bbox 1548 1597 1648 1619; x_wconf 87' lang='lat' dir='ltr'><strong>natura</strong></span> <span class='ocrx_word' id='word_1_659' title='bbox 1666 1592 1779 1619; x_wconf 84' lang='lat' dir='ltr'><strong>inventa</strong></span> <span class='ocrx_word' id='word_1_660' title='bbox 1801 1592 1842 1619; x_wconf 77' lang='lat' dir='ltr'><strong>illa</strong></span> 
     </span>
    </p>
   </div>
   <div class='ocr_carea' id='block_1_94' title="bbox 1057 1637 1842 1673">
    <p class='ocr_par' dir='ltr' id='par_1_94' title="bbox 1057 1637 1842 1673">
     <span class='ocr_line' id='line_1_94' title="bbox 1057 1637 1842 1673; baseline -0.005 -5"><span class='ocrx_word' id='word_1_661' title='bbox 1057 1641 1146 1673; x_wconf 87' lang='lat' dir='ltr'><strong>debet,</strong></span> <span class='ocrx_word' id='word_1_662' title='bbox 1163 1645 1254 1668; x_wconf 84' lang='lat' dir='ltr'><strong>tamen</strong></span> <span class='ocrx_word' id='word_1_663' title='bbox 1270 1640 1340 1667; x_wconf 87' lang='lat' dir='ltr'><strong>hanc</strong></span> <span class='ocrx_word' id='word_1_664' title='bbox 1358 1646 1549 1667; x_wconf 87' lang='lat' dir='ltr'><strong>mensurarum</strong></span> <span class='ocrx_word' id='word_1_665' title='bbox 1576 1644 1603 1666; x_wconf 88' lang='lat' dir='ltr'><strong>et</strong></span> <span class='ocrx_word' id='word_1_666' title='bbox 1626 1637 1782 1673; x_wconf 88' lang='lat' dir='ltr'><strong>ponderum</strong></span> <span class='ocrx_word' id='word_1_667' title='bbox 1806 1638 1842 1664; x_wconf 86' lang='lat' dir='ltr'><strong>iu-</strong></span> 
     </span>
    </p>
   </div>
   <div class='ocr_carea' id='block_1_95' title="bbox 1057 1684 1841 1721">
    <p class='ocr_par' dir='ltr' id='par_1_95' title="bbox 1057 1684 1841 1721">
     <span class='ocr_line' id='line_1_95' title="bbox 1057 1684 1841 1721; baseline -0.006 -7"><span class='ocrx_word' id='word_1_668' title='bbox 1057 1687 1210 1714; x_wconf 82' lang='lat' dir='ltr'><strong>ventionem</strong></span> <span class='ocrx_word' id='word_1_669' title='bbox 1237 1686 1374 1713; x_wconf 88' lang='lat' dir='ltr'><strong>Palamedi</strong></span> <span class='ocrx_word' id='word_1_670' title='bbox 1399 1693 1455 1713; x_wconf 90' lang='lat' dir='ltr'><strong>non</strong></span> <span class='ocrx_word' id='word_1_671' title='bbox 1474 1685 1590 1721; x_wconf 83' lang='lat' dir='ltr'><strong>denegat</strong></span> <span class='ocrx_word' id='word_1_672' title='bbox 1604 1694 1610 1712; x_wconf 94' lang='lat'>:</span> <span class='ocrx_word' id='word_1_673' title='bbox 1624 1684 1723 1720; x_wconf 86' lang='grc' dir='ltr'>Μέτρα</span> <span class='ocrx_word' id='word_1_674' title='bbox 1748 1684 1777 1710; x_wconf 81' lang='grc' dir='ltr'>δὲ</span> <span class='ocrx_word' id='word_1_675' title='bbox 1800 1684 1841 1710; x_wconf 71' lang='grc' dir='ltr'>καὶ</span> 
     </span>
    </p>
   </div>
   <div class='ocr_carea' id='block_1_96' title="bbox 1058 1732 1841 1770">
    <p class='ocr_par' dir='ltr' id='par_1_96' title="bbox 1058 1732 1841 1770">
     <span class='ocr_line' id='line_1_96' title="bbox 1058 1732 1841 1770; baseline -0.004 -9"><span class='ocrx_word' id='word_1_676' title='bbox 1058 1734 1165 1770; x_wconf 81' lang='grc' dir='ltr'>σταθμὰ</span> <span class='ocrx_word' id='word_1_677' title='bbox 1180 1734 1283 1769; x_wconf 72' lang='grc' dir='ltr'>ἐξεῦρε,</span> <span class='ocrx_word' id='word_1_678' title='bbox 1302 1734 1444 1769; x_wconf 83' lang='grc' dir='ltr'>καπήλοις,</span> <span class='ocrx_word' id='word_1_679' title='bbox 1459 1733 1506 1760; x_wconf 76' lang='grc' dir='ltr'><strong>καὶ</strong></span> <span class='ocrx_word' id='word_1_680' title='bbox 1530 1733 1670 1768; x_wconf 84' lang='grc' dir='ltr'>ἀγοραίοις</span> <span class='ocrx_word' id='word_1_681' title='bbox 1690 1732 1841 1768; x_wconf 80' lang='grc' dir='ltr'>ἀνθρώποις</span> 
     </span>
    </p>
   </div>
   <div class='ocr_carea' id='block_1_97' title="bbox 1057 1779 1841 1815">
    <p class='ocr_par' dir='ltr' id='par_1_97' title="bbox 1057 1779 1841 1815">
     <span class='ocr_line' id='line_1_97' title="bbox 1057 1779 1841 1815; baseline -0.003 -9"><span class='ocrx_word' id='word_1_682' title='bbox 1057 1780 1163 1812; x_wconf 80' lang='grc' dir='ltr'>ἀπάτας</span> <span class='ocrx_word' id='word_1_683' title='bbox 1192 1779 1240 1806; x_wconf 68' lang='grc' dir='ltr'>καὶ</span> <span class='ocrx_word' id='word_1_684' title='bbox 1262 1780 1413 1815; x_wconf 74' lang='grc' dir='ltr'>ἐπιορκίας,</span> <span class='ocrx_word' id='word_1_685' title='bbox 1427 1779 1540 1810; x_wconf 83' lang='grc' dir='ltr'>πεττούς</span> <span class='ocrx_word' id='word_1_686' title='bbox 1554 1787 1586 1812; x_wconf 81' lang='grc' dir='ltr'><strong>γε</strong></span> <span class='ocrx_word' id='word_1_687' title='bbox 1603 1779 1656 1814; x_wconf 79' lang='grc' dir='ltr'>μὴν</span> <span class='ocrx_word' id='word_1_688' title='bbox 1670 1781 1729 1810; x_wconf 88' lang='grc' dir='ltr'>τοῖς</span> <span class='ocrx_word' id='word_1_689' title='bbox 1751 1779 1841 1814; x_wconf 58' lang='lat' dir='ltr'><strong>omni;</strong></span> 
     </span>
    </p>
   </div>
   <div class='ocr_carea' id='block_1_98' title="bbox 1057 1823 1840 1861">
    <p class='ocr_par' dir='ltr' id='par_1_98' title="bbox 1057 1823 1840 1861">
     <span class='ocr_line' id='line_1_98' title="bbox 1057 1823 1840 1861; baseline -0.003 -9"><span class='ocrx_word' id='word_1_690' title='bbox 1057 1826 1110 1852; x_wconf 88' lang='grc' dir='ltr'><strong>τῶν</strong></span> <span class='ocrx_word' id='word_1_691' title='bbox 1135 1825 1237 1861; x_wconf 84' lang='grc' dir='ltr'>ἀνδρῶν</span> <span class='ocrx_word' id='word_1_692' title='bbox 1269 1825 1358 1861; x_wconf 76' lang='grc' dir='ltr'>ἔριδας</span> <span class='ocrx_word' id='word_1_693' title='bbox 1384 1825 1430 1852; x_wconf 73' lang='grc' dir='ltr'>καὶ</span> <span class='ocrx_word' id='word_1_694' title='bbox 1457 1825 1598 1861; x_wconf 75' lang='grc' dir='ltr'>λοιδορίας,</span> <span class='ocrx_word' id='word_1_695' title='bbox 1615 1825 1670 1851; x_wconf 79' lang='grc' dir='ltr'>Καὶ</span> <span class='ocrx_word' id='word_1_696' title='bbox 1694 1824 1796 1856; x_wconf 71' lang='grc' dir='ltr'>κύϐους</span> <span class='ocrx_word' id='word_1_697' title='bbox 1811 1823 1840 1850; x_wconf 66' lang='grc' dir='ltr'>αὖ</span> 
     </span>
    </p>
   </div>
   <div class='ocr_carea' id='block_1_99' title="bbox 1059 1869 1840 1906">
    <p class='ocr_par' dir='ltr' id='par_1_99' title="bbox 1059 1869 1840 1906">
     <span class='ocr_line' id='line_1_99' title="bbox 1059 1869 1840 1906; baseline -0.004 -9"><span class='ocrx_word' id='word_1_698' title='bbox 1059 1871 1184 1906; x_wconf 81' lang='grc' dir='ltr'>μέγιστον</span> <span class='ocrx_word' id='word_1_699' title='bbox 1207 1870 1289 1897; x_wconf 79' lang='grc' dir='ltr'>κακὸν</span> <span class='ocrx_word' id='word_1_700' title='bbox 1314 1871 1441 1904; x_wconf 76' lang='grc' dir='ltr'>ἐδίδαξεν,</span> <span class='ocrx_word' id='word_1_701' title='bbox 1456 1871 1512 1902; x_wconf 87' lang='grc' dir='ltr'>τοῖς</span> <span class='ocrx_word' id='word_1_702' title='bbox 1531 1870 1580 1904; x_wconf 79' lang='grc' dir='ltr'>μὲν</span> <span class='ocrx_word' id='word_1_703' title='bbox 1595 1869 1737 1905; x_wconf 79' lang='grc' dir='ltr'>ἡττηθεῖσι</span> <span class='ocrx_word' id='word_1_704' title='bbox 1757 1869 1840 1900; x_wconf 72' lang='grc' dir='ltr'>λύπας</span> 
     </span>
    </p>
   </div>
   <div class='ocr_carea' id='block_1_100' title="bbox 1057 1916 1839 1954">
    <p class='ocr_par' dir='ltr' id='par_1_100' title="bbox 1057 1916 1839 1954">
     <span class='ocr_line' id='line_1_100' title="bbox 1057 1916 1839 1954; baseline -0.005 -9"><span class='ocrx_word' id='word_1_705' title='bbox 1057 1919 1104 1945; x_wconf 74' lang='grc' dir='ltr'>καὶ</span> <span class='ocrx_word' id='word_1_706' title='bbox 1125 1917 1235 1954; x_wconf 80' lang='grc' dir='ltr'>ζημίας,</span> <span class='ocrx_word' id='word_1_707' title='bbox 1249 1918 1304 1948; x_wconf 86' lang='grc' dir='ltr'>τοῖς</span> <span class='ocrx_word' id='word_1_708' title='bbox 1317 1917 1344 1944; x_wconf 80' lang='grc' dir='ltr'><strong>δὲ</strong></span> <span class='ocrx_word' id='word_1_709' title='bbox 1360 1917 1456 1943; x_wconf 82' lang='grc' dir='ltr'>νικῶσι</span> <span class='ocrx_word' id='word_1_710' title='bbox 1480 1917 1654 1951; x_wconf 79' lang='grc' dir='ltr'>καταγέλωτα</span> <span class='ocrx_word' id='word_1_711' title='bbox 1670 1916 1720 1942; x_wconf 70' lang='grc' dir='ltr'>καὶ</span> <span class='ocrx_word' id='word_1_712' title='bbox 1733 1916 1839 1947; x_wconf 70' lang='grc' dir='ltr'>ὄνειδος.</span> 
     </span>
    </p>
   </div>
   <div class='ocr_carea' id='block_1_101' title="bbox 1058 1961 1840 1993">
    <p class='ocr_par' dir='ltr' id='par_1_101' title="bbox 1058 1961 1840 1993">
     <span class='ocr_line' id='line_1_101' title="bbox 1058 1961 1840 1993; baseline -0.004 -3"><span class='ocrx_word' id='word_1_713' title='bbox 1058 1964 1090 1991; x_wconf 84' lang='grc' dir='ltr'>Ει</span> <span class='ocrx_word' id='word_1_714' title='bbox 1114 1963 1216 1991; x_wconf 87' lang='lat' dir='ltr'><strong>Gellius</strong></span> <span class='ocrx_word' id='word_1_715' title='bbox 1237 1963 1370 1990; x_wconf 79' lang='lat' dir='ltr'><strong>referente</strong></span> <span class='ocrx_word' id='word_1_716' title='bbox 1395 1962 1482 1989; x_wconf 88' lang='lat' dir='ltr'><strong>Plinio</strong></span> <span class='ocrx_word' id='word_1_717' title='bbox 1511 1963 1528 1989; x_wconf 91' lang='grc' dir='ltr'><strong>Ι.</strong></span> <span class='ocrx_word' id='word_1_718' title='bbox 1548 1971 1595 1993; x_wconf 86' lang='lat' dir='ltr'><strong>vn,</strong></span> <span class='ocrx_word' id='word_1_719' title='bbox 1619 1970 1645 1989; x_wconf 90' lang='lat' dir='ltr'><strong>c.</strong></span> <span class='ocrx_word' id='word_1_720' title='bbox 1666 1962 1712 1992; x_wconf 74' lang='lat'><strong>56,</strong></span> <span class='ocrx_word' id='word_1_721' title='bbox 1730 1962 1759 1988; x_wconf 88' lang='lat' dir='ltr'><strong>id</strong></span> <span class='ocrx_word' id='word_1_722' title='bbox 1775 1961 1840 1989; x_wconf 78' lang='lat' dir='ltr'><strong>idem</strong></span> 
     </span>
    </p>
   </div>
   <div class='ocr_carea' id='block_1_102' title="bbox 1057 2008 1842 2044">
    <p class='ocr_par' dir='ltr' id='par_1_102' title="bbox 1057 2008 1842 2044">
     <span class='ocr_line' id='line_1_102' title="bbox 1057 2008 1842 2044; baseline -0.005 -7"><span class='ocrx_word' id='word_1_723' title='bbox 1057 2010 1173 2037; x_wconf 83' lang='lat' dir='ltr'><strong>Phidoni</strong></span> <span class='ocrx_word' id='word_1_724' title='bbox 1192 2010 1292 2044; x_wconf 80' lang='lat' dir='ltr'><strong>Argivo</strong></span> <span class='ocrx_word' id='word_1_725' title='bbox 1318 2009 1423 2039; x_wconf 80' lang='lat' dir='ltr'><strong>tribuit.</strong></span> <span class='ocrx_word' id='word_1_726' title='bbox 1439 2009 1482 2036; x_wconf 88' lang='lat' dir='ltr'><strong>cui</strong></span> <span class='ocrx_word' id='word_1_727' title='bbox 1501 2009 1643 2036; x_wconf 69' lang='lat' dir='ltr'><strong>sententia:</strong></span> <span class='ocrx_word' id='word_1_728' title='bbox 1659 2013 1687 2036; x_wconf 89' lang='lat' dir='ltr'><strong>et</strong></span> <span class='ocrx_word' id='word_1_729' title='bbox 1708 2008 1842 2036; x_wconf 77' lang='lat' dir='ltr'><strong>Eusebius</strong></span> 
     </span>
    </p>
   </div>
   <div class='ocr_carea' id='block_1_103' title="bbox 1058 2053 1840 2090">
    <p class='ocr_par' dir='ltr' id='par_1_103' title="bbox 1058 2053 1840 2090">
     <span class='ocr_line' id='line_1_103' title="bbox 1058 2053 1840 2090; baseline -0.006 -6"><span class='ocrx_word' id='word_1_730' title='bbox 1058 2057 1085 2084; x_wconf 91' lang='lat' dir='ltr'><strong>in</strong></span> <span class='ocrx_word' id='word_1_731' title='bbox 1101 2056 1277 2090; x_wconf 77' lang='lat' dir='ltr'><strong>Clironologia</strong></span> <span class='ocrx_word' id='word_1_732' title='bbox 1293 2055 1490 2089; x_wconf 85' lang='lat' dir='ltr'><strong>subscripsisse</strong></span> <span class='ocrx_word' id='word_1_733' title='bbox 1513 2054 1629 2082; x_wconf 87' lang='lat' dir='ltr'><strong>videtur.</strong></span> <span class='ocrx_word' id='word_1_734' title='bbox 1654 2053 1759 2082; x_wconf 86' lang='lat' dir='ltr'><strong>Strabo</strong></span> <span class='ocrx_word' id='word_1_735' title='bbox 1782 2055 1840 2081; x_wconf 85' lang='lat' dir='ltr'><strong>item</strong></span> 
     </span>
    </p>
   </div>
   <div class='ocr_carea' id='block_1_104' title="bbox 1058 2101 1842 2137">
    <p class='ocr_par' dir='ltr' id='par_1_104' title="bbox 1058 2101 1842 2137">
     <span class='ocr_line' id='line_1_104' title="bbox 1058 2101 1842 2137; baseline -0.005 -7"><span class='ocrx_word' id='word_1_736' title='bbox 1058 2103 1104 2130; x_wconf 90' lang='lat' dir='ltr'><strong>lib.</strong></span> <span class='ocrx_word' id='word_1_737' title='bbox 1117 2111 1163 2130; x_wconf 82' lang='lat' dir='ltr'><strong>vin</strong></span> <span class='ocrx_word' id='word_1_738' title='bbox 1186 2102 1267 2137; x_wconf 87' lang='lat' dir='ltr'><strong>hujus</strong></span> <span class='ocrx_word' id='word_1_739' title='bbox 1289 2101 1421 2133; x_wconf 83' lang='lat' dir='ltr'><strong>meminit.</strong></span> <span class='ocrx_word' id='word_1_740' title='bbox 1434 2105 1461 2128; x_wconf 86' lang='lat' dir='ltr'><strong>et</strong></span> <span class='ocrx_word' id='word_1_741' title='bbox 1478 2101 1550 2128; x_wconf 84' lang='lat' dir='ltr'><strong>illius</strong></span> <span class='ocrx_word' id='word_1_742' title='bbox 1571 2101 1741 2128; x_wconf 88' lang='lat' dir='ltr'><strong>inventionis</strong></span> <span class='ocrx_word' id='word_1_743' title='bbox 1761 2110 1769 2128; x_wconf 87' lang='lat'><strong>:</strong></span> <span class='ocrx_word' id='word_1_744' title='bbox 1792 2102 1842 2127; x_wconf 75' lang='grc' dir='ltr'><strong>Καὶ</strong></span> 
     </span>
    </p>
   </div>
   <div class='ocr_carea' id='block_1_105' title="bbox 1059 2147 1841 2184">
    <p class='ocr_par' dir='ltr' id='par_1_105' title="bbox 1059 2147 1841 2184">
     <span class='ocr_line' id='line_1_105' title="bbox 1059 2147 1841 2184; baseline -0.004 -8"><span class='ocrx_word' id='word_1_745' title='bbox 1059 2150 1145 2184; x_wconf 84' lang='grc' dir='ltr'>μέτρα</span> <span class='ocrx_word' id='word_1_746' title='bbox 1160 2147 1254 2183; x_wconf 82' lang='grc' dir='ltr'>ἐξεῦρε</span> <span class='ocrx_word' id='word_1_747' title='bbox 1270 2147 1304 2173; x_wconf 86' lang='grc' dir='ltr'><strong>τὰ</strong></span> <span class='ocrx_word' id='word_1_748' title='bbox 1320 2147 1448 2182; x_wconf 79' lang='grc' dir='ltr'>φειδώνια</span> <span class='ocrx_word' id='word_1_749' title='bbox 1469 2147 1516 2174; x_wconf 80' lang='grc' dir='ltr'>καὶ</span> <span class='ocrx_word' id='word_1_750' title='bbox 1534 2147 1682 2182; x_wconf 70' lang='grc' dir='ltr'>σταθμοὺς,</span> <span class='ocrx_word' id='word_1_751' title='bbox 1704 2147 1754 2173; x_wconf 73' lang='grc' dir='ltr'>καὶ</span> <span class='ocrx_word' id='word_1_752' title='bbox 1769 2147 1841 2182; x_wconf 82' lang='grc' dir='ltr'>νόμι-</span> 
     </span>
    </p>
   </div>
   <div class='ocr_carea' id='block_1_106' title="bbox 1022 2193 1841 2230">
    <p class='ocr_par' dir='ltr' id='par_1_106' title="bbox 1022 2193 1841 2230">
     <span class='ocr_line' id='line_1_106' title="bbox 1022 2193 1841 2230; baseline -0.005 -8"><span class='ocrx_word' id='word_1_753' title='bbox 1022 2201 1043 2228; x_wconf 77' lang='grc'><strong>1)</strong></span> <span class='ocrx_word' id='word_1_754' title='bbox 1058 2204 1113 2230; x_wconf 87' lang='grc' dir='ltr'><strong>σμα</strong></span> <span class='ocrx_word' id='word_1_755' title='bbox 1130 2194 1344 2230; x_wconf 80' lang='grc' dir='ltr'>κεχαραγμένον,</span> <span class='ocrx_word' id='word_1_756' title='bbox 1359 2193 1389 2220; x_wconf 85' lang='grc' dir='ltr'>τό</span> <span class='ocrx_word' id='word_1_757' title='bbox 1404 2202 1433 2219; x_wconf 81' lang='grc' dir='ltr'><strong>τε</strong></span> <span class='ocrx_word' id='word_1_758' title='bbox 1453 2193 1516 2220; x_wconf 78' lang='grc' dir='ltr'>ἄλλο</span> <span class='ocrx_word' id='word_1_759' title='bbox 1538 2193 1586 2219; x_wconf 67' lang='grc' dir='ltr'><strong>καὶ</strong></span> <span class='ocrx_word' id='word_1_760' title='bbox 1602 2193 1632 2219; x_wconf 80' lang='grc' dir='ltr'>τὸ</span> <span class='ocrx_word' id='word_1_761' title='bbox 1651 2193 1804 2229; x_wconf 79' lang='grc' dir='ltr'>ἀργυροῦν·</span> <span class='ocrx_word' id='word_1_762' title='bbox 1819 2198 1841 2218; x_wconf 75' lang='lat' dir='ltr'><strong>ct</strong></span> 
     </span>
    </p>
   </div>
   <div class='ocr_carea' id='block_1_107' title="bbox 1055 2236 1842 2273">
    <p class='ocr_par' dir='ltr' id='par_1_107' title="bbox 1055 2236 1842 2273">
     <span class='ocr_line' id='line_1_107' title="bbox 1055 2236 1842 2273; baseline -0.008 -5"><span class='ocrx_word' id='word_1_763' title='bbox 1055 2240 1161 2271; x_wconf 76' lang='lat' dir='ltr'><strong>Pollux,</strong></span> <span class='ocrx_word' id='word_1_764' title='bbox 1180 2240 1226 2266; x_wconf 88' lang='lat' dir='ltr'><strong>lib.</strong></span> <span class='ocrx_word' id='word_1_765' title='bbox 1241 2247 1288 2270; x_wconf 83' lang='lat' dir='ltr'><strong>vn,</strong></span> <span class='ocrx_word' id='word_1_766' title='bbox 1312 2246 1372 2273; x_wconf 88' lang='lat' dir='ltr'><strong>cap.</strong></span> <span class='ocrx_word' id='word_1_767' title='bbox 1393 2238 1426 2264; x_wconf 73' lang='lat'><strong>56</strong></span> <span class='ocrx_word' id='word_1_768' title='bbox 1441 2247 1447 2265; x_wconf 90' lang='lat'>:</span> <span class='ocrx_word' id='word_1_769' title='bbox 1461 2237 1508 2272; x_wconf 81' lang='grc' dir='ltr'><strong>Εἵη</strong></span> <span class='ocrx_word' id='word_1_770' title='bbox 1525 2236 1557 2263; x_wconf 89' lang='grc' dir='ltr'>ἃν</span> <span class='ocrx_word' id='word_1_771' title='bbox 1574 2237 1621 2263; x_wconf 78' lang='grc' dir='ltr'>καὶ</span> <span class='ocrx_word' id='word_1_772' title='bbox 1638 2237 1741 2270; x_wconf 79' lang='grc' dir='ltr'>φείδων</span> <span class='ocrx_word' id='word_1_773' title='bbox 1758 2245 1784 2263; x_wconf 81' lang='grc' dir='ltr'><strong>τι</strong></span> <span class='ocrx_word' id='word_1_774' title='bbox 1798 2238 1842 2269; x_wconf 75' lang='grc' dir='ltr'>ἁγ-</span> 
     </span>
    </p>
   </div>
   <div class='ocr_carea' id='block_1_108' title="bbox 1054 2282 1839 2321">
    <p class='ocr_par' dir='ltr' id='par_1_108' title="bbox 1054 2282 1839 2321">
     <span class='ocr_line' id='line_1_108' title="bbox 1054 2282 1839 2321; baseline -0.005 -9"><span class='ocrx_word' id='word_1_775' title='bbox 1054 2288 1127 2321; x_wconf 82' lang='grc' dir='ltr'>γεῖον</span> <span class='ocrx_word' id='word_1_776' title='bbox 1147 2285 1273 2320; x_wconf 78' lang='grc' dir='ltr'>ὲλαιηρὸν</span> <span class='ocrx_word' id='word_1_777' title='bbox 1290 2284 1343 2311; x_wconf 76' lang='grc' dir='ltr'>ἀπὸ</span> <span class='ocrx_word' id='word_1_778' title='bbox 1359 2284 1413 2310; x_wconf 81' lang='grc' dir='ltr'><strong>τῶν</strong></span> <span class='ocrx_word' id='word_1_779' title='bbox 1428 2282 1589 2318; x_wconf 72' lang='grc' dir='ltr'>φειδωνείων</span> <span class='ocrx_word' id='word_1_780' title='bbox 1608 2282 1717 2318; x_wconf 84' lang='grc' dir='ltr'>μέτρων</span> <span class='ocrx_word' id='word_1_781' title='bbox 1737 2283 1839 2317; x_wconf 79' lang='grc' dir='ltr'>ὠνομα-</span> 
     </span>
    </p>
   </div>
   <div class='ocr_carea' id='block_1_109' title="bbox 1055 2327 1839 2366">
    <p class='ocr_par' dir='ltr' id='par_1_109' title="bbox 1055 2327 1839 2366">
     <span class='ocr_line' id='line_1_109' title="bbox 1055 2327 1839 2366; baseline -0.006 -8"><span class='ocrx_word' id='word_1_782' title='bbox 1055 2331 1170 2366; x_wconf 77' lang='grc' dir='ltr'>σμένων,</span> <span class='ocrx_word' id='word_1_783' title='bbox 1190 2331 1259 2366; x_wconf 75' lang='grc' dir='ltr'>ὑπὲρ</span> <span class='ocrx_word' id='word_1_784' title='bbox 1277 2327 1313 2356; x_wconf 81' lang='grc' dir='ltr'><strong>ὧν</strong></span> <span class='ocrx_word' id='word_1_785' title='bbox 1329 2330 1358 2355; x_wconf 82' lang='grc' dir='ltr'>ὲν</span> <span class='ocrx_word' id='word_1_786' title='bbox 1377 2329 1491 2364; x_wconf 83' lang='grc' dir='ltr'>Ἀργείῳ</span> <span class='ocrx_word' id='word_1_787' title='bbox 1511 2327 1632 2363; x_wconf 82' lang='grc' dir='ltr'>πολιτείᾳ</span> <span class='ocrx_word' id='word_1_788' title='bbox 1653 2327 1839 2364; x_wconf 75' lang='grc' dir='ltr'>Ἀριστοτέλης</span> 
     </span>
    </p>
   </div>
   <div class='ocr_carea' id='block_1_110' title="bbox 1053 2375 1836 2412">
    <p class='ocr_par' dir='ltr' id='par_1_110' title="bbox 1053 2375 1836 2412">
     <span class='ocr_line' id='line_1_110' title="bbox 1053 2375 1836 2412; baseline -0.003 -8"><span class='ocrx_word' id='word_1_789' title='bbox 1053 2378 1137 2412; x_wconf 82' lang='grc' dir='ltr'>λέγει,</span> <span class='ocrx_word' id='word_1_790' title='bbox 1157 2381 1184 2405; x_wconf 91' lang='lat' dir='ltr'><strong>et</strong></span> <span class='ocrx_word' id='word_1_791' title='bbox 1205 2378 1231 2404; x_wconf 93' lang='lat' dir='ltr'><strong>in</strong></span> <span class='ocrx_word' id='word_1_792' title='bbox 1249 2377 1368 2404; x_wconf 86' lang='lat' dir='ltr'><strong>Scholiis</strong></span> <span class='ocrx_word' id='word_1_793' title='bbox 1393 2375 1547 2403; x_wconf 83' lang='lat' dir='ltr'><strong>Pindaricis</strong></span> <span class='ocrx_word' id='word_1_794' title='bbox 1569 2376 1626 2403; x_wconf 64' lang='lat' dir='ltr'><strong>haec</strong></span> <span class='ocrx_word' id='word_1_795' title='bbox 1642 2377 1836 2410; x_wconf 86' lang='lat' dir='ltr'><strong>reperiuntur:</strong></span> 
     </span>
    </p>
   </div>
   <div class='ocr_carea' id='block_1_111' title="bbox 1052 2420 1838 2458">
    <p class='ocr_par' dir='ltr' id='par_1_111' title="bbox 1052 2420 1838 2458">
     <span class='ocr_line' id='line_1_111' title="bbox 1052 2420 1838 2458; baseline -0.004 -8"><span class='ocrx_word' id='word_1_796' title='bbox 1052 2425 1151 2451; x_wconf 80' lang='grc' dir='ltr'>Φείδων</span> <span class='ocrx_word' id='word_1_797' title='bbox 1166 2432 1208 2455; x_wconf 86' lang='grc' dir='ltr'><strong>τις</strong></span> <span class='ocrx_word' id='word_1_798' title='bbox 1224 2422 1365 2458; x_wconf 81' lang='grc' dir='ltr'>Κορίνθιος</span> <span class='ocrx_word' id='word_1_799' title='bbox 1380 2420 1443 2458; x_wconf 66' lang='grc' dir='ltr'>εὗρε</span> <span class='ocrx_word' id='word_1_800' title='bbox 1459 2422 1546 2458; x_wconf 84' lang='grc' dir='ltr'>μέτρα</span> <span class='ocrx_word' id='word_1_801' title='bbox 1559 2422 1606 2448; x_wconf 80' lang='grc' dir='ltr'>καὶ</span> <span class='ocrx_word' id='word_1_802' title='bbox 1617 2421 1731 2457; x_wconf 79' lang='grc' dir='ltr'>σταθμά</span> <span class='ocrx_word' id='word_1_803' title='bbox 1742 2431 1749 2437; x_wconf 92' lang='grc'><strong>·</strong></span> <span class='ocrx_word' id='word_1_804' title='bbox 1763 2430 1838 2448; x_wconf 81' lang='lat' dir='ltr'><strong>voca-</strong></span> 
     </span>
    </p>
   </div>
   <div class='ocr_carea' id='block_1_112' title="bbox 1053 2468 1838 2503">
    <p class='ocr_par' dir='ltr' id='par_1_112' title="bbox 1053 2468 1838 2503">
     <span class='ocr_line' id='line_1_112' title="bbox 1053 2468 1838 2503; baseline 0 -6"><span class='ocrx_word' id='word_1_805' title='bbox 1053 2474 1098 2497; x_wconf 90' lang='lat' dir='ltr'><strong>tur</strong></span> <span class='ocrx_word' id='word_1_806' title='bbox 1114 2473 1205 2497; x_wconf 89' lang='lat' dir='ltr'><strong>autem</strong></span> <span class='ocrx_word' id='word_1_807' title='bbox 1219 2468 1392 2500; x_wconf 86' lang='lat' dir='ltr'><strong>Corinthius,</strong></span> <span class='ocrx_word' id='word_1_808' title='bbox 1408 2476 1464 2495; x_wconf 91' lang='lat' dir='ltr'><strong>non</strong></span> <span class='ocrx_word' id='word_1_809' title='bbox 1479 2469 1542 2503; x_wconf 89' lang='lat' dir='ltr'><strong>quia</strong></span> <span class='ocrx_word' id='word_1_810' title='bbox 1557 2469 1686 2496; x_wconf 78' lang='lat' dir='ltr'><strong>Corinthi</strong></span> <span class='ocrx_word' id='word_1_811' title='bbox 1702 2473 1787 2497; x_wconf 88' lang='lat' dir='ltr'><strong>natus</strong></span> <span class='ocrx_word' id='word_1_812' title='bbox 1799 2477 1838 2497; x_wconf 82' lang='lat' dir='ltr'><strong>es-</strong></span> 
     </span>
    </p>
   </div>
   <div class='ocr_carea' id='block_1_113' title="bbox 1053 2513 1836 2550">
    <p class='ocr_par' dir='ltr' id='par_1_113' title="bbox 1053 2513 1836 2550">
     <span class='ocr_line' id='line_1_113' title="bbox 1053 2513 1836 2550; baseline -0.003 -6"><span class='ocrx_word' id='word_1_813' title='bbox 1053 2520 1103 2546; x_wconf 84' lang='lat' dir='ltr'><strong>set,</strong></span> <span class='ocrx_word' id='word_1_814' title='bbox 1120 2515 1168 2543; x_wconf 83' lang='lat' dir='ltr'><strong>sed</strong></span> <span class='ocrx_word' id='word_1_815' title='bbox 1183 2515 1256 2550; x_wconf 90' lang='lat' dir='ltr'><strong>quod</strong></span> <span class='ocrx_word' id='word_1_816' title='bbox 1273 2514 1309 2542; x_wconf 91' lang='lat' dir='ltr'><strong>ibi</strong></span> <span class='ocrx_word' id='word_1_817' title='bbox 1331 2518 1465 2543; x_wconf 86' lang='lat' dir='ltr'><strong>maneret.</strong></span> <span class='ocrx_word' id='word_1_818' title='bbox 1487 2513 1525 2541; x_wconf 86' lang='lat' dir='ltr'><strong>Ex</strong></span> <span class='ocrx_word' id='word_1_819' title='bbox 1545 2514 1588 2541; x_wconf 87' lang='lat' dir='ltr'><strong>his</strong></span> <span class='ocrx_word' id='word_1_820' title='bbox 1603 2518 1727 2549; x_wconf 90' lang='lat' dir='ltr'><strong>quatuor</strong></span> <span class='ocrx_word' id='word_1_821' title='bbox 1743 2516 1771 2542; x_wconf 95' lang='lat' dir='ltr'><strong>in</strong></span> <span class='ocrx_word' id='word_1_822' title='bbox 1787 2523 1836 2542; x_wconf 91' lang='lat' dir='ltr'><strong>uno</strong></span> 
     </span>
    </p>
   </div>
   <div class='ocr_carea' id='block_1_114' title="bbox 1052 2559 1834 2595">
    <p class='ocr_par' dir='ltr' id='par_1_114' title="bbox 1052 2559 1834 2595">
     <span class='ocr_line' id='line_1_114' title="bbox 1052 2559 1834 2595; baseline 0 -7"><span class='ocrx_word' id='word_1_823' title='bbox 1052 2561 1188 2589; x_wconf 87' lang='lat' dir='ltr'><strong>versiculo</strong></span> <span class='ocrx_word' id='word_1_824' title='bbox 1203 2561 1296 2595; x_wconf 81' lang='lat' dir='ltr'><strong>lapsus</strong></span> <span class='ocrx_word' id='word_1_825' title='bbox 1309 2559 1440 2587; x_wconf 78' lang='lat' dir='ltr'><strong>Boﬁniaci</strong></span> <span class='ocrx_word' id='word_1_826' title='bbox 1455 2559 1652 2594; x_wconf 87' lang='lat' dir='ltr'><strong>deprehendes.</strong></span> <span class='ocrx_word' id='word_1_827' title='bbox 1667 2559 1792 2588; x_wconf 87' lang='lat' dir='ltr'><strong>Primum</strong></span> <span class='ocrx_word' id='word_1_828' title='bbox 1806 2570 1834 2588; x_wconf 77' lang='lat' dir='ltr'><strong>ex</strong></span> 
     </span>
    </p>
   </div>
   <div class='ocr_carea' id='block_1_115' title="bbox 1052 2605 1834 2637">
    <p class='ocr_par' dir='ltr' id='par_1_115' title="bbox 1052 2605 1834 2637">
     <span class='ocr_line' id='line_1_115' title="bbox 1052 2605 1834 2637; baseline 0.004 -3"><span class='ocrx_word' id='word_1_829' title='bbox 1052 2605 1184 2637; x_wconf 83' lang='lat' dir='ltr'><strong>Phidone,</strong></span> <span class='ocrx_word' id='word_1_830' title='bbox 1198 2606 1361 2634; x_wconf 72' lang='lat' dir='ltr'><strong>Plitedonem</strong></span> <span class='ocrx_word' id='word_1_831' title='bbox 1377 2605 1442 2634; x_wconf 84' lang='lat' dir='ltr'><strong>facit</strong></span> <span class='ocrx_word' id='word_1_832' title='bbox 1456 2606 1482 2633; x_wconf 93' lang='lat' dir='ltr'><strong>in</strong></span> <span class='ocrx_word' id='word_1_833' title='bbox 1501 2605 1646 2634; x_wconf 83' lang='lat' dir='ltr'><strong>Strabone.</strong></span> <span class='ocrx_word' id='word_1_834' title='bbox 1667 2605 1834 2636; x_wconf 72' lang='lat' dir='ltr'><strong>Secundum.</strong></span> 
     </span>
    </p>
   </div>
   <div class='ocr_carea' id='block_1_116' title="bbox 1051 2652 1833 2687">
    <p class='ocr_par' dir='ltr' id='par_1_116' title="bbox 1051 2652 1833 2687">
     <span class='ocr_line' id='line_1_116' title="bbox 1051 2652 1833 2687; baseline 0 -8"><span class='ocrx_word' id='word_1_835' title='bbox 1051 2653 1133 2680; x_wconf 92' lang='lat' dir='ltr'><strong>alium</strong></span> <span class='ocrx_word' id='word_1_836' title='bbox 1151 2653 1224 2679; x_wconf 92' lang='lat' dir='ltr'><strong>hunc</strong></span> <span class='ocrx_word' id='word_1_837' title='bbox 1241 2657 1322 2687; x_wconf 86' lang='lat' dir='ltr'><strong>atque</strong></span> <span class='ocrx_word' id='word_1_838' title='bbox 1344 2652 1482 2680; x_wconf 79' lang='lat' dir='ltr'><strong>diversum</strong></span> <span class='ocrx_word' id='word_1_839' title='bbox 1507 2653 1540 2679; x_wconf 89' lang='lat' dir='ltr'><strong>ab</strong></span> <span class='ocrx_word' id='word_1_840' title='bbox 1567 2660 1599 2679; x_wconf 77' lang='lat' dir='ltr'><strong>eo</strong></span> <span class='ocrx_word' id='word_1_841' title='bbox 1624 2653 1708 2687; x_wconf 80' lang='lat' dir='ltr'><strong>cujus</strong></span> <span class='ocrx_word' id='word_1_842' title='bbox 1737 2654 1833 2681; x_wconf 85' lang='lat' dir='ltr'><strong>mentio</strong></span> 
     </span>
    </p>
   </div>
   <div class='ocr_carea' id='block_1_117' title="bbox 1051 2697 1833 2732">
    <p class='ocr_par' dir='ltr' id='par_1_117' title="bbox 1051 2697 1833 2732">
     <span class='ocr_line' id='line_1_117' title="bbox 1051 2697 1833 2732; baseline 0 -8"><span class='ocrx_word' id='word_1_843' title='bbox 1051 2697 1122 2732; x_wconf 80' lang='lat' dir='ltr'><strong>apud</strong></span> <span class='ocrx_word' id='word_1_844' title='bbox 1142 2697 1260 2724; x_wconf 88' lang='lat' dir='ltr'><strong>Plinium</strong></span> <span class='ocrx_word' id='word_1_845' title='bbox 1276 2703 1328 2730; x_wconf 88' lang='lat' dir='ltr'><strong>est,</strong></span> <span class='ocrx_word' id='word_1_846' title='bbox 1345 2699 1498 2730; x_wconf 88' lang='lat' dir='ltr'><strong>constituit,</strong></span> <span class='ocrx_word' id='word_1_847' title='bbox 1515 2706 1577 2725; x_wconf 91' lang='lat' dir='ltr'><strong>cum</strong></span> <span class='ocrx_word' id='word_1_848' title='bbox 1600 2699 1636 2725; x_wconf 88' lang='lat' dir='ltr'><strong>sit</strong></span> <span class='ocrx_word' id='word_1_849' title='bbox 1661 2698 1748 2726; x_wconf 82' lang='lat' dir='ltr'><strong>idem.</strong></span> <span class='ocrx_word' id='word_1_850' title='bbox 1773 2698 1833 2726; x_wconf 87' lang='lat' dir='ltr'><strong>Ter-</strong></span> 
     </span>
    </p>
   </div>
   <div class='ocr_carea' id='block_1_118' title="bbox 1051 2743 1832 2782">
    <p class='ocr_par' dir='ltr' id='par_1_118' title="bbox 1051 2743 1832 2782">
     <span class='ocr_line' id='line_1_118' title="bbox 1051 2743 1832 2782; baseline 0 -12"><span class='ocrx_word' id='word_1_851' title='bbox 1051 2744 1118 2770; x_wconf 92' lang='lat' dir='ltr'><strong>tium</strong></span> <span class='ocrx_word' id='word_1_852' title='bbox 1132 2743 1213 2779; x_wconf 89' lang='lat' dir='ltr'><strong>hujus</strong></span> <span class='ocrx_word' id='word_1_853' title='bbox 1232 2744 1299 2782; x_wconf 82' lang='lat' dir='ltr'><strong>artis</strong></span> <span class='ocrx_word' id='word_1_854' title='bbox 1315 2748 1453 2771; x_wconf 81' lang='lat' dir='ltr'><strong>auctorem</strong></span> <span class='ocrx_word' id='word_1_855' title='bbox 1469 2744 1599 2779; x_wconf 85' lang='lat' dir='ltr'><strong>appellari</strong></span> <span class='ocrx_word' id='word_1_856' title='bbox 1618 2752 1631 2770; x_wconf 89' lang='lat' dir='ltr'><strong>a</strong></span> <span class='ocrx_word' id='word_1_857' title='bbox 1648 2744 1787 2772; x_wconf 87' lang='lat' dir='ltr'><strong>Strabone</strong></span> <span class='ocrx_word' id='word_1_858' title='bbox 1798 2745 1832 2770; x_wconf 75' lang='lat' dir='ltr'><strong>af-</strong></span> 
     </span>
    </p>
   </div>
   <div class='ocr_carea' id='block_1_119' title="bbox 1051 2790 1830 2822">
    <p class='ocr_par' dir='ltr' id='par_1_119' title="bbox 1051 2790 1830 2822">
     <span class='ocr_line' id='line_1_119' title="bbox 1051 2790 1830 2822; baseline 0 -6"><span class='ocrx_word' id='word_1_859' title='bbox 1051 2791 1150 2821; x_wconf 83' lang='lat' dir='ltr'><strong>ﬁrmat,</strong></span> <span class='ocrx_word' id='word_1_860' title='bbox 1167 2797 1228 2816; x_wconf 89' lang='lat' dir='ltr'><strong>cum</strong></span> <span class='ocrx_word' id='word_1_861' title='bbox 1247 2798 1296 2817; x_wconf 93' lang='lat' dir='ltr'><strong>nec</strong></span> <span class='ocrx_word' id='word_1_862' title='bbox 1316 2798 1410 2818; x_wconf 80' lang='lat' dir='ltr'><strong>verum</strong></span> <span class='ocrx_word' id='word_1_863' title='bbox 1436 2790 1462 2817; x_wconf 87' lang='lat' dir='ltr'><strong>id</strong></span> <span class='ocrx_word' id='word_1_864' title='bbox 1487 2790 1580 2822; x_wconf 80' lang='lat' dir='ltr'><strong>fuerit,</strong></span> <span class='ocrx_word' id='word_1_865' title='bbox 1598 2798 1650 2817; x_wconf 87' lang='lat' dir='ltr'><strong>nec</strong></span> <span class='ocrx_word' id='word_1_866' title='bbox 1666 2791 1769 2818; x_wconf 65' lang='lat' dir='ltr'><strong>Strato</strong></span> <span class='ocrx_word' id='word_1_867' title='bbox 1785 2800 1830 2817; x_wconf 85' lang='lat' dir='ltr'><strong>un-</strong></span> 
     </span>
    </p>
   </div>
   <div class='ocr_carea' id='block_1_120' title="bbox 1049 2835 1830 2872">
    <p class='ocr_par' dir='ltr' id='par_1_120' title="bbox 1049 2835 1830 2872">
     <span class='ocr_line' id='line_1_120' title="bbox 1049 2835 1830 2872; baseline 0 -10"><span class='ocrx_word' id='word_1_868' title='bbox 1049 2843 1130 2871; x_wconf 84' lang='lat' dir='ltr'><strong>quam</strong></span> <span class='ocrx_word' id='word_1_869' title='bbox 1157 2835 1313 2863; x_wconf 80' lang='lat' dir='ltr'><strong>somniavit.</strong></span> <span class='ocrx_word' id='word_1_870' title='bbox 1339 2835 1438 2863; x_wconf 82' lang='lat' dir='ltr'><strong>Earum</strong></span> <span class='ocrx_word' id='word_1_871' title='bbox 1456 2836 1529 2864; x_wconf 86' lang='lat' dir='ltr'><strong>enim</strong></span> <span class='ocrx_word' id='word_1_872' title='bbox 1545 2843 1756 2869; x_wconf 84' lang='lat' dir='ltr'><strong>mensurarum,</strong></span> <span class='ocrx_word' id='word_1_873' title='bbox 1778 2844 1830 2872; x_wconf 69' lang='lat' dir='ltr'><strong>qua:</strong></span> 
     </span>
    </p>
   </div>
  </div>
