1897 3073
61 123 108 151 977

61 182 92 210 ab
105 181 164 216 ejus
187 182 300 211 nomine
322 182 463 212 Phidoniaa
487 190 591 214 vocatae
613 191 688 220 sunt,
716 187 843 216 inventor
857 192 878 219 Α

61 228 176 262 exstitit;
188 228 216 255 id
231 232 260 256 et
276 229 387 264 scripsit
402 230 512 264 Strabo,
529 233 677 268 canorique
692 234 846 268 scriptores

61 273 229 301 conﬁrmant.
249 274 383 307 Quartum
400 283 433 303 ex
453 276 565 312 Argivo,
591 277 743 306 Elidensem
765 279 840 307 facit.

61 318 181 351 Quamvis
196 320 271 347 enim
286 323 313 348 et
325 321 424 356 Argos.
439 326 465 349 et
479 321 536 350 Elis
550 323 579 350 in
591 324 796 360 Peloponneso:
815 330 842 353 at

60 370 184 401 quantum
201 366 325 394 distant?

91 411 145 440 Col.
152 411 213 445 749,
225 413 275 440 lin.
282 413 386 441 45.Kal
396 415 484 449 ὅρους
491 416 548 451 γῆς
555 417 727 446 ἑπεν.ϐείηο
734 427 843 455 quoque

61 457 179 489 limitum,
197 459 244 492 qui
259 459 332 494 agris
346 460 426 487 linem
440 461 631 496 decernerent,
641 468 668 492 et
682 465 791 493 urbium
806 473 841 494 αι-

61 502 253 531 diﬁcandarum
264 506 379 540 primam
389 508 521 535 rationem
532 515 671 546 acceptam
681 511 782 539 ferunt.
794 512 842 540 Jo-

61 549 153 584 sephus
167 550 259 585 Antiq.
275 551 320 579 lib.
340 560 359 584 I,
377 560 438 589 cap.
454 555 490 581 5:
512 556 610 591 Ὅρους
626 565 656 583 τε
672 557 725 593 γῆς
736 558 843 593 πρῶτος

61 596 203 640 ἔθετοςκαὶ
225 597 303 624 πόλιν
317 598 454 635 ἐδείματο,
477 601 525 627 καὶ
547 602 664 637 τείχεσιν
686 604 841 640 ὠχύρωσεν,

61 640 95 670 εἰς
108 639 188 666 ταὺτὸ
202 641 339 668 συνελθεῖν
356 644 419 675 τοὺς
432 644 547 678 οἰκείους
563 639 783 682 καταναγκάσας,
796 650 843 676 καὶ

61 685 103 719 τὴν
125 685 201 711 πόλιν
218 685 248 712 δὲ
266 686 366 724 ταύτην
384 689 438 715 ἀπὸ
461 690 577 718 Ἑνώσου
595 693 642 719 τοῦ
656 695 842 728 πρεσϐυτάτου

61 730 146 762 παιδὸς
169 731 290 760 Ἐνώσαν
306 734 444 762 ἐκάλεσεν.
463 735 631 772 Theophilus
643 739 842 774 Antiochenus,

61 776 103 803 lib.
118 777 180 804 uad
202 777 362 814 Autolycum
376 789 385 808 :
407 781 437 808 '0
459 780 505 809 οὖν
521 783 591 810 Κάῖν
608 785 654 812 καὶ
669 786 749 818 αὐτὸς
765 786 844 822 ἔσχεν

60 821 109 848 υίὺν
122 822 309 860 δνομαῈνὼχ,
320 826 367 852 καὶ
376 827 533 863 ᾠκοδόμησε
548 829 635 862 πόλιν,
654 831 686 867 ἣν
699 821 844 868 ἐπωνόμα-

61 875 100 893 σεν
112 868 155 894 ἐπὶ
165 868 203 904 τῷ
215 870 328 906 ὀνόματι
341 872 388 899 τοῦ
403 874 461 900 υἱοῦ
478 875 560 902 αὺτοῦ
580 876 672 913 Ἑνώχ.
698 878 764 906 Ἀπὸ
783 879 842 906 τότε
859 865 879 892 Β

61 912 124 948 ἀρχὴ
144 914 253 947 ἐγένετο
267 916 314 943 τοῦ
341 918 538 954 οἰκοδομεῖσθαι
568 922 668 955 πόλεις,
696 924 841 952 καὶτοῦτο

61 959 107 986 πρὸ
125 961 327 998 κατακλυσμοῦ,
352 965 400 1000 οὐχ
418 965 456 998 ὡς
465 966 587 1004 Ὅμηρος
605 969 730 1004 ψεύδεται
746 970 840 1005 λέγων·

92 1007 130 1032 οὺ
138 1006 191 1042 γάρ
199 1016 245 1035 πω
254 1012 420 1038 πεπόλιστο
432 1014 521 1047 πόλις
525 1016 664 1049 μερόπων
671 1017 840 1051 ἀνθρώπων.

93 1051 156 1079 Ibid.
168 1073 175 1086 ,
202 1054 252 1082 lin.
271 1055 316 1083 48.
344 1056 371 1083 '0
387 1058 421 1084 δὲ
448 1059 533 1095 Ἀδὰμ
546 1061 655 1096 μένων.
676 1062 758 1091 Filias
774 1063 842 1092 duas

61 1097 186 1126 Adamum
209 1109 382 1137 procreasse,
404 1105 523 1133 Azuram
547 1112 574 1135 et
586 1109 696 1144 Asvam,
715 1111 839 1144 tradunt,

62 1143 102 1170 alii
121 1144 277 1174 Calmanam
295 1152 321 1176 et
337 1148 512 1180 Lemboram.
539 1153 719 1188 Epiphanius,
743 1156 840 1185 haeres.

61 1188 100 1221 59,
115 1189 281 1237 exdobilazis
303 1194 386 1222 refert
409 1198 527 1225 Azuram
546 1198 622 1227 Sethi
636 1201 723 1229 fuisse
741 1203 839 1237 conju-

63 1241 125 1268 gem,
142 1236 241 1265 Asvam
258 1247 335 1273 vero,
353 1241 409 1269 sire
437 1242 546 1277 Savam,
572 1249 602 1272 ut
627 1246 685 1281 ipse
713 1248 840 1283 appellat,

63 1280 141 1309 Caiui.
166 1283 310 1313 Ccdrenus
337 1288 460 1316 eamdem
483 1289 566 1318 Setho
597 1280 738 1328 assignat,—
759 1302 840 1329 quam

63 1327 151 1354 Asvam
179 1335 269 1358 vocat.
299 1331 453 1362 Melhodius
482 1335 639 1365 Patarensis
658 1327 723 1365 ξἘν
749 1327 777 1366 δέ
803 1340 841 1375 τῷ

63 1376 204 1421 τριακοστῷ
224 1379 314 1414 χρόνῳ
331 1380 379 1415 τῆς
401 1380 490 1413 ἐξόδου
510 1383 599 1409 αὐτῶν
615 1383 662 1411 τοῦ
678 1386 840 1421 παραδείσου

63 1419 167 1468 τέτοκαν
180 1423 251 1451 Κάῖν
266 1425 310 1452 τὸν
321 1427 492 1462 πρωτότοκον
506 1429 553 1456 καὶ
566 1430 615 1465 τὴν
628 1419 745 1468 ἀδελφήν
759 1433 840 1459 αὐτοῦ

64 1466 211 1502 Καλμάναν.
231 1471 287 1498 Καὶ
310 1473 378 1507 μετὰ
400 1475 557 1509 τριακοστὸν
580 1476 670 1512 ἕτερον
689 1466 748 1509 ἔτος
767 1479 842 1512 ἐγέν-

64 1519 120 1558 νησε
134 1514 176 1540 τὸν
190 1516 274 1543 ’Ἅϐελ
289 1519 337 1544 σὺν
352 1520 384 1554 τῇ
401 1520 530 1556 Λεμὸόρᾳ
543 1523 575 1557 τῇ
589 1521 688 1558 ἀδελφῇ
704 1524 797 1551 αὐτοῦ.

93 1557 167 1594 lbid.,
187 1561 236 1591 lin.
246 1563 292 1591 49.
313 1564 361 1591 Ἐν
380 1563 423 1598 οἷς
440 1566 599 1600 ἐξαίρετος.
619 1557 764 1604 Iosephus,
786 1572 840 1597 An-

64 1605 144 1639 tiquit.
158 1608 205 1636 lib.
224 1617 243 1641 ι,
261 1617 321 1646 cap.
338 1612 355 1639 5
373 1621 380 1639 ;
396 1613 518 1640 Γίνονται
535 1615 582 1649 μὲν
593 1613 639 1642 οὖν
653 1616 744 1648 παῖδες
758 1617 839 1648 αὑτοῦ

63 1650 129 1698 dilui
144 1662 171 1680 τε
184 1655 231 1681 καὶ
245 1656 364 1689 πλείους,
376 1658 423 1684 καὶ
433 1659 529 1694 Σῆθος.
552 1661 631 1688 Ἀλλὰ
648 1662 711 1697 περὶ
726 1663 774 1698 μὲν
787 1663 840 1689 τῶν

63 1696 141 1744 ἄλλων
156 1702 260 1737 μακρὸν
274 1703 307 1730 ἂν
323 1704 365 1740 εἴη
379 1704 468 1739 λέγειν
479 1715 485 1721 ·
501 1708 667 1743 πειράσομαι
683 1696 710 1735 δὲ
725 1696 792 1744 μόνα
808 1711 841 1736 τὰ

62 1743 112 1791 τρνν
121 1746 173 1772 ἀπὸ
188 1748 276 1784 Σήθου
289 1750 410 1778 διελθεῖν.
420 1752 538 1787 Τραςρεὶς
554 1753 608 1789 γὰρ
621 1743 840 1791 0519;.na‘taap-

63 1789 138 1817 ελθὼν
155 1794 194 1825 εἰς
211 1795 331 1830 ἡλικίαν,
353 1797 403 1833 ἤδη
421 1798 454 1825 τὰ
474 1799 544 1826 κοιλὰ
567 1801 668 1836 κρίνειν
683 1801 838 1837 δυνάμενος,

63 1835 153 1883 ἀρετὴν
179 1840 354 1876 ἐπετήδευσε,
381 1844 427 1870 καὶ
450 1835 595 1881 γενόμενος
615 1847 696 1879 αὐτὸς
719 1835 838 1883 ἄριστος,

64 1881 174 1915 μιμητὰς
198 1885 281 1911 αὑτοῦ
304 1887 366 1918 τοὺς
391 1888 540 1922 ἀπογόνους
563 1891 717 1919 κατέλιπεν.
740 1881 773 1919 Di
798 1894 837 1925 δὲ,

63 1925 152 1959 πάντες
167 1928 264 1963 ἁγαθοὶ
277 1931 372 1965 φύντες
385 1934 435 1968 γῆν
447 1943 477 1960 τε
485 1935 567 1970 αὐτὴν
582 1936 757 1964 ἀστασίαστοι
769 1947 837 1965 κατ-

62 1970 217 2018 ἶμκήσαντες,
243 1975 456 2012 εὐδαιμόνησαν,
474 1980 587 2014 μηδενὸς
603 1982 693 2014 αὐτοῖς
711 1982 774 2018 ἄχρι
796 1993 839 2010 τε-

63 2014 148 2051 λευτῆς
166 2020 295 2048 δυσκόλου
314 2024 523 2058 προσπεσόντος.
539 2025 639 2054 Eadem
656 2014 838 2056 habetiona-

63 2069 113 2096 ras,
130 2065 223 2094 Annal.
248 2071 314 2095 tom.
338 2068 358 2096 Ι.
372 2069 396 2097 ls
423 2070 515 2105 itaque
531 2077 558 2100 et
576 2073 638 2100 vita:
656 2074 837 2102 sanctimonia

63 2107 179 2144 insignis,
197 2117 224 2139 et
242 2114 373 2141 virtutum
395 2117 516 2144 onmimn
539 2117 687 2146 honoribus
703 2120 836 2148 condeco—

64 2158 143 2187 ratus,
154 2158 263 2192 pietatis
277 2159 364 2186 divini
382 2162 502 2190 nominis
519 2163 670 2197 studiosus,
686 2164 753 2191 Deus
768 2165 834 2200 ipse,

64 2204 89 2226 ut
99 2201 186 2230 videre
200 2208 243 2231 est
259 2212 289 2232 ex
310 2204 393 2233 Suida
410 2210 437 2234 et
450 2207 522 2239 aliis,
540 2209 638 2235 meruit
653 2211 792 2244 appellari,
809 2215 835 2238 et
852 2209 873 2236 Ι)

63 2246 104 2273 lilii
126 2249 200 2283 ejus,
224 2251 275 2286 ﬁlii
298 2251 356 2284 Dei,
381 2261 436 2280 non
460 2257 564 2281 tantum
581 2257 643 2290 quia
663 2264 777 2290 corpore
793 2265 837 2283 ro-

62 2290 144 2327 busto,
162 2303 286 2330 procero,
301 2301 328 2325 et
345 2298 461 2333 eleganti
476 2305 565 2332 erant,
581 2305 608 2327 et
628 2301 740 2336 reliquis
753 2302 834 2328 etiam

61 2345 143 2368 rerum
156 2342 335 2370 humanarum
350 2345 520 2374 excellentiis
534 2347 612 2382 longe
625 2349 731 2375 caneris
742 2353 835 2376 essent

62 2383 226 2421 insigniores.
248 2389 316 2418 Vide
336 2390 479 2426 Cyrillum,
502 2392 550 2419 lib.
578 2400 604 2419 ix
630 2398 722 2420 contra
745 2393 835 2421 Julia-

61 2437 132 2464 num;
154 2438 180 2461 et
194 2435 227 2462 de
239 2435 293 2463 illis
307 2437 397 2464 locum
411 2437 486 2464 illum
503 2446 588 2466 sacrae
606 2438 764 2474 Scripturze,
783 2440 835 2467 Vi—

61 2475 143 2505 dentes
157 2480 206 2513 ﬁlii
224 2481 273 2508 Dei
291 2481 363 2516 ﬁlias
379 2483 516 2510 hominum
528 2484 561 2516 3°,
574 2488 640 2517 etc.,
658 2493 719 2513 esse
735 2486 836 2513 intelli-

61 2525 168 2555 gendum
187 2528 326 2554 existimat
343 2528 568 2564 Chrysostomus,
592 2530 664 2559 hom.
688 2531 723 2558 22
743 2532 770 2559 in
784 2531 833 2560 Ge-

62 2569 128 2612 tiesf;
141 2571 317 2607 Augustinus,
339 2574 385 2602 lib.
409 2583 443 2602 xv
458 2575 495 2602 De
509 2576 613 2603 civitate
633 2576 689 2609 Dei,
707 2585 766 2612 cap.
780 2578 832 2612 23;

62 2611 250 2651 Theodoretus,
265 2625 360 2655 quaest.
377 2620 411 2647 Η
426 2620 452 2647 in
465 2621 576 2652 lienem;
593 2621 713 2650 Joannes
728 2624 834 2651 Cassia-

62 2665 116 2692 nus,
134 2664 222 2691 collat.
239 2665 266 2697 8,
279 2674 329 2701 cap
353 2666 403 2699 2|;
422 2667 552 2702 Cyrillus,
569 2668 615 2696 lib.
633 2677 659 2695 lx
675 2676 767 2697 contra
781 2670 833 2696 Ju-

62 2705 167 2741 Iionum;
183 2709 329 2746 Rnpertus,
346 2713 393 2740 lib.
407 2722 431 2740 iv
445 2714 471 2740 in
487 2713 568 2741 Cenes
584 2735 591 2746 ,
604 2723 663 2750 cap.
680 2716 713 2743 12
735 2721 762 2744 et
775 2718 831 2744 alii.

62 2750 138 2783 Quem
152 2757 254 2785 utinam
269 2766 324 2786 non
340 2759 474 2794 fabulosa,
493 2766 519 2788 et
534 2761 659 2789 hierctica
677 2763 833 2795 dignatione

62 2797 173 2829 Sellliani
191 2804 309 2833 haeretici
329 2807 519 2836 honorasscnt.
536 2807 594 2836 Non
613 2809 683 2836 enim
701 2809 832 2838 atlirmas-

92 2848 113 2863 '°
123 2849 186 2878 Gen.
204 2861 240 2885 Vl,
255 2853 282 2880 2.

855 1538 875 1565 C

543 126 578 154 IN
599 126 785 156 EUSTATHH
803 127 1042 157 HEXAEMERON
1062 129 1180 159 ΝΟΤιΕ.

1629 135 1681 163 978

894 193 955 217 sent
970 189 1097 217 eumdem
1118 197 1237 226 superna
1259 195 1346 220 matre
1361 196 1466 225 natum,
1486 201 1568 228 quam
1590 195 1682 229 perhi-

893 236 959 263 bent
969 236 1132 264 convenisse
1143 244 1205 264 cum
1218 244 1337 272 superno
1349 242 1427 273 patre
1438 243 1468 266 ut
1481 240 1543 268 inde
1556 241 1681 269 divinum

893 289 986 309 semen
998 282 1073 310 aliud
1087 287 1247 311 nasceretur
1270 287 1400 319 tanquam
1426 286 1542 314 ﬁliorum
1562 286 1620 314 Dei.
1641 286 1681 315 De

892 335 1008 363 quorum
1033 336 1102 356 vana
1125 329 1253 364 opinione
1275 330 1338 358 vide
1363 331 1395 359 D.
1423 331 1538 368 August.
1561 333 1608 362 lib.
1640 334 1681 361 De

892 372 1049 405 Iliensibus,
1079 373 1112 400 ad
1134 373 1361 406 Quodvultdeum.
1388 376 1494 406 Delrius
1529 382 1632 410 tamen,
1650 379 1677 406 in

893 419 946 447 ﬁne
962 427 1023 455 cap.
1043 427 1069 446 IV
1088 419 1194 452 Genes.,
1211 421 1301 455 rejicit
1322 422 1391 450 hanc
1411 424 1564 459 opinionem
1590 430 1679 453 tanto-

893 473 953 492 rum
978 465 1089 494 Patrum
1116 466 1282 496 testimoniis
1308 468 1454 498 ﬁrmatam.
1480 470 1598 504 Domini,
1626 472 1678 499 Ile-

893 511 992 543 braice,
1011 512 1112 548 inquit,
1131 518 1171 540 est
1187 517 1437 548 tetragrammaton,
1453 516 1522 551 quod
1538 518 1588 545 soli
1603 526 1678 545 sem-

892 565 938 591 per
961 557 1014 584 Deo
1034 557 1126 585 datum
1138 567 1239 594 :quare
1258 568 1394 596 nunquam
1414 561 1541 588 tributum
1560 563 1677 595 Enoeho,

894 608 940 630 aut
954 604 1019 638 ﬁliis
1033 604 1109 636 eius;
1125 604 1182 632 ideo
1196 613 1247 632 non
1262 611 1322 632 sunt
1337 607 1462 634 audiendi
1478 607 1552 642 (nota
1566 608 1616 635 viri
1635 616 1678 637 re-

893 649 984 684 ligiosi
1001 649 1029 677 in
1046 654 1157 678 sanctos
1180 650 1275 679 Patres
1297 652 1489 688 reverentiam)
1505 661 1597 688 graves
1610 653 1678 680 alio-

894 696 955 730 quin
970 696 1121 730 acriptores,
1140 696 1267 732 Cyrillus,
1286 697 1474 731 Theodoram,
1490 698 1641 733 Emisenus,
1652 704 1678 727 et

895 740 1003 775 Suidas,
1018 744 1062 776 qui
1076 747 1208 777 exponunt
1221 749 1282 770 tunc
1297 743 1413 777 Enoclto,
1431 749 1537 779 propter
1550 746 1678 780 insignem

893 787 1025 821 pietatem,
1035 787 1093 820 Dei,
1102 793 1125 815 et
1135 788 1238 821 liberis,
1255 789 1371 822 ﬁliorum
1386 789 1434 818 Dei
1452 799 1546 818 nomen
1562 791 1655 818 datum
1669 799 1678 817 :

894 832 988 868 quibus
1003 833 1103 860 resistit
1117 833 1244 862 Ilebntu:
1258 839 1405 863 contextus.
1422 835 1530 871 Decepit
1543 845 1596 870 eos,
1610 836 1678 872 quod

895 886 945 905 non
966 878 1110 906 distinere
1128 880 1198 906 inter
1212 879 1326 913 Heloim,
1353 881 1421 916 quod
1447 887 1486 908 est
1505 889 1562 916 cap.
1593 891 1629 916 vn,
1650 883 1676 914 1,

893 929 917 953 el
932 925 1064 959 ineffabile
1080 934 1174 953 nomen
1187 926 1257 961 quod
1271 927 1312 954 hic
1324 927 1449 962 positum.

928 969 1008 998 lbid..
1022 971 1069 997 lin.
1091 971 1135 999 52.
1152 970 1245 1005 οὗτος
1261 972 1316 1006 γὰρ
1331 972 1456 1006 πρῶτος.
1475 972 1575 1001 Suidas
1589 983 1595 1000 :
1611 973 1677 1000 Θεὸν

893 1015 947 1052 γὰρ
961 1015 1006 1042 τὸν
1022 1017 1075 1052 Σὴθ
1090 1018 1115 1044 οἱ
1131 1017 1191 1044 τότε
1207 1017 1344 1053 ἅνθρωποι
1361 1019 1572 1055 προσηγόρευον,
1588 1020 1632 1046 διὰ
1647 1021 1678 1046 τὸ

893 1061 1068 1097 ἐξευρηκέναι
1083 1063 1118 1089 τά
1133 1071 1162 1089 τε
1182 1063 1312 1099 Ἑϐραϊκὰ
1331 1064 1492 1101 γράμματα,
1505 1065 1553 1096 τάς
1576 1074 1605 1091 τε
1623 1065 1678 1092 τῶν

893 1107 1014 1144 ἀστέρων
1035 1109 1191 1144 ὀνομασίας,
1208 1110 1254 1136 καὶ
1271 1110 1339 1145 πρὸς
1359 1110 1462 1142 τούτοις
1476 1111 1576 1146 πολλὴν
1601 1111 1678 1138 εὐσέ-

893 1154 969 1180 ϐειαν
982 1153 1062 1180 αὑτοῦ
1080 1154 1278 1189 θαυμάσαντες,
1292 1155 1329 1187 ῶς
1347 1164 1378 1189 γε
1395 1156 1440 1182 καὶ
1458 1156 1563 1191 πρῶτος
1579 1157 1678 1186 ἐπικα-

893 1198 995 1225 λεῖσθαι
1009 1199 1074 1230 Θεὸς
1092 1201 1138 1226 καὶ
1155 1199 1344 1236 ὀνομάζεσθαι.
1363 1201 1501 1229 Manasses
1517 1202 1544 1228 in
1561 1202 1677 1230 Amul.:

893 1245 944 1272 Τὸν
959 1245 1012 1277 Σὴθ
1027 1246 1117 1277 αὐτοῖς
1132 1246 1176 1273 τὸν
1191 1247 1294 1274 δίκαιον
1308 1247 1374 1279 Θεὸς,-
1386 1248 1580 1284 ἀντιδωρεῖται.

932 1293 983 1325 Ὃς
990 1292 1099 1326 ἔθηκεν
1106 1293 1236 1327 ὀνόματα
1243 1293 1304 1326 τοῖς
1312 1295 1462 1328 οὐρανίοις
1470 1295 1601 1329 ἄστροις.

893 1337 1043 1365 Alexander
1065 1338 1219 1374 Polyhistor
1236 1340 1305 1374 apud
1324 1340 1478 1372 Eusebium,
1497 1341 1536 1368 De
1547 1349 1677 1375 praepara-

893 1385 963 1411 tione
978 1385 1091 1420 evangel.
1110 1393 1170 1420 cap.
1187 1385 1436 1420 ult.,etJosephus,
1448 1386 1625 1422 Antiq.lib.t,
1640 1389 1677 1415 di-

892 1433 958 1456 cunt
968 1430 1152 1457 Abrahamum
1162 1431 1277 1465 primum
1285 1431 1421 1467 Egyptiis
1432 1433 1585 1468 astrologia
1592 1437 1677 1460 artem

893 1476 1042 1510 aperuisse,
1057 1476 1156 1503 deinde
1170 1483 1185 1503 a
1200 1476 1334 1505 Chaldaeis
1353 1477 1380 1504 in
1398 1477 1528 1505 Graeciam
1547 1479 1676 1512 ﬂuxisse;

893 1521 926 1548 de
945 1521 1045 1555 quibus
1066 1521 1191 1549 inferius.
1206 1520 1342 1556 Josepbus
1358 1526 1448 1550 tamen
1464 1523 1604 1551 inventum
1625 1525 1676 1552 hoe

894 1567 977 1595 Setho
993 1568 1099 1595 tribuit.
1118 1568 1203 1603 Cujus
1220 1576 1285 1596 sane
1296 1569 1396 1597 divina:
1407 1571 1475 1598 artis
1491 1571 1675 1603 inventionem

892 1621 908 1641 τι
928 1613 1061 1649 profanis,
1085 1614 1209 1650 profanis
1230 1615 1387 1643 hominibus
1409 1617 1510 1644 ascribi
1541 1617 1605 1652 quid
1625 1618 1675 1644 mi-

891 1659 972 1686 rum?
994 1659 1098 1688 Plinius
1123 1661 1170 1688 lib.
1191 1669 1239 1693 vn,
1256 1668 1318 1696 cap.
1339 1661 1385 1693 56,
1405 1662 1583 1698 Astrologiam
1597 1664 1674 1690 Atlas

891 1705 980 1741 Libya:
996 1707 1079 1741 ﬁlius,
1095 1712 1123 1733 ut
1143 1707 1190 1734 alii
1206 1707 1338 1743 ﬁgyptii,
1354 1713 1381 1734 ut
1399 1708 1447 1735 alii
1462 1709 1578 1745 Assyrii.
1597 1709 1674 1737 Ideo-

891 1759 944 1786 que
954 1752 1052 1779 cmlum
1067 1752 1189 1781 humeris
1204 1758 1326 1789 gestasse
1341 1753 1522 1782 tradiderunt.
1539 1754 1674 1784 Diodorus

891 1798 1026 1834 Egyptiis
1054 1799 1206 1831 exordium,
1225 1799 1334 1828 Servius
1348 1799 1364 1826 6
1377 1799 1480 1835 Virgilii
1496 1799 1594 1836 Ecloga
1608 1801 1673 1829 Pro-

891 1844 996 1871 metheo
1025 1844 1150 1872 sideralis
1179 1845 1262 1879 hujus
1287 1845 1409 1872 scientiae
1438 1844 1542 1871 tribuit.
1571 1845 1673 1872 Catena

889 1889 982 1916 Grieca
996 1890 1022 1916 in
1036 1889 1155 1917 Erotium
1170 1899 1177 1917 :
1192 1890 1276 1926 Ἐνὼχ
1293 1891 1399 1926 πρῶτος
1417 1890 1499 1926 ἔμαθε
1512 1891 1672 1926 γράμματα,

889 1935 936 1961 καὶ
950 1935 1051 1971 ἔγραψε
1065 1937 1100 1964 τὰ
1117 1939 1216 1972 σημεῖα
1231 1936 1278 1963 τοῦ
1293 1936 1407 1964 οὐρανοῦ
1430 1937 1478 1963 καὶ
1497 1937 1545 1969 τὰς
1560 1937 1672 1973 τροπὰς,

890 1980 935 2006 καὶ
952 1980 1013 2012 τοὺς
1030 1980 1127 2016 μῆνας.

925 2025 1004 2059 lbid.,
1023 2027 1070 2053 lin.
1089 2027 1134 2054 55.
1148 2027 1276 2054 Μέλλων
1288 2027 1343 2062 γὰρ
1355 2027 1510 2062 τελευτᾷν.
1527 2027 1672 2063 Iosephus.

889 2073 978 2108 Antiq.
996 2073 1043 2100 lib.
1060 2081 1148 2108 |,cup.
1163 2074 1196 2100 5:
1212 2074 1311 2108 Σοφίαν
1324 2083 1354 2100 τε
1371 2075 1420 2109 τὴν
1438 2075 1549 2110 περὶτὰ
1561 2075 1673 2111 οὐράνια

888 2120 933 2146 καὶ
948 2119 996 2155 τὴν
1006 2120 1100 2146 τούτου
1115 2120 1292 2155 διακόσμησιν
1308 2121 1467 2155 ἐπενόησαν.
1488 2121 1572 2157 Ὑπὲρ
1585 2121 1613 2148 δὲ
1625 2123 1672 2148 τοῦ

890 2165 926 2200 μὴ
948 2165 1087 2199 διαφυγεῖν
1105 2165 1169 2196 τοὺς
1185 2165 1343 2200 ἀνθρώπους
1364 2166 1399 2192 τὰ
1418 2166 1567 2202 εὑρημένα,
1593 2167 1671 2202 μηδὲ,

887 2211 950 2244 πρὶν
962 2211 1001 2242 εἰς
1011 2211 1109 2244 γνῶσιν
1119 2211 1215 2242 ἐλθεῖν,
1224 2211 1368 2247 φθαρῆναι,
1380 2212 1567 2247 προῃρηκότος
1578 2212 1673 2246 ἀφανι-

888 2256 955 2291 σμὸν
978 2255 1092 2291 Ἀδάμου
1118 2256 1171 2282 τῶν
1186 2256 1253 2283 ὅλων
1267 2256 1374 2283 ἔσεσθαι
1391 2257 1436 2283 τὸν
1456 2258 1504 2292 μὲν
1520 2257 1579 2284 κατ’
1596 2258 1672 2293 ἰσχὺν

889 2301 983 2336 πυρὸς,
1004 2301 1048 2328 τὸν
1065 2301 1159 2337 ἕτερον
1180 2302 1208 2328 δὲ
1231 2302 1301 2329 κατὰ
1317 2302 1377 2337 βίαν
1389 2303 1435 2328 καὶ
1449 2302 1550 2337 πλῆθος
1567 2303 1670 2335 ὕδατος,

888 2348 986 2383 στήλας
1000 2347 1046 2374 δύο
1061 2348 1251 2383 ποιησάμενοι,
1273 2349 1323 2384 τὴν
1343 2348 1392 2383 μὲν
1408 2349 1440 2375 ἐκ
1457 2348 1577 2381 πλίνθου,
1592 2350 1640 2385 τὴν
1652 2350 1672 2376 δ’

886 2393 982 2428 ἑτέραν
1002 2394 1034 2419 ἐκ
1055 2393 1149 2424 λίθων,
1172 2393 1338 2429 ἀμφοτέραις
1361 2393 1514 2429 ἐνέγραψαν
1534 2394 1568 2420 τὰ
1588 2395 1671 2429 εὑρη-

888 2440 965 2475 μένα,
980 2440 1034 2473 ἵνα,
1055 2441 1101 2468 καὶ
1116 2440 1316 2477 τῆςπὲανθίνης
1338 2440 1531 2476 ἂςξανῖσῦῖὲης
1544 2440 1671 2474 ⁴ιῖιπτίζτῆς

886 2486 1047 2522 ἐπομϐρίας,
1066 2489 1082 2522 ἡ
1097 2487 1183 2523 λιθίνη
1208 2488 1324 2523 μείνασα
1348 2488 1475 2523 παράσχῃ
1499 2487 1594 2522 μαθεῖν
1615 2489 1669 2519 τοῖς

885 2532 1038 2567 ἀνθρώποις
1054 2533 1088 2560 τὰ
1099 2534 1321 2569 ἐγγεγραμμένα,
1337 2534 1455 2569 δηλοῦσα
1468 2534 1514 2560 καὶ
1531 2533 1670 2568 πλινθίνην

884 2578 906 2604 δ’
921 2579 965 2604 ὑπ’
982 2579 1071 2605 αὐτῶν
1094 2580 1265 2614 ἀνατεθῆναι.
1290 2580 1373 2606 Μένει
1396 2581 1417 2606 δ’
1439 2580 1501 2615 ἄχρι
1521 2579 1569 2605 τοῦ
1590 2579 1669 2615 δεῦρο

884 2624 954 2651 κατὰ
978 2625 1027 2660 τὴν
1052 2626 1178 2660 Συριάδα.
1205 2625 1302 2653 Eadem
1327 2625 1383 2653 fere
1407 2626 1540 2657 Zonaras,
1567 2625 1666 2653 Annal.

885 2675 950 2697 tom.
966 2670 987 2702 1,
1001 2671 1100 2705 quibus
1112 2671 1254 2698 columnas
1275 2672 1356 2699 hasce
1376 2679 1391 2698 a
1409 2673 1493 2699 Setino
1513 2673 1570 2700 sive
1586 2673 1669 2700 etiam

884 2715 944 2748 ejus
963 2716 1110 2750 nepotibus
1130 2716 1276 2750 superstite
1291 2716 1394 2743 Adamo
1410 2716 1495 2744 fuisse
1514 2721 1668 2744 exstructas

885 2761 1059 2789 manifestum
1085 2766 1136 2789 cst.
1160 2762 1298 2790 Marianus
1314 2763 1414 2790 Scotus
1433 2771 1487 2790 non
1503 2764 1538 2790 ab
1553 2763 1667 2791 Adamo.

885 2808 931 2836 sed
948 2808 981 2836 ab
995 2808 1149 2836 Abrahamo
1167 2813 1341 2839 constructas
1361 2811 1452 2838 refert.
1476 2811 1668 2840 Genehrardu
