1897 3073
211 119 263 146 979

888 121 1010 149 LEONIS
1027 121 1164 150 ALLA'I'II

1789 129 1838 157 980

211 180 408 215 Chrauograph.
425 180 473 208 lib.
490 188 510 212 I,
527 188 574 208 eas
590 181 671 208 modo
686 181 805 212 tabulas,
822 181 904 209 modo
918 186 998 209 vocat
1014 185 1035 212 Α
1050 184 1119 210 mine
1141 184 1185 210 ubi
1209 190 1371 220 regnaretur.
1395 186 1501 214 condita
1530 192 1569 214 est
1596 189 1702 216 ciuitas.
1733 189 1836 217 Tertim

210 226 369 257 columnas;
382 225 489 253 tandem
503 227 598 254 scribit
624 234 671 255 eas
684 227 768 255 fuisse
785 228 901 260 tabulas,
918 237 999 256 unam

209 279 311 298 aeneam
329 275 426 298 contra
449 279 527 306 aqua:
549 274 707 305 illuviones,
726 275 838 301 alteram
855 275 1000 302 lateritiam

209 321 303 344 contra
319 317 391 352 ignis
399 318 647 353 conﬂagrationes;
665 320 692 347 in
708 328 824 355 quarum
837 321 923 355 prima
935 321 1000 348 libe-

208 363 281 389 rales
298 368 372 391 artes
389 365 539 399 praesertim
555 366 708 393 doctrinam
726 367 759 394 de
773 367 836 400 Deo,
849 371 876 394 et
893 368 999 396 mathe-

209 409 317 440 matica,
343 409 370 437 in
396 410 482 438 altera
504 412 715 446 promissionem
730 413 764 440 dc
784 414 899 445 semine,
916 414 942 441 id
957 419 1000 442 est

207 454 329 487 Christo,
356 455 422 483 Adae
447 456 559 489 factam,
588 458 721 490 caelatum,
746 461 932 494 scripserunt;
951 460 998 488 sed

207 503 336 528 auctores
353 502 424 529 unde
440 502 498 530 haec
512 503 610 530 haheat
623 503 816 541 Genebrardus
827 513 881 532 non
894 506 995 538 laudat,

207 553 276 581 quos
291 550 357 582 puto
372 555 428 575 non
444 549 546 576 multos
560 553 680 581 exstare,
700 554 727 577 et
744 550 767 578 si
783 551 845 586 quis
860 551 906 578 ille
923 556 997 579 esset

207 600 262 619 non
275 594 425 627 probabilia
441 594 575 628 dicerent,
591 603 641 623 nec
656 596 684 623 in
699 596 812 624 historia
831 601 888 624 tuta
901 602 928 625 et
941 598 997 632 pri-

207 647 280 666 mum
295 645 392 667 contra
405 640 611 668 Genebrardum
629 643 788 670 necessario
805 643 994 671 allirmandum

205 690 258 716 est,
277 685 304 712 in
321 686 375 714 illis
390 686 492 714 tabulis
506 687 563 714 sive
577 688 714 716 columnis
732 689 825 715 calata
841 696 896 716 non
911 689 996 717 fuisse

205 731 325 763 diversa,
337 735 364 759 et
381 732 433 758 alia
452 740 484 759 ac
499 733 551 759 alia
565 742 572 760 :
588 734 635 761 sed
650 742 711 768 quae
728 734 756 761 in
772 742 838 767 una,
858 735 952 762 eadem
968 739 995 764 et

205 778 232 804 in
248 777 311 805 alia.
332 778 432 807 Demus
446 780 518 807 enim
533 774 606 815 quod
621 784 647 808 et
664 780 698 808 de
714 781 778 814 Deo,
798 785 825 809 et
844 782 994 809 mathema-

204 824 269 856 tica,
288 829 315 852 ct
335 825 369 852 de
384 826 568 861 promissione
587 827 712 859 seminis,
728 828 801 862 quod
813 831 886 856 esset
903 828 992 855 adhuc

203 870 312 898 dillioile
335 872 462 907 probatu,
485 872 647 908 scripserint
671 874 699 901 in
723 881 799 901 aenea
816 883 823 902 :
838 875 995 902 necessario

208 920 297 944 tamen
314 917 453 945 fatendum
469 923 521 950 est,
540 919 598 946 hau:
613 919 707 946 eadem
728 924 756 947 et
772 920 799 946 in
816 920 934 948 lateritia
947 920 995 948 de-

208 963 364 998 scripsisse,
378 968 405 992 et
419 973 475 992 non
494 965 613 993 diversa.
635 964 766 993 Sciebant
786 967 918 994 mundum
938 967 995 994 col-

206 1010 358 1044 lapsurum,
381 1010 456 1038 dubii
479 1019 513 1038 an
537 1012 617 1047 aquis
639 1012 811 1045 immersam,
827 1014 870 1041 vel
885 1013 993 1049 ignibus

201 1056 400 1092 conflagratum
418 1061 468 1085 :ut
491 1057 645 1085 doctrinam
672 1063 825 1092 servarent,
841 1063 867 1087 et
883 1060 995 1095 utrique

203 1102 376 1130 incommodo
401 1104 579 1132 subvenirent
602 1108 751 1132 exstruunt
777 1105 827 1133 has
852 1105 920 1133 duas
945 1114 992 1134 eoo

201 1151 319 1180 lumnas.
341 1151 455 1178 alteram
477 1159 509 1178 ex
532 1159 597 1184 tere,
615 1152 658 1180 vel
678 1156 707 1179 ut
727 1152 817 1187 placet
833 1157 930 1180 nostro
943 1160 993 1180 au-

199 1196 280 1226 ctori,
309 1195 497 1232 digniorisque
525 1201 597 1224 notae
622 1197 815 1232 scriptoribus,
840 1206 874 1225 ex
890 1198 989 1233 lapide,

200 1242 312 1269 alteram
326 1250 360 1270 ex
377 1243 522 1270 coctilibus
539 1243 689 1271 laterculis.
716 1243 762 1271 Sic
785 1243 856 1271 enim
877 1252 930 1272 aere
949 1245 990 1272 vel

198 1287 289 1323 lapide
304 1289 394 1323 aquis,
416 1289 557 1317 laterculis
573 1289 628 1324 igni
645 1289 816 1323 resisterent,
838 1295 864 1317 et
886 1290 925 1317 sic
941 1290 990 1317 do-

198 1334 315 1361 ctrinam
335 1334 499 1362 mandarent
520 1335 553 1362 ad
577 1340 713 1370 posteros.
735 1335 806 1369 Quid
831 1336 914 1371 igitur
935 1337 989 1365 illis

198 1379 348 1413 profuisset
373 1380 397 1407 si
421 1380 528 1408 diversa
549 1381 746 1416 scripsissent?
764 1382 906 1415 Quomodo
926 1383 988 1420 igne

199 1424 274 1450 illato
289 1431 350 1459 quae
365 1428 445 1451 erant
472 1426 501 1452 in
522 1425 630 1461 lapide,
654 1427 734 1461 aquis
758 1427 852 1456 effusis
877 1437 937 1464 quae
960 1430 988 1457 in

197 1470 339 1498 laterculis
356 1471 588 1498 conservassem?
607 1471 682 1500 Dicet
700 1472 816 1502 fortasse
833 1474 987 1503 Genehrar-

197 1516 258 1548 dus,
275 1515 338 1543 illos
350 1523 405 1543 non
419 1516 528 1549 dubios,
543 1518 590 1545 sed
605 1522 696 1546 certos
707 1518 741 1546 de
753 1520 833 1547 modo
844 1524 870 1548 et
881 1521 986 1550 ratione
999 1531 1023 1562 ε

196 1563 441 1590 consummationis
459 1564 553 1590 mundi
569 1565 712 1593 columnas
724 1566 856 1594 erexisse.
872 1566 986 1595 Frustra

197 1607 280 1642 igitur
296 1609 404 1637 diversa
427 1609 474 1636 illa
497 1610 688 1638 columnarum
710 1613 854 1643 materies:
877 1618 905 1641 et
921 1622 985 1647 una,

195 1661 256 1688 qua:
266 1654 361 1682 mundi
373 1655 480 1682 excidio
497 1656 642 1684 incolumis
654 1662 747 1692 posset
756 1666 911 1693 superesse,
920 1661 987 1688 satis

196 1698 311 1732 fuisset;
329 1699 387 1732 sed,
398 1701 461 1735 quia
482 1701 579 1728 incerti
599 1703 739 1730 materiam
757 1704 827 1732 hanc
843 1705 884 1732 vel
906 1705 986 1733 aliam

196 1746 303 1773 incerto
316 1747 409 1779 modo,
431 1752 457 1775 et
471 1749 571 1776 rationi
588 1750 688 1778 excidii
707 1757 907 1786 pra'pararunt.
929 1751 987 1779 Pli-

196 1791 270 1824 nius,
287 1792 335 1820 lib.
352 1800 399 1825 vu,
416 1800 478 1828 cap.
494 1793 538 1827 56,
557 1802 589 1822 ex
608 1795 728 1831 Epigene
744 1796 777 1823 de
791 1797 834 1824 bis
850 1798 986 1826 columnis

196 1838 254 1866 haec
282 1839 387 1866 habet:
404 1839 428 1866 E
456 1840 559 1868 direrso
587 1841 712 1877 Epigenes
736 1843 806 1877 apud
824 1843 985 1879 Babylonios

194 1892 281 1912 occxx
314 1894 446 1913 annorum
478 1887 673 1915 observationes
690 1886 820 1915 ‘siderum
848 1890 985 1917 coctilibus

194 1931 331 1959 laterculis
350 1932 492 1967 inscriptas
514 1933 599 1966 docet,
615 1934 704 1968 gravis
720 1939 814 1961 auctor
826 1935 854 1961 in
870 1935 963 1968 primis
976 1942 985 1962 :

195 1977 240 2012 qui
259 1978 397 2004 minimum
413 1977 538 2010 Berosus,
555 1984 579 2005 et
599 1978 764 2007 Critodemus
784 1987 921 2008 ccccuxx
937 1989 985 2008 an-

195 2032 300 2052 eorum.
317 2023 360 2050 Ea:
374 2032 424 2059 quo
437 2031 545 2059 apparet
558 2030 672 2053 wternus
685 2026 836 2054 litterarum
850 2035 923 2055 usus.

228 2069 289 2097 Col.
306 2070 366 2101 752,
383 2071 432 2099 lin.
456 2071 498 2099 ll.
527 2071 684 2106 Ἐτέννησε
710 2072 744 2099 δὲ
770 2075 786 2100 ό
807 2073 890 2100 Κάιν.
909 2073 986 2101 Hanc

194 2114 272 2143 Caini
290 2116 413 2144 sobolem
431 2118 508 2145 multi
524 2119 600 2152 parvi
613 2119 760 2151 duxerunt,
778 2128 840 2147 cum
856 2120 883 2147 in
900 2127 985 2155 aqua-

195 2170 255 2188 rqu
272 2162 451 2191 inundatione
466 2165 574 2199 penitus
592 2165 735 2200 absumpta
752 2165 798 2197 sit,
823 2165 938 2200 ideoque
955 2166 982 2193 in

1053 229 1167 261 Gaidad,
1184 239 1258 264 quem
1271 233 1359 266 genuit
1377 232 1488 259 Enoch:
1507 238 1616 268 quartus
1632 233 1745 267 Muniel,
1763 243 1837 270 quem

1050 275 1138 308 genuit
1163 275 1267 303 Gaidad
1285 285 1295 304 .°
1321 278 1428 313 quintus
1454 277 1614 312 Mat/lustret,
1644 288 1720 315 quem
1749 282 1836 315 genuit

1050 320 1151 348 Ilaniel
1163 330 1170 349 :
1183 327 1272 350 sextus
1289 322 1412 356 Lamech,
1428 332 1502 359 quem
1518 325 1605 359 genuit
1619 325 1781 356 Mathusnel,
1793 327 1838 360 qui

1049 369 1174 401 septimus
1187 373 1225 395 est
1242 369 1273 395 ab
1287 370 1373 396 Adam
1388 379 1434 405 per
1448 370 1526 398 Cain.
1538 371 1748 399 Generatiouem
1764 371 1836 398 hanc

1048 413 1158 448 vulgata
1181 413 1265 440 editio
1288 415 1339 442 etsi
1360 419 1464 442 mutato
1487 416 1596 443 nomine
1622 417 1703 444 habet
1727 424 1791 452 cap.
1810 425 1835 444 iv

1049 458 1161 487 Genes.:
1175 459 1259 487 Porro
1276 461 1326 495 ipsi
1343 460 1449 488 Henoch
1465 467 1543 490 natus
1554 467 1592 489 est
1610 462 1687 494 Irad,
1704 461 1770 489 lrad
1787 471 1835 489 au-

1049 508 1099 531 tem
1110 505 1198 539 genuit
1211 504 1348 537 Mehviael,
1358 505 1485 533 Mehviael
1499 508 1586 542 genuit
1599 507 1762 541 Mathusnel,
1774 507 1834 534 Ha-

1047 550 1150 578 thusael
1171 560 1229 578 vero
1250 554 1338 587 genuit
1361 552 1489 586 Lamech;
1503 558 1529 580 et
1543 553 1656 580 Lamech
1672 554 1763 586 duxit,
1779 559 1832 581 etc.

1048 596 1223 633 Septuaginta
1247 599 1340 633 legunt
1363 599 1536 626 Μαθουσάλα.
1558 599 1739 627 Levissimam
1764 600 1834 628 hanc

1045 645 1222 679 exscriptoris
1234 645 1336 680 πλάνην
1346 645 1559 680 agnovitCatena
1571 645 1664 672 Graeca
1676 646 1703 672 in
1718 645 1814 673 Cenes.
1823 655 1833 672 :

1045 691 1126 726 Παρὰ
1143 693 1199 722 τοῖς
1228 691 1427 726 Ἐὃδομήκοντα
1448 691 1609 718 Μαθουσὰλα
1626 693 1726 719 κεῖται.
1748 691 1833 719 Τοῦτο

1045 736 1073 763 δὲ
1092 736 1178 772 πλάνη
1201 736 1320 772 γραφική
1340 737 1423 762 ἐστιν.
1445 737 1474 762 '0
1493 737 1546 772 γὰρ
1560 736 1726 763 Μαθουσάλα
1739 738 1771 763 ἐκ
1784 737 1833 768 τῆς

1046 782 1215 817 συνεστώσης
1237 783 1333 816 γενεᾶς
1353 782 1411 808 ἐστι
1433 781 1480 808 τοῦ
1505 782 1569 817 Σήθ.
1597 783 1625 809 '0
1643 782 1700 819 ηὰρ
1715 783 1771 809 ἀπὸ
1786 783 1832 809 τοῦ

1045 828 1116 854 Κάῐν
1135 828 1298 855 Μαθουσάλσ.
1320 828 1452 862 καλεῖται,
1476 828 1514 860 ὡς
1530 827 1672 864 ὲξώριςται
1692 829 1764 864 μετὰ
1779 829 1832 855 τῶν

1045 874 1155 901 λοιπῶν.

1080 918 1145 946 Ibid.
1158 919 1213 946 Kal
1222 920 1238 946 ὁ
1250 919 1349 954 Λάμεχ
1365 918 1598 954 δύο.Τὶ]εορ1ιίΙιιδ
1612 919 1648 946 ad
1659 919 1829 955 Autolycum,

1044 965 1090 992 lib.
1108 973 1127 992 ll
1147 975 1153 992 :
1169 966 1196 991 '0
1211 965 1241 991 δὲ
1255 966 1350 1001 Λάμεχ
1361 965 1456 992 ἔλαϐεν
1469 966 1557 1001 ἑαυτῷ
1570 966 1617 993 δύο
1628 967 1773 1000 γυναῖκας,
1787 964 1831 998 αἷς

1042 1011 1160 1046 ὀνόματα
1182 1011 1245 1038 Ἀδᾶ
1263 1012 1309 1038 καὶ
1331 1011 1409 1038 Zeti.
1425 1012 1537 1038 "Emere
1563 1012 1634 1048 ἀρχὴ
1653 1012 1765 1046 ἐγένετο
1783 1013 1830 1047 τῆς

1042 1056 1213 1092 πολυμιξίας,
1228 1057 1296 1084 ἀλλὰ
1309 1058 1357 1084 καὶ
1371 1058 1421 1093 τῆς
1443 1058 1584 1093 μουσικῆς.
1601 1057 1747 1093 Nugantur
1768 1059 1829 1085 rab—

1041 1103 1109 1135 bini,
1122 1103 1167 1137 qui
1188 1103 1285 1130 volunt
1296 1103 1373 1138 prius
1383 1104 1417 1131 ab
1429 1111 1462 1131 eo
1479 1104 1553 1131 viros
1569 1108 1693 1135 necatos,
1709 1107 1771 1139 post
1783 1104 1830 1131 ad—

1040 1149 1139 1176 ductas
1161 1157 1269 1177 uxores.
1285 1149 1393 1177 Primus
1410 1149 1524 1176 Lamech
1546 1153 1607 1176 ante
1628 1150 1760 1177 diluvium
1775 1150 1829 1179 fors

1039 1200 1064 1222 et
1078 1195 1190 1222 ultimus
1207 1195 1386 1230 polygamiam
1415 1203 1508 1227 ausus,
1524 1201 1548 1222 et
1571 1204 1652 1222 unum
1675 1204 1783 1223 carnem
1802 1197 1828 1222 ir:

1039 1240 1107 1267 duas
1122 1248 1217 1267 ratores
1231 1240 1331 1273 diuisit,
1353 1241 1390 1267 ait
1409 1239 1520 1267 Hieron.
1547 1240 1594 1267 lib.
1611 1249 1619 1267 ι
1636 1241 1738 1268 Contra
1754 1240 1826 1268 lori-

1039 1287 1170 1319 nianum;
1201 1289 1227 1313 et
1244 1285 1370 1318 Tertull.,
1387 1286 1433 1313 lib.
1458 1286 1497 1313 De
1507 1286 1607 1313 exhort.
1621 1291 1702 1319 ασελ,
1718 1294 1779 1321 cap.
1791 1287 1825 1314 5:

1039 1331 1146 1358 Primus
1165 1336 1216 1358 tres
1237 1332 1263 1358 in
1279 1339 1360 1358 unum
1374 1339 1478 1358 carnem
1489 1331 1583 1366 effecit.
1597 1331 1725 1359 Peccavit
1738 1332 1828 1367 itaque

1037 1377 1168 1410 Lamech,
1180 1385 1235 1405 non
1251 1377 1315 1413 quia
1325 1377 1418 1412 plures
1438 1385 1537 1405 uxores
1558 1377 1662 1409 habuit,
1689 1377 1739 1405 sed
1765 1378 1826 1412 quia

1037 1425 1129 1460 plures
1145 1432 1198 1452 uno
1211 1428 1340 1458 tempore.
1352 1423 1422 1458 Lege
1445 1423 1539 1455 Delrii,
1554 1430 1614 1458 cap.
1627 1431 1654 1450 tv
1668 1423 1747 1455 Gem,
1758 1424 1827 1459 opti-

1037 1478 1109 1498 mam
1125 1470 1392 1498 animadversionem
1417 1469 1445 1496 in
1471 1477 1592 1496 errorem
1612 1469 1775 1496 Tertulliani
1791 1469 1827 1496 De

1037 1517 1219 1552 manogamia.
1229 1516 1420 1544 Genebrardus
1430 1515 1513 1543 refert
1526 1523 1557 1543 ex
1570 1515 1825 1547 rabbinis,Lamech

1039 1563 1191 1591 venationis
1203 1563 1356 1597 exemplum
1369 1563 1486 1598 posteris
1497 1562 1652 1597 reliquisse,
1663 1570 1741 1589 arma
1753 1563 1826 1589 inve-

1038 1611 1121 1644 nisse,
1136 1614 1163 1638 et
1180 1610 1341 1643 fabricasse,
1356 1610 1457 1645 quibus
1473 1609 1562 1637 aedes
1578 1609 1685 1637 tierent.
1702 1608 1824 1644 Joseph.,

1037 1656 1085 1684 lib.
1104 1665 1112 1684 ι
1128 1656 1230 1692 Ληιὶᾳ..
1255 1663 1314 1691 cap.
1328 1656 1355 1687 5,
1370 1656 1465 1683 scribit
1484 1656 1558 1682 hunc
1576 1663 1718 1683 sacrarum
1735 1662 1824 1682 rerum

1036 1703 1153 1738 peritum
1173 1711 1202 1730 se
1227 1703 1357 1730 luiturum
1384 1709 1479 1738 poenas
1510 1701 1671 1737 praedixisse
1701 1702 1826 1728 fraterna:

1036 1749 1118 1777 caedis
1142 1756 1156 1776 a
1173 1748 1260 1776 Caino
1285 1748 1374 1782 factm,
1399 1748 1473 1775 haud
1497 1747 1580 1775 dubie
1601 1747 1718 1775 diluvio.
1743 1747 1824 1777 idem.

1037 1793 1161 1822 Genebra
1165 1790 1229 1821 rdus
1234 1814 1240 1822 .

1072 1839 1153 1873 lbid.,
1163 1840 1212 1866 lin.
1223 1840 1266 1866 15.
1280 1840 1330 1866 Ἐκ
1337 1838 1396 1873 μὲν
1409 1838 1464 1872 τῆς
1474 1837 1575 1864 ’Ᾱδάνκ
1586 1836 1647 1864 Non
1661 1837 1721 1872 ipse
1732 1840 1825 1872 pasto-

1036 1887 1106 1914 ritiaz
1122 1886 1189 1913 artis
1203 1885 1345 1912 institutor
1367 1884 1410 1912 vel
1434 1887 1529 1911 auctor
1546 1893 1552 1910 :
1571 1882 1620 1911 sed
1650 1889 1718 1910 nece
1734 1882 1824 1909 Abelis

1036 1934 1256 1964 intermortuam,
1268 1937 1295 1958 et
1308 1931 1386 1965 quasi
1403 1931 1518 1966 sopitam
1533 1934 1583 1958 sae
1600 1929 1692 1956 studio
1704 1928 1826 1963 ingenio-

1036 1987 1089 2015 que
1103 1979 1234 2010 restituit,
1247 1981 1274 2005 et
1289 1978 1347 2012 ipse
1358 1985 1466 2012 gregem
1481 1977 1563 2012 pavit.
1572 1975 1824 2002 Tabernaculorum

1036 2026 1100 2053 item
1113 2033 1192 2052 usum
1206 2023 1316 2058 adjecit.
1329 2022 1496 2059 Theophilus
1505 2022 1539 2049 ad
1551 2021 1712 2052 Autol.,lib.
1725 2028 1745 2048 ιι
1755 2030 1762 2048 :
1773 2020 1826 2046 Καὶ

1036 2073 1050 2099 ὸ
1069 2071 1208 2107 μὲνἌὸὴλ
1223 2071 1331 2104 ἐγένετο
1348 2069 1417 2104 ἀνὴρ
1434 2070 1463 2095 ὲν
1483 2069 1568 2104 σκηνῇ
1586 2068 1791 2103 κτηνοτρόφων.

1072 2117 1152 2149 lbid.,
1168 2117 1215 2143 lin.
1234 2117 1278 2143 l6.
1293 2116 1347 2143 Καὶ
1363 2116 1416 2142 τὸν
1429 2115 1556 2143 Ἰουϐάλ.
1581 2114 1709 2142 Psallerii
1735 2118 1763 2141 et
1787 2113 1824 2140 ci-

1037 2164 1119 2191 thara:
1133 2171 1212 2191 usum
1229 2163 1365 2190 invenisse
1375 2161 1485 2188 tradunt
1495 2164 1591 2196 praeter
1600 2169 1694 2188 sacras
1709 2160 1824 2187 Litteras

193 2216 224 2234 ea
237 2216 292 2236 non
306 2210 474 2237 conveniunt
487 2216 613 2238 auctores
624 2219 630 2244 ;
643 2212 668 2238 iu
680 2219 711 2238 ea
725 2216 815 2239 tamen
828 2211 971 2239 euarraud:

1051 2210 1179 2244 osephus,
1189 2208 1357 2243 Theophilus
1372 2207 1483 2234 d.loco:
1500 2206 1603 2233 ’[ουὸὰλ
1618 2206 1646 2232 δέ
1659 2207 1735 2232 ἐστιν
1745 2207 1760 2232 ὁ
1778 2214 1825 2231 κα-

195 2259 290 2283 noster
308 2251 469 2284 Eustathius
478 2262 589 2284 secutus
606 2261 649 2285 est
662 2257 771 2285 divinas
787 2257 914 2289 Litteras,
923 2265 983 2293 quae

195 2310 249 2329 non
268 2301 321 2328 alia
337 2302 454 2334 ratione,
473 2303 526 2329 nisi
542 2310 624 2337 parva
640 2303 781 2330 nominum
798 2303 919 2330 formula:
932 2304 984 2330 im-

193 2348 344 2375 mutatione
360 2352 574 2383 prosequuntur.

231 2394 310 2426 lbid.,
329 2394 376 2421 lin.
392 2395 436 2422 15.
455 2396 509 2422 Καὶ
528 2394 615 2428 οὗτος
631 2396 684 2422 τὸν
699 2395 809 2430 Λάμεχ.
830 2395 981 2422 ϐεηριπίιτν

192 2439 245 2467 dus
260 2440 298 2466 ait
314 2447 362 2466 eos
384 2447 488 2471 errare,
517 2441 563 2475 qui
581 2440 698 2468 Lamech
718 2441 802 2467 tilium
825 2440 982 2467 Mathusalae

191 2484 331 2519 accipiunt
346 2493 353 2513 :
370 2485 505 2512 rationem
523 2488 615 2512 tamen
639 2493 724 2519 quare
748 2485 775 2512 id
792 2485 865 2512 dicat
880 2486 982 2513 nullam

183 2530 314 2558 adducit.
337 2529 437 2557 Errant
457 2538 522 2565 ergo
545 2532 656 2558 maximi
677 2532 778 2566 quique
795 2531 901 2563 Patres,
919 2540 981 2558 cum

187 2579 220 2604 iis
242 2575 591 2610 Eustathius,Theophilus
608 2575 641 2602 ad
658 2576 816 2610 Autolywm
832 2577 878 2604 Iih.
890 2585 907 2603 ll
920 2585 925 2602 :
938 2577 983 2612 Τῷ

237 2621 322 2656 Ἑνὼχ
341 2622 473 2657 ἐγεννήθη
492 2622 549 2653 υἱὸς
569 2622 681 2657 ὀνόματι
697 2623 842 2654 Γα¹ίδᾱς,ὂς
855 2623 983 2660 ἐγέννησε

194 2668 214 2691 νὴ
224 2675 232 2691 ι
253 2666 419 2701 καλούμενον
431 2667 518 2702 Mai-,1,
537 2667 582 2693 καὶ
599 2667 676 2703 Μεὴλ
687 2668 732 2694 τὸν
748 2668 923 2699 Μαῦουσάλα,
937 2670 983 2696 καὶ

191 2712 354 2739 intemerata
376 2714 421 2739 τὸν
444 2714 548 2748 Λάμεχ,
575 2715 603 2740 Ὁ
628 2714 655 2740 δὲ
680 2715 774 2750 Λάμεχ
798 2715 892 2742 ἔλαϐεν
909 2716 983 2751 αὑτῷ

204 2756 234 2781 ’2ο
251 2760 391 2790 γυναῖκας.
411 2760 520 2786 Erravit
536 2760 718 2795 Augustinus,
736 2762 782 2788 lib.
808 2771 841 2788 xv
861 2762 900 2788 De
919 2763 983 2789 civi-

202 2808 242 2828 ate
260 2802 318 2834 Dei,
337 2812 397 2839 cap.
408 2805 443 2831 20
460 2814 465 2830 :
487 2805 587 2832 ﬂorum
607 2815 694 2840 regum
710 2808 811 2842 primus
827 2817 883 2835 esse
898 2810 983 2843 potuit

194 2857 248 2876 me
263 2847 328 2875 Cain
347 2857 355 2876 :
375 2850 501 2877 secundus
514 2852 586 2883 ﬁ’ius
602 2852 657 2884 eius
676 2852 776 2885 Enoch,
795 2854 820 2880 in
840 2855 915 2886 cujus
934 2863 982 2881 no-

1035 2256 1160 2289 ταδειξας
1175 2254 1326 2290 ψαλτήριον
1341 2254 1389 2281 καὶ
1406 2254 1532 2289 κιθάραν.
1542 2252 1580 2279 De
1592 2252 1635 2279 bis
1652 2251 1822 2279 Methodius:

1035 2303 1079 2338 Τῷ
1101 2301 1297 2338 τριακοσιοστῷ
1311 2300 1518 2336 τεςσαρακοστῷ
1528 2300 1578 2335 τῆς
1597 2300 1729 2334 Seu-itfng
1746 2299 1824 2335 χιλιά-

1034 2350 1077 2380 δος
1095 2348 1148 2374 ἔτει
1163 2347 1348 2382 ἐπανέστησαν
1361 2347 1519 2381 κακότεχνοι
1536 2345 1642 2381 ἄνδρες,
1656 2345 1773 2380 πονηροὶ
1780 2345 1823 2370 καὶ

1034 2394 1197 2429 παράνομοι,
1217 2394 1329 2428 πλήρεις
1344 2393 1459 2428 ἀνομίας
1484 2393 1515 2418 ὲκ
1528 2391 1583 2418 τῶν
1597 2391 1664 2417 υἱῶν
1679 2391 1727 2417 τοῦ
1746 2391 1822 2421 Κάῑν,

1041 2440 1142 2475 Ἰοιιϐὴλ
1156 2440 1201 2466 καὶ
1217 2438 1358 2473 Θουκιδὴλ,
1374 2439 1456 2465 τέκνα
1471 2437 1516 2464 τοῦ
1536 2437 1631 2472 Λάμεχ
1655 2436 1703 2463 τοῦ
1713 2435 1822 2471 τυφλοῦ,

1034 2485 1081 2512 τοῦ
1094 2485 1303 2515 ἀποκτείναντος
1320 2484 1364 2510 τὸν
1378 2484 1458 2514 Κάῖν.
1471 2480 1507 2510 ὧν
1523 2484 1569 2510 καὶ
1582 2483 1731 2518 κυριεύσας
1745 2483 1760 2508 ὁ
1772 2482 1823 2509 διά-

1035 2532 1111 2563 6ολος
1126 2531 1300 2567 ἐτροπὼσατο
1312 2531 1409 2562 αὐτοὺς
1425 2530 1497 2557 ἅπαν
1514 2528 1584 2561 εἶδος
1598 2530 1730 2565 μουσικὸν
1745 2537 1823 2576 χαῖα-

1036 2578 1181 2608 σκευάσας.
1203 2576 1306 2604 Horum
1324 2584 1403 2604 usum
1424 2575 1496 2603 sicut
1514 2580 1540 2603 et
1553 2575 1670 2602 aliorum
1701 2575 1822 2602 nationes

1034 2623 1201 2650 recentiores
1215 2623 1284 2653 suis,
1295 2622 1337 2649 vel
1352 2622 1414 2649 aliis
1426 2621 1476 2650 sibi
1489 2621 1613 2656 cognatis
1624 2621 1820 2656 ascripserunt.

1034 2669 1087 2695 Alii
1101 2669 1172 2695 enim
1187 2667 1344 2702 Amphioui,
1360 2668 1405 2694 alii
1426 2667 1544 2701 Orpheo,
1561 2667 1672 2701 quidam
1694 2666 1821 2702 Apollini,

1034 2720 1062 2743 et
1075 2715 1120 2742 alii
1134 2715 1195 2742 aliis
1222 2714 1406 2742 inventionem
1422 2714 1494 2740 hanc
1521 2716 1663 2748 acceptam
1691 2713 1820 2740 referunt.

1034 2761 1202 2795 Theophilus
1231 2761 1350 2788 ibidem:
1367 2761 1446 2786 Ἀλλὰ
1474 2761 1525 2795 μὴν
1549 2760 1595 2786 καὶ
1620 2759 1655 2786 τὰ
1685 2759 1752 2795 περὶ
1778 2759 1820 2792 τῆς

1036 2808 1167 2843 μουσικῆς
1184 2807 1357 2842 ἐφλυὰρησάν
1380 2815 1452 2838 τινες
1468 2806 1582 2842 εὑρετὴν
1606 2806 1763 2833 Ἀπόλλωνα
1781 2813 1820 2838 γε·

1034 2853 1162 2887 γενῆσθαι
1174 2863 1179 2868 ·
1198 2854 1270 2882 ἄλλοι
1283 2854 1311 2881 δὲ
1325 2853 1424 2887 Ὀρφέα
1439 2853 1491 2880 ἀπὸ
1502 2853 1551 2885 τῆς
1568 2852 1621 2879 τῶν
1632 2853 1749 2886 ὀρνίθων
1764 2852 1818 2884 ήδιμ
