1897 3073
57 107 104 134 981
571 107 602 134 [Ν
624 107 810 135 EUSTATIHI
831 107 848 134 ll

903 107 1067 135 AEMERON
1086 107 1199 136 nom.
1607 106 1677 142 sea

53 163 152 198 φωνίας
173 164 260 198 φασὶν
279 163 450 211 ἐξευρηκῗιαι
467 165 516 200 τὴν
545 167 686 201 μουσικήν.
709 167 792 198 Κενὸς
812 167 841 193 δὲ
856 169 878 197 Α
892 166 938 192 τοῦ
953 165 1005 200 Σὴο
1024 166 1121 192 δίκαιοι
1140 166 1292 200 γεγόνασιν,
1307 165 1367 192 ὅθεν
1381 166 1397 200 ἡ
1413 165 1507 201 Γραφὴ
1523 166 1604 200 ἑαυτῇ
1612 165 1676 191 ἁκορ

53 210 97 255 καὶ
112 210 258 255 μέταιοςᾌ
277 210 352 244 λόγος
362 210 450 238 αὐτῶν
464 211 609 238 δείκνυται.
625 212 701 239 Μετὰ
714 213 766 248 γὰρ
782 213 844 239 πολ-

53 249 146 291 ).ἕέτῆ
162 255 210 282 τοῦ
228 256 425 292 κατακλυσμοῦ
440 255 511 284 οὗτοι
527 258 659 292 ἐγένοντο.
669 258 750 285 Plura
760 259 792 285 de
803 260 843 287 his

56 301 208 337 Polydorus
220 300 355 336 Virgilius
370 301 406 328 De
424 303 521 330 iuvent.
543 312 640 330 rerum.
654 303 784 330 Dicuntur
796 312 844 331 an-

56 352 146 375 tem-et
171 347 200 374 hi
218 355 302 376 suum
319 349 438 376 musices
456 350 595 376 inventum
616 350 843 384 quemadmodum

55 398 80 421 et
96 394 143 421 ﬁlii
160 393 240 421 Sethi
253 402 296 426 ea,
311 402 371 429 qua:
388 394 421 422 de
436 395 555 423 siderum
577 397 697 424 motibus
724 401 750 424 et
761 397 844 424 disci-

56 442 125 476 plina
143 445 320 475 repererant,
335 441 362 467 in
381 440 516 469 columnis
533 443 656 470 czelasse.

87 485 144 513 Col.
153 485 167 512 ’1
174 485 222 517 52,
234 486 284 513 lin.
297 486 340 513 Π.
350 486 401 513 Ἐκ
415 485 449 513 δὲ
455 486 509 520 τῆς
516 487 624 522 Σελάμ.
635 487 785 522 Sculptura:
795 488 844 515 fuit

56 536 158 563 auctor,
175 530 307 559 fabrilem
322 528 408 560 artem
425 533 539 565 invenit,
551 534 658 560 metalla
671 533 774 565 effodit,
795 542 842 561 eo-

57 586 113 605 rum
134 585 218 605 usum
244 579 362 612 aperuit.
382 578 550 613 Theophilus
575 579 675 607 ibidem
693 589 699 606 :
715 580 800 606 Θόᾶελ
815 580 844 606 δὲ

57 623 161 658 ἐγένετο
187 624 373 660 σφυροκόπος,
395 625 509 659 χαλκεὺς
536 624 636 660 χαλκοῦ
659 626 704 652 καὶ
723 626 843 663 σιδήρου.

58 669 141 704 llujus
164 670 238 697 artis
267 671 338 698 nacti
363 671 533 699 occasionem
557 672 691 705 homines,
710 677 739 700 ut
765 673 844 701 Philo

57 720 82 743 ct
98 715 238 751 Iosephus
254 716 436 749 tradiderunt,
456 718 545 753 primo
561 718 725 753 sculptilinm
740 725 766 746 et
786 719 845 747 ido-

59 764 142 790 lorum
161 763 330 798 imaginibus
345 763 493 791 aderandis
508 772 537 792 se
557 765 700 792 dederunt.
720 765 844 794 Secundo

61 809 170 841 ferrum,
187 813 216 836 et
226 817 265 836 :es
283 809 350 836 rude
365 809 392 836 in
405 809 468 836 belli
482 810 661 838 instrumenta
681 812 842 844 exacuendi,

893 211 1023 238 λουθοῦσα
1039 211 1106 246 μετὰ
1117 211 1202 238 ταῦτά
1215 220 1303 246 φησιν·
1323 221 1331 236 ι
1348 210 1422 237 Εἶδον
1437 212 1461 237 oi.
1480 211 1532 236 υἱοὶ
1544 211 1589 237 τοῦ
1609 211 1676 237 Θεοῦ

892 257 941 289 τὰς
957 257 1108 292 θυγατέρας
1122 257 1176 283 τῶν
1191 256 1349 291 ἀνθρώπων,
1360 267 1368 283 ι
1389 257 1524 283 τουτέστιν
1536 257 1674 287 οἱ,δὶκαιοι.

894 304 931 329 Οὐ
949 304 1003 339 γὰρ
1017 301 1050 338 ἦν
1062 302 1187 338 ἐπιμιξία
1200 302 1253 329 τῶν
1271 303 1334 329 υἱῶν
1350 303 1403 338 Σὴθ
1418 303 1483 339 πρὸς
1501 303 1614 337 τὰίάπὸ
1631 303 1676 329 τοῦ

893 349 973 377 Κάῐν.

929 394 1008 427 lbid.,
1024 395 1071 421 lin.
1087 394 1132 422 27.
1149 394 1203 421 Τοῦ
1220 393 1254 420 δὲ
1266 393 1361 428 Ἰιὶρεδ
1382 395 1456 427 υἱός.
1472 394 1602 426 Zonaras.
1622 395 1677 421 An-

894 440 949 468 nal.
967 446 1032 467 tom.
1049 439 1058 467 l
1075 439 1267 476 ιΕὺηρέστησε
1287 440 1316 466 δὲ
1336 439 1421 475 Ἑνὼχ
1442 439 1479 474 τῷ
1499 440 1602 475 Κυρίῳ,
1630 441 1676 466 καὶ

896 486 1036 522 μετετέθη,
1055 486 1101 513 καὶ
1117 487 1166 521 οὐχ
1186 485 1326 522 εὑρίσκετο
1340 486 1407 512 ἑτῶν
1428 485 1544 520 γεγονὼς
1568 493 1677 521 τριακο-

896 532 960 558 σίων
975 532 1104 567 ἐξήκοντα
1118 531 1164 557 καὶ
1180 530 1270 557 πέντε.
1285 529 1406 557 Primum
1429 529 1473 556 hic
1487 530 1677 557 advertendum

895 577 1088 612 Hieronymum
1108 576 1190 603 veluti
1210 576 1339 603 memoria
1367 576 1471 610 lapsum
1495 575 1582 602 notari
1598 583 1611 602 a
1628 574 1679 603 Pe-

895 624 967 651 rerio
986 624 1013 650 in
1026 622 1129 654 Genes.,
1148 623 1197 649 lib.
1213 630 1251 650 vn
1265 622 1303 657 (id
1324 621 1406 657 quod,
1433 625 1462 648 ut
1484 621 1541 656 ipse
1561 621 1608 652 ait,
1622 628 1680 647 ma-

895 671 955 706 gnis
968 670 1045 702 viris,
1060 669 1104 696 vel
1126 669 1210 696 nimia
1234 668 1372 696 memoriae
1388 668 1496 699 ﬁducia,
1514 668 1554 695 vel
1575 667 1627 694 alia
1652 668 1680 694 in

895 725 924 744 re
954 717 1044 744 studio
1068 723 1188 750 curaque
1212 715 1384 742 vehementer
1404 714 1515 741 intentis
1541 722 1595 741 non
1617 721 1680 741 raro

895 762 1048 798 contingit);
1058 762 1081 790 si
1095 761 1202 798 quidem
1217 761 1289 796 quod
1304 761 1356 788 hoc
1372 761 1431 788 loco
1446 760 1584 795 Scriptura
1599 760 1681 786 tradit

896 808 930 836 de
944 807 1049 842 Enoch,
1064 808 1109 843 qui
1122 807 1253 842 septimus
1273 807 1323 833 fuit
1341 806 1374 833 ab
1392 806 1506 837 Adamo,
1523 806 1581 840 ipse
1601 805 1679 832 attri—

61 859 85 881 et
100 854 296 882 conformandi
319 860 444 883 auctores
463 855 558 888 fuere;
572 863 719 892 utrumque
742 843 846 885 natura),
863 843 881 870 Β
897 854 956 881 buit
971 853 1043 881 Enos
1069 854 1123 880 ﬁlio
1139 853 1216 885 Seth,
1233 852 1326 879 Adami
1341 852 1443 886 nepoti.
1464 850 1509 879 Sic
1524 852 1596 879 enim
1612 851 1682 878 scri—

60 901 180 927 humanae
194 900 470 935 perniciosissimum.

93 945 171 978 Ibid,
190 947 241 974 lin.
258 946 303 973 i9.
327 946 358 973 Ὀ
375 946 409 972 δὲ
428 946 520 981 Ἀδὰμ
535 946 638 982 ζήσας.
651 947 741 975 Editio
754 948 847 976 Graeca

62 990 241 1026 Septuaginta
261 991 445 1026 Interpretum
465 992 494 1019 in
519 994 713 1021 enumerandis
736 995 849 1022 humani

62 1037 164 1070 generis
180 1041 328 1064 auctorum
353 1037 432 1065 annis
451 1045 514 1065 cum
537 1037 671 1066 Iiebraica
691 1038 847 1067 Judaaorum

61 1089 111 1108 non
124 1081 269 1117 conv'enit;
282 1091 376 1110 eorum
384 1083 563 1111 differentiam
579 1085 671 1119 plures
682 1089 848 1114 tractarunt.

64 1127 126 1156 Vide
152 1129 227 1164 apud
248 1129 356 1156 Sixtum
383 1129 544 1162 Senensem,
561 1130 700 1158 Pererium
726 1135 752 1159 et
769 1132 846 1160 alios.

65 1173 145 1200 Graeci
162 1178 275 1201 centum
301 1182 388 1202 annos
406 1175 467 1210 plus
483 1176 607 1202 tribuunt
622 1184 703 1210 quam
731 1176 847 1210 Hebraei,

66 1224 156 1253 printer
171 1219 302 1248 Lamechi
318 1228 415 1254 annos,
435 1222 481 1248 ubi
505 1229 552 1249 sex
570 1222 648 1248 annis
676 1225 780 1249 tantum
807 1223 848 1250 di-

66 1270 148 1299 stant,
163 1271 189 1294 et
205 1266 316 1301 Noethi,
330 1267 356 1294 in
376 1268 477 1302 quibus
493 1268 712 1303 quingentesimo
727 1274 753 1297 et
770 1278 848 1297 sexa-

67 1312 167 1346 gesimo
195 1313 308 1341 omnino
328 1314 506 1341 conveniunt.
534 1313 570 1341 De
590 1315 729 1350 sepultura
752 1316 848 1344 Adami

66 1363 191 1387 constans
216 1364 260 1388 est
276 1359 449 1388 Hebraeorum
474 1361 597 1393 traditio,
615 1362 748 1389 Adamum
774 1371 847 1390 mor-

67 1408 138 1432 tuum
160 1409 187 1433 et
212 1406 349 1441 sepultum
372 1407 401 1433 in
430 1410 503 1434 terra
537 1406 617 1435 Israel
648 1416 731 1443 prope
754 1416 847 1444 agrum

68 1450 326 1484 Damascenum,ibi
352 1453 425 1479 enim
455 1452 543 1480 fuerat
572 1458 741 1489 procreatus,
759 1455 796 1482 ibi
822 1459 849 1482 et

897 901 945 928 bit.
959 901 1007 927 lib.
1024 909 1032 927 ι
1054 900 1184 927 Adversus
1206 899 1379 926 Iovinianum
1394 907 1403 926 :
1424 897 1485 925 Non
1507 907 1566 925 reor
1582 897 1681 925 idcirco

898 947 1058 973 translatum
1072 946 1172 977 Enoch,
1188 945 1256 980 quod
1271 953 1379 971 uxorem
1394 945 1526 976 habuerit,
1545 943 1589 971 sed
1612 942 1681 978 quod

897 992 998 1026 primus
1010 991 1168 1018 invocaverit
1196 990 1288 1022 Deum,
1310 995 1334 1016 et
1350 984 1488 1016 crediderit
1512 989 1539 1016 in
1557 988 1681 1016 Salvato-

898 1046 962 1064 rem.
978 1037 1012 1064 At
1029 1037 1146 1072 primum
1159 1036 1290 1068 omnium,
1302 1036 1347 1071 qui
1362 1043 1460 1062 nomen
1477 1034 1583 1061 Domini
1598 1034 1682 1069 coepit

899 1084 1026 1111 invocare
1037 1091 1091 1111 non
1105 1083 1208 1115 Enoch,
1223 1082 1269 1110 sed
1284 1082 1357 1109 Enos
1373 1081 1455 1109 fuisse
1465 1088 1526 1116 cap.
1541 1089 1577 1113 iv,
1589 1080 1682 1108 Cenes.

901 1129 984 1156 tradit
1003 1128 1121 1164 Moyses.
1148 1127 1302 1155 Secundum
1322 1134 1329 1153 :
1352 1125 1502 1161 Procopius
1529 1124 1633 1152 Gazeus
1648 1133 1682 1153 ex

898 1175 987 1202 verbis
997 1174 1140 1209 Scriptura:
1153 1177 1228 1209 putat
1241 1173 1330 1200 Enoch
1343 1177 1405 1200 ante
1420 1171 1505 1199 fuisse
1518 1171 1686 1207 in1prol;mn,_

898 1226 922 1248 et
936 1220 1108 1255 ﬂagitiosum,
1126 1219 1172 1247 sed
1184 1210 1285 1253 postea
1301 1217 1382 1253 digna
1398 1220 1425 1244 et
1438 1216 1556 1252 perfecta
1569 1223 1681 1243 suorum

899 1267 1032 1294 scelerum
1048 1265 1208 1300 pcenitentia
1221 1271 1276 1290 non
1292 1267 1396 1290 tantum
1411 1261 1571 1289 emendasse
1586 1260 1680 1290 vitam.

899 1312 945 1339 sed
961 1311 1028 1338 adeo
1054 1310 1107 1338 Deo
1132 1309 1278 1345 placuisse,
1295 1313 1325 1335 ut
1351 1311 1502 1334 mereretur
1523 1306 1618 1333 mortis
1635 1313 1682 1331 cx-

900 1366 961 1393 pers
988 1357 1014 1384 in
1039 1356 1144 1384 felicem
1166 1356 1227 1383 vita:
1255 1359 1357 1384 statum
1380 1352 1533 1381 transferri.
1560 1351 1682 1378 Tertium

899 1404 1066 1430 Abenczram
1088 1409 1149 1428 cum
1188 1400 1249 1427 aliis
1264 1397 1684 1427 contendisse:Enochummor-

901 1454 978 1477 tuum
994 1457 1066 1481 esse,
1080 1452 1107 1476 et
1124 1448 1160 1475 ita
1180 1447 1330 1482 Scriptum
1351 1446 1440 1473 locum
1468 1442 1682 1478 intelligendum,

70 1499 149 1525 Vitam
166 1499 299 1527 traduxit.
316 1499 369 1526 Alii
386 1507 419 1526 ex
435 1498 525 1527 losum
542 1508 567 1526 ιν
581 1500 657 1527 aiunt
674 1501 748 1528 illum
762 1502 851 1537 ερρυι-
865 1509 886 1537 C
904 1496 996 1523 multis
1011 1495 1180 1525 rationibus,
1189 1493 1236 1521 sed
1248 1497 1349 1520 temere
1358 1495 1473 1519 conatur
1483 1491 1682 1518 demonstrare.

69 1547 121 1569 tum
138 1543 165 1570 in
181 1543 285 1571 Ebron.
308 1543 470 1571 Nostrorum
487 1549 576 1572 tamen
593 1546 726 1573 sententia
746 1552 797 1580 est,
822 1548 849 1575 in

69 1592 156 1617 monte
177 1589 304 1625 Golgota,
333 1589 359 1616 in
385 1597 440 1624 quo
464 1589 594 1618 Dominus
623 1592 771 1621 cruciﬁxus
789 1594 849 1622 fuit.

70 1632 193 1669 Origenes
217 1638 300 1662 tract.
313 1634 348 1662 55
364 1635 391 1661 in
410 1634 542 1667 Marcum,
569 1635 738 1671 Epiphanius
755 1639 781 1666 in
799 1639 852 1667 ﬁne

72 1678 188 1711 Panarii,
204 1680 373 1708 Athanasius
389 1681 426 1708 De
441 1682 563 1715 passione
576 1681 693 1716 Domini,
708 1683 851 1721 Theophy-

73 1724 155 1753 lactus
176 1727 204 1754 in
221 1726 309 1754 Mat/1.
328 1734 413 1758 xxvn,
427 1726 589 1762 Euthymius
604 1728 681 1761 ibid.,
697 1729 850 1764 Cyprianus

71 1777 189 1800 sermone
206 1774 243 1801 De
257 1774 457 1806 resurrectione,
480 1773 642 1801 Ambrosius
659 1775 706 1802 lib.
726 1784 752 1808 ν,
769 1777 849 1811 epist.

72 1818 146 1849 i9,et
160 1820 235 1847 alibi.

103 1862 179 1897 lbid.,
194 1866 242 1893 lin.
261 1866 307 1894 ξι.
322 1865 414 1899 Ἐνὼς
427 1866 461 1892 δὲ
474 1867 539 1899 υἱὸς
550 1866 613 1894 τοῦ.
629 1858 752 1894 Paternae
763 1868 850 1903 pieta-

73 1909 104 1936 tis
127 1912 238 1947 vestigia
256 1912 438 1947 amplexatus,
460 1912 583 1948 proniori
610 1913 700 1940 animo
722 1913 805 1941 Deum
822 1914 850 1941 in

72 1963 146 1988 quem
156 1965 203 1985 sua
220 1958 313 1986 omnia
329 1958 474 1991 referebat,
482 1959 599 1994 publice,
611 1967 662 1986 nec
676 1960 849 1987 tenebrarum

74 2000 215 2031 involucris
240 2003 376 2036 adoravit,
401 2004 501 2032 avitam
530 2005 688 2039 religionem
717 2006 848 2032 retinens.

73 2044 160 2075 Latius
174 2048 232 2077 haec
247 2050 422 2085 prosequitur
435 2049 567 2078 Vatablus
580 2051 763 2078 comment.in
778 2051 850 2077 hunc

74 2090 167 2121 lorum.
179 2094 250 2122 Ante
267 2094 349 2126 Enos.
363 2095 459 2127 Adam,
471 2095 549 2128 Abel,
567 2095 631 2122 Seth
656 2099 683 2122 et
705 2095 788 2123 Deum
804 2104 851 2123 eo-

77 2137 157 2171 luere.
168 2145 191 2168 et
208 2141 355 2169 sacriﬁciis
369 2141 468 2169 oblatis
482 2141 629 2177 propitium
641 2141 693 2168 sibi
706 2141 849 2169 reddidere

904 1542 975 1569 Mera
993 1540 1117 1576 prodigia
1130 1544 1203 1572 sunt,
1219 1542 1247 1566 et
1260 1538 1346 1565 aniles
1364 1537 1472 1569 fabulae,
1489 1544 1548 1571 qua:
1564 1535 1683 1562 haeretici

902 1588 936 1616 de
952 1591 1039 1614 morte
1056 1585 1161 1614 Enochi
1178 1585 1358 1612 tradiderunt.
1383 1582 1523 1610 Enochum
1546 1589 1601 1608 non
1623 1588 1684 1608 esse

902 1638 1039 1662 mortuum
1064 1632 1236 1667 separatione
1260 1631 1357 1657 animae
1377 1637 1391 1656 a
1414 1636 1527 1663 corpore
1546 1627 1663 1655 violenta
1676 1647 1682 1658 ,

903 1681 950 1708 sed
963 1681 1017 1708 alio
1031 1688 1102 1707 novo
1120 1679 1210 1711 modo,
1224 1685 1321 1713 nempe
1337 1683 1418 1705 exuta
1430 1681 1534 1710 tantum
1548 1675 1684 1710 corrupti-

902 1727 949 1755 bili
972 1730 1080 1758 natura,
1096 1730 1124 1753 et
1143 1725 1297 1753 absolutum
1321 1731 1335 1750 a
1358 1722 1476 1751 miseriis
1493 1723 1572 1756 hujus
1592 1721 1683 1750 saeculi

901 1773 1008 1809 placida
1024 1772 1142 1807 quadam
1155 1779 1188 1798 ex
1204 1771 1255 1797 hoc
1277 1770 1379 1798 mundo
1394 1769 1567 1804 migratione.
1584 1768 1617 1795 Et
1641 1768 1685 1795 ad-

902 1818 979 1850 dunt,
1005 1826 1035 1845 se
1056 1817 1130 1852 loqui
1151 1817 1184 1844 de
1207 1815 1264 1848 tali,
1279 1815 1366 1850 qualis
1392 1814 1487 1842 fuisset
1506 1813 1639 1841 transitus
1657 1814 1684 1840 in

901 1868 972 1891 statu
1000 1863 1171 1895 innocentiae,
1189 1868 1216 1903 et
1239 1862 1328 1896 qualis
1354 1861 1461 1903 futurus
1484 1868 1590 1892 eorum,
1615 1867 1684 1894 quo:

901 1911 959 1938 dies
976 1910 1090 1937 ultimus
1106 1897 1269 1944 superstites
1288 1897 1422 1940 inveniet;
1440 1912 1522 1942 atque
1535 1907 1571 1934 ita
1587 1906 1613 1933 in
1631 1913 1687 1933 mea

901 1958 996 1984 lestem
1013 1956 1128 1991 patriam
1152 1955 1244 1982 Enoch
1265 1955 1426 1982 translatum
1444 1953 1538 1985 fuisse,
1552 1961 1605 1980 non
1621 1953 1683 1987 qui-

901 2003 961 2030 dem
974 2002 1094 2029 futurum
1104 2001 1158 2028 illic
1168 2000 1328 2035 participem
1345 2000 1437 2035 gloria:
1451 1998 1583 2029 caelestis,
1601 2006 1630 2025 se
1639 1998 1685 2024 ab:

901 2049 1020 2077 solutum
1038 2048 1169 2074 duntaxat
1185 2055 1199 2074 a
1217 2047 1336 2074 miseriis
1345 2045 1447 2077 smculi,
1463 2046 1548 2073 donec
1560 2045 1685 2073 Christus

902 2096 929 2122 in
938 2095 1036 2122 ccelnm
1046 2093 1214 2120 ascenderet.
1225 2092 1356 2119 Martinus
1365 2093 1428 2119 item
1445 2091 1604 2121 Borthaius.
1613 2091 1686 2124 ejus-
1718 2085 1723 2091 “

901 2141 961 2168 dem
980 2139 1073 2167 farina:
1092 2139 1182 2166 homo.
1197 2138 1296 2165 fatetur
1317 2137 1456 2164 Enochum
1469 2144 1532 2164 vere
1549 2140 1684 2162 mortuum

76 2181 139 2215 Quin
154 2185 273 2221 Cyrillus
289 2187 336 2213 lib.
353 2194 361 2213 ι
378 2187 477 2214 Contra
490 2187 639 2218 lulianum,
670 2188 774 2218 scribit,
801 2188 851 2215 ho—
866 2191 888 2218 ῐ)
902 2186 990 2222 quoad
1020 2193 1119 2220 corpus
1147 2192 1222 2211 more
1248 2188 1419 2215 cacterorum,
1435 2183 1482 2211 sed
1505 2183 1613 2217 sepulto
1626 2189 1687 2208 cor-

76 2229 157 2258 mines
173 2233 206 2257 ali
218 2231 316 2264 Adam,
336 2239 423 2266 usque
438 2233 471 2259 ad
492 2232 553 2259 Seni
575 2231 660 2259 tilium
677 2232 744 2265 Noe,
765 2233 849 2260 Deum

76 2276 237 2305 conditorem
261 2279 390 2310 coluisse,
408 2286 458 2305 nec
484 2279 567 2306 ullum
595 2279 756 2313 reprehendi
778 2280 849 2314 quod

76 2325 133 2348 ante
146 2322 277 2350 diluvium
293 2324 346 2351 diis
370 2325 477 2357 alienis,
500 2324 541 2351 vel
561 2324 729 2351 daemonibus
742 2324 850 2352 deditus

76 2365 205 2397 obtulerit.
225 2369 263 2397 De
279 2370 437 2397 solemniori
462 2374 553 2397 autem
570 2371 643 2396 cultu
666 2370 754 2397 locum
777 2370 850 2397 hunc

77 2411 256 2450 intelligimus.
266 2416 370 2444 Etcum
383 2417 473 2444 caeteri
486 2417 584 2445 artium
599 2417 761 2449 inventione,
769 2417 850 2444 rebus

77 2459 146 2489 hisce
162 2464 278 2492 terrenis
303 2464 507 2497 incumbentes,
528 2464 633 2491 lucrum
660 2467 686 2491 et
709 2463 851 2490 commoda

77 2513 264 2543 Drmpararent,
277 2508 349 2536 Enos
364 2509 421 2544 ipse
438 2509 536 2543 spretis
551 2509 689 2540 omnibus,
703 2508 786 2535 Deum
799 2508 852 2535 sibi

79 2554 159 2581 solum
175 2564 229 2590 prae
243 2556 350 2584 czeteris
375 2556 550 2591 praepositum
572 2555 705 2586 adoravit,
721 2555 778 2582 suis
797 2555 852 2581 for-

79 2600 146 2628 tunis
160 2601 187 2628 iu
201 2609 234 2629 eo
254 2602 405 2629 collocatis.
429 2601 467 2628 llli
485 2609 528 2629 res
540 2601 573 2628 ad
590 2602 660 2628 hanc
675 2601 757 2628 vitam
775 2602 854 2629 utiles

81 2647 275 2680 excogitabant,
297 2647 324 2674 hi
340 2648 374 2674 ad
391 2647 523 2674 futuram.
537 2647 626 2679 Quare
640 2647 666 2673 hi
679 2646 726 2673 Dei
737 2646 798 2680 ﬁlii,
815 2647 851 2673 illi

81 2689 127 2723 ﬁlii
142 2692 284 2720 hominum.
300 2693 603 2721 Eusebius‘Emissenus
618 2693 719 2720 Catena
730 2693 756 2719 in
770 2692 853 2720 Gen.:

86 2735 126 2762 Ἐν
143 2739 180 2774 τῷ
197 2740 330 2775 Ἐὅραῖκῷ
349 2740 397 2774 οὐχ
411 2738 481 2766 οὕτω
494 2738 578 2772 λέγει,
595 2738 652 2764 ἀλλ’
668 2738 770 2770 οὕτως’
791 2739 855 2764 ’Ἠλ-

84 2790 153 2811 πισεν
183 2786 368 2815 ἐπικαλεῖσθαι
389 2786 429 2821 τῷ
454 2785 565 2820 ὀνόματι
586 2785 685 2820 Κυρίου
708 2784 755 2811 τοῦ
777 2785 852 2811 Θεοῦ·

82 2830 208 2859 τουτέστιν
224 2832 288 2865 Υἱὸς
306 2831 372 2859 Θεοῦ
386 2831 512 2866 λέγεσθαι
532 2831 578 2858 καὶ
596 2830 670 2862 Θεό-ς,
686 2832 716 2857 υἱ
735 2831 787 2866 γὰρ
803 2830 855 2857 ἀπὸ

901 2241 967 2268 pore
992 2231 1081 2267 quoad
1115 2231 1232 2258 animam
1268 2235 1377 2265 propter
1410 2230 1472 2257 ιὶίιυὶ
1500 2228 1689 2264 praestantiam

902 2279 1064 2306 translatum
1093 2277 1119 2304 in
1135 2277 1246 2307 ccelum,
1271 2279 1298 2303 et
1320 2275 1385 2303 ideo
1397 2276 1449 2302 dici
1471 2283 1527 2301 non
1539 2277 1684 2300 mortuum.

902 2322 1099 2357 Antiquissima
1115 2325 1205 2348 tamen
1230 2320 1358 2348 Ecclesia:
1372 2320 1492 2350 traditio,
1511 2323 1537 2346 et
1553 2318 1686 2345 Christia-

902 2377 999 2397 norum
1012 2368 1133 2395 omnium
1146 2367 1300 2402 persuasio,
1312 2370 1337 2393 et
1354 2373 1469 2394 concors
1486 2365 1595 2391 Patrum
1609 2364 1686 2390 theo-

903 2417 1025 2451 logorum
1049 2414 1202 2443 sententia,
1233 2413 1399 2439 contrarium
1424 2411 1516 2447 sentit.
1540 2409 1616 2436 illam
1641 2417 1690 2435 cx-

903 2470 996 2497 presse
1024 2460 1135 2487 tradunt
1152 2460 1277 2488 Clemens
1301 2457 1439 2485 Romanus
1459 2457 1502 2483 lib.
1528 2464 1544 2482 v
1573 2455 1686 2482 Cunstit.

904 2512 986 2542 uposl.
1000 2527 1007 2539 ,
1024 2515 1083 2541 cap.
1102 2507 1136 2539 ὃς
1162 2505 1290 2537 lrenaeus,
1306 2506 1353 2532 lib.
1368 2513 1406 2536 iv,
1427 2511 1486 2538 cap.
1502 2503 1553 2535 30;
1580 2501 1690 2528 Tertul-

904 2554 1003 2585 lianus,
1020 2552 1066 2579 lih.
1085 2551 1122 2577 De
1148 2559 1246 2577 resurr.
1263 2559 1348 2582 carm,
1365 2557 1425 2584 cap.
1449 2549 1499 2581 58;
1523 2548 1688 2583 Cyprianus,

905 2601 952 2626 lih.
971 2599 1008 2625 De
1024 2598 1088 2626 Sion
1101 2602 1125 2624 et
1139 2597 1222 2628 Sina;
1249 2596 1415 2632 Epiphanius
1429 2596 1456 2622 in
1471 2594 1623 2625 Ancorato',‘
1637 2592 1690 2619 Ne-

905 2644 1018 2675 nzesius,
1036 2644 1084 2671 lib.
1100 2643 1137 2669 De
1155 2647 1208 2670 nat.
1235 2642 1346 2672 homin.,
1363 2649 1424 2676 cap.
1439 2641 1475 2673 4;
1498 2639 1689 2674 Hieronymus.

906 2690 953 2716 lib.
966 2697 996 2716 ιιι
1009 2689 1109 2716 Contra
1125 2688 1227 2723 Pelag;
1251 2687 1432 2722 Augustinus,
1446 2686 1492 2713 lih.
1506 2693 1540 2712 xv
1561 2684 1599 2711 De
1618 2684 1690 2711 civit.

906 2735 964 2768 Dei,
981 2742 1041 2770 cap.
1057 2734 1107 2765 29:
1127 2734 1351 2770 Chrysostomus,
1373 2733 1447 2760 hom.
1463 2733 1494 2759 51
1510 2733 1536 2759 in
1552 2731 1644 2759 Cenes.
1665 2735 1691 2757 et

907 2783 935 2808 in
950 2790 1010 2817 cap.
1034 2789 1060 2808 xt
1080 2781 1114 2807 ad
1138 2780 1281 2812 Ilebrwos;
1301 2779 1462 2816 Epliremius
1476 2778 1691 2813 Thcopolitanus

910 2828 1062 2864 patriarcha
1082 2828 1151 2864 apud
1168 2827 1293 2856 Photium
1309 2828 1334 2854 in
1346 2826 1468 2858 Bibliot.,
1481 2826 1541 2853 cod.
1558 2825 1620 2854 “228.
1638 2823 1692 2852 Nec
