1897 3073
31 114 78 144 985

543 118 576 145 ΙΝ
595 116 780 145 EUSTATHII
801 115 1036 144 HEXAEMERON
1051 116 1165 143 ΝΟΤίΕ.

1594 113 1649 145 986

33 178 150 210 lapsuum
166 175 331 210 poenitentia
345 175 462 208 tristem,
483 183 577 203 verum
593 181 620 202 et
637 175 751 202 aliorum
767 175 815 202 de-
829 179 850 205 Λ
865 175 937 202 dinis
961 174 1034 202 mille
1056 174 1273 208 octingentorum
1301 174 1466 207 cubitorum,
1494 173 1648 202 latitudini!

34 223 98 249 lictis
112 222 191 256 quasi
215 221 338 249 stimulis
359 222 522 257 quibusdam
539 227 628 249 actum
648 222 744 249 intime
760 221 814 249 ire-

34 268 137 298 mnisse,
150 272 177 294 et
192 266 325 302 lacrymis
337 267 485 302 supplicem
504 268 537 294 ad
555 266 638 294 Deum
653 267 815 302 delinquen-

33 315 99 341 tibus
113 313 227 347 optimis
244 314 358 341 monitis
373 315 559 346 succurrisse,
573 314 667 349 sicque
686 318 813 340 naturam

33 361 170 387 humanam
191 359 325 391 debilem,
341 363 367 387 et
383 361 555 396 languentem
576 367 626 394 ope
643 359 690 386 Dei
707 360 813 387 instau-

32 413 109 433 rasse.
123 405 190 438 Quae
212 405 343 438 felicitas,
359 405 423 433 dum
443 411 469 433 ct
481 406 547 438 vita,
562 410 588 433 et
604 405 725 441 spiritus,
744 405 813 432 inte-

33 460 75 486 gra
85 451 204 479 duravit.
221 451 371 487 Postquam
389 452 516 485 decessit,
530 452 653 479 homines
669 451 813 478 amaudata

34 497 188 525 verecundia
214 498 340 533 quotidie
364 497 396 525 ad
417 499 531 532 majora,
548 502 575 525 et
593 497 751 525 scelestiora
774 496 814 522 fa-

34 544 116 570 cinora
131 544 283 579 prolapsos
298 551 352 571 non
377 547 419 571 est
435 544 545 572 mirum.
566 543 680 577 Quando
698 547 725 570 et
748 547 813 570 tunc

34 589 73 615 lilii
89 588 132 616 Dei
151 588 267 616 ﬁliabus
282 589 422 615 hominum
446 597 475 616 se
488 589 648 624 junxerunt.
666 587 812 616 Posteritas

35 635 128 663 scilicet
142 633 211 662 Seth
240 635 341 670 pietate
357 635 471 662 celebris
489 639 517 661 et
538 634 593 661 Deo
608 642 712 662 summe
731 634 813 661 chara

34 682 204 715 conjunxerat
222 689 254 708 se
282 688 344 708 cum
366 680 524 715 posteritate
536 680 613 707 Caini
631 680 712 715 impia
726 684 754 707 et
767 687 813 706 nc-

34 736 116 763 quam.
131 727 220 769 Quasi
241 727 346 755 diceret
361 727 457 756 iisdem
471 727 619 754 Sceleribus
642 734 673 753 ac
686 725 812 754 facinori-

33 774 78 801 bus
91 774 231 808 complexa
246 781 341 801 eorum
358 774 451 805 vitam,
465 781 495 801 se
511 773 668 804 immiscuit,
684 776 710 800 et
726 773 752 800 in
766 780 812 800 ea-

34 820 87 847 dem
110 820 174 847 vitia
191 820 321 855 prolapsa
338 824 389 847 est.
399 819 467 847 Vide
486 819 632 847 Chronicon
653 819 812 846 Alexandri—

35 875 98 893 nam.

65 913 90 940 Ci
100 913 117 940 l.
129 913 191 945 752,
204 913 255 940 lin.
266 913 310 941 59.
319 913 364 946 Ὦς
372 910 428 940 οὖν
435 914 452 939 ό
459 912 530 939 Νῶε.
539 911 673 946 Iosephus
682 911 809 946 Antiquit.

35 959 75 986 111).
91 968 109 990 ι,
124 967 183 994 cap.
198 959 215 986 4
232 969 239 986 :
265 960 294 986 '0
311 959 405 994 Νῶχος
421 960 449 985 δὲ
460 961 515 990 τοῖς
532 958 576 985 ὑπ’
593 958 681 984 αὐτῶν
693 966 810 993 πραττο-

37 1005 115 1039 μένοις
134 1004 329 1040 δυσχεραίνων,
344 1006 390 1033 καὶ
409 1005 535 1040 ἀλγηρῶς
550 1004 628 1040 ἔχων,
648 1004 754 1030 ἔπειθεν
765 1004 811 1030 ἐπὶ

34 1051 60 1077 τὸ
73 1052 189 1086 κρεῖττον
201 1051 251 1086 τὴν
263 1051 379 1078 διάνοιαν
392 1051 439 1077 καὶ
453 1051 501 1082 τὰς
511 1050 623 1085 πράξεις
638 1049 809 1084 μεταφέρειν.

39 1097 114 1132 Ὁρῶν
135 1098 156 1124 δ’
173 1098 225 1124 οὐκ
243 1097 401 1128 ἐνδιδόντας.
419 1097 474 1123 ἀλλ’
494 1096 609 1132 ἰσχυρῶς
626 1096 677 1122 ὑπὸ
689 1096 738 1131 τῆς
751 1095 811 1131 ἠδο-

35 1143 77 1177 νῆς
90 1143 140 1170 τῶν
156 1144 252 1170 κακῶν
269 1143 498 1179 κεκρατημένους,
521 1143 568 1168 καὶ
589 1141 680 1173 δείσας
704 1147 741 1177 μη
763 1150 810 1176 φο-

35 1189 153 1216 νεὺεωσιν
166 1190 249 1216 αὑτὸν
262 1189 330 1225 μετὰ
345 1188 491 1222 γυναικῶν,
507 1189 554 1214 καὶ
570 1188 679 1218 τέκνων,
694 1187 741 1214 καὶ
755 1187 810 1214 τῶν

37 1235 129 1266 τούτοις
151 1235 294 1267 συνοίκων,
318 1233 469 1270 ἐξεχώρησε
492 1233 542 1268 τῆς
564 1233 625 1268 γῆς.
645 1233 674 1259 ’0
694 1233 722 1259 δὲ
745 1232 810 1264 Θεὸς

36 1280 118 1308 τοῦτον
146 1281 196 1316 μὲν
219 1281 272 1316 τῆς
291 1279 463 1315 δικαιοσύνης
485 1279 628 1314 metanda“
650 1278 809 1311 κατεδίκαζε

37 1326 60 1352 δὲ
74 1327 120 1353 οὐκ
133 1328 221 1353 ἐκεῖνο
240 1327 320 1362 μόνον
340 1326 389 1360 τῆς
404 1325 512 1357 κακίας.
533 1325 600 1351 ἀλλὰ
617 1324 663 1351 καὶ
679 1325 733 1350 πᾶν
749 1324 810 1350 ὅσον

37 1369 64 1405 ἣν
78 1371 243 1407 ἀνθρώπινον
256 1371 316 1398 τότε
332 1371 409 1403 δόξαν
424 1370 496 1404 αὑτῴ
510 1369 661 1405 διαφθεῖραι
675 1368 722 1395 καὶ
733 1368 811 1403 ποιῆ-

39 1425 77 1443 σειι
99 1417 174 1451 γένος
199 1418 294 1453 ἕτερον
314 1416 444 1452 πονηρίας
464 1415 592 1450 καθαρὸν,
617 1415 810 1449 ἐπιτεμόμενος

37 1464 116 1491 αὐτῶν
131 1465 176 1491 τὸν
191 1464 260 1499 βίον,
277 1465 323 1491 καὶ
338 1464 451 1499 ποιήσας
466 1462 532 1489 ἐτῶν
548 1463 597 1497 οὐχ
613 1462 662 1488 ὅσα
679 1461 810 1498 πρότερον

38 1509 106 1542 ἔζων,
123 1510 178 1537 ἀλλ’
196 1510 293 1538 ἑκατὸν
310 1510 421 1540 εἴκοσιν,
445 1510 484 1540 εἰς
503 1508 638 1535 θάλασσαν
661 1507 709 1544 τὴν
732 1508 810 1543 ἠπει-

39 1563 77 1588 ρον
92 1555 217 1589 μετέϐαλε
227 1576 234 1583 .
248 1556 304 1582 Καὶ
314 1555 338 1581 οἱ
355 1555 403 1590 μὲν
417 1554 503 1585 οὕτως
513 1552 686 1587 ἀφανίζονται
700 1553 810 1583 πάντες.

40 1598 120 1634 Νῶχος
131 1600 159 1626 δὲ
172 1600 288 1632 σώζεται
304 1599 394 1634 μόνον,
409 1598 576 1634 ὑποθεμένου
589 1597 712 1634 μηχανὴν
727 1597 810 1633 αὐτῷ,

38 1645 78 1670 καὶ
97 1645 176 1681 πόρον
196 1647 265 1682 πρὸς
282 1646 419 1682 σωτηρίαν
435 1645 481 1672 τοῦ
499 1644 566 1671 Θεοῦ
586 1645 722 1680 τοιαύτην.

70 1691 145 1723 11›1ι1..
170 1693 220 1720 lin.
246 1693 291 1720 41.
313 1693 366 1721 Καὶ
394 1692 569 1726 προστάττει
596 1691 685 1723 αὐτῷ.
709 1690 811 1717 Mouitu

40 1737 121 1772 itaque
133 1739 269 1774 iussuque
292 1739 339 1766 Dei
366 1747 429 1766 arca
454 1741 594 1766 exstructa
620 1742 671 1766 est.
689 1737 812 1772 Nugatur

39 1791 95 1818 ergo
111 1786 211 1820 pseudo
229 1786 348 1813 Berosus
365 1785 520 1817 Annianus,
533 1786 577 1820 qui
591 1785 639 1817 ait,
657 1784 712 1811 Noe
723 1788 812 1811 astro-

41 1830 107 1863 logia!
129 1831 344 1859 scientissimum
370 1839 402 1858 ex
428 1834 564 1858 astrorum
587 1830 757 1865 inspectione
785 1833 812 1856 et

40 1874 216 1904 observatione
241 1877 400 1912 praevidisse
418 1876 561 1908 diluvium,
581 1884 631 1903 nec
653 1875 737 1902 tutior
757 1874 812 1902 An-

41 1919 115 1948 nius:
133 1922 202 1949 Alibi
213 1922 370 1957 scripsimus
386 1927 463 1957 atque
485 1922 664 1957 probavimus.
684 1921 739 1948 lure
759 1920 811 1948 duo

41 1965 110 1992 simul
129 1967 192 1994 dare
208 1967 409 1994 inundationem
425 1973 555 1994 terrarum
567 1976 583 1994 a
598 1967 686 1994 causis
702 1971 811 1993 natura-

42 2011 101 2038 libus
112 2015 277 2048 processisse,
292 2023 357 2049 quas
372 2014 483 2041 studiosi
497 2015 524 2040 in
538 2018 730 2040 monumentum
743 2014 811 2040 exci-

41 2056 133 2090 derunt,
148 2065 172 2086 et
184 2069 199 2087 a
212 2061 302 2088 divina
312 2060 475 2095 providentia
490 2059 570 2086 simul
583 2059 616 2086 ab
628 2064 725 2086 (eterna
740 2059 810 2086 ordi-

42 2108 132 2135 natam,
145 2109 172 2131 ut
186 2114 237 2140 quo
254 2106 419 2140 potissimum
440 2111 553 2139 tentpore
567 2105 682 2131 homines
697 2104 812 2131 dentere-

42 2153 122 2174 rentur
137 2151 258 2183 perirent.
274 2151 404 2184 Quamvis
421 2151 493 2178 enim
512 2150 660 2181 Aricenna,
675 2150 812 2176 nonnulli-

864 225 1061 251 trecentorum,
1078 220 1230 248 altitudinis
1247 225 1355 247 centum
1375 221 1524 256 octoginta,
1547 221 1649 249 vastis-

864 267 960 294 simam
985 275 1051 294 sane
1073 267 1182 297 molem,
1207 266 1229 294 si
1254 267 1287 294 ad
1309 267 1416 294 cubitos
1434 268 1579 300 solemnes,
1597 259 1647 296 seu

864 321 1022 340 communes
1049 312 1164 340 reducas
1186 322 1194 340 :
1222 313 1274 340 hoc
1294 317 1347 345 est,
1367 314 1449 341 duum
1477 315 1591 342 millium
1613 315 1648 342 ‘et

864 359 1097 394 septingentorum
1120 358 1218 394 pedum
1248 359 1275 386 in
1300 359 1421 394 longum,
1436 360 1648 394 quadringento-

863 413 924 433 rum
946 409 974 432 et
999 405 1198 440 quinquaginta
1220 405 1248 432 in
1267 406 1367 437 latum;
1383 406 1495 434 altitudo
1515 407 1647 434 ducento-

863 460 923 479 rum
948 452 1131 487 septuaginta.
1156 451 1233 479 Hanc
1258 451 1421 479 sententiam
1451 459 1512 478 cum
1540 452 1646 479 Isidoro

862 498 954 526 Clario
974 498 1097 533 sequitur
1114 497 1232 530 Delrius,
1256 498 1319 533 quia
1343 497 1483 532 prolltetur
1503 497 1645 533 Origenes.

863 553 923 580 qua:
947 546 1100 573 traditurus
1124 545 1157 573 de
1176 553 1238 572 arca
1263 545 1397 579 majorum
1421 545 1567 573 traditione
1593 546 1641 573 ha-

863 591 966 622 buisse,
978 596 1003 619 et
1016 591 1079 627 quia
1089 599 1142 618 non
1153 591 1291 626 displicuit
1304 591 1450 625 Augustin.
1462 591 1479 618 l.
1490 599 1496 618 1
1507 591 1608 623 ρυωιι.
1618 591 1647 619 iu

863 635 926 663 Gen.
945 641 973 663 et
990 637 1065 668 alibi,
1081 637 1127 672 qui
1143 637 1325 671 objectionem
1351 637 1424 663 illam
1439 636 1473 664 de
1496 645 1567 664 arcae
1586 644 1646 664 nia-

862 683 1004 719 gnitudine
1018 688 1097 710 vocat
1113 683 1311 718 ineptissimam
1325 683 1501 716 calumniam,
1520 688 1547 710 et
1564 684 1646 711 solvit

863 729 1042 757 similitudine
1057 730 1165 756 urbium
1177 729 1323 763 majorum.
1340 729 1399 756 Non
1412 730 1552 764 displicuit
1563 730 1647 757 etiam

863 776 1015 811 Cajetano;
1037 779 1063 803 et
1084 775 1173 803 Delrio
1190 776 1334 803 ridiculum
1354 775 1471 808 videtur,
1490 777 1570 804 malle
1586 777 1646 803 ani-

863 822 965 849 mantia
983 823 1010 849 in
1033 826 1137 849 arctum
1165 822 1220 849 illic
1243 823 1383 857 compacta
1406 822 1502 854 fuisse,
1525 826 1554 850 ut
1569 831 1646 850 com-

864 868 943 896 mode
965 875 994 895 sc
1013 875 1122 895 movere
1141 872 1169 894 et
1184 867 1285 895 cubare
1305 867 1462 902 nequirent,
1479 875 1560 902 quam
1586 868 1647 896 laxe

864 919 891 944 et
908 915 1053 942 salubriter
1066 914 1173 950 degere.

898 961 978 991 lbid..
998 961 1045 988 lin.
1066 961 1110 988 48.
1137 960 1362 995 Ἐπενεχθέντος
1381 959 1416 986 δὲ
1437 960 1500 988 τοῦ.
1523 960 1646 988 Maxima!

863 1007 937 1034 illius
956 1014 1087 1041 aquarum
1105 1005 1302 1037 inundationis,
1319 1009 1347 1033 et
1363 1004 1521 1040 cataclysmi
1536 1006 1646 1033 univer-

863 1053 929 1080 salis
950 1060 984 1080 ex
1001 1052 1194 1080 vetustissimis
1216 1051 1400 1086 scriptoribus
1417 1051 1565 1078 meminere
1579 1050 1646 1078 Abi-

863 1098 961 1130 denus,
978 1098 1096 1126 Berosus
1122 1101 1149 1126 et
1163 1097 1220 1130 alii,
1238 1105 1307 1132 quos
1323 1104 1445 1125 recenset
1459 1097 1591 1125 Eusebius
1606 1096 1646 1125 De

862 1144 1054 1178 prmparatione
1077 1142 1225 1177 evangeliea
1246 1142 1293 1170 lib.
1308 1151 1347 1173 Ix,
1363 1146 1390 1169 et
1410 1141 1534 1170 Chronici
1557 1142 1645 1177 prima

864 1194 950 1225 parte.
966 1189 1033 1224 Ejus
1055 1189 1206 1224 elegantem
1230 1188 1442 1223 descriptionem
1468 1189 1553 1216 habes
1572 1188 1644 1223 apud

864 1235 1016 1263 Manassen}
1034 1236 1060 1262 in
1076 1235 1235 1266 Annalibus,
1250 1238 1276 1262 et
1291 1234 1417 1262 Basilimn
1431 1233 1643 1262 Seleuciensem.

863 1281 1025 1309 Albumasar
1047 1288 1062 1308 a
1087 1280 1180 1307 mundi
1203 1279 1281 1307 initio
1305 1280 1338 1307 ad
1362 1280 1492 1307 diluvium
1519 1282 1645 1307 numerat

864 1333 951 1353 annos
971 1325 1092 1360 integros
1117 1324 1172 1352 duo
1193 1324 1277 1351 millia
1302 1323 1436 1352 ducentos
1458 1325 1552 1359 viginti
1570 1327 1644 1351 octo.

863 1372 1036 1403 Alliacensis.
1062 1372 1109 1399 lib.
1134 1371 1173 1398 De
1190 1370 1330 1397 concordia
1355 1371 1506 1406 astrologire
1523 1371 1644 1398 etliisto-

863 1419 921 1450 τίω,
936 1418 971 1444 ab
989 1417 1074 1444 Adam
1094 1417 1127 1444 ad
1143 1417 1276 1444 diluvium
1290 1424 1378 1444 annos
1393 1417 1435 1443 bis
1452 1417 1525 1444 mille
1543 1417 1645 1444 ducen-

863 1467 906 1491 tos
932 1463 1113 1499 quadraginta
1136 1466 1199 1490 octo
1224 1462 1346 1495 ﬂuxisse,
1369 1462 1450 1497 idque
1475 1463 1647 1498 astrologicis

864 1509 1020 1536 rationibus
1037 1509 1123 1544 ipsius
1145 1508 1238 1536 mundi
1257 1509 1388 1544 geniturae
1410 1508 1528 1535 themate
1542 1516 1644 1544 propo-

863 1556 916 1584 sito
932 1555 1029 1582 nititur
1045 1555 1169 1590 probare.
1186 1553 1253 1581 Eum
1269 1553 1367 1581 refellit
1383 1552 1502 1581 Joannes
1518 1552 1644 1581 Picus-in

861 1601 963 1629 Λευ-οι,
980 1601 1027 1628 lib.
1043 1609 1069 1627 v.
1092 1600 1128 1626 De
1142 1600 1185 1628 his
1208 1599 1268 1627 vide
1284 1600 1361 1635 plura
1382 1600 1452 1634 apud
1474 1599 1644 1634 chronogra-

861 1647 940 1682 phos.
959 1646 1138 1681 Augustinus,
1158 1646 1204 1672 lib.
1231 1653 1298 1672 xviu
1321 1645 1358 1672 De
1378 1646 1483 1672 ciuitate
1497 1645 1554 1676 Dei,
1575 1653 1600 1672 c.
1614 1646 1643 1678 8,

861 1693 963 1720 nullam
993 1692 1076 1719 fuisse
1093 1699 1143 1719 nec
1172 1692 1242 1726 apud
1262 1690 1381 1722 Graecos,
1412 1698 1463 1718 nec
1476 1691 1546 1725 apud
1567 1690 1643 1718 Lati-

862 1746 912 1766 nos
928 1738 1010 1773 hujus
1025 1738 1118 1764 diluvii
1130 1744 1218 1771 neque
1229 1736 1364 1768 notitiam,
1377 1743 1465 1770 neque
1480 1743 1644 1763 commemo-

861 1785 995 1812 rationem
1024 1783 1132 1811 scribit.
1162 1781 1368 1817 Varronemque
1395 1785 1491 1810 testem
1521 1781 1642 1812 adducit.

861 1831 908 1866 qui
923 1829 1035 1864 Scripsit
1057 1829 1085 1856 in
1101 1828 1286 1856 monumentis
1303 1828 1454 1854 litterarum
1469 1826 1569 1854 veteris
1587 1834 1642 1854 me-

861 1874 965 1906 moriae,
981 1873 1049 1900 nihil
1073 1873 1172 1908 Ogygis
1187 1873 1299 1904 diluvio,
1325 1871 1397 1907 quod
1423 1871 1515 1899 multis
1534 1871 1642 1899 saeculis

860 1924 922 1955 post
939 1919 1080 1946 Noeticum
1098 1918 1207 1950 accidit,
1221 1918 1333 1954 reperiri
1347 1919 1491 1946 vetustius.
1507 1916 1536 1944 ιιι
1552 1922 1641 1944 tamen

861 1965 953 2001 negari
969 1966 1028 1993 sine
1040 1965 1206 1992 contumacia
1220 1964 1355 1996 Percrius,
1370 1964 1415 1990 lib.
1429 1971 1466 1990 xtl
1490 1963 1517 1990 in
1537 1961 1642 1994 Genes.,

861 2013 898 2039 ait
913 2020 967 2039 non
983 2019 1063 2047 posse
1077 2019 1110 2038 cx
1124 2010 1233 2045 Iosephi
1251 2011 1407 2038 testimonio
1427 2010 1474 2037 lib.
1489 2017 1497 2036 1
1511 2009 1642 2044 Antiquit.

861 2067 921 2094 cap.
938 2059 956 2086 4
971 2068 978 2086 ί
992 2058 1080 2093 Hujus
1105 2062 1193 2084 autent
1223 2057 1316 2083 diluvii
1338 2061 1362 2083 et
1384 2065 1453 2084 ama
1474 2056 1643 2083 meminerunt

860 2113 949 2133 omnes
965 2104 1109 2131 barbariae
1121 2103 1238 2130 historia:
1253 2103 1404 2137 scriptores,
1422 2107 1446 2129 et
1461 2103 1488 2129 in
1505 2102 1545 2129 his
1562 2102 1644 2128 Bero-

861 2160 906 2179 sus
923 2151 1075 2182 Chalda'us,
1089 2158 1202 2176 narrans
1214 2149 1283 2176 enim
1297 2148 1328 2176 de
1341 2149 1389 2175 hoc
1402 2148 1500 2174 diluvio
1514 2148 1552 2174 sic
1562 2148 1644 2182 ferme

43 2199 88 2221 que
105 2196 146 2223 alii
167 2197 318 2224 astrononxi
345 2196 504 2228 defendant,
530 2196 647 2223 ellicacia
667 2202 811 2223 causarum
827 2198 850 2227 Ι)
863 2197 991 2224 scribit”
1005 2195 1101 2223 Fertur
1111 2201 1208 2226 autem,
1221 2200 1244 2221 et
1257 2195 1354 2229 nauigii
1361 2194 1438 2228 hujus
1446 2202 1508 2228 pars
1517 2194 1543 2220 in
1553 2194 1643 2220 Arme~

43 2242 202 2274 naturalium,
220 2250 369 2277 earumque
385 2243 410 2270 vi
433 2242 490 2269 ﬁeri
511 2249 590 2277 posse
611 2246 714 2268 tantam
727 2248 810 2276 aqua-

43 2291 94 2312 rum
108 2288 322 2318 ell'usionemzet
346 2289 448 2316 Seneca
469 2289 515 2315 lib.
548 2296 577 2314 111
603 2287 699 2314 Nulur.
716 2292 808 2322 quwst.

43 2331 83 2359 ait.
100 2332 215 2362 futurum
233 2335 380 2370 aliquando
398 2335 450 2361 tale
465 2335 608 2367 diluvium,
623 2338 650 2361 et
666 2341 718 2360 non
731 2341 810 2361 secus

43 2383 112 2409 quam
125 2380 247 2412 hiemem,
260 2390 341 2416 quam
354 2385 486 2409 :estatem.
500 2381 557 2415 lege
567 2380 660 2407 mundi
673 2387 704 2407 ac
715 2383 810 2414 sponte

44 2428 184 2453 venturum.
210 2426 304 2454 Verior
323 2433 412 2454 tamen
435 2426 655 2461 probabiliorun
676 2425 809 2452 sententia

44 2471 166 2497 contraria
180 2477 231 2500 est.
248 2472 313 2500 Eam
328 2473 471 2500 constituit
490 2472 649 2499 Aristoteles
669 2471 716 2498 lib.
733 2479 741 2498 1
758 2470 810 2498 Me-

45 2514 112 2544 ιεοτη
126 2523 183 2550 cap.
200 2517 243 2549 ll,
264 2522 289 2545 et
303 2518 360 2544 alii.
383 2518 508 2553 Consule,
519 2517 716 2545 Damascenum
738 2517 785 2544 lib.
801 2524 809 2543 1

46 2555 112 2585 Fidei
126 2563 238 2595 orthod.,
256 2571 316 2598 cap.
333 2564 350 2591 5

76 2602 146 2637 lbid.,
161 2607 206 2635 lin.
221 2609 265 2636 42.
280 2608 509 2636 Κατασκευὰσαι
521 2608 652 2635 κιϐωτόνι
669 2607 745 2635 Philo
759 2607 810 2635 sub

47 2647 115 2677 linem
131 2653 175 2680 lib.
200 2663 219 2682 11
245 2655 310 2683 Vita:
327 2655 446 2691 Moysis,‘
462 2655 596 2690 Josephus
613 2656 702 2691 Antiq.
719 2656 765 2683 lib.
789 2664 809 2687 l,

46 2700 67 2718 «τ.
81 2694 105 2721 4.
125 2695 151 2724 ln
170 2699 229 2733 ejus
243 2701 366 2734 partibus
381 2700 555 2736 assignandis
576 2702 810 2729 constituendisve

48 2739 140 2768 variant
151 2743 286 2773 doctores.
302 2745 426 2782 Origenis
444 2747 470 2773 in
487 2745 561 2773 liom.
577 2746 604 2777 ἓ,
614 2746 707 2781 opinio
719 2746 810 2781 exagi-

48 2787 111 2812 tatur
130 2788 206 2818 hodie
223 2792 365 2820 sentientis
387 2792 472 2820 fuisse
488 2792 594 2820 cubitos
617 2793 808 2827 geometricos,

48 2836 150 2863 quorum
163 2838 259 2873 singuli
274 2847 432 2868 communes
449 2848 494 2868 sex
512 2840 669 2872 continent;
690 2839 809 2873 longitu-

861 2244 905 2270 nia
921 2242 989 2276 apud
1003 2246 1114 2269 montem
1132 2240 1312 2268 Cordiaaorum
1324 2247 1465 2274 superesse,
1478 2243 1501 2265 et
1516 2238 1641 2273 quosdam

861 2291 974 2317 bimmen
998 2289 1057 2316 inde
1079 2290 1203 2316 abrasum
1232 2295 1320 2314 secum
1346 2291 1490 2320 reportare,
1517 2294 1567 2320 quo
1591 2285 1643 2312 uice

862 2337 971 2364 amuleti
985 2336 1100 2370 laciejus
1112 2335 1228 2362 homines
1242 2333 1384 2360 utisolent.
1398 2343 1406 2358 I
1416 2331 1536 2358 Meminit
1551 2332 1644 2358 horum

859 2388 884 2410 et
900 2382 1075 2416 Hieronymus
1088 2380 1239 2415 Egyptius,
1254 2379 1298 2414 qui
1310 2378 1480 2413 antiquitates
1493 2377 1645 2405 Phoenicum

860 2429 975 2463 scripsil,
995 2433 1019 2455 et
1035 2427 1169 2456 Mnaseas.
1184 2431 1208 2452 et
1232 2425 1280 2452 alii
1300 2424 1397 2458 plures.
1421 2423 1491 2455 Quin
1513 2428 1536 2450 et
1557 2421 1644 2449 Nico-

861 2476 918 2502 laus
937 2475 1127 2504 Damascenus,
1143 2472 1190 2499 lib.
1215 2479 1286 2503 xcvu,
1304 2470 1389 2498 dehis
1410 2471 1486 2496 rebus
1509 2473 1600 2495 narrat
1616 2469 1643 2494 in

858 2522 912 2548 [uec
930 2521 1007 2548 verba
1024 2528 1032 2547 :
1047 2530 1056 2545 ι
1074 2519 1120 2546 Est
1133 2526 1210 2552 super
1224 2519 1353 2552 regionem
1369 2515 1521 2550 Minyarum
1531 2521 1643 2549 magnus

861 2575 935 2593 mons
952 2567 979 2592 in
990 2565 1126 2596 Armenia,
1142 2564 1244 2591 nomine
1259 2562 1348 2594 Baris,
1365 2562 1393 2588 in
1407 2569 1457 2596 quo
1469 2561 1566 2588 multos
1581 2567 1642 2593 pra-

861 2613 936 2648 fugos
959 2611 1052 2638 diluvii
1073 2616 1186 2644 tempore
1205 2613 1324 2647 servatos_
1343 2608 1440 2642 ferimt.
1457 2606 1490 2634 Et
1504 2605 1641 2641 quemdam

862 2667 925 2686 arca
939 2663 1037 2685 rectum
1059 2658 1086 2684 in
1101 2657 1177 2690 hujus
1188 2655 1283 2683 vertice
1301 2654 1418 2686 hrrsisse,
1430 2658 1453 2680 et
1469 2652 1593 2688 reliquias
1609 2651 1642 2678 li-

860 2710 970 2738 gnorum
993 2702 1049 2735 ejus
1071 2701 1146 2735 longo
1167 2706 1280 2734 tenipore
1300 2699 1445 2729 duravisse,
1474 2698 1518 2732 qui
1544 2697 1642 2732 [ortos-

860 2749 896 2775 sis
917 2748 939 2774 is
958 2747 1018 2780 fuit,
1039 2745 1071 2773 de
1090 2753 1140 2781 quo
1158 2745 1238 2771 etiam
1253 2744 1358 2779 Moyses
1379 2743 1469 2771 scribit
1487 2742 1641 2770 Judworﬂnt

861 2793 1004 2828 lrgislalot’.
1024 2801 1033 2817 1
1058 2791 1088 2818 Et
1111 2790 1219 2818 Eusebii
1250 2791 1298 2818 lib.
1330 2799 1357 2817 ix
1380 2790 1416 2817 De
1448 2789 1642 2824 preparations

861 2838 1024 2873 evangelica,
1051 2838 1096 2873 qui
1125 2837 1216 2864 verbis
1245 2835 1355 2871 Josepbi
1383 2844 1415 2863 ex
1443 2836 1571 2871 Abydeno
1597 2835 1640 2862 hi-
