1897 3073
241 104 275 139 98
279 110 294 138 7

925 107 1046 136 LEONIS
1066 107 1203 135 ALLATll
1817 105 1863 132 988

241 171 344 198 storico
361 169 451 197 subdit
475 170 605 196 nonnulla
629 174 656 196 et
670 170 760 206 Cyrilli
778 170 964 202 Alexandrini,
979 169 1026 205 qui
1043 172 1065 199 Α
1079 175 1110 194 ca
1122 169 1162 195 vel
1177 167 1284 194 Latina.
1304 167 1352 194 Sin
1378 167 1460 194 etiam
1478 166 1619 198 scientias.
1629 169 1657 193 et
1673 169 1750 192 artes
1769 172 1864 193 omnes

242 215 275 241 ad
291 214 342 241 hoc
361 213 531 249 probandum
559 214 643 241 refert
674 216 858 242 testimonium
881 216 1028 243 Alexandri

242 261 430 296 Polyhistoris.
451 260 506 287 Nec
527 259 605 287 Plato
622 260 648 287 id
663 260 802 295 ignorasse
830 261 936 288 videtur
947 269 981 288 ex
996 262 1029 288 iis

242 313 302 340 qua:
318 306 399 333 habet
412 307 438 332 in
453 306 562 337 Timaeo,
577 310 640 333 ante
653 306 829 340 particular-ia
841 306 944 333 diluvia
957 306 1028 341 apud

241 353 350 380 Graecos
391 352 557 385 celebratam
592 351 677 378 fuisse
701 351 853 385 antiquitus
880 352 1027 378 maximam

242 398 387 433 quamdam
399 404 531 432 aquarum
543 397 747 425 inundationem
757 402 889 432 terraeque
900 398 1029 424 vastatio-

245 452 315 471 nem.
332 444 372 470 Ad
388 444 440 471 hoc
463 444 526 470 item
544 444 662 479 pertinet
682 443 754 478 quod
770 443 935 478 Pomponius
949 443 1029 477 Mela,

242 489 288 516 lib.
306 497 326 521 ι,
341 497 366 516 c.
378 490 409 516 2!
421 499 428 522 ;
442 493 470 517 et
488 490 591 517 Plinius
609 490 626 516 1.
645 498 670 521 v,
687 497 713 517 c.
730 490 773 522 15,
790 494 817 517 et
833 489 954 522 Solinus,
967 498 1028 526 cap.

242 535 294 567 57,
321 535 433 570 Joppem
463 535 557 562 urbem
585 535 684 562 Judaaaa
710 535 873 562 maritimam
889 536 1030 570 praedicari

242 580 364 606 omnium
407 584 486 607 terra:
523 581 630 608 urbium
656 581 870 608 vetustissimam
901 581 1029 615 credique

243 625 330 652 fuisse
356 629 420 652 ante
445 625 590 653 diluvium.
618 625 683 659 Quae
715 630 846 661 praeterea
872 626 906 654 de
928 626 1030 653 diluvio

243 671 416 698 Deucalionis
434 670 606 702 Plutarchus,
622 672 669 699 lib.
682 671 721 699 De
732 672 841 699 solertia
857 673 939 699 anim.
953 676 1028 700 retu-

243 718 276 744 lit
300 717 333 745 de
359 717 494 748 columba,
507 717 541 744 ad
561 717 701 745 Noeticum
727 718 859 745 diluvium
879 718 1027 753 pertinent.

245 762 305 789 Huc
320 764 383 790 item
398 766 532 797 spectant,
553 771 613 797 quae
624 763 657 791 de
674 763 777 791 diluvio
796 764 814 791 l.
829 772 838 791 ι
853 763 1027 797 Hetamorplr.

245 808 358 836 Ovidius
386 809 490 836 scribit.
506 808 605 836 Verum
632 808 769 841 Pererius,
786 810 832 845 qui
855 815 915 844 post
934 811 1028 844 Augu—

244 854 308 882 stini
329 854 362 881 de
380 855 476 881 notitia
493 854 588 882 diluvii
611 855 772 882 sententiam
790 855 941 890 expositam
954 855 1029 881 afﬁr-
1045 844 1066 871 Β

243 901 326 926 mavit
344 899 369 926 id
389 907 443 926 non
455 907 536 935 posse
547 900 640 935 negari
655 901 714 928 sine
725 901 908 932 contumacia,
925 908 986 928 cum
1001 900 1028 927 id

243 949 333 971 tamen
349 949 477 980 negasset
489 945 667 981 Augustinus,
683 953 716 973 ne
730 945 868 973 videretur
882 951 956 973 tanto
969 946 1029 973 viro

242 994 334 1018 notant
363 991 543 1018 contumaciae
570 991 611 1018 vel
635 991 806 1026 ignorantiae,
820 996 867 1018 aut
882 991 1029 1020 oblivionis

243 1035 363 1063 historiae
387 1036 506 1069 inurere,
521 1036 596 1063 illum
622 1044 758 1065 excusans
776 1038 823 1071 ait,
846 1038 1027 1073 Augustinum

242 1089 297 1108 non
324 1082 436 1116 prmeise
458 1081 560 1111 dixisse
578 1083 662 1110 nullis
676 1083 816 1111 historicis
832 1088 928 1111 notum
943 1084 1028 1111 fuisse

242 1126 371 1153 diluvium
388 1127 455 1161 Noe,
473 1128 520 1155 sed
533 1133 637 1155 tantum
658 1128 742 1156 fuisse
755 1129 908 1164 ignoratum
924 1137 939 1157 a
955 1129 1030 1158 Grat-

241 1172 283 1200 cis
297 1176 326 1200 et
345 1172 476 1200 Romanis
504 1174 654 1207 historicis,
668 1175 735 1201 nihil
750 1174 784 1202 de
805 1175 930 1204 barbaris
944 1176 1028 1204 histo-

241 1218 291 1245 riis
312 1218 446 1251 locutum;
468 1222 495 1245 et
513 1219 539 1246 id
568 1227 662 1246 verum
686 1227 759 1251 esse,
782 1228 844 1247 cum
873 1220 934 1249 illos
957 1229 1027 1256 quos

243 1263 300 1298 lpse
315 1262 440 1291 Pererius
453 1264 547 1290 citavit
561 1264 692 1292 barbaros
714 1265 799 1292 fuisse
815 1270 842 1292 et
859 1273 950 1293 rerum
965 1267 1029 1294 bar-

243 1308 398 1336 baricarum
411 1309 561 1344 scriptores
585 1314 688 1337 certum
712 1310 757 1337 sit.
784 1310 846 1338 llaec
877 1317 966 1340 tamen
981 1321 1029 1340 ex-

243 1355 352 1388 plicatio
367 1355 410 1389 pia
426 1359 478 1387 est,
509 1356 571 1390 quis
588 1356 615 1383 id
629 1356 830 1391 negabit?dum
845 1357 1027 1394 Augustinum

245 1400 280 1426 ab
299 1400 451 1435 ignorantia
467 1400 598 1434 defendit,
609 1407 636 1429 et
649 1403 820 1430 contumacia
835 1412 938 1439 suaque
951 1404 1029 1431 laude

244 1453 299 1472 non
324 1451 409 1473 caret.
432 1446 500 1474 Mihi
523 1451 614 1474 tamen
631 1448 665 1474 ab
687 1448 760 1475 omni
781 1449 947 1477 humanitate
963 1450 1029 1478 alie-

246 1499 311 1517 num
327 1493 394 1520 "esse
416 1493 523 1520 videtur
548 1493 620 1521 serio
649 1500 795 1527 accusare,
822 1503 902 1530 quem
922 1495 1027 1532 frigidis

1079 217 1105 240 et
1120 213 1238 246 Graecas,
1253 219 1279 240 et
1299 212 1409 240 Latinas
1433 220 1543 240 necesse
1564 213 1616 240 erit
1636 207 1864 241 afﬁrmarefcum

1079 259 1113 287 de
1136 259 1190 287 illis
1216 264 1296 294 agant
1319 258 1413 286 Graece
1430 262 1457 285 et
1473 257 1567 285 Latine
1588 262 1715 284 auctores
1738 255 1865 283 Graciet

1079 304 1188 338 Latini;
1202 313 1289 340 neque
1307 304 1371 332 talis
1389 304 1485 330 modus
1499 303 1661 330 elocutionis
1680 302 1764 329 talem
1781 301 1864 329 efficit

1079 351 1220 378 scientiam
1248 350 1289 377 vel
1308 354 1404 378 arlem.
1421 349 1535 382 Quando
1557 353 1584 375 et
1599 348 1724 383 Dionysii
1741 347 1865 374 Halicar-

1079 396 1181 427 nassei,
1198 399 1226 423 et
1241 395 1334 424 Dionis
1356 395 1454 426 Cassii,
1472 399 1499 422 et
1515 395 1629 421 aliorum
1647 394 1797 421 historiam
1814 393 1866 420 Ro-

1079 450 1187 469 manam
1196 442 1317 469 Graecam
1328 449 1389 469 esse
1400 441 1761 475 contendemus,postquam
1774 439 1866 474 lingua

1079 487 1172 514 Graeca
1183 487 1321 514 enuntiata
1337 490 1389 515 est.
1404 486 1458 514 Res
1470 494 1545 521 ergo,
1559 494 1613 513 non
1630 485 1764 516 elocutio,
1781 492 1866 519 neque

1080 537 1174 560 auctor
1201 534 1259 568 ipse
1282 533 1346 559 facit
1363 532 1507 560 historiam
1523 532 1604 566 hujus
1617 531 1709 567 potius
1734 530 1866 562 nationis,

1079 587 1159 614 quam
1173 570 1297 606 alterius.
1311 579 1393 605 Multa
1408 578 1441 606 de
1456 577 1520 609 Deo,
1541 578 1574 605 de
1593 577 1688 604 mundi
1715 576 1867 607 creatione.

1079 625 1113 652 de
1131 625 1298 660 providentia
1322 624 1424 655 divina,
1440 624 1474 651 de
1489 623 1642 652 Christiana
1667 623 1818 657 religione,
1838 622 1868 649 de

1080 672 1214 698 sexcentis
1224 671 1284 697 aliis
1299 670 1454 705 philosophi
1469 669 1616 701 Platonici,
1628 674 1656 697 et
1667 669 1799 696 historici
1812 676 1868 703 pro-

1080 716 1134 743 fani
1159 717 1188 743 in
1208 717 1265 744 suis
1287 716 1491 744 commentariis
1506 715 1658 751 prodidere,
1672 714 1749 749 quod
1762 715 1801 740 ita
1815 722 1868 741 ma-

1080 762 1208 789 nifestum
1220 766 1263 789 est
1278 761 1318 789 uti
1331 762 1495 796 probatione
1509 769 1563 788 non
1571 764 1648 795 egeat
1667 769 1674 787 :
1692 760 1756 786 ideo
1769 766 1806 785 ne
1816 758 1867 789 illa,

1080 813 1106 835 et
1130 807 1250 835 Graecam
1280 807 1492 843 philosophiam,
1525 809 1552 834 et
1576 806 1699 833 Graecam
1722 805 1867 832 historiam

1082 853 1196 886 illosque
1210 850 1309 879 Graeca:
1321 852 1507 887 philosophiae,
1523 851 1566 878 vel
1583 851 1706 878 historia».
1719 850 1868 884 scriptores

1083 899 1167 926 fuisse
1192 897 1400 929 afﬁrmabimus,
1416 898 1490 925 aliud
1512 897 1622 925 omnino
1640 900 1683 924 est
1701 897 1797 923 alieno
1813 904 1868 929 ore,

1082 945 1153 972 aliud
1179 944 1289 979 proprio
1314 944 1398 979 loqui.
1412 944 1518 979 Optime
1533 944 1624 978 itaque
1639 943 1818 978 Augustinus
1833 943 1869 969 di-

1082 990 1184 1017 luvium
1202 997 1251 1017 nec
1267 989 1371 1021 Graca,
1388 997 1438 1016 nec
1452 990 1546 1015 Latina
1560 987 1675 1015 historia
1699 991 1866 1022 compertum

1083 1035 1169 1062 fuisse
1193 1034 1348 1065 affirmavit,
1364 1034 1428 1069 quia
1444 1033 1495 1061 etsi
1515 1034 1548 1061 de
1567 1034 1614 1061 illo
1637 1033 1805 1063 meminere,
1821 1040 1867 1059 non

1081 1089 1114 1109 ex
1131 1080 1284 1108 Graecorum
1314 1079 1528 1114 Latinorumque
1557 1078 1699 1106 historicis
1719 1077 1866 1106 thesauris.

1082 1126 1129 1155 sed
1144 1130 1318 1154 externorum
1335 1125 1411 1152 libris
1424 1124 1452 1152 id
1467 1125 1598 1157 hausere;
1615 1132 1690 1155 cum,
1702 1128 1735 1150 ut
1748 1124 1821 1150 idem
1835 1123 1867 1149 ait

1082 1173 1248 1208 Augustinus
1262 1180 1293 1198 ex
1306 1170 1438 1204 Varrone,
1451 1170 1546 1197 Latina
1561 1170 1676 1197 historia
1692 1169 1764 1196 nihil
1777 1169 1866 1196 habuit

1082 1219 1219 1253 antiquius
1233 1218 1333 1253 Ogygis
1358 1217 1470 1244 diluvio.
1484 1216 1632 1244 Possemus
1650 1216 1713 1242 item
1731 1215 1865 1242 dubitare.

1082 1272 1115 1292 an
1131 1264 1225 1291 Latina
1241 1263 1354 1291 historia
1375 1268 1402 1291 ct
1411 1263 1532 1290 Romana
1544 1262 1614 1289 idem
1631 1262 1676 1289 sit.
1697 1262 1864 1296 Augustinus

1081 1310 1154 1338 enim
1173 1310 1222 1342 ait,
1239 1309 1314 1343 Quod
1328 1310 1443 1344 gentium
1457 1317 1537 1344 neque
1553 1308 1655 1339 Gra'ca,
1672 1316 1756 1342 neque
1772 1306 1865 1333 Latina

1082 1355 1152 1382 novit
1167 1354 1288 1382 historia.
1305 1354 1338 1381 At
1352 1354 1476 1381 Pererius
1490 1354 1553 1381 dum
1567 1354 1664 1388 repetit
1680 1353 1758 1380 illius
1774 1352 1862 1384 verba,

1082 1401 1123 1427 vel
1139 1399 1226 1428 saltim
1240 1400 1413 1430 sententiam,
1438 1398 1488 1426 Sed
1503 1403 1603 1425 tantum
1616 1398 1684 1424 dixit
1702 1398 1863 1432 {uisseigno-

1082 1449 1169 1472 ratum
1188 1445 1215 1472 in
1230 1443 1339 1476 Gnatis,
1355 1449 1379 1471 at
1400 1443 1526 1471 Romanis
1539 1444 1669 1475 historiis,
1687 1443 1755 1470 nihil
1766 1443 1798 1469 de
1808 1443 1864 1468 bar-

1083 1491 1178 1518 baricis
1201 1491 1320 1518 historiis
1345 1492 1458 1518 locutus.
1490 1489 1530 1516 En
1556 1489 1696 1525 quomodo
1720 1497 1755 1516 ex
1773 1489 1862 1515 Latina

244 1537 374 1572 falsisque
401 1538 553 1566 rationibus
581 1539 680 1575 [postea
702 1548 757 1567 non
777 1520 847 1568 €3th
869 1520 1023 1572 defendere.

1083 1537 1206 1567 historia,
1224 1535 1347 1563 Romana
1376 1536 1448 1563 facta
1459 1539 1511 1563 est.
1530 1520 1582 1562 Sed
1597 1539 1698 1562 caetera
1715 1542 1861 1569 prosequa-

244 1582 278 1609 Ut
289 1583 361 1610 enim
376 1591 469 1611 verum
491 1585 587 1617 fatear,
601 1586 662 1621 quis
677 1595 795 1622 unquam
820 1588 889 1615 dixit
921 1593 948 1617 et
963 1589 1025 1618 Ale-

242 1629 376 1657 xandrum
401 1630 610 1666 Polyhistorem,
635 1637 662 1660 et
684 1632 871 1668 Plutarchum,
887 1640 914 1663 et
935 1635 1026 1664 Plato-

243 1682 315 1704 nem.
327 1679 353 1702 et
364 1675 500 1708 Ovidium,
510 1681 536 1704 et
547 1677 676 1710 Plinium,
689 1683 716 1706 et
731 1678 865 1712 Solinum,
882 1685 909 1708 et
929 1681 1024 1709 .llelam

244 1720 374 1748 barbaros
386 1721 480 1754 fuisse,
496 1730 596 1758 eosque
613 1724 700 1752 fuisse
713 1733 801 1753 rerum
819 1727 1024 1756 barbaricarum

243 1766 412 1801 scriptores?
426 1776 564 1803 nunquam
582 1770 693 1797 memini
711 1779 754 1798 me
764 1772 877 1807 legisse;
897 1781 947 1801 nec
962 1779 1026 1809 puto

245 1813 272 1840 id
291 1815 371 1842 etiam
389 1815 488 1843 litteris
503 1817 638 1851 proditum
650 1817 735 1846 fuisse
747 1818 865 1853 Griecos,
875 1819 1028 1848 Romanos-

243 1867 297 1893 que
326 1859 458 1888 barbaros
479 1861 573 1895 fuisse.
586 1861 636 1894 Qui
659 1863 682 1890 si
707 1863 826 1898 barbari,
843 1866 904 1900 quis
926 1865 953 1892 in
970 1869 1027 1894 toto

243 1911 380 1934 terrarum
397 1908 462 1935 orbe
475 1909 509 1935 ab
527 1909 579 1936 hac
600 1917 629 1936 se
644 1913 707 1936 nota
725 1910 871 1938 immunem
884 1911 1028 1939 defendet?

246 1951 281 1979 Ut
297 1960 362 1988 ergo
387 1953 454 1981 falso
487 1959 631 1982 accusatus
663 1955 830 1990 Augustinus
856 1958 1026 1992 defendatur,

243 1999 352 2026 barbari
374 2007 468 2028 omnes
478 2019 485 2031 ,
508 2006 535 2028 et
553 2000 679 2033 Romani,
693 2007 718 2029 et
730 2001 816 2030 Gra:ci
830 2004 944 2032 erimus;
958 2006 1029 2032 Con-

243 2049 285 2071 tra
312 2044 356 2079 jus
388 2045 482 2080 fasque
517 2047 685 2081 Augustinus
718 2051 845 2082 tanquam
882 2056 1029 2079 contumax

243 2094 403 2124 accusatur,
416 2095 442 2118 et
457 2095 550 2118 contra
563 2092 608 2126 jus
619 2092 712 2129 fasque
722 2097 748 2121 et
764 2093 876 2122 Romani
886 2116 894 2127 ,
903 2100 929 2124 et
942 2097 1028 2124 Graeci

242 2136 350 2163 barbari
367 2136 533 2171 judicantur.
556 2137 690 2171 Profecto,
708 2140 779 2167 dicet
796 2142 858 2176 quis
873 2142 924 2174 vel,
938 2151 988 2171 nos
1002 2144 1028 2171 iu

241 2183 356 2210 lectione
367 2187 509 2211 auctorum
525 2185 570 2219 qui
589 2185 623 2212 de
641 2185 743 2213 diluvio
761 2188 842 2215 verba
861 2188 960 2222 fecere,
978 2199 1028 2219 ctu.

241 2229 380 2264 cutimus;
401 2230 443 2257 vel
461 2230 631 2265 Augustinus
658 2232 737 2259 aliter
757 2241 788 2260 ac
816 2241 859 2261 res
877 2240 935 2262 erat
950 2245 1032 2273 expo-

242 2276 306 2306 suit,
323 2277 368 2311 qui
397 2280 492 2304 contra
518 2277 598 2304 sentit
623 2281 650 2305 et
672 2278 763 2313 lapsus
782 2283 834 2311 est,
859 2280 979 2311 historia:
1003 2291 1030 2312 et

241 2322 415 2356 antiquitatis
425 2326 471 2349 aut
487 2322 604 2355 inscitia,
621 2328 667 2350 aut
679 2324 825 2354 oblivione.
841 2326 1028 2364 Nequaquam.

240 2365 363 2401 Namque
391 2367 560 2402 Augustinus
589 2368 627 2394 ait
658 2368 685 2395 id
713 2377 767 2396 non
799 2371 910 2399 novisse
942 2381 1030 2408 neque

241 2411 375 2444 Graecam,
391 2421 478 2448 neque
487 2412 610 2440 Latinam
624 2414 777 2446 historiam,
787 2417 858 2450 quod
871 2425 966 2445 verum
977 2425 1029 2451 est.

241 2464 264 2485 el
281 2459 382 2486 rationi
400 2460 561 2494 veritatique
576 2460 697 2487 historiae
710 2467 941 2497 consentaneum;
959 2473 1030 2493 nun-

243 2512 325 2538 quam
343 2505 416 2532 enim
435 2505 550 2533 historia
570 2507 627 2533 sive
638 2507 740 2539 Grteca,
754 2509 811 2536 sive
827 2509 924 2538 Latina
941 2520 955 2538 a
973 2513 1030 2540 suis

246 2551 427 2585 scriptoribus
449 2553 635 2580 monumentis
654 2554 788 2588 publicis,
810 2556 866 2584 sive
889 2557 1029 2586 hominum

245 2597 393 2625 traditione
422 2597 448 2624 id
474 2598 581 2631 habuit,
608 2598 748 2626 Nocticum
779 2600 911 2629 diluvium
935 2602 1028 2630 fuisse.

249 2644 356 2672 Recens
387 2648 429 2671 est
452 2648 479 2671 et
500 2644 609 2678 juvenis
635 2645 749 2678 historia
762 2645 916 2674 Graecorum
936 2652 963 2675 et
981 2648 1031 2675 La-

242 2689 380 2722 tinorum;
400 2690 621 2723 antiquissimum
637 2689 779 2718 Nocticum
792 2691 936 2724 diluvium,
951 2693 988 2720 ita
1001 2697 1030 2720 ut

245 2734 306 2767 ejus
329 2736 459 2761 memoria
480 2735 652 2763 traditionem
671 2743 778 2764 omnem
793 2737 914 2773 effugiat.
931 2738 1031 2765 Habuit

247 2778 319 2805 illius
341 2780 465 2806 notitiam
484 2780 660 2808 Hebraeorum
684 2782 798 2810 histolia
819 2783 968 2818 Scripturze
985 2792 1030 2811 sa-

247 2831 299 2851 crae
314 2826 496 2854 moumnentis
513 2835 645 2862 nusquam
660 2832 749 2856 tamen
767 2834 804 2856 est
822 2829 935 2857 historia
955 2830 1030 2858 ϐιω-

1079 1590 1140 1610 mur
1158 1589 1173 1609 a
1191 1586 1284 1610 nostro
1306 1581 1430 1610 instituto
1446 1581 1558 1608 minime
1575 1580 1677 1608 aliena.

1113 1639 1171 1667 Col.
1181 1639 1241 1672 75?,
1252 1639 1299 1666 lin.
1310 1639 1353 1666 48.
1363 1639 1532 1672 Ἐκαλύςρθη
1539 1637 1861 1673 τὰύψ-ηλάπὶιθορὴίιυς

1080 1687 1114 1712 ad
1131 1685 1296 1720 Autolycum,
1316 1685 1363 1712 lib.
1383 1693 1423 1717 Ill,
1440 1685 1478 1711 ait
1490 1685 1519 1711 τὸ
1528 1684 1598 1719 ὕδωρ
1615 1684 1761 1719 ὑψωθῆναι
1779 1685 1862 1711 ἐπάνω

1079 1732 1179 1763 παντὸς
1192 1731 1271 1766 ὅρους
1282 1730 1383 1765 ὑψηλοῦ
1400 1730 1595 1756 πεντεκαίδεκα
1612 1731 1722 1765 πήχεις,
1744 1735 1773 1757 et
1793 1730 1862 1757 Albi-

1080 1785 1141 1809 nus,
1161 1777 1261 1809 Qutzst.
1282 1777 1309 1803 in
1326 1775 1431 1809 Genes.,
1448 1776 1500 1803 hoc
1523 1775 1581 1803 fieri
1597 1776 1724 1810 potuisse
1738 1775 1862 1807 affirmat,

1079 1825 1203 1859 quamvis
1227 1823 1259 1850 ad
1272 1823 1345 1850 illam
1363 1827 1465 1858 partem
1481 1822 1552 1849 aeris
1563 1822 1729 1857 pervenerit,
1744 1822 1774 1849 in
1789 1831 1862 1857 qua

1079 1879 1130 1898 nec
1141 1875 1236 1897 ventus
1249 1869 1387 1901 invadere,
1397 1869 1543 1896 nec'nubes
1557 1868 1721 1896 condensari
1735 1876 1862 1905 possunt:

1081 1916 1112 1944 Si
1130 1921 1200 1943 terra
1222 1916 1336 1950 spatium
1358 1915 1431 1942 illius
1457 1914 1595 1949 tranquilli
1612 1914 1719 1942 telluri:
1749 1915 1865 1942 invader:

1080 1965 1173 1995 potest,
1189 1968 1237 1986 cur
1252 1968 1302 1986 non
1319 1964 1343 1986 et
1360 1967 1429 1994 aqua
1444 1958 1602 1986 crescendo?
1620 1958 1689 1986 Sunt
1707 1965 1798 1987 tamen
1814 1961 1865 1995 qui-

1080 2007 1152 2037 dam,
1171 2007 1214 2041 qui
1225 2010 1318 2040 putant
1339 2014 1384 2032 nec
1399 2010 1474 2032 terra:
1494 2005 1704 2039 ina’qualilatem
1720 2006 1814 2038 talem,
1826 2015 1865 2033 nec

1082 2053 1208 2078 montium
1236 2051 1404 2078 altitudinem
1430 2056 1532 2078 tantam
1555 2056 1615 2077 ante
1636 2051 1770 2079 diluvium
1791 2053 1865 2087 [sine

1082 2097 1148 2123 sicut
1170 2104 1238 2122 nunc
1260 2100 1309 2123 est.
1326 2095 1424 2123 Verum
1445 2096 1707 2130 philosophicarum,
1724 2105 1759 2125 ac
1780 2107 1863 2126 rerum

1082 2142 1332 2169 mathematicarum
1346 2143 1432 2177 perito
1449 2142 1560 2169 minime
1575 2143 1632 2170 haec
1647 2145 1788 2172 sententia
1804 2147 1864 2173 arri-

1049 2201 1071 2229 D
1084 2187 1167 2215 debit.
1183 2187 1313 2220 Quamvis
1325 2189 1397 2215 enim
1414 2188 1456 2215 his
1469 2189 1639 2224 temporibus
1664 2195 1777 2219 montes
1791 2193 1863 2219 altio-

1085 2240 1127 2259 res
1144 2232 1335 2263 concedamus,
1351 2240 1404 2259 non
1426 2236 1517 2259 tamen
1537 2239 1701 2268 sequeretur
1725 2240 1793 2263 tunc
1810 2235 1863 2262 alti-

1083 2279 1205 2305 tudinem
1232 2279 1364 2305 montium
1384 2287 1437 2305 non
1466 2279 1552 2307 fuisse
1576 2283 1693 2314 tantam,
1706 2282 1780 2309 sicut
1798 2290 1861 2310 nunc

1082 2325 1213 2351 cernitur.
1234 2324 1378 2358 Nunquam
1408 2325 1479 2352 enim
1504 2331 1650 2353 creverunt
1673 2333 1796 2359 montes,
1819 2338 1861 2356 nec

1082 2371 1109 2397 in
1136 2371 1265 2405 majorem
1281 2371 1450 2398 altitudinem
1463 2379 1493 2399 se
1509 2379 1665 2406 erexerunt,
1681 2375 1766 2401 etiam
1782 2376 1804 2403 si
1822 2384 1861 2403 su-

1082 2417 1223 2444 blimiores
1240 2417 1380 2450 videntur;
1393 2417 1508 2444 vallibus
1522 2418 1593 2445 enim
1609 2419 1636 2445 in
1653 2419 1740 2446 imum
1754 2420 1860 2452 eiiossis.

1083 2466 1156 2489 terra
1172 2463 1327 2490 labentibus
1347 2462 1425 2497 aquis
1443 2463 1604 2490 dccurrente
1620 2468 1668 2490 aut
1682 2466 1766 2492 etiam
1777 2467 1861 2493 ﬂuvia-

1083 2508 1164 2539 libus,
1179 2511 1283 2534 montes
1299 2507 1409 2534 altiores
1423 2511 1580 2542 assurgunt,
1597 2515 1654 2535 non
1669 2510 1747 2544 quod
1770 2510 1860 2546 aliquid

1082 2553 1136 2580 illis
1155 2553 1188 2580 de
1212 2561 1282 2580 novo
1302 2553 1338 2580 sit
1358 2553 1527 2586 adjunctum,
1542 2556 1589 2581 sed
1602 2555 1668 2588 quia
1686 2555 1714 2582 in
1728 2556 1861 2587 lateribus,

1083 2600 1125 2627 vel
1141 2600 1195 2626 ima
1210 2603 1286 2633 parte
1301 2599 1409 2634 aliquod
1425 2602 1466 2626 cst
1481 2599 1645 2632 detractum,
1663 2604 1693 2628 et
1711 2609 1779 2629 sane
1793 2610 1860 2629 mon-

1081 2650 1124 2673 tcs
1143 2647 1195 2681 ipsi
1215 2646 1336 2681 quotidie
1356 2650 1509 2680 temporum
1534 2645 1665 2674 edacitati
1696 2648 1807 2676 obnoxii
1822 2649 1860 2676 de-

1082 2696 1219 2719 crescunt.
1235 2691 1403 2718 Fabulantur
1413 2691 1509 2723 Judaei,
1522 2692 1561 2727 0g
1578 2700 1669 2727 regem
1683 2693 1774 2722 Basan
1787 2694 1860 2723 fuiss:

1082 2746 1114 2765 ex
1139 2738 1293 2773 gigantibus
1316 2739 1384 2771 illis,
1398 2738 1431 2765 de
1444 2739 1544 2773 quibus
1559 2738 1661 2766 dicitur
1683 2739 1750 2768 Gen.
1768 2749 1825 2771 viti.
1839 2742 1859 2767 in

1083 2783 1218 2811 altissimo
1235 2787 1326 2811 monte
1348 2784 1555 2815 consistentem,
1581 2785 1708 2813 evasisse
1728 2787 1858 2816 diluvium.

1083 2830 1203 2864 illudque
1218 2829 1374 2864 probante):
1383 2837 1414 2857 eo
1422 2830 1494 2864 quod
1507 2829 1622 2857 habetur
1633 2830 1712 2860 Deut.
1727 2840 1755 2860 ιιι
1769 2842 1775 2858 :
1792 2832 1857 2859 Soius
