1897 3073
29 122 74 151 989

30 182 64 216 09
76 180 207 207 restiterat
222 178 256 206 de
270 179 350 213 stirpe
364 178 508 213 gigantum.
523 177 556 204 Et
573 178 634 206 falsi
649 183 803 215 arguuntur
821 181 839 207 Α

30 224 224 256 Thalmudistaa,
241 224 290 259 qui
315 223 420 256 dicunt,
446 224 579 251 diluvium
601 231 657 251 non
683 225 807 260 attigisse

30 275 137 300 montem
163 269 244 301 Sion,
269 271 320 298 hoc
350 270 408 297 solo
433 277 593 306 argumento
616 270 689 306 quod
714 278 806 298 semen

29 318 157 354 gigantum
181 317 325 344 inventum
348 318 383 344 sit
395 321 458 352 post
474 317 605 344 diluvium
622 317 650 344 in
665 317 725 343 loco
737 324 807 352 prat-

29 366 102 392 dicto.
113 364 189 391 Plato
202 363 231 390 in
249 364 359 395 Timeo,
368 368 394 390 et
405 363 540 391 Diodorus
549 363 658 390 Siculus
668 363 805 394 Biblioth.,

30 413 68 439 lib.
83 419 119 442 vt,
140 412 174 438 ab
197 411 252 438 hac
275 411 409 438 sententia
430 410 557 438 videntur
575 411 734 442 abhorrere,
760 410 807 437 sed

30 457 100 484 iidem
115 457 143 484 in
163 464 192 484 re
205 464 239 483 ac
257 457 370 483 materia
384 453 506 487 diversa,
519 456 646 490 quamvis
661 456 689 482 in
701 455 807 482 caeteris

30 502 83 530 falsi
105 503 294 530 consentiunt.
312 501 435 529 Tradunt
465 502 537 529 enim
560 506 682 536 tempore
703 500 808 534 diluvii,

30 556 111 585 magos
129 548 302 583 confugisse,
319 548 520 583 nonnullosque
535 547 604 575 alios
625 547 734 582 Egypti
759 554 806 582 po-

31 595 97 630 pulos
110 594 136 621 in
151 594 218 629 iuga
235 594 371 622 montium
391 594 482 629 ibique
494 597 669 621 monumenta
683 592 809 620 recondi-

30 640 129 668 tissimte
152 640 403 674 vetustissimzeque
424 639 587 667 eruditionis
604 646 718 675 quaeque
733 645 809 665 com-

31 692 151 722 portasse,
172 694 388 720 asservasseque
405 686 432 712 in
450 686 566 720 gratiam
580 689 606 713 et
622 692 701 712 usum
715 683 809 711 mundi

31 732 185 767 superstitis.
214 732 282 760 Inde
308 736 401 767 postea
427 731 549 760 inferunt
569 738 584 758 a
618 730 703 765 magis
726 730 810 765 Egy—

30 779 137 813 ptiisqne
156 777 272 805 Graeciae
289 778 396 813 populis
414 777 627 806 communicata.
640 776 706 809 Qum
719 776 810 803 omnia

31 823 142 859 quamvis
165 827 271 850 temere
295 823 476 854 aitirmentur,
511 823 562 850 hos
594 822 694 856 tamen;
710 824 809 848 aucto-

31 876 68 897 res
86 868 181 903 lepidis
203 868 282 896 hisce
304 868 414 896 fabellis
445 867 511 895 illud
543 867 667 894 innuisse
703 870 808 894 certum

32 918 68 941 est
86 923 92 940 :
110 921 124 940 ιι
139 913 307 948 quibusdam
331 917 357 940 et
381 913 481 948 pietate
511 916 538 939 et
562 911 715 938 eruditione
744 918 810 937 con-

31 959 123 994 spicuis
145 950 214 986 viris
240 962 301 985 arte
325 959 443 993 quadam
464 958 610 984 multarum
633 956 810 984 scientiarum

31 1004 169 1038 methodos,
190 1006 323 1037 rationes,
340 1005 470 1040 variaque
495 1004 680 1039 experimenta
705 1003 808 1031 futuris

31 1050 184 1083 hominibus,
200 1050 236 1077 ab
257 1050 382 1077 eluvione
398 1049 445 1076 illa
467 1056 600 1084 aquarum
619 1056 808 1076 conservasse.

31 1096 89 1123 illud
101 1096 127 1122 in
143 1096 187 1124 bis
203 1095 334 1123 omnibus
354 1103 446 1123 verum
462 1099 514 1126 est,
530 1102 624 1122 omnes
637 1095 808 1122 summitates

31 1142 161 1174 montium,
177 1145 209 1168 ut
229 1141 329 1169 divinae
351 1141 463 1168 tradunt.
477 1141 596 1172 Litterae,
607 1144 681 1168 certa
691 1140 808 1175 quadam

32 1191 150 1219 aquarum
169 1191 301 1212 menSura
327 1188 470 1218 coopertas
484 1204 490 1216 ,
513 1191 561 1219 per
579 1183 605 1210 id
623 1183 739 1218 spatium
754 1189 809 1217 quo

32 1230 128 1256 duravit
145 1230 279 1258 diluvium
297 1230 348 1257 Sub
362 1229 440 1265 aquis
456 1229 580 1262 latuisse,
591 1237 641 1257 nec
657 1228 808 1256 audiendus

30 1275 175 1310 Caietanus,
191 1277 238 1312 qui
250 1280 328 1312 putat
351 1277 467 1304 vertices
483 1276 590 1311 aliquos
602 1275 736 1303 montium
752 1282 808 1302 non

33 1322 107 1350 tuisse
124 1327 235 1358 opertos
253 1323 332 1358 aquis
354 1322 459 1352 diluvii.
477 1330 527 1350 nec
545 1323 596 1349 hoc
615 1320 753 1349 adversari
767 1320 809 1348 di-

33 1369 92 1396 vinae
106 1368 256 1403 Scriptura
266 1377 274 1402 ;
286 1368 423 1404 quomodo
436 1367 462 1395 id
474 1368 591 1403 potuerit
605 1375 666 1395 esse
679 1368 806 1403 explicat,

33 1417 55 1439 et
80 1418 138 1441 ante
162 1413 324 1449 Cajetanum
351 1413 474 1441 nonnulli
501 1413 528 1440 id
559 1412 731 1440 afﬁrinarunt
757 1420 807 1441 eos

33 1464 137 1491 montes.
161 1467 280 1494 quorum
307 1459 423 1486 altitudo
439 1456 556 1486 'excedit
580 1459 669 1486 locum
693 1465 808 1494 genera-

33 1504 105 1532 tionis
129 1505 258 1532 imbrium
278 1505 335 1533 sive
353 1505 468 1532 mediam
487 1505 624 1540 regionem
652 1505 735 1538 aeris,
752 1512 807 1532 non
821 1523 843 1552 ϐ

34 1549 109 1578 fuisse
123 1555 243 1586 opertos,
258 1557 320 1578 cum
347 1550 477 1577 diluvium
505 1545 663 1585 generatum
678 1558 694 1578 a
709 1550 810 1586 pluviis

34 1603 81 1622 non
100 1596 216 1630 potuerit
231 1597 385 1623 increscere
402 1603 486 1630 supra
501 1596 592 1623 locum
615 1595 661 1623 ubi
676 1603 810 1631 generan-

35 1645 73 1667 tur
84 1641 187 1676 pluviae.
203 1641 281 1668 lianc
293 1641 448 1676 opinionem
461 1640 630 1675 Augustinus
645 1648 810 1668 commemo-

35 1689 80 1718 rat,
91 1690 115 1713 et
132 1686 244 1718 refellit,
263 1686 282 1713 l.
298 1694 332 1712 xv
347 1685 385 1712 De
399 1685 503 1712 civitate
520 1685 580 1716 Dei,
592 1692 652 1720 cap.
667 1685 702 1712 27
716 1694 723 1712 :
743 1685 809 1720 Opi-

35 1736 122 1758 nantur
137 1733 245 1767 quidam
256 1751 264 1764 ,
280 1736 335 1758 tam
352 1740 475 1766 maguum
490 1732 547 1766 ﬁeri
564 1739 616 1759 non
642 1732 757 1766 potuisse
770 1732 811 1759 di-

36 1777 132 1809 luvium,
146 1783 174 1805 ut
192 1778 339 1805 altissimos
356 1783 456 1805 montes
468 1778 614 1813 quindecim
629 1779 723 1805 cubitis
742 1787 812 1814 aqua

36 1824 160 1851 crescendo
187 1826 392 1856 transcenderet,
417 1829 523 1859 propter
556 1824 662 1860 Olympi
690 1826 811 1852 verticem

37 1870 133 1902 montis,
147 1879 228 1905 supra
256 1879 331 1906 quem
363 1871 528 1905 perhibentur
554 1870 634 1898 nubes
659 1880 711 1898 non
733 1879 811 1906 posse

36 1917 210 1950 conscendere;
224 1922 254 1944 ut
266 1926 316 1945 non
329 1917 365 1944 ibi
379 1918 413 1944 sit
428 1925 473 1944 aer
485 1917 535 1944 iste
545 1918 661 1944 crassior
678 1918 722 1945 ubi
732 1919 810 1951 uenti,

37 1963 289 2000 nebulaﬂmbresque
303 1965 457 2001 gignuntur,
475 1973 521 1992 nec
537 1965 686 1998 attendunt,
697 1966 812 1992 omnium

36 2009 210 2038 elementorum
224 2012 420 2038 crassissimam
443 2016 541 2038 terram
559 2012 596 2038 ibi
616 2020 672 2039 esse
685 2013 810 2046 potuisse.

37 2057 71 2082 An
87 2057 149 2092 forte
171 2064 263 2095 negent
276 2067 331 2086 esse
347 2059 414 2086 Itane
430 2063 527 2086 terram
551 2060 671 2086 t'erticem
696 2060 812 2088 montis?

37 2101 83 2130 Cur
107 2105 185 2140 igitur
212 2114 294 2138 usque
315 2104 349 2132 ad
364 2105 411 2132 illa
428 2105 485 2132 caeli
501 2106 587 2139 spatia
598 2106 678 2133 terris
697 2106 812 2133 exaltari

37 2149 139 2183 licuisse,
164 2158 188 2179 et
214 2153 291 2184 aquis
306 2152 422 2179 exaltari
438 2160 489 2179 non
510 2152 616 2179 licuisse
635 2153 809 2185 contendunt,

541 118 576 146 IN
596 118 782 147 EUSTATHII
802 118 1038 146 HEXAEMERON
1057 119 1159 147 NOTE

1591 121 1643 151 990

857 179 949 206 feriret
967 179 993 206 iu
1010 179 1098 206 h'onle
1127 179 1241 214 accepit.
1270 179 1448 206 Pcrcussioue
1471 179 1524 206 hae
1551 179 1644 207 furore

859 228 939 259 atque
958 225 998 252 ira
1012 225 1053 252 leo
1065 225 1178 257 exarsit,
1193 229 1220 250 et
1234 225 1346 259 spiravit
1363 225 1545 257 vehementer,
1563 229 1593 252 ut
1609 232 1645 252 ex

856 271 916 305 ejus
935 279 1002 298 naso
1018 276 1096 298 catus
1113 271 1244 306 prodierit
1258 271 1372 298 soricem
1386 271 1534 298 devorans!
1550 271 1572 298 0
1588 270 1644 298 Μιι-

857 317 1030 344 humetanam
1048 317 1226 352 elegantiam!
1242 324 1259 343 ο
1271 318 1376 343 arcam!
1390 325 1406 343 ο
1432 325 1531 344 numen
1551 316 1644 344 Mallu-

858 363 938 390 metis
965 364 1147 390 stercoreum!
1164 370 1180 389 ο
1196 363 1400 397 percussionem
1416 363 1502 390 leonis
1522 367 1577 389 tam
1589 363 1644 390 uti-

858 409 928 435 lem!
945 416 962 435 o
976 412 1067 435 catum
1083 409 1118 436 de
1140 409 1258 435 humano
1269 416 1368 443 genere
1384 409 1453 435 belle
1469 409 1612 436 meritum!
1626 416 1644 436 0

857 461 974 489 nequam
1003 454 1132 486 soricem,
1155 454 1315 495 nequiorem
1335 453 1645 488 elephantum,uequis-

859 501 956 528 simum
973 501 1019 536 qui
1039 502 1097 528 haec
1125 501 1212 535 audit,
1226 505 1253 529 et
1278 501 1377 534 credit,
1404 509 1455 528 nec
1483 506 1645 536 aspernatur

859 547 914 579 liri,
935 547 979 574 liri

893 618 951 645 Col.
978 618 1038 650 753,
1065 617 1114 645 lin.
1140 617 1162 645 i.
1188 617 1240 651 Εις
1254 617 1349 652 ἄκραν
1365 617 1431 644 τινὰ
1449 618 1547 653 ὄρους.
1568 617 1646 646 Mons

859 672 941 700 super
955 672 1035 699 quem
1054 664 1155 692 resedit
1171 671 1245 696 arca,
1265 665 1341 692 varie
1356 664 1391 691 ab
1406 665 1565 693 auctoribus
1588 670 1645 692 tra-

859 710 1082 738 diturzBerosus
1106 709 1248 737 Chaldaeus
1265 710 1336 744 apud
1357 709 1518 745 Josephnm,
1555 710 1643 746 Antiq.

859 756 908 784 lib.
931 764 952 788 ι,
990 755 1107 791 appellat
1133 759 1252 782 montem
1285 755 1494 790 Gordyaeorum;
1518 754 1646 782 Nicolaus

860 802 1046 830 Damascenns
1072 802 1195 829 nominat
1220 801 1420 829 Barim.Verba
1435 801 1543 837 Iosephi
1565 809 1646 837 supe—

825 853 845 880 B
859 849 916 876 rius
929 848 1134 883 exscripsimus,
1150 852 1177 876 et
1193 855 1224 875 ex
1240 855 1272 874 eo
1292 847 1412 875 Zonaras
1426 847 1523 874 Annal.
1540 852 1606 875 tom.
1624 848 1645 876 l.

860 895 914 923 Cur
938 898 1028 921 autem
1048 894 1209 921 Ambrosius
1235 901 1296 920 eum
1325 893 1499 928 appellaverit
1528 899 1646 921 montem

860 941 1001 974 Quadrati,
1017 940 1143 968 Pererius
1162 939 1234 966 nulla
1249 939 1406 974 conjectura
1434 940 1477 967 vel
1490 941 1647 975 suspicione

859 996 889 1015 sc
907 995 987 1023 posse
1002 987 1134 1022 attingere
1151 986 1248 1013 scribit
1264 986 1310 1013 lib.
1327 994 1376 1013 xm
1400 986 1427 1012 in
1441 985 1532 1013 Cenes.
1544 987 1646 1014 Textus

859 1038 949 1062 tamen
972 1033 1122 1068 Scriptura:
1150 1031 1271 1064 Graecus,
1299 1036 1326 1060 et
1354 1031 1482 1060 Hebraeus
1511 1033 1647 1068 expressit

859 1080 966 1112 Ararat,
983 1080 1056 1115 quod
1072 1078 1103 1106 D.
1120 1073 1302 1114 Hier'onymus
1322 1078 1360 1104 ait
1387 1078 1543 1105 Armeniam
1560 1086 1620 1106 esse
1636 1087 1644 1105 :

860 1129 925 1153 sunt
943 1129 1051 1152 montes
1064 1124 1210 1157 Armenia,
1220 1127 1246 1151 et
1256 1131 1319 1159 pars
1329 1123 1423 1155 Tauri,
1435 1124 1480 1158 qui
1491 1123 1565 1150 varia
1578 1123 1645 1150 locis

859 1170 974 1198 diversis
988 1169 1099 1197 nomina
1113 1169 1230 1203 accepit.
1244 1167 1413 1204 Epiphanius
1428 1168 1454 1195 in
1467 1168 1584 1195 Panario
1595 1168 1648 1196 has

859 1223 954 1244 omnes
970 1216 1111 1244 nominum
1129 1215 1302 1243 diversitates
1320 1215 1569 1248 conciliat.dicens,
1583 1218 1645 1252 post

858 1263 987 1291 diluvium
1001 1262 1267 1298 requievisseZarcam
1284 1261 1340 1289 Noe
1356 1261 1383 1288 in
1394 1261 1532 1289 montibus
1545 1262 1643 1290 Ararat

859 1309 930 1345 (csse
955 1308 1154 1344 Septuaginta),
1181 1308 1278 1336 mediis
1302 1309 1374 1335 inter
1397 1308 1588 1335 Armeniorum
1617 1312 1645 1335 et

857 1356 1048 1391 Cardymorum
1073 1354 1140 1382 ﬁnes
1164 1354 1236 1389 (esse
1257 1353 1398 1389 Vulgatam
1422 1354 1593 1388 versionem,
1618 1357 1645 1382 et

858 1401 975 1430 Chaldaei
985 1399 1186 1436 paraphrasin),
1195 1400 1221 1427 in
1231 1404 1322 1427 monte
1330 1399 1419 1427 Lubar
1428 1400 1570 1435 appellato,
1581 1407 1647 1428 ecce

858 1448 930 1484 quod
949 1448 1135 1475 Damascenus
1151 1446 1281 1481 prodidit,
1298 1447 1327 1473 ὲν
1339 1447 1393 1479 τοῖς
1409 1446 1484 1482 ὄρεσι
1501 1448 1556 1478 τοῖς
1569 1447 1647 1482 ’Δρα-

860 1494 909 1530 ρὰτ
935 1493 1070 1528 ἀναμέσον
1090 1492 1242 1528 Ἀρμενίων
1271 1492 1319 1519 καὶ
1339 1492 1517 1528 Καρδυαίων,
1549 1492 1577 1519 ἐν
1606 1492 1647 1526 τῷ

860 1540 968 1576 Δουὸὰρ
983 1539 1040 1576 ὄρει.
1053 1539 1221 1574 καλουμένῳ.
1235 1538 1384 1573 Procopius
1401 1548 1408 1566 :
1425 1538 1524 1565 Ararat
1543 1538 1645 1565 medius

860 1586 928 1613 inter
944 1584 1106 1616 Armeniam,
1117 1588 1143 1610 et
1158 1582 1296 1609 Part/tiam
1311 1583 1427 1609 excurrit
1448 1590 1536 1609 uersus
1551 1583 1646 1609 Adra-

861 1631 983 1658 benorum
999 1631 1138 1665 regionem.
1156 1628 1287 1665 Sibyllina
1300 1628 1410 1655 oracula
1427 1628 1474 1656 lib.
1493 1636 1519 1659 ι,
1533 1635 1582 1663 pro
1594 1627 1646 1654 Ar-

860 1678 949 1706 menia
964 1676 1109 1712 Phrygiam
1133 1675 1283 1703 obtrudunt
1300 1683 1307 1707 ;
1323 1674 1420 1701 falsum
1448 1674 1528 1709 plane
1541 1694 1548 1706 ,
1565 1677 1595 1700 ut
1618 1677 1646 1701 et

860 1723 926 1750 illud
945 1723 1016 1758 quod
1040 1723 1131 1750 subdit
1154 1721 1250 1749 eadem
1271 1720 1390 1757 Sibylla,
1418 1728 1448 1748 se
1471 1728 1531 1748 cum
1547 1720 1646 1748 marito

861 1776 912 1796 suo
928 1768 956 1795 in
971 1775 1035 1795 arca
1051 1767 1185 1794 inclusam
1200 1766 1293 1794 fuisse.

894 1835 981 1866 lbid.,
1004 1834 1052 1862 lin.
1072 1833 1097 1861 5.
1117 1833 1170 1861 Kal
1190 1832 1226 1860 τὰ
1248 1833 1388 1867 λείψανα.
1415 1831 1580 1867 Theophilus
1611 1831 1646 1859 ad

861 1880 1028 1914 Autolycum,
1049 1879 1096 1908 lib.
1114 1887 1143 1906 ιιι
1161 1889 1167 1906 :
1184 1876 1237 1910 ’Ἧς
1254 1878 1368 1905 κιϐωτοῦ
1385 1878 1419 1905 τὰ
1435 1877 1548 1913 λείψανα
1564 1877 1646 1913 μέχρι

861 1927 911 1962 τῆς
923 1927 1001 1962 δεῦρο
1013 1926 1147 1952 δείκνυται
1161 1922 1229 1951 εἶναι
1241 1926 1269 1951 ὲν
1283 1924 1482 1960 τοῖςἈραϐίοις
1493 1924 1577 1960 ὄρεσι.
1592 1922 1646 1950 Ζο-

861 1980 952 2003 naras,
964 1972 1022 1998 loco
1037 1971 1065 1999 d.
1077 1980 1084 1998 :
1102 1970 1298 2006 Ἀποὸατήριον
1311 1969 1338 1996 δὲ
1353 1969 1398 1996 τὸν
1412 1969 1493 1995 τόπον
1507 1968 1647 1995 καλεῖσθαι

861 2019 916 2049 τοῖς
932 2017 1083 2052 Ἀρμενίοις
1105 2017 1186 2052 φησὶν
1202 2015 1332 2051 Ἰώσηπος
1349 2015 1396 2041 καὶ
1415 2014 1527 2050 λείψανα
1540 2013 1647 2041 δείκνυ-

863 2064 924 2091 σθαι
943 2066 992 2099 τῆς
1015 2063 1149 2098 λάρνακος
1175 2063 1242 2089 ἐκεῖ.
1266 2061 1298 2088 Ει
1321 2061 1456 2096 Josephus
1478 2069 1512 2088 cx
1536 2060 1647 2088 Nicolao

863 2110 1030 2137 Damasceno
1047 2118 1053 2136 :
1071 2110 1126 2136 Καὶ
1147 2108 1279 2140 Νικόλαος
1294 2108 1321 2134 δὲ
1346 2109 1360 2134 ὁ
1381 2107 1557 2143 Δαμασκηνὸς
1571 2108 1599 2134 ὲν
1612 2108 1647 2143 τῇ

863 2155 1024 2190 ἐνενηκοστῇ
1040 2155 1087 2180 καὶ
1104 2153 1170 2190 ἕκτῃ
1191 2153 1273 2188 βίϐλῳ
1296 2154 1396 2188 ἱστορεῖ
1420 2153 1483 2189 περὶ
1501 2152 1588 2179 αὐτῶν
1605 2152 1649 2179 λέ-

37 2203 87 2222 cum
107 2199 150 2225 isti
179 2207 313 2226 memores
341 2202 366 2225 et
389 2206 512 2232 pensare:
530 2198 714 2225 elementorum
733 2207 809 2233 aquai

866 2209 921 2235 γων
944 2199 1045 2231 οὕτως·
1069 2200 1161 2226 Ἔστιν
1184 2199 1254 2234 ὑπὲρ
1273 2199 1322 2234 τὴν
1343 2199 1466 2225 Μινυάδα
1494 2199 1563 2234 μέγα
1585 2198 1647 2234 ὗρος

36 2244 104 2271 terris
125 2245 275 2278 per/tibeant
299 2247 456 2279 superiores,
479 2249 556 2280 atque
587 2245 715 2273 leuiores?
741 2245 812 2278 Quid

38 2287 113 2323 itaque
137 2292 248 2319 rationis
275 2292 398 2326 afferunt,
415 2299 496 2326 quare
517 2296 586 2317 terra
599 2292 716 2326 gravior,
735 2295 759 2318 et
772 2291 814 2318 in-

37 2334 107 2367 {erior
116 2337 200 2365 locum
222 2339 280 2365 caeli
315 2338 506 2372 tranquillinris
535 2338 660 2364 invaserit
675 2345 721 2371 per
740 2337 814 2364 volu-

39 2382 100 2408 mina
121 2388 156 2410 tot
173 2393 314 2416 annorum,
335 2389 360 2411 et
384 2393 453 2419 aqua
479 2384 559 2411 levior
574 2393 605 2410 ac
618 2384 737 2418 superior
761 2392 813 2410 non

37 2429 153 2458 permissa
169 2432 203 2457 sit
223 2431 270 2457 hoc
289 2431 375 2465 facere
390 2431 484 2458 saltem
505 2431 539 2457 ad
556 2437 656 2465 tempus
670 2431 814 2466 exiguum?

39 2469 146 2500 Tandem
169 2476 287 2503 ridenda),
315 2480 379 2503 sunt
399 2484 478 2511 nugze
500 2475 712 2507 Mahumetanat.
752 2483 812 2511 quae

39 2524 85 2544 non
101 2519 203 2553 dicunt,
216 2522 263 2549 sed
280 2522 419 2549 insaniunt
430 2541 437 2553 ,
453 2529 544 2548 arcam
557 2523 734 2550 excrementis
750 2530 812 2556 gra-

38 2563 116 2591 vatam
132 2567 251 2600 periculo
266 2568 415 2602 proximam
436 2567 536 2599 fuisse;
555 2572 719 2603 quapropter
743 2568 809 2601 Noe,

39 2614 92 2635 cum
112 2611 144 2638 ad
165 2612 248 2640 Deum
271 2612 450 2648 confugisset,
472 2620 636 2647 responsum
652 2614 766 2648 accepit,
781 2617 811 2640 ut

40 2659 137 2683 curaret
150 2658 323 2693 elephantum
337 2659 364 2685 in
376 2658 477 2686 cloacis
490 2658 628 2684 hominum
641 2667 750 2694 egerere
761 2666 809 2685 sua

40 2705 158 2730 stercora.
186 2704 225 2732 Ex
258 2705 359 2740 quibus
393 2712 440 2732 sus
468 2703 630 2739 pergrandis
666 2709 809 2739 generatus

42 2742 166 2776 immunda
187 2750 232 2777 illa
255 2750 403 2781 devoravit.
422 2758 453 2778 ex
468 2750 526 2778 suis
539 2750 625 2777 l'etore
648 2755 808 2785 procreatus

44 2796 114 2820 sorex
129 2802 216 2823 arcam
232 2798 342 2829 arrosit,
361 2806 392 2826 ac
407 2797 564 2833 perforavit,
580 2797 616 2824 ita
633 2801 662 2824 ut
676 2805 745 2833 aqua
760 2798 808 2824 in—

43 2838 193 2869 Ercderetur.
218 2842 273 2871 Noe
298 2844 394 2880 majori
412 2844 532 2880 periculo
548 2851 562 2870 ιι
582 2842 636 2871 Deo
653 2847 680 2871 ut
701 2845 806 2873 leonem

865 2247 935 2273 κατὰ
951 2246 999 2282 τὴν
1015 2245 1160 2281 Ἀρμενίαν
1177 2245 1260 2280 Βάρις
1275 2245 1430 2280 λεγόμενον.
1447 2245 1487 2276 εἰς
1505 2245 1519 2270 ὃ
1535 2244 1648 2277 πολλοὺς

866 2292 1056 2328 συμφυγόντας
1072 2293 1118 2318 ἐπὶ
1137 2291 1184 2318 τοῦ
1202 2291 1393 2326 κατακλυσμοῦ
1408 2291 1484 2324 λόγος
1500 2290 1556 2325 ἔχει
1571 2298 1648 2325 περι-

865 2338 992 2373 σωθῆναι,
1008 2337 1054 2364 καί
1068 2346 1129 2364 τινα
1152 2337 1198 2363 ἐπὶ
1218 2336 1350 2373 λάρνακος
1367 2336 1513 2371 ὀχούμενον
1534 2335 1580 2362 ἐπὶ
1598 2335 1649 2370 τὴν

864 2386 1018 2422 ἀκρώρειαν
1043 2385 1163 2417 ὀκεῖλαι,
1179 2385 1226 2412 καὶ
1248 2385 1282 2412 τὰ
1303 2385 1415 2419 λείψανα
1427 2384 1480 2410 τῶν
1502 2383 1586 2416 ξύλων
1600 2384 1649 2411 ἐπὶ

863 2433 930 2460 πολὺ
947 2432 1074 2467 σωθῆναι.
1094 2431 1200 2458 Γὲνοιτο
1214 2432 1236 2458 δ’
1253 2432 1284 2458 ἂν
1299 2429 1374 2462 οὗτος
1391 2431 1482 2457 ὅντινα
1503 2431 1551 2457 καὶ
1564 2431 1647 2462 Matii-

863 2478 912 2513 σῆς
927 2478 1078 2513 ἀνέγραψεν
1093 2478 1107 2504 ὁ
1122 2478 1176 2504 τῶν
1190 2477 1324 2504 Ἰουδαίων
1338 2476 1495 2511 νομοθέτης.
1517 2475 1649 2502 Nicolaus

863 2524 1006 2556 Salconus,
1020 2525 1068 2551 lib.
1080 2524 1182 2551 "istor.
1194 2528 1263 2558 part.
1279 2523 1393 2551 Orientis
1408 2531 1439 2550 ex
1454 2529 1501 2550 ore
1509 2521 1647 2557 llaytboni

862 2571 967 2598 ordinis
992 2570 1261 2599 Pracmonstratensis
1280 2569 1333 2597 :lu
1353 2569 1477 2596 Armenia
1505 2572 1544 2595 est
1565 2567 1647 2594 altior

861 2625 952 2648 mons,
968 2617 1013 2651 qui
1037 2617 1070 2644 sit
1093 2617 1120 2643 in
1145 2621 1198 2643 toto
1223 2616 1284 2643 orbe
1309 2621 1449 2646 terrarum,
1465 2614 1509 2649 qui
1526 2612 1644 2640 Araratlt

860 2663 935 2697 vulgo
951 2667 1171 2696 nuncupatur,et
1194 2663 1220 2688 in
1234 2662 1368 2688 cacumine
1383 2660 1456 2687 illius
1471 2659 1566 2686 montis
1580 2667 1644 2685 arca

862 2707 919 2734 Noe
942 2712 1000 2742 post
1019 2708 1146 2735 diluvium
1158 2709 1242 2742 primo
1251 2708 1327 2738 sedit,
1337 2713 1361 2734 et
1377 2707 1435 2734 licet
1443 2711 1548 2741 propter
1559 2705 1644 2733 abun-

859 2753 979 2780 dantiam
995 2753 1103 2784 niuium,
1119 2762 1177 2788 qua:
1193 2762 1292 2788 semper
1306 2754 1333 2780 in
1350 2753 1397 2780 illo
1413 2757 1498 2780 monte
1509 2751 1643 2786 reperiun-

859 2802 918 2827 tur.
935 2803 988 2823 tam
1004 2797 1086 2824 Iucme
1106 2806 1185 2832 quam
1210 2803 1317 2831 «estate,
1335 2806 1409 2825 nemo
1421 2798 1488 2825 valet
1504 2797 1642 2824 ascendere

860 2848 970 2872 stantem
988 2844 1080 2879 illum,
1101 2853 1200 2880 semper
1225 2850 1309 2873 tamen
1330 2850 1438 2880 apparet
1459 2846 1484 2872 in
1511 2844 1569 2880 ejus
1594 2852 1640 2871 ca-
