1897 3073
241 103 291 130 SM

928 107 1050 137 LEONIS
1075 107 1213 138 ALLATII
1816 114 1861 142 992

241 161 346 189 cuntine
359 161 490 197 quoddam
508 164 625 197 nigrum,
639 166 708 199 quod
722 166 754 193 ab
767 167 915 195 hominibus
931 167 1028 195 dicitur
1042 168 1065 196 Α
1079 167 1208 196 tilicatum
1231 169 1330 202 Solem,
1351 177 1411 204 qua:
1429 169 1624 198 Melchisedech
1651 171 1860 201 administravit.

247 215 304 233 €888
315 214 388 233 arca.

271 252 330 279 Col.
342 252 404 284 753,
414 252 464 279 lin.
478 254 504 281 6.
515 253 570 280 Kal.
583 253 620 287 τῇ
628 254 781 289 ἀσφάλτῳ,
791 256 915 288 Albinus,
926 256 1029 289 Quaest.

241 299 269 325 in
285 298 378 326 Cenes.
393 299 426 326 de
434 304 531 326 natura
541 294 680 328 bituminis
691 310 697 327 :
708 301 828 329 Bitumen
836 308 875 329 est
888 303 1031 336 [eruentis—

241 346 339 371 simum
352 349 376 372 et
393 346 608 373 uiolentissimum
620 346 720 381 gluten,
729 348 805 382 cujus
815 353 854 375 est
866 348 921 375 [nec
936 350 1028 381 virtus,

242 395 272 417 ut
287 390 360 425 ligna
372 399 402 418 eo
419 391 513 424 oblita,
530 401 576 419 nec
592 393 721 420 uerinibus
738 394 812 420 exedi
822 414 829 426 ,
844 403 889 422 nec
902 395 965 422 solis
978 403 1030 422 ar—

240 436 320 468 dore,
346 445 391 463 nec
412 437 521 471 [latibus
547 443 699 472 ventorum,
718 448 764 466 nec
779 449 908 475 aquarum
929 442 1030 475 possint

240 483 413 511 inundatione
429 485 548 512 dissolvi.
566 485 700 521 Josepbus
717 486 808 522 Antiq.
826 488 873 515 lib.
892 496 911 519 ι,
929 495 989 522 cap.
1001 488 1028 519 4,

239 529 274 556 de
288 536 359 556 areae
373 529 506 557 bitumine
521 538 554 558 ex
571 530 672 559 Beroso
687 531 811 558 Chaldaeo
822 540 829 558 :
842 532 894 559 Τοῦ
904 532 933 559 δὲ
949 542 1031 560 κατα-

238 573 360 609 κλυσμοῦ
378 575 472 601 τούτου
484 576 530 602 καὶ
551 576 601 611 τῆς
616 576 749 613 λάρνακος
763 578 913 614 μέμνηνται
926 579 1027 611 πάντες

236 620 262 646 οἱ
280 620 329 651 τὰς
344 620 514 656 βαρῦειρικᾶς
534 622 652 657 ἱστορίας
674 623 893 659 ἀναγράφοντες,
913 622 949 652 ὧν
969 626 1028 652 ἐστι

238 666 286 692 καὶ
301 667 447 702 Βηρωδσὺς
464 669 478 695 ὁ
493 669 634 700 Χαλδαῖος.
652 669 834 705 Διηγούμενος
849 671 903 708 γὰρ
917 672 950 699 τὰ
965 673 1029 708 περὶ

238 712 283 738 ’.ὸν
296 713 487 749 κατακλυσμὸν
502 713 573 742 οὕτω
590 724 648 747 πως
671 716 789 748 διέξεισι·
806 717 922 752 Λέγεται
936 718 964 745 δὲ
981 719 1028 746 καὶ

236 757 285 784 τοῦ
302 758 393 785 πλοίου
410 760 439 786 ἐν
453 761 484 796 τῇ
499 761 631 797 Ἀρμενίᾳ
647 762 714 798 πρὸς
727 763 765 799 τῷ
778 763 836 799 ὅρει
850 765 904 791 τῶν
920 766 1026 801 Καρδυ-

236 804 304 832 αίων
326 805 365 831 ἔτι
388 806 471 842 μέρος
507 816 532 833 τι
551 805 640 840 εἶναι,
664 809 711 835 καὶ¹
738 811 861 846 κομίζειν
885 811 959 843 τινὰς
978 812 1026 848 τῆς

235 849 373 884 ἀσφάλτου
395 851 586 887 ἀφαιροῦντας.
605 853 732 889 Χρῶνται
757 855 786 881 δὲ
806 856 923 890 μάλιστα
942 857 966 883 οἱ
985 858 1027 884 ἄν·

237 897 340 932 ορωποι
378 898 417 933 τῷ
450 899 623 936 κομιζομένῳ
656 901 726 936 πρὸς
754 902 819 934 τοὺς
851 903 1026 938 ἀποτροπια-

236 943 331 978 σμούς.
339 942 386 971 His
393 951 424 971 ex
433 943 551 980 Joscpbo
560 946 652 974 subdit
663 948 792 974 nonnulla
803 955 836 975 ex
844 948 967 976 Abideno
977 950 1026 976 Eu-

237 989 296 1016 seb.
309 989 347 1016 De
360 997 474 1024 prttpar.
492 1000 583 1027 evang.
595 1012 602 1024 ,
616 993 663 1021 lib.
679 1001 717 1025 ιι,
736 994 807 1021 inter
821 999 917 1021 caetera
929 1004 935 1022 :
947 995 982 1022 Τὸ
996 996 1024 1022 δὲ

233 1034 324 1062 πλοῖον
342 1036 370 1062 ἐν
392 1036 522 1072 Ἀρμενίῃ
547 1039 686 1074 περίαπτα
701 1039 794 1073 ξύλων
815 1040 1025 1077 ἀλεξιφάρμακα

231 1081 317 1107 τοῖσιν
334 1082 504 1118 ὲπιχωρίοισι
523 1083 678 1119 παρείχετο.
695 1084 727 1111 Et
745 1084 937 1113 Cbronicarum
953 1093 1022 1122 part.

233 1133 252 1154 ι.
269 1133 302 1153 ex
321 1125 476 1154 Alexandro
494 1127 665 1164 Polyhistore
684 1139 691 1157 :
707 1130 760 1156 Τοῦ
779 1131 807 1157 δὲ
822 1131 914 1158 πλοίου
930 1132 1024 1160 τούτου

233 1174 442 1207 κατακλιθέντος
457 1176 486 1200 ὲν
499 1176 531 1211 τῇ
546 1175 679 1211 Ἀρμενίᾳ.
696 1177 778 1212 μέρος
793 1186 817 1204 τι
837 1176 906 1205 εἶναι
922 1180 951 1206 ἐν
968 1181 1024 1211 τοῖς

232 1220 413 1256 Κορκοραὶοις
434 1221 503 1256 (lego
531 1222 701 1257 Κορδυαίοις)
722 1223 798 1258 ὅρεσι
813 1224 862 1260 τῆς
878 1225 1023 1260 Ἀρμενίας

231 1262 376 1298 διαμένον,
396 1265 442 1291 καί
463 1274 539 1296 τινας
561 1266 615 1292 ἀπὸ
632 1266 677 1293 τοῦ
699 1267 790 1294 πλοίου
809 1269 932 1305 κομίζειν
955 1271 1022 1297 ἀπο-

233 1307 343 1341 ξὺοντας
358 1310 511 1344 ἄσφαλτον·
527 1311 644 1346 χρᾶσθαι
658 1312 686 1339 δὲ
701 1313 785 1349 αὐτὴν
799 1315 866 1350 πρὸς
880 1316 943 1348 τοὺς
959 1317 1024 1343 ἀπο-

232 1358 431 1393 τροπιασμοὺς.
455 1358 502 1385 Hm
525 1364 614 1387 autem
633 1368 703 1388 arcae
720 1362 861 1397 reliquiae,
878 1368 908 1391 ut
932 1366 1023 1394 videre

234 1408 276 1429 est
293 1411 325 1430 ex
340 1403 459 1439 Josepho
472 1424 480 1436 ,
505 1413 565 1440 quae
582 1406 615 1433 ad
637 1415 685 1434 sua
703 1411 824 1444 tempora
839 1410 1023 1445 perdurarunt

234 1457 283 1484 per
298 1457 386 1478 annos
400 1452 517 1486 amplius
532 1452 573 1480 bis
591 1453 679 1488 mille,
696 1463 729 1482 an
749 1456 847 1483 virtute
868 1457 1020 1491 bituminis,

233 1495 268 1522 de
282 1503 337 1530 quo
360 1496 436 1530 plura
452 1495 567 1528 Plinius,
585 1498 631 1526 lio.
655 1507 737 1532 xxxv,
754 1507 804 1534 cap
832 1501 875 1535 l5,
889 1506 915 1529 et
928 1511 962 1530 ex
976 1503 1023 1530 Al-

233 1540 298 1568 bino
313 1539 442 1570 Rabanus
460 1542 598 1571 :Bitumen
613 1551 652 1572 est
666 1545 898 1581 ferventissimam,
919 1554 943 1576 et
961 1550 1023 1577 oio—

233 1587 408 1615 lentissimum
427 1589 537 1624 gluten,
554 1591 629 1626 cujus
645 1592 700 1620 lucc
725 1598 765 1620 eat
786 1594 886 1627 virtus,
905 1601 932 1622 ut
951 1596 1023 1632 ligna

232 1642 291 1669 quin
306 1644 335 1662 eo
353 1636 435 1662 oblita
452 1637 561 1671 fuerint,
584 1647 629 1665 nec
653 1639 783 1666 vermibus
797 1641 882 1673 exedi,
901 1651 945 1669 nec
959 1644 1022 1671 solis

231 1679 337 1711 ardore,
355 1689 400 1707 nec
423 1687 557 1708 ventorum
575 1683 695 1717 ﬂatibus,
710 1693 756 1711 nec
772 1694 903 1720 aquarum
918 1689 1020 1722 possint

231 1725 355 1752 oio/entia
368 1726 497 1760 dissolvi;
514 1736 548 1755 an
574 1729 612 1756 ita
632 1729 688 1756 Deo
712 1730 875 1765 disponente
887 1752 895 1764 ,
911 1734 982 1768 quod
996 1739 1022 1762 et

231 1771 334 1803 verius.
347 1776 377 1800 ut
390 1775 519 1802 mortales
536 1779 678 1808 aeternum,
696 1780 725 1803 ut
740 1778 777 1804 ita
795 1778 896 1812 dicam,
908 1779 1021 1814 justitia:

231 1815 340 1850 divinae,
356 1825 406 1846 nec
430 1827 484 1846 non
507 1823 534 1846 et
557 1820 750 1848 misericordiae
766 1830 821 1857 pra:
835 1824 922 1852 oculis
936 1825 1020 1853 liabe-

231 1865 291 1889 rent
307 1863 526 1890 monimentum?

264 1906 332 1934 lbid.
345 1927 353 1940 ,
375 1907 424 1934 lin.
444 1908 469 1935 8.
492 1909 518 1935 '0
539 1909 574 1936 δὲ
596 1909 660 1938 Νῶε
681 1911 1021 1947 ὲτελεύτησεν.Ρεουᾱο-

229 1951 348 1980 Berosus
359 1953 501 1982 Annianus
525 1955 572 1983 lib.
590 1964 631 1988 In,
645 1958 729 1984 multa
738 1958 771 1986 de
788 1959 861 1994 Noe,
879 1966 906 1988 et
917 1962 950 1990 iis
963 1971 1023 1996 quae

230 1998 289 2033 ipse
297 2003 358 2033 post
376 1999 508 2028 diluvium
522 2003 617 2037 gessit,
636 2003 702 2031 fides
719 2005 754 2032 sit
770 2013 853 2040 penes
870 2011 1019 2036 auctorem.

264 2043 344 2077 lbid.,
362 2046 408 2072 lin.
428 2047 455 2073 9.
472 2048 526 2074 Καὶ
542 2048 600 2075 υἱοὶ
627 2050 730 2077 αὐτοῦ.
751 2051 926 2081 Hebraeorum
940 2055 1022 2090 pleri-

230 2097 284 2124 que
299 2090 416 2123 docent,
431 2091 529 2126 Japhet
551 2094 639 2128 primo
663 2095 723 2123 loco
739 2105 755 2123 a
771 2097 828 2125 Noe
846 2099 932 2128 fuisse
945 2102 1022 2136 geni-

231 2139 288 2163 tum
299 2157 306 2169 ,
320 2136 404 2164 Cham
422 2139 542 2166 secundo
553 2160 559 2170 .
577 2139 639 2168 Sem
660 2143 782 2170 omnium
797 2149 947 2179 postremo.
965 2148 1021 2175 Au-

1116 213 1194 247 lbid.,
1210 214 1257 241 lin.
1272 215 1316 242 92.
1334 214 1451 248 Νεϐρὼο
1467 216 1583 243 ἔπειθεν
1597 218 1624 243 ό.
1642 216 1780 252 Iosephus
1793 238 1801 249 ,
1819 219 1861 253 ιυ).

1081 267 1088 286 l
1108 260 1248 294 Antiquit.,
1263 268 1323 295 cap.
1339 261 1379 287 5.:
1396 261 1492 298 Ἑξῆρε
1505 262 1533 288 δὲ
1547 263 1645 294 αὐτοὺς
1658 262 1728 298 πρός
1740 271 1770 289 τε
1789 263 1861 300 ὖὸριν

1079 305 1126 332 τοῦ
1143 306 1220 337 Θεοῦ,
1240 307 1286 333 καί
1305 307 1505 343 καταφρόνησιν
1523 308 1688 344 Νεϐρώδης,
1711 309 1750 341 ὼς
1769 311 1863 343 υἱωνὸς

1081 352 1130 386 μὲν
1151 351 1188 378 ὢν
1210 353 1305 388 Χάμου
1327 353 1373 379 τοῦ
1394 353 1504 390 Νώχου·
1526 355 1661 391 τολμηρὸς
1679 356 1708 382 δὲ
1727 357 1776 383 καὶ
1797 358 1863 384 κατὰ

1079 399 1158 434 χεῖρα
1172 400 1303 432 γενναῖος,
1316 399 1422 426 ἔπειθεν
1435 401 1532 432 αὐτοὺς
1545 401 1583 436 μὴ
1594 402 1633 437 τῷ
1643 402 1702 438 Θεῷ
1719 402 1820 430 διδόναι
1836 401 1864 431 τι·

1079 443 1111 470 δι⁴
1125 444 1226 470 ἐκεῖνον
1237 444 1413 480 εὐδαιμονεῖν,
1430 446 1499 480 ἀλλὰ,
1510 447 1559 482 τὴν
1576 447 1643 474 ίδίαν
1659 449 1761 484 ἀρετὴν
1780 449 1862 476 ταῦτα

1079 490 1208 525 παρέχειν
1222 491 1312 522 αὐτοῖς
1320 491 1454 526 ἡγεῖσθαι.
1466 492 1597 527 Περίιστα
1609 493 1637 520 δὲ
1650 495 1710 520 κατ’
1722 494 1814 528 ὀλίγον
1827 497 1859 527 εἰς

1078 535 1222 570 τυραννίδα
1234 536 1269 563 τὰ
1283 536 1443 572 πράγματα,
1461 537 1549 572 μόνως
1563 537 1634 565 οὕτω
1661 539 1781 574 νομίζων
1799 541 1860 566 ἀπο-

1079 582 1186 616 στήσειν
1201 582 1264 613 τοὺς
1276 583 1436 618 ἀνθρώπους
1450 585 1526 620 παρὰ
1539 585 1586 611 τοῦ
1598 585 1676 617 Θεοῦ,
1689 586 1714 612 εξ
1727 586 1860 622 χρώμενοι

1077 627 1110 661 τῇ
1123 626 1203 653 αὑτοῦ
1218 627 1330 663 δυνάμει
1345 628 1498 656 διατελείεν.
1508 630 1681 665 ’Δμυνετσθαί
1695 640 1726 658 τε
1739 632 1785 658 τὸν
1799 632 1861 659 Θεὸν

1078 671 1158 697 πάλιν
1187 672 1293 706 ἠπείλει
1318 672 1368 709 τὴν
1397 674 1449 710 γῆν
1475 675 1673 703 ἐπικλύσασθαι
1700 677 1858 712 θελήσανεα·

1080 716 1183 754 πύργον
1203 719 1256 754 γὰρ
1277 719 1462 756 οἰκοδομήσειν
1484 721 1664 757 ὑψηλότερον,
1689 722 1706 758 ἦ
1734 723 1766 750 τὸ
1794 724 1860 759 ὕδωρ

1076 762 1209 799 αναϐἦκμι
1231 763 1375 800 δυνηθείη·
1399 766 1608 800 μετελεύσεσθαι
1627 768 1656 795 δὲ
1686 769 1733 795 καὶ
1747 769 1797 804 τῆς
1810 770 1859 796 τῶν

1078 809 1217 844 προγόνων
1229 809 1374 842 ἀπωλείας.
1391 810 1449 838 Non
1471 813 1612 840 dissimilia
1628 819 1722 841 narrat
1738 814 1816 850 ﬂugo
1831 816 1860 844 de

1043 845 1065 874 Β
1080 853 1181 882 Sancto
1204 854 1313 883 Victore
1336 857 1435 884 Anuot.
1459 858 1486 885 in
1503 857 1595 887 Cenes.
1618 864 1646 887 et
1668 845 1858 897 Hieronymus,

1081 897 1278 927 Traditionibus
1297 900 1376 928 Hebr.
1392 903 1420 929 in
1428 901 1548 931 Genesin.
1560 904 1689 936 Nemrod,
1704 906 1804 941 inquit,
1819 915 1860 933 ar-

1079 945 1159 978 ripuit
1174 946 1302 973 insuetum
1316 948 1417 981 primus
1432 949 1459 975 in
1473 949 1569 984 populo
1586 951 1752 985 tyrannidem
1768 961 1858 987 regne-

1078 992 1164 1026 oitque
1182 992 1209 1019 in
1231 992 1381 1028 Babylone,
1403 1003 1462 1029 qua:
1478 994 1510 1022 ab
1536 1004 1565 1023 eo
1577 1016 1584 1028 ,
1609 997 1677 1032 quod
1693 997 1729 1024 ibi
1745 999 1858 1033 confusa:

1078 1043 1139 1065 sunt
1153 1038 1260 1073 tinguit,
1272 1040 1352 1067 turris
1365 1040 1554 1070 a‘di/icantium
1569 1042 1651 1069 Babel
1664 1044 1799 1077 appellata
1812 1050 1857 1072 ut.

1080 1082 1230 1111 llethodius
1243 1084 1281 1111 ait
1294 1084 1366 1112 hunc
1383 1085 1466 1114 fuisse
1483 1091 1607 1121 nepotem
1623 1088 1685 1116 Seni
1699 1097 1707 1115 ς
1722 1090 1795 1125 Πρὸς
1805 1091 1858 1117 τοῦ·

1078 1137 1122 1155 τον
1137 1128 1253 1164 κατῆλθε
1275 1129 1400 1165 Νεϐρὼδ,
1415 1130 1462 1157 καὶ
1476 1131 1629 1164 παιδευθεὶς
1646 1134 1711 1168 παρ’
1726 1134 1809 1160 αὐτοῦ
1824 1135 1858 1160 si-

1077 1173 1145 1210 ληφε
1161 1174 1256 1210 βουλὴν
1272 1176 1314 1210 ἐφ’
1326 1172 1348 1209 ᾧ
1365 1175 1521 1211 βασιλεῦσαι
1537 1178 1625 1205 αὐτόν.
1644 1177 1727 1211 Οὗτος
1742 1180 1770 1206 δὲ
1787 1181 1857 1208 6N:-

1078 1220 1150 1256 ὃρὼδ
1180 1221 1293 1256 ἀδελφὸς
1321 1223 1374 1250 τῶν
1406 1224 1502 1259 ἡρώων
1527 1225 1657 1261 ἐτύγχανε
1681 1226 1737 1252 τῶν
1759 1227 1856 1254 τέκνων

1076 1267 1123 1294 τοῦ
1144 1268 1213 1303 Σήμ.
1234 1269 1288 1295 Καὶ
1307 1269 1387 1302 αὐτὸς
1408 1270 1515 1306 πρῶτος
1540 1272 1712 1299 ἐϐασίλευσεν
1737 1274 1783 1300 ἐπὶ
1810 1274 1856 1308 τῆς

1076 1314 1137 1349 γῆς.
1153 1313 1230 1347 Quod
1256 1314 1355 1342 falsum
1378 1324 1440 1344 esse
1453 1318 1534 1344 verba
1555 1318 1656 1353 Moysis
1680 1320 1854 1353 convincunt,

1076 1367 1136 1394 qum
1147 1367 1208 1387 eum
1220 1359 1322 1388 faciunt
1334 1366 1458 1396 nepotem
1471 1363 1565 1390 Chami
1575 1374 1583 1391 :
1595 1364 1659 1391 Filii
1670 1365 1764 1397 Cham,
1778 1365 1854 1398 Ciuis,

1077 1405 1219 1438 Mennim,
1241 1406 1328 1441 Pbut,
1348 1413 1374 1435 et
1395 1407 1539 1436 Cbanaam.
1566 1409 1652 1438 Porro
1679 1410 1752 1439 Clius
1772 1413 1855 1447 genuit

1078 1451 1205 1481 Nemrad.
1220 1453 1439 1490 EtAugnslinus.
1453 1456 1500 1483 lib.
1517 1465 1561 1484 xw
1579 1457 1617 1484 De
1631 1459 1704 1485 civit.
1717 1458 1781 1490 Dei,
1797 1467 1853 1494 cap.

1076 1497 1092 1524 Il-
1109 1507 1116 1525 :
1138 1498 1212 1527 Unde
1225 1500 1367 1535 colligitur,
1391 1502 1521 1536 gigantem
1542 1503 1617 1530 illum
1636 1503 1766 1531 Nemroth
1779 1505 1855 1538 fuisse

1074 1544 1147 1572 illius
1161 1545 1332 1580 conditorem,
1344 1548 1413 1582 quod
1428 1549 1546 1582 superius
1566 1549 1676 1577 breviter
1689 1551 1777 1584 fuerat
1795 1553 1853 1578 inii-

1074 1595 1174 1618 matum
1188 1612 1195 1623 ,
1214 1592 1258 1619 ubi
1281 1601 1340 1620 cum
1360 1593 1392 1620 de
1408 1593 1455 1620 illo
1477 1595 1614 1630 Scriptura
1627 1597 1778 1632 loqueretur
1789 1619 1796 1630 ,
1810 1600 1852 1630 ait,

1074 1637 1178 1663 initium
1192 1638 1264 1672 regni
1277 1639 1333 1673 ejus
1346 1639 1397 1674 fuit
1414 1640 1533 1676 Babylon
1547 1641 1567 1658 "
1578 1662 1586 1674 ,
1605 1642 1632 1668 id
1648 1648 1697 1674 est,
1711 1652 1770 1678 quer
1789 1645 1854 1672 ciri-

1075 1685 1158 1708 tatnm
1173 1688 1327 1711 ca'terarum
1344 1690 1440 1719 gereret
1455 1687 1641 1720 principatum,
1658 1688 1704 1715 ubi
1718 1694 1787 1716 esse!
1803 1695 1854 1716 tan-

1072 1735 1151 1761 quam
1170 1728 1197 1755 in
1212 1730 1348 1764 metropoli
1367 1730 1545 1758 habitaculum
1562 1733 1635 1767 regni
1642 1753 1649 1763 .
1661 1736 1782 1768 quamvis
1802 1743 1855 1769 per-

1073 1772 1143 1806 fecta
1159 1781 1209 1800 non
1225 1774 1304 1808 fuerit
1319 1783 1399 1811 usque
1423 1776 1450 1802 in
1468 1781 1569 1803 tantum
1583 1779 1704 1810 modum,
1730 1786 1854 1815 quantum

1072 1819 1184 1854 superba
1195 1821 1326 1856 cogitabat
1337 1822 1467 1854 impietas.
1479 1822 1510 1849 Et
1523 1823 1636 1852 inferius
1647 1834 1652 1851 :
1667 1824 1792 1861 Erigebat
1800 1835 1855 1861 ergo

1072 1873 1131 1892 cum
1153 1867 1208 1894 suis
1225 1867 1327 1901 populi:
1353 1873 1450 1894 turrem
1471 1875 1562 1896 contra
1576 1869 1736 1903 Dominum,
1756 1881 1808 1906 qua
1821 1879 1855 1900 est

1072 1911 1154 1946 impia
1169 1913 1318 1947 signiﬁcata
1334 1915 1465 1947 superbia.
1485 1915 1567 1943 Plura
1577 1916 1610 1944 de
1626 1917 1677 1944 hac
1694 1919 1780 1946 turris
1796 1919 1855 1946 acdi-

1073 1957 1198 1985 llcatione
1221 1966 1270 1994 per
1294 1959 1467 1988 Nemrotliem
1492 1961 1576 1990 habes
1602 1964 1674 1998 apud
1698 1964 1854 1993 historicos.

1072 2003 1159 2030 Aliter
1170 2008 1259 2031 tamen
1272 2005 1359 2032 sensit
1370 2005 1528 2039 Cajetanus,
1539 2015 1602 2035 cum
1617 2012 1700 2043 negat
1716 2015 1854 2038 auctorem

1073 2048 1154 2084 hujus
1171 2051 1253 2078 turris
1269 2051 1354 2080 fuisse
1371 2051 1500 2080 Nemroth
1511 2073 1518 2086 ,
1534 2055 1660 2089 quamvis
1671 2056 1729 2089 jam
1748 2057 1855 2084 inchoa-

1072 2098 1106 2122 tzc
1125 2101 1186 2130 post
1200 2097 1387 2125 conlusionem
1412 2099 1564 2134 linguarum
1582 2105 1792 2136 occupatorcm.
1807 2103 1855 2130 Ne-

1072 2149 1124 2176 que
1140 2142 1281 2175 Nemroth,
1297 2144 1400 2178 inquit,
1417 2152 1505 2179 neque
1516 2146 1633 2180 aliquem
1646 2152 1755 2174 certum
1773 2148 1854 2176 homi-

230 2182 374 2217 gustinus,
392 2183 438 2210 lib.
456 2192 501 2211 xvt
519 2184 557 2212 De
579 2186 683 2213 civitate
699 2187 764 2222 Dei,
787 2191 893 2226 capuﬁ,
920 2191 1018 2228 Japhet
1034 2196 1056 2224 υ
1072 2196 1132 2215 nem
1148 2193 1288 2217 auctorem
1303 2189 1389 2218 fuisse
1414 2191 1487 2219 illius
1501 2191 1610 2219 fabrica:
1622 2193 1749 2221 declarat
1763 2195 1855 2222 exbor~

231 2230 376 2257 minimum
392 2235 480 2266 putat,
499 2232 561 2260 Scm
579 2235 740 2262 maximum.

265 2276 345 2309 lbid.,
361 2277 409 2304 lin.
421 2277 463 2303 l2.
479 2277 551 2304 Ἀπὸ
566 2278 617 2305 τοῦ
634 2279 734 2313 ὅρους.
750 2280 806 2308 Noe
822 2283 905 2316 enim,
917 2288 945 2311 et
960 2284 1018 2319 ﬁlii,

231 2323 336 2350 relictis
363 2324 503 2352 montibus
522 2324 659 2353 Armenia:
681 2331 743 2361 post
764 2327 913 2362 diluvium,
940 2335 1020 2359 terrm

230 2369 372 2403 planitiem
394 2375 596 2406 assequuntur,
611 2373 717 2407 fuitque
738 2375 825 2409 prima
847 2376 978 2406 habitatio
992 2379 1018 2406 in

230 2418 302 2441 terra
319 2414 460 2447 Sennaar,
476 2423 532 2450 quo
545 2416 572 2443 in
596 2417 655 2444 loco
675 2422 770 2453 postea
794 2419 915 2456 Babylon
935 2423 1020 2451 aedili-

229 2465 289 2487 cata
315 2461 375 2488 fuit.
386 2461 520 2490 Eusebius
532 2481 540 2494 ,
556 2467 628 2497 part.
646 2471 654 2489 ι
671 2463 793 2492 Chronic.
811 2473 844 2494 ex
864 2466 1019 2498 Alexandro

229 2507 400 2544 Polyhistore
418 2511 581 2543 εἘλθόντας
604 2510 651 2540 οὖν
675 2513 786 2546 τούτους
809 2516 850 2548 είς
871 2517 1018 2546 Βαϐυλῶνα

228 2553 263 2580 τά
276 2562 306 2580 τε
321 2556 354 2581 ὲκ
368 2555 517 2591 Σιππάρων
531 2557 684 2593 γράμματα
705 2559 850 2596 ἀνορύξαι,
867 2564 913 2590 καὶ
928 2565 1016 2598 πόλεις

229 2601 328 2632 πολλὰς
351 2602 510 2635 κτίζοντας,
530 2604 577 2631 καὶ
603 2605 662 2640 ἱερὰ
684 2606 914 2643 ἁνιδρυσαμένους
934 2611 1018 2638 πάλαι

228 2646 366 2674 ἑπικτίσαι
387 2648 438 2684 τὴν
450 2649 607 2677 Βαϐυλῶνα.
625 2650 729 2679 Hebraei
747 2659 891 2688 asserunt,
912 2656 969 2686 Noe
984 2666 1017 2686 ex

228 2691 357 2720 Armenia
372 2695 488 2722 rediisse
501 2695 530 2723 in
544 2699 665 2724 veterem
681 2699 813 2733 patriam,
838 2700 864 2728 id
882 2706 923 2730 est
935 2723 943 2736 ,
958 2704 1016 2732 loca

230 2737 363 2767 Damasco
382 2741 473 2769 vicina
486 2762 493 2775 ,
507 2743 554 2771 ubi
575 2745 721 2773 constituit
748 2753 859 2783 "egnum
874 2768 881 2782 ,
898 2753 925 2778 et
949 2759 1017 2787 pan--

267 2819 289 2834 ⁸¹
302 2818 369 2847 Gen.
384 2829 411 2855 χ,
431 2822 472 2849 l0.

1071 2235 1148 2267 tutio,
1164 2238 1190 2262 et
1205 2235 1329 2263 incitatio
1345 2237 1475 2263 attributa
1493 2246 1559 2273 vage
1571 2242 1598 2265 et
1614 2238 1762 2268 indeﬁnite
1776 2241 1854 2268 homi-

1071 2282 1161 2311 nibus.
1178 2286 1208 2308 ut
1224 2282 1410 2317 intelligamus
1425 2283 1506 2316 hinc,
1524 2285 1596 2318 quod
1611 2285 1748 2314 Nemroth
1763 2288 1852 2315 civita-

1071 2328 1122 2350 ti-m
1133 2325 1284 2360 Babyloniae
1294 2327 1460 2359 inchoatam.
1469 2330 1606 2356 communi
1621 2336 1697 2362 voto,
1707 2335 1736 2359 et
1749 2337 1851 2363 conatu.

1070 2375 1130 2405 post
1146 2371 1333 2400 confusionem
1355 2374 1509 2409 linguarum
1532 2376 1807 2412 ipse‘occupaverit,
1831 2384 1852 2407 et

1070 2415 1168 2443 ibidem
1185 2425 1298 2452 regnare
1309 2419 1434 2455 coeperit.

1105 2482 1183 2515 lbid.,
1195 2483 1243 2511 lin.
1259 2484 1304 2512 2'3.
1318 2485 1371 2512 Kal
1387 2486 1424 2521 δὴ
1442 2487 1566 2522 πύργον.
1583 2487 1620 2516 De
1635 2489 1689 2516 hac
1705 2491 1775 2518 turri
1789 2491 1853 2526 Aby-

1068 2528 1154 2570 denus
1170 2531 1241 2565 apud
1257 2530 1421 2564 Eusebium,
1440 2533 1478 2560 De
1499 2540 1644 2568 prwparat.
1665 2538 1798 2572 evangel.,
1811 2539 1850 2565 lib.

1069 2581 1094 2600 Ix
1108 2566 1196 2601 είΕντὶ
1208 2575 1230 2601 δ’
1242 2575 1266 2602 οἳ
1283 2575 1390 2610 λέγουσι
1403 2579 1466 2609 τοὺς
1473 2578 1598 2614 πρώτους
1613 2581 1646 2607 ὲκ
1663 2582 1718 2618 γῆς
1734 2583 1852 2618 ἀνασχόν-

1068 2627 1127 2651 τας,
1144 2619 1223 2657 ῥώμῃ
1236 2629 1265 2647 τε
1281 2622 1328 2648 καὶ
1341 2622 1449 2657 μεγέθει
1465 2624 1665 2659 χαυνωθέντας,
1680 2628 1730 2656 καὶ
1743 2629 1775 2665 δὴ
1792 2629 1852 2655 Θεῶν

1067 2667 1325 2702 καταφρονήσαντας
1334 2689 1341 2702 ,
1364 2669 1507 2704 ἀμείνονας
1532 2669 1600 2698 εἶναι
1628 2672 1747 2709 πύργων
1765 2675 1851 2711 τύρσιν

1067 2709 1192 2744 ἠλίϐατον
1211 2712 1328 2748 ἀείρειν,
1353 2713 1395 2740 ἵνα
1418 2714 1466 2742 νῦν
1488 2715 1616 2744 Βαδυλῶν
1643 2718 1732 2752 ἕσςιν,
1763 2709 1811 2757 sla};
1826 2730 1849 2746 τε

1068 2753 1150 2782 ἆσσον
1171 2754 1240 2784 εἶναι
1260 2758 1305 2785 τοῦ
1326 2759 1458 2794 οὐρανοῦ,
1477 2762 1523 2788 καὶ
1547 2762 1610 2794 τοὺς
1630 2764 1752 2800 ἀνέμους
1775 2766 1849 2794 Bacis:
