1897 3073
15 115 63 142 995

565 111 599 138 ΙΝ
618 109 803 138 EUSTATHII
824 108 1058 137 HEXAEMEBON
1074 108 1187 136 NOTAE.

1597 111 1649 138 99L

18 172 166 208 βωθέοντας
180 171 341 207 ἀνατρέψαι
359 171 422 206 περὶ
434 172 539 197 αὐτοῖσι
550 171 581 197 τὸ
592 171 698 206 μηχάνη
704 178 751 205 μα.
760 169 811 195 Τοῦ

865 167 946 202 pedes
969 167 1089 198 ducenti,
1111 166 1226 194 latitudo
1250 167 1455 203 quinquageni:
1474 168 1502 195 in
1527 168 1650 203 singulos

17 219 79 254 δῆτα
103 217 221 252 ἐρείπια
240 217 370 252 λέγεσθαι
396 217 552 244 Βαϐυλῶνα.
570 216 720 243 Alexander
735 214 813 250 Poly-

19 266 102 291 histor
115 272 150 291 ex
165 263 326 298 Eupolemo
336 273 342 290 :
354 263 508 298 Εὐπόλεμος
523 263 550 289 δὲ
567 264 595 289 ὲν
611 261 650 297 τῷ
665 262 730 297 περὶ
747 261 812 287 Ἰου-

18 310 95 337 δαίων
113 309 167 344 τῆς
190 309 346 344 Ἀσσυρίας
366 309 432 343 φησὶ
454 308 529 334 πόλιν
545 307 690 334 Βαϐυλῶνα
707 306 812 342 πρῶτον

22 357 66 391 μὲν
77 355 226 390 κτισθῆναι
241 355 358 382 ὑπδτῶν
372 354 556 382 διασωθέντων
573 355 604 380 ὲκ
619 353 666 392 τοῦ
679 353 813 380 κατακλυ-

21 401 96 436 σμοῦ,
121 399 195 426 εἶναι
220 401 252 427 δὲ
273 401 370 432 αὐτοὺς
388 401 532 435 γίγαντας,
555 399 704 434 οἰκοδομεῖν
721 398 749 424 δὲ
768 398 812 424 τὸν

23 447 212 482 ἱστορούμενον
227 447 267 473 πύ
273 456 344 482 ργον.
356 447 487 478 Πεσόντος
499 446 527 472 δὲ
539 445 632 472 τούτου
643 445 694 470 ὑπὸ
704 445 755 479 τῆς
764 443 812 470 τοῦ

21 493 82 519 Θεοῦ
97 493 259 528 ἐνεργείας,
273 493 336 524 τοὺς
350 493 479 526 γίγαντας
486 491 663 527 διασπαρῆναι
679 491 738 518 καθ’
749 490 812 526 ὅλην

24 539 133 574 τὴνγῆν.
147 537 234 566 Dictu
248 539 319 566 mira
337 539 426 574 prodit
439 538 619 573 Hieronymus
631 538 659 565 in
674 545 720 565 xw
731 540 812 572 caput

24 585 103 612 Esaiae
129 585 166 612 de
194 585 348 613 altitudine
370 585 452 620 hujus
476 586 560 612 turris
585 584 620 612 ad
651 584 810 612 miraculum

25 640 115 666 usque,
129 639 216 666 quem
234 632 308 659 vide.

54 678 110 704 Col.
124 678 190 710 753,
212 678 266 705 lin.
280 677 326 705 26.
345 677 489 705 Ἀπειλῶν
500 677 552 704 τὸν
569 677 651 704 Θεόν.
672 676 745 709 ldeo,
761 676 809 707 ait,

26 725 80 751 ilh-s
93 723 225 752 homines
240 725 339 751 turrim
354 723 511 756 aediﬁcasse,
523 727 656 750 utcontra
667 723 808 753 diluvium,

26 771 100 797 etiam
117 770 174 797 Deo
187 771 315 802 nolente,
339 770 390 797 sibi
417 770 601 797 consulerent.
619 769 717 796 Eadem
731 769 810 796 lose.-

28 816 101 850 phus,
115 816 163 843 lib.
181 824 189 842 ι
215 817 363 851 Antiquit.,
375 816 453 851 cujus
468 816 549 843 verba
564 823 646 851 supra
658 816 807 851 posuimus.

29 862 205 897 Augustinus,
240 862 290 890 lib.
312 871 355 890 xv:
379 863 415 890 De
434 863 539 890 civitate
560 862 618 896 Dei,
634 870 694 898 cap.
718 863 744 895 4,
765 872 811 891 ve-

30 917 88 936 sana
115 909 155 936 ait
169 909 294 944 quadam
311 909 392 936 animi
418 909 545 941 elatione,
562 917 593 936 ac
617 909 770 941 insolentia,
785 914 811 937 et

30 954 154 982 adversus
174 955 266 982 Deum
289 955 426 990 impietate
438 954 568 982 Nemroth
586 955 652 982 illud
668 955 810 982 aedificium

31 1001 204 1034 exstruxisse,
216 1005 251 1028 ut
265 1005 361 1028 contra
376 1000 460 1028 Deum
477 1001 529 1029 sibi
542 1006 650 1036 pararet
662 1003 813 1037 propugna-

31 1047 125 1078 culum,
139 1047 277 1082 illumque
293 1048 507 1082 quotiescunque
521 1046 646 1074 libuisset
661 1047 811 1079 infestaret,

33 1097 105 1127 atque
117 1092 284 1125 offenderet,
300 1093 423 1121 aliialias
436 1093 573 1121 adducunt
591 1100 698 1121 causas.
714 1093 812 1121 Noster

33 1138 187 1166 Eustathius
205 1143 364 1174 utramque,
381 1144 409 1168 et
419 1139 540 1175 Joseplii,
556 1145 582 1167 et
593 1139 736 1175 Augustini
749 1148 814 1167 con-

34 1184 124 1218 junxit,
139 1188 166 1212 et
189 1186 274 1220 quasi
299 1193 379 1212 unam
395 1187 535 1221 exposuit;
559 1194 610 1214 nec
631 1187 754 1213 homines
774 1187 812 1213 illi

36 1230 99 1256 aliud
108 1230 134 1257 in
147 1236 242 1259 mente
251 1231 417 1258 habuerunt.
427 1231 520 1259 Solent
528 1232 599 1259 enim
612 1232 753 1266 praeteritis
759 1239 813 1258 ma-

37 1275 66 1301 lis
77 1275 176 1307 afﬂicti,
188 1276 285 1304 futura
305 1277 396 1304 studio
409 1281 521 1312 arteque
535 1278 695 1312 propellere,
710 1285 744 1305 ne
768 1278 811 1305 bis

38 1320 123 1348 iisdem
147 1321 277 1350 infestari
304 1323 463 1358 contingat;
483 1328 510 1350 et
529 1324 592 1350 dum
612 1328 716 1351 naturae
733 1323 812 1352 donis

38 1366 149 1399 allluunt,
165 1369 278 1401 robore,
293 1369 405 1401 divitiis,
418 1371 634 1405 auctoritateque
649 1370 752 1405 stipati,
771 1371 812 1397 in-

39 1419 97 1439 sano
111 1420 178 1441 ausu
195 1413 305 1447 furere;
317 1418 345 1442 et
359 1422 420 1442 cum
431 1415 487 1449 jam
500 1415 639 1442 hominum
653 1422 682 1442 se
694 1423 755 1442 esse
766 1412 812 1442 su-

39 1459 149 1492 periores
175 1461 376 1495 persenserint,
400 1466 494 1488 contra
519 1461 603 1488 Deum
626 1461 809 1494 insolescere;

40 1505 135 1540 sibique
149 1513 242 1540 posse,
252 1507 473 1542 quandocunque
484 1507 511 1534 id
524 1506 605 1534 fuerit
616 1514 694 1542 opus,
707 1508 742 1552 ab
752 1507 810 1542 eius
825 1524 845 1552 α

40 1556 110 1576 manu
120 1558 217 1579 cavere
227 1551 353 1586 opinari;
366 1552 432 1586 quin
444 1555 471 1578 et
485 1552 608 1579 molestia
619 1552 694 1578 illum
706 1550 811 1579 aﬁieere

41 1600 206 1628 prasumunt.
232 1597 255 1624 Ο
281 1597 424 1624 ridiculam
445 1597 619 1624 industriam!
635 1604 651 1623 ο
666 1596 810 1623 nefandum

41 1640 166 1669 studiuml
190 1650 208 1669 ο
233 1643 394 1670 sceleratam
410 1643 630 1678 praevidentiam!
649 1641 695 1670 Nae
711 1642 761 1675 illi,
785 1646 812 1669 et

42 1687 127 1720 oculis,
141 1692 169 1714 et
183 1690 310 1722 auribus,
324 1693 351 1716 et
367 1690 457 1716 animo
470 1689 533 1716 caci
551 1694 623 1716 sunt.

72 1730 144 1765 lbid.,
160 1734 208 1761 lin.
231 1734 276 1761 51.
300 1734 330 1760 '0
348 1734 420 1767 Θεὸς
442 1733 500 1767 τὴν
520 1733 685 1760 διάλεκτον.
710 1733 812 1769 Sibylla

44 1778 104 1811 apud
117 1778 281 1807 Eusebium:
299 1780 410 1806 Πάντων
429 1779 576 1815 ὁμοφώνων
592 1779 676 1807 ὄντων
694 1779 747 1806 τῶν
766 1780 812 1806 ἁν-

44 1820 158 1856 θρώπων,
173 1825 278 1860 πύργον
301 1817 479 1860 ‹ξ›κοδόμησάν
501 1833 573 1856 τινες
588 1824 762 1860 ὑψηλότατον,
776 1824 814 1856 ὡς

45 1867 83 1894 ἐπὶ
95 1869 136 1895 τὸν
153 1870 266 1906 οὐρανὸν
288 1870 482 1906 ἀναϐησόμενοι
498 1871 529 1896 δι’
545 1870 636 1897 αὐτοῦ,
656 1871 686 1896 Ol
703 1870 731 1897 δὲ
747 1870 813 1901 θεοὶ,

46 1913 148 1948 ἀνέμους
166 1917 380 1953 ἐπιπέμψαντες,
398 1917 546 1952 ἀνέτρεψαν
567 1916 613 1943 τὸν
634 1916 747 1952 πύργον,
767 1916 814 1942 καὶ

48 1959 105 1986 ἰδίαν
119 1962 220 1998 ἑκάστῳ
237 1963 327 1998 φωνὴν
339 1963 450 1995 ἔδωκαν,
462 1963 508 1989 καὶ
520 1962 563 1989 διὰ
575 1962 653 1989 τοῦτο
668 1962 813 1989 Βαϐυλῶνα

47 2007 131 2043 συνέϐη
148 2008 279 2044 κληθῆναι
302 2008 350 2044 τὴν
370 2008 455 2034 πόλιν.
478 2007 510 2034 Ει
535 2007 671 2035 Hestraeus
686 2017 692 2035 :
705 2007 765 2033 Τῶν
786 2007 813 2034 δὲ

48 2054 129 2089 ἱερέων
141 2059 200 2090 τοὺς
218 2059 409 2090 διασωθέντας,
423 2058 457 2085 τὰ
472 2058 518 2085 τοῦ
538 2058 675 2085 Ἐνυαλίου
693 2057 754 2088 Διὸς
775 2057 813 2082 is-

49 2101 148 2135 ρώματα
162 2104 302 2136 λαϐόντας,
323 2106 362 2136 εἰς
381 2104 500 2140 Σενναὰρ
519 2104 567 2139 τῆς
585 2103 756 2134 Βαϐυλωνίας
772 2102 814 2128 st-

49 2145 104 2173 θεῖν.
115 2149 267 2177 Σκίδνανται
287 2150 318 2186 δὴ
332 2150 362 2176 τὺ
378 2150 468 2177 λοιπὸν
482 2149 604 2176 ἐντεῦθεν
622 2149 674 2175 ὑπὸ
684 2148 733 2184 τῆς
747 2149 813 2183 ὁμο-

50 2191 166 2226 γλωοσίας
178 2196 226 2228 τὰς
252 2196 388 2227 συνοικίας
403 2194 579 2230 ποιησάμενοι
597 2193 744 2229 πανταχοῦ,
766 2193 812 2219 καὶ
828 2193 850 2220 D

49 2237 92 2271 τὴν
105 2239 207 2268 ἔκαστοι
221 2241 424 2276 κατελάμϐανον
439 2241 488 2276 τὴν
501 2240 672 2276 ἐντυχοῦσαν.

80 2284 150 2318 lbid.,
165 2288 210 2314 lin.
226 2288 271 2315 55.
284 2287 346 2314 Κάλι
360 2287 467 2313 τούτου
481 2288 497 2313 d
513 2287 556 2313 τό.
572 2285 753 2320 Augustinus,
774 2285 814 2312 De

52 2330 139 2357 riuitate
157 2332 211 2365 Dei,
228 2334 274 2361 lib.
290 2341 346 2364 xvt,
363 2341 422 2367 cap.
437 2333 467 2359 ιε
479 2331 535 2359 Ista
549 2332 640 2358 civitas
651 2339 708 2366 qua:
723 2330 813 2366 appel-

53 2374 98 2400 luta
108 2382 142 2403 est
156 2379 281 2414 confusio,
296 2380 353 2413 ipsa
367 2383 405 2405 est
422 2377 551 2413 Babylon,
571 2377 645 2412 cujus
666 2377 813 2403 mirabilem

52 2424 251 2451 constructionem
274 2424 389 2459 gentium
410 2424 488 2450 etiam
510 2422 672 2449 commendat
690 2422 811 2448 historia.

54 2463 154 2501 Babylon
161 2471 248 2505 quippe
262 2471 449 2505 interpretatur
457 2469 591 2497 confusio.
603 2468 634 2495 Et
646 2468 810 2503 Abydenus:

57 2509 80 2536 Ὁ
92 2511 117 2538 δὲ
128 2515 203 2548 τόπος
216 2518 245 2543 ὲν
257 2513 279 2550 ᾧ
294 2516 339 2543 τὸν
353 2516 455 2551 π’ὑργον
469 2511 652 2550 ιξλκοδόμησᾶν,
664 2514 711 2540 νῦν
727 2513 814 2540 Βαϐυ-

54 2554 97 2582 λὼν
110 2560 221 2589 καλεῖται
237 2562 280 2589 διὰ
295 2563 344 2598 τὴν
365 2561 493 2596 σύγχυσιν
523 2560 568 2587 τοῦ
585 2560 648 2596 περὶ
662 2561 712 2595 τὴν
725 2559 812 2586 διάλε-

54 2608 106 2629 κτον
122 2607 222 2641 πρῶτον
243 2608 383 2644 ἐναργοῦς.
399 2607 518 2643 Ἑϐραῖοι
540 2607 594 2642 γὰρ
614 2605 663 2641 τὴν
683 2605 813 2640 σύγχυσιν

56 2645 125 2679 βαῦὲλ
139 2653 267 2681 καλοῦσιν.
282 2654 347 2681 Eam
369 2657 495 2681 accurate
511 2652 669 2679 describunt
690 2651 812 2678 Herodo-

56 2696 101 2726 lus,
114 2695 157 2724 lib.
172 2700 328 2732 I;Curtius.
352 2701 398 2727 lib.
420 2708 454 2733 v;
478 2698 661 2726 Philostratus
674 2706 693 2725 ι.
709 2697 813 2725 Pausa-

58 2737 106 2766 nias
122 2743 196 2771 tradit
215 2747 335 2772 omnium
350 2753 430 2780 quam
445 2751 565 2779 unquam
582 2744 623 2771 sol
646 2744 750 2778 aspexit
766 2751 813 2770 ur-

58 2782 119 2812 bium
127 2791 280 2826 maximam;
293 2792 363 2819 muri
372 2793 502 2819 ambitum
512 2790 605 2817 habuit
616 2793 811 2821 trecentorum,

59 2832 213 2871 ειοειοεὶηιιι
226 2839 345 2874 quinque
368 2838 537 2871 stadiorum;
561 2844 676 2872 quorum
698 2835 812 2864 altitudo

865 214 948 248 pedes
963 213 1048 242 ternis
1061 213 1153 248 digitis
1167 220 1293 240 mensura
1307 214 1438 249 ampliore
1449 221 1529 248 quam
1542 218 1650 241 nostra.
1700 199 1703 234 ἶ

865 258 912 286 Via
928 260 955 286 in
972 259 1109 286 mtenibus
1129 258 1196 293 ipsis
1221 263 1274 285 tam
1296 259 1361 291 lata,
1387 264 1415 285 ut
1437 259 1577 295 quadrigae
1598 261 1651 288 sibi

863 305 978 331 invicem
1015 307 1192 331 occurrentes
1213 303 1293 330 facile
1317 306 1484 338 pertransire
1515 310 1650 339 possent;

862 349 935 385 quod
959 350 1102 384 Antipater
1126 349 1261 384 expressit
1284 357 1345 376 cum
1372 350 1518 385 ἐπίδρομον
1545 351 1650 386 ἅρμασι

862 398 950 431 τεῖχος
966 402 1073 422 murum
1087 395 1279 430 appellavit,et
1291 394 1428 430 Propert.,
1445 396 1491 422 lib.
1505 403 1533 422 Ill
1553 405 1560 422 :

899 442 932 469 Et
951 442 1003 468 duo
1020 443 1046 468 in
1063 441 1201 469 adversum
1219 442 1290 467 misit
1309 449 1355 474 per
1371 441 1466 467 mania
1484 449 1579 468 currus

933 477 973 504 Ne
990 483 1095 511 possent
1116 481 1186 502 tacto
1202 477 1329 510 stringere
1350 476 1382 502 ab
1397 483 1446 502 axe
1463 476 1545 503 latus.

863 519 929 556 Ejus
952 521 1077 548 conditor
1102 521 1226 547 laudatur
1258 520 1400 552 Nemrotli,
1423 514 1550 555 Josepho,
1573 520 1619 547 lib.
1638 529 1647 548 ι

862 567 963 603 Antiq.,
973 567 1094 598 Zonarze,
1105 567 1239 599 Cedreno,
1250 567 1310 594 aliis
1320 577 1325 594 :
1337 567 1504 598 Marcellino,
1515 567 1559 594 lib.
1569 575 1648 600 xxiii,

861 612 955 646 Belus;
969 612 1104 647 Stephano
1118 612 1238 647 Babylon
1255 611 1323 639 Medi
1338 612 1410 640 filius
1425 621 1432 639 :
1445 611 1571 638 Βαϐυλὼν
1579 613 1649 648 Περ-

862 658 924 693 σικὴ
939 658 1024 689 πόλις,
1040 657 1214 693 μητρόπολις,
1232 657 1360 683 Σελευκία
1378 657 1531 692 καλουμένη
1543 677 1550 688 ,
1568 656 1650 683 Βαϐυ-

861 705 943 736 λῶνος
959 704 1052 739 ἀνδρὸς
1072 704 1174 738 κτίσμα
1192 703 1366 734 παλαίτατον,
1385 701 1540 737 ὁοφωτάτου
1556 703 1649 736 eratab;

860 750 963 786 Μήδου,
980 751 1037 785 οὐχ,
1053 750 1090 781 ὡς
1107 750 1254 785 Ἡρόδοτος,
1265 749 1317 775 ὑπὸ
1333 749 1529 785 Σεμιράμιδος·
1548 751 1649 786 ταύτης

860 793 913 828 γὰρ
931 792 963 829 ἦν
985 794 1148 829 ἀρχαιοτέρα
1159 793 1230 820 ἔτεσι
1247 794 1340 828 χιλίοις
1357 794 1417 827 δύο,
1443 795 1480 826 ὡς
1500 794 1648 830 Ἐῤῥὰνιος.

829 847 847 873 Β
862 839 988 874 Plerique
1000 839 1045 866 alii
1060 839 1264 867 Semiramidem
1279 845 1418 874 parentem
1435 841 1547 868 faciunt.
1565 841 1652 869 Clau-

862 886 971 917 dianus,
987 886 1014 912 in
1032 885 1105 912 Ruﬁ.
1121 886 1168 913 lib.
1189 894 1195 912 l
1218 894 1224 910 :

901 930 1024 967 Qreditur
1036 937 1059 958 et
1078 937 1178 959 centum
1192 932 1275 966 portis
1291 931 1428 967 Babylona
1440 933 1578 967 superbam

899 966 1040 994 Femineas
1056 968 1185 994 struxisse
1205 968 1289 994 labor.

861 1011 893 1038 Et
907 1011 1030 1047 Propert.
1049 1013 1097 1039 lib.
1114 1020 1161 1039 in:

896 1057 1040 1085 Persarum
1056 1060 1150 1085 statuit
1166 1058 1304 1093 Babylona
1315 1058 1470 1086 Samiramis
1487 1058 1580 1086 urbem

935 1093 968 1120 Ut
983 1093 1096 1120 solidum
1111 1099 1183 1120 cocta
1199 1094 1298 1121 tolleret
1312 1103 1403 1129 aggere
1421 1102 1496 1128 opus.

862 1137 900 1165 De
912 1138 1048 1173 Babylone
1058 1138 1119 1165 vide
1133 1139 1210 1173 plura
1224 1139 1293 1173 apud
1303 1137 1648 1166 AbrahamumHorteli‘um

861 1182 889 1209 in
902 1179 1034 1210 Thesauro
1047 1184 1198 1218 geograplt.,
1218 1183 1373 1210 Mattheum
1391 1183 1525 1210 Raderum
1537 1184 1564 1210 in
1578 1183 1652 1210 Mur-

862 1229 962 1262 tialem,
980 1229 1027 1256 lib.
1045 1237 1063 1261 I,
1078 1230 1158 1264 epist.
1177 1229 1202 1262 1;
1221 1229 1394 1261 Strabonem,
1411 1229 1456 1256 lib.
1472 1237 1534 1262 xvi;
1553 1228 1652 1256 Diodo-

862 1281 921 1300 rum
946 1273 1079 1308 Siculum,
1097 1275 1145 1302 lib.
1170 1283 1220 1308 ut;
1239 1274 1387 1306 Iustinum,
1417 1275 1462 1302 lib.
1481 1283 1499 1308 ι,
1515 1275 1647 1302 Joannem

862 1319 995 1346 Bodiuum
1013 1320 1041 1346 in
1068 1320 1234 1356 Compendio
1255 1320 1397 1354 historico,
1423 1320 1597 1355 Rodiginum,
1621 1324 1652 1347 rt

863 1365 941 1393 alios.
957 1365 1038 1392 Plura
1051 1374 1101 1393 nos
1115 1366 1178 1393 item
1192 1366 1355 1393 notabamus
1371 1365 1472 1393 nostris
1485 1366 1511 1392 in
1526 1365 1652 1393 Philonis

863 1409 984 1445 Byzantii
996 1411 1029 1438 de
1038 1415 1139 1446 septem
1146 1410 1221 1438 orbis
1229 1410 1392 1445 spectaculis
1399 1411 1528 1443 libellum,
1542 1411 1649 1445 elegan-

862 1456 996 1484 tissimum
1015 1456 1088 1484 illum
1107 1456 1226 1491 quidem,
1238 1456 1271 1483 de
1284 1455 1421 1491 Babylone
1435 1460 1461 1483 et
1479 1456 1538 1491 ejus
1551 1457 1652 1483 muris-

897 1514 978 1545 lbid.,
1004 1514 1053 1542 litt.
1081 1513 1125 1541 56.
1142 1514 1289 1546 Ἕκαστος
1315 1513 1389 1548 γοῦν
1417 1513 1483 1546 τήν.
1515 1513 1646 1540 Distinet:

862 1560 1008 1587 admodum
1032 1564 1126 1587 noster
1140 1559 1300 1587 Eustathius
1320 1560 1508 1587 successiones
1531 1559 1651 1586 filiorum

860 1607 917 1634 Noe
940 1606 1124 1641 prosequitur,
1141 1609 1168 1632 et
1193 1609 1271 1632 terrae
1286 1605 1458 1632 divisionem.
1480 1604 1511 1631 lli
1530 1612 1647 1639 namque

861 1651 983 1679 omnium
1008 1650 1148 1678 hominum
1174 1655 1300 1685 parentes
1325 1650 1422 1677 merito
1445 1650 1497 1677 dici
1522 1655 1649 1684 possunt,

862 1704 923 1724 cum
941 1695 1038 1731 reliqui
1053 1703 1185 1730 aquarum
1206 1695 1251 1722 illa
1266 1695 1445 1722 inundatione
1459 1695 1603 1728 obiisscnt,
1618 1699 1648 1722 et

862 1750 895 1769 ex
912 1742 954 1770 his
976 1745 1133 1769 nostrorum
1152 1741 1273 1768 omnium
1290 1745 1368 1768 ortus
1390 1741 1579 1775 agnoscendus
1593 1745 1649 1768 est.

864 1787 913 1814 Per
926 1795 1021 1814 omnes
1033 1787 1104 1814 enim
1121 1786 1215 1813 mundi
1239 1791 1330 1821 partes
1344 1786 1434 1813 diffusi
1451 1794 1537 1822 genus
1552 1786 1652 1813 huma-

863 1840 927 1860 num
944 1837 1137 1868 propagarunt,
1152 1840 1256 1867 suaque
1270 1833 1387 1867 posteris
1401 1833 1511 1860 nomina
1536 1833 1648 1859 immoe-

863 1879 986 1910 talitatis,
998 1882 1025 1905 et
1040 1878 1177 1905 memoriae
1194 1885 1260 1913 ergo
1275 1878 1497 1904 transmiserunt.

898 1924 978 1956 “lid.,
1001 1924 1049 1950 lin.
1073 1923 1118 1951 Η.
1142 1923 1203 1951 Τῶν
1220 1923 1372 1957 Ἑλλήνων
1394 1923 1478 1958 μετά.
1496 1922 1558 1950 Hch
1581 1930 1650 1951 sane

864 1970 915 1997 fuit
934 1970 1088 1996 Grmeorum
1112 1969 1281 2004 praestantia,
1300 1969 1355 1996 haec
1370 1969 1467 2000 virtus,
1492 1968 1558 1996 solis
1579 1969 1648 2003 ipsis

863 2023 1004 2047 cottccssa,
1025 2016 1155 2050 denegata
1179 2015 1295 2048 caeteris,
1311 2019 1340 2041 ut
1363 2018 1469 2049 reperta
1488 2014 1522 2041 ab
1543 2014 1649 2041 aliisin

863 2061 1000 2088 meliorem
1028 2060 1132 2096 frugem
1157 2061 1329 2093 reducerent,
1353 2060 1448 2087 mutila
1467 2060 1650 2095 perlicerent.

863 2105 976 2134 confusa
992 2106 1198 2139 distribuerent,
1218 2113 1314 2133 manca
1329 2102 1496 2141 supplerent,
1511 2105 1649 2140 superflua

864 2153 1018 2185 demerent;
1032 2160 1086 2179 non
1099 2153 1224 2186 barbare,
1238 2160 1293 2180 non
1310 2153 1477 2183 indistincte,
1487 2151 1533 2180 sed
1545 2151 1650 2186 optima

864 2199 1001 2230 methodo,
1017 2199 1201 2233 pulcherrimo
1215 2198 1334 2233 eloquio,
1346 2201 1372 2224 et
1388 2197 1528 2232 aptissima
1544 2196 1648 2223 oratio-

863 2245 907 2272 nis
923 2248 1076 2278 structura;
1093 2245 1177 2271 multa
1191 2244 1272 2271 etiam
1290 2245 1341 2279 ipsi
1351 2243 1513 2276 invenirent,
1530 2249 1591 2277 qua:
1607 2242 1646 2268 ita

863 2290 1032 2325 perficerent,
1053 2293 1082 2317 ut
1097 2297 1177 2317 nemo
1191 2290 1233 2317 vel
1250 2290 1284 2317 iis
1300 2289 1400 2324 aptius,
1417 2289 1458 2315 vel
1473 2287 1645 2315 commodius

862 2335 953 2363 dicere
971 2336 1099 2370 potuerit.
1120 2335 1190 2368 Quid
1203 2335 1310 2371 gannis,
1335 2339 1361 2361 et
1376 2334 1492 2360 blateras
1509 2333 1646 2367 ineptissi-

862 2388 924 2407 mus
936 2381 1017 2414 Anni,
1032 2381 1065 2408 iis
1077 2388 1124 2415 per
1139 2387 1208 2415 quos
1224 2379 1390 2414 proieceras,
1407 2379 1428 2405 si
1443 2378 1507 2412 quid
1526 2385 1644 2411 unquam

863 2425 891 2452 iu
906 2426 1005 2454 litteris
1033 2426 1184 2461 proiecisti,
1204 2426 1305 2453 rustice
1327 2426 1450 2460 ingratus
1463 2424 1474 2450 ?
1485 2423 1512 2450 Si
1527 2422 1612 2449 Graeci
1629 2423 1646 2448 ii

863 2475 937 2504 sunt,
954 2479 1023 2507 quos
1044 2477 1072 2499 tu
1088 2471 1219 2504 somnias,
1236 2471 1300 2506 quid
1322 2475 1361 2497 tot
1375 2469 1529 2506 vigiliarum
1545 2468 1573 2495 in
1592 2467 1647 2495 illis

863 2518 1055 2545 elucubraudis
1090 2517 1275 2553 nugamenta?
1290 2516 1359 2549 Quid
1379 2520 1419 2542 tot
1437 2518 1581 2549 congestas
1604 2514 1649 2540 iu-

862 2563 949 2597 cptias
965 2562 1069 2589 insulse
1085 2562 1235 2597 impendis?
1251 2562 1322 2594 Quid
1336 2562 1363 2588 in
1379 2561 1432 2587 illis
1443 2559 1647 2587 commentariis

863 2608 1032 2635 illustraudis
1054 2615 1163 2642 operam
1181 2607 1291 2642 perdis?
1306 2606 1353 2634 Nae
1378 2610 1405 2633 tu
1426 2613 1478 2632 una
1499 2613 1560 2632 cum
1581 2604 1647 2636 illis.

862 2661 931 2689 quos
949 2653 1047 2680 studiis
1074 2653 1183 2684 adoras,
1202 2653 1293 2687 lingua
1316 2653 1407 2686 iniqua
1424 2651 1595 2686 impudenter
1607 2650 1647 2677 la-

863 2706 951 2730 ceras,
970 2698 1013 2725 vel
1030 2698 1161 2730 insanire,
1177 2698 1218 2725 vel
1234 2698 1326 2729 fallax,
1341 2701 1367 2724 et
1384 2697 1516 2731 impostor
1528 2703 1589 2723 esse
1602 2694 1651 2722 de

863 2739 1055 2780 prehendat-is!
1074 2743 1159 2771 Graeci
1172 2747 1245 2775 sunt,
1262 2751 1331 2778 quos
1343 2744 1400 2778 ipse
1414 2742 1498 2770 duces
1512 2741 1644 2776 sequeris.

864 2795 887 2818 el
907 2799 940 2818 eo
954 2791 1008 2818 illis
1030 2790 1194 2826 perversior,
1215 2789 1286 2824 quod
1309 2797 1370 2816 cum
1387 2796 1435 2816 eos
1453 2792 1581 2823 tanquam
1595 2788 1650 2814 ims

864 2841 988 2872 pastores
1012 2844 1136 2870 accuses,
1154 2843 1248 2864 eorum
1271 2839 1362 2863 tamen
1387 2834 1508 2868 vestigiis
1529 2833 1650 2861 insistis-
