1897 3073
18 128 56 156 ΒἸ
563 122 598 150 lN
619 119 802 149 EUS’I‘ATHH
820 118 1057 146 "EXAEMERON
1071 119 1185 148 NOT/E.

18 194 180 222 anymum,
204 193 238 212 ex
258 184 378 212 Hebraeis
396 183 544 218 Iosephum
556 203 564 216 ,
583 186 611 209 et
630 189 662 210 ex
679 179 812 208 Chaldaeis
827 180 850 208 Δ
865 177 1013 213 Scriptura:
1032 179 1091 206 loca
1109 179 1186 214 bene}
1204 169 1420 210 considerentur,
1439 177 1518 205 aliam
1537 182 1646 213 gentem
1702 185 1706 190 ’

18 240 165 260 κει-οεωῐι.
194 231 341 259 Eusebium
366 230 424 257 scio
441 229 566 256 Gnaeum
589 229 699 255 natione
714 227 808 259 fuisse,

18 286 145 306 maecum
161 279 216 305 late
232 283 340 312 sumpto
353 277 494 309 vocabulo,
507 275 655 309 Graeceque
666 273 810 309 scripsisse

18 325 240 359 [ieronymum;
259 323 307 350 sed
328 327 388 350 esto
417 321 546 354 Latinus;
571 320 719 356 Iosephum
746 320 810 346 reli-

20 371 95 397 ione
117 369 259 403 Judaeum,
289 369 440 403 scriptione
464 368 599 395 Graecum.
627 366 675 394 Sat
689 367 766 399 bene,
783 370 810 393 at

18 416 160 444 lusebius
176 415 313 450 quomodo
328 414 461 441 Latinus?
475 414 515 441 An
530 414 596 449 quia
607 414 664 448 ipse
680 421 741 440 eum
760 412 810 438 La-

18 463 104 489 inum
121 462 244 497 legerit?
257 461 305 489 sed
323 461 387 496 legit
401 464 428 488 et
439 460 565 487 Latinum
580 459 727 494 Iosepbum
744 459 808 493 (non

23 508 88 534 nim
118 507 192 534 tanti
223 506 275 533 fuit
297 506 341 533 hic
364 511 461 533 auctor
485 510 514 533 ut
533 506 642 533 Graecos
672 511 808 536 auctores,

18 553 111 580 haece
133 552 279 587 loquentes
296 552 471 586 percurrerit,
487 555 517 578 ut
534 551 636 586 passim
660 551 752 578 videre
768 554 810 577 est

18 607 37 626 n
52 599 112 626 hoc
128 599 246 633 libello),
256 602 284 625 et
299 597 425 624 Latinum
442 598 584 630 Berosum,
601 605 652 625 nec
665 601 755 624 tamen
769 597 810 624 in-

20 653 53 672 er
70 644 192 672 Latinos
209 648 380 672 annumerat.
406 644 436 671 Si
460 645 552 680 itaque
569 652 624 672 non
652 645 809 680 scriptione,

18 691 60 718 bed
76 696 183 718 natura
197 695 224 719 et
241 691 294 718 ritu
308 699 393 727 genus
406 691 506 718 Taial‘a
520 691 662 726 dijudicat,
676 691 810 719 Eusebius

18 738 67 764 :rit
83 737 214 765 Grmcus.

48 783 114 810 Col.
132 783 199 814 755,
218 784 264 810 lin.
283 784 326 810 52.
339 785 448 818 Γαμερ,
462 783 545 816 ὅστις
553 784 709 818 Γαμαρεῖς.
725 784 811 812 Chro-

19 830 96 856 ticon
119 829 334 856 Alexandrinum
354 831 494 863 Κελκαῖοι,
504 830 649 862 Eusebius,
661 830 809 857 Καππάδο-

18 883 74 907 ιες.
101 875 173 903 Cum
199 875 342 904 Eustathio
365 876 554 912 estIosephus
574 877 620 903 lib.
638 885 646 904 ι
666 877 809 912 Antiquil.,

18 931 77 958 :ap.
95 923 112 949 7
132 932 140 950 :
162 924 232 956 Τοὺς
259 924 307 959 μὲν
329 924 383 960 γὰρ
407 923 453 951 νῦν
478 925 523 959 ὑφ’
546 924 676 960 Ἐλλήνων
691 924 811 955 Γαλάτας

18 968 226 1003 καλουμένους,
258 969 391 1005 Γομαρεῖς
419 969 448 996 δὲ
477 969 648 1004 λεγομένους,
690 970 812 1005 Γομαρδς

18 1013 124 1039 ἔκτισε.
144 1013 187 1040 Ab
204 1013 256 1040 hoc
271 1018 346 1041 ortos
369 1021 431 1042 esse
455 1013 625 1046 Cimmerios,
646 1015 692 1049 qui
717 1020 811 1049 postea

18 1058 127 1086 Cimbri
144 1060 211 1086 dicti
227 1064 290 1086 sunt
305 1060 415 1094 quidam
428 1060 594 1092 existimant,
611 1064 639 1088 et
650 1061 812 1089 Cimmerios

19 1105 113 1132 fuisse
145 1105 218 1131 ultra
246 1104 389 1132 Thraciam
416 1105 488 1133 circa
517 1105 670 1134 Mmotidem
686 1107 811 1141 paludem

18 1151 144 1185 probant
161 1159 196 1177 ex
212 1158 272 1185 cap.
296 1159 400 1178 xxxvm
418 1151 576 1184 Ezechielis,
597 1152 644 1187 qui
661 1152 760 1180 Gomer
784 1157 811 1180 et

18 1195 156 1231 Iogorma
171 1197 255 1224 latera
269 1205 330 1224 esse
345 1197 489 1232 Aquilonis
505 1198 610 1225 scribit.

52 1240 144 1273 Ibid.,
167 1241 215 1268 lin.
238 1242 282 1269 54.
303 1242 392 1278 Ἁγὼτ
410 1243 570 1278 Μαγώδεις.
590 1243 734 1278 Iosephus,
749 1245 811 1271 Μαη

18 1286 116 1322 γώγης
136 1287 165 1314 δὲ
188 1288 250 1319 τοὺς
277 1289 322 1315 ὑπ’
347 1288 428 1316 αὐτοῦ
451 1289 591 1323 Μαγώγας
615 1289 812 1325 ὀνομασθέντας

18 1332 126 1367 ᾤκισε,
155 1332 260 1364 Σκύθας
287 1333 315 1360 δὲ
340 1333 384 1360 ὑπ’
401 1333 490 1361 αὐτῶν
516 1334 809 1370 προσαγορευομένους.

18 1377 173 1409 Eusebius,
198 1378 229 1410 ἐξ
254 1376 285 1405 οὗ
310 1379 417 1411 Κελτοὶ,
440 1379 487 1406 καὶ
508 1379 634 1407 Γαλάται.
665 1380 811 1407 Chronicon

18 1422 250 1456 Alexandrinum,
265 1423 295 1455 ὲξ
309 1420 340 1450 οὗ
361 1424 530 1460 Ἀκυρτανοί.
549 1425 660 1453 Gentem
674 1425 744 1453 hanc
756 1426 811 1452 Ala-

18 1476 156 1504 gogorum
184 1468 307 1496 Ezechiel
336 1471 573 1504 septentrionalem
599 1479 662 1499 esse
690 1472 756 1499 dicut
785 1475 811 1500 et

19 1515 147 1542 externis
169 1516 335 1550 temporibus
357 1516 411 1543 late
436 1521 600 1544 vastaturam
622 1519 715 1551 Israel,
739 1520 810 1547 unde

21 1567 79 1586 nou
91 1560 228 1587 immerito
246 1559 384 1596 Scythiam
400 1569 462 1589 esse
483 1566 575 1588 noster
597 1561 756 1591 Eustathius
769 1564 810 1590 af-

21 1606 127 1633 ﬁrmat.
151 1605 314 1641 Scytharum
331 1607 424 1641 plures
448 1608 572 1635 nationes
595 1612 622 1635 et
644 1616 738 1636 eorum
760 1618 810 1637 no-

22 1653 100 1680 mina
117 1652 177 1680 vide
194 1653 264 1688 apud
273 1653 457 1680 Abrahamum
467 1654 616 1682 Hortelium
632 1655 659 1682 in
677 1656 810 1683 Thesauro

22 1695 209 1729 geographica.
235 1695 333 1722 Strabo
351 1695 455 1727 scribit,
470 1696 516 1723 lib.
534 1705 553 1727 ι,
569 1704 664 1724 omnes
685 1698 810 1733 cognitas

25 1741 155 1775 regiones
179 1749 276 1769 versus
298 1743 509 1776 septentrionem
525 1750 580 1769 uno
595 1743 672 1776 prius
689 1744 809 1776 nomine,

23 1787 68 1814 vel
86 1786 212 1822 Scythas,
233 1788 275 1815 vel
291 1792 320 1814 ut
334 1788 368 1815 ab
382 1789 502 1815 Homero
514 1787 649 1816 Nomades
662 1790 811 1823 appellatas

24 1833 98 1860 idem
115 1834 220 1861 videtur
235 1842 368 1867 asserere,
385 1839 412 1862 et
431 1836 448 1862 l.
469 1843 498 1862 ιι.

61 1879 143 1910 lbid..
158 1880 206 1907 lin.
220 1881 265 1908 55.
287 1881 369 1908 Ἀδαῖ
380 1881 541 1914 Μαδαίους.
553 1880 697 1916 Iosephus,
713 1881 772 1908 Τῶν
785 1881 812 1908 δὲ

32 1925 141 1960 Ἰάφθου
159 1926 260 1953 παίδων
278 1927 396 1954 Ἰαυάνου
413 1927 459 1954 καὶ
483 1927 586 1954 Μάδου.
607 1927 672 1954 Ἀπὸ
695 1927 743 1963 μὲν
765 1936 811 1954 του

26 1972 144 1999 Μαδαῖοι
159 1973 307 2007 γίγνονται,
332 1973 408 2004 ἔθνος
431 1973 445 2000 ὃ
471 1975 539 2010 πρὸς
568 1973 702 2009 Ἐλλήνων
726 1975 812 2009 Μῆδοι

27 2018 182 2054 κέκληνται.
195 2018 337 2052 Eusebius,
350 2019 379 2051 ἐξ
392 2017 423 2046 οὗ
435 2019 530 2055 Μῆδοι.
544 2019 813 2047 CltronicauAlexan-

27 2065 146 2095 drirmm,
160 2064 249 2091 Μωδαῒ
263 2065 292 2097 ἐξ
304 2062 334 2091 οὗ
351 2065 505 2100 Βρεττανοῐ.
521 2065 589 2093 Medi
611 2073 705 2093 versus
725 2066 813 2093 orien-

29 2117 86 2138 tem
109 2112 244 2146 progressi
258 2117 331 2146 sunt,
350 2119 416 2147 gens
433 2112 535 2139 nobilis
546 2116 573 2140 et
588 2111 664 2139 dives
688 2112 710 2140 si
726 2112 813 2140 Hero-

30 2158 108 2190 doto,
134 2157 315 2192 Xenophonti,
341 2158 457 2193 aliisque
482 2158 661 2193 scriptoribus
677 2158 744 2186 ﬁdes
763 2158 814 2185 ba-

30 2204 121 2232 benda
134 2208 185 2232 est.

67 2251 134 2278 Ibid.
152 2251 246 2278 Ἰουὰν
265 2252 384 2280 Ἰωνίαν.
402 2252 548 2287 Iosephus,
570 2252 636 2279 Ἀπὸ
649 2252 678 2279 δὲ
695 2252 813 2279 Ἰαυάνου

38 2299 125 2325 Ἰωνία
147 2298 194 2325 καὶ
216 2299 316 2330 πάντες
339 2298 467 2333 ’Έλληνες
489 2298 642 2334 γεγόνασιν,
668 2297 813 2330 Eusebius,

38 2343 141 2375 Ἰωυὰν,
158 2342 187 2376 ἐξ
212 2340 243 2370 οὗ
268 2344 397 2378 ’Έλληνες
422 2344 470 2370 καὶ
495 2343 520 2369 οἱ
537 2343 638 2374 Ἴωνες.
667 2341 814 2369 Chronico"

33 2389 251 2420 Alexandrinum,
273 2388 352 2415 Ἰωυὰ
367 2387 477 2419 Σπάνοι,
491 2389 514 2414 οἱ
530 2388 575 2414 καὶ
590 2387 741 2423 Τυράννιοι.
761 2388 815 2421 Ap-

35 2436 178 2472 pellatione
191 2435 289 2462 Ionum
300 2435 494 2469 comprehendi
510 2434 620 2461 Graecos
636 2433 721 2460 ﬁrmis
738 2433 815 2460 testi-

34 2483 133 2512 moniis
148 2483 256 2517 probari
276 2486 364 2517 potest
379 2490 412 2509 ex
428 2481 548 2515 Daniele,
567 2488 629 2508 cum
645 2480 815 2508 eversionem

34 2530 112 2564 regni
135 2529 277 2557 Persarum
304 2528 389 2555 Iavan
412 2528 542 2559 nominet,
564 2531 591 2554 et
617 2530 706 2561 potest
731 2526 815 2553 etiam

35 2577 206 2612 profanorum
224 2576 388 2610 scriptorum
403 2575 565 2602 auctoritate
579 2573 744 2601 conﬁrmari.

73 2621 150 2653 lhid.,
167 2621 214 2649 lin.
231 2621 273 2648 56.
299 2620 380 2647 Ὀϐὲλ
397 2621 569 2652 Θεοϐέλους.
581 2618 729 2654 Iosephus,
742 2620 816 2645 Κατ-

37 2668 130 2700 οικίζει
154 2668 181 2694 δὲ
212 2668 259 2694 καὶ
282 2667 418 2702 Θοΰήλους
441 2665 570 2700 Θὸϐηλος,
595 2665 692 2695 οἵτινες
710 2666 738 2690 ἐν
761 2667 817 2696 τοῖς

39 2715 86 2742 νῦν
101 2715 203 2751 Ἰἢηρες
215 2714 370 2741 καλοῦνται.
383 2713 510 2740 Pluribus
525 2713 549 2739 id
567 2712 682 2747 probare
694 2712 818 2737 nituntur

41 2761 151 2792 Annius,
166 2765 192 2787 et
208 2760 316 2790 Tui-aia,
332 2768 365 2786 ex
381 2758 545 2794 quibusdam
566 2757 659 2784 Iberia:
676 2757 816 2783 civitatum

43 2807 190 2834 nominibus
206 2806 321 2840 sumptis
337 2805 517 2840 argumentis.
539 2811 619 2838 quem
640 2807 667 2830 et
683 2803 819 2836 Hispano—

45 2862 100 2884 rum
115 2855 227 2891 primum
255 2861 343 2888 regem
363 2852 544 2880 constituunt.
565 2849 665 2877 Verum
686 2849 709 2876 si
734 2856 819 2876 sacrre

1593 117 1645 146 998

862 228 888 251 et
907 224 1045 251 nationem
1060 225 1188 256 innuunt,
1204 232 1286 260 quam
1306 233 1366 252 eam
1390 225 1424 252 ad
1448 232 1530 260 quam
1554 225 1646 251 omnia

861 269 906 298 isti
924 269 979 297 duo
999 274 1126 297 auctores
1147 269 1278 298 referunt.
1296 270 1391 305 Populi
1415 278 1532 306 namque
1553 270 1648 297 Ibero-

862 323 922 342 rum
937 321 1015 343 erant
1031 316 1058 342 in
1073 315 1138 343 Asia
1156 315 1260 342 nationi
1274 315 1424 351 Chalybum
1438 316 1539 345 vicina,
1552 314 1647 349 ibique

862 370 946 389 venas
960 363 1110 390 metallicas
1124 362 1377 397 perscrutahantur.
1395 361 1461 389 Nam
1478 366 1504 389 et
1521 361 1645 390 Ezechiel
1698 388 1702 391 _

863 408 980 435 collocat
1007 408 1112 435 Thubal
1143 409 1183 435 in‘
1207 408 1431 443 septentrionem.
1457 407 1581 435 Iustinus
1595 407 1643 434 lib.

863 458 1000 488 postremo
1030 453 1125 481 scribit
1152 453 1287 490 Chalybes
1312 454 1339 481 in
1357 454 1515 488 Hispaniam
1528 454 1645 485 venisse,

863 505 892 526 ut
919 499 1050 526 credibile
1065 499 1101 526 sit
1127 499 1201 527 illius
1224 500 1348 527 homines
1375 500 1533 534 quaesivisse
1561 507 1646 527 venas

863 546 1021 578 metallicas,
1038 548 1066 584 et
1079 545 1106 572 in
1124 545 1188 572 aliis
1210 545 1301 573 terris.
1322 545 1468 577 Eusebius,
1492 545 1594 576 Θωὸὲλ,
1616 545 1646 579 ἐξ

862 589 892 618 οἱ
908 591 1046 618 Θετταλοί.
1062 591 1211 619 (ΣΙινοηὶευη
1228 592 1448 623 Alexandrinum,
1463 590 1556 622 ϐαϐὲλ,
1572 590 1601 623 ἐξ
1615 585 1647 618 οὗ

863 638 1029 664 Μακουακοί.
1056 638 1106 666 His
1131 645 1182 665 nec
1205 638 1310 666 Annius
1328 645 1379 665 nec
1404 636 1502 664 Taral‘a
1525 636 1646 663 animum

863 683 1049 710 adverterunt.

898 728 978 760 Ibid.,
1005 729 1054 755 lin.
1082 728 1125 755 57.
1157 727 1246 761 Ὀσὸχ
1260 727 1480 762 Μεσχηναίους.
1501 725 1646 760 Iosephus,

863 774 918 799 Καὶ
932 774 1060 808 Μεσχινοὶ
1074 773 1102 799 δὲ
1120 773 1172 799 ὑπὸ
1185 773 1294 807 Μέσχου
1311 772 1475 803 κτισθέντες.
1498 771 1646 798 Καππάδοσ

863 829 910 852 κες
928 820 975 856 μὲν
991 820 1045 855 γὰρ
1056 820 1117 855 ἄρτι
1133 819 1296 854 κέκληνται,
1312 819 1360 854 τῆς
1377 819 1405 845 δὲ
1426 817 1539 853 ἀρχαίας
1556 816 1647 843 αὐτῶν

827 860 848 889 Β
862 865 1046 901 προσηγορίας
1065 866 1175 900 σημεῖον
1192 864 1335 891 δείκνυται.
1354 863 1434 895 Πόλις
1446 864 1499 899 γάρ
1512 865 1569 890 ἐστι
1582 862 1646 899 παρ’

863 911 954 942 αὐτοῖς
974 910 1013 936 ἔτι
1029 910 1076 937 καὶ
1093 910 1139 937 νῦν
1163 910 1281 942 Μάζακα
1306 908 1422 944 δηλοῦσα
1445 910 1499 940 τοῖς
1527 908 1647 936 συνιέναι

862 957 1017 992 δυναμένοις
1034 956 1104 984 οὕτω
1116 956 1181 983 ποτὲ
1197 955 1412 992 προσαγορευθὲν
1429 956 1459 981 τὸ
1475 955 1560 986 ἔθνος.
1591 955 1647 982 Eu-
1676 958 1683 967 '

862 1002 964 1034 sebius,
989 1002 1091 1037 Μεσὸχ,
1114 1001 1143 1033 ἐξ
1166 998 1196 1027 οὗ
1220 1000 1350 1035 Ἰλλυριοί.
1367 1000 1515 1026 Chronica"
1529 999 1646 1027 Alexan-

861 1048 977 1080 drinum,
991 1047 1094 1082 Μεσὸχ,
1109 1046 1140 1078 ἐξ
1153 1043 1184 1072 οὗ
1209 1045 1342 1072 Γετουλοὶ.
1363 1043 1477 1077 Quidam
1491 1044 1647 1071 existimant

862 1093 912 1120 hos
922 1100 983 1120 esse
997 1092 1159 1119 Moschovia:
1170 1092 1295 1127 populos,
1309 1090 1383 1125 quia
1395 1091 1532 1117 veteribus
1544 1089 1647 1124 Μοσχι-

862 1139 905 1166 κοί
928 1143 955 1167 et
979 1140 1159 1166 Μοσσύνοικοι
1187 1137 1313 1173 appellati
1342 1140 1416 1164 sunt.
1444 1135 1533 1169 Hujus
1557 1135 1647 1170 gentis

861 1186 949 1220 prima
964 1185 1042 1212 sedes
1057 1184 1107 1211 fuit
1122 1184 1198 1210 littus
1213 1182 1293 1210 Ponti
1307 1181 1418 1213 Euxini,
1430 1183 1524 1215 postea
1541 1179 1649 1214 Cappa-

861 1232 944 1259 doces
973 1230 1071 1263 fuere;
1099 1229 1195 1257 deinde
1222 1235 1319 1256 versus
1344 1226 1555 1262 septentrionem
1581 1232 1646 1260 pro-

863 1285 956 1313 gressa
973 1281 1024 1304 est.

897 1324 955 1352 Col.
973 1323 1034 1355 756,
1055 1323 1103 1350 lin.
1122 1322 1146 1348 l.
1166 1321 1269 1355 Θείρας
1281 1320 1352 1353 τοὺς
1365 1319 1478 1354 Θείρας.
1501 1317 1646 1353 Iosephus,

862 1371 961 1405 Θείρης
976 1370 1004 1396 δὲ
1018 1369 1115 1403 Θείρας
1130 1368 1178 1403 μὲν
1194 1367 1332 1398 ἐκάλεσεν,
1347 1363 1385 1392 ὧν
1400 1363 1482 1401 ἦρξεν
1492 1373 1499 1380 ·
1517 1363 1647 1398 Ἕλληνες

862 1417 892 1444 δὲ
913 1417 1022 1452 Θρᾷκας
1053 1415 1150 1445 αὐτοὺς
1182 1413 1387 1449 μετωνόμασαν.
1411 1410 1560 1442 Eusebius,
1590 1409 1647 1444 Θη-

864 1464 930 1500 ρὰς,
947 1461 976 1494 ἐξ
996 1458 1026 1489 οὗ
1043 1461 1157 1496 Θρᾷκες.
1184 1458 1330 1486 ϐΙινοηίοοη
1357 1456 1576 1488 Alexandrinum,
1594 1455 1649 1490 Θη-

865 1510 930 1546 ρὰς,
948 1508 977 1542 ἐξ
988 1506 1018 1535 οὗ
1040 1506 1143 1543 Ἀφροί.
1167 1505 1215 1532 Est
1229 1509 1256 1532 et
1271 1505 1299 1531 in
1315 1503 1412 1530 Russia
1428 1502 1525 1528 ﬂuvius
1539 1501 1649 1528 nomine

863 1555 972 1586 Thiras,
988 1561 1072 1589 quare
1088 1551 1209 1579 nonnulli
1227 1549 1402 1584 suspicantur
1417 1548 1450 1574 ab
1467 1547 1517 1574 hac
1530 1547 1649 1581 appella--

863 1602 937 1628 tione
950 1600 998 1627 ﬁlii
1017 1599 1123 1634 Iaphet,
1136 1601 1162 1626 ct
1175 1597 1286 1624 ﬂuvium
1302 1598 1329 1622 et
1339 1598 1444 1630 gentem
1461 1596 1647 1628 nuncupatum

863 1655 933 1675 esse.

901 1691 980 1724 lbid.,
998 1691 1046 1718 lin.
1060 1690 1087 1717 ‘2.
1104 1688 1225 1724 Σχανὰξ
1242 1687 1276 1719 ἐξ
1295 1683 1343 1713 οὗ.
1357 1684 1503 1719 Iosephus,
1518 1683 1646 1718 Γαμάρου

864 1738 892 1765 δὲ
908 1737 990 1773 τριῶν
1012 1735 1077 1762 υἱῶν
1104 1733 1265 1769 γενομένων,
1290 1729 1456 1766 Ἀσχανάξης
1475 1729 1523 1764 μὲν
1549 1728 1647 1763 ’Λοχα-

864 1784 947 1817 νάξας
965 1783 1074 1819 ᾤκισεν,
1090 1782 1115 1809 οἳ
1137 1781 1183 1808 νῦν
1210 1779 1332 1814 Ῥηγῖνες
1357 1777 1409 1804 ὑπὸ
1428 1775 1483 1802 τῶν
1514 1775 1646 1810 Ἑλλήνων

865 1830 1018 1857 καλοῦνται.
1045 1828 1189 1858 Eusebius,
1223 1825 1365 1861 ’Δοχανὰξ,
1393 1823 1423 1856 ἐξ
1446 1820 1477 1850 οὗ
1512 1822 1644 1858 Ῥηγῖνες.

865 1876 1012 1904 Chronican
1033 1873 1252 1903 Alexandrinum,
1286 1869 1436 1905 Ἀσχανὰϐ,
1465 1868 1495 1901 ἐξ
1526 1865 1556 1895 οὗ
1586 1867 1647 1895 Μά-

865 1923 949 1955 ζικες.

901 1968 981 2001 lbid.,
999 1968 1046 1995 lin.
1066 1967 1092 1994 3.
1119 1966 1232 2000 Ῥιφὰθ,
1244 1961 1334 1996 ἐξοῦ.
1351 1962 1496 1997 Iosephus,
1517 1960 1647 1996 Ῥιφάθης

864 2016 893 2042 δὲ
913 2015 1069 2049 Ῥιφαθέους
1090 2014 1152 2043 τοὺς
1174 2010 1351 2045 Παφλαγόνας
1374 2009 1545 2043 λεγομένους.
1563 2006 1649 2034 Ense-

867 2063 937 2096 bius,
959 2061 1059 2096 Ῥιχὰδ,
1075 2059 1104 2091 ἐξ
1120 2056 1149 2086 οὗ
1167 2058 1350 2094 Σαυρομάται.
1366 2055 1514 2082 Chronicon
1530 2053 1648 2079 Αἰείειιη-

867 2110 984 2141 drinum,
1013 2105 1124 2141 Ῥυφὰθ,
1142 2105 1170 2139 ἐξ
1186 2102 1216 2132 οὗ
1231 2103 1409 2139 Ταράμαντες
1429 2101 1566 2135 ἐξώτεροι,
1589 2099 1649 2134 qui-

867 2157 928 2189 dam
945 2157 1040 2190 putant
1056 2152 1198 2188 legendum
1212 2150 1398 2186 Γαράμαντες.

830 2211 852 2238 ι)
902 2202 980 2234 lbid.,
996 2200 1043 2227 lin.
1059 2199 1084 2225 4.
1097 2195 1308 2232 om)me
1319 2194 1463 2229 Iosephus,
1478 2191 1649 2238 Guypdupng

864 2249 892 2276 δὲ
916 2246 1143 2283 Θυγραμμόινους,
1169 2243 1193 2269 οἳ
1219 2242 1297 2274 δόξαν
1312 2240 1425 2275 Ἕλλησι
1448 2238 1552 2283 φρύγες
1579 2237 1648 2263 ὠνο-

866 2282 1015 2331 μάσθησαν.
1044 2290 1188 2320 Eusebius,
1217 2286 1359 2324 Θοργαμὰ,
1386 2285 1416 2317 ἐξ
1437 2282 1467 2312 οὗ
1500 2283 1646 2331 ’ᾼριιένρμ

864 2326 1013 2368 Chron-icon
1043 2336 1268 2366 Alexandrinum,
1298 2332 1463 2367 Θοσμαγὰο.
1489 2329 1518 2361 ἐξ
1545 2326 1574 2356 οὗ
1599 2327 1649 2355 Βο-

884 2385 956 2413 ἀδες.

866 2395 980 2462 Ραῖιξῖίίη
999 2430 1046 2456 lin.
1067 2427 1092 2454 6.
1109 2426 1263 2457 Ἐλίσασα,
1280 2423 1314 2455 ἐξ
1325 2420 1372 2450 οὗ.
1388 2421 1533 2455 Iosephus,
1561 2419 1649 2446 Ἰαυά-

864 2486 909 2504 νου
926 2477 954 2503 δὲ
978 2475 1023 2502 τοῦ
1046 2473 1152 2508 Ἰάφθου
1168 2471 1250 2507 τριῶν
1265 2469 1347 2496 αὑτοῦ
1361 2467 1462 2494 παίδων
1484 2466 1649 2501 γενομένων,

871 2523 977 2554 Ἀλίσας
992 2522 1040 2557 μὲν
1063 2519 1213 2550 Ἁλισαίους
1227 2517 1364 2546 ἐκάλεσεν,
1381 2511 1417 2557 ὧν
1432 2511 1527 2548 ἦρχεν,
1546 2511 1648 2542 Αἰολεῖς

865 2569 892 2595 δὲ
907 2569 954 2596 νῦν
967 2556 1029 2594 εἰσι.
1051 2565 1196 2596 Eusebius,
1211 2563 1328 2594 Ἐλισσὰ,
1342 2561 1371 2594 ἐξ
1390 2556 1420 2587 οὗ
1435 2558 1549 2586 Σικελοί.
1565 2557 1649 2585 Chro-

866 2616 941 2642 niccn
961 2612 1179 2642 Alexandrinum,
1203 2609 1321 2640 Ἤλιδα-ἁ,
1339 2607 1367 2640 ἐξ
1382 2605 1412 2633 οὗ
1428 2605 1543 2641 Μαῦροι.

902 2661 981 2691 lbid.,
1001 2660 1048 2686 liu.
1067 2659 1093 2685 '1'.
1112 2656 1242 2691 Θαρσῆς,
1257 2656 1307 2689 ἀφ’
1322 2653 1368 2682 οὗ.
1387 2652 1533 2687 Iosephus,
1545 2650 1650 2686 Θάρσος

867 2709 894 2734 δὲ
908 2708 1031 2742 Θαρσεῖς.
1056 2704 1133 2731 Οὕτω
1150 2704 1204 2738 γὰρ
1218 2702 1339 2729 ἐκαλεῖτο
1360 2701 1390 2726 τὸ
1408 2699 1520 2726 παλαιὸν
1539 2698 1556 2732 ἡ
1571 2695 1649 2724 Κιλι-

868 2754 923 2781 κία.
943 2753 1057 2788 Σημεῖον
1082 2750 1127 2776 δέ·
1145 2749 1250 2784 Θαρσὸς
1274 2747 1328 2783 γὰρ
1353 2747 1417 2782 παρ’
1434 2745 1524 2776 αὐτοῖς
1536 2743 1590 2770 τῶν
1602 2743 1649 2788 πύξ

870 2800 937 2826 Iason
994 2795 1192 2830 ἀξιολογωτάτη
1209 2794 1332 2821 καλεῖται
1349 2790 1517 2827 μητρόπολις
1530 2787 1607 2816 οὖσα.
1619 2787 1651 2814 τὸ

869 2844 1003 2881 ταῦλπρδς
1020 2843 1068 2879 τὴν
1083 2842 1177 2877 κλῆσιν
1192 2841 1252 2868 ἀντὶ
1267 2839 1313 2866 τοῦ
1331 2838 1399 2874 θῆτα
1420 2835 1649 2881 μεταϐαλλόντων.
