1897 3073
240 117 291 144 M99

927 118 1049 146 LEONIS
1068 119 1203 148 ALLATII

1795 127 1863 155 ifOﬂ

240 174 383 218 @usebius,
408 173 531 209 Θαρσεῖς,
551 174 581 207 ἐξ
603 173 632 202 οὗ
649 177 767 212 Ἴϐηρες.
785 177 932 206 Cltronicon
958 179 1011 206 Ale-

1071 180 1166 212 liabus,
1181 182 1314 214 masculis,
1326 182 1419 214 brutis,
1434 188 1458 210 et
1475 186 1562 219 quoris
1573 186 1626 212 alio
1640 195 1747 221 genere,
1771 187 1803 214 ob
1817 189 1863 216 hoc

240 223 408 254 zandrinum,
425 222 548 256 Θαρσεῖς,
565 221 593 254 ἐξ
607 220 638 248 οὗ
651 223 823 258 Ταράναντες
836 224 973 260 ἐσάγτεροι.

274 268 402 298 (301156,
411 268 459 294 lin.
470 267 512 294 10.
522 268 626 302 Χεθεὶμ
638 268 771 302 Χεθειμὰ.
784 268 929 304 Josephus,
938 270 1020 296 Χέθι-

241 323 289 350 μος
302 315 331 342 δὲ
355 314 462 349 Χεθιμᾶι
485 314 534 350 τὴν
549 314 629 349 νῆσον
655 314 728 349 ἔσχε.
748 314 858 350 Κύπρος
882 316 950 351 αὕτη
973 316 1020 343 νῦν

239 361 371 392 καλεῖται,
385 362 430 387 καὶ
446 361 492 387 ἀπ’
503 361 586 395 αὐτῆς
596 360 672 395 νῆσοί
687 368 717 386 τε
731 362 816 387 πᾶσαι
829 361 921 388 καὶτὰ
937 362 1020 389 πλείω

239 406 292 433 τῶν
309 406 384 442 παρὶι
409 405 543 432 θάλασσαν
561 404 650 439 Χεοὶμ
665 405 717 431 ὑπὸ
743 405 873 440 Ἐϐραίων
889 407 1018 442 ὀνομάζε-

238 461 292 478 ται.
310 453 421 487 Μάρτυς
444 451 471 478 δέ
490 459 540 486 μου
563 450 609 477 τοῦ
631 451 709 484 λόγου
726 451 773 486 μία
793 452 847 478 τῶν
862 453 891 479 ἐν
915 453 1020 488 Κύπρῳ

239 498 341 525 πόλεων
358 497 488 532 ίσχύσασα
506 497 554 532 τὴν
574 497 756 533 προσηγορίαν
773 497 903 532 φυλάξαι.
919 499 1019 534 Κήθιος

238 545 293 580 γὰρ
308 543 360 570 ὑπὸ
379 543 433 569 τῶν
454 543 679 577 ἐξελληνισάντων
702 544 786 578 αὐτὴν
810 543 941 575 καλεῖται,
957 545 1018 579 μηδ’

237 590 307 616 οὕτω
321 589 502 623 διαφεύγουσα
518 588 563 614 τοῦ
581 588 699 624 Χεθίμου
714 589 743 616 τὸ
754 590 848 624 ὄνομα.
873 590 1016 623 Eusebius,

238 636 337 665 Κίτιοι,
365 635 395 667 ἐξ
411 632 440 661 οὗ
461 635 568 661 Λατῖνοι
591 635 616 660 οἱ
639 635 685 661 καὶ
706 636 844 670 Ῥωμαῖοι.
871 635 1018 664 Cltronicon

238 681 457 711 Alexandrinum,
477 680 583 712 Ῥόδιοι,
598 680 629 712 ἐξ
648 677 679 706 οὗ
699 681 838 716 Ῥωμαῖοι,
861 683 886 708 oi
905 683 952 709 καὶ
961 683 1017 710 Λα.-

237 728 314 753 τῖνοι.
331 727 398 759 Quis
414 726 470 753 haec
483 726 573 761 legens
585 734 638 752 non
653 726 804 761 deplorahit
818 728 1017 763 exscriptorum

238 772 384 803 inscitiam,
402 771 560 798 dictantium
575 770 759 802 oscitantiam,
775 775 802 798 et
818 775 960 799 auctorum
975 773 1015 800 ia-

237 821 294 843 tnm
315 817 449 851 iniquum,
464 815 510 850 qui
530 823 560 842 ea
578 823 637 850 quae
659 823 746 850 neque
765 817 943 851 scripserunt.
968 825 1017 844 ne-

1073 226 1169 260 cjectus
1187 236 1203 253 α
1218 227 1288 254 Juno
1305 229 1432 262 piissimo,
1445 235 1468 256 et
1480 232 1635 258 castimonia
1657 239 1740 267 atque
1757 235 1863 268 pudici-

1074 272 1111 298 tia
1143 273 1449 307 refcrtissimo,sortitus
1475 281 1514 302 est
1544 284 1747 312 cognomentum
1777 279 1860 306 Client

1074 317 1189 350 Esenua,
1203 319 1230 345 id
1243 324 1293 351 est,
1315 320 1394 347 Chem
1419 321 1526 356 infantis
1543 329 1568 350 et
1596 324 1759 357 impudicus,
1786 327 1862 352 iuru-

1073 363 1120 390 bus
1134 370 1308 399 propagator:
1336 371 1375 393 est
1389 367 1458 393 enim
1479 367 1554 394 Esem
1572 369 1642 402 apud
1661 369 1778 404 Scythas
1790 372 1861 397 Ava-

1072 416 1151 435 ma'os
1184 409 1312 443 infantis,
1338 415 1362 437 et
1393 411 1557 446 impudicus,
1589 413 1668 441 Enua
1707 423 1769 442 rem
1800 422 1858 443 tum

1073 453 1232 488 impudicus,
1264 461 1319 482 tum
1344 463 1516 492 propagator,
1543 462 1596 487 etc.
1622 461 1703 496 Apud
1720 461 1860 491 Joannem

1072 498 1233 526 Cassianum
1250 500 1369 529 Serenus
1385 504 1480 535 abbas,
1497 505 1589 532 collat.
1604 506 1632 538 8,
1645 515 1708 541 cap.
1726 507 1776 540 21,
1801 515 1860 536 tra-

1071 543 1120 573 dit,
1150 545 1316 579 magicat-um
1346 550 1582 582 superstitionum,
1601 555 1628 578 et
1652 554 1860 589 praestigiarum

1071 589 1174 622 primos
1194 595 1321 619 auctores
1350 596 1378 620 et
1403 595 1548 629 magistros
1579 596 1664 625 fuisse
1686 600 1776 627 malos
1808 609 1860 628 an-

1070 634 1144 668 gelos
1178 636 1316 670 quondam
1343 645 1405 664 cum
1426 640 1587 668 mulieribus
1617 643 1732 676 ntistos;
1758 653 1859 673 earum

1070 688 1135 707 vero
1149 682 1247 708 artium
1263 683 1507 718 studiosissimum,
1519 691 1545 713 et
1556 688 1752 722 peritissimum
1769 691 1861 718 fuisse

1070 725 1153 753 Cham
1166 727 1249 755 lilium
1261 728 1328 761 Noe,
1344 730 1391 764 qui
1404 738 1451 758 eas
1465 736 1537 760 artes
1552 741 1586 760 ne
1608 734 1712 762 diluvio
1732 738 1860 771 perirent

1069 771 1238 800 diversorum
1253 774 1424 802 metallorum
1450 776 1558 805 laminis
1578 784 1605 806 et
1632 780 1792 810 durissimis
1816 784 1858 810 la-

1069 817 1176 852 pidibus
1198 819 1348 855 insculptas
1373 824 1554 856 conservavit,
1575 829 1602 852 et
1629 831 1690 860 post
1718 827 1857 856 diluvium

237 870 291 897 que
308 863 478 890 somniarunt
505 861 625 897 quidem,
652 867 787 897 coguntur
818 863 880 891 aliis
908 864 1018 898 legenda
1035 873 1055 899 Β
1069 871 1116 891 eas
1133 865 1225 892 docuit
1239 871 1363 901 posteros
1371 876 1444 901 suos,
1456 873 1479 897 et
1489 878 1537 904 per
1545 871 1637 899 orbem
1652 872 1856 901 dissetninavit.

238 908 408 943 proponere?
438 907 556 934 Victoris
579 907 729 942 presbyteri
754 908 899 942 explicatio
921 909 949 936 in
972 908 1018 936 Je-

205 950 210 957 ”
239 954 357 986 remiam,
374 961 433 988 cap.
448 953 476 985 ‘2,
491 953 620 987 Χεττιεὶμ
635 954 651 988 ὴ
667 953 778 989 Κύπρος
792 953 860 980 ἐστί.
883 954 978 990 Κηδὰρ
989 955 1018 981 δὲ

237 997 272 1034 ἧν
288 999 344 1030 υἱὸς
364 999 473 1034 Ἰσμαὴλ
494 998 551 1025 υἱοῦ
575 998 709 1034 Ἀὃραὰμ,
732 999 761 1031 ἐξ
783 996 843 1034 oili)
867 999 944 1035 χώρα
967 1001 1018 1026 Σα-

239 1046 363 1083 ρακηνῶν
391 1045 593 1081 ἐπωνόμασται.
621 1044 841 1081 Olympiodorus,
871 1047 948 1078 Τινὲς
969 1047 1017 1082 μὲν

236 1092 375 1129 Κυπρίους
388 1092 464 1126 φασὶ,
482 1092 552 1123 τινὲς
566 1092 594 1118 δὲ
610 1091 697 1118 Ἰνδῶν
707 1091 780 1127 ἔθνη.
795 1091 1016 1128 Chrysostomus,

235 1138 347 1171 ibidem,
364 1137 495 1172 Χεττιείμ.
519 1145 591 1168 τινες
615 1137 718 1171 ἔφασαν
733 1136 881 1173 Κυπρίους,
897 1137 969 1170 τινὲς
989 1139 1017 1165 δὲ

234 1183 326 1215 Χίους.

269 1242 350 1273 lbid.,
364 1241 413 1268 lin.
428 1241 471 1268 13.
484 1240 556 1267 ΟΙδὲ
572 1240 630 1267 υἱοὶ
644 1241 697 1268 τοῦ
705 1241 934 1277 XdpJosephus,
949 1242 1016 1269 Οῐδὲ

234 1288 328 1322 Χάμου
337 1288 439 1320 παῖδες,
446 1287 493 1322 τὴν
506 1287 558 1313 ἀπὸ
566 1287 675 1323 Συρίας,
683 1288 730 1313 καὶ
744 1288 873 1322 Ἀμάνου,
883 1288 929 1315 καλ⁴
937 1289 1017 1316 Λιϐά-

233 1342 279 1362 νου
287 1332 340 1359 τῶν
348 1334 416 1369 ὅρων
428 1333 479 1368 γῆν
493 1332 632 1367 κατέσχον,
647 1334 696 1359 ὅσα
706 1333 772 1368 πρὸς
786 1333 922 1360 θάλασσαν
931 1335 1016 1369 αὐτῆς

234 1379 382 1415 ἐτέτραπτο
405 1378 612 1411 καταλαϐόντες,
637 1379 684 1406 καὶ
697 1379 731 1405 τὰ
747 1379 825 1416 μέχρι
836 1380 882 1407 τοῦ
895 1380 1014 1406 ὠκεανοῦ

235 1424 446 1459 ἐξιδιωσάμενοι.
464 1425 496 1450 Αἱ
518 1424 609 1459 μέντοι
624 1425 802 1460 προσηγορίαι
826 1425 879 1452 τῶν
905 1426 952 1460 μὲν
970 1426 1015 1452 καὶ¹

233 1470 370 1502 παντελῶς
383 1470 499 1505 ἐξίτηλοι
512 1469 664 1504 γεγόνασιν,
689 1470 767 1496 ἐνίων
787 1470 815 1497 δὲ
834 1471 1014 1506 μεταϐάλλου-

234 1526 288 1549 σαι,
308 1516 354 1543 καὶ
372 1515 646 1552 μεταρρυθμισθεῖσαι
660 1516 728 1552 πρὸς
743 1516 838 1551 ἐτέρας
851 1516 1014 1551 δύσγνωστοι

232 1562 417 1596 τυγχάνουσιν.
438 1561 582 1593 Eusebius,
605 1561 670 1597 Χὰμ
694 1561 721 1587 δὲ
740 1561 780 1597 τῷ
801 1561 916 1597 δευτέρῳ
933 1562 1014 1588 αὑτοῦ

232 1607 282 1642 υίῷ
306 1607 398 1642 ἄγοντι
425 1607 484 1639 ἔτος
511 1606 567 1639 υκζ¹
591 1607 673 1634 ἔδωκε
697 1607 746 1642 τὴν
771 1608 838 1643 πρὸς
862 1608 946 1641 νότον,
969 1608 1015 1635 καὶ

231 1651 304 1684 λίϐα,
318 1653 364 1678 καὶ
383 1652 464 1688 μέρος
483 1652 531 1686 τῆς
546 1651 646 1683 δύσεως
664 1652 717 1679 ἀπὸ
742 1653 951 1688 Ῥινοκορούρων
966 1653 1016 1688 τῆς

231 1697 379 1732 Αἰγύπτου,
411 1697 561 1730 Αἰθιοπίαν,
587 1698 634 1724 καὶ
660 1698 804 1732 Αἴγυπτον,
829 1699 875 1725 καὶ
900 1698 1012 1734 Λιϐύην,

238 1743 379 1779 Ἀφρικὴν,
401 1743 448 1770 καὶ
473 1744 659 1778 Μαυριτανίαν
680 1743 732 1775 ἕως
761 1744 927 1779 Ἡρακλείων
949 1753 1013 1779 στη-

230 1789 295 1822 λῶν,
320 1789 378 1824 ἦτοι
395 1788 456 1820 ’ἕως
476 1789 523 1816 τοῦ
544 1789 651 1816 δυτικοῠ
675 1790 722 1816 καὶ
740 1789 856 1816 Διδυκοῦ
873 1790 993 1817 ὠκεανοῦ
1004 1798 1011 1806 ·

232 1835 352 1869 ποταμὸν
371 1835 399 1861 δὲ
415 1834 565 1870 διορίζοντα
579 1835 624 1862 τὸν
641 1835 746 1869 Νεῖλον,
760 1835 789 1866 ὃς
805 1836 852 1862 καὶ
870 1836 889 1862 Γ
891 1836 943 1863 εὼν
967 1837 1014 1864 καὶ

232 1880 408 1916 Χρυσορρόας
440 1881 563 1914 λέγεται.
603 1880 750 1908 Cltronicon
788 1881 1011 1914 Alexandrinum,

231 1926 297 1962 Χὰμ
314 1926 342 1952 δὲ
369 1926 407 1962 τῷ
423 1926 540 1962 δευτέρῳ
559 1926 608 1961 υίῷ
629 1926 675 1952 τοῦ
694 1926 755 1952 Νῶε
778 1927 830 1953 ὑπο
848 1928 1012 1964 Ῥινοκορού-

233 1980 287 2007 ρων
310 1972 361 2004 ἓως
377 1972 537 2007 Γαδαρηνῶν
559 1973 703 2006 Αἴγυπτον,
720 1973 766 1999 καὶ
785 1973 871 1999 πάντα
891 1974 924 2000 τὰ
945 1974 1012 2008 πρὸς

232 2018 307 2044 νότον
328 2018 466 2044 ὑπέπεσαν
493 2018 563 2044 πάνυ
587 2018 715 2044 δοκοῦντα
740 2018 897 2054 καυματικὰ
925 2019 1012 2054 ὑπάρ-

232 2071 297 2098 χειν.
319 2062 559 2091 Pseudo-Berosus
584 2064 632 2095 ait,
654 2063 726 2090 hunc
746 2063 876 2091 Chamum
901 2065 1012 2100 magica:

231 2113 258 2137 et
281 2108 408 2136 veneﬁca:
431 2109 481 2136 a'rti
510 2109 664 2142 studuisse,
690 2109 803 2145 ideoque
835 2109 1010 2138 Zoroastrum

231 2156 427 2188 nuncupatum.
449 2153 515 2179 Erat
534 2152 584 2186 illi,
602 2158 631 2180 ut
646 2153 770 2187 diximus,
789 2154 860 2189 ﬁlius
874 2163 907 2182 ea:
924 2155 1010 2183 tribus

230 2199 322 2234 primis
339 2198 527 2226 adolescentior
554 2199 646 2231 Citam,
668 2200 713 2234 qui
738 2207 836 2234 semper
864 2202 971 2237 magica'
985 2207 1009 2229 et

228 2245 347 2280 veneﬁca:
361 2244 480 2276 studens,
497 2244 634 2272 Zoroastri
647 2254 738 2272 nomen
761 2252 912 2274 consecutus
937 2252 1004 2276 erat.

228 2290 257 2318 Is
272 2295 374 2325 patrem
396 2289 458 2318 Noa
480 2291 540 2318 odio
557 2290 677 2322 habebat,
694 2292 756 2326 quia
773 2292 840 2319 alios
856 2293 948 2320 ultimo
965 2302 1008 2328 ge-

227 2336 296 2363 nitos
311 2335 446 2362 ardentius
462 2335 579 2366 amabat,
597 2344 624 2362 se
637 2344 695 2363 vero
711 2336 808 2370 despici
822 2337 933 2364 videbat.
952 2338 1007 2364 Po-

227 2382 326 2408 tissinte
341 2390 400 2409 vero
414 2381 483 2408 idem
494 2381 610 2414 infensus
622 2387 678 2409 erat
693 2383 763 2416 patri
775 2382 806 2409 ob
819 2384 892 2410 vitia.
915 2383 1007 2419 Itaque

227 2432 320 2454 nactus
336 2429 566 2462 opportunitatem,
588 2437 647 2454 cum
669 2428 730 2455 Νοα
744 2434 818 2463 pater
830 2430 952 2458 madidus
960 2431 1007 2466 ja-

226 2479 304 2506 ceret,
316 2475 389 2502 illius
404 2474 491 2502 virilia
504 2474 730 2510 comprehenderis,
746 2476 871 2511 taciteque
885 2479 1007 2504 submur-

226 2529 334 2548 murans
349 2521 466 2548 carmine
481 2521 581 2556 magico
595 2523 665 2555 patri
682 2521 775 2552 illusit,
789 2522 877 2554 simul,
892 2528 915 2550 et
931 2524 1006 2551 illum

226 2568 340 2594 sterilem
354 2568 459 2602 perinde
472 2573 549 2603 atque
561 2572 706 2594 castratum
717 2567 811 2602 e/fccit.
827 2567 917 2602 Neque
933 2569 1006 2597 dein-

225 2622 283 2649 ceps
311 2613 372 2640 Noa
396 2613 527 2647 [catellam
547 2613 663 2648 aliquam
690 2613 830 2648 fecundare
850 2617 943 2649 potuit.
966 2617 1005 2645 0b

227 2660 378 2694 bene/icium
395 2660 504 2687 iuventte
514 2660 572 2686 vitis
597 2665 622 2686 et
644 2660 696 2686 vini
712 2661 834 2695 dignatus
850 2667 888 2689 est
911 2671 1006 2697 cogno-

226 2712 310 2732 mento
324 2705 405 2738 lano,
426 2706 494 2741 quod
507 2705 628 2732 Arameis
648 2713 723 2733 sonat
742 2707 840 2741 uili/er,
859 2713 883 2735 et
900 2709 1003 2744 cini/er.

225 2751 259 2777 At
275 2760 333 2778 vero
351 2752 434 2778 Cltam
452 2760 511 2778 cum
529 2751 631 2786 publice
646 2759 821 2788 corrumperet
837 2755 946 2781 mortale
958 2764 1004 2790 ge-

225 2804 285 2828 nus,
296 2805 412 2824 asserens
419 2802 443 2824 et
456 2799 540 2831 reipsa
552 2806 692 2832 exsequens
710 2799 925 2833 congrediendum
937 2809 1002 2832 esse,

225 2845 253 2866 ut
276 2845 335 2867 ante
351 2841 556 2875 inundationem,
574 2851 632 2869 cum
649 2844 787 2876 omnibus,
804 2846 947 2878 sororibus,
970 2848 1002 2881 ﬁ-

1028 1548 1048 1576 C

1071 909 1189 938 Historia
1207 912 1271 940 item
1286 914 1449 943 scholastica
1472 917 1500 943 in
1522 917 1614 945 Cenes.
1637 927 1698 954 cap.
1720 928 1796 951 xxix,
1812 921 1861 949 his

1069 956 1158 984 allinia
1169 958 1274 986 scribit.
1290 958 1388 993 It'inus,
1405 961 1502 996 inquit,
1518 963 1582 989 vidit
1597 963 1691 995 Cltant,
1706 966 1753 1000 qui
1768 967 1856 992 adhuc

1068 1001 1166 1029 vivebat
1190 1007 1215 1030 et
1238 1005 1362 1039 regnabat
1387 1008 1456 1041 apud
1477 1007 1645 1041 Bactrianos,
1662 1013 1700 1037 rel
1715 1017 1742 1038 ut
1767 1013 1857 1046 placet

1068 1049 1140 1081 aliis,
1150 1050 1178 1077 in
1189 1050 1345 1083 Tltracia,et
1359 1053 1541 1088 appellabatur
1553 1054 1721 1088 Zoroastres,
1734 1059 1857 1085 iuuatur

1067 1096 1176 1131 magica:
1194 1099 1272 1130 artis,
1287 1099 1331 1132 qui
1346 1104 1371 1126 et
1390 1099 1457 1127 hanc
1473 1106 1498 1127 et
1524 1107 1619 1136 septem
1637 1103 1759 1131 liberales
1782 1111 1856 1132 artes

1067 1142 1094 1169 in
1113 1144 1311 1178 quatuordecim
1325 1146 1454 1174 columnis
1477 1149 1592 1182 scripsit,
1609 1155 1706 1184 septem
1722 1153 1813 1182 a-neis,
1828 1158 1854 1178 et

1067 1192 1162 1222 septem
1179 1189 1302 1218 lateritiis
1316 1197 1407 1219 contra
1422 1194 1517 1228 duplex
1534 1195 1604 1222 orbis
1618 1197 1764 1229 excidium,
1782 1199 1853 1233 quod

1067 1234 1187 1267 futurum
1201 1236 1333 1269 audierat,
1350 1238 1461 1266 alterunt
1472 1248 1517 1274 per
1535 1249 1643 1276 aquam,
1659 1243 1772 1270 alterum
1790 1253 1853 1271 vero

1065 1289 1111 1315 per
1127 1282 1220 1317 ignem.
1238 1282 1324 1310 Ninus
1347 1290 1433 1312 autem
1450 1286 1529 1313 libros
1543 1288 1601 1321 ejus
1617 1289 1772 1317 combussit.
1795 1290 1852 1317 llo.

1066 1334 1126 1354 rum
1142 1328 1207 1356 ﬁdes
1220 1337 1302 1364 penes
1318 1330 1354 1357 sit
1373 1331 1447 1366 ipsos
1469 1337 1604 1361 auctores.
1616 1335 1685 1362 ’ΜΗιί
1709 1344 1851 1371 nunquam

1067 1373 1093 1399 id
1110 1375 1312 1408 persuadebunt
1340 1380 1367 1404 et
1394 1378 1479 1404 Cham
1508 1380 1622 1414 magicis
1645 1381 1749 1409 artibus
1771 1383 1852 1409 incu-

1066 1419 1168 1452 buisse,
1185 1425 1212 1448 et
1224 1421 1354 1449 veneﬁcia
1368 1423 1498 1452 adversus
1519 1429 1621 1460 patrem
1638 1428 1804 1458 exercuisse,
1823 1432 1853 1455 et

1065 1466 1199 1493 columnis
1219 1468 1311 1500 aeneis,
1336 1473 1381 1495 aut
1401 1469 1536 1502 lateritiis,
1553 1472 1677 1506 magiéen
1694 1481 1708 1499 a
1724 1475 1849 1508 parenti-

1066 1511 1116 1538 bus
1139 1517 1278 1548 acceptam
1304 1514 1435 1543 adversus
1461 1515 1532 1542 illam
1561 1524 1694 1552 aquarum
1726 1519 1850 1547 ilEuvietu

1066 1565 1253 1592 conservasse,
1271 1564 1298 1587 et
1312 1560 1483 1589 Zoroastrcm
1507 1564 1677 1591 nontinatum
1706 1573 1762 1592 una
1786 1575 1849 1593 cum

1065 1602 1135 1630 Nino
1155 1605 1325 1632 atrocissime
1338 1614 1485 1641 pugnasse,
1512 1616 1527 1634 a
1550 1617 1604 1643 quo
1623 1611 1736 1643 victum,
1752 1616 1780 1638 et
1802 1620 1850 1639 su-

1065 1654 1199 1684 peratum,
1216 1651 1342 1687 illiusque
1365 1652 1450 1681 libros
1471 1655 1629 1684 combusios
1654 1657 1757 1690 inissa;
1786 1666 1848 1686 cum

1065 1704 1115 1723 nec
1138 1701 1289 1731 temporum
1316 1700 1396 1730 ratio,
1413 1708 1463 1727 nec
1484 1695 1633 1729 auctoritas
1655 1703 1781 1735 Patrum.
1799 1714 1848 1732 nec

1064 1743 1154 1769 divina
1169 1743 1276 1778 eloquia
1295 1745 1321 1772 id
1336 1751 1470 1773 asseram.
1486 1747 1632 1775 Maximum
1647 1749 1719 1777 inter
1733 1750 1846 1784 Ninum,

1064 1792 1091 1815 et
1119 1788 1310 1823 Zoroastrem,
1337 1795 1364 1818 et
1392 1791 1532 1820 Nocticum
1561 1794 1694 1822 diluvium
1717 1797 1847 1831 temporis

1064 1835 1182 1869 spatium
1198 1835 1363 1864 intercessit.

1098 1879 1177 1913 lbid.,
1195 1881 1242 1909 lin.
1256 1881 1302 1909 20.
1316 1883 1394 1916 Χοῦς
1407 1883 1441 1916 ἐξ
1453 1882 1489 1912 οὗ
1506 1885 1576 1912 Χοῦ.
1603 1885 1740 1921 Iosephus
1758 1897 1764 1914 :
1780 1886 1846 1913 τεσ-

1064 1926 1154 1961 σάρων
1169 1927 1222 1962 γὰρ
1238 1927 1330 1962 Χάμου
1345 1929 1447 1957 παίδων
1457 1931 1622 1965 γενομένων,
1649 1933 1783 1959 Χουσαῖον
1798 1934 1847 1967 μὲν

1061 1973 1135 2000 οὐδὲν
1147 1974 1262 2008 ἔϐλαψεν
1277 1975 1291 2000 ό
1303 1975 1396 2010 χρόνος
1408 1984 1414 1991 ·
1430 1976 1556 2008 Αἰθίοπες
1571 1978 1634 2012 γὰρ,
1645 1975 1682 2004 ὧν
1695 1976 1791 2014 ἦρξεν,
1805 1980 1848 2005 ἔτι

1061 2019 1109 2045 καὶ
1124 2020 1170 2046 νῦν
1186 2020 1238 2046 ὑπὸ
1259 2021 1361 2048 ἑαυτῶν
1375 2030 1404 2048 τε
1421 2023 1466 2048 καὶ
1488 2023 1542 2048 τῶν
1553 2025 1582 2049 ἐν
1600 2026 1632 2059 τῇ
1647 2025 1724 2060 Ἀσία
1737 2026 1847 2052 πάντων

1061 2065 1189 2092 Χουσαῖοι
1205 2066 1359 2093 καλοῦνται.
1370 2067 1547 2100 Eusebius,cl.
1561 2069 1712 2098 Cltronicon
1726 2065 1847 2108 Alexan—

1061 2111 1179 2145 drinum,
1212 2113 1283 2145 Χοῦς
1298 2114 1326 2147 ἐξ
1341 2112 1371 2141 οὗ
1387 2114 1524 2148 Αἰθίοπες,
1543 2117 1624 2152 stirps
1634 2117 1796 2152 [Ethiopum
1815 2119 1844 2145 in

1061 2157 1155 2184 ultima
1179 2165 1227 2184 ora
1244 2158 1361 2193 Africae;
1378 2163 1405 2187 et
1420 2161 1490 2195 apud
1515 2160 1689 2189 Ptolemwum
1719 2163 1748 2190 in
1774 2164 1845 2192 inte-

1061 2203 1132 2230 riore
1146 2208 1222 2238 parte
1243 2205 1331 2240 Libya:
1346 2214 1443 2234 nomen
1459 2212 1501 2235 est
1517 2207 1645 2236 Cltusitm.

1096 2249 1163 2277 Ibid.
1178 2250 1315 2285 Μεστρὲμ
1324 2252 1359 2284 ἐξ
1369 2251 1416 2280 οὗ.
1426 2252 1559 2289 JOScphus
1573 2265 1580 2282 :
1603 2256 1742 2294 Ἐτηρήθη
1756 2259 1784 2286 δὲ
1797 2262 1843 2287 καὶ

1057 2295 1204 2331 Μεσραίοις
1220 2298 1236 2332 ἡ
1253 2298 1322 2331 κατὰ
1338 2300 1386 2334 τὴν
1401 2302 1584 2337 προσηγορίαν
1600 2304 1706 2339 μνήμη.
1724 2306 1780 2342 Τὴν
1791 2308 1841 2343 γὰρ

1058 2342 1193 2375 Αἴγυπτον
1208 2343 1329 2379 Μέσρην,
1355 2345 1402 2371 καὶ
1424 2347 1576 2383 Μεσραίους
1592 2350 1656 2381 τοὺς
1675 2342 1841 2385 Αἰγυπτίους

1058 2387 1176 2419 ἅπαντες
1192 2389 1216 2414 ol
1233 2389 1333 2425 ταύτην
1349 2391 1484 2424 οἰκοῦντες
1508 2394 1652 2430 καλοῦμεν.
1685 2396 1819 2425 Eusebius
1833 2421 1840 2430 ,

1057 2434 1215 2470 Βίεστραῖμ,
1233 2435 1379 2464 Chronicon
1392 2437 1600 2467 Alexandrinum
1615 2462 1622 2473 ,
1640 2443 1797 2479 Μεσραεὶμ,
1812 2446 1840 2478 ἐξ

1056 2475 1086 2504 οὗ
1103 2480 1253 2514 Αἰγύπτιοι,
1267 2485 1294 2509 et
1314 2482 1430 2511 Joannes
1445 2484 1630 2514 Antiochenus
1646 2488 1675 2515 in
1687 2490 1841 2517 Archttolo-

1056 2526 1110 2561 οἱα,
1129 2527 1157 2552 Ὀ
1174 2527 1227 2554 ἀπὸ
1256 2529 1321 2564 Χάμ
1346 2530 1392 2556 τοῦ
1412 2531 1469 2557 υἱοῦ
1496 2533 1556 2559 Νῶε
1574 2535 1705 2571 Μεστρὲμ
1733 2539 1774 2569 εἰς
1793 2539 1839 2564 Αἴ-

1055 2580 1158 2605 γυπτον
1174 2574 1315 2610 ἀπῳκίσθη
1329 2584 1336 2590 “
1355 2577 1401 2602 καὶ
1418 2578 1464 2604 ἀπ’
1483 2579 1564 2605 αὑτοῦ
1589 2581 1691 2618 ἐκλήθη
1709 2584 1725 2619 ἡ
1746 2585 1838 2620 χώρα·

1055 2617 1085 2643 τὸ
1098 2618 1152 2653 γὰρ
1166 2619 1295 2656 Μεστρὲμ
1309 2621 1445 2657 Ἐϐραϊστὶ
1465 2624 1599 2658 Αἴγυπτον
1612 2627 1698 2662 δηλοῖ,

1091 2662 1169 2693 lbih.,
1182 2666 1229 2692 lin.
1243 2667 1288 2694 2|.
1312 2668 1389 2694 Φοὺτ
1407 2671 1522 2698 Φουτοῐ,
1549 2671 1686 2708 Josephus
1702 2684 1709 2701 :
1730 2677 1838 2705 Ἐκτισε

1055 2708 1082 2735 δὲ
1095 2711 1141 2736 καὶ
1154 2711 1255 2748 Φούτης
1271 2714 1319 2750 τὴν
1334 2716 1443 2752 Λιϐύην,
1459 2718 1574 2751 Φούτους
1587 2720 1636 2747 ἀπ’
1651 2723 1735 2750 αὑτοῦ
1762 2726 1839 2752 καλέ-

1056 2764 1105 2786 σας
1116 2757 1177 2788 τοὺς
1198 2759 1368 2795 ἐπιχωρίους.
1389 2763 1465 2789 Ἐστι
1489 2765 1516 2790 δὲ
1541 2767 1587 2793 καὶ⁴
1613 2770 1736 2804 ποταμὸς
1762 2772 1790 2797 ἐν
1806 2774 1837 2808 τῇ

1055 2802 1174 2837 Μαύρων
1191 2804 1266 2840 χώρᾳ
1280 2807 1357 2833 τοῦτο
1378 2809 1447 2843 ἔχων
1462 2811 1491 2837 τὺ
1505 2811 1599 2847 ὄνομα.
1617 2802 1701 2842 ’Ὅθεν
1718 2819 1766 2844 καὶ
1779 2802 1837 2850 τοὺς

1057 2848 1195 2882 πλείστους
1212 2852 1264 2879 τῶν
1279 2854 1438 2887 Ἑλληνικῶν
1456 2858 1671 2890 ἱστοριογράφων
1687 2864 1762 2891 ἐστιν
1779 2867 1837 2892 Ξῦίῖν
