1897 3073
222 135 291 165 1005

901 129 1024 158 LEONIS
1049 127 1182 157 ALLATII

1783 120 1848 145 10οθ

220 196 246 224 οἱ
271 194 420 230 Ἀσσύριον
439 191 584 228 Ἀρφαξὰδ,
598 191 627 223 ἐξ
638 188 667 218 οὗ
683 191 706 217 οι
722 190 864 216 Χαλδαῖοι·
883 189 962 220 Λοὺδ,
977 187 1005 219 ἐξ

1063 186 1166 213 Delrius
1191 185 1218 211 in
1245 190 1305 218 cap.
1334 189 1361 209 ιι
1387 179 1479 207 Cenes.
1504 183 1581 215 putat
1609 177 1732 214 Moysem
1757 176 1848 204 dedit:

221 237 252 268 οὗ
268 242 291 267 οἱ
306 239 446 272 Μάζωνες,
456 237 502 264 καὶ
516 238 611 272 Μῆδοι,
625 238 670 263 καὶ
684 236 785 272 Πέρσαι
795 244 801 250 ·
820 234 918 271 Ἀρὰμ,
930 233 959 266 ἐξ
975 230 1005 259 οὗ

221 288 246 314 οἱ
263 286 365 312 Ἐκταί.
397 285 435 312 Ex
464 284 564 319 quibus
583 282 697 310 emendo
722 285 824 309 textum
848 279 1004 307 Eustathii:

221 332 305 358 Πέντε
314 331 367 365 ’καὶ
382 330 442 364 Σὴμ
457 329 549 359 παῖδες
567 327 699 361 ἐγένοντο.

257 377 314 404 Col.
327 376 388 408 757,
399 376 446 402 lin.
456 374 499 401 16.
514 373 613 400 Υἱοὶδὲ
622 373 673 400 τοῦ
682 371 774 406 Ἀράμ.
785 370 918 405 Josephus
930 379 936 396 :
947 369 1007 395 Τῶν

222 423 250 450 δὲ
265 423 383 458 Ἀράμου
401 422 514 453 παίδων,
529 420 668 454 τεσπὰρων
680 418 774 448 ὄντων,
789 416 881 451 Οὔσης
891 417 939 451 μὲν
953 415 1007 442 κτί-

222 467 263 500 ζει
273 468 321 502 τὴν
334 467 499 502 Τραχωνῖτιν
515 465 562 492 καὶ
576 464 729 499 Δαμασκόν.
748 463 825 498 Μέση
840 463 867 488 δέ
886 463 942 488 ἐπι
958 461 1006 496 τῆς

222 514 402 548 Παλαιστίνης
424 513 471 539 καὶ
487 511 588 546 Κοίλης
615 511 726 546 Συρίας·
751 509 894 544 Ἀρμενίαν
918 508 946 534 δὲ
961 508 1007 533 ’0-

221 568 294 596 τρος,
312 559 358 586 καὶ
382 558 491 594 Γέθερις
517 555 718 592 Βακτριανούς’
749 556 847 590 Μήσας
869 554 896 580 δὲ
910 555 1007 588 Μησα-

222 606 328 637 ναίους’
343 605 460 631 Πασίνου
475 604 562 639 χάραξ
577 604 605 629 ἐν
624 604 680 634 τοῖς
696 602 744 629 νῦν
759 601 894 629 καλεῖται,
922 600 1006 626 Euse-

223 651 315 679 sebius
329 660 334 677 :
351 651 411 677 Υἱοὶ
426 650 523 685 Ἀράμ·
536 650 591 681 Ὣς,
603 648 650 683 ἀφ’
662 645 691 675 οὗ
706 647 865 683 Τράχωνες·
882 645 946 678 Οὒλ,
960 646 1006 679 dp‘

222 694 252 723 οὗ
269 696 422 731 Μαγαρδοί·
444 695 540 731 Γάοερ,
558 695 603 728 ἀφ’
620 691 650 720 οὗ
671 693 824 728 Ἀρμένιοι·
842 691 941 726 Μοςὺχ,
959 691 1005 724 ἀφ’

222 741 252 770 οὗ
265 743 423 778 Μεσσήνιοι.
450 741 596 769 Chronicon
610 739 819 767 Alexandrinum
834 747 843 766 :
861 739 917 770 Ὦς,
933 738 962 770 ἐξ
975 734 1005 764 οὗ

222 790 378 816 Μαδιναῖοι·
398 788 461 819 Οὒλ,
479 788 508 820 ἐξ
520 785 549 814 οὗ
574 787 668 814 Λυδοί·
694 786 792 821 Γάθερ,
808 785 835 818 ἐξ
855 781 885 811 οὗ
901 785 1007 820 Γαρφη-

222 835 261 862 vol
276 844 282 849 ·
299 834 401 870 Μοσὺχ,
431 833 461 865 ἐξ
476 831 506 860 οὗ
536 833 704 867 ’Λλασσηνοί.
728 831 1004 858 Animadvertendum

223 882 311 909 obiter
326 884 367 908 est
385 879 418 907 de
430 879 488 907 Uxe
503 879 645 906 conditore
662 877 798 905 Damasci.
812 877 1003 911 Hieronymus,

222 927 250 954 in
266 927 366 959 Quam.
381 925 518 952 Hebraicis
534 925 561 951 in
576 923 652 956 Gen.,
673 932 733 959 cap.
752 933 767 951 x
785 927 812 951 et
834 931 888 955 xtv,
903 923 1006 958 colligit

222 975 284 998 ante
298 970 435 998 Abraham
462 969 624 997 Damascum
657 968 743 996 fuisse
768 968 915 998 conditam,
943 975 1005 994 cum

220 1017 322 1045 Abram
353 1016 494 1043 insecutus
525 1014 560 1042 sit
595 1019 712 1050 quatuor
736 1014 796 1041 illos
817 1020 892 1048 reges
920 1020 1005 1047 usque

221 1063 307 1093 licba,
318 1070 378 1098 quae
393 1065 435 1089 est
447 1061 481 1088 ad
496 1061 589 1088 lzevam
606 1060 741 1087 Damasci.
761 1059 812 1086 Sed
825 1058 895 1085 idem
912 1057 1006 1085 lliero—

221 1106 442 1143 nymus,cap.15
460 1106 580 1133 Historia
598 1104 902 1136 scltotastica,Tostatus
911 1103 1003 1143 cL‘alii,

222 1159 349 1184 asserunt
365 1154 527 1182 Damascum
539 1153 633 1181 urbem
645 1161 661 1179 a
678 1152 811 1179 Damasco
822 1159 900 1178 servo
915 1150 1004 1177 Abra-

222 1202 262 1229 llre
290 1201 374 1228 fuisse
406 1203 583 1227 exstructam.
618 1198 718 1232 Sicque
745 1202 868 1232 tempore
890 1197 1005 1225 Abraha:

221 1254 235 1272 a
260 1245 351 1280 Moyse
380 1252 426 1279 per
444 1243 666 1278 anticipationem
691 1242 854 1278 appellatum
876 1241 951 1268 illum
966 1241 1004 1268 lo-

221 1297 293 1318 cum,
314 1292 341 1314 ut
366 1295 414 1315 sua
429 1292 509 1315 zetate
524 1287 720 1322 appellabatur.

257 1333 334 1363 lbid.,
352 1333 397 1359 lin.
408 1332 452 1358 ‘21.
465 1332 524 1359 Υἱοὶ
543 1331 698 1366 Ἀρφαξάδ.
715 1330 867 1358 Eusebius:
880 1330 1005 1365 ΥἰοΓΑρ-

221 1378 317 1413 φαξάδ,
335 1377 449 1408 Καϊνὰν,
462 1377 508 1411 ἀφ’
522 1373 552 1403 οὗ
568 1376 714 1411 Γασφηνοί.
731 1376 878 1403 Chronicon
893 1375 1005 1402 Alexan-

220 1424 328 1450 drinum
342 1431 351 1449 :
368 1422 481 1455 Καϊνὰν,
501 1421 530 1455 ἐξ
547 1418 577 1448 οὗ
593 1423 746 1458 Σαρμᾶται.
762 1422 800 1450 De
810 1421 912 1449 Cainan
924 1429 1005 1457 gene-

221 1469 327 1496 ratione
340 1469 387 1496 diu
406 1469 477 1504 apud
497 1473 625 1496 auctores
641 1469 741 1504 agitata
758 1469 956 1502 controversia,
978 1472 1005 1495 et

1057 236 1148 263 opera,
1166 229 1213 257 sed
1228 228 1303 263 justa
1315 226 1422 254 ratione
1433 226 1504 252 hanc
1523 223 1728 260 generationem
1745 222 1847 248 transi-

1058 275 1143 307 liisse,
1168 273 1296 309 quoniam
1315 273 1448 300 statuerat
1463 268 1520 296 Noe
1539 268 1573 296 ad
1593 266 1735 295 Abraham
1753 265 1846 293 decem

1057 321 1159 356 gradus
1172 320 1304 347 duntaxat
1321 323 1476 348 recensere,
1493 314 1564 342 sicut
1580 313 1690 341 fuerant
1705 311 1801 339 decem
1814 311 1848 337 ab

1057 367 1161 394 Adamo
1185 373 1272 400 usque
1287 364 1320 391 ad
1342 363 1408 391 Noe.
1435 361 1531 389 Merito
1551 360 1634 387 etiam
1653 357 1844 394 Septuaginta.

1057 416 1083 439 et
1102 419 1150 439 eos
1164 415 1289 438 secutum
1305 409 1336 435 D.
1347 407 1450 435 Lucam
1469 413 1528 433 eam
1545 412 1599 431 non
1616 402 1786 439 praeteriisse
1798 409 1847 436 pu-

1057 461 1106 490 tat,
1125 464 1206 491 quam
1226 455 1333 490 Moyses
1353 451 1495 489 praeteriit,
1512 450 1576 484 quia
1590 456 1646 475 non
1668 446 1847 475 attendebant

1058 504 1091 530 ad
1106 503 1181 530 illum
1205 507 1347 528 numerum
1364 497 1517 528 denarium,
1535 495 1584 523 sed
1605 497 1762 522 statuerant
1781 500 1846 520 exa-

1057 553 1131 575 ctum
1145 547 1306 581 Catalogum
1316 545 1437 573 omnium
1451 543 1564 571 omnino
1578 540 1786 577 generationum
1797 546 1847 574 po-

1058 602 1130 622 nere.
1147 593 1268 628 Denique
1281 592 1314 619 D.
1330 591 1522 627 Hieronymus,
1536 589 1583 617 ﬁdi
1607 587 1769 622 interpretis
1788 585 1847 613 olli-

1057 643 1099 668 eio
1116 640 1225 668 functus
1242 639 1302 671 l‘uit,
1315 646 1374 666 eam
1395 638 1536 668 omittens,
1550 634 1652 663 etenim
1666 641 1730 661 cum
1746 641 1781 660 ex
1792 631 1845 659 lle-

1057 687 1127 714 brzeo
1140 686 1214 714 fonte
1239 688 1368 717 verteret,
1393 683 1487 711 debuit
1507 682 1645 712 omittere,
1660 679 1733 715 quod
1750 679 1779 706 in
1793 678 1847 705 Be-

1056 735 1136 761 braais
1151 733 1293 760 codicibus
1314 739 1369 759 non
1389 735 1539 765 repererat.
1559 727 1662 756 Contra
1684 726 1717 754 D.
1741 726 1844 756 Lucas,

1056 781 1119 816 quia
1135 780 1300 815 sequebatur
1317 777 1494 813 Septuaginta
1508 775 1674 807 versionem,
1691 772 1788 801 debuit
1800 779 1847 807 po-

1058 835 1131 859 nere,
1148 826 1220 861 quod
1235 825 1307 860 apud
1324 832 1371 852 eos
1388 823 1539 858 legebatur,
1557 825 1584 849 et
1599 820 1710 848 veritati
1723 826 1845 846 consen-

1057 878 1167 901 taneum
1182 877 1251 904 erat,
1267 875 1294 900 et
1317 871 1350 898 ad
1371 870 1557 898 diliicultatem
1573 879 1579 896 :
1597 869 1654 897 Cur
1669 868 1754 903 igitur
1776 866 1846 900 Sep-

1057 920 1178 955 tuaginta
1200 922 1360 954 posuerunt,
1378 924 1439 944 cum
1461 919 1555 943 essent
1573 915 1749 949 interpretes,
1770 911 1845 947 quod

1056 966 1083 992 in
1097 965 1211 992 Hebraeo
1223 972 1277 992 non
1290 963 1451 995 habebatur,
1464 966 1490 989 et
1501 969 1564 988 cum
1575 967 1631 987 non
1646 960 1699 994 ipsi
1711 958 1745 985 ad
1760 958 1844 985 dena-

1056 1012 1126 1039 rium
1152 1011 1227 1038 illum
1249 1009 1436 1042 attenderunt,
1457 1007 1602 1043 respondet
1619 1006 1681 1033 illos
1702 1011 1774 1039 saepe
1788 1011 1845 1031 non

1056 1059 1233 1093 interpretum
1258 1059 1374 1087 tantum,
1391 1055 1439 1083 sed
1459 1059 1486 1081 et
1509 1053 1758 1088 metaphrastarum
1781 1050 1845 1077 fun‘

1055 1109 1113 1131 ctos
1126 1103 1223 1134 ollicio,
1235 1106 1261 1129 et
1273 1101 1467 1137 prophetarum
1479 1107 1598 1135 quoque,
1612 1103 1694 1133 atque
1710 1098 1748 1125 ita
1764 1097 1846 1124 nobis

1055 1149 1136 1177 etiarn
1149 1146 1332 1175 immediatam
1346 1145 1547 1181 generationem
1563 1141 1709 1178 Arphaxad
1722 1140 1845 1168 voluisse

1055 1200 1228 1223 conservare,
1241 1199 1323 1227 quam
1336 1190 1368 1217 D.
1381 1190 1469 1217 Lucas
1481 1189 1655 1224 postmodum
1668 1187 1846 1215 exbibiturns

1055 1242 1123 1266 erat.
1149 1237 1201 1264 Alii
1225 1236 1426 1272 generationem
1448 1235 1523 1262 illam
1547 1241 1598 1262 nec
1623 1241 1638 1260 a
1663 1233 1844 1267 Septuaginta

1054 1283 1228 1311 translationi
1250 1283 1393 1317 insertam,
1416 1288 1466 1308 nec
1489 1279 1635 1315 Evangelia
1657 1287 1676 1308 a
1700 1278 1731 1306 f).
1759 1278 1845 1310 Luca,

1055 1330 1104 1357 sed
1121 1329 1155 1356 ab
1175 1328 1278 1363 aliquo,
1297 1328 1422 1355 nesciunt
1443 1333 1534 1361 quem,
1551 1330 1577 1353 et
1593 1325 1734 1352 nonnullis
1749 1324 1845 1358 conje-

1055 1376 1141 1402 cturis
1155 1375 1353 1401 demonstrant.
1378 1372 1500 1399 Arduum
1526 1379 1591 1400 sane
1615 1375 1658 1399 est
1682 1371 1711 1398 in
1733 1379 1764 1398 re
1788 1375 1845 1397 tam

1054 1421 1129 1457 gravi
1144 1423 1248 1449 certum
1262 1419 1340 1454 quid,
1353 1422 1379 1446 et
1395 1418 1503 1446 veritati
1516 1418 1691 1445 consentiens
1706 1415 1845 1452 proferre,

1055 1475 1138 1494 unum
1151 1467 1223 1494 enim
1239 1465 1394 1497 defendere,
1409 1469 1451 1493 est
1466 1465 1548 1491 alium
1560 1470 1706 1495 accusare,
1723 1470 1784 1497 qua
1797 1469 1847 1489 ac-

221 1515 310 1543 adhuc
318 1515 369 1542 sub
379 1514 471 1550 judice
482 1514 516 1542 lis
524 1520 575 1542 est.
588 1514 652 1540 Eam
663 1518 878 1542 commemorant
891 1513 1004 1548 Septua-
1017 1523 1038 1550 ρ
1055 1512 1160 1539 cusatio
1173 1516 1200 1539 et
1211 1511 1294 1546 impia
1309 1515 1381 1538 esset
1397 1515 1425 1538 et
1440 1510 1575 1537 catholico
1591 1509 1702 1536 homine
1716 1508 1844 1542 indigna.

220 1562 295 1596 ginta
310 1560 487 1596 interpretes,
513 1565 540 1588 et
556 1559 588 1587 D.
603 1559 702 1592 Lucas,
726 1567 787 1595 cap.
805 1560 822 1587 5
841 1559 1006 1594 Evangelico:

220 1608 350 1640 historiw,
378 1615 438 1634 eam
454 1610 615 1642 agnoscunt,
633 1610 729 1641 praeter
744 1607 832 1634 dictos
861 1609 1004 1637 auctores,

219 1654 400 1690 Augustinus,
418 1653 465 1681 lib.
481 1661 525 1680 xvr
542 1653 580 1680 De
590 1653 696 1679 ciuitate
707 1653 765 1686 Dei,
775 1660 835 1687 cap.
848 1652 892 1683 10,
908 1656 934 1679 et
947 1652 1004 1683 alii,

219 1707 290 1735 quos
307 1707 360 1727 non
385 1703 427 1726 est
443 1707 512 1734 opus
529 1699 574 1726 hic
600 1706 752 1726 recensere.
782 1697 923 1733 Scriptura
947 1697 1005 1725 He-

220 1745 324 1777 braica,
335 1748 362 1772 et
370 1744 546 1780 paraphrasis
557 1744 702 1771 Chaldaica
713 1751 745 1770 ne
757 1744 869 1771 verbum
884 1743 1003 1778 quidem.

220 1790 338 1823 Quinam
355 1790 437 1825 igitur
455 1789 516 1816 falsi
536 1793 610 1820 sunt,
629 1795 655 1815 et
674 1789 820 1816 errarunt?
847 1787 1005 1823 Septuagint-

221 1840 258 1868 ta,
272 1844 306 1862 an
321 1835 451 1863 Hebraea?
464 1842 526 1862 cum
539 1839 682 1870 utramque
695 1842 787 1861 veram
802 1842 862 1862 esse
877 1834 935 1861 fieri
950 1841 1004 1861 non

222 1883 319 1916 possit.
348 1881 487 1914 Pererius,
504 1881 607 1916 disput.
631 1881 675 1912 Η,
699 1880 746 1907 lib.
762 1887 829 1912 xvu,
855 1880 1005 1908 sententias

221 1928 299 1962 ponit
315 1928 417 1960 varias,
433 1931 459 1954 et
475 1926 574 1954 refellit
589 1926 701 1961 prolixe.
728 1926 895 1960 Augustinus
915 1925 1005 1961 Eugu-

220 1973 302 2001 binus
318 1973 384 2000 dicit
410 1973 455 2000 illa
475 1973 615 2000 additione
641 1971 817 2007 Septuaginta
840 1972 1004 2006 interpretes

221 2026 340 2051 errasse,
356 2022 384 2046 et
407 2026 501 2046 eorum
516 2025 636 2045 errorem
654 2021 788 2050 secutum,
805 2017 867 2052 quis
888 2025 942 2043 non
967 2017 1006 2043 in~

222 2064 411 2100 horresceret?
436 2063 467 2090 D.
491 2063 604 2091 Lucam.
634 2063 796 2097 Cajetanus,
827 2061 1004 2097 Septuaginta

223 2110 297 2136 illam
317 2109 441 2136 addendo
455 2117 573 2140 errasse,
591 2108 622 2136 D.
640 2116 702 2135 vero
715 2107 815 2135 Lucam
829 2108 954 2136 excusari
971 2108 1004 2135 ab

222 2163 327 2187 errore,
339 2163 402 2182 cum
418 2159 528 2182 secutus
543 2155 578 2182 sit
589 2162 649 2189 qua:
662 2154 795 2181 invenerit
806 2154 877 2188 apud
888 2153 1004 2188 Septua-

1058 1559 1133 1586 Uuus
1149 1563 1175 1585 et
1190 1558 1261 1585 idem
1274 1557 1395 1592 Spiritus
1411 1556 1502 1584 divino
1513 1555 1642 1590 impulsu,
1656 1554 1802 1589 alﬂatuque
1818 1557 1847 1580 et

1056 1612 1165 1631 manum
1187 1603 1288 1639 Moysis
1303 1603 1478 1634 scribentem,
1493 1605 1520 1629 et
1541 1601 1719 1636 Septuaginta
1733 1604 1846 1626 verten-

1057 1654 1122 1681 tem,
1145 1653 1171 1676 et
1194 1648 1225 1675 D.
1243 1648 1323 1675 Lucae
1345 1651 1510 1683 repetentem
1533 1646 1649 1674 fovendo
1671 1646 1753 1673 rexit.
1777 1645 1845 1678 Quis

1057 1694 1128 1721 hunc
1144 1693 1274 1729 Spiritum
1290 1693 1318 1720 in
1332 1692 1403 1720 Luca
1420 1693 1462 1720 vel
1478 1692 1654 1728 Septuaginta
1671 1691 1844 1721 mendacem.

1057 1740 1083 1766 in
1100 1739 1191 1775 Moyse
1208 1747 1344 1772 veracem,
1359 1739 1401 1766 vel
1417 1743 1522 1770 contra,
1539 1738 1598 1765 sine
1613 1738 1733 1764 maxima
1750 1737 1846 1771 impie‘

1056 1786 1119 1812 tatis
1133 1789 1208 1817 nota,
1225 1790 1253 1813 et
1272 1785 1413 1812 catholica;
1435 1783 1497 1811 fidei
1519 1783 1683 1810 detrimento
1701 1789 1846 1810 assevera-

1056 1831 1114 1857 bit‘?
1131 1830 1159 1857 Si
1175 1830 1325 1857 secundum
1340 1829 1481 1862 Basilium,
1495 1829 1569 1856 hom.
1581 1828 1614 1855 10
1626 1829 1653 1854 in
1664 1827 1758 1855 Cenes.
1771 1849 1779 1860 ,
1795 1827 1847 1854 Di-

1056 1886 1112 1904 τετε
1132 1877 1237 1904 verbum
1259 1875 1365 1910 aliquod
1379 1883 1436 1902 esse
1458 1875 1485 1901 in
1505 1873 1653 1908 Scripturis
1673 1873 1800 1905 otiosum,
1820 1876 1846 1899 et

1056 1931 1288 1959 supervacaneum,
1304 1921 1467 1956 blasphemia
1477 1925 1525 1953 est,
1544 1920 1611 1955 quid
1624 1920 1677 1947 erit
1691 1919 1721 1946 in
1732 1919 1788 1947 illis
1800 1926 1846 1946 er-

1057 1978 1143 2002 rores,
1159 1969 1281 2004 falsaque
1301 1967 1471 1996 concedere?

1091 2015 1170 2048 lbid.,
1184 2016 1233 2042 lin.
1249 2015 1295 2042 24.
1316 2013 1407 2047 Σαλὰ,
1431 2013 1482 2048 ἀφ’
1506 2009 1542 2040 οὗ
1564 2011 1736 2039 Σουσιανοί.
1759 2010 1845 2038 Euse-

1057 2063 1119 2091 bius
1138 2071 1145 2089 :
1171 2061 1269 2093 Σασὰν,
1286 2060 1332 2095 ἀφ’
1353 2056 1383 2087 οὗ
1405 2060 1528 2086 Κοσαῖοι.
1555 2058 1707 2086 Chronicon
1723 2058 1845 2085 Alexan-

1056 2109 1172 2135 drinum.
1193 2106 1274 2139 Σαλὰ,
1290 2106 1320 2138 ἐξ
1333 2103 1363 2133 οὗ
1380 2105 1542 2132 Σαλαθιαίοι.

1091 2152 1170 2185 lbid.,
1187 2152 1235 2179 lin.
1258 2151 1302 2179 ‘26.
1326 2151 1391 2184 Υἱὸς
1408 2150 1461 2177 τοῦ
1484 2149 1566 2177 Σαλὰ
1579 2149 1672 2182 Ἔϐερ.
1684 2147 1844 2183 Iosephus:

223 2203 307 2238 ginta,
326 2202 453 2233 veritum,
485 2209 519 2228 ne
544 2201 650 2228 diversa
679 2207 693 2226 a
721 2199 897 2235 Septuaginta
920 2199 1005 2226 luter-

1063 2198 1228 2234 Ἀρφαξάδου
1244 2197 1272 2224 δὲ
1294 2196 1396 2231 γίνεται
1412 2196 1475 2227 παῖς
1490 2195 1587 2229 Σαλῆς,
1600 2193 1646 2220 τοῦ
1667 2193 1695 2219 δὲ
1712 2194 1842 2229 126290;,

223 2248 345 2282 pretibus
361 2245 516 2278 scribendo,
532 2246 621 2272 minus
632 2245 711 2280 vulgo
726 2245 826 2279 scripta
840 2251 887 2271 sua
905 2245 1003 2278 proba-

224 2297 327 2321 rentur.
335 2292 453 2320 Joannes
465 2291 585 2319 Lucidus
600 2290 639 2318 De
656 2290 836 2317 emendatione
851 2295 1006 2324 temporum,

223 2343 249 2367 et
260 2339 443 2366 Hartmannus
457 2338 620 2365 Contractus
633 2337 661 2364 in
676 2337 811 2364 Chronicis
824 2336 910 2368 aiunt,
920 2343 1005 2362 unum

223 2389 250 2413 et
262 2385 387 2413 eumdem
398 2384 482 2412 fuisse
498 2384 569 2415 Sale,
583 2388 610 2410 et
624 2383 737 2414 Cainan,
748 2382 943 2417 corriguntque
951 2385 1008 2409 tex—

224 2435 281 2458 tum
293 2430 323 2457 D.
340 2430 421 2456 Luca:
436 2430 529 2462 "1,55,
539 2429 591 2456 36:
608 2429 659 2460 Qui
675 2428 725 2462 fuit
742 2427 814 2458 Sale,
823 2428 867 2462 qui
881 2428 931 2462 fuit
949 2427 1008 2454 Cai-

224 2483 287 2507 nan,
301 2476 328 2502 in
348 2475 400 2507 Qui
416 2474 465 2508 fuit
481 2473 552 2505 Sole,
569 2474 613 2507 qui
627 2477 651 2499 et
665 2471 780 2499 Cainan.
798 2471 925 2506 Aloysius
944 2469 1008 2504 Lip-

225 2529 358 2556 pomanus
372 2521 400 2546 in
419 2527 476 2554 cap.
493 2527 519 2546 χι
533 2518 625 2545 Genes.
641 2521 668 2545 et
681 2517 812 2544 Melchior
835 2516 927 2543 Catius
944 2516 1006 2542 libr.

226 2575 244 2594 II
267 2565 306 2592 De
319 2565 383 2592 locis
404 2564 564 2598 theologicis,
580 2563 663 2597 capit.
688 2563 730 2595 18,
749 2565 914 2589 censuerunt
938 2560 1008 2587 hanc

225 2611 429 2646 generationem
445 2610 547 2638 Cainan
563 2617 625 2636 vere
639 2609 710 2635 inter
731 2607 875 2642 Arphaxad
892 2611 919 2633 et
945 2605 1007 2632 Sala

226 2657 431 2689 intercessisse;
447 2663 560 2689 eamque
571 2654 747 2688 Septuaginta
761 2653 802 2679 vel
817 2661 850 2679 ex
861 2656 936 2679 certa
951 2659 1007 2678 ma-

226 2702 316 2735 jorum
337 2701 482 2728 traditione
499 2700 542 2728 vel
562 2708 595 2726 ex
616 2698 736 2726 historiis
758 2697 809 2725 fide
835 2698 926 2732 dignis
952 2705 1009 2724 sua:

229 2746 401 2773 translationi
424 2746 582 2778 inseruisse,
603 2752 683 2780 quam
707 2744 812 2780 Moyses
837 2744 927 2770 sciens
944 2750 1009 2778 pru-

230 2791 351 2825 densque
376 2791 596 2826 praeteribit-ierat,
625 2794 653 2817 ut
679 2790 776 2817 seriem
806 2789 1009 2824 generationum

230 2837 377 2864 decadibus
399 2845 452 2864 non
473 2837 532 2865 sine
547 2837 639 2872 aliquo
662 2835 791 2871 mysterio
810 2835 961 2869 perliceret,
981 2839 1008 2861 et

1058 2245 1104 2278 ἀρ’
1123 2240 1153 2271 οὗ
1175 2244 1237 2274 τοὺς
1258 2241 1399 2273 Ἰουδαίους
1421 2241 1563 2276 Ἐϐραίους
1577 2240 1694 2276 ἀρχῆθεν
1717 2239 1841 2266 ἐκάλουν.

1059 2289 1191 2317 Eusebius
1205 2288 1308 2324 :"EGep,
1320 2289 1366 2323 ἀφ’
1378 2286 1408 2314 οὗ
1424 2287 1552 2322 Ἑϐραῖοι.
1566 2282 1714 2324 Clironicon
1727 2286 1844 2312 Alexan-

1058 2336 1163 2362 drinum
1186 2343 1194 2361 :
1214 2323 1299 2369 "1:659
1321 2333 1351 2365 ἐξ
1373 2329 1403 2359 οὗ
1420 2332 1552 2359 Ἀλϐανοί.
1571 2331 1612 2358 Ab
1638 2323 1689 2358 hoc
1714 2330 1842 2358 Hebraeos

1057 2389 1119 2408 esse
1144 2380 1343 2410 denominatos,
1366 2382 1496 2413 tanquam
1518 2376 1658 2407 Hebraeos.
1681 2379 1710 2403 et
1735 2383 1792 2402 non
1812 2375 1843 2401 ab

1059 2427 1175 2453 Ahraam
1191 2425 1273 2452 tradit
1290 2424 1471 2459 Augustinus,
1485 2423 1534 2450 lib.
1547 2431 1591 2450 xvr
1608 2422 1646 2449 De
1661 2422 1770 2449 civitate
1785 2421 1842 2450 Dei,

1058 2479 1118 2506 cap.
1137 2472 1173 2498 5:
1191 2470 1253 2496 Non
1266 2470 1380 2504 frustra,
1395 2469 1494 2503 inquit,
1509 2469 1563 2502 ipse
1574 2468 1675 2503 primus
1690 2468 1843 2494 nominatus

1059 2523 1096 2544 est
1109 2518 1135 2543 in
1147 2516 1268 2551 progenie
1282 2516 1395 2546 veniente
1409 2515 1440 2541 de
1453 2513 1524 2546 Sem,
1536 2519 1560 2541 et
1573 2513 1701 2548 pmlatus
1713 2518 1753 2540 est
1766 2513 1842 2539 etiam

1059 2564 1135 2598 ﬁliis,
1149 2571 1208 2589 cum
1233 2563 1266 2588 sit
1291 2562 1396 2596 quintus
1415 2569 1493 2594 nepos
1509 2568 1518 2586 .'
1542 2560 1594 2586 nisi
1617 2560 1681 2594 quia
1703 2567 1794 2586 verum
1809 2562 1843 2584 est

1059 2608 1127 2644 quod
1154 2607 1268 2634 traditur
1291 2615 1322 2633 ex
1346 2606 1392 2632 illo
1419 2605 1543 2631 ﬂebmos
1565 2612 1621 2631 esse
1644 2604 1844 2640 cognominatos

1061 2660 1184 2689 tanquam
1204 2653 1338 2684 Hebrtcos,
1354 2660 1412 2678 cum
1426 2657 1450 2678 et
1465 2651 1519 2677 alia
1535 2651 1616 2685 possit
1632 2658 1688 2677 esse
1706 2650 1804 2683 opinio.
1819 2653 1843 2673 ut

1059 2705 1091 2724 ex
1107 2696 1240 2723 Abraham
1260 2701 1384 2731 tanquam
1399 2695 1507 2722 Abrawi
1527 2695 1591 2721 dicti
1616 2702 1672 2721 esse
1695 2695 1842 2720 vidcantur.

1061 2737 1112 2782 Sed
1125 2741 1246 2767 nimirum
1261 2741 1308 2767 hoc
1319 2749 1406 2767 verum
1422 2745 1471 2772 est,
1487 2739 1556 2774 quod
1569 2746 1601 2766 ea:
1616 2738 1703 2766 [leber
1724 2738 1842 2765 Habenti

1062 2787 1187 2822 appellati
1207 2791 1277 2818 sunt,
1291 2795 1321 2812 ac
1339 2786 1397 2812 inde
1412 2794 1465 2812 una
1482 2785 1601 2812 detracta
1616 2784 1708 2810 littera
1721 2783 1841 2810 Ηεὸτανῑ.

1063 2842 1141 2868 quam
1156 2833 1272 2867 linguam
1286 2832 1357 2859 solus
1375 2831 1462 2858 Israel
1476 2831 1586 2865 populus
1603 2831 1690 2864 potuit
1711 2830 1840 2857 obtinere.
