1897 3073
66 129 82 154 ἰ
88 126 140 154 003

553 127 585 155 ΙΝ
612 127 795 155 EUSTATHII
823 127 1058 154 ΗΕΧΑΕΜΕΒΟΝ
1078 127 1191 155 ΝΟΤίΕ.

1623 129 1692 157 10οθ

63 184 96 211 in
107 191 159 218 quo
175 183 223 210 Dei
240 184 341 215 civitas,
354 189 378 212 et
389 185 416 211 in
431 186 528 212 sanctis
545 187 710 221 peregrinata
726 193 775 219 est,
789 192 812 213 et
827 189 852 213 in
871 193 891 220 Α
906 187 1018 220 phoniw,
1035 190 1061 214 et
1075 187 1150 214 alibi.
1163 185 1293 221 Origenes
1313 185 1387 212 hom.
1406 185 1436 212 Η
1454 185 1481 211 in
1497 183 1579 212 Num.
1595 184 1691 212 Hiero-

65 229 190 255 omnibus
202 235 369 256 sacramenta
382 231 550 258 adumbrata.
569 231 601 258 Et
618 232 663 259 lib.
686 240 703 258 ll
725 232 851 264 Ιίιιναει..

64 282 132 309 cap.
152 274 197 305 14,
216 275 369 309 posthabita
383 276 470 310 prima
486 277 625 311 opinione,
646 277 673 304 in
689 285 742 312 qua
766 278 853 305 fuerat

65 319 229 354 aliquando,
244 321 316 353 quod
331 321 365 348 ab
378 322 495 348 Abraam
505 321 571 348 dicti
586 323 640 349 sint
655 317 769 354 llehrmi,
784 323 853 349 hanc

65 366 195 393 eamdem
217 367 372 401 opinionem
390 367 450 394 aliis
474 368 599 402 praetulit.
626 367 753 395 Eaindcm
773 372 852 395 tuen-

66 415 126 443 tur,
145 411 280 439 Eusebius
293 413 320 439 in
333 413 445 440 exordio
462 421 518 440 suae
532 412 724 449 Chronologiw,
738 414 854 441 Aracius

65 457 247 485 Caesariensis
264 459 291 485 in
306 458 381 491 Cen.,
399 459 580 495 Hieronymus
591 459 789 486 Traditionibus
801 459 854 486 IIe-

66 502 168 530 braicis
181 503 208 529 in
218 502 280 531 Cen.
296 512 357 539 cap.
378 512 432 536 xw,
448 509 475 532 et
492 505 579 532 secuti
595 510 658 532 sunt
673 505 754 536 Beda,
773 505 854 531 lsido-

66 556 129 579 rus,
145 549 276 584 Lyranus.
293 549 450 585 Eugubinus
467 550 690 578 annotationibus
705 551 731 576 in
749 550 852 583 Cenes.,

65 601 130 628 cap.
148 602 204 625 xiv,
222 599 250 621 ct
268 595 323 621 alii.
340 594 494 630 Artapanus
515 595 587 630 apud
601 594 748 622 Eusebium
764 595 811 621 lib.
828 603 852 621 Ix

65 638 107 666 De
122 641 314 673 prwpamtione
331 641 445 676 euungel.
462 649 522 676 cap.
541 641 602 672 ult.,
619 649 666 668 cos
681 641 717 667 ita
738 641 854 676 appella-

66 689 112 712 tos
134 685 216 713 refert
241 694 273 713 ex
300 687 417 713 Abraam
440 687 573 721 principe,
600 694 632 713 ac
656 690 769 721 parente
794 686 853 720 ejus

65 732 158 765 gentis
185 732 370 761 nobilissimo.
398 738 425 760 et
448 734 511 760 dicti
541 737 605 760 sunt
632 732 748 765 Hebraei,
775 732 853 767 quasi

63 777 185 804 Abrami.
205 777 370 813 Ἀρτάπανος
392 779 421 805 δέ
443 787 522 813 φησιν
546 779 574 804 ἐν
599 779 659 810 τοῖς
687 777 853 810 Ἰουδαϊκοῖς

63 824 131 854 τοὺς
154 824 202 858 μὲν
227 824 369 855 Ἰουδαίους
392 824 569 859 ὀνομάζεσθαι
591 824 728 860 Ἑρμιοὺο,
750 824 763 849 ὂ
786 822 853 850 εἶναι

65 868 288 904 μεθερμηνευθὲν
313 869 383 896 κατὰ
406 870 454 905 τὴν
478 870 588 896 Ἐλλάδα
613 870 703 906 φωνὴν
721 870 851 897 Ἰουδαῖοι.

62 914 215 941 Καλείσθαι
242 915 271 941 δὲ
304 916 402 948 αὐτοὺς
430 917 572 952 Ἐϐραίους
603 917 655 943 ὑπὸ
685 917 850 952 ’Λϐραάμου.

62 959 147 987 llunc
157 960 304 995 aliquando
319 965 430 989 secutus
446 967 487 989 est
500 962 670 996 Augustinus
683 963 699 988 l.
715 971 721 988 ι
738 962 776 988 De
789 970 850 988 con-

61 1014 144 1032 sensu
161 1007 324 1042 evangelist.,
348 1016 408 1042 cap.
433 1008 477 1039 Li,
497 1009 605 1035 tandem
631 1009 676 1034 alii
702 1009 736 1036 ab
763 1008 852 1035 llebar

60 1051 138 1085 quod
156 1050 253 1078 Latine
269 1056 312 1079 est
336 1053 469 1083 transivil,
494 1052 621 1080 Hebraeos
644 1054 851 1088 cognominatos

60 1096 233 1129 existimant,
251 1101 346 1125 etnon
362 1099 397 1125 ab
417 1099 565 1132 Abraham,
584 1107 672 1134 neque
693 1100 728 1127 ab
749 1100 849 1128 Heber.

60 1143 153 1176 Hujus
169 1144 307 1179 opinionis
324 1145 398 1172 fuere
416 1144 557 1180 Origenes,
576 1145 710 1173 Diodorus
732 1145 851 1173 Tarsen-

60 1189 114 1221 sis,
130 1189 268 1223 Rupertus
292 1190 339 1217 lib.
354 1199 370 1214 ν
385 1190 568 1218 Commentar.
582 1191 609 1217 in
622 1190 713 1218 Cenes.
732 1199 792 1226 cap.
806 1200 849 1224 x1;

59 1235 278 1271 Cbrysostomus
312 1237 384 1263 hom.
416 1237 450 1264 55
487 1238 515 1264 in
547 1237 637 1264 Cenes.
664 1237 849 1266 Theodorctus

59 1286 161 1315 quaest.
181 1281 215 1308 60
236 1281 263 1308 in
283 1280 374 1308 Cenes.
398 1289 457 1308 eam
481 1282 518 1308 ita
538 1281 668 1313 defendit.
692 1287 720 1308 ut
738 1282 848 1316 opposi-

59 1332 118 1353 tam
134 1326 325 1361 reprehendat.
343 1326 370 1352 Si
391 1326 475 1357 enim,
501 1326 598 1360 inquit,
617 1326 651 1353 ab
675 1325 771 1358 lleber,
794 1325 848 1352 [le-

58 1372 141 1403 briei,
158 1376 184 1398 et
204 1371 297 1406 lingua
320 1370 453 1398 Hebraica
476 1378 574 1398 nomen
596 1370 689 1403 traxit,
705 1371 848 1405 oportebat

57 1426 159 1445 onmes
175 1421 299 1452 posteros
314 1417 402 1444 Heber
421 1417 570 1452 appellatos
594 1416 679 1444 fuisse
702 1416 842 1448 llebraaos,

58 1467 147 1496 atque
166 1469 198 1488 ea
213 1461 304 1495 lingua
327 1468 401 1493 usos,
416 1459 489 1495 quod
511 1460 539 1486 in
554 1459 642 1495 Syris,
661 1459 799 1492 Moabitis,
820 1464 847 1486 et

57 1507 124 1534 aliis
138 1507 257 1541 posteris
278 1505 365 1533 cher
381 1514 437 1533 non
463 1505 588 1540 contigit.
611 1505 730 1539 Ideoque
752 1511 846 1532 censet

56 1553 212 1588 appellatos
229 1553 312 1579 fuisse
331 1552 458 1579 Hebrmos
480 1560 514 1579 ex
538 1559 570 1579 eo
591 1552 663 1586 quod
679 1552 814 1578 Abraham
832 1560 846 1578 (ς

56 1599 173 1633 regione
188 1598 376 1626 Chaldaeorum
392 1598 503 1625 veniens
516 1598 544 1624 in
567 1597 740 1624 PaLcslinam
756 1601 846 1625 trans—

55 1646 108 1672 ivit
130 1644 244 1671 ﬂuvium
259 1644 436 1679 Euphratem.
454 1643 541 1671 [lcbra
553 1644 625 1671 enim
645 1643 775 1679 Syrorum
793 1644 845 1670 lin-

56 1700 113 1727 gua
128 1692 200 1719 idem
222 1691 323 1719 dicitur
340 1691 413 1726 quod
427 1690 588 1724 Euphrates.
605 1689 707 1716 Paulus
726 1689 845 1724 Burgem

56 1739 99 1766 sis
114 1743 210 1766 censet
234 1737 362 1765 ilebrwos
379 1744 439 1764 esse
453 1737 660 1771 cognominatos
673 1736 750 1770 quasi
768 1744 846 1770 pcre-

55 1784 168 1819 grinos,
182 1783 234 1810 hoc
244 1791 307 1811 esse
321 1787 429 1818 etymon
448 1782 571 1808 vocabuli
586 1782 678 1816 lingua
692 1782 734 1808 illa
750 1791 755 1808 :
771 1782 803 1808 de
817 1790 845 1808 re

55 1837 117 1857 non
142 1837 204 1857 esse
233 1829 424 1856 dubitandum.
444 1827 511 1860 Quis
537 1828 608 1854 cnim
632 1828 720 1854 nescit
735 1831 844 1862 gentem

52 1876 136 1902 illam
158 1880 185 1902 et
208 1875 234 1902 in
255 1879 325 1903 terra
341 1874 481 1905 Chanaan,
498 1877 525 1900 ct
547 1874 573 1900 in
588 1873 705 1908 rEgypto
722 1881 782 1901 esse
798 1881 843 1908 pc-

54 1921 239 1956 regi-inritam.

93 1967 154 1996 Col.
165 1966 337 1999 757.οἵτινες
349 1966 406 1999 τὴν
415 1965 521 1999 ἀρχὴν.
532 1964 618 1991 ilebcr
628 1971 734 1999 pmnam
744 1964 842 1990 conin-

51 2013 148 2040 sionis
166 2012 318 2047 linguarum
342 2011 475 2043 evasisse,
490 2011 563 2046 quod
579 2018 647 2036 vana
667 2010 842 2037 molientibus

54 2066 112 2086 non
125 2058 314 2089 assentirctur,
325 2057 408 2084 refert
420 2057 520 2084 Catena
532 2056 624 2083 Grazca
636 2057 662 2082 in
677 2055 768 2083 Cenes.
786 2057 841 2082 Φα-

54 2105 99 2130 σὶν
111 2104 150 2134 ὡς
166 2104 239 2138 παρὰ
252 2103 290 2138 τῷ
301 2103 384 2138 Ἔϐερ
401 2102 472 2137 μόνῳ
485 2101 621 2136 ἐφυλάχθη
633 2103 654 2136 ἡ
666 2101 785 2135 γλῶσσα,
804 2101 842 2132 ὡς

47 2150 96 2185 ,μὴ
112 2150 304 2183 κοινωνήσαντι
325 2148 365 2178 εἰς
388 2147 418 2173 τὺ
441 2146 486 2172 τοῦ
504 2146 608 2182 πύργου
631 2145 764 2180 τόλμημα,
782 2145 840 2172 Ma-

46 2202 156 2227 ,nasses
169 2195 195 2221 in
216 2193 314 2220 Annal.
332 2201 340 2219 :

52 2241 144 2276 Ἔϐερ
161 2239 195 2265 δὲ
207 2239 300 2273 μόνος
320 2238 376 2276 τῆς
390 2236 506 2276 1.11m};-
525 2237 679 2270 ἐλεύθερος
693 2235 837 2276 ύῑτῆρεεν.

53 2277 98 2302 οὐ
114 2272 169 2310 άεὰρ
187 2272 413 2308 συγ-κατετίθετο
426 2272 487 2304 τοῖς
503 2272 767 2306 ματαιοπραγοῦσι.

52 2333 177 2360 Suidas:
198 2329 280 2363 Οὗτος
298 2331 328 2357 οὑ
342 2330 499 2364 συνεποίησε
517 2331 573 2360 τοῖς
591 2329 775 2364 πυργοποιοῖς,
791 2328 838 2354 καὶ

49 2379 188 2414 διέμεινεν
207 2378 223 2412 ἡ
239 2377 376 2408 διάλεκτος
399 2376 478 2403 αὑτοῦ
495 2375 690 2410 ἀμετάϐληπος.
712 2374 838 2401 Theodo-

51 2429 142 2456 retus,
162 2428 258 2459 quaest.
275 2423 309 2450 59
322 2423 349 2449 in
365 2421 471 2454 Cenes.,
494 2422 711 2456 antiquissimam
727 2421 837 2456 lingua-

51 2477 116 2497 rum
134 2469 254 2496 omnium
278 2468 416 2504 Syriacam
439 2467 590 2499 existimat,
611 2466 750 2494 Hebrieam
771 2473 836 2493 vero

51 2516 172 2551 primum
191 2514 319 2542 traditam
337 2513 422 2549 llloysi
436 2521 451 2540 τι
468 2512 521 2540 Deo
539 2512 633 2540 fuisse.
654 2507 836 2544 Quemadmo-

49 2561 120 2588 dum
133 2560 249 2588 animiin
270 2561 376 2594 templis
392 2559 549 2586 Graecorum
562 2557 672 2593 quidam
688 2562 751 2586 sunt
765 2558 838 2585 litte-

49 2613 147 2633 rarum
158 2605 330 2633 characteres
347 2605 508 2640 peculiares.
523 2611 593 2638 quos
605 2611 702 2630 sacros
717 2604 836 2645 appella-

49 2656 128 2684 runt.
147 2652 280 2680 sicADeus
302 2659 350 2687 per
363 2651 464 2679 Moscm
485 2649 597 2677 donavit
616 2650 686 2676 hanc
701 2650 833 2684 linguam,

48 2707 108 2726 non
124 2698 233 2733 quidem
251 2699 414 2730 naturalem,
433 2698 480 2726 sed
503 2697 537 2724 ad
557 2697 709 2724 docendum
723 2697 832 2731 quidem

48 2748 153 2779 aptam.
173 2743 273 2770 Verum
288 2744 367 2771 aliter
381 2747 482 2771 etcum
499 2745 594 2770 nostro
610 2741 752 2769 Eustathio
767 2751 833 2770 con-

48 2789 133 2817 sentit
145 2789 315 2824 Augustinus
330 2789 366 2816 De
382 2790 486 2816 civitate
497 2788 554 2820 Dei,
569 2788 616 2815 lib.
633 2797 689 2821 xvr,
708 2796 769 2823 cap.
787 2789 831 2818 il.

46 2842 75 2864 et
91 2836 139 2863 lib.
159 2843 237 2869 x-vm,
252 2844 311 2871 cap.
333 2836 384 2870 59;
410 2835 592 2871 Hieronymus
607 2835 633 2862 in
651 2843 710 2871 cap.
728 2844 757 2863 ιιι
781 2835 830 2864 So-

871 865 889 890 Β

905 240 1002 267 nymus
1017 233 1140 259 Olcaster
1155 232 1181 258 in
1197 239 1257 265 cap.
1273 239 1286 257 x
1300 230 1391 258 Cenes.
1404 236 1431 258 et
1445 230 1502 257 alii.

940 279 1021 311 lbid.,
1048 279 1095 305 lin.
1125 279 1168 305 50.
1202 277 1322 304 Υἱοὶ-δὲ
1348 277 1400 303 τοῦ
1423 277 1517 311 Ἔϐερ.
1537 276 1692 304 Ειιςῡὺὶυςέ

903 324 1001 354 Φαλὲκ,
1027 325 1073 358 ἀφ’
1093 322 1122 350 οὗ
1144 323 1278 359 Βάκτροι·
1299 323 1457 358 Ἑλμωδὰμ,
1484 324 1528 357 ἀφ’
1549 320 1578 349 οὗ
1598 323 1689 349 Ἰνδοί’

910 369 1022 401 Ἰεκτὰν,
1038 371 1083 403 ἀφ’
1095 367 1124 396 οὗ
1138 369 1288 396 Μαδιναῖοι.
1307 368 1451 396 Cltronicon
1464 369 1671 395 Alexandrinum
1681 377 1691 395 :

903 416 1001 448 Φαλὲκ,
1022 415 1051 448 ἐξ
1066 413 1096 442 οὗ
1114 416 1262 449 κατάγεται
1276 414 1305 441 τὸ
1324 415 1400 448 γένος
1418 414 1541 450 Ἀϐραὰμ
1555 415 1691 449 προπάτο-

906 469 965 496 ρος·
988 461 1101 493 Ἰεκτὰν,
1119 461 1148 494 ἐξ
1163 458 1192 487 οὗ
1210 460 1345 492 Αἰθίοπες.

938 506 1018 540 Ibid.,
1038 507 1086 534 lin.
1108 507 1153 534 3i.
1175 507 1201 533 Ὀ
1218 506 1252 532 δὲ
1264 507 1362 533 eane).
1384 505 1441 533 διά.
1461 506 1629 541 Nicephorus
1644 507 1692 541 pa-

905 552 1022 579 triarcha
1035 551 1352 586 Constantinopolitanus
1364 560 1390 578 ln
1405 552 1619 586 Ultronographia
1630 553 1691 579 ςἝν

903 597 931 623 δὲ
951 599 1009 629 ταῖς
1031 597 1147 632 ἡμέραις
1164 597 1251 623 eam
1271 595 1500 632 διεμερίσθησαν·
1517 597 1557 623 διὸ
1577 597 1623 624 καὶ
1644 606 1692 633 ση-

906 643 994 678 μαίνει
1007 642 1037 669 τὸ
1048 642 1136 668 Φαλὲκ
1147 642 1232 678 ὄνομα
1246 644 1279 678 τῇ
1299 642 1430 678 Ἐϐραίων
1443 644 1517 678 φωνῇ
1532 643 1691 678 μερι’σμός’.

905 689 958 715 Καὶ
971 685 1048 720 οὗτος
1063 688 1115 724 πρὸ
1133 688 1178 715 τοῦ
1194 689 1258 724 περὶ
1269 688 1390 724 τελευτᾷ.
1401 689 1461 715 Ἐπὶ
1476 689 1569 715 τούτου
1582 690 1598 724 ἡ
1622 689 1692 724 πυρα

903 734 1012 768 γοποιία
1028 734 1152 769 συνέστη,
1170 734 1216 760 καὶ
1237 734 1289 760 ἀπὸ
1306 735 1370 769 μιᾶς
1391 735 1438 769 τῆς
1453 734 1535 761 πάλαι
1552 734 1691 761 διαλέκτθυ

904 779 1058 814 πολυφωνίαι
1079 780 1184 813 γέγονε.
1208 780 1262 806 Καὶ
1285 781 1301 814 ἡ
1320 779 1379 806 καθ’
1406 780 1519 806 ἕκαστον
1543 781 1618 812 ἔθνος
1638 781 1692 808 τῶν

904 825 1033 859 γλωσσῶν
1053 825 1194 860 διαφωνία,
1211 826 1292 860 φησὶν
1313 827 1329 861 ἠ
1357 825 1415 852 θεία
1438 826 1542 862 Γραφή.
1561 826 1691 854 liebrmo—

905 878 964 896 rum
981 870 1025 897 illa
1049 868 1099 897 fuit
1118 871 1264 903 sententia,
1282 869 1371 897 cher
1385 879 1511 906 magnum
1530 871 1616 900 fuisse
1628 880 1692 907 pro-

904 916 1024 950 phetam,
1039 920 1120 951 alque
1135 916 1219 943 divini
1235 917 1356 944 numinis
1368 915 1456 944 afﬂatu
1472 922 1535 944 ante
1555 919 1689 946 ducentos

903 969 990 988 annos
1013 961 1132 989 futurum
1156 962 1340 997 praevidendo,
1358 970 1456 989 nomen
1481 962 1580 990 Phalec
1601 961 1691 999 impo-

903 1009 1000 1035 suisse.
1014 1007 1085 1035 l'dem
1109 1009 1193 1036 sentit
1217 1008 1407 1044 Hieronymus.
1422 1010 1468 1044 qui
1485 1010 1512 1036 in
1531 1004 1691 1038 Traditions”-

902 1053 949 1079 bus
975 1052 1114 1081 Hebraicis
1138 1055 1164 1081 in
1192 1054 1284 1083 Cenes.
1310 1055 1424 1083 aliirmat
1449 1056 1537 1083 [leber
1561 1057 1690 1084 vaticinio

901 1099 1018 1134 quodam
1034 1100 1160 1128 videlicet
1181 1109 1215 1128 ex
1236 1101 1330 1129 futuro
1351 1107 1449 1130 eventu
1470 1103 1612 1130 divisionis
1636 1103 1689 1129 lin-

904 1151 1018 1178 guarum
1040 1151 1142 1171 nomen
1161 1145 1325 1179 imposuisse
1347 1154 1406 1179 suo,
1424 1150 1450 1174 ct
1475 1146 1688 1182 Chrysostomus

901 1188 973 1214 hom.
991 1188 1026 1215 50
1048 1189 1075 1214 in
1098 1187 1188 1217 Canes.
1200 1198 1209 1216 :
1223 1190 1379 1222 Considera,
1404 1192 1501 1226 inquit,
1519 1193 1689 1227 quemadmo-

900 1233 963 1260 dum
979 1235 1016 1261 rei
1034 1234 1132 1268 futura:
1144 1236 1337 1270 prwscientiam
1352 1239 1476 1264 vocabulo
1488 1240 1544 1265 nati
1556 1239 1630 1273 pueri
1643 1239 1688 1266 de-

900 1280 1031 1310 claravit:
1049 1286 1077 1308 ut
1095 1290 1154 1308 cum
1170 1283 1268 1310 videris
1286 1292 1338 1310 rem
1359 1292 1434 1318 opere
1449 1285 1618 1320 adimpletum
1635 1293 1687 1313 non

899 1326 971 1353 ultra
988 1327 1101 1360 mireris,
1119 1328 1207 1356 videns
1218 1329 1343 1357 divinitus
1365 1331 1391 1357 id
1406 1332 1480 1365 pueri
1502 1333 1605 1359 nomine
1617 1341 1687 1366 pra:-

898 1369 1005 1397 diclnm.
1022 1371 1157 1407 Josephus
1174 1378 1264 1401 tamen
1284 1375 1330 1401 lib.
1348 1383 1355 1401 I
1371 1375 1499 1410 Antiquil.
1515 1380 1542 1403 ct
1555 1376 1686 1411 Augusti-

898 1424 961 1448 nus,
977 1417 1025 1445 lib.
1049 1427 1094 1445 xvr
1116 1419 1155 1446 De
1176 1420 1281 1447 cirilale
1297 1421 1354 1454 Dei,
1371 1429 1432 1457 cap.
1448 1423 1491 1455 Η,
1507 1431 1606 1451 nomen
1622 1423 1687 1456 hoc,

897 1470 951 1489 non
964 1470 996 1490 ex
1012 1463 1105 1491 futuro
1117 1470 1226 1498 eventu,
1244 1467 1292 1494 sed
1307 1475 1338 1494 eo
1353 1469 1425 1503 quod
1441 1468 1540 1496 factum
1556 1474 1625 1502 erat,
1640 1478 1687 1505 po—

898 1508 979 1535 situm
995 1509 1090 1537 fuisse.

934 1554 1013 1587 lbid.,
1036 1556 1085 1583 lin.
1107 1557 1151 1583 56.
1177 1559 1337 1592 Τρισχίλιοι
1361 1559 1425 1594 γάρ.
1453 1560 1489 1587 Dc
1517 1562 1687 1596 temporibus

897 1601 979 1628 verba
999 1600 1131 1630 facientes
1145 1608 1269 1631 auctores
1285 1604 1357 1631 haud
1379 1605 1553 1632 mediocriter
1569 1606 1640 1633 inter
1655 1615 1685 1634 se

896 1646 1040 1679 dissident,
1062 1652 1088 1674 et
1101 1649 1176 1675 varia
1193 1649 1346 1683 proferunt,
1363 1653 1392 1676 ut
1409 1649 1518 1678 facilius
1533 1652 1568 1678 sit
1590 1652 1616 1678 in
1631 1652 1684 1679 hac
1718 1676 1722 1681 .

895 1699 924 1718 re
938 1692 1010 1726 quod
1029 1692 1100 1720 alius
1116 1693 1217 1721 dixerit
1237 1694 1445 1728 reprehendere,
1465 1704 1546 1730 quam
1571 1697 1683 1732 aliquod

895 1738 967 1771 quod
986 1739 1199 1773 reprehensione
1213 1744 1299 1774 caret,
1321 1740 1459 1776 proferre;
1482 1750 1544 1769 cum
1560 1743 1684 1771 rationes

894 1789 921 1811 et
940 1790 1111 1820 argumenta,
1130 1786 1228 1821 quibus
1243 1787 1299 1814 haec
1314 1791 1481 1819 statuuntur,
1497 1796 1552 1815 non
1568 1790 1683 1818 omnino

894 1835 980 1863 certa,
995 1831 1043 1858 sed
1063 1831 1145 1859 dubia
1164 1833 1228 1860 sint.
1251 1832 1320 1860 lllud
1338 1833 1527 1868 unusquisque
1540 1842 1590 1869 pro
1604 1841 1680 1863 certo

894 1877 1002 1908 habeat,
1017 1885 1047 1905 se
1065 1885 1097 1904 eo
1109 1877 1200 1906 minus
1214 1886 1316 1910 errare,
1330 1887 1384 1914 quo
1395 1880 1486 1907 minus
1500 1880 1535 1907 ab
1551 1880 1680 1909 Ecclesia:

893 1922 1034 1950 catholicae
1049 1923 1195 1950 traditione
1216 1924 1316 1952 recedit
1340 1933 1422 1960 penes
1438 1933 1518 1960 quam
1533 1927 1631 1959 solam,
1651 1932 1679 1955 et

892 1968 994 1995 veritas
1007 1969 1128 1996 omnium
1144 1977 1246 2003 rerum,
1262 1974 1288 1997 et
1305 1970 1441 1998 certitudo
1454 1976 1506 2004 es't,
1521 1971 1549 1998 in
1563 1972 1623 1999 aliis
1636 1968 1678 1999 in-

893 2014 964 2049 genii
981 2013 1094 2041 humani
1115 2015 1228 2043 libidine
1245 2021 1272 2043 et
1295 2017 1409 2044 audacia
1433 2018 1524 2044 omnia
1547 2013 1676 2050 obscura,

892 2063 918 2086 et
931 2060 1067 2087 sexcentis
1081 2061 1221 2088 erroribus
1233 2059 1382 2096 implicata.
1397 2062 1571 2091 Adducemus
1585 2067 1677 2091 tamen

891 2113 952 2140 quae
966 2105 1012 2132 alii
1030 2107 1070 2133 uti
1088 2111 1173 2137 certa,
1192 2108 1243 2134 etsi
1261 2115 1315 2134 non
1335 2115 1363 2134 re
1379 2115 1441 2134 vera
1459 2109 1495 2135 ita
1511 2109 1576 2140 sint,
1590 2110 1676 2136 tradi—

891 2152 1000 2180 derunt.
1024 2151 1057 2178 Et
1079 2153 1149 2180 sicut
1172 2153 1298 2187 superius
1323 2154 1449 2186 diximus,
1474 2155 1544 2181 inter
1566 2153 1676 2183 Graecos

856 2205 877 2233 υ
892 2207 1041 2234 omnesque
1055 2207 1113 2231 eos,
1129 2199 1175 2234 qui
1189 2199 1364 2234 Septuaginta
1376 2199 1556 2235 lnterpretum
1571 2201 1674 2228 versio-

890 2252 952 2272 nem
966 2245 1053 2272 secuti
1073 2249 1146 2276 sunt,
1162 2248 1188 2272 et
1203 2243 1314 2272 Latinos
1330 2245 1477 2272 maximum
1498 2253 1558 2273 esse
1575 2246 1674 2274 discri-

889 2298 961 2322 men,
977 2298 1040 2317 cum
1058 2291 1085 2317 in
1104 2290 1290 2318 describendis
1310 2296 1435 2325 patrum,
1454 2294 1481 2318 et
1501 2291 1670 2326 patriarcha-

861 2358 865 2362 .
887 2342 947 2362 rum
971 2335 1149 2369 temporibus,
1169 2334 1321 2363 diﬂ‘erentia
1338 2339 1492 2370 temporum
1513 2337 1601 2371 spatia
1616 2342 1672 2364 stn-

887 2381 997 2407 tuerint.
1013 2380 1166 2409 Fridericus
1179 2381 1333 2408 Husmanus
1346 2382 1371 2408 in
1386 2389 1435 2408 sua
1448 2381 1622 2418 Cltronologia
1637 2385 1671 2412 ab

886 2426 951 2453 orbe
973 2425 1094 2458 condito,
1116 2426 1149 2453 ad
1177 2433 1278 2453 annum
1306 2426 1340 2452 50
1371 2423 1469 2453 Phalec
1491 2435 1577 2454 annos
1603 2422 1671 2457 1788

886 2476 1036 2504 enumerat,
1052 2476 1115 2499 ante
1137 2472 1276 2499 Christum
1298 2476 1391 2498 natum
1406 2471 1486 2504 2172,
1502 2477 1529 2499 ct
1552 2473 1667 2501 Romam

886 2517 1023 2543 conditam
1045 2517 1122 2548 1421,
1140 2517 1174 2544 ab
1190 2517 1271 2551 hujus
1294 2517 1433 2552 opinione,
1455 2518 1543 2552 quoad
1567 2526 1670 2547 annum

887 2562 920 2589 ab
939 2563 1005 2590 orbe
1017 2563 1127 2590 condito
1141 2563 1173 2590 ad
1186 2564 1220 2590 50
1236 2563 1334 2590 Phalcc
1351 2571 1404 2590 non
1425 2564 1502 2591 abest
1517 2563 1670 2592 Genebrar‘a

886 2608 937 2635 dus
951 2608 1148 2644 Chronograph.
1165 2610 1227 2637 libr.
1246 2618 1263 2636 l.
1282 2609 1457 2637 Clulmannus
1478 2607 1668 2639 Flinsbachiu's

885 2646 1095 2686 1787,1oanues
1111 2654 1246 2682 Funccius
1271 2655 1298 2682 in
1318 2652 1493 2690 CIn-mwlagia
1520 2650 1594 2682 I739.
1616 2653 1669 2684 No-

884 2704 940 2728 ster
957 2705 1046 2728 tamen
1060 2700 1106 2728 hic
1122 2705 1218 2728 auctor
1233 2701 1266 2728 ad
1278 2701 1445 2728 nativitatem
1467 2701 1564 2729 Phalec
1581 2709 1667 2730 annos

883 2749 925 2773 ter
946 2745 1020 2773 mille
1036 2745 1123 2774 fuisse
1139 2747 1248 2782 elapsos
1263 2751 1412 2775 asseverat.
1436 2746 1491 2775 Sed
1513 2756 1564 2776 nos
1582 2747 1665 2775 etiam

885 2791 999 2818 inferius
1021 2792 1055 2819 de
1076 2792 1155 2819 annis
1179 2800 1193 2819 a
1212 2793 1315 2820 mundo
1339 2794 1450 2821 condito
1475 2795 1508 2821 ad
1527 2794 1667 2822 Christum

885 2841 976 2864 uatum
989 2838 1117 2865 nonnulla
1131 2837 1261 2865 dicemus.
