1897 3073
225 127 291 154 1007

921 121 1044 150 LEONIS
1062 120 1199 149 ALLATII

1780 121 1848 149 1008

256 186 316 214 Col.
329 186 390 218 757,
399 184 446 211 lin.
455 184 500 211 57.
509 182 685 218 Ᾰογιζόμεθα
692 181 759 217 γάρ.
772 181 847 210 Hanc
853 182 1005 217 opinionem

1061 189 1122 217 cap.
1143 181 1246 214 Helec.,
1265 185 1291 208 et
1305 185 1423 209 tractatu
1439 181 1478 210 De
1491 182 1657 213 idololatria,
1672 188 1736 216 cap.
1749 177 1847 211 Librae,

225 239 251 260 et
265 232 340 260 multi
357 230 448 266 magni
460 229 578 258 nominis
587 229 682 257 Patres
694 230 780 257 secuti
794 233 866 256 sunt.
883 228 1008 256 Justinus

222 279 324 314 Martyr
337 276 378 304 Ad
391 276 468 304 Gent.
484 279 582 312 quaest.
609 275 637 302 7|
649 284 657 308 ;
674 275 792 303 lrena3us
806 275 854 302 lib.
871 284 886 302 v
898 275 1008 303 Advers.

221 325 313 351 hierea.
330 324 472 358 cap..ult.;
495 321 665 353 Laclantius,
680 322 727 348 lib.
751 328 786 348 vn
801 320 922 347 ιηειίιιιι.
945 329 1006 355 cap.

223 366 258 399 7;
277 365 395 392 Hilarius
412 371 474 392 can.
485 364 511 390 in
527 362 684 390 Matt/tarum
692 364 945 399 xvu;Augustinus
958 363 1006 392 lib.

222 419 257 440 xx
271 411 309 439 De
320 412 423 438 ciuitate
446 409 493 437 Dei
504 418 514 442 ;
528 409 709 446 Hieronymus
721 409 829 445 epistol.
846 410 880 437 ad
893 410 1008 445 Cypria-

223 465 300 489 num,
319 461 346 485 et
361 456 514 484 Comment.
535 456 563 482 in
579 455 730 487 Michwam,
750 462 811 490 cap.
835 463 862 483 tv
875 465 883 489 ;
895 455 1009 484 Germa-

223 511 275 532 nus
289 502 484 530 Constantinus
503 501 551 529 lib.
568 501 606 528 De
622 501 734 528 Tltcoria
747 509 835 528 rerum
851 502 1008 529 ecclesiasti-

222 557 324 581 carum,
340 549 374 575 ad
388 548 461 575 hunc
472 555 613 575 numerum
627 547 781 583 quingentis
793 547 916 583 adjectis,
931 553 958 575 et
970 549 1008 576 ait

223 599 285 622 ante
299 595 389 629 ipsum
404 593 498 620 eadem
521 593 624 621 dixisse
639 597 666 620 et
682 593 857 628 Hippolytum
879 601 894 621 e
908 592 1004 626 Roma,

222 645 248 667 et
276 640 305 667 S.
331 638 461 675 Cyrillum
488 638 516 665 in
538 638 586 665 lib.
614 638 651 665 De
672 638 854 671 Antichristo,
887 639 1007 674 itemque

222 686 457 721 Chrysostomum.
475 683 637 719 Opinionem
661 685 741 713 istam
758 693 813 712 non
827 693 890 714 esse
912 694 1006 714 veram

223 732 280 766 ipsa
296 731 463 766 experientia
477 730 618 764 docemur,
637 731 773 766 praecipue
787 731 811 759 si
830 730 1006 767 Septuaginta

223 778 473 813 interpretationem
501 776 707 804 consideremus
723 796 730 810 ,
760 784 842 812 quam
869 782 898 804 ut
921 777 1005 813 pluri-

224 831 297 852 mum
311 823 397 852 secuti
413 827 476 851 sunt
493 827 619 851 auctores
639 831 721 858 supra
737 823 825 857 citati,
839 824 884 859 qui
901 824 927 851 id
943 831 1003 851 mo-

223 870 298 896 deste
325 872 511 896 asseruerunt.
546 867 659 904 Semper
685 868 788 896 dictum
816 869 920 896 Christi
951 877 1007 904 pra:

223 914 310 942 oculis
340 913 472 941 habentes
497 913 580 941 Marci
613 921 673 946 litt,
698 914 732 941 32
749 923 756 941 :
774 913 812 941 De
824 914 866 942 die
887 915 944 948 illo,
975 924 1006 942 ac

224 965 348 995 tempore,
362 968 436 986 nemo
444 960 524 991 novit,
542 968 622 995 neque
635 959 720 994 angeli
730 959 833 994 quidem
848 961 892 995 qui
904 961 930 987 in
942 961 1005 988 caelo

223 1010 293 1038 sunt,
304 1013 384 1040 neque
396 1005 448 1038 ipse
460 1003 562 1036 Filius;
575 1008 601 1032 et
617 1004 674 1032 Aet.
689 1013 708 1037 ι,
726 1005 757 1031 7:
768 1003 830 1031 Non
841 1010 880 1032 est
893 1010 1006 1032 vestrum

223 1059 297 1078 nosse
311 1056 427 1086 tempora
444 1049 482 1077 vel
499 1054 640 1083 momenta,
656 1058 714 1085 qua:
728 1050 798 1078 Deus
813 1051 899 1085 posuit
913 1052 940 1078 in
957 1060 1006 1079 sua

223 1100 358 1131 potestate.
383 1094 544 1131 Nuperrime
573 1100 662 1123 tamen
681 1095 861 1123 Cunmannus
881 1095 1006 1124 Flinsba-

223 1142 300 1169 chius
334 1140 427 1169 furore
463 1141 625 1169 insanientis
654 1139 872 1168 Lutheranorum
894 1140 1005 1169 haeresis

223 1194 312 1219 actus,
330 1187 423 1214 libello
440 1186 473 1214 de
489 1187 541 1214 hac
566 1193 595 1214 re
619 1186 693 1214 edito
717 1191 832 1214 conatur
848 1187 1003 1220 ostendere,

222 1233 315 1260 Mundi
341 1233 417 1268 hujus
449 1237 552 1260 etatem
577 1240 658 1266 supra
685 1240 730 1260 sea:
751 1233 840 1260 millia
863 1241 1004 1267 annorum,

224 1282 347 1313 tanquam
371 1282 468 1305 certam
491 1282 515 1304 et
539 1278 674 1304 immotam
701 1283 807 1310 metam,
829 1287 908 1313 quam
933 1279 1004 1306 Deus

224 1323 330 1357 mundo,
345 1324 456 1358 sapienti
477 1328 500 1350 et
511 1323 678 1351 inscrutabili
688 1324 797 1352 consilio
811 1325 1003 1358 determinavit,

224 1377 275 1395 non
300 1376 470 1396 cacursuram
494 1377 559 1396 esse.
575 1369 675 1396 Deinde
689 1370 811 1398 ultimum
827 1371 1005 1399 millenart'um

225 1418 336 1446 sextum,
355 1415 381 1440 in
407 1423 457 1450 quo
479 1423 547 1442 nunc
574 1415 693 1448 vivimus,
712 1424 763 1443 non
783 1417 938 1452 completum
959 1417 1004 1445 iri.

227 1461 322 1487 Decem
335 1461 499 1495 conjecturis
522 1461 586 1488 hinc
602 1461 666 1489 inde
682 1461 716 1489 ab
732 1461 855 1497 ejusdem
869 1463 1004 1492 haereseos

224 1506 388 1541 primatibus
417 1506 520 1541 petitis,
543 1510 574 1533 ut
603 1506 655 1534 sibi
676 1506 785 1535 videtur
800 1507 930 1536 ostendit.
949 1508 1001 1536 Sed
1016 1525 1036 1553 ρ

224 1553 315 1579 omnia
344 1552 446 1587 peregit
466 1556 564 1587 prarter
584 1552 637 1581 hoc
657 1561 742 1581 unum
764 1554 816 1581 sibi
832 1556 1001 1590 propositum

225 1598 390 1631 institutum,
400 1598 582 1626 insulsissime
595 1599 680 1632 enim,
689 1603 716 1627 et
727 1600 907 1635 undequaque
922 1601 1004 1628 etiam

225 1644 343 1671 inaniter
369 1645 514 1672 occasione
542 1650 650 1681 arrepta
673 1646 700 1672 in
720 1645 871 1674 Ecclesium
892 1647 1006 1674 catholi-

225 1697 284 1716 cam
302 1694 399 1724 prmter
411 1697 518 1718 omnem
534 1690 645 1718 modum
657 1694 683 1718 et
699 1691 833 1719 rationem
845 1691 1005 1727 impiissime

225 1742 324 1768 spurco
347 1735 532 1771 maledicoque
559 1743 607 1763 ore
635 1736 783 1764 invehitur.
808 1736 958 1765 Commune
978 1737 1006 1765 id

226 1780 363 1812 omnibus,
389 1781 434 1815 qui
463 1781 576 1808 veritate
605 1781 727 1817 neglecta
753 1782 815 1809 aliis
843 1783 1005 1818 copulantur

225 1827 332 1854 vesanis
354 1828 527 1863 opinionibus
556 1833 581 1856 et
605 1829 756 1857 erroribus.
775 1828 869 1864 Itaque
888 1837 949 1857 cum
971 1829 1005 1856 de

227 1882 277 1901 suo
304 1875 370 1902 nihil
400 1875 530 1910 proferat,
546 1876 628 1904 habet
653 1877 679 1905 id
705 1878 787 1905 etiam
804 1877 877 1913 quod
896 1877 1005 1905 aliunde

227 1926 334 1956 arrepta
355 1921 383 1949 in
405 1921 525 1957 pejorem
542 1924 705 1950 sententiam
721 1923 837 1956 deferat,
855 1931 906 1952 nec
924 1932 1004 1951 unam

226 1968 253 1993 in
268 1970 341 1994 tanta
355 1967 575 2003 conjecturarum
599 1968 691 1998 illuvie
712 1978 772 2005 qua:
789 1969 932 1998 discursus
948 1970 1004 1997 lor-

227 2020 308 2044 mam,
325 2013 367 2039 vel
392 2014 635 2048 argumentationis
658 2015 824 2050 praescierat,
842 2015 870 2043 in
885 2015 1003 2043 medium

227 2058 313 2086 all‘ert.
329 2057 393 2093 Ejus
408 2059 580 2094 conjecturas
597 2059 730 2094 refellere,
746 2068 797 2089 nec
814 2061 938 2094 interest,
955 2069 1005 2088 nec

226 2104 277 2132 mei
295 2104 412 2132 instituti
424 2111 483 2132 eSSe
499 2104 589 2137 duco;
607 2106 729 2133 ultimam
744 2110 834 2134 tamen
850 2114 931 2142 quam
947 2107 1006 2142 ipse

226 2150 348 2177 omnium
368 2150 588 2185 conjecturarum
614 2158 747 2178 summam
774 2152 902 2187 appellat,
925 2152 1006 2179 attin-

1060 233 1086 256 et
1110 231 1220 255 tractat.
1249 227 1288 255 De
1303 227 1430 255 Subbalo.
1460 227 1528 263 Ejus
1562 227 1744 262 conjecturas
1770 225 1849 252 aﬂert

1060 273 1147 301 Rabbi
1171 273 1248 301 Isaac
1272 273 1300 300 in
1320 277 1402 308 caput
1415 273 1513 300 Genes.
1529 273 1650 301 secundo
1666 279 1702 299 ex
1720 270 1794 298 locis
1809 269 1849 297 di-

1058 320 1129 346 vina:
1144 317 1303 352 Scriptum.
1332 316 1425 345 Tertio
1450 317 1548 344 mirum
1572 320 1615 345 est
1636 318 1780 344 secretum
1799 314 1849 341 hoc

1059 364 1092 390 de
1113 362 1252 390 mundana
1270 361 1415 389 duratione
1428 361 1502 389 omni
1521 361 1624 389 nationi
1639 359 1847 390 absconditum,

1057 408 1141 435 etiam
1163 407 1277 443 angelis,
1295 411 1323 435 et
1346 405 1417 434 Filio
1438 406 1569 439 hominis,
1585 407 1657 442 quod
1674 414 1710 434 ex
1734 409 1847 434 senten-

1057 454 1093 480 tia
1106 451 1218 480 Patrum
1241 456 1268 479 et
1282 452 1453 488 expositione
1467 452 1672 488 intelligendum
1689 455 1746 483 est,
1761 450 1847 478 fuisse

1056 499 1204 527 revelatum
1231 498 1306 531 Elim,
1322 503 1349 526 et
1377 499 1412 526 ab
1433 506 1466 526 eo
1483 499 1533 526 toti
1551 499 1672 526 humano
1691 497 1803 534 generi,
1819 501 1846 524 et.

1057 550 1147 574 tamen
1172 547 1315 583 ignorasse
1344 546 1496 582 apostolos.
1515 545 1618 579 Quarto
1633 554 1666 574 ex
1688 546 1846 581 Augustino

1056 593 1084 621 in
1097 593 1269 621 enarratione
1281 593 1379 629 psalm.
1387 600 1486 620 Lxutx
1494 601 1501 619 :
1509 593 1575 620 Ausi
1580 598 1639 620 sunt
1648 593 1770 619 homines
1779 600 1846 627 prc-

1056 648 1157 667 sumere
1173 639 1310 667 scientiam
1336 643 1488 673 temporum,
1503 638 1572 674 quod
1593 639 1659 666 seire
1679 638 1845 673 cupientibus

1055 685 1191 721 discipulis
1206 685 1332 712 Dominus
1349 686 1386 711 ait
1399 694 1408 713 :
1423 693 1432 710 ε
1448 685 1507 711 Non
1520 689 1560 711 est
1570 690 1684 712 vestrum
1699 685 1843 711 seintent-

1055 738 1132 765 pora,
1146 739 1204 766 quis
1215 731 1296 758 Pater
1311 731 1398 764 posuit
1413 731 1438 757 in
1455 738 1504 757 sua
1517 734 1656 765 potestate,
1670 740 1680 756 ι
1692 734 1719 757 et
1733 729 1845 764 delinie-

1055 782 1116 804 runt
1139 776 1188 803 hoc
1209 777 1336 804 saeuiunt
1365 783 1411 803 sea:
1425 783 1555 802 annorum
1572 775 1701 808 millibus,
1717 780 1844 809 (“quam

1054 829 1100 849 sea:
1113 822 1202 849 diebus
1212 830 1286 856 posse
1295 821 1440 856 ﬁniri;ttec
1462 821 1628 848 attenderunt
1650 819 1722 855 quod
1742 819 1843 847 dictum

1055 873 1105 901 est,
1130 873 1255 904 tanquam
1277 868 1332 895 dies
1356 875 1435 899 unus,
1455 868 1500 902 qui
1527 867 1653 900 prasteriit
1669 874 1678 893 .'
1692 875 1747 893 non
1771 867 1842 893 enim

1055 914 1159 950 quando
1175 913 1222 940 hoc
1236 914 1336 940 dictum
1355 917 1394 940 est
1415 912 1466 940 soli
1479 912 1551 940 mille
1572 913 1634 939 anni
1645 913 1843 947 praeterierunt;

1055 959 1162 995 etquod
1181 968 1224 987 eos
1243 960 1356 986 maxime
1376 958 1464 986 debuit
1481 958 1630 990 admonere,
1648 966 1679 985 ne
1694 963 1841 991 temporum

1056 1006 1207 1033 luderentur
1231 1007 1339 1036 incerto,
1353 1005 1419 1031 illud
1437 1009 1488 1036 est,
1502 1005 1570 1031 sicut
1593 1004 1683 1039 uigilia
1704 1004 1732 1030 in
1753 1010 1842 1033 nocte;

1056 1059 1135 1086 neque
1157 1051 1226 1078 enim
1245 1051 1276 1078 de
1288 1058 1333 1078 sea:
1347 1049 1438 1077 diebus
1454 1049 1553 1084 aliquid
1570 1049 1711 1076 verisimile
1721 1049 1844 1076 videntur

1055 1097 1156 1131 opinati
1165 1101 1270 1131 propter
1284 1103 1330 1123 sea:
1344 1095 1399 1121 dies
1411 1095 1521 1129 primos,
1535 1094 1629 1129 quibus
1644 1093 1716 1121 Deus
1731 1093 1842 1128 perfecit

1055 1150 1133 1177 opera
1163 1150 1223 1175 sua,
1239 1142 1277 1169 sic
1291 1142 1371 1168 etiam
1387 1148 1433 1168 sex
1449 1140 1562 1176 vigilias,
1583 1139 1609 1166 id
1629 1144 1681 1171 est,
1701 1139 1782 1167 Itoras
1797 1140 1843 1167 dc-

1055 1195 1110 1214 cem
1129 1191 1154 1214 et
1177 1192 1234 1214 octo
1255 1193 1368 1220 possunt
1393 1185 1435 1213 illi
1458 1185 1605 1220 opinatiam‘
1623 1191 1761 1219 cooptare.
1776 1185 1843 1213 Vide

1055 1232 1117 1260 item
1132 1232 1305 1261 Ambrosium
1321 1233 1369 1260 lib.
1390 1240 1428 1259 vn
1448 1232 1554 1259 Comm.
1569 1233 1596 1258 in
1614 1231 1716 1260 Lucam
1732 1232 1762 1260 in
1775 1232 1843 1259 illud

1056 1279 1184 1309 Matthati,
1202 1287 1269 1310 xv“,
1284 1279 1312 1311 2,
1325 1278 1390 1306 Post
1403 1279 1457 1306 dies
1472 1286 1517 1305 se:
1532 1279 1740 1313 transﬁguratus
1757 1284 1807 1304 est.

1088 1324 1169 1357 lbid.,
1185 1325 1235 1353 lin.
1251 1324 1296 1351 44.
1321 1324 1382 1350 Ἐπὶ
1403 1323 1437 1350 δὲ
1455 1323 1512 1357 τὴν
1529 1323 1593 1350 τοῦ.
1609 1323 1842 1359 Chronographo-

1055 1378 1115 1398 rum
1129 1371 1163 1398 de
1177 1370 1229 1398 hac
1251 1379 1279 1398 re
1304 1375 1331 1398 et
1352 1377 1423 1396 anno
1448 1369 1598 1396 nativitatis
1624 1368 1729 1396 Christi
1759 1371 1844 1396 varia:

1055 1416 1164 1444 fuerunt
1177 1417 1328 1449 sententite,
1344 1423 1460 1451 quarunt
1471 1415 1616 1442 nonnullas
1630 1415 1659 1441 in
1678 1421 1728 1442 sua
1739 1414 1843 1441 Biblio-

1055 1463 1127 1490 theca
1141 1463 1232 1490 retulLt
1245 1462 1338 1490 Sixtus
1352 1461 1489 1489 Senensis.
1498 1454 1553 1489 Nos
1568 1462 1632 1488 item
1645 1460 1679 1488 ad
1697 1461 1841 1488 illustran-

1054 1510 1117 1537 dum
1138 1509 1210 1536 hunc
1227 1509 1315 1537 locum
1337 1509 1442 1544 aliquas
1456 1508 1645 1543 subjiciemus.
1658 1507 1725 1541 Qua
1749 1512 1842 1535 autem

1058 1554 1092 1582 de
1115 1555 1165 1581 hac
1186 1562 1216 1581 re
1238 1555 1273 1582 sit
1287 1558 1380 1581 nostra
1401 1555 1536 1581 sententia
1558 1554 1585 1581 in
1605 1553 1639 1580 iis
1657 1561 1719 1588 quze
1739 1554 1775 1581 de
1790 1554 1843 1580 line

1058 1605 1208 1635 temporum
1224 1600 1278 1635 jam
1294 1607 1432 1635 paramus,
1458 1599 1609 1627 luculenter
1629 1599 1840 1634 explicabimus.

1058 1647 1209 1674 Abraamus
1241 1645 1426 1673 Bucholcerus
1454 1645 1481 1672 in
1513 1645 1622 1681 lsagoge
1648 1645 1842 1678 chronologica

1058 1694 1135 1729 ponit
1154 1699 1239 1720 annOs
1258 1692 1343 1725 5970;
1359 1699 1420 1719 cum
1442 1692 1514 1719 enim
1529 1699 1663 1719 annorum
1679 1692 1777 1719 mundi
1797 1699 1841 1720 se-

1059 1738 1125 1765 riem
1150 1738 1177 1764 in
1201 1737 1253 1764 tria
1278 1737 1393 1772 partitus
1409 1736 1505 1764 {uisset
1519 1740 1671 1771 temporum
1697 1737 1799 1771 spatia,
1815 1737 1842 1764 in

1058 1783 1146 1819 primo
1171 1783 1295 1811 videlicet
1322 1790 1336 1810 a
1361 1783 1499 1810 creatione
1527 1783 1621 1809 mundi
1649 1782 1682 1809 ad
1710 1784 1842 1817 templum

1059 1829 1213 1856 Salomonis
1241 1832 1382 1856 enumerat
1407 1836 1493 1856 annos
1513 1828 1602 1861 2954;
1634 1829 1661 1855 in
1682 1829 1806 1856 secundo
1828 1838 1844 1855 a

1058 1876 1167 1913 condito
1193 1875 1292 1910 templo
1317 1875 1350 1902 ad
1366 1875 1426 1910 ejus
1444 1874 1650 1908 desolationem,
1665 1878 1693 1901 et
1720 1874 1786 1902 inde
1808 1875 1844 1902 ad

1058 1921 1223 1957 captivitatis
1238 1920 1408 1956 Babylonica:
1431 1921 1513 1948 tinem
1527 1928 1614 1948 annos
1636 1920 1684 1948 501
1698 1929 1707 1953 ;
1720 1921 1750 1948 in
1763 1922 1845 1948 tertio

1058 1976 1074 1995 a
1097 1968 1149 1995 line
1172 1967 1339 2002 captivitatis
1355 1967 1526 2002 Babylonica:
1542 1967 1574 1993 ad
1590 1971 1684 1994 natum
1701 1966 1844 1995 Christum

1058 2014 1120 2046 537,
1135 2014 1182 2049 qui
1197 2021 1302 2046 omnes,
1320 2013 1343 2041 si
1358 2013 1438 2041 simul
1449 2018 1602 2045 sumantur,
1611 2014 1853 2050 constituuntnuo.

1059 2067 1163 2088 merum
1178 2054 1346 2087 5970.Hisce
1360 2063 1450 2087 autem
1465 2059 1554 2086 tribus
1565 2058 1751 2086 Eusebianam
1763 2060 1845 2087 chro-

1059 2106 1205 2141 nologiam,
1221 2109 1247 2132 et
1261 2105 1375 2132 aliorum
1388 2104 1525 2140 praecipue
1539 2104 1710 2137 Graecorum,
1724 2105 1773 2140 qui
1790 2113 1844 2133 nu-

1059 2159 1194 2180 merose:
1204 2150 1380 2187 Septuaginta
1394 2151 1509 2178 mutuati
1525 2155 1600 2183 sunt,
1611 2158 1672 2178 cum
1685 2158 1738 2178 sua
1752 2153 1846 2179 concio

226 2203 296 2230 gam,
307 2199 336 2222 ut
349 2202 383 2223 ex
394 2195 445 2223 hac
459 2196 544 2224 lector
563 2200 590 2224 et
604 2197 723 2232 reliquas
732 2197 894 2232 dignoscere
904 2199 1002 2226 valeat.
1020 2201 1044 2231 ο
1056 2196 1208 2232 liat,primo
1220 2197 1389 2224 correctione
1398 2204 1573 2224 numerorum
1584 2197 1721 2225 versionis
1729 2197 1843 2230 (ἔνι-εστ,

226 2242 287 2270 Jam
297 2242 428 2269 eoranidis
440 2242 492 2270 vice
508 2242 677 2277 subjiciemus
694 2244 824 2279 egregium
833 2243 900 2270 illud
908 2243 1007 2271 dictum

227 2287 294 2315 Elite
311 2288 541 2324 prophetw,quod,
556 2291 605 2316 etsi
619 2288 646 2316 in
655 2288 758 2324 lBibliis
772 2297 901 2325 nusquam
913 2294 1007 2322 exstet,

226 2334 382 2370 tamenquia
395 2336 555 2370 reliquarum
562 2335 678 2362 omnium
686 2335 895 2369 conjecturarum
905 2342 1009 2362 Iuturna

225 2385 275 2413 est,
282 2387 306 2407 et
314 2380 391 2415 quasi
402 2381 552 2414 explicatio,
562 2379 680 2407 omnibus
689 2380 853 2408 notissimum
860 2388 915 2407 esse
922 2379 1006 2412 debet,

229 2431 254 2453 et
268 2427 382 2453 maxime
399 2425 547 2460 faciendum
558 2431 606 2453 est.
614 2424 755 2453 Sexmillia
763 2434 891 2453 annorum
906 2427 1006 2457 mundi,

225 2478 248 2499 et
263 2477 351 2506 postea
366 2472 518 2504 destructio,
532 2471 584 2500 duo
596 2471 682 2498 millia
692 2472 778 2502 inane,
791 2471 843 2498 duo
855 2471 940 2498 millia
955 2471 1007 2503 (ex,

224 2516 276 2542 duo
285 2517 366 2543 millia
377 2516 508 2549 Christus,
519 2517 578 2544 etsi
590 2516 692 2552 quidem
701 2515 742 2543 his
752 2515 842 2547 deerit,
851 2516 934 2543 deerit
948 2524 1008 2550 pro-

224 2567 281 2597 pter
294 2568 399 2596 peccata
413 2567 506 2591 nostra
519 2571 576 2598 qua:
589 2571 682 2598 magna
698 2568 721 2590 et
736 2563 873 2589 innumera
885 2567 956 2590 sunt.
969 2563 1007 2590 En

226 2607 379 2636 Cunmanni
410 2608 581 2641 coronidem,
599 2616 633 2636 en
650 2607 724 2635 dicta
751 2607 869 2643 egregia,
886 2615 919 2635 en
944 2616 1008 2644 pro-

228 2654 334 2687 phetam
349 2659 426 2682 extra
446 2652 616 2688 Scripturas,
630 2661 664 2681 en
677 2660 822 2686 summam,
839 2661 872 2680 en
880 2654 1004 2688 explica-

227 2699 339 2732 tionem,
359 2708 419 2735 quaa
433 2701 527 2735 quanti
548 2699 672 2727 facienda
690 2700 726 2727 sit
740 2699 901 2727 videbimus.
915 2698 1009 2727 Primo

229 2742 326 2770 falsum
339 2750 381 2771 est
391 2744 494 2772 dictum
511 2745 576 2773 illud
591 2752 652 2772 esse
662 2744 728 2771 Elia:
739 2743 877 2772 Thesbitae
889 2743 1006 2778 prophe-

228 2791 273 2819 tae.
286 2796 348 2815 cum
368 2790 403 2817 sit
418 2791 559 2825 cujusdam
578 2791 643 2818 Elite
665 2791 771 2818 rabbini
787 2789 942 2817 Judtcorum
960 2797 1007 2816 ca-

231 2834 347 2862 balistici
361 2840 544 2863 commentum
555 2836 582 2863 in
593 2835 749 2869 Thalmud.,
767 2840 838 2862 tract
852 2835 1005 2869 Sauedrim,

1058 2243 1156 2271 Cenes.
1183 2251 1199 2270 ν
1223 2247 1250 2269 et
1272 2249 1319 2275 x1;
1337 2242 1458 2270 secundo
1480 2242 1629 2270 omissione
1658 2243 1787 2271 decennii
1816 2244 1843 2271 in

1058 2296 1141 2324 regno
1164 2288 1278 2315 Ammon
1301 2287 1333 2315 ιν
1356 2288 1458 2323 Regum
1482 2295 1537 2321 an;
1560 2289 1642 2316 tertio
1659 2289 1843 2324 applicatione

1058 2334 1122 2361 anui
1134 2334 1222 2361 ultimi
1231 2333 1396 2370 captivitatis
1406 2333 1576 2369 Babylonica“.
1586 2334 1620 2361 ad
1631 2338 1758 2370 tempora
1769 2335 1842 2371 Cyri.

1057 2379 1234 2407 Cunmannus
1246 2379 1440 2408 Flinsbachius
1458 2379 1485 2407 in
1500 2380 1684 2415 chronologite
1697 2380 1844 2408 conﬁrma-

1057 2425 1131 2452 tione
1160 2430 1301 2452 enumerat
1321 2432 1408 2453 annos
1426 2424 1507 2457 5962,
1522 2425 1649 2452 videlicet
1669 2432 1686 2452 a
1703 2427 1845 2454 creatione

1058 2469 1151 2497 mundi
1170 2470 1203 2497 ad
1220 2469 1351 2498 diluvium
1376 2470 1481 2503 4656,a
1503 2470 1608 2498 diluvio
1621 2471 1656 2498 ad
1670 2472 1844 2499 vocationem

1057 2517 1174 2544 Abrahae
1196 2517 1258 2549 567,
1287 2524 1301 2542 a
1328 2518 1471 2544 vocatione
1500 2517 1616 2544 Abrahtz
1635 2517 1669 2544 ad
1691 2517 1799 2544 exitum
1812 2516 1846 2545 de

1059 2560 1175 2597 Egypto
1189 2561 1252 2593 £30,
1268 2561 1303 2588 ab
1315 2562 1390 2589 exitu
1410 2562 1444 2589 de
1459 2561 1576 2597 Egypto
1594 2561 1629 2589 ad
1649 2561 1783 2590 Davldetu
1802 2569 1847 2589 ro—

1058 2617 1118 2644 gem
1140 2607 1203 2641 ὅτι.
1226 2617 1241 2636 a
1258 2608 1359 2637 Davide
1383 2609 1418 2636 ad
1442 2610 1628 2644 captivitatem
1650 2609 1847 2644 Babylonicam

1058 2655 1119 2683 50!.
1135 2655 1285 2690 Captivitas
1306 2654 1469 2691 Babylonica
1484 2655 1531 2687 70;
1549 2663 1564 2683 a
1578 2655 1740 2690 captivitate
1761 2655 1849 2691 Baby-

1057 2701 1147 2728 Ionica
1161 2708 1247 2736 usque
1262 2700 1295 2728 ad
1311 2700 1451 2728 Christum
1466 2704 1561 2728 natum
1575 2700 1638 2733 501,
1653 2708 1753 2728 omnes
1768 2701 1850 2729 simul

1057 2744 1137 2773 5962.
1153 2744 1271 2774 Joannes
1286 2745 1425 2774 Funceius
1447 2745 1475 2772 in
1492 2753 1541 2773 sua
1557 2745 1747 2781 Chronologia
1768 2746 1849 2779 3965,

1057 2790 1182 2818 videlicet
1202 2798 1217 2817 a
1241 2791 1380 2819 creatione
1406 2791 1500 2818 mundi
1530 2799 1619 2826 usque
1640 2791 1676 2818 ad
1700 2791 1849 2820 Persarum

1056 2835 1241 2864 monarchiam
1249 2836 1329 2870 5406,
1338 2844 1352 2864 a
1361 2836 1504 2865 Persarum
1516 2838 1677 2866 monarehia
1689 2838 1724 2867 ad
1738 2845 1851 2874 regnum
