1897 3073
65 129 141 158 1009

577 128 611 156 IN
630 118 817 156 eusrtrnu
837 127 1073 156 HEXAEMERON
1094 126 1207 155 nom.

1625 124 1694 152 1010

64 185 230 213 Graecorum
258 189 321 221 post
346 184 494 211 Alexandri
517 190 630 213 mortem
657 185 720 218 254,
742 194 758 212 a
781 193 862 222 regno
877 188 898 216 Α
913 189 1045 219 quuntur.
1062 183 1149 211 Rabbi
1168 182 1292 210 Nahsson
1316 183 1343 209 in
1358 182 1406 210 lib.
1423 181 1460 209 De
1480 181 1552 216 θείοιο
1568 180 1694 208 Paschalr

61 229 227 258 Graecorum
252 237 339 264 usque
364 229 398 256 ad
414 228 599 257 Romanorum
621 231 807 258 monarchiam
829 234 855 256 et

61 276 173 304 Christi
197 275 370 303 nativitatem
385 275 437 303 522
454 284 461 303 :
476 279 542 303 sunt
566 276 630 304 anni
660 283 756 304 omncs
774 277 855 305 simul

61 322 150 350 5965.
166 321 245 349 Ubbo
269 321 394 349 Emmius
405 321 510 349 Frisius
528 321 556 349 in
577 322 753 358 chronologia
766 327 792 350 et
811 331 856 350 ca-

62 368 151 396 nonis
173 367 298 395 chronici
315 367 477 403 compendio
493 367 654 395 brevissimo
681 372 709 396 et
729 369 854 403 pleniori,

63 421 158 442 annos
169 413 251 445 5950,
265 413 370 441 scilicet
385 421 400 440 a
412 414 551 441 creatione
564 414 658 441 mundi
676 414 709 442 ad
723 415 854 442 diluvium

62 468 159 488 annos
169 460 249 492 1657,
262 460 296 488 ad
308 460 477 488 vocationem
491 460 605 489 Abrahae
614 461 696 494 2024,
707 461 741 489 ad
752 462 854 489 exitum

61 514 101 535 ex
118 506 238 542 Egypto
251 506 333 539 2455,
345 506 379 534 ad
395 506 524 542 templum
539 506 692 535 Salomonis
714 507 854 536 conditum

61 550 151 584 2952,
177 551 211 579 ad
237 552 368 587 templum
385 551 504 579 deletum
519 552 599 585 5560,
612 552 647 580 ad
664 553 793 588 templum
812 552 854 580 in-

62 600 224 624 stauratum
240 597 320 629 5551,
336 597 368 624 ad
385 597 525 625 Christum
542 598 570 626 in
583 602 657 625 terra
669 601 764 625 natum
773 598 852 626 5950.

59 641 189 671 Joannes
203 643 352 672 Boulaesius
365 643 446 675 5960.
460 644 544 680 idque
557 644 659 680 triplici
677 645 721 672 via
741 643 854 672 demon-

61 691 147 716 strat.
161 689 253 718 Prima
268 690 398 718 saeculum
422 690 541 719 ethnicis
557 691 680 726 ignotum
696 695 761 719 ante
779 691 854 719 dilu-

61 734 142 762 vium
158 734 238 767 1657.
259 742 372 764 aureum
388 735 519 764 saeculum
537 735 600 767 249.
613 742 769 773 argenteum
789 737 851 771 450,

59 787 173 808 aeneum
196 779 264 814 448,
289 784 431 809 stanneum
450 781 513 812 427.
537 780 654 809 ferreum
678 781 741 814 240,
765 783 852 817 plum-

61 825 149 853 beum
163 832 227 852 cum
243 825 383 853 additione
396 825 441 860 40,
454 825 517 858 5l0,
529 830 556 854 et
575 826 627 855 hoc
643 827 724 855 modo
738 835 852 854 consur-

59 875 135 906 gunt
157 871 194 899 ab
209 871 276 899 orbe
289 872 401 900 condito
419 858 453 899 ad
469 871 574 900 Christi
587 872 757 900 nativitatem
773 873 853 901 5960.
869 858 890 887 Β

61 915 209 950 Secunda,
220 917 255 944 ab
270 917 349 944 initio
362 917 455 946 muli
469 917 503 946 ad
518 917 650 946 diluvium
664 917 742 951 1656,
756 925 772 945 a
785 918 856 945 dilu-

62 963 114 990 vio
133 962 167 990 ad
181 961 280 990 Ninum
297 963 475 991 monarcham
483 963 547 996 249,
562 970 577 990 a
591 962 661 991 Nino
671 963 705 990 ad
720 963 856 991 Sardana-

61 1007 124 1043 pali
150 1007 232 1035 tinem
256 1007 337 1040 1254,
353 1008 388 1035 ab
413 1007 519 1036 Arbace
539 1007 573 1036 ad
586 1007 769 1036 Alexandrum
796 1007 854 1035 Ma-

59 1059 150 1089 gnum
173 1053 237 1086 495,
252 1053 285 1080 ab
296 1052 452 1081 Alexandro
465 1052 562 1089 Magno
576 1052 610 1080 ad
624 1053 704 1080 linem
715 1053 791 1088 regni
805 1052 856 1089 Sy-

59 1097 114 1125 ria
132 1097 197 1130 255,
210 1105 226 1125 a
253 1097 332 1133 Syria
364 1105 490 1133 possessa
512 1105 560 1133 per
573 1097 712 1127 Romanos
727 1098 760 1125 ad
776 1098 855 1126 Chri-

60 1147 140 1172 stum
163 1147 258 1171 natum
277 1144 323 1176 91,
340 1148 368 1171 et
391 1145 432 1172 sic
447 1144 511 1172 item
526 1148 607 1171 erunt
623 1143 703 1172 5960.
721 1143 823 1176 Tertia,
839 1152 854 1171 a

59 1189 206 1217 creatione
234 1189 328 1217 mundi
357 1189 391 1217 ad
416 1189 549 1218 diluvium
573 1189 680 1223 1656,a
700 1190 802 1218 diluvio
821 1190 854 1218 ad

59 1235 230 1270 completam
255 1235 289 1262 15
309 1235 462 1271 dynastiam
484 1235 549 1268 292,
578 1237 606 1264 in
622 1236 656 1263 16
682 1240 708 1264 et
726 1237 759 1263 17
771 1237 854 1272 dyna-

61 1280 119 1309 stia
135 1280 208 1312 295.
228 1281 255 1308 in
271 1281 304 1309 18
326 1282 435 1317 dynast.
460 1281 529 1313 548,
556 1282 583 1308 in
599 1295 602 1298 -
617 1282 649 1309 19
670 1282 779 1318 dynast.
794 1283 853 1314 I94,

61 1326 92 1354 in
120 1328 300 1362 sequentibus
317 1335 364 1355 sex
378 1328 512 1363 dynastiis
527 1328 589 1360 489,
607 1336 623 1355 a
635 1328 670 1355 26
694 1328 803 1365 dynast.
820 1329 854 1356 ad

58 1373 172 1400 obitum
191 1374 337 1401 Alexandri
352 1373 415 1407 569,
431 1381 446 1401 a
459 1378 546 1402 morte
560 1374 707 1402 Alexandri
723 1374 756 1401 ad
772 1373 853 1401 Chri-

60 1422 139 1448 stum
154 1419 217 1452 5l9,
231 1422 258 1446 et
273 1420 313 1448 sic
339 1419 403 1447 item
424 1420 569 1447 constituit
585 1420 619 1447 ab
630 1419 742 1448 exordio
760 1419 853 1447 mundi

60 1461 99 1490 ad
114 1462 255 1491 Christum
278 1462 367 1492 5960.‘
380 1463 521 1493 Gilbertus
545 1465 749 1494 Genebrardus.
766 1465 812 1492 lib.
833 1474 852 1496 ι,

60 1512 90 1535 et
108 1508 137 1536 in
154 1507 208 1537 ﬁne
224 1509 272 1537 lib.
290 1517 320 1542 ιι,
343 1509 424 1541 4090,
437 1510 471 1538 ab
486 1510 552 1539 orbe
567 1511 672 1539 scilicet
687 1511 798 1539 condito
816 1511 849 1538 ad

59 1554 219 1582 eluvionem
228 1555 303 1588 1656,
311 1555 369 1584 dics
379 1564 440 1588 sex;
451 1556 485 1584 ab
492 1557 615 1585 eluvione
627 1558 661 1586 ad
672 1563 760 1586 ortum
769 1559 855 1587 Abra-

59 1599 139 1627 hami
167 1599 230 1634 295,
246 1601 305 1630 dies
332 1601 380 1635 10;
406 1602 440 1629 ab
456 1602 600 1630 Abrahami
624 1607 698 1636 ortu,
711 1603 744 1631 ad
758 1609 853 1639 egres-

60 1645 173 1673 sionem
186 1645 371 1674 lsraelitarurn
383 1655 417 1675 ex
433 1647 552 1682 Egypto
565 1648 627 1680 720.
641 1648 676 1676 ab
687 1656 802 1684 egressu
819 1648 854 1676 ad

56 1689 139 1726 jacta
156 1692 250 1726 templi
266 1692 444 1720 fundamenta
457 1693 520 1726 480,
530 1701 545 1721 a
559 1693 744 1722 fundamentis
758 1694 851 1729 templi

60 1735 98 1763 ad
110 1735 295 1771 captivitatem
304 1736 495 1773 Babylonicam
504 1739 567 1770 419,
580 1747 687 1767 menses
699 1739 725 1772 6,
736 1747 750 1766 a
765 1740 853 1776 Baby-

59 1781 158 1809 lonica
177 1783 334 1817 captivitate
349 1784 383 1811 ad
399 1784 539 1812 Christum
559 1788 652 1812 natum
669 1785 732 1812 520.
749 1784 850 1813 Omnes

62 1831 135 1854 sunt
162 1827 241 1856 4089.
254 1828 283 1856 Si
309 1829 393 1858 addas
407 1829 465 1858 dies
481 1834 508 1857 et
522 1837 640 1863 menses,
658 1830 711 1857 erit
725 1830 853 1859 nativitas

58 1871 170 1900 Christi
192 1879 264 1900 anno
283 1873 364 1901 4090.
381 1873 500 1902 Joannes
512 1873 645 1910 Georgius
661 1874 810 1903 Hervartus
824 1874 851 1902 in

59 1926 117 1947 sua
143 1926 224 1952 nova,
239 1924 267 1948 et
281 1921 315 1948 ad
329 1920 466 1948 calculum
490 1921 703 1949 astronomicum
718 1924 852 1949 revocata;

59 1964 251 2001 chronologia:
278 1973 340 2001 cap.
368 1967 386 1993 5
407 1971 434 1993 et
459 1965 522 2000 264,
543 1969 639 1994 exacto
665 1973 735 1994 anno
758 1966 851 1994 mundi

58 2010 138 2039 5955
158 2010 375 2040 lncarnationem
411 2011 518 2040 Domini
548 2012 636 2040 nostri
658 2011 723 2040 Jesu
748 2012 851 2040 Christi

59 2057 154 2092 ponit,
168 2057 242 2092 quod
255 2065 290 2085 ne
313 2057 417 2093 absque
435 2058 541 2086 ratione
559 2065 682 2086 asserere
700 2057 849 2090 videretur,

59 2103 209 2131 sententia:
237 2111 294 2131 suze
319 2102 496 2131 fundamenta
527 2103 608 2138 jecit.
628 2107 655 2131 et
678 2104 705 2130 in
730 2103 849 2132 medium

60 2149 169 2176 attulit.
189 2148 320 2176 Numerat
334 2149 405 2176 enim
420 2152 480 2176 cum
497 2148 557 2176 aliis
574 2157 606 2176 ex
622 2149 783 2177 auctoritate
800 2149 850 2176 He-

906 231 987 263 5740,
1003 230 1089 258 Rabbi
1105 229 1169 258 Levi
1189 229 1216 256 in
1233 237 1273 257 xu
1288 229 1406 256 Danielis
1422 228 1502 261 578i,
1522 227 1607 256 Rabbi
1638 227 1695 255 Mo-

906 284 950 305 ses
962 276 1149 305 Gerundensls
1161 275 1244 306 4058.
1257 274 1365 302 mem
1380 275 1405 302 5.
1418 274 1450 301 Et
1464 274 1560 302 horum
1583 276 1694 300 senten-

905 322 959 353 tiae,
973 322 1013 350 uti
1028 322 1120 350 videre
1134 326 1186 354 est,
1204 320 1330 356 quamvis
1358 320 1451 352 variae,
1468 326 1518 347 nec
1541 319 1692 346 uniformes

905 368 1042 400 videntur,
1068 370 1160 393 tamen
1189 372 1333 393 numerum
1361 364 1449 399 quinti
1468 363 1613 392 millenarii
1636 371 1691 390 non

905 413 1051 442 excedunt.
1075 412 1167 439 Altera
1192 415 1234 439 est
1261 418 1367 442 eorum,
1385 411 1432 445 qui
1459 417 1540 445 supra
1565 409 1691 445 quintum

904 459 1088 487 millenarium
1115 458 1219 485 addunt
1247 457 1347 485 multos
1374 463 1472 488 annos,
1488 463 1575 491 neque
1601 459 1691 482 tamen

904 506 1092 534 consentiunt.
1108 504 1279 539 Augustinus
1293 506 1421 530 numerat
1437 510 1523 529 annos
1537 501 1603 529 5551
1619 511 1626 535 ;
1643 501 1694 530 lsi-

904 550 989 578 dorus
1008 558 1026 576 ν
1049 549 1217 584 'Etymolog..
1244 547 1324 576 5210.
1352 545 1466 574 Orosius
1492 546 1570 579 5l90,
1596 546 1692 574 Απου-

903 604 952 624 sus
966 595 1047 626 5984.
1065 594 1199 622 Eusebius
1212 593 1283 621 idem
1303 593 1385 620 sentit
1401 600 1462 620 cum
1477 592 1587 624 Orosio,
1603 591 1693 620 Theo-

903 641 994 676 philus
1018 640 1207 668 Antiochenus
1233 638 1267 666 ad
1290 638 1447 673 Autolycum
1472 636 1551 664 5476.
1585 636 1692 665 Nicetas

904 687 950 714 lib.
965 694 971 713 l
993 685 1097 713 Πέδιον.
1112 692 1173 720 cap.
1196 685 1246 717 10,
1259 683 1345 717 5505;
1359 683 1500 710 Cedrenus
1512 682 1593 715 5506,
1606 682 1692 710 Graeci

903 731 983 767 vulgo
996 731 1066 759 5508
1080 730 1146 759 utin
1156 729 1239 757 Sexta
1255 728 1359 765 synodo
1375 735 1436 764 cap.
1451 729 1479 756 5.
1494 728 1523 755 lu
1539 727 1692 763 Horologio.

902 781 929 805 et
945 777 1017 812 cyclo
1039 776 1165 803 Paschali
1190 774 1357 804 Nicodemus
1379 775 1414 803 de
1438 775 1642 803 resurrectione
1666 778 1693 802 et

903 823 1031 858 passione
1055 821 1161 849 Domini
1184 829 1249 850 ann.
1276 820 1357 855 5500,
1384 821 1437 848 hoc
1458 823 1501 848 est
1520 827 1534 846 a
1553 821 1694 848 creatione

904 867 970 895 Adae
993 866 1027 894 ad
1055 867 1186 894 diluvium
1212 865 1293 898 22l2,
1306 873 1320 893 a
1335 865 1438 893 diluvio
1456 873 1542 901 usque
1555 866 1589 894 ad
1605 866 1693 894 Abra-

906 912 968 940 ham
983 912 1046 945 912,
1066 913 1102 940 ab
1115 912 1252 939 Abraham
1267 912 1301 939 ad
1316 911 1435 947 Moysem
1449 912 1511 945 450,
1525 919 1539 939 a
1553 912 1644 948 Moyse
1658 913 1691 940 ad

905 957 990 986 David
1015 965 1107 993 regem
1129 957 1190 990 5l0,
1204 965 1218 984 a
1247 956 1349 985 Davide
1369 957 1402 985 ad
1425 958 1691 993 transmigrationem

905 1003 1052 1040 Babylonis
1067 1004 1130 1037 500,
1147 1012 1163 1031 a
1181 1004 1432 1039 transmigratione,
1450 1011 1536 1039 usque
1553 1004 1585 1031 ad
1602 1005 1694 1032 incar-

904 1051 1041 1078 nationem
1055 1050 1157 1078 Christi
1176 1049 1244 1081 500;
1259 1050 1304 1084 qui
1321 1057 1415 1077 omnes
1429 1054 1491 1077 sunt
1506 1050 1585 1078 5500.
1608 1049 1692 1077 Claro-

906 1096 982 1123 m‘con
1003 1095 1214 1123 Alexandrinum
1240 1095 1330 1127 5507,
1352 1094 1522 1131 Nicephorus
1537 1096 1692 1131 patriarcha

904 1141 1221 1177 Constantinopolitanus
1236 1141 1315 1170 5500.
1336 1142 1411 1175 Quos
1429 1142 1466 1170 ita
1491 1142 1691 1178 colligitzzuv~

905 1188 1015 1223 άγονται
1041 1188 1076 1215 τὰ
1096 1188 1143 1223 ἔτη
1164 1187 1250 1219 οὕτως
1278 1188 1316 1220 ὡς
1336 1188 1514 1215 ὑποτέτακται
1531 1188 1583 1214 ἀπὸ
1606 1187 1692 1224 ’Δδὰμ

904 1233 957 1265 ἓως
979 1233 1026 1259 τοῦ
1051 1233 1245 1268 κατακλυσμοῦ
1263 1233 1360 1268 ,βα-μβ,
1378 1233 1431 1259 ἀπὺ
1450 1233 1478 1260 δὲ
1495 1233 1542 1260 τοῦ
1558 1233 1692 1260 κατακλυ-

906 1279 974 1315 σμοῦ
991 1279 1043 1311 ἓως
1059 1278 1163 1315 πύργου
1178 1279 1292 1315 Νευρὼο
1316 1279 1363 1314 ἔτη
1386 1279 1459 1313 φκέ·
1475 1279 1528 1306 ἀπὸ
1540 1279 1569 1306 δὲ
1585 1279 1690 1314 πύργου

904 1325 956 1357 ἕως
972 1324 1025 1351 τῶν
1041 1325 1266 1361 διχοτομημάτων
1287 1326 1411 1361 Ἀϐραὰμ
1430 1325 1477 1361 ἔτη
1500 1325 1571 1352 uxs"
1591 1326 1644 1352 ἀπὸ
1662 1326 1691 1352 δὲ

903 1370 957 1398 τῶν
984 1371 1210 1407 διχοτομημάτων
1235 1372 1288 1404 ἕως
1313 1372 1359 1398 τοῦ
1387 1371 1478 1403 τέλους
1499 1371 1623 1407 Ἀϐραὰμ
1643 1371 1690 1407 ἔτη

903 1417 956 1449 ος¹,
971 1417 1038 1453 ὁμοῦ
1051 1417 1112 1453 ἔτη,
1127 1417 1225 1453 ,γσξηκ
1242 1418 1296 1444 ἀπὸ
1309 1417 1338 1444 δὲ
1355 1417 1401 1444 τοῦ
1427 1417 1552 1453 Ἀϐραὰμ
1570 1417 1622 1448 ἓως
1643 1417 1691 1453 τῆς

902 1461 993 1494 ἐξόδου
1009 1461 1063 1488 τῶν
1078 1462 1143 1489 υἱῶν
1168 1462 1274 1499 Ἰσραὴλ
1290 1462 1336 1499 ἔτη
1354 1463 1392 1489 υλ¹
1402 1471 1408 1478 ·
1425 1463 1478 1489 ἀπὸ
1492 1463 1520 1490 δὲ
1535 1463 1585 1498 τῆς
1601 1463 1690 1496 ἐξόδου

904 1507 956 1540 ἕως
964 1508 1013 1544 τῆς
1024 1508 1166 1544 οἰκοδομῆς
1178 1508 1253 1536 οἴκου
1268 1509 1371 1545 Κυρίου
1385 1509 1431 1544 ἐτη
1448 1509 1508 1544 ψνζ¹
1515 1518 1522 1524 ο
1537 1509 1590 1535 ἀπὸ
1603 1509 1630 1535 δὲ
1642 1509 1691 1544 τῆς

905 1553 1047 1589 οἰκοδομῆς
1067 1554 1113 1580 τοῦ
1130 1554 1195 1581 ναοῦ
1212 1554 1265 1587 ἓως
1283 1555 1332 1591 τῆς
1349 1555 1537 1590 αἰχμαλωσίας
1552 1555 1598 1590 ἐτη
1623 1556 1689 1589 υκέ,

904 1598 971 1634 ὁμοῦ
986 1599 1032 1635 ἐτη
1050 1600 1132 1632 ,δωπ’,
1150 1600 1217 1627 ’Λπὺ
1233 1597 1261 1627 δὲ
1276 1601 1326 1635 τῆς
1343 1601 1530 1637 αἰχμαλωσίας
1539 1601 1592 1633 ἕως
1603 1602 1693 1634 Ἀλεξ-

905 1644 999 1680 άνδρου
1023 1645 1068 1680 ἔτη
1094 1646 1162 1681 τιη¹⁵
1182 1646 1235 1672 ἀπὸ
1249 1646 1278 1672 δὲ
1295 1646 1342 1672 τοῦ
1369 1644 1541 1683 Ἀλεξάνδρου
1564 1647 1617 1679 ἕως
1636 1647 1691 1674 τῶν

903 1691 1005 1726 χρόνων
1018 1691 1104 1727 Ἰησοῦ
1116 1691 1162 1719 τοῦ
1171 1692 1274 1728 Κυρίου
1285 1692 1362 1728 ἡμῶν
1373 1692 1420 1728 ἔτη
1433 1696 1483 1727 τγ’,
1497 1693 1564 1728 ὁμοῦ
1575 1693 1620 1729 ἔτη
1631 1693 1689 1728 ,εφ’.

903 1735 972 1764 Vide
988 1737 1122 1772 Argyrum
1145 1737 1173 1764 in
1198 1737 1279 1772 ενι-ιο
1296 1737 1435 1771 Paw/mli,
1449 1743 1476 1766 et
1498 1740 1578 1767 alios.
1593 1739 1691 1767 Nosxer

904 1780 1063 1811 Eustathius
1089 1784 1168 1812 5551.
1187 1783 1246 1818 Qua
1272 1788 1362 1812 autem
1388 1784 1414 1811 id
1440 1786 1546 1813 ratione
1563 1786 1689 1818 allirmat,

902 1837 1039 1865 exponere
1051 1831 1172 1859 breviter
1186 1831 1299 1859 minime
1318 1831 1375 1860 ﬁeri
1390 1836 1487 1867 potest,
1501 1841 1563 1860 cum
1581 1837 1608 1861 et
1619 1833 1690 1861 vitas

902 1879 1008 1910 patrum
1035 1880 1098 1904 ante
1124 1876 1256 1904 diIUVium
1276 1881 1303 1905 et
1324 1881 1385 1912 post
1404 1878 1560 1906 examinare
1582 1879 1690 1907 dillicile

902 1921 949 1955 sit,
964 1926 991 1950 et
1007 1930 1100 1958 regum
1122 1921 1200 1951 Judze
1222 1923 1392 1959 aliorumque
1416 1932 1503 1953 annos
1524 1929 1551 1953 et
1574 1926 1691 1954 interre-

902 1974 954 2002 gna
965 1967 1133 2003 distinguere
1147 1968 1260 1997 minime
1273 1970 1308 1996 sit
1323 1969 1405 2004 hujus
1421 1971 1531 2006 negotii,
1545 1975 1572 1998 et
1586 1971 1690 2000 laboris

901 2013 990 2046 multi,
1017 2017 1043 2040 et
1069 2014 1215 2050 scriptura:
1243 2015 1372 2052 indigeat,
1390 2024 1424 2044 ne
1451 2017 1552 2044 lusis’se
1578 2024 1689 2052 operam

900 2058 1066 2087 videremur.
1092 2059 1275 2090 Reservamus
1301 2067 1392 2090 tamen
1419 2063 1502 2096 hujus
1527 2063 1690 2098 qumstionis

900 2105 1118 2141 explicationem.
1151 2107 1179 2134 in
1196 2107 1267 2135 libro
1283 2112 1388 2141 nostro,
1415 2116 1495 2143 quem
1510 2109 1635 2144 superius
1652 2110 1691 2136 εἰς

900 2152 1030 2179 tavirnus.
1045 2150 1164 2179 Inventas
1175 2157 1238 2180 sunt
1249 2154 1329 2181 etiam
1341 2154 1401 2182 duae
1413 2155 1588 2182 collectiones
1603 2162 1690 2182 anno-

60 2193 164 2222 hraica
177 2193 212 2221 ab
227 2194 331 2221 Adamo
342 2193 377 2221 ad
392 2193 523 2221 diluvium
541 2201 629 2221 annos
647 2193 724 2221 1656.
736 2194 800 2222 Inde
817 2194 850 2222 ad
866 2199 888 2226 ι)
902 2207 962 2227 rum
971 2199 1174 2235 manuscriptaa,
1188 2200 1273 2227 altera
1287 2207 1319 2227 ex
1332 2199 1497 2226 Marcelliani
1507 2198 1628 2226 chronici
1637 2198 1690 2225 line

61 2239 253 2267 Abrahamum
280 2239 343 2272 292,
367 2239 465 2269 exinde
480 2240 512 2266 ad
532 2239 660 2267 Daridem
679 2239 742 2272 942,
757 2240 852 2276 adca-

60 2285 218 2322 ptivitatem
233 2286 285 2313 473
295 2305 302 2318 ,
315 2291 397 2322 atque
411 2285 509 2313 exinde
524 2284 557 2312 ad
568 2284 711 2313 Christum
725 2285 787 2313 589.
800 2285 852 2319 Qui

59 2334 93 2360 in
111 2340 196 2360 unum
216 2332 324 2360 collecti
338 2335 403 2360 sunt
417 2332 487 2360 5952
505 2341 511 2359 :
527 2331 627 2366 quibus
646 2330 670 2359 si
683 2335 740 2359 tres
763 2339 850 2360 annos

59 2377 212 2413 adieceris,
238 2382 301 2413 post
328 2385 399 2413 quos
425 2377 546 2414 vulgaris
569 2376 672 2405 Christi
689 2377 793 2412 epocha
809 2378 851 2405 in-

59 2423 164 2452 choata
188 2423 240 2451 fuit
259 2431 309 2459 per
329 2423 362 2452 D.
378 2423 583 2460 Hieronymum,
595 2427 676 2452 erunt
692 2423 757 2451 anni
769 2424 849 2452 5955.

59 2473 208 2498 Annorum
222 2469 286 2498 item
304 2470 400 2498 seriem
416 2469 450 2498 ab
461 2470 526 2498 orbe
544 2470 654 2497 condito
667 2470 701 2498 ad
712 2469 851 2498 Christum

59 2519 159 2543 natum
173 2515 258 2543 habes
276 2516 304 2543 in
328 2514 456 2543 Chronico
469 2515 605 2548 Carionis,
620 2523 699 2550 quem
721 2515 793 2543 vide.
819 2513 852 2541 Et

58 2569 97 2589 ex
113 2559 235 2588 Hebreis
248 2561 312 2588 Baal
323 2560 408 2588 Seder
425 2560 514 2594 Olam,
529 2567 544 2587 a
558 2560 653 2587 mundi
665 2560 803 2588 creatione
817 2559 851 2587 ad

59 2606 236 2634 eversionem
256 2606 351 2642 templi
368 2605 421 2635 sub
434 2605 606 2641 Vespasiano
628 2609 735 2633 tantum
753 2613 851 2633 nume-

60 2655 108 2680 rat
121 2659 209 2681 annos
226 2652 308 2685 5888,
325 2653 352 2680 id
375 2655 418 2680 est
435 2652 470 2679 ad
489 2651 628 2680 Christum
652 2657 745 2680 natum
769 2651 848 2679 5757.

63 2697 183 2726 Rabbini
201 2698 366 2726 recentiores
381 2697 416 2725 ad
429 2701 523 2726 natum
538 2697 678 2725 Christum
693 2705 757 2725 ann.
768 2695 849 2728 5760,

62 2751 174 2772 menses
191 2744 218 2772 4.
239 2744 316 2773 Unde
329 2749 444 2781 quartus
457 2744 551 2773 mundi
566 2744 738 2772 millenarius
756 2743 791 2771 ab
809 2743 849 2772 eis

64 2797 138 2817 anno
156 2789 262 2819 Domini
288 2791 341 2818 210
371 2791 526 2825 confertur;
550 2791 662 2826 quintus
694 2791 722 2818 in
746 2798 847 2818 annum

65 2835 147 2868 1240,
166 2839 192 2864 et
219 2837 255 2865 ita
273 2837 402 2874 deinceps
417 2838 488 2873 quod
505 2837 586 2865 hodie
602 2837 683 2874 vulgo
702 2836 787 2865 Judaei
802 2844 879 2883 se;

902 2246 936 2274 ab
960 2246 1045 2273 Adam
1074 2254 1161 2281 usque
1178 2246 1211 2273 ad
1236 2245 1367 2273 diluvium
1383 2246 1448 2273 anni
1464 2244 1544 2277 2242,
1558 2251 1573 2270 a
1585 2244 1689 2271 diluvio

901 2300 988 2327 usque
1004 2293 1038 2319 ad
1050 2292 1186 2320 Abraham
1204 2293 1267 2319 anni
1279 2292 1340 2324 942,
1354 2292 1388 2319 ab
1400 2290 1537 2318 Abraham
1555 2298 1643 2324 usque
1654 2290 1688 2317 ad

903 2338 1059 2373 passionem
1077 2337 1184 2365 Domini
1200 2337 1263 2365 anni
1277 2337 1358 2370 2244,
1374 2345 1389 2363 a
1406 2335 1492 2363 Roma
1507 2343 1571 2364 vero
1578 2335 1687 2362 condita

901 2388 986 2416 usque
1006 2381 1039 2409 ad
1055 2380 1163 2409 Domini
1179 2381 1324 2409 adventum
1342 2381 1406 2408 anni
1432 2380 1494 2413 752,
1517 2388 1532 2407 a
1560 2379 1687 2415 passione

900 2426 1007 2454 Domini
1024 2435 1110 2462 usque
1125 2427 1159 2454 ad
1171 2427 1344 2455 consulatum
1358 2426 1493 2454 Eustathii
1509 2427 1572 2453 anni
1586 2426 1647 2457 594,
1660 2431 1687 2453 et

900 2481 987 2508 usque
1003 2474 1035 2501 ad
1049 2474 1222 2502 consulatum
1244 2473 1299 2501 DN.
1314 2473 1462 2500 Theodosii
1476 2481 1521 2506 xv,
1543 2473 1607 2500 anni
1622 2472 1686 2501 409.

900 2518 983 2547 Fiunt
999 2521 1033 2548 ab
1052 2520 1137 2548 Adam
1155 2528 1243 2555 usque
1260 2520 1293 2547 ad
1308 2528 1354 2547 xw
1373 2518 1497 2546 Valentis
1522 2526 1634 2551 annum,
1659 2519 1685 2546 id

900 2569 952 2598 est,
968 2573 1055 2601 usque
1084 2566 1117 2594 ad
1143 2566 1315 2594 consulatum
1331 2566 1391 2600 ejus
1408 2570 1434 2593 et
1453 2565 1639 2593 Valentiniani
1653 2573 1684 2596 ιι,
1710 2571 1712 2578 '

899 2617 994 2638 omnes
1007 2611 1071 2639 anni
1084 2612 1170 2639 15579
1179 2620 1188 2644 ;
1197 2612 1283 2640 altera
1291 2619 1322 2640 ex
1337 2611 1483 2639 Eusebiani
1498 2611 1621 2639 chronici
1632 2611 1685 2638 line

900 2655 935 2682 ab
948 2655 1016 2683 urbe
1030 2656 1139 2684 condita
1154 2657 1206 2685 sub
1219 2658 1329 2693 regibus
1344 2657 1408 2684 anni
1422 2657 1486 2690 240,
1500 2657 1550 2684 sub
1564 2656 1684 2684 consuli-

899 2701 950 2728 bus
969 2702 1033 2728 anni
1047 2701 1109 2735 464,
1124 2703 1176 2730 sub
1191 2704 1320 2738 Augustis
1331 2707 1358 2731 et
1370 2703 1524 2731 Caesaribus
1540 2702 1603 2729 anni
1620 2701 1683 2735 495,

900 2746 1069 2781 colliguntur
1082 2754 1177 2776 omnes
1191 2749 1255 2776 anni
1268 2757 1355 2784 usque
1370 2749 1404 2776 ad
1412 2750 1583 2777 consulatum
1596 2748 1681 2776 Theo-

898 2792 966 2820 dosii
978 2791 1099 2821 Junioris
1110 2802 1188 2825 xvm,
1197 2801 1222 2822 et
1234 2794 1416 2823 Valentiniani
1427 2795 1548 2824 Junioris
1557 2794 1683 2822 Placidia:

899 2837 945 2865 ﬁlii
970 2846 1004 2872 vl,
1023 2838 1218 2873 Augustorum,
1233 2839 1311 2866 “07.
1333 2839 1373 2866 Ab
1384 2839 1517 2866 Abraham
1536 2847 1622 2872 usque
1648 2837 1682 2867 ad
