1897 3073
57 107 72 134 Ι
83 108 137 136 015

589 110 622 138 ΙΝ
639 111 825 140 EUSTATHll
845 96 1080 141 HEKAEMI‘EBON
1095 115 1209 143 NOT/E.

1613 117 1682 145 10H

53 167 161 195 dicunt.
175 175 237 195 cum
258 173 353 196 nostro
378 165 521 197 Eus'mﬁto
545 169 640 199 Sat-am
665 171 748 199 fuisse
770 171 845 199 ﬁliatr

904 174 1011 209 Πατέρα
1020 174 1072 200 τῶν
1080 173 1147 200 ὅλων
1155 175 1268 209 ἡγητέον
1276 175 1456 210 προσηνεχθαι
1469 176 1522 207 τοῖς
1531 175 1583 210 πρὸ
1594 176 1681 210 ἡμῶν.

54 214 147 240 Aram
165 214 260 242 fratris
276 214 401 248 Abrahae,
416 223 564 251 veramque
579 224 700 245 sororem
718 217 777 245 Lot.
795 218 848 244 lla-

56 260 110 286 lwt
129 260 312 295 Augustinus,
328 261 378 288 lib.
398 269 455 289 χιιι
478 262 608 290 Adversus
628 262 769 294 Faustum,
788 270 848 298 cap.

54 306 115 339 55;
134 305 245 341 Ioseph.
268 307 316 336 lib.
340 316 349 334 ι
370 308 472 343 Ληιίᾳ..
489 313 516 336 et
534 308 691 336 Gennadius
712 308 807 336 Caten.
822 309 850 335 in

55 350 158 379 Cenes.
171 360 180 378 :
204 352 329 388 Ἀϐραὰμ
343 353 382 384 δὲ,
399 354 476 389 φησὶ,
499 354 545 380 καὶ
561 353 662 389 Ναχὼρ
679 354 772 381 ἔλαϐον
791 355 852 381 ἐαυ-

52 397 119 426 τοῖς
144 397 291 430 γυναῖκας·
320 397 366 423 καὶ
388 396 422 433 ἦν
448 398 532 433 ὄνομα
551 400 584 434 τῇ
604 399 713 433 γυναικὶ
738 399 787 434 μὲν
804 400 850 426 τοῦ

64 440 196 476 Ἀϐραάμ
216 441 364 477 Σάρα,-τοῦ
385 442 485 478 Ναχὼρ
512 443 541 469 δὲ
557 444 590 478 τῇ
608 443 719 478 γυναικὶ
743 443 847 478 Μελχὰ,

55 487 125 521 ἥτις
136 484 169 522 ἦν
186 487 307 524 θυγάτηρ
321 488 368 515 καὶ
385 489 454 524 αὐτὴ
470 488 517 515 τοῦ
540 489 657 525 Ἀρράμ.
675 489 711 516 Οὐ
729 490 807 525 μόνον
822 489 850 515 δὲ

55 533 117 568 ἄρα
139 534 230 569 πατὴρ
243 531 277 569 ἦν
294 535 308 560 ὁ
330 533 437 570 Ἀρρὰμ
454 535 503 570 τῆς
519 535 638 570 Μελχᾶς,
658 534 726 561 ἀλλά
742 534 850 570 καὶτῆς

64 580 167 615 Ἶεσχά.
185 581 264 607 Ὥστε
286 581 364 616 δῆλον
380 582 474 618 ὅτιπερ
490 583 504 609 ὅ
518 591 548 609 τε
569 582 693 618 Ἀϐραὰμ
707 583 753 609 καὶ
765 584 778 609 ὁ
794 583 845 608 Να-

55 625 132 661 χὼρ,
145 626 221 658 ὄντες
232 628 283 654 υἱοὶ
297 627 345 663 μὲν
358 628 405 654 τοῦ
421 628 526 664 Θάρρα,
543 628 589 655 τοῦ
608 628 636 655 δὲ
657 629 763 664 Ἀρρὰμ
778 628 851 654 ἀδελ-

56 670 118 705 φοὶ,
138 671 289 708 θυγατέρας
302 672 347 699 τοῦ
362 674 476 708 ἀδελφοῦ
496 674 584 701 αὐτῶν
598 674 645 701 τοῦ
670 675 785 710 Ἀρρὰμ,
805 675 850 701 καὶ

55 717 182 752 ἀδελφὰς
205 718 274 754 πρὸς
297 719 384 754 γάμον
407 721 551 755 ἠγάγοντο,
573 720 621 756 τὴν
639 720 749 755 Μελχὰν
774 721 822 755 μὲν
838 721 852 746 ὁ

55 763 176 799 Ναχὼρ,
197 765 211 790 ὀ
230 765 259 791 δὲ
284 765 407 801 Ἀϐραὰμ
429 766 477 801 τὴν
500 766 599 802 Σάραν.
625 766 740 794 Dubium
760 770 850 792 tamen

56 810 153 837 adhuc
166 815 290 838 remanet
304 819 318 838 a
330 816 426 840 nostro
437 812 579 840 Eustatltio
594 815 800 847 pertractatum,
815 819 849 838 an

56 856 194 891 videlicet
214 857 370 893 conjugium
390 858 558 893 temporibus
580 858 634 886 illis
647 858 729 886 fuerit
747 858 849 885 licitum
865 847 886 874 Β

55 900 135 928 inter
145 901 247 930 fratres
257 906 285 930 et
294 910 402 931 sorores
413 912 421 937 ;
442 903 568 930 dissolvit
575 903 754 938 Augustinus,
763 902 811 930 lib.
821 902 848 929 d.

55 951 86 974 et
102 954 151 979 xv,
168 946 206 974 De
221 947 326 974 civitate
338 947 399 980 Dei,
415 955 476 983 cap.
497 948 540 981 16,
559 948 603 983 qui
622 949 659 975 ait
679 948 733 975 tale
756 948 850 982 conju-

55 994 137 1028 gium
152 1001 208 1022 non
220 993 305 1022 fuisse
319 995 389 1029 apud
403 994 503 1029 probos
519 995 593 1022 viros
606 995 632 1022 in
648 1002 709 1026 ttsu,
725 1001 776 1021 nec
790 994 850 1020 lici-

56 1033 138 1073 tum;
163 1047 216 1067 nec
235 1039 395 1068 adversatur
418 1043 513 1067 nostro
535 1039 689 1072 Eustathio,
713 1039 760 1073 qui
783 1034 850 1066 dici‘

57 1085 166 1113 similia
181 1086 357 1113 matrimonia
372 1089 437 1112 tunc
452 1086 585 1121 temporis
596 1085 681 1119 licita,
693 1092 743 1112 nec
757 1083 851 1119 prohi-

56 1130 118 1158 bita
131 1129 235 1164 fuisse;
252 1138 340 1166 neque
358 1131 430 1158 enim
451 1131 484 1158 de
505 1130 635 1158 fratribus
658 1133 686 1157 et
709 1129 849 1157 sororibus

56 1176 160 1203 iisdem
175 1180 252 1211 patre
264 1180 292 1203 et
302 1179 389 1204 matre
401 1177 501 1212 genitis
517 1176 709 1211 intelligendus
720 1180 772 1208 est,
785 1183 850 1211 pra:-

56 1224 103 1248 ter
124 1228 183 1248 rem
208 1221 281 1249 enim
302 1225 329 1248 et
358 1222 592 1256 exspectationem
615 1221 762 1252 dubitaret,
788 1228 849 1248 cutn

56 1265 209 1294 manifeste
234 1267 360 1302 superius
373 1267 540 1295 declarasset
556 1266 651 1294 Saram
667 1267 751 1294 fuisse
767 1266 848 1292 ﬁliam

56 1312 158 1343 Aram,
186 1320 308 1341 sororem
330 1313 381 1340 Lot
404 1320 485 1348 quam
510 1314 538 1340 in
567 1320 679 1340 uxorem
709 1316 850 1346 acceperat.

55 1358 213 1390 Abraham,
231 1362 258 1386 et
277 1366 331 1386 non
348 1366 469 1386 sororem
487 1366 641 1394 germanam
658 1378 665 1391 ,
683 1358 730 1386 sed
745 1362 848 1384 tantum

56 1404 94 1431 de
105 1404 233 1436 sororiis,
250 1404 307 1431 sive
321 1404 355 1432 de
371 1404 434 1432 ﬁliis
445 1404 572 1436 fratrum,
585 1408 611 1431 et
627 1411 762 1435 sororum,
776 1403 847 1438 quod

57 1449 222 1485 conjugium
238 1450 275 1477 ait
290 1455 352 1478 ante
365 1449 513 1478 Mosaicam
531 1450 615 1485 legem
638 1448 724 1476 fuisse
743 1449 769 1475 in
786 1456 847 1480 usu,

56 1500 86 1522 et
102 1499 255 1530 receptura.
271 1495 403 1528 Quamvis
418 1495 496 1522 multi
515 1496 578 1522 item
594 1495 724 1529 putarint,
740 1499 848 1528 propter

57 1542 204 1569 hominum
220 1543 383 1577 paucitatem
399 1542 426 1569 in
442 1542 553 1569 exordio
567 1541 661 1568 mundi
675 1541 758 1568 fuisse
771 1545 797 1568 et
811 1540 847 1567 al-

57 1591 151 1614 terum
178 1587 334 1622 coniugium
366 1587 487 1618 licitum,
521 1592 548 1613 et
574 1586 741 1620 temporibus
769 1585 849 1612 etiam

55 1633 189 1661 Abrahae.
200 1633 265 1666 Qua:
272 1632 406 1660 sententia
417 1633 498 1659 etiam
507 1640 539 1659 ex
551 1632 642 1660 verbis
655 1632 776 1659 auctoris
787 1631 849 1658 elici

56 1685 163 1716 potest,
179 1681 236 1716 qui,
251 1681 324 1708 nulla
339 1681 428 1708 habita
439 1680 683 1716 consanguinitatis
697 1680 752 1706 sive
764 1679 847 1705 aﬁini—

57 1727 126 1754 tatis
141 1727 259 1758 ratione,
277 1726 408 1754 fratribus
420 1730 446 1753 et
458 1726 599 1753 sororibus
615 1726 653 1752 ait
666 1726 769 1753 alterna
785 1733 851 1752 con—

56 1773 135 1808 iugia
163 1777 226 1800 ante
253 1773 338 1808 legem
363 1773 509 1800 Mosaicam
539 1773 623 1800 fuisse
648 1772 732 1799 licita.
760 1771 850 1799 Testis

56 1826 136 1845 unus
154 1826 210 1853 pra:
223 1818 350 1846 omnibus
367 1817 519 1846 Methodius
533 1817 678 1852 episcopus
695 1824 721 1844 et
736 1823 848 1852 martyr,

57 1865 87 1890 in
107 1864 231 1891 Convivia
246 1864 333 1891 decem
355 1865 494 1899 virginum,
511 1864 588 1898 cujus
613 1864 702 1897 verba,
719 1864 780 1898 quia
795 1863 850 1890 elc-

55 1911 224 1946 gantissitna
236 1915 300 1938 sunt
317 1914 343 1938 et
359 1911 478 1938 nondum
499 1911 571 1945 quod
588 1912 671 1938 sciam
689 1910 758 1945 typis
773 1917 849 1936 man-

57 1956 138 1987 data,
151 1964 205 1983 non
220 1957 353 1991 gravabor
367 1957 411 1984 hic
423 1956 578 1983 ascribere:
594 1955 706 1991 Μεγάλη
721 1955 775 1991 γὰρ
785 1954 849 1990 ἀλη-

57 2002 116 2042 θῶς
137 2003 272 2038 ὑπερϐολὴ
290 2003 321 2029 τὸ
336 2003 384 2038 τῆς
403 2003 552 2038 παρθενίας
568 2001 720 2037 ἀνθρώποις
745 2002 791 2027 ἀπ’
805 2001 849 2026 οὑ-

59 2049 154 2085 ρανῶν
176 2049 354 2085 κατεπέμφθη
377 2050 468 2084 φυτόν.
485 2048 541 2075 Καὶ
551 2048 594 2075 διὰ
606 2048 683 2074 τοῦτο
693 2049 752 2078 ταῖς
775 2046 849 2082 πρώ-
871 2057 873 2060 ·

57 2104 122 2127 ταις
141 2095 191 2121 οὐκ
204 2095 381 2131 ἀπεκαλύφθη
400 2096 514 2129 γενεαῖς.
535 2095 594 2120 Ἔτι
608 2094 662 2129 γὰρ
681 2095 694 2119 ὁ
708 2093 848 2128 ἄνθρωπος

57 2141 200 2176 ὀλιγοστὸς
221 2139 265 2177 ἦν,
290 2141 336 2167 καὶ
358 2141 440 2176 ἐχρῆν
457 2141 495 2172 εἰς
518 2140 619 2175 πλῆθος
645 2139 751 2174 πρῶτον
767 2138 847 2164 αὐτὴν

58 2190 221 2224 αὐξήσαντα
246 2187 428 2222 τελειωθῆναι.
453 2187 498 2213 Διὺ
518 2187 549 2222 δὴ
570 2186 616 2213 καὶ
639 2186 687 2216 τὰς
715 2185 848 2220 σφετέρας
865 2191 885 2218 υ

58 2235 180 2270 ἀδελφὰς
193 2236 217 2261 οἱ
237 2234 346 2261 παλαιοὶ
370 2233 552 2268 λαμϐάνοντες
572 2233 701 2266 γυναῖκας
724 2231 798 2257 οὐδὲν
815 2228 848 2265 ἦν

58 2282 195 2319 ἀπρεπὲς,
212 2281 292 2316 μέχρι
305 2281 385 2315 νόμος
399 2279 482 2306 ἐλθὼν
490 2279 661 2308 διεστείλατο,
676 2277 722 2304 καὶ
734 2277 763 2303 τὸ
776 2276 849 2311 πρῶ-

58 2337 107 2355 τον
123 2327 218 2354 δοκοῦν
236 2325 305 2352 εἶναι
326 2325 406 2352 καλὸν
426 2324 617 2360 ἀπαγορεύσας
640 2322 774 2357 ἁμαρτίαν
798 2322 849 2348 ἀπ-

59 2375 192 2409 εφήνατο,
203 2373 405 2408 ἐπικατάρατον
416 2371 505 2399 καλῶν
512 2371 556 2397 τὸν
566 2369 789 2397 ἀποκαλύπτοντα
799 2368 848 2404 τὴν

58 2417 255 2453 ἀσχημοσύνην
270 2417 319 2452 τῆς
337 2417 452 2451 ἀδελφῆς
463 2415 555 2447 αὑτοῦ,
570 2414 616 2441 τοῦ
629 2414 695 2441 Θεοῦ
714 2413 782 2440 κατὰ
791 2422 848 2440 και-

60 2465 108 2500 ρὸν
123 2464 170 2490 καὶ
182 2463 277 2499 καιρὸν
289 2463 337 2498 τὴν
353 2462 523 2498 ἁρμόζουσαν
534 2461 610 2496 ἡμῶν
625 2460 663 2495 τῷ
677 2460 749 2494 γένει
771 2469 848 2487 σπου-

58 2511 144 2538 δαίων
161 2510 362 2545 προσφέροντος
387 2508 521 2544 βοήθειαν,
539 2507 631 2542 ὥσπερ
646 2507 677 2542 δή
694 2507 740 2533 καὶ
757 2507 781 2532 οἱ
797 2514 847 2531 πα-

59 2558 139 2592 τέρες
151 2558 208 2588 τοῖς
224 2557 301 2587 υἱοῖς.
319 2556 356 2582 Οὐ
371 2554 425 2590 γὰρ
439 2554 537 2584 εὐθέως
557 2554 658 2580 ἄνωθεν
674 2552 847 2579 ἐπιστατοῦσι

59 2604 124 2635 τοὺς
139 2603 338 2637 παιδαγωγοὺς,
355 2601 422 2628 ἀλλά
435 2600 484 2636 τὴν
496 2600 621 2635 παιδικὴν
640 2600 848 2635 ήλικίανέάσαν-

59 2656 107 2680 τες
122 2647 271 2682 ἁθύρεσθαι
290 2646 443 2683 μοσχαρίων
453 2645 540 2681 δίκην,
553 2645 659 2680 πρῶτον
675 2646 714 2676 εἰς
725 2645 848 2671 διδασκά-

61 2693 115 2720 λων
136 2692 369 2727 συμψελλιζόντων
386 2690 603 2722 ἀποστέλλουσιν,
624 2690 677 2716 ἔστ’
698 2689 729 2716 ἂν
746 2690 848 2715 ἀποϐα-

61 2739 152 2770 λόντες
175 2739 226 2774 τὴν
254 2737 417 2774 μειρακιώδη
436 2736 514 2772 τρίχα
535 2736 581 2763 τοῦ
597 2735 653 2766 νοῦ,
677 2737 715 2767 εἰς
735 2736 782 2770 τὴν
794 2735 846 2761 τῶν

64 2784 194 2819 μειζόνων
206 2783 321 2818 ἄσκησιν
336 2782 566 2819 παραπεμφθῶσι,
585 2782 709 2808 κάκεῖθεν
721 2780 796 2812 αὖθις
808 2782 846 2812 εἰς

62 2831 108 2866 τὴν
126 2830 181 2856 τῶν
200 2829 238 2856 ἔτι
255 2829 390 2864 μειζόνων.
404 2829 494 2864 Ταύτῃ
514 2828 566 2863 γὰρ
585 2828 630 2855 καὶ
648 2827 690 2854 τὸν
714 2827 778 2853 Θεὸν
802 2827 845 2856 zz‘t

901 220 959 246 Ἔτι
970 219 1024 255 γὰρ
1035 221 1048 246 ὁ
1055 220 1155 255 κόσμος
1163 219 1310 255 ἀνθρώπων
1319 221 1476 257 ἀπλήρωτος
1483 221 1530 254 ὢν,
1538 221 1576 253 ὡς
1588 222 1683 256 νήπιος

897 263 941 299 ἦν,
956 265 1003 291 καὶ
1016 266 1098 301 ἐχρῆν
1112 265 1192 292 αὐτὸν
1210 265 1249 296 εἰς
1269 265 1368 300 πλῆθος
1387 266 1517 301 πρότερον
1531 266 1563 292 ἐκ
1580 266 1682 292 τούτων

899 309 1067 344 ἀνδρωθέντα
1084 309 1277 345 πληθυνθῆναι.
1299 310 1368 336 Ἀλλ’
1388 311 1431 337 ὅτε
1450 310 1541 337 λοιπὸν
1560 310 1614 337 ἀπὸ
1633 318 1682 336 πε-

902 354 988 389 ράτων
1004 355 1050 381 ἐπὶ
1061 355 1167 390 πέρατα
1182 355 1348 390 κατῳκίσθη,
1363 355 1412 390 τῆς
1421 355 1626 391 ἀνθρωπὸτητος
1643 356 1682 387 είς

900 400 1010 435 ἄπειρον
1026 401 1187 436 κεχυμένης,
1201 401 1293 428 οὐκέτι
1307 403 1363 432 τοῖς
1377 401 1467 433 αὐτοῖς
1484 402 1621 436 ἐπιμένειν
1637 401 1681 427 τὸν

901 444 1040 481 ἄνθρωπον
1058 447 1206 482 ἐπέτρεπεν
1217 448 1230 473 ὁ
1246 446 1322 479 Θεὸς,
1338 445 1444 473 σκοπῶν
1454 446 1525 478 ὅπως
1539 446 1592 472 ἀπὸ
1601 445 1681 472 τῶνδε

900 489 939 519 εἰς
962 489 1024 515 τάδε
1050 490 1254 524 μεταϐαίνοντες
1279 490 1468 525 πλησιαίτερον
1494 490 1681 525 προκόπτωσιν

901 534 1025 569 ἔρχεσθαι
1032 535 1085 561 τῶν
1092 535 1222 571 οὐρανῶν,
1237 536 1330 571 μέχρις
1340 535 1382 568 ἂν,
1393 536 1432 566 είς
1444 535 1508 562 αὐτὸ
1517 535 1548 561 τὸ
1556 534 1681 570 μέγιστον

903 580 1015 616 μάθημα
1034 581 1080 607 καὶ
1103 582 1314 617 κορυφαιότατον
1326 581 1373 617 τὴν
1397 581 1542 616 παρθενίαν
1563 581 1677 615 φθάσαν-

902 635 955 658 τες,
971 626 1157 660 τελειωθῶσιν,
1178 627 1231 653 ἀπὸ
1248 627 1295 662 τῆς
1319 627 1508 662 ἁδελφομιξίας
1527 628 1683 659 ὁδεύσαντες

901 672 1008 707 πρῶτον
1024 673 1064 704 είς
1073 672 1103 698 τὺ
1120 673 1225 704 ὀθνείας
1245 673 1393 706 ἐπάγεσθαι
1409 673 1540 708 γαμετὰς,
1559 673 1683 699 κάκεῖθεν

901 719 939 749 εἰς
951 718 981 743 τὸ
995 718 1092 753 μηκέτι
1108 718 1216 749 πολλαῖς
1241 718 1389 744 ἐπιϐαίνειν
1411 718 1580 754 τετραπόδων
1599 718 1682 753 νόμῳ,

901 762 1025 799 καθάπερ
1038 765 1077 795 εἰς
1093 764 1185 799 ὀχείαν
1201 765 1345 798 γεγονότας
1355 785 1362 796 ,
1377 764 1522 791 κάντεῦθεν
1545 766 1583 796 είς
1603 764 1632 791 τὺ
1646 765 1683 800 μὴ

903 810 1011 844 μοιχοὺς
1022 810 1172 843 γεγονέναι,
1186 811 1231 836 καὶ
1244 809 1277 837 αὖ
1293 811 1371 837 πάλιν
1386 812 1425 842 είς
1442 811 1626 847 σωφροσύνην,
1637 812 1684 837 καὶ

900 855 953 882 ἀπὸ
973 855 1146 891 σωφροσύνης
1167 857 1206 888 εἰς
1224 856 1387 892 παρθενίαν,
1405 857 1468 883 ἔνθα
1488 857 1684 892 μελετήσαντες

899 903 948 937 τῆς
965 902 1064 937 σαρκὸς
1083 902 1270 938 ὑπερφρονεῖν,
1286 904 1324 934 εἰς
1345 903 1389 929 τὸν
1410 902 1455 938 τῆς
1471 903 1624 937 ἀφθαρσίας
1640 901 1684 928 εὔ-

899 948 953 974 διον
975 947 1084 982 ἀφόϐως
1099 948 1256 983 ὁρμίζονται
1272 949 1369 984 χῶρον.
1385 949 1416 975 Εἰ
1432 948 1460 974 δέ
1481 958 1523 980 τις
1536 948 1573 981 ὡς
1595 949 1686 983 ἀμάρ-

899 1002 979 1029 τυρον
994 994 1047 1020 τῶν
1064 994 1180 1029 Γραφῶν
1196 995 1370 1027 αίτιάσασθαι
1391 995 1520 1030 τολμήσει
1536 995 1580 1023 τὸν
1595 994 1683 1028 λόγον,

900 1039 965 1074 φέρε
980 1039 1022 1076 δὴ,
1039 1039 1205 1075 παραθέντες
1227 1041 1273 1068 καὶ
1287 1041 1320 1068 τὰ
1336 1040 1389 1068 τῶν
1409 1040 1564 1076 προφητῶν,
1585 1039 1684 1074 ἀληθέ-

901 1094 982 1121 στερα
1005 1086 1103 1120 μᾶλλον
1117 1086 1292 1122 ἀποδείξομεν
1312 1087 1346 1114 τὰ
1365 1086 1560 1122 προειρημένα.
1579 1086 1608 1111 '0
1619 1085 1683 1119 γοῦν

906 1130 1030 1165 Ἀϐραὰμ
1048 1130 1155 1165 πρῶτος
1173 1131 1201 1156 ἐν
1215 1131 1330 1167 διαθήκῃ
1352 1131 1401 1166 τὴν
1419 1130 1566 1166 περιτομὴν
1583 1130 1682 1161 λαϐὼν,

899 1175 974 1202 οὐδὲν
986 1176 1077 1211 ἕτερον
1094 1175 1260 1202 αἰνίσσεσθαι
1279 1176 1351 1202 δοκεί
1375 1176 1404 1202 τὸ
1419 1177 1526 1207 οἰκεῖον,
1542 1175 1684 1210 περιστελ-

899 1223 1008 1258 λόμενος
1019 1223 1068 1257 τῆς
1083 1223 1183 1258 σαρκὸς
1199 1222 1292 1248 ἑαυτοῦ
1310 1222 1388 1258 μέλος
1404 1223 1420 1258 ἢ
1435 1221 1523 1254 τοῦτο,
1539 1222 1569 1248 τὸ
1586 1222 1685 1257 μηκέτι

898 1268 932 1295 τὰ
946 1270 977 1295 ἐκ
998 1269 1044 1295 τοῦ
1064 1269 1145 1295 αὐτοῦ
1168 1269 1323 1304 σπέρματος
1339 1269 1572 1304 δημιουργηθέντα
1593 1269 1685 1295 παιδο-

899 1316 1019 1349 σπορεῖν,
1039 1315 1093 1340 ἀπὸ
1113 1315 1161 1349 τῆς
1188 1314 1254 1346 ἰδίας
1274 1314 1390 1341 ἕκαστον
1413 1315 1545 1341 διδάσκων
1567 1314 1684 1350 ἀδελφῆς

898 1357 941 1386 οἶα
962 1360 1060 1395 σαρκὸς
1085 1359 1247 1395 ἀποτέμνειν
1264 1359 1313 1395 τὴν
1328 1358 1398 1386 κατὰ
1416 1360 1556 1386 συνουσίαν
1578 1360 1682 1395 ἡδονήν.

901 1407 979 1432 Ὥστε
995 1406 1025 1432 τὺ
1037 1405 1204 1440 πλησιάζειν,
1219 1406 1266 1431 καὶ
1278 1405 1401 1440 ὀμεύνοις
1414 1405 1530 1440 χρῆσθαι
1540 1407 1599 1437 ταῖς
1611 1414 1684 1439 σφων

898 1451 1024 1485 ἀδελφαῖς
1044 1451 1097 1477 ἀπὸ
1122 1451 1174 1477 τῶν
1193 1450 1239 1477 τοῦ
1268 1450 1392 1486 Ἀϐραὰμ
1410 1451 1546 1478 πέπαυται
1571 1451 1684 1486 καιρῶν.

899 1497 935 1523 Τὸ
955 1498 983 1523 δὲ
1001 1497 1140 1524 πλειόνων.
1159 1496 1192 1523 Et
1206 1497 1310 1531 reliqua
1330 1504 1390 1532 quae
1412 1496 1538 1524 Marcella
1554 1497 1683 1524 eruditis-

901 1542 969 1569 sime
983 1542 1061 1569 simul
1080 1546 1108 1568 et
1125 1541 1326 1576 elegantissime
1339 1542 1530 1577 prosequitur;
1552 1550 1612 1577 qua:
1629 1541 1682 1570 Deo

900 1588 980 1615 dante
988 1595 1040 1614 una
1050 1595 1111 1614 cum
1121 1588 1233 1623 reliquis
1240 1588 1313 1615 brevi
1320 1587 1432 1614 utilitati
1440 1588 1554 1623 publica;
1561 1588 1682 1616 edemus.

900 1633 1031 1660 Omnibus
1049 1637 1130 1660 notus
1139 1637 1181 1660 est
1191 1641 1249 1661 mos
1258 1632 1414 1665 Persarum,
1425 1634 1470 1668 qui
1488 1640 1549 1660 cum
1565 1634 1681 1668 parenti~

900 1679 951 1706 bus
960 1679 1160 1711 miscebantur;
1173 1679 1206 1706 de
1223 1680 1322 1714 quibus
1335 1679 1379 1706 hic
1395 1679 1486 1706 dicere
1505 1679 1682 1714 supersedeo.

934 1725 992 1752 Col.
1011 1724 1071 1758 760,
1081 1725 1127 1752 lin.
1142 1725 1186 1752 45.
1204 1724 1543 1759 Ὀδὲθάῤῥα..ῐοεει›ἰιυε,
1560 1725 1681 1760 Antiqui-

901 1775 948 1798 ιαι.
960 1771 1005 1799 lib.
1016 1780 1034 1803 l,
1045 1779 1104 1806 cap.
1115 1772 1129 1797 7
1142 1771 1261 1807 εθάρρου
1278 1772 1305 1797 δὲ
1322 1772 1484 1806 μισήσαντος
1493 1771 1540 1807 τὴν
1550 1771 1682 1798 Χαλδαίαν

899 1817 942 1843 διὰ
956 1817 987 1843 τὸ
1009 1817 1120 1852 Ἀράνου
1134 1816 1240 1850 πένθος,
1255 1817 1451 1851 μετοικίζονται
1464 1817 1562 1849 πάντες
1576 1818 1616 1848 εἰς
1631 1817 1680 1852 χὼ-

901 1871 950 1897 ραν
970 1864 1018 1898 τῆς
1040 1863 1268 1898 Μεσοποταμίας·
1291 1863 1356 1889 ὅπου
1379 1862 1410 1898 δὴ
1431 1864 1537 1899 Θάῤῥον
1558 1863 1681 1898 τελευτή

901 1917 983 1935 σαντα
997 1908 1153 1940 θάπτουσιν,
1169 1908 1216 1943 ἐτη
1231 1908 1368 1944 βιώσαντα
1385 1909 1464 1935 πέντε
1480 1910 1527 1936 καὶ
1550 1909 1680 1936 διακόσια.

934 1953 1013 1985 lbid.,
1039 1954 1087 1980 lin.
1112 1954 1155 1981 48.
1174 1955 1291 1980 Ἔκτοτε
1313 1954 1364 1987 γὰρ
1381 1953 1447 1981 τῶν.
1463 1953 1607 1988 Iosephus.
1630 1954 1679 1980 ib:

899 2000 1082 2034 Συνετέτμητο
1096 1999 1149 2035 γὰρ
1163 2000 1212 2035 ἤδη
1230 2001 1284 2030 τοῖς
1301 1999 1452 2034 ἀνθρώποις
1475 2001 1533 2026 κατ’
1549 1999 1636 2032 ὀλίγον
1654 1999 1681 2026 τδ

899 2045 958 2080 ζῇν,
973 2045 1019 2071 καὶ
1035 2044 1200 2079 βραχύτερον
1217 2045 1323 2078 ἐγένετο
1343 2046 1422 2080 μέχρι
1443 2046 1491 2080 τῆς
1505 2046 1626 2077 Μωσέως
1638 2054 1681 2079 γε-

898 2092 1006 2123 νέσεως,
1025 2091 1082 2126 μεθ’
1095 2091 1123 2117 ὃν
1136 2092 1197 2126 ὅρος
1211 2089 1244 2126 ἦν
1258 2091 1304 2117 τοῦ
1321 2090 1369 2126 ζῇν
1382 2091 1476 2118 ἑκατὸν
1489 2091 1534 2126 ἕτη
1551 2091 1618 2126 πρὸς
1628 2093 1682 2122 τοῖς

898 2138 993 2168 εἴκοσι,
1017 2137 1092 2163 ταῦθ’
1119 2137 1258 2172 ὁρίσαντος
1283 2136 1328 2163 τοῦ
1345 2137 1422 2169 Θεοῦ,
1444 2138 1493 2164 ὅσα
1516 2138 1562 2164 καὶ
1582 2138 1682 2172 Μωσῆν

901 2184 999 2220 συνέϐη
1016 2183 1119 2218 βιῶναι.
1138 2182 1204 2210 Vide
1223 2183 1444 2210 dissertationem
1465 2183 1594 2218 Gasparis
1617 2183 1680 2209 Dor-

900 2230 962 2257 navi
976 2230 1010 2257 de
1025 2229 1116 2257 causis
1131 2229 1309 2262 longaevitatis
1324 2233 1431 2264 patrum
1447 2229 1680 2264 primigeniorum,

900 2277 943 2303 cui
961 2276 1056 2303 titulus
1071 2275 1226 2302 Mat/tumlti
1246 2276 1331 2303 vivax.

935 2322 1013 2353 lbid.,
1027 2323 1074 2349 lin.
1092 2322 1136 2350 55.
1161 2322 1282 2356 Ἀϐραὰμ
1298 2321 1331 2348 δὲ
1347 2324 1372 2348 ό.
1394 2321 1494 2348 Eadem
1509 2321 1589 2348 habet
1605 2319 1681 2347 lose-

899 2368 969 2403 phus
981 2368 1070 2402 Antiq.
1087 2368 1134 2394 lib.
1148 2375 1167 2399 ι,
1183 2374 1243 2402 cap.
1257 2367 1283 2399 8,
1299 2371 1325 2393 et
1337 2366 1437 2398 subdit,
1450 2365 1580 2392 Berosum
1596 2365 1681 2391 Abra-

898 2413 971 2440 hami
982 2413 1063 2440 tacito
1079 2413 1188 2440 nomine
1198 2412 1365 2440 meminisse.
1378 2411 1532 2439 Hecataeum
1544 2411 1617 2438 illius
1627 2418 1681 2438 non

898 2459 1055 2487 meminisse
1075 2459 1172 2491 obiter,
1192 2458 1239 2486 sed
1257 2458 1327 2485 libro
1345 2458 1378 2485 de
1400 2465 1432 2485 eo
1452 2458 1619 2492 conscripto,
1637 2465 1682 2484 res

898 2507 957 2541 ejus
973 2507 1125 2540 posteritati
1141 2505 1357 2536 commendasse,
1373 2512 1422 2531 nec
1435 2512 1490 2531 non
1500 2507 1527 2531 et
1539 2503 1680 2530 Nicolaum

899 2551 1095 2579 Damascenunt
1110 2552 1137 2578 in
1149 2560 1174 2578 tv
1189 2551 1368 2578 Historiarum
1387 2559 1395 2577 :
1411 2549 1582 2585 Μνημονεύει
1594 2550 1622 2575 δὲ
1634 2549 1680 2575 τοῦ

899 2598 999 2633 πατρὸς
1023 2598 1100 2633 ἡμῶν
1126 2597 1262 2633 Ἀϐράμου
1289 2597 1432 2632 Βηρωσσὸς
1455 2597 1504 2622 οὐκ
1529 2595 1680 2630 ὀνομάζων,

897 2643 982 2677 λέγων
995 2643 1095 2675 οὕτως·
1113 2643 1190 2670 Μετὰ
1207 2643 1235 2669 δὲ
1254 2643 1298 2669 τὸν
1315 2642 1504 2676 κατακλυσμὸν
1520 2641 1619 2677 δεκάτῃ
1635 2649 1681 2674 γε-
1709 2640 1711 2642 ’

897 2689 944 2723 νεᾷ
960 2688 1033 2722 παρᾶ
1053 2688 1195 2719 Χαλδαίοις
1211 2697 1252 2720 τις
1268 2686 1301 2723 ἦν
1314 2688 1414 2719 δίκαιος
1436 2687 1503 2723 ἀνὴρ
1520 2687 1614 2722 μέγας,
1636 2686 1682 2713 καὶ

897 2733 930 2760 τὰ
943 2734 1054 2769 οὐράνια
1076 2733 1213 2769 ἔμπειρος.
1232 2734 1372 2764 Ἑκαταῖος
1393 2734 1420 2759 δὲ
1436 2734 1482 2759 καὶ
1494 2732 1538 2759 τοῦ
1563 2732 1682 2768 μνησθῆα

898 2788 940 2806 ναι
959 2780 1037 2806 πλέον
1048 2788 1073 2805 τι
1090 2779 1238 2814 πεποίηκε·
1258 2780 1357 2814 βιϐλίον
1380 2779 1433 2815 γὰρ
1450 2779 1513 2814 περὶ
1530 2777 1611 2805 αὐτοῦ
1624 2786 1682 2804 suv-

899 2826 1044 2861 ταξάμενος
1070 2825 1205 2852 κατέλιπε.
1226 2826 1354 2858 Νικόλαος
1370 2825 1397 2852 δὲ
1419 2827 1432 2851 ὁ
1454 2825 1629 2861 Δαμασκηνὸς
1652 2824 1682 2852 tu
