1897 3073
206 96 276 125 1015

873 91 995 120 LEONIS
1013 91 1148 119 ALLATll

1766 92 1837 119 “iiii

164 172 166 175 -
205 156 238 190 τῇ
255 159 372 190 τετάρτῃ
395 153 454 179 τῶν
477 151 623 186 Ἰστοριῶν
637 151 710 186 λέγει
728 151 829 184 οὕτως’
857 151 996 188 Ἀεράμης

1057 156 1148 182 ωειεῑ,
1162 151 1264 183 verbis,
1280 149 1410 185 exemplis
1433 149 1547 186 aliisque
1562 150 1722 178 actionibus
1740 151 1778 178 ad
1793 160 1839 179 ve-

206 199 365 226 ὲὸασίλευσε
388 197 533 233 Δαμασκοῦ
557 197 659 233 ἔπηλυς
682 198 730 224 σὺν
746 197 853 233 στρατῷ
875 198 993 233 ἀφιγμέ-

207 254 262 277 νος,
273 248 346 276 etc.;
362 247 389 271 et
401 243 556 271 Alexander
571 243 726 279 Polyhistor
747 243 818 279 apud
833 243 992 277 Eusebium,

207 291 245 318 De
260 290 453 325 praeparatione
467 288 627 324 Eeangelica
650 289 697 316 lib.
716 297 755 320 ιχ.
775 296 809 316 ex
828 289 992 324 Eupolemo:

206 335 312 371 Δεκάτῃ
328 335 356 361 δὲ
372 335 454 370 γενεᾷ
468 343 549 370 φησιν
564 335 593 360 ὲν
607 334 682 360 πόλει
693 335 743 370 τῆς
755 334 925 366 Βαϐυλωνίας
935 335 994 361 Κα-

209 381 320 418 μαρίνῃ,
340 381 374 416 ἦν
392 389 468 412 τινας
488 380 576 414 λέγειν
594 380 670 407 πόλιν
685 379 797 415 Οὐρίην,
809 377 887 414 ξεῖναι
899 380 928 407 δὲ
948 388 995 415 με·

207 427 445 463 θερμηνευομένην
469 426 610 453 Χαλδαίων
631 426 718 458 πόλιν,
738 428 767 452 ἐν
784 427 994 463 τρισκαιδεκάτῃ

208 472 335 507 γενέσθαι
353 473 477 508 Ἀϐραὰμ
492 474 581 508 γενεᾷ,
596 473 720 508 εὐγενείᾳ
737 473 783 499 καὶ
799 473 880 508 σοφίᾳ
891 473 996 504 πάντας

209 518 428 554 ὑπερϐεϐηκότα,
445 517 474 545 ὃν
493 518 525 553 δὴ
539 518 585 545 καὶ
604 517 652 553 τὴν
668 517 845 553 ἀστρολογίαν
860 518 907 545 καὶ
925 518 997 545 Χαλ-

208 561 304 598 δαῑκὴν
325 562 427 597 εὑρεῖν,
451 562 496 588 ἐπί
514 571 545 589 τε
563 562 612 597 τὴν
626 562 766 589 εὐσέϐειαν
779 563 937 599 ὁρμήσαντα
951 563 996 590 εὐ-

209 608 359 643 αρεστῆσαι
373 607 411 643 τῷ
430 608 500 644 Θεῷ.
517 607 617 634 Τοῦτον
635 607 673 641 δὲ,
688 608 732 635 διὰ
747 609 782 636 τὰ
800 610 996 645 προστάγματα

209 654 257 681 «οὔ
271 654 339 682 Θεοῦ
355 655 394 686 εἰς
412 654 537 691 Φοινίκην
559 655 669 682 ἐλθόντα
685 657 855 691 κατοικῆσαι,
875 657 921 683 καὶ
936 665 998 692 τρο-

211 701 272 732 πὰς
281 701 354 736 ἡλίου
366 702 412 727 καὶ
426 701 550 736 σελήνης,
564 702 610 728 καὶ
626 701 660 728 τὰ
672 702 738 728 ἄλλα
753 703 840 728 πάντα
856 702 998 735 διδάξαντα

209 749 273 779 τοὺς
283 747 418 779 Φοίνικας,
431 747 609 782 εὐαρεστῆσαι
626 748 664 782 τῷ
679 748 782 783 βασιλεῖ
793 749 891 776 αὐτῶν.

245 793 306 820 Col.
327 792 388 824 76l.
404 793 453 819 lin.
473 793 499 820 1.
513 793 611 827 Μόνος
626 791 726 826 οὗτος.
743 794 870 821 Consona
881 793 998 829 Josepho

1047 205 1108 226 rum
1136 198 1211 224 illum
1233 198 1336 225 cultum
1361 197 1526 229 attraheret,
1549 197 1665 232 ideoque
1683 197 1755 224 hinc
1775 197 1839 224 inde

1047 247 1171 279 vagatum
1180 243 1367 271 Chaldaeorum
1377 243 1458 271 urbes
1466 250 1497 270 ac
1505 242 1734 279 Mesopotamiam
1749 243 1839 277 ipsam

1048 289 1259 324 perlustrantem
1272 297 1279 322 ;
1295 296 1357 316 cum
1371 292 1462 316 tamen
1476 292 1589 316 eventus
1604 287 1710 319 studio,
1726 287 1842 315 deside-

1048 334 1143 368 rioque
1156 341 1212 360 non
1226 333 1411 368 responderet,
1426 333 1535 360 anxium
1551 337 1590 359 tot
1604 333 1733 364 labores,
1754 331 1842 359 sudo-

1048 387 1147 415 resque
1163 379 1264 406 frustra
1278 379 1413 414 impendi,
1436 378 1469 406 ad
1488 378 1571 406 Deum
1595 377 1758 406 recurrissc
1771 397 1780 409 ,
1795 378 1841 412 qui

1048 425 1101 460 ipsi
1122 428 1151 451 ut
1175 424 1261 452 exiret
1279 423 1314 451 de
1337 424 1423 459 patria
1435 443 1443 456 ,
1464 427 1491 451 et
1506 423 1540 451 de
1554 423 1722 459 cognatione
1741 422 1840 456 jussit.

1049 470 1095 498 Sic
1108 479 1170 498 vera
1187 474 1245 497 erat
1267 470 1401 498 sententia
1419 469 1567 502 Eustathii,
1584 477 1647 496 eum
1669 469 1784 497 exiisse
1810 469 1843 496 de

1049 521 1121 544 terra
1137 517 1325 544 Chaldaeorum
1336 536 1343 548 ,
1358 520 1385 543 et
1401 515 1611 551 Mesopotamia,
1633 523 1781 550 omneque
1795 514 1844 542 de-

1049 564 1180 593 siderium
1199 563 1234 590 ad
1253 570 1286 590 ea
1307 563 1367 590 loca
1386 561 1537 590 revertendi
1557 562 1735 597 deposuisse.
1748 560 1844 594 Quare

1048 609 1130 637 verba
1151 609 1195 636 illa
1214 607 1354 643 Stephani,
1380 607 1441 635 Act.
1460 614 1516 640 νιι,
1540 607 1622 635 etiam
1648 610 1738 642 atque
1757 605 1843 633 etiam

1049 653 1246 682 consideranda
1255 658 1334 681 sunt:
1346 652 1413 681 Deus
1424 653 1516 689 gloria
1526 652 1649 687 apparuit
1656 652 1732 686 patri
1749 656 1844 678 nostro

1050 700 1173 728 Abraha’.
1190 707 1247 727 (tim
1258 704 1323 726 esset
1339 699 1366 726 in
1382 698 1582 730 Mesopotamia,
1598 699 1673 732 prius
1688 706 1776 733 quam
1792 705 1845 723 mo-

1050 751 1155 773 raretur
1172 746 1199 772 in
1214 745 1319 775 Citam,
1342 750 1366 772 et
1387 745 1455 771 dixit
1478 745 1512 770 ad
1528 744 1622 770 illum:
1639 743 1695 770 Exi
1711 743 1746 771 de
1771 748 1843 770 terra

1053 796 1097 818 tua
1108 811 1115 821 ,
1128 795 1152 817 et
1166 790 1198 817 de
1216 790 1369 825 cognatione
1383 794 1444 821 tua,
1466 793 1490 815 et
1504 789 1561 815 tveui
1582 789 1609 815 in
1633 794 1734 815 terram
1762 797 1842 822 quam

212 839 342 874 leguntur
355 840 426 874 apud
443 839 555 866 Suidam
569 839 602 867 de
621 839 788 871 Abrahamo,
805 846 832 867 et
852 840 998 868 Eusebium
1016 835 1035 862 Β
1051 842 1228 864 monstraverit
1249 836 1304 862 tibi.

211 885 238 912 in
268 884 356 920 prima
380 889 455 920 parte
478 885 626 912 Clironici:
650 885 788 921 Ἀϐραὰμ,
810 885 940 917 Χαλδαῖος
963 885 1000 912 ῶν

211 928 242 954 τὸ
270 928 364 962 γένος,
394 929 444 964 τὴν
476 929 586 964 πρώτην
616 929 722 964 ἡλικίαν
751 930 827 966 παρὰ
856 929 1000 962 Χαλδαίοις

211 973 327 1009 ἐτράφη,
346 974 392 1000 καὶ
407 974 456 1008 τῆς
470 975 534 1010 παρ’
550 975 643 1006 αὐτοῖς
655 975 832 1010 ἀστρολογίας
844 976 890 1002 καὶ
905 977 1000 1012 λοιπῆς

213 1018 329 1055 μετέσχε
343 1021 448 1054 σοφίας.
471 1020 604 1057 Θεοφιλὴς
623 1021 651 1049 δὲ
664 1022 712 1054 ῶν,
735 1023 783 1049 καὶ
798 1024 855 1055 τοῖς
871 1024 1001 1059 κτίσμασι

210 1067 224 1091 ὁ
238 1065 282 1092 τὸν
299 1065 361 1092 νοῦν
376 1065 473 1092 ἑαυτοῦ
490 1066 527 1102 μὴ
540 1067 756 1102 καταδεξάμενος
769 1069 847 1095 ἐᾶσαι
872 1069 1003 1105 ἐνδιατρί-

211 1112 279 1143 6ειν,
297 1111 354 1138 ἀλλ’
369 1112 415 1138 ἐπὶ
435 1112 481 1139 τὸν
498 1113 688 1149 γενεσιουργδν
704 1114 735 1140 ὲκ
747 1114 796 1149 τῆς
811 1113 867 1141 τῶν
887 1115 1003 1150 κτισμά-

212 1166 265 1191 των
281 1158 408 1193 ἀναχθεὶς
423 1158 565 1194 καλλονῆς,
580 1159 654 1192 θείας
667 1159 824 1195 ἐλλάμψεως
835 1159 948 1196 ⁴ἰιξιὼθη,
963 1159 1002 1187 ἔτι

211 1202 355 1238 διατρίϐων
373 1204 401 1231 ὲν
411 1205 444 1239 τῇ
460 1204 578 1239 πατρίδι.
596 1204 628 1231 ΕΙ.
645 1205 791 1233 Africanus
804 1215 811 1233 :
825 1202 909 1237 Οὗτος
923 1206 1002 1241 μόνος

211 1249 266 1276 τῶν
281 1249 439 1284 ἅπανταχοῦ
452 1250 502 1285 τὴν
513 1250 560 1276 ἐπὶ
572 1250 606 1278 τὰ
617 1251 715 1278 εἴδωλα
735 1251 837 1288 πλάνην
854 1251 1002 1279 νοσούντων

211 1294 257 1322 ὢν
272 1295 360 1331 ἀληθῆ
387 1295 453 1322 Θεὺν
468 1297 584 1330 ἐπέγνω,
606 1297 653 1323 καὶ
670 1298 838 1334 Δημιουργὸν
859 1298 913 1324 τῶν
935 1298 1002 1325 ὅλων

212 1341 389 1376 ἀνεκήρυξεν.
410 1341 496 1369 Judaei
526 1346 616 1369 tamen
636 1344 759 1370 nonnulli
787 1344 898 1371 tradunt
917 1344 1003 1372 Abra-

213 1386 277 1414 ham
305 1388 516 1424 quadragesimo
545 1393 642 1418 octavo
670 1389 758 1417 aetatis
788 1398 860 1417 anno
887 1390 1002 1426 cmpisse

214 1440 364 1469 agnoscere
375 1442 469 1461 verum
483 1434 579 1467 Deum,
598 1443 760 1471 omnemque
781 1436 941 1464 idololatriae
956 1444 1002 1464 su-

215 1479 403 1513 perstitionem
418 1479 560 1515 abjecisse,
573 1480 656 1509 refert
671 1481 862 1509 Genebrardus
881 1483 907 1508 in
919 1481 1001 1508 Cliro-
1014 1498 1035 1525 ε

215 1525 284 1553 nico.
303 1525 391 1560 Hujus
423 1527 562 1554 sententia:
585 1531 626 1555 est
646 1531 673 1555 et
694 1527 818 1555 Andreas
851 1527 952 1564 Masius
973 1527 1000 1555 in

214 1582 274 1608 cap.
289 1582 355 1601 xxtv
374 1573 474 1606 Iosue;
491 1582 542 1602 nec
558 1575 593 1602 ab
607 1582 639 1602 ea
648 1574 861 1602 dissentitPhilo
876 1575 943 1610 Περί
960 1575 1001 1601 νό-

217 1628 275 1655 μων
297 1621 438 1657 ἀγράφων,
461 1621 475 1647 ὃ
494 1621 568 1647 ἐστιν
595 1620 734 1656 Ἀϐραάμ·
758 1621 824 1656 Περί
847 1621 1000 1655 γιγάντωνι

215 1664 284 1702 Περὶ
296 1666 442 1700 εὐγενείας.
455 1666 493 1694 De
503 1667 672 1702 providentia
689 1666 733 1694 Dei
747 1667 773 1693 in
785 1667 866 1694 rebus
875 1666 1002 1694 humanis

217 1713 344 1746 superius
358 1713 632 1745 nonnulla‘dixinuts,
646 1718 672 1740 et
683 1721 741 1740 eam
759 1713 794 1739 ita
810 1717 945 1747 patentem
959 1720 1003 1741 ne-

215 1765 289 1792 gare,
309 1758 382 1790 vani,
396 1758 470 1789 caeci,
488 1758 667 1794 excordisque
684 1759 803 1786 hominis
818 1763 869 1791 cst,
888 1763 914 1787 et
924 1759 1003 1794 quid-

217 1804 259 1832 vis
284 1806 374 1839 potius
398 1804 590 1840 exc0gitautis,
613 1812 695 1839 quam
735 1804 807 1840 quod
830 1805 900 1833 ratio
920 1805 1004 1841 depo-

217 1849 283 1876 suit.

252 1893 332 1923 lbid..
348 1894 395 1920 lin.
415 1893 458 1921 ll.
475 1893 552 1927 Πρὸς
566 1893 640 1928 γοῦν
659 1893 726 1928 τήν.
742 1893 887 1929 Josephus,
912 1895 1000 1930 Antii].

218 1938 264 1974 lib.
283 1946 291 1964 ι
309 1948 316 1965 :
333 1939 400 1966 Cum
417 1938 540 1970 videret,
564 1938 670 1973 inquit,
687 1939 823 1966 Abraham
835 1960 842 1971 ,
859 1940 932 1974 quod
946 1940 1002 1968 veri

217 1982 265 2010 Dei
280 1983 382 2010 cultum
397 1983 485 2017 palam
500 1986 526 2010 et
541 1983 626 2010 libere
648 1983 808 2018 praedicaret
818 2004 825 2016 ,
848 1984 1001 2018 Chaldaeos,

217 2032 245 2056 et
270 2028 489 2069 Mesopotamitas
510 2032 607 2056 contra
628 2037 658 2057 se
681 2031 832 2065 insurgere,
857 2031 1002 2058 consilium

217 2074 353 2110 migrandi
375 2075 473 2109 cmpit,
496 2079 522 2102 et
541 2075 682 2103 voluntate
704 2084 735 2103 ac
753 2076 844 2104 favore
860 2076 905 2103 Dei
919 2076 1004 2104 fretus

217 2125 317 2148 terram
341 2120 470 2147 Chanaan
493 2121 596 2152 tenuit,
621 2121 667 2148 ubi
691 2122 802 2149 sedibus
822 2122 921 2157 positis
948 2121 1003 2163 Deo

1087 881 1166 913 Ibid.,
1180 882 1228 909 lin.
1246 881 1288 909 14.
1303 881 1398 915 Λιμοῦ
1416 880 1451 907 δὲ
1474 881 1710 913 καταλαϐόντος.
1731 879 1841 907 Manas-

1051 935 1095 955 ses
1103 947 1110 958 ,
1127 928 1152 954 iu
1168 926 1330 953 Annalibus:

1050 983 1143 1019 Λιμοῦ
1169 983 1388 1015 καταλαϐόντος
1411 981 1466 1017 γὰρ
1490 981 1547 1015 τὴν
1561 982 1741 1019 χώραν-ζῆν
1762 982 1839 1008 Χαλ-

1057 1054 1085 1080 Ἀ
1091 1052 1164 1087 Epit};
1173 1054 1189 1079 ὀ
1202 1054 1290 1086 θεῖος.
1305 1055 1321 1080 ό
1335 1052 1442 1085 πολὺς,
1458 1052 1562 1087 γέγονε
1574 1016 1788 1086 ¹

1052 1086 1109 1115 Καί
1122 1086 1178 1121 τὴν
1199 1089 1377 1123 συγγένειαν
1395 1087 1501 1118 λιπὼν,
1518 1088 1560 1120 είς
1581 1088 1736 1123 Αἴγυπτος
1749 1086 1837 1121 μετῆ-

1058 1159 1105 1192 Ὠς
1123 1157 1288 1193 ἀποτρέψαι
1306 1157 1359 1185 τοῦ
1373 1157 1462 1191 λιμοῦ
1480 1157 1537 1190 τὴν
1554 1121 1837 1193 gﬂapttxﬁrlpgpd—

1055 1228 1291 1268 ῑοῖςςωιίρκέᾳιζ
1301 1227 1434 1268 ertny
1446 1227 1512 1268 ἐκεῖ
1531 1192 1788 1268 δάιε-ιζιεστέὲῗίῗῖ

1053 1262 1154 1297 Συνῆν
1171 1263 1196 1289 δ’
1216 1262 1294 1296 αὐτῷ
1313 1263 1361 1290 καὶ
1380 1262 1489 1297 ταμετὴ
1505 1262 1579 1296 πρὸς
1600 1262 1696 1328 ﬁcii-111E
1710 1263 1839 1330 (ἔξ-ἰλλο-

1692 1307 1730 1330 μι
1778 1317 1785 1329 ,

1692 1307 1785 1332 μεν-η,

1052 1332 1150 1367 Σάρῤα
1166 1333 1427 1367 χαριτοπρόσωπος
1441 1332 1490 1359 καὶ
1506 1332 1784 1366 περικαλλεστάτη.

1052 1387 1216 1422 Eupolemus
1234 1387 1305 1423 apud
1320 1387 1504 1415 Alexandrum
1523 1387 1728 1423 Polyhistorem
1749 1388 1778 1416 in
1790 1388 1841 1416 Eu-

1052 1434 1137 1464 sebio,
1156 1433 1191 1460 De
1208 1438 1350 1468 praeparat.
1373 1433 1420 1460 lib.
1444 1442 1469 1460 Ix
1485 1443 1492 1461 :
1512 1433 1599 1468 Λιμοῦ
1617 1433 1646 1460 δὲ
1677 1435 1839 1470 γενομένου,

1051 1480 1096 1506 τὸν
1112 1479 1237 1514 Ἀϐραὰμ
1267 1479 1454 1514 ἀπαλλαγῆναι
1475 1481 1516 1511 εἰς
1538 1480 1675 1514 Αἴγυπτον
1702 1481 1840 1516 πανοικίᾳ,

1051 1526 1130 1553 κάκεῖ
1152 1527 1296 1557 κατοικεῖν,
1313 1526 1361 1561 τήν
1382 1533 1412 1552 τε
1427 1526 1544 1560 γυναῖκα
1562 1525 1644 1552 αὑτοῦ
1659 1525 1709 1552 τὸν
1733 1526 1842 1562 βασιλέα

1050 1571 1104 1598 τῶν
1119 1571 1273 1604 Αἰγυπτίων
1285 1571 1390 1606 γῆμαι,
1407 1571 1506 1605 φάντος
1522 1570 1604 1598 αὑτοῦ
1621 1571 1748 1606 ἀδελφὴν
1763 1570 1838 1598 εἶναι.

1052 1618 1083 1643 Et
1094 1618 1247 1652 Artapanus
1257 1617 1370 1644 ;Τοῦτον
1381 1616 1410 1643 δέ
1425 1626 1489 1652 φησι
1503 1617 1628 1653 πανοικίᾳ
1644 1617 1737 1645 ἐλθεῖν
1750 1619 1792 1649 είς
1801 1619 1840 1644 Δί-

1051 1671 1153 1697 γυπτον
1167 1663 1235 1698 πρὸς
1247 1662 1293 1689 τὸν
1305 1662 1359 1689 τῶν
1373 1663 1527 1696 Αἰγυπτίων
1540 1662 1652 1696 βασιλέα
1665 1663 1840 1700 Φαρεθώνην,

1051 1709 1098 1736 καὶ
1113 1709 1161 1744 τὴν
1182 1710 1360 1744 ἀστρολογίαν
1375 1709 1454 1736 αὑτὸν
1466 1709 1578 1742 διδάξαι.
1594 1709 1738 1736 Μείναντα
1755 1710 1784 1736 δὲ
1799 1710 1840 1743 ἔτη

1052 1755 1110 1781 ἐκεῖ
1127 1755 1224 1786 εἴκοσι,
1239 1754 1319 1781 πάλιν
1335 1755 1376 1787 εἰς
1399 1755 1460 1786 τοὺς
1476 1756 1544 1781 κατὰ
1563 1755 1663 1790 Συρίαν
1679 1755 1840 1791 ἀπαλλαγῆ-

1052 1810 1095 1828 ναι
1119 1801 1225 1832 τόπους.
1254 1801 1315 1828 Τῶν
1347 1801 1376 1827 δὲ
1408 1800 1495 1835 τούτῳ
1523 1800 1708 1828 συνελθόντων
1730 1801 1840 1833 πολλοὺς

1052 1849 1081 1875 ὲν
1104 1848 1234 1883 Αἰγύπτῳ
1259 1849 1419 1882 καταμεῖναι
1448 1847 1491 1874 διὰ
1520 1848 1568 1883 τὴν
1592 1848 1775 1882 εὐδαιμονίαν
1797 1849 1840 1883 τῆς

1052 1893 1154 1930 χώρας.
1180 1893 1411 1928 Pcrcgrinationis
1428 1893 1544 1921 Abrahae
1565 1894 1712 1921 historiam
1735 1899 1840 1930 propter

1054 1940 1150 1967 famem
1176 1940 1210 1966 ab
1235 1948 1268 1967 eo
1292 1944 1444 1975 susceptae,
1467 1944 1495 1967 et
1514 1945 1627 1968 servatae
1641 1947 1657 1966 a
1674 1939 1735 1967 Deo
1753 1940 1840 1967 uxoris

1055 1986 1191 2022 pudicitia
1212 1990 1310 2021 praeter
1331 1985 1449 2021 Moysem
1467 1989 1673 2020 prosequuntur
1694 1985 1838 2021 Iosephus,

1054 2033 1157 2068 Autiq.,
1171 2032 1218 2060 lib.
1235 2039 1255 2063 ι,
1270 2040 1331 2067 (ap.
1348 2032 1364 2058 8
1377 2041 1384 2065 ;
1403 2031 1491 2064 Philo,
1506 2032 1553 2058 lib.
1567 2031 1603 2058 De
1617 2030 1771 2064 Abraham,
1786 2039 1839 2066 qua

1054 2087 1107 2107 non
1125 2078 1237 2106 minima
1252 2078 1298 2105 lux
1316 2078 1378 2104 huic
1394 2078 1463 2104 loco.

1088 2124 1156 2151 Ibid.
1170 2143 1178 2156 ,
1196 2124 1245 2151 lin.
1261 2123 1304 2150 l6.
1331 2123 1384 2150 Kal
1400 2123 1470 2156 τοὺς
1489 2123 1679 2158 Αἰγυπτίους.
1692 2122 1837 2158 Iosephus,

217 2166 318 2192 struxit
332 2173 417 2196 aram,
434 2169 460 2192 et
477 2165 581 2193 hostias
600 2167 738 2192 mactavit.
763 2167 835 2193 Idem
858 2167 958 2194 asserit
975 2171 999 2194 et

1057 2170 1142 2204 Antiq.
1158 2169 1205 2196 lib.
1220 2177 1239 2201 I,
1270 2176 1329 2204 cap.
1343 2168 1376 2196 9:
1394 2168 1453 2195 Τῶν
1469 2168 1523 2203 γὰρ
1536 2168 1692 2201 Αἰγυπτίων
1705 2168 1837 2204 διαφόροις

217 2212 314 2246 prohat
332 2211 517 2247 Augustinus,
536 2210 573 2238 De
593 2211 697 2238 civitate
720 2211 766 2239 Dei
792 2212 837 2240 lib.
860 2221 914 2243 xvi.
939 2221 999 2248 cap.

218 2257 261 2284 15.

252 2303 333 2336 lbid.,
350 2304 398 2331 lin.
416 2303 459 2331 l7.
476 2304 529 2331 Kal
541 2303 675 2336 ἀναστὰς
686 2303 808 2330 ἐκεῖθεν.
822 2303 859 2330 Ex
875 2303 1000 2330 Chaldma

216 2358 324 2385 nempe,
338 2354 365 2378 et
379 2350 583 2385 Mesopotamia,
597 2350 765 2384 Augustinus
780 2354 881 2381 tamen,
900 2350 946 2376 lib.
958 2357 1001 2376 xvt

216 2395 255 2423 De
270 2396 384 2428 civitate,
402 2404 462 2431 cap.
483 2396 530 2428 15,
545 2395 661 2422 atlirmat
681 2395 816 2422 Abraham
844 2395 1000 2421 mandatum

217 2441 264 2469 Dei
291 2442 430 2477 accepisse
453 2450 515 2469 cum
530 2441 586 2475 jam
604 2441 779 2468 discessisset
791 2447 806 2466 e
821 2439 958 2470 Chaldaea,
974 2444 1002 2467 et

216 2487 244 2513 in
268 2486 461 2521 Mesopotamia
485 2489 710 2514 commoraretur.
733 2485 912 2517 Ambrosius,
930 2484 1001 2512 lib.t

217 2532 255 2560 De
269 2532 404 2559 Abraham
415 2553 423 2565 ,
440 2540 501 2567 cap.
516 2532 553 2564 ‘2;
567 2531 669 2558 Paulus
684 2530 832 2565 Burgensis
845 2550 852 2561 ,
881 2530 908 2556 in
936 2528 1000 2557 Cen.

216 2586 278 2614 cap.
303 2587 357 2610 ιιι,
375 2579 497 2606 sentiunt.
524 2578 575 2605 hoc
596 2580 760 2612 praeceptum
783 2575 822 2602 illi
847 2574 1001 2609 impositum

217 2623 303 2653 fuisse
320 2625 349 2652 in
371 2625 481 2653 civitate
499 2623 610 2651 Haram.
631 2623 688 2657 Ego
704 2625 795 2649 tamen
822 2621 1001 2649 existimarim

218 2670 354 2697 Abraham
371 2671 423 2698 hoc
443 2675 607 2705 praeceptum
626 2669 783 2703 accepisse,
804 2676 866 2695 cum
883 2671 956 2695 esset
973 2667 1001 2694 in

218 2715 421 2749 Mesopotamia.
442 2724 492 2743 nec
505 2717 579 2743 enim
596 2714 705 2742 videtur
719 2722 733 2740 a
746 2714 853 2741 ratione
869 2714 1001 2744 alienum.

218 2758 355 2786 Abraham
379 2769 487 2788 summo
514 2764 612 2788 conatu
638 2759 722 2787 Deum
752 2758 927 2794 diligentem,
949 2758 1001 2786 sibi

221 2805 286 2837 illud
303 2806 430 2834 habuisse
448 2807 530 2834 ilium
543 2807 570 2834 in
585 2805 694 2839 animo,
715 2811 744 2838 ut
758 2806 878 2840 aliquos,
894 2805 915 2832 si
932 2811 1000 2840 quos

1052 2214 1243 2250 ἀρεσκομένων
1259 2214 1331 2241 ἔθεσι
1343 2234 1349 2245 ,
1364 2213 1411 2240 καὶ
1430 2213 1463 2240 τὰ
1482 2214 1546 2248 παρ’
1564 2213 1691 2248 ἀλλήλοις
1712 2214 1835 2248 ἐκφαυλι-

1053 2260 1152 2291 ζόντων
1165 2259 1276 2295 νόμιμα,
1287 2259 1334 2285 καὶ
1346 2257 1390 2285 διὰ
1405 2257 1484 2284 τοῦτο
1494 2257 1633 2292 δυσμενῶς
1646 2256 1770 2292 ἐχόντων
1778 2257 1836 2292 πρὸς

1052 2304 1198 2340 ἀλλήλους,
1219 2303 1365 2339 συμϐαλὼν
1379 2304 1468 2330 αὐτῶν
1484 2303 1625 2334 ἑκάστοις,
1640 2304 1689 2329 καὶ
1704 2303 1835 2330 διαπτύων

1051 2351 1114 2380 τοὺς
1127 2350 1239 2384 λόγους,
1262 2349 1309 2381 οὓς
1334 2348 1474 2375 ἐποιοῦντο
1496 2347 1628 2384 περὶτῶν
1651 2348 1731 2375 ἰδίων
1751 2348 1836 2379 κενοὺς

1053 2397 1099 2423 καὶ
1117 2397 1199 2432 μηδὲν
1218 2395 1316 2431 ἀληθὲς
1336 2396 1447 2431 ἔχοντας
1466 2395 1611 2430 ἀπέφαινε.
1625 2393 1695 2422 Vide
1709 2394 1834 2423 Joannem

1052 2441 1287 2477 Chrysostomum,
1303 2442 1378 2469 hom.
1393 2441 1427 2468 '50
1439 2441 1466 2468 in
1481 2439 1573 2468 Cenes.

1087 2488 1167 2520 lbid.,
1179 2488 1228 2516 lin.
1248 2487 1293 2514 19.
1309 2487 1364 2514 Καὶ
1377 2486 1570 2521 θαυμασθείς.
1583 2484 1736 2520 Iosephus,
1751 2486 1833 2519 Antig.

1051 2535 1099 2562 lib.
1109 2543 1128 2566 I,
1142 2543 1203 2569 cap.
1214 2535 1248 2562 9:
1259 2533 1432 2568 Θαυμασθείς
1440 2530 1486 2559 οὖν
1499 2532 1544 2558 ὑπ’
1557 2531 1647 2559 αὐτῶν
1662 2532 1692 2557 ὲν
1708 2533 1770 2562 ταῖς
1782 2540 1834 2558 συν-

1051 2580 1154 2612 ουσίαις
1170 2579 1207 2611 ὡς
1225 2577 1423 2610 συνετώτατος,
1451 2577 1498 2604 καὶ
1516 2576 1602 2608 δεινὸς
1615 2576 1686 2612 ἀνὴρ
1701 2577 1736 2603 οὐ
1749 2578 1834 2612 νοῆσαι

1053 2625 1143 2660 μόνον,
1161 2623 1228 2651 ἀλλὰ
1245 2623 1292 2650 καὶ
1306 2624 1399 2650 πεῖσαι
1413 2623 1499 2656 λέγων
1514 2623 1578 2658 περὶ
1592 2619 1630 2649 ὧν
1647 2621 1682 2649 ἄν
1698 2624 1834 2658 ἐπιχειρή-

1038 2680 1040 2683 ί
1053 2678 1108 2696 σειε
1124 2669 1257 2695 διδάσκειν
1267 2688 1275 2700 ,
1291 2670 1340 2704 τήν
1360 2677 1390 2695 τε
1408 2669 1593 2704 ἀριθμητικὴν
1618 2668 1716 2700 αὐτοῖς
1735 2669 1834 2704 χαρίζει

1050 2723 1107 2744 ται.
1119 2714 1166 2741 καὶ
1181 2713 1245 2749 περὶ
1260 2714 1438 2749 ἀστρολογίαν
1453 2713 1628 2749 παραδίδωσι.
1646 2714 1707 2749 Πρὸ
1721 2714 1777 2750 γὰρ
1791 2715 1832 2749 τῆς

1051 2758 1207 2793 Ἀϐραάμου
1229 2759 1380 2794 παρουσίας
1397 2759 1540 2793 Αἰγύπτιοι
1555 2759 1659 2786 τούτων
1681 2757 1758 2795 εἶχον
1772 2760 1830 2795 ἅμα.

1052 2803 1115 2835 θῶς
1131 2804 1162 2831 ἐκ
1176 2803 1315 2831 Χαλδαίων
1322 2804 1376 2840 γὰρ
1384 2804 1469 2839 ταῦτα
1481 2804 1623 2840 ἔφοίτησεν
1638 2806 1680 2837 εὶς
1693 2806 1822 2841 Αἴγυπτον
