1897 3073
70 119 142 147 101⁵1

616 119 651 148 ΙΝ
671 119 856 148 EUSTATHII
880 121 1117 150 HEXAEMERON
1133 121 1247 151 ΝΟΤΕ.

1631 126 1703 153 1018

68 177 133 204 ὅθεν
154 175 220 214 ἧλθο
235 179 282 206 καὶ
301 179 341 210 εἰς
361 180 424 211 τοὺς
441 179 584 215 Ἕλληνας.
605 179 769 216 Eupolemus
788 188 817 216 ap

946 182 981 210 rii
1009 182 1115 213 habuit.
1141 181 1289 211 tradidisse
1307 184 1452 216 ministris.
1474 188 1504 212 ut
1526 192 1574 221 per
1588 189 1695 222 tempus

69 222 289 258 Polyhistorem:
302 223 461 260 Συζήσαντα
471 224 499 251 δὲ
510 224 555 252 τὸν
569 224 696 261 ’Δόραὰμ
711 226 740 253 ὲν
760 225 863 252 Ἡλιου-

67 268 149 295 πόλει
175 270 232 301 τοῖς
254 269 409 303 Αἰγυπτίων
431 270 552 306 ἱερεῦσι,
576 271 661 298 πολλὰ
691 270 862 307 μεταδιδάξαι

68 314 182 346 αὐτοὺς,
193 315 239 342 καὶ
251 315 301 351 τὴν
313 315 489 351 ἀστρολογίαν
506 317 552 342 καὶ
563 316 598 343 τὰ
612 316 693 344 λοιπὰ
707 316 800 343 τοῦτον
814 317 862 344 αὒ-

68 360 128 391 τοῐς
143 360 357 396 εἰσηγήσασθαι,
372 361 492 397 φάμενον
512 362 699 394 Βαϐυλωνίους
712 362 800 390 ταῦτα
814 364 862 390 καὶ

68 405 154 432 αὐτὸν
174 407 319 442 εὑρηκέναι
332 415 338 423 ⁵
357 407 405 443 τὴν
431 408 461 435 δὲ
480 408 588 444 εὕρεσιν
612 409 702 436 αὐτῶν
721 411 761 441 εις
777 409 861 446 Ἑνὼχ

68 452 264 488 ἀναπέμπειν,
295 450 341 481 χᾶὶ
363 454 459 481 τοῦτον
491 455 640 492 εὑρηκέναι
671 455 778 492 πρῶτον
810 456 861 493 τὴν

68 498 260 534 ἀπρολογίαν,
287 501 336 527 οὐκ
362 501 537 536 Αἰγυπτιους.
562 502 739 537 Artapanus:
756 502 808 529 Τὸν
833 502 861 529 δὲ

70 544 282 581 Ἀδραμον,τὴν
291 546 486 583 ἀστρολογικὴν
501 547 656 584 ἐπιστήμην
673 547 859 580 παιδευθέντα,

68 589 182 625 πρῶτον
199 591 249 626 μὲν
263 591 350 618 ἐλθεῖν
374 593 414 624 εὶς
435 592 562 629 Φοινίκην
573 612 582 626 .
599 593 646 621 καὶ
659 594 722 626 τοὺς
736 594 861 626 Φοίνικας

68 635 251 672 ἀστρολογίαν
268 637 387 670 διδάξαι·
406 638 520 674 ὕστερον
533 639 557 666 δ’
570 640 611 671 si;
624 639 760 675 Αἴγυπτον
772 648 861 676 παρα-

67 681 210 716 γενέσθαι,
229 682 330 711 Horum
358 687 451 712 tamen
468 686 606 714 sententia
622 684 734 714 Pererio
749 694 803 714 non
816 693 861 714 ar-

68 727 158 760 ridet,
171 736 287 765 eamque
310 730 349 757 ait
363 729 484 758 divinam
504 730 674 767 Scripturani
696 738 855 768 coarguere.

66 774 163 803 Primo
176 795 183 807 ,
199 775 263 811 quia
278 776 416 806 Abraham
438 777 601 807 brevissimo
623 783 745 814 tempore
760 778 811 806 fuit
831 779 860 807 in

66 820 205 856 Egypto,
223 822 260 849 ita
273 824 303 849 ut
319 822 346 849 in
363 825 440 850 tanta
454 822 588 852 brevitate
601 824 731 859 temporis
740 823 793 851 illae
803 823 860 852 dis-

913 232 1075 256 consuetum
1089 228 1236 264 pigmentis
1251 229 1441 264 illustraretur,
1467 231 1699 268 lnungereturqua

912 273 991 307 oleis,
1017 281 1079 309 quae
1094 274 1170 305 item,
1189 279 1217 302 et
1231 283 1346 309 moram,
1359 281 1386 304 et
1411 280 1519 312 tempus
1543 279 1696 313 requirunt.

911 318 988 347 Adde
1003 319 1084 347 etiam
1098 320 1164 348 illud
1176 321 1260 357 quod,
1281 325 1424 357 postquam
1444 324 1567 351 restituta
1583 324 1631 352 fuit
1646 323 1697 353 Sa-

912 373 953 398 ra,
973 366 1110 394 Abraham
1127 375 1181 395 non
1201 368 1293 395 statim
1314 368 1432 396 excessit
1458 377 1491 396 ex
1518 370 1645 406 IEgypto.
1667 373 1697 397 ut

911 412 1060 441 verisimile
1085 417 1139 445 est.
1166 414 1291 449 quamvis
1318 414 1392 443 viros
1419 415 1540 447 haberet,
1565 418 1601 444 ita
1627 416 1698 444 Pha-

912 465 997 486 raone
1024 459 1210 495 praecipiente,
1243 460 1291 495 qui
1317 467 1381 488 eum
1404 460 1562 490 educerent.
1590 462 1696 491 Pharao

911 511 1029 539 namque
1043 503 1210 539 experientia
1225 502 1511 541 doctus,ﬂagellisque
1524 507 1694 542 prudentior,

910 556 1000 585 neque
1015 550 1149 584 animose,
1162 558 1213 578 nec
1224 550 1311 586 rigide
1322 550 1461 578 Abraham
1476 553 1634 587 expulisset,
1647 554 1694 581 sed

909 595 1035 629 exposita
1049 595 1200 629 voluntate,
1212 599 1241 624 et
1259 603 1310 632 ope
1324 595 1390 629 lata.
1403 604 1459 625 sua:
1477 597 1552 625 illum
1569 599 1695 633 potestati

898 635 1024 673 dimisit.
1041 641 1089 676 qui
1103 641 1187 670 rebus
1206 642 1264 670 suis
1284 642 1436 678 dispositis,
1465 643 1586 671 recessit.
1606 643 1695 677 Quam

909 689 967 714 tum
982 692 1073 715 autem
1093 687 1121 715 id
1136 692 1246 723 tempus
1262 687 1345 717 fuerit
1363 696 1418 717 non
1442 689 1530 717 ausim
1550 689 1693 723 afﬁrmare,

908 732 989 768 quale
1003 732 1082 768 quale
1104 736 1163 761 erat
1183 732 1217 761 ad
1232 734 1440 762 mathematicas
1458 734 1618 771 disciplinas
1643 739 1697 764 tra-

909 777 1013 806 dendae
1025 778 1086 815 plus
1101 778 1187 807 nimio
1209 783 1267 807 erat
1283 779 1365 813 satis;
1388 788 1477 815 neque
1493 782 1565 809 enim
1585 782 1696 810 omnino

909 824 1042 860 imperitis
1070 828 1097 852 et
1125 824 1220 852 insciis
1243 825 1373 853 scientias
1399 826 1462 854 illas
1480 827 1629 863 exposuit:
1648 830 1695 857 sed

66 866 179 902 ciplina
200 874 251 895 nec
278 867 432 902 potuissent
444 868 592 904 explicari,
609 875 661 897 nec
677 868 793 898 addisci.
808 869 856 897 Se-
874 859 894 887 B
907 859 963 904 jam
980 869 1042 897 aliis
1062 869 1228 906 disciplinis,
1244 870 1283 897 uti
1313 870 1371 898 ﬁeri
1394 859 1653 906 poteratiimbutis,
1668 878 1696 902 et

66 912 179 944 cunde,
201 912 266 947 quia
290 913 383 940 statim
405 913 532 942 restituta
554 921 640 942 uxore
664 914 760 950 jussus
774 915 855 944 fuerit

66 959 146 986 abire
155 966 188 986 ex
196 958 324 994 (Egypto;
335 963 362 987 et
373 967 408 987 ne
415 959 480 995 quid
490 959 644 989 detrimenti
658 964 804 996 pateretur,
813 969 856 989 co:

64 1005 151 1033 mites
161 1005 187 1033 ei
199 1005 257 1032 dati
268 1006 333 1033 sint.
347 1005 441 1033 Tertio
451 1013 485 1034 ex
499 1005 528 1036 S.
541 1007 703 1042 Augustino,
714 1007 751 1034 De
762 1008 855 1035 civita-

65 1054 91 1079 te
104 1049 166 1084 Dei,
183 1050 229 1078 lib.
245 1058 323 1082 xvut,
338 1058 399 1086 cap.
414 1051 458 1084 ιο,
476 1052 522 1086 qui
535 1051 685 1079 Varronem
701 1052 793 1079 laudat
806 1060 855 1080 au-

63 1100 186 1129 ctorem,
204 1104 221 1125 a
234 1104 289 1132 quo
299 1096 439 1132 prodituro
455 1097 491 1125 sit
501 1096 642 1133 Egyptios
656 1098 772 1133 priurum
787 1098 856 1126 Iside

65 1142 203 1177 magistra
219 1142 324 1170 litteras
350 1142 480 1171 didicisse
501 1143 584 1178 paulo
606 1143 667 1178 plus
682 1143 796 1171 duorum
811 1151 856 1171 an-

65 1195 170 1216 norum
188 1188 308 1217 millibus
330 1193 392 1217 ante
412 1196 489 1217 suam
513 1193 630 1217 aetatem.
652 1188 703 1217 Isis
723 1197 788 1217 vero
801 1189 856 1217 ﬁlia

65 1234 120 1262 fuit
128 1234 222 1262 Inachi
234 1235 306 1270 regis
314 1234 485 1270 Argivorum,
499 1234 578 1270 cujus
587 1242 700 1270 regnum
711 1239 773 1271 post
783 1243 856 1263 mor-

63 1285 124 1308 tem
142 1281 260 1309 Abrahae
285 1281 394 1308 inchoat
406 1280 550 1309 Eusebius.
574 1279 725 1314 Postremo,
741 1281 854 1309 Jambli—

63 1327 150 1360 chus,
164 1326 204 1354 De
217 1332 324 1363 myster.
341 1326 462 1363 Εθυριη
476 1327 594 1362 primum
613 1328 754 1363 sapientiae
770 1332 796 1355 et
809 1328 856 1355 do-

64 1374 222 1401 ctrinarum
233 1374 304 1409 apud
313 1374 457 1410 Egyptios
469 1379 608 1403 auctorem
619 1375 683 1403 facit
694 1375 856 1404 Mercurium

64 1418 289 1455 Trismegistum.
313 1419 391 1448 Hunc
405 1423 498 1448 autem
512 1427 566 1448 non
582 1420 670 1449 solum
691 1420 855 1454 Abrahamo,

64 1464 117 1492 sed
131 1465 215 1492 etiam
231 1465 321 1501 Moyse
335 1466 515 1494 recentiorem
531 1465 617 1495 fuisse
631 1466 765 1494 aﬁirmant
775 1466 860 1495 Euse-

63 1510 132 1539 bius
147 1515 175 1538 et
190 1511 367 1546 Augustinus.
388 1510 447 1540 Non
460 1511 587 1539 videntur
600 1517 689 1540 tamen
716 1513 784 1540 tanti
801 1513 856 1540 haec

63 1560 242 1592 argmenta,
257 1557 280 1584 si
292 1561 366 1585 recte
378 1557 597 1591 considerentur,
609 1563 639 1586 ut
652 1558 709 1593 jam
722 1559 857 1587 dictorum

64 1602 217 1635 sententia.
230 1607 257 1630 et
274 1603 361 1630 nostri
386 1603 522 1632 Eustathii
549 1605 624 1640 rejici
641 1604 758 1633 debeat:
771 1606 858 1641 primo

64 1648 135 1684 quia
161 1648 240 1676 nobis
272 1656 326 1676 non
342 1649 427 1685 liquet
451 1655 554 1685 quanto
568 1654 690 1686 tempore
721 1651 857 1679 Abraham

65 1693 146 1729 apud
164 1693 308 1730 Egyptios
331 1700 454 1724 moratus
480 1696 571 1729 fuerit,
599 1697 672 1732 quod
697 1705 751 1725 non
773 1697 859 1726 fuisse

65 1738 264 1767 brevissimum
280 1739 323 1767 vel
343 1747 374 1767 ex
392 1748 424 1768 eo
441 1745 525 1775 patet,
539 1741 611 1776 quod
626 1741 692 1769 dicit
708 1741 857 1776 Scriptura,

65 1784 217 1812 Dominum
236 1785 389 1820 flagellasse
403 1785 573 1813 Pharaonem
588 1786 674 1822 plagis
692 1786 819 1814 maximis
830 1790 858 1814 et

63 1831 182 1859 domum
197 1831 266 1866 ejus.
276 1830 369 1865 Neque
382 1831 455 1859 cnim
467 1832 632 1859 credendum
649 1837 691 1860 est
703 1832 788 1867 prima
800 1832 858 1860 vice

66 1878 158 1906 Deum
169 1877 274 1912 ﬂagella
290 1877 407 1905 maxima
423 1876 541 1910 inferre;
554 1877 601 1904 sed
613 1878 730 1912 primum
745 1877 856 1910 leviora,

65 1924 172 1953 deinde
207 1923 310 1951 malitia
336 1923 503 1959 perﬁdiaque
529 1927 680 1955 crescente,
711 1924 856 1958 atrociora,

65 1970 145 2006 quod
171 1969 334 1998 brevissimo
359 1973 480 2005 tempore
497 1969 595 1997 conﬁci
609 1969 776 1998 credendum
802 1978 857 1999 non

66 2021 122 2044 est.
135 2014 323 2051 Requiruntur
340 2015 412 2043 enim
428 2019 455 2042 et
474 2014 675 2044 admonitiones
700 2016 817 2051 praevia.
831 2021 859 2045 et

67 2061 170 2097 signa;
192 2068 243 2088 nec
255 2068 310 2088 non
321 2068 355 2088 ex
369 2064 447 2095 parte
470 2060 557 2095 ipsius
575 2061 727 2095 peccatoris
748 2061 775 2088 in
787 2061 858 2089 malo

67 2107 290 2144 perseverantia,
308 2111 335 2134 et
350 2106 459 2134 animus
470 2106 624 2134 obstinatus
638 2107 671 2134 ad
690 2106 752 2138 hoc,
769 2111 799 2134 ut
812 2107 858 2134 lla-

66 2153 141 2188 gella
154 2153 273 2180 maxima
288 2152 486 2187 impingantur,
497 2151 577 2180 sicuti
594 2156 621 2179 et
636 2152 664 2179 in
679 2159 708 2179 re
719 2151 856 2184 dissimili,

908 915 1024 944 confusa
1038 915 1156 951 quadam
1173 924 1265 944 rerum
1278 916 1387 944 illarum
1399 917 1498 945 notitia
1512 918 1569 946 sive
1578 927 1637 947 eam
1650 927 1697 948 na.

908 965 981 994 tura,
1010 962 1068 991 sive
1084 967 1143 990 arte
1157 963 1300 995 haberent.
1320 964 1502 999 turgentibus,
1529 965 1629 1000 quibus
1645 973 1695 994 nec

909 1006 1022 1034 minima
1044 1007 1072 1035 in
1088 1008 1300 1040 mathematicis,
1322 1009 1369 1037 sed
1385 1010 1532 1045 praecipua.
1549 1011 1591 1038 vel
1606 1011 1695 1039 solum

909 1052 1024 1081 innuere
1050 1052 1211 1087 suﬁiciebat,
1247 1058 1277 1082 ut
1308 1063 1404 1082 eorum
1430 1060 1580 1091 praeceptor
1603 1063 1697 1092 posset

908 1098 1068 1128 existimari.
1079 1098 1180 1133 quibus
1193 1098 1377 1126 fundamentis
1392 1099 1473 1133 jactis
1486 1099 1596 1135 proprio
1609 1104 1696 1129 marte

909 1143 1134 1178 perfectissimam
1154 1151 1248 1171 earum
1268 1145 1410 1173 scientiam
1438 1145 1618 1181 notitiamque
1642 1145 1695 1173 sibi
1736 1154 1745 1167 ι

908 1197 1006 1225 parare
1017 1189 1147 1217 valerent.
1161 1189 1231 1223 Quid
1249 1191 1357 1218 tandem
1371 1191 1491 1219 traderet
1507 1191 1581 1219 aliud
1596 1190 1694 1223 Varro.

909 1234 952 1262 cui
967 1233 1143 1262 Hebraeorum
1158 1234 1281 1263 historiae
1295 1236 1408 1263 minime
1418 1241 1498 1271 noue,
1507 1237 1610 1272 quique
1623 1237 1695 1265 sicut

909 1282 937 1307 et
954 1279 1001 1306 alii
1026 1279 1141 1312 ethnici,
1168 1280 1203 1307 ab
1218 1279 1272 1307 illis
1294 1287 1338 1307 res
1354 1285 1482 1315 acceptas
1499 1281 1647 1316 pervertit?
1662 1280 1696 1309 Et

909 1324 1079 1352 Jamblichus
1087 1325 1206 1359 primum
1217 1324 1407 1362 Egyptiorum
1416 1327 1566 1362 sapientem
1572 1327 1695 1355 nominat

910 1371 1131 1406 Trismegistum,
1153 1376 1285 1407 tanquam
1305 1380 1379 1405 eum,
1407 1377 1436 1399 ut
1449 1373 1556 1408 opinor,
1570 1374 1616 1408 qui
1639 1380 1694 1402 non

910 1418 998 1446 solum
1010 1425 1086 1451 voce,
1097 1417 1145 1445 sed
1160 1418 1270 1452 scriptis
1279 1418 1362 1445 etiam
1378 1419 1480 1454 aliquid
1496 1419 1626 1454 prodidit.
1639 1418 1694 1447 Nec

910 1463 976 1491 mihi
996 1463 1122 1491 videntur
1140 1462 1225 1490 Varro
1239 1467 1267 1491 et
1289 1462 1458 1493 Jamblichus
1479 1465 1507 1492 in
1524 1465 1638 1493 historia
1652 1465 1695 1493 di~

910 1510 973 1537 vina
985 1508 1187 1546 Scriptumque
1205 1510 1389 1546 explicatione
1398 1511 1550 1544 Eustatbio,
1565 1511 1695 1554 Eusebio.

908 1554 1036 1590 Josepho,
1051 1555 1167 1590 aliisque
1178 1556 1370 1591 anteponendi.

943 1600 1002 1628 Col.
1019 1600 1080 1633 ⁵161,
1091 1601 1140 1628 lin.
1153 1599 1198 1629 2'5.
1205 1602 1357 1635 Μαθόντες
1367 1600 1410 1629 δέ.
1420 1601 1457 1628 lta
1466 1609 1573 1637 semper
1585 1602 1694 1637 ingenui

909 1646 1011 1683 quique
1025 1645 1090 1674 fassi
1103 1650 1179 1679 sunt,
1194 1647 1275 1674 etiam
1292 1655 1325 1675 ex
1348 1647 1414 1683 ipsis
1433 1647 1543 1675 Graecis.
1563 1646 1593 1674 In
1607 1654 1696 1682 prom-

909 1696 956 1727 plu
970 1696 1035 1720 sunt
1049 1700 1111 1727 qua:
1125 1700 1207 1727 super
1217 1691 1268 1720 hoc
1279 1696 1440 1728 argumento
1455 1693 1636 1728 scripserunt,
1645 1691 1695 1720 Tac

909 1739 1011 1771 tianus,
1028 1738 1165 1772 Clemens,
1182 1739 1361 1775 Theophilus,
1377 1739 1511 1766 Eusebius
1527 1743 1553 1766 et
1564 1739 1619 1767 alii.
1635 1738 1695 1767 Dio.

909 1784 970 1819 geni
999 1782 1118 1818 Laertio,
1139 1783 1188 1811 lib.
1205 1792 1226 1816 ι,
1250 1784 1323 1812 sicut
1344 1787 1371 1811 et
1398 1783 1459 1810 aliis
1474 1782 1625 1815 nonnullis,
1639 1789 1694 1811 non

908 1829 1008 1864 placet.

943 1875 1024 1908 lbid.,
1041 1875 1089 1902 lin.
1107 1875 1154 1903 24.
1171 1875 1237 1908 Υἱὸς
1249 1874 1385 1909 Ἰσμαήλ.
1412 1873 1451 1901 Ex
1467 1880 1522 1909 quo
1542 1871 1693 1906 Ismaelitc,

907 1922 954 1956 qui
972 1925 999 1949 et
1015 1921 1128 1953 Arabes,
1144 1921 1211 1948 dicti
1233 1920 1350 1956 Agareni
1366 1920 1400 1947 ab
1419 1921 1492 1955 Agar
1517 1919 1631 1946 Abrahae
1644 1926 1695 1946 ao-

907 1967 982 1999 cilla,
1003 1966 1075 2002 quod
1094 1974 1156 1994 cum
1172 1966 1284 1994 minime
1299 1965 1477 1994 honoriﬁcum
1491 1964 1636 1992 Mahumeti
1652 1963 1695 1992 vi.

907 2013 1027 2045 dct'elur,
1057 2013 1194 2040 ordinavit
1211 2017 1241 2041 ut
1267 2011 1397 2039 Saraceni
1415 2011 1571 2039 dicerentur
1591 2018 1607 2037 a
1626 2009 1693 2037 Sara

908 2059 1028 2094 legitima
1058 2058 1174 2086 Abrahae
1193 2065 1289 2089 uxore,
1309 2057 1414 2088 dicens.
1445 2056 1695 2098 lsmaelem_natum

907 2113 940 2133 ex
954 2113 996 2137 ea,
1015 2109 1041 2132 et
1057 2112 1111 2132 non
1124 2112 1157 2132 ex
1182 2104 1281 2131 ancilla
1292 2124 1300 2137 ,
1318 2103 1391 2139 quod
1405 2111 1503 2130 nomen
1524 2102 1576 2129 illis
1595 2100 1695 2129 mansit

908 2151 997 2186 quoad
1016 2149 1038 2178 Τ
1042 2158 1112 2178 ureae
1137 2150 1163 2177 id
1181 2157 1235 2177 una
1251 2157 1312 2177 cum
1332 2150 1443 2177 natione
1458 2145 1694 2175 aboleverunt.lta

67 2207 126 2227 non
143 2199 230 2226 aliena
247 2202 336 2226 tamen
349 2198 466 2230 ratione,
478 2202 505 2226 et
516 2205 609 2233 scopo,
620 2197 737 2233 prodidit
752 2198 858 2234 Moyses
873 2206 895 2233 ι)
910 2197 1060 2225 Vilhelmus
1074 2195 1251 2224 Godelevaeus
1274 2195 1302 2223 in
1319 2194 1390 2222 Aula
1405 2194 1528 2225 Tunica,
1541 2193 1589 2220 lib.
1609 2199 1652 2223 tu,
1667 2197 1696 2219 et

65 2244 105 2273 de
120 2243 266 2272 Pharaone
277 2243 417 2279 Egyptio,
431 2251 491 2279 quae
507 2248 536 2270 ut
554 2244 721 2271 ersecutioni
733 2244 858 2271 manden-

67 2294 127 2324 tur,
151 2294 179 2318 et
194 2290 305 2325 longum
322 2294 441 2325 tempus,
463 2293 490 2317 et
519 2289 641 2318 diutinas
662 2297 753 2318 moras
770 2291 859 2325 requi-

67 2340 145 2364 runt.
161 2335 290 2369 Quinimo
311 2343 374 2363 cum
391 2336 492 2363 nullam
509 2336 564 2363 vim
579 2343 641 2363 esse
659 2335 761 2363 illatam
784 2335 858 2364 Sarat

66 2382 260 2413 concedimus,
278 2382 326 2409 sed
340 2381 523 2414 matrimonio,
536 2386 567 2408 ut
578 2382 615 2408 ita
630 2381 731 2413 dicam,
742 2389 859 2418 occupa.

66 2432 136 2460 tam,
152 2434 265 2454 necesse
290 2430 333 2454 est
360 2425 451 2459 fateri,
474 2431 581 2462 tempus
606 2426 784 2462 interlapsum
803 2435 858 2456 non

66 2479 195 2507 parvum,
210 2472 274 2499 dum
290 2472 350 2506 ejus
374 2475 542 2507 spectatores
569 2473 626 2508 regi
655 2473 857 2506 renuntiarunt,

67 2518 135 2544 dum
157 2525 205 2544 rex
233 2518 394 2544 accersitam
414 2517 448 2544 ad
463 2525 493 2545 se
508 2517 640 2550 intuetur,
664 2521 859 2553 comparatque

68 2571 132 2591 cum
152 2563 214 2591 aliis
233 2563 395 2590 mulieribus
414 2563 519 2598 proprii
543 2564 630 2598 regni,
651 2571 701 2591 nec
715 2572 791 2592 more
804 2564 859 2592 bel-

68 2610 189 2639 luarum.
199 2610 300 2644 impetu
312 2609 458 2644 furoreque
474 2612 565 2636 actum
577 2611 667 2637 statim
682 2610 856 2637 matrimonio

68 2654 122 2683 sibi
134 2655 271 2690 juuxisse,
292 2655 340 2683 sed
355 2655 497 2683 lenociniis
508 2675 516 2687 ,
532 2655 672 2683 blanditiis
689 2651 804 2691 aliisque
819 2657 858 2685 illi

68 2700 187 2729 suadere
197 2705 330 2733 tentasse,
342 2708 357 2727 a
368 2708 422 2736 qua
432 2701 515 2728 veluti
527 2701 718 2729 honestissima
732 2702 857 2734 muliere,

68 2750 100 2774 ut
114 2754 165 2782 par
177 2750 256 2778 erat,
275 2750 302 2774 et
324 2746 423 2774 rationi
443 2745 598 2781 proximum
622 2745 741 2779 videtur,
766 2750 794 2774 et
815 2754 859 2774 re-

70 2793 179 2829 pulsam
195 2800 318 2829 passum,
338 2792 429 2820 denuo
449 2792 543 2820 eadem
559 2791 656 2824 oﬁicia.
683 2792 783 2827 sapius
809 2801 859 2821 nec

73 2844 127 2864 una
147 2836 207 2869 vice
221 2839 327 2870 tantum
348 2836 473 2869 iterasse.
494 2835 545 2864 Ubi
560 2836 634 2864 illam
650 2836 800 2866 audientem
813 2837 860 2866 im-

908 2243 1072 2270 Africanus:
1085 2241 1259 2277 Σαρακηνοὺς
1271 2240 1298 2267 δὲ
1310 2241 1406 2271 αὐτοὺς
1430 2238 1623 2275 μετωνόμασαν
1643 2237 1696 2263 ἀπο

908 2288 1044 2322 αξιοῦντες
1051 2288 1192 2315 καλεῖσθαι
1202 2287 1331 2319 δουλικῶς
1339 2285 1492 2322 Ἀγαρηνοί.
1502 2284 1535 2311 Et
1545 2283 1692 2311 Eusebius:

907 2333 953 2370 Τῷ
968 2332 1017 2366 σις’
1028 2334 1084 2360 ἔτει
1098 2332 1145 2360 τοῦ
1164 2332 1289 2369 Ἀϐραὰμ.
1305 2332 1396 2358 ἔτεκεν
1411 2330 1485 2365 αὐτῷ
1500 2330 1588 2364 Ἀγαρ
1604 2329 1621 2364 ἡ
1632 2335 1696 2355 παι-

908 2380 987 2415 δίσκη
998 2379 1044 2407 τὸν
1064 2379 1185 2415 Ἰσμαὴλ,
1199 2379 1245 2414 ἀφ’
1256 2375 1286 2405 οὖ
1299 2377 1328 2405 τὺ
1341 2377 1396 2404 τῶν
1411 2375 1586 2412 Ἰσμαηλιτῶν
1601 2375 1694 2409 γένος’

907 2427 932 2453 ol
948 2425 977 2452 δὲ
993 2425 1070 2452 αὐτοὶ
1083 2423 1137 2452 εἷεν
1155 2425 1301 2460 Ἀγαρηνοὶ
1319 2423 1344 2450 οἱ
1359 2423 1405 2450 καὶ
1426 2421 1578 2458 Σαρακηνο¹ι
1598 2419 1696 2448 καλού-

910 2480 994 2508 μενοι,
1015 2471 1093 2505 Quod
1116 2471 1219 2498 dictum
1237 2470 1382 2497 ridiculum
1407 2472 1460 2500 est,
1492 2467 1634 2495 manifeste
1649 2473 1696 2495 re-

908 2517 1094 2553 pugnantibus
1106 2516 1193 2544 sacris
1207 2515 1328 2543 Litteris.
1343 2513 1403 2542 Non
1419 2521 1462 2541 me
1477 2513 1545 2548 fugit
1573 2512 1641 2539 alios
1661 2511 1695 2538 ad

909 2564 977 2591 alios
997 2565 1124 2598 parentes
1148 2569 1180 2589 ac
1199 2565 1291 2598 patres
1308 2560 1461 2587 Turcarum
1477 2563 1582 2594 gentem
1605 2562 1695 2585 trans-

908 2610 1025 2641 mittere,
1035 2616 1104 2644 quos
1119 2615 1185 2636 sane
1195 2616 1250 2636 non
1264 2606 1441 2642 improbabis,
1451 2605 1473 2633 si
1487 2603 1608 2644 gentium
1619 2610 1696 2630 ever-

910 2655 1011 2685 siones.
1025 2655 1144 2681 locorum
1156 2653 1331 2686 mutationes,
1344 2652 1538 2691 nominumque
1552 2649 1694 2678 confusio-

910 2708 958 2728 nes
983 2699 1150 2726 consideres.
1181 2698 1358 2734 Saepeszepius
1393 2697 1502 2728 nobilis,
1532 2703 1583 2728 nec
1601 2698 1697 2723 conte-

908 2745 1026 2774 mnenda
1043 2745 1118 2772 natio
1142 2752 1158 2772 a
1186 2744 1232 2772 vili
1259 2744 1347 2778 bello,
1383 2744 1524 2778 armisque
1550 2745 1696 2778 superata,

909 2791 1052 2824 exhausta,
1070 2798 1124 2818 non
1137 2795 1243 2818 tantum
1259 2797 1337 2827 opes.
1355 2793 1382 2818 et
1405 2790 1473 2819 loca.
1488 2789 1536 2817 sed
1550 2792 1578 2817 et
1596 2795 1696 2816 nomen

912 2837 1014 2872 amisit,
1035 2835 1200 2872 victorisque
1224 2843 1324 2865 nomen
1346 2843 1478 2872 suscepti.
1494 2843 1531 2863 na
1547 2847 1572 2862 ιι.
1589 2833 1695 2863 (illiciis
