1897 3073
224 108 303 138 1019

916 112 1040 141 LEONIS
1058 113 1195 143 ALLATII

1783 118 1852 149 1020

230 170 267 198 sit
282 176 375 197 eorum
396 174 497 197 certam
513 171 646 206 originem
673 174 795 209 assequi,
822 175 898 203 nulla
923 183 1017 203 eorum
1033 179 1054 207 Α
1070 176 1164 211 ipsius,
1182 182 1207 205 et
1228 179 1347 213 ﬁliarum
1359 179 1428 213 ejus,
1448 184 1473 205 et
1489 186 1594 205 manum
1615 187 1694 214 egeno
1706 185 1732 206 et
1750 185 1853 214 pauperi

229 215 360 242 memoria
378 216 536 250 superstite.
556 216 626 245 Sunt
643 218 701 246 haec
715 220 791 249 vices
807 224 970 256 temporum,
983 222 1021 249 lu-

229 261 336 295 dusque
351 265 467 290 naturae.
492 261 608 295 Quidam
625 265 819 294 existimarunt
834 266 986 295 Saracenos
1005 276 1020 295 a

229 305 331 332 Saraca
345 306 412 333 urbe
427 306 545 339 Arabiae,
560 316 623 336 nam
640 313 668 337 et
684 310 712 337 in
732 311 828 344 Ponto,
845 317 872 340 et
887 313 914 340 in
933 313 1020 341 Media

229 351 305 378 urbis
321 351 373 378 hoc
386 353 496 380 nomine
510 354 579 381 tradi
595 355 731 390 reperitur
752 358 902 392 appellatos
921 358 1018 394 fuisse;

229 397 271 423 vel
288 397 322 424 ab
337 398 405 425 urbe
423 398 515 431 Sarra,
528 404 557 426 ut
571 400 734 436 Euthymius
747 402 916 439 Zygabenus.
932 405 1019 438 Quam

228 441 297 470 bene
311 444 418 478 sapiant
431 448 570 473 auctorem
592 448 680 482 gentis
704 455 760 475 sua:
787 449 886 477 docent
902 451 1019 479 Ammia-

229 495 292 519 nus,
307 487 355 516 lib.
373 497 411 523 ιν,
428 493 455 517 et
472 489 503 517 D.
517 490 700 527 Hieronymus
727 494 755 521 in
774 494 834 521 Vita
845 498 931 523 sancti
947 497 1018 524 Μαι-

226 536 278 563 c/ti.
293 535 351 564 Etsi
379 541 470 565 autem
495 543 627 573 putantur
655 540 784 569 Saraceni
815 545 925 579 proprie
952 545 1016 573 dicti

227 582 332 610 Arabes
349 583 367 610 ii
387 584 434 618 qui
448 585 588 613 veteribus
613 586 730 615 Scenita:
749 588 836 621 fuere,
853 594 943 618 tamen
960 593 1017 619 uni—

227 635 322 656 versos
336 629 440 658 Arabas
457 638 518 659 esse
540 631 692 661 Saracenos
716 635 872 664 nominatos
897 644 1014 667 constat.

227 672 261 700 Et
280 676 389 703 tandem
408 676 436 703 in
448 676 552 705 Turcas
573 679 765 714 degenerasse.
783 681 821 710 De
835 691 951 717 quorum
965 685 1017 712 ori-

227 719 290 754 gine
314 719 433 749 Joannes
464 721 649 752 Leunclavius
679 725 808 753 Historia:
837 727 1015 757 Musulmauw

226 765 274 793 lib.
292 774 322 800 ιι,
342 767 484 803 Philippus
507 769 685 805 Hanivaldus,
711 771 869 802 Joachimus
885 775 1010 803 Camera-

225 811 285 838 rius
299 817 325 839 et
337 813 393 839 alii.

260 855 318 884 Col.
329 857 391 891 76l,
407 859 454 885 lin.
467 859 512 886 29.
525 860 609 894 "Huc
620 862 757 896 οὐρανίῳ.
774 863 909 894 Eusebius
923 867 1010 902 prima
1027 855 1047 882 Β

225 907 302 938 parte
316 904 439 932 Chronici
450 914 458 932 :
471 906 531 942 Πῦρ
543 908 613 934 κατὰ
628 909 679 943 τῆς
701 910 897 944 Πενταπόλεως
915 913 1015 945 ὑετίζει

223 949 299 981 Θεός.
312 950 366 977 Καὶ
380 951 520 978 ἀναλίσκει
534 953 583 987 μὲν
600 954 629 986 ἐξ
643 954 729 989 αὐτῆς
740 954 812 982 ἅπαν
827 957 857 983 τὺ
869 958 946 992 γένος
961 959 1014 986 τῶν

223 995 385 1032 ἀνθρώπων,
406 997 555 1034 διαφθείρει
578 999 607 1026 δὲ
626 1000 671 1026 καὶ
685 1001 751 1027 αὐτὸ
764 1002 793 1028 τὸ
808 1003 950 1039 ἀνάστημα
965 1005 1014 1040 τῆς

222 1043 275 1077 γῆς
295 1043 340 1069 καὶ
365 1043 413 1078 τῆς
438 1045 621 1081 προκειμένης
642 1047 784 1083 θαλάσσης
811 1051 954 1085 νεκροῦται
978 1052 1013 1079 τὰ

223 1085 316 1119 ὕδατα,
332 1086 484 1123 Iosephus,
503 1090 592 1120 Antia.
612 1091 660 1118 lib.
674 1100 693 1124 ι,
713 1101 772 1128 cap.
792 1094 825 1122 10
841 1100 867 1122 et
884 1096 926 1128 i2,
942 1096 1012 1124 Soli-

167 1141 175 1148 α
221 1138 284 1163 nus,
303 1139 363 1167 cap.
378 1134 432 1161 58:
452 1134 540 1170 Longa
559 1136 591 1162 ab
606 1136 796 1174 Hierosolymis
814 1149 914 1169 recessu
927 1144 1010 1170 tristis

221 1177 295 1204 sinus
307 1179 449 1212 panditur;
461 1189 535 1214 quem
549 1181 580 1208 de
597 1182 661 1208 caelo
672 1187 780 1214 tactum.
794 1190 905 1213 testatur
915 1189 1010 1216 humus

220 1222 307 1256 nigra,
316 1227 340 1249 et
350 1224 376 1250 iu
388 1225 499 1252 cinerem
507 1226 603 1254 soluta.
619 1227 740 1260 Tacitus,
753 1229 825 1257 llist.
835 1232 880 1259 lib.
891 1241 917 1260 v:
930 1233 1010 1261 Haud

219 1266 311 1300 procul
326 1269 385 1294 inde
402 1271 499 1304 campi,
511 1279 575 1306 quos
590 1272 677 1306 ferunt
697 1274 760 1300 olim
776 1276 875 1308 uberes,
894 1281 1009 1314 magnis-

218 1322 267 1348 que
278 1314 386 1341 urbibus
397 1315 529 1343 habitatos
542 1317 763 1353 [ulminumjactu
778 1323 885 1350 arsisse.
899 1324 1006 1359 Strabo,

218 1360 266 1386 lib.
287 1367 342 1393 xw,
358 1361 513 1389 incendium
531 1363 596 1390 illud
626 1372 680 1392 non
700 1374 715 1394 e
738 1369 817 1401 cmlo,
839 1371 886 1398 sed
901 1380 916 1399 e
935 1378 1007 1401 terra

218 1410 382 1439 eructatum,
402 1411 484 1442 atque
509 1409 663 1438 exhalatum
681 1413 828 1447 existimat,
853 1424 914 1444 cum
931 1420 1006 1454 regio

217 1451 265 1478 illa
294 1451 373 1487 ignea
398 1453 444 1486 sit,
460 1462 578 1490 namque
606 1456 633 1483 in
650 1465 692 1490 ea,
707 1463 734 1486 et
754 1464 836 1495 petrae
856 1451 1005 1494 cernuntur

217 1497 330 1551 adustae,
392 1503 464 1527 terra
487 1501 667 1536 cinerulenta,
686 1509 713 1532 et
737 1515 801 1534 saxa
817 1511 896 1543 quasi
915 1516 1004 1546 guttas
1019 1526 1040 1554 ρ

215 1545 286 1580 picis
315 1546 457 1579 stillantia,
474 1555 506 1576 ac
532 1549 641 1577 demum
667 1552 762 1588 ingens
778 1545 939 1585 ferventium
974 1568 1006 1588 ac

216 1590 401 1619 sulfurcarum
419 1601 552 1628 aquarum
572 1597 660 1631 copia.
676 1598 765 1631 Quare
780 1602 910 1631 credibile
929 1605 974 1637 sit,
991 1614 1006 1634 e

215 1639 288 1663 terra
303 1637 378 1665 illum
394 1638 483 1674 ignem
500 1647 643 1670 emanasse
659 1647 739 1671 terra:
754 1650 827 1673 motu
844 1652 916 1675 terra
931 1655 1007 1684 pate-

214 1682 298 1710 facta.
315 1683 368 1710 Τοῦ
382 1685 410 1711 δὲ
426 1685 548 1722 ἔμπυρον
564 1688 613 1724 τὴν
628 1689 720 1725 χώραν
735 1689 805 1719 εἶναι
824 1693 858 1720 τὰ
878 1682 946 1722 ἄλλα
962 1705 1006 1724 τε-

212 1728 319 1764 κμήρια
334 1730 445 1765 φέρουσι
458 1732 551 1759 πολλά·
571 1735 618 1760 καὶ
634 1735 688 1771 γὰρ
705 1736 807 1773 πέτρας
821 1739 897 1772 τινὰς
914 1742 1005 1769 ἐπικε-

212 1775 352 1810 καυμένας
381 1777 531 1805 δεικνύουσι
558 1782 687 1815 τραχείας
710 1784 773 1819 περὶ
796 1785 942 1820 Μοασάδα,
958 1790 1005 1815 καὶ

213 1822 355 1869 σήραγγας
371 1824 515 1859 πολλαχοῦ,
537 1827 584 1853 καὶ
600 1829 652 1863 γῆν
671 1830 808 1869 τεφρώδη,
825 1833 958 1867 σταγόνας
974 1844 1003 1861 τε

211 1867 314 1903 πίσσης
330 1869 362 1895 ἐκ
381 1869 512 1896 λισσάδων
533 1871 703 1908 λειϐομένας,
723 1867 772 1901 καί
785 1876 913 1910 δυσώδεις
937 1880 1004 1915 πόρ-

213 1913 300 1962 poesy
327 1917 464 1950 ποταμοὺς
488 1917 608 1951 ζέοντας,
627 1920 768 1952 κατοικίας
787 1922 814 1949 δὲ
831 1913 1002 1962 ἀνατετραμ-

212 1959 296 1994 μένας
313 1961 461 1996 σποράδην,
478 1962 548 1989 ὥστε
571 1965 708 1992 πιστεύειν
724 1969 779 1998 τοῖς
796 1959 1002 2006 θρυλλουμενόις

211 2004 264 2051 suo
284 2005 338 2032 τῶν
354 2007 505 2043 ἐγχωρίων,
525 2008 561 2041 ὠς
576 2010 628 2045 ἄρα
647 2011 766 2046 ᾠκοῦντό
781 2023 846 2041 ποτε
875 2004 1001 2051 τρισκαί-

209 2049 276 2097 δεκα
295 2051 386 2085 πόλεις
404 2053 530 2086 ἐνταῦθα,
543 2051 580 2081 ὦν
599 2056 648 2091 τῆς
669 2058 861 2093 μητροπόλεως
879 2049 1001 2097 έοδόμων

211 2095 325 2127 σώζοιτο
337 2098 435 2130 κύκλος
448 2099 579 2135 ἐξήκοντά
596 2111 646 2127 που
665 2104 789 2137 σταδίων,
808 2106 860 2132 ὑπὸ
881 2095 1000 2143 σεισμῶν

210 2142 256 2168 καὶ
266 2142 485 2178 ἀναφυσημάτων
497 2146 580 2181 πυρὸς
605 2147 651 2173 καὶ
663 2147 772 2183 θερμῶν
785 2150 888 2178 ὑδάτων
898 2142 1000 2186 accpi).-

1072 231 1122 249 non
1136 223 1349 259 porrigebant:et
1359 225 1466 252 elevatae
1475 229 1544 254 sunt.
1558 230 1582 252 et
1587 225 1705 260 fecerunt
1717 226 1853 253 abomina-

1071 268 1154 296 tiones
1176 277 1265 296 coram
1284 279 1334 304 me,
1350 275 1375 297 et
1399 270 1498 298 abstuli
1520 279 1564 298 eas
1584 272 1653 298 sicut
1671 271 1774 299 vidisti.
1792 271 1853 300 Vide

1070 322 1152 349 super
1172 315 1244 343 hunc
1260 317 1349 343 locum
1364 315 1516 344 Comment.
1534 315 1702 352 Hieronymi.
1718 316 1853 344 Gravissi-

1069 369 1143 388 mum
1170 367 1259 390 antem
1278 366 1420 398 peceatum
1451 362 1512 395 fuit,
1529 363 1601 398 quod
1617 364 1652 391 ab
1667 363 1739 398 ipsis
1757 371 1851 391 nomen

1069 408 1162 440 traxit,
1187 412 1214 435 et
1241 416 1303 436 cum
1336 417 1369 438 eo
1397 409 1557 437 idololatriae
1580 409 1852 445 peccatumJudicei

1068 454 1148 481 modo
1167 455 1262 488 lector,
1283 463 1364 490 quam
1395 464 1465 483 vana
1491 456 1563 490 sint,
1583 450 1610 483 εἰ
1637 457 1743 488 inania,
1759 464 1821 491 qua:
1839 465 1851 482 a

1067 500 1231 534 quibusdam
1256 500 1290 529 de
1314 502 1366 529 hoc
1389 506 1502 537 peccato
1519 502 1674 535 traduntur,
1691 502 1759 529 dum
1782 503 1852 530 illius

1067 546 1198 580 originem
1225 546 1259 573 ad
1284 547 1468 575 nobilissimas
1488 548 1613 575 nationes
1626 549 1766 583 rcjiciunt,
1793 557 1850 575 cum

1066 595 1188 626 tempore
1201 592 1318 620 Abrahae
1331 592 1359 620 in
1373 592 1578 628 Pentapolitana
1593 594 1637 621 illa
1653 594 1768 629 regione
1784 595 1850 628 apud

1066 637 1165 672 impios
1180 638 1242 665 illos
1256 637 1381 666 homines
1397 643 1583 674 grassaretur;
1596 646 1658 666 cum
1674 646 1727 666 nec
1741 646 1850 666 accusa-

1067 687 1154 710 tarum
1181 683 1321 719 regionum
1349 684 1480 712 memoria
1509 685 1562 712 ulla
1589 685 1678 712 adhuc
1701 689 1849 712 exstaret:

1065 729 1155 756 omnia
1170 729 1241 756 enim
1262 729 1371 757 illarum
1387 731 1507 765 gentium
1521 731 1603 758 etiam
1620 731 1748 759 fabulosa
1770 730 1850 758 Sodo-

1064 775 1158 802 mitico
1172 775 1219 802 illo
1233 775 1295 810 igne
1318 776 1480 810 posteriora.
1496 776 1553 803 Etsi
1574 784 1667 803 verum
1685 776 1768 804 fateri
1793 777 1850 803 licet

1064 821 1145 848 etiam
1166 825 1229 849 ante
1242 821 1374 849 diluvium
1391 823 1481 850 scelus
1498 822 1564 849 illud
1582 830 1636 850 non
1653 823 1745 849 solum
1764 823 1791 849 in
1807 822 1851 849 ho-

1067 868 1166 900 mines,
1185 868 1232 895 sed
1252 868 1334 895 etiam
1359 869 1387 895 in
1409 869 1488 895 bruta
1505 869 1531 895 in
1548 876 1598 896 usu
1614 868 1702 896 fuisse
1729 869 1849 896 scribunt

1066 916 1204 945 auctores,
1229 920 1299 948 quos
1323 913 1448 948 superius
1471 913 1644 945 adduximus,
1660 921 1723 940 cum
1742 919 1848 949 peccata

1065 958 1101 985 ob
1116 965 1176 993 quae
1189 962 1263 986 totus
1277 963 1411 986 terrarum
1427 959 1500 987 orbis
1516 967 1648 994 aquarum
1662 960 1758 987 illuvie
1772 959 1849 987 obni-

1065 1007 1109 1031 tus
1131 1004 1212 1031 fuerit
1232 1012 1519 1032 commemoraremus.
1536 1005 1687 1033 Barbarum
1710 1013 1778 1041 ergo
1806 1014 1836 1032 ne

1064 1049 1230 1085 laudumque
1246 1050 1298 1077 hoc
1312 1049 1420 1078 {acinus
1432 1058 1446 1077 a
1461 1050 1586 1078 barbaris
1603 1051 1693 1086 primo
1711 1051 1845 1078 inventum

1063 1095 1090 1122 in
1116 1095 1184 1123 alias
1203 1095 1328 1123 nationes
1349 1095 1477 1123 dill’usum
1495 1096 1610 1123 historia
1632 1104 1712 1124 sacra
1739 1097 1847 1123 manife-

1062 1144 1133 1168 stum
1151 1145 1203 1168 est.
1220 1141 1300 1175 Quid,
1315 1142 1430 1177 maligne
1445 1142 1648 1174 morsiculator,
1661 1143 1782 1179 indignis
1796 1144 1845 1170 cri-

1061 1187 1257 1215 minationibus
1284 1189 1469 1216 nobilissimas
1491 1197 1523 1216 ac
1537 1189 1700 1217 innocentes
1726 1191 1845 1218 nationes

1061 1231 1143 1258 livido
1155 1239 1203 1258 ore
1219 1232 1368 1260 mordendo
1382 1233 1514 1261 lacessis?

1095 1277 1174 1310 lbid.,
1190 1278 1240 1305 lin.
1259 1279 1302 1306 5i.
1323 1280 1409 1306 Ἐστι
1424 1279 1479 1314 γὰρ
1498 1279 1580 1306 ἰδεῖν.
1605 1279 1778 1315 Epitomator
1793 1281 1844 1308 Ste-

1059 1323 1142 1358 phani
1164 1324 1198 1351 de
1223 1325 1337 1352 urbibus
1353 1333 1400 1352 eas
1423 1326 1516 1353 decem
1534 1325 1620 1354 fuisse
1635 1327 1686 1359 ait,
1700 1335 1844 1362 earumque

1058 1373 1141 1404 caput
1168 1369 1254 1397 fuisse
1281 1370 1436 1398 Sodomam.
1468 1370 1566 1398 Strabo
1596 1377 1652 1399 tres
1673 1372 1744 1399 alias
1764 1373 1841 1403 addit.

1056 1420 1083 1442 et
1115 1414 1218 1441 fallitur
1252 1415 1279 1442 in
1309 1415 1428 1443 duobus.
1443 1416 1532 1451 primo
1561 1416 1587 1443 in
1605 1424 1723 1443 numero
1739 1424 1841 1449 earum;

1057 1460 1188 1493 secundo,
1209 1460 1354 1488 Sodomam
1387 1462 1421 1488 ad
1460 1462 1563 1497 aliquot
1601 1462 1690 1490 stadia
1717 1463 1841 1498 integram

1056 1507 1191 1535 mansisse
1221 1517 1227 1534 :
1253 1511 1399 1542 utrumque
1427 1508 1499 1534 enim
1523 1515 1607 1535 sacrae
1629 1508 1782 1542 Scriptura:
1804 1517 1842 1535 re~

1059 1555 1169 1586 pugnat.
1197 1551 1250 1578 Alii
1279 1555 1397 1586 quatuor
1421 1552 1505 1580 fuisse
1533 1553 1655 1584 tradunt,
1690 1553 1840 1584 Sodomam.

1057 1595 1249 1628 Gomorrbam,
1277 1596 1420 1628 Adamam,
1446 1600 1473 1624 et
1500 1596 1619 1629 Seboim,
1637 1598 1764 1632 quintam
1784 1606 1841 1625 vero

1057 1642 1167 1670 nomine
1188 1642 1281 1669 Balatu
1307 1642 1475 1670 destructum
1501 1643 1597 1676 fuisse,
1613 1644 1666 1671 nisi
1683 1643 1757 1671 Deus
1775 1644 1839 1670 illam

1056 1689 1185 1723 precibus
1200 1688 1251 1716 Lot
1266 1689 1414 1716 immunem
1433 1693 1581 1716 servasset.
1612 1689 1753 1724 Iosephus
1768 1690 1812 1716 lib.
1834 1698 1839 1715 I

1057 1736 1198 1770 Antiquit.,
1214 1736 1276 1763 licet
1297 1736 1465 1763 contrarium
1488 1740 1594 1763 astruat
1614 1737 1661 1764 lib.
1679 1745 1696 1764 ν
1723 1737 1764 1764 De
1781 1737 1840 1764 bello

1054 1781 1169 1809 Iudaico
1186 1790 1246 1817 cap.
1267 1783 1294 1814 5,
1313 1787 1339 1810 ct
1362 1782 1540 1818 Hieronymus
1557 1783 1595 1810 De
1611 1784 1675 1811 locis
1696 1784 1839 1811 Hebraicis.

1055 1827 1120 1854 Eam
1136 1836 1201 1855 vero
1217 1827 1405 1856 Theodoretus
1418 1834 1515 1862 quaest.
1531 1830 1565 1856 69
1592 1831 1619 1856 in
1633 1829 1727 1857 Cenes.
1743 1835 1771 1857 et
1785 1829 1840 1857 Sui-

1054 1874 1103 1901 das
1120 1881 1186 1901 voce
1215 1874 1275 1906 Lat,
1299 1878 1361 1910 post
1385 1883 1524 1910 egressum
1552 1876 1601 1902 Lot
1620 1876 1708 1904 fuisse
1737 1877 1840 1904 destru-

1054 1925 1125 1948 ctam
1155 1921 1290 1953 scribunt,
1313 1925 1340 1948 et
1358 1929 1453 1949 omnes
1481 1922 1651 1950 habitatores
1668 1927 1752 1950 terra!
1769 1923 1838 1950 hiatu

1053 1968 1209 2003 absorptos.
1225 1967 1315 2001 Quare
1331 1976 1383 1995 non
1400 1969 1499 1995 mirum
1517 1969 1551 1996 ab
1566 1969 1712 1997 Eustathiu
1723 1970 1840 2004 quinque

1052 2014 1193 2041 civitatum
1207 2009 1494 2042 commemorationem
1511 2015 1578 2042 ﬁeri.

1088 2060 1154 2087 Ibid.
1167 2081 1174 2091 ,
1191 2061 1240 2087 lin.
1258 2061 1301 2087 32.
1329 2061 1381 2087 Ἐν
1411 2058 1456 2094 αἷς
1476 2060 1657 2092 βλαστάνει.
1682 2061 1838 2088 Incendium

1052 2106 1117 2132 illud
1131 2106 1213 2133 etiam
1232 2106 1259 2132 in
1277 2106 1374 2132 herbas
1392 2105 1553 2140 plantasque
1568 2107 1681 2133 saevisse.
1693 2127 1700 2138 ,
1723 2112 1752 2133 et
1775 2107 1839 2133 mimi

1051 2152 1111 2179 illas
1126 2152 1278 2179 sterilitatis
1296 2153 1376 2179 modo
1393 2152 1532 2183 amisisse,
1549 2152 1683 2180 habemus
1705 2161 1740 2180 ex
1758 2154 1837 2179 variis

208 2186 301 2213 τωδῶν
319 2196 348 2214 τε
366 2190 412 2215 καὶ
423 2189 539 2217 θειωδῶν
553 2193 569 2226 ἡ
580 2192 660 2229 λίμνη
678 2195 818 2228 προπέσοι,
835 2197 880 2223 καὶ
902 2199 994 2233 πέτραι

1061 2198 1220 2225 ιυειοτὶὺυε.
1235 2197 1370 2232 Iosephus
1390 2198 1427 2225 De
1444 2198 1510 2225 bello
1526 2198 1644 2224 Iudaico
1671 2198 1721 2225 lib.
1740 2208 1768 2230 v,
1783 2207 1836 2233 cap.

208 2233 371 2270 πυρίληπτοι
381 2237 508 2270 γένοιντο,
518 2239 549 2264 αἴ
559 2248 587 2264 τε
599 2240 689 2272 πόλεις
702 2242 728 2268 αἱ
746 2242 793 2277 μὲν
805 2245 995 2277 καταποοεῖεν,

207 2279 241 2311 ἃς
255 2280 277 2307 δ’
293 2281 445 2309 ἐκλείποιεν
461 2283 485 2308 οἱ
497 2283 639 2319 δυνάμενοι
651 2289 754 2320 φυγεῖν.
764 2287 952 2318 Eratosthenis
964 2293 996 2319 de

207 2325 261 2353 hoc
274 2328 369 2354 eodem
384 2329 520 2356 diversam
538 2331 692 2364 opinionem
706 2333 767 2360 vide
777 2335 847 2369 apud
859 2337 994 2365 eumdem.

240 2372 321 2405 Ibid.,
334 2373 383 2400 liu.
398 2375 442 2401 '50.
454 2376 494 2401 AL‘
506 2376 638 2411 ἄδεσμον
651 2379 776 2412 παράνο.
791 2380 994 2410 Sodomitarum

206 2423 318 2453 peccata
342 2427 398 2446 non
425 2428 509 2448 unum
537 2426 642 2449 tantum
666 2424 761 2456 fuisse,
791 2427 839 2453 sed
867 2427 994 2461 plurima,

206 2472 293 2500 eaque
321 2467 492 2501 gravissima,
511 2469 595 2496 refert
611 2468 748 2506 Iosephus
772 2472 819 2499 lib.
847 2481 855 2500 ι
881 2473 993 2509 Antiq.:

210 2510 279 2537 Ὑπὸ
295 2511 326 2547 δὴ
339 2512 433 2539 τοῦτον
445 2513 492 2540 τὸν
507 2515 601 2550 καιρὸν
619 2517 642 2543 οἱ
658 2517 812 2552 Σοδομῖται,
826 2519 932 2555 πλούτῳ
948 2522 994 2547 καὶ

205 2556 317 2602 μεγέθει
342 2559 490 2594 χρημάτων
516 2561 758 2597 ὑπερφρονοῦντες,
774 2564 814 2595 εἴς
836 2574 865 2592 τε
887 2565 992 2602 ἀνθρώ-

203 2610 272 2634 πους
298 2600 369 2637 ἦσαν
394 2604 530 2640 ὑϐρισταὶ,
543 2607 589 2632 καὶ
605 2608 672 2642 πρὸς
691 2609 720 2634 τὸ
732 2608 809 2636 Θεῖον
823 2600 943 2644 ἀσεϐεῖς,
956 2612 991 2643 ὡς

204 2648 303 2682 μηκέτι
326 2651 479 2685 μεμνῆσθαι
493 2651 547 2678 τῶν
563 2653 627 2688 παρ’
645 2653 727 2680 αὐτοῦ
746 2656 898 2691 γενομένων
922 2658 992 2692 ὠφε-

203 2692 293 2724 λειῶν,
319 2692 389 2721 εἶναι
408 2696 553 2730 μισόξενοι,
569 2699 616 2724 καὶ
633 2698 683 2730 τὰς
700 2700 768 2734 πρὸς
787 2700 916 2737 ἀλλήλους
931 2703 991 2737 ὁμι-

203 2739 262 2770 λίας
280 2740 515 2776 ὲκτρέπεσθαι.Ει
541 2743 612 2771 Deus
632 2745 702 2781 apud
725 2745 904 2778 Ezechiclcm,
930 2755 989 2782 cap.

204 2793 248 2815 x-VI
265 2795 271 2812 :
289 2786 365 2819 Ecce,
387 2788 487 2824 inquit,
512 2789 568 2816 lucc
581 2790 631 2824 fuit
649 2792 773 2827 iniquitas
790 2793 922 2827 Sodoma,
947 2803 990 2821 su-

203 2832 304 2871 perbia,
333 2835 460 2862 saturitas
487 2836 572 2870 panis,
600 2841 625 2863 et
650 2837 832 2873 abundantia,
854 2845 878 2866 et
909 2841 989 2867 otium

1049 2244 1074 2270 5:
1090 2244 1195 2278 Γειτνιᾷ
1210 2243 1238 2269 δὲ
1254 2245 1270 2278 ἡ
1288 2244 1426 2279 Σοδομῖτις
1439 2244 1519 2280 αὐτῇ,
1535 2245 1616 2270 πάλαι
1638 2245 1690 2279 μὲν
1705 2246 1838 2280 εὐδαίμων

1047 2290 1082 2324 γῆ
1098 2290 1211 2324 καρπῶν
1223 2299 1252 2316 τε
1269 2291 1349 2316 ἕνεκα
1365 2291 1410 2316 καὶ
1429 2290 1477 2325 τῆς
1490 2291 1553 2325 περὶ
1571 2290 1648 2316 πόλιν
1666 2293 1835 2325 περιουσίας,

1047 2337 1093 2363 νῦν
1109 2337 1136 2363 δὲ
1160 2337 1314 2372 κεκαυμένη
1335 2338 1418 2363 πᾶσα.
1442 2337 1509 2363 Φασὶ
1529 2337 1573 2369 δὲ,
1594 2336 1631 2368 ὡς
1655 2337 1690 2363 δι’
1712 2338 1835 2364 ἀσέϐειαν

1046 2381 1196 2416 οἰκητόρων
1215 2383 1356 2417 κεραυνοῖς
1376 2383 1588 2417 καταφλεγῆναι.
1607 2382 1688 2408 Ἔστι
1712 2382 1782 2416 γοῦν
1801 2384 1835 2408 ἑτι

1046 2428 1158 2462 λείψανα
1170 2428 1217 2454 τοῦ
1231 2428 1302 2454 θείου
1318 2428 1404 2463 πυρὸς
1414 2448 1421 2460 ,
1438 2429 1483 2455 καὶ
1495 2428 1573 2454 πέντε
1591 2428 1639 2462 μὲν
1655 2429 1765 2455 πόλεων
1779 2429 1834 2455 iam

1047 2473 1136 2506 σκιὰς,
1155 2473 1252 2500 ἔστιδὲ
1272 2474 1322 2499 κάν
1339 2475 1393 2505 τοῖς
1411 2475 1527 2508 καρποῖς
1550 2473 1662 2500 σποδιὰν
1683 2475 1834 2508 ἀναγεννω-

1047 2520 1140 2555 μένην,
1157 2520 1181 2546 οἳ
1199 2520 1282 2555 χρόαν
1306 2520 1354 2554 μὲν
1371 2520 1462 2554 ἔχουσι
1485 2522 1541 2552 τοῖς
1564 2520 1709 2555 ἐδωδίμοις
1731 2521 1832 2555 ὁμοίαν.

1044 2566 1220 2602 δρεψαμένων
1243 2566 1271 2593 δὲ
1296 2566 1389 2602 χερσὶν
1415 2568 1454 2597 εἰς
1475 2567 1576 2593 καπνὸν
1605 2566 1763 2592 διαλύονται
1793 2567 1834 2593 καὶ

1044 2612 1157 2647 τέφραν.
1173 2611 1285 2653 Tacitus
1298 2633 1305 2645 ,
1328 2610 1431 2638 Histor.
1447 2611 1494 2638 lib.
1510 2620 1542 2638 νς
1562 2610 1645 2637 Haud
1667 2613 1766 2645 procul
1780 2612 1833 2638 inde

1044 2657 1144 2691 campi,
1163 2665 1227 2692 quos
1239 2657 1326 2691 ferunt
1343 2657 1406 2683 olim
1419 2656 1509 2684 uberes
1521 2678 1528 2691 ,
1552 2658 1711 2692 magnisque
1727 2657 1831 2684 urbibus

1043 2702 1185 2736 habitatas,
1195 2703 1338 2737 fulminum
1346 2703 1422 2738 jactu
1433 2704 1543 2736 arsisse,
1558 2709 1701 2731 etmanere
1714 2705 1829 2740 vestigia.

1044 2754 1189 2782 terramque
1200 2750 1281 2783 specie
1292 2750 1420 2776 torridam
1432 2750 1482 2777 vim
1498 2749 1656 2784 frugiferam
1676 2751 1827 2784 perdidisse.

1045 2794 1114 2821 Nam
1130 2800 1223 2822 cuncto
1238 2801 1326 2829 sponte
1339 2795 1420 2828 edita,
1439 2801 1486 2822 aut
1501 2804 1579 2822 manu
1594 2801 1667 2829 suta,
1686 2797 1742 2824 sire
1757 2797 1827 2823 horta

1044 2847 1126 2876 ισηιιε,
1149 2846 1194 2868 aut
1215 2842 1294 2877 ﬂore,
1317 2851 1360 2869 seu
1385 2842 1491 2869 solitam
1508 2843 1534 2869 in
1553 2842 1666 2876 speciem
1687 2842 1824 2870 adolevere.
