1897 3073
15 74 32 101 ι
42 77 128 107 oar
609 79 642 106 IN
663 78 847 107 EUS‘I‘ATHII

15 140 70 161 at
77 145 122 164 ra
145 141 172 165 et
186 138 281 165 inania
294 138 360 165 velut
376 138 403 165 in
415 138 526 165 cinerem
536 143 691 173 canescunt.
711 138 766 174 Ego
781 139 850 166 sicut

15 178 44 205 Ι
55 182 191 210 udaicas
210 183 342 218 quondam
358 184 434 213 urbes
456 185 513 220 igne
531 184 629 211 culesti
645 184 774 220 ﬂagrasse
788 193 849 211 con—

15 229 202 261 cesserim,
220 230 260 256 ita
278 229 362 256 halitu
385 230 458 257 locus
485 231 558 265 inﬁci
580 235 695 264 terram,
717 231 849 265 corrumpi

16 274 232 309 superfusum
246 274 466 310 spiritum,eoque
479 275 547 310 fetus
558 279 672 310 segetum
686 280 710 303 et
727 277 849 303 autumni

17 325 211 352 putrescere
234 329 292 347 reor
313 321 369 347 solo
391 321 502 356 castoque
524 322 604 356 juxta
623 323 706 357 gravi.
727 322 847 353 Solinus,

22 372 121 401 cap.
137 367 191 394 38:
209 366 266 393 Duo
286 367 321 393 ibi
336 367 429 402 oppida
445 367 587 394 Sodomum
604 369 766 395 nominatum
777 368 849 395 alte—

24 421 131 444 rum,
148 414 261 441 alterunt
274 412 460 445 Comorrhum,
477 414 546 448 apud
562 423 621 449 quw
639 423 745 449 pomum
763 415 849 450 gigni-

27 464 102 486 tur
113 467 124 486 .'
141 460 212 495 quod
227 460 303 487 habet
318 461 427 495 speciem
437 460 494 486 licet
517 461 691 493 ntaluritatis,
705 460 796 488 mandi
808 465 849 487 ta-

27 513 116 533 men
134 515 189 533 non
202 509 292 541 potest
307 514 315 538 ;
335 515 396 533 nam
413 506 548 540 fuliginea:
566 507 723 534 intrinsecus
740 506 848 541 favilla-

28 559 133 578 ceam.
160 552 269 579 ambitio
288 557 391 579 tantum
406 554 509 579 ea'timw
523 553 593 579 cutis
609 552 720 584 cohibet,
735 561 793 587 qua:
810 551 848 579 vel

31 597 106 624 levi
124 602 200 624 tactu
210 606 310 632 pressa,
322 598 421 632 fumum
432 598 548 630 exhalat,
559 603 582 625 et
597 598 697 632 fatiscit
714 598 740 624 in
755 606 848 633 vagum

29 645 204 678 pulverem.

89 689 157 716 Col.
168 689 232 722 761,
247 689 348 717 lin.35.
365 688 483 722 Γειτνιᾷ
498 688 532 715 δὲ
546 689 664 723 ταύτης.
681 690 848 725 Asphaltites

30 734 161 762 Judm
176 735 252 763 lacus
267 736 348 763 situm
366 740 392 763 et
406 737 506 764 limites
523 736 606 769 Plin.,
620 737 668 763 lib.
683 745 709 768 ν,
725 744 786 772 cap.
804 737 846 767 16,

31 780 221 809 describens
243 781 291 816 ait,
312 781 508 816 longitudinem
536 782 596 816 ejus
614 781 698 809 maris
716 781 848 809 excedere

34 831 171 854 centum
184 825 268 853 millia
284 834 424 863 passuum,
442 826 612 853 latitudinem
627 826 772 853 maximam
786 833 847 853 esse

33 874 156 909 viginti
176 873 312 908 quinque,
326 872 467 900 minimam
482 879 546 899 vero
567 880 625 900 sex.
641 871 792 906 Iosephus,
809 871 847 899 De

37 921 127 948 bello
155 920 222 946 Jud.
248 920 295 947 lib.
318 927 351 951 ν,
373 918 457 946 refert
486 918 683 953 longitudinem
707 918 766 953 ejus
787 926 848 946 esse

36 967 276 1002 quingentorum
298 965 435 1000 octoginta
459 964 629 997 stadiorum;
653 964 768 992 latitudo
781 972 846 992 cen—

37 1017 114 1039 tum
131 1011 329 1048 quinquaginta
342 1011 437 1039 stadiis
455 1014 539 1046 patet.
560 1009 598 1037 De
613 1017 644 1037 ea
660 1009 717 1037 haec
732 1010 848 1037 Brocar-

39 1059 107 1086 dus
135 1057 289 1085 monachus
310 1057 338 1084 in
364 1056 548 1091 descriptione
568 1059 648 1082 terra:
671 1059 793 1083 sanctae:
813 1055 848 1082 Et

40 1111 131 1136 nota,
142 1103 214 1139 quod
230 1112 302 1130 mare
318 1102 454 1130 Mortuum
470 1103 501 1129 ab
519 1102 616 1130 oriente
631 1102 659 1129 in
677 1102 845 1135 occidentem,

41 1159 113 1186 que
125 1155 166 1177 est
185 1150 298 1177 latitudo
314 1150 380 1184 ejus,
391 1149 467 1176 habet
493 1150 604 1184 quinque
620 1148 728 1175 leueas:
745 1149 773 1174 in
790 1148 844 1174 lon-

42 1195 176 1230 gitudine
193 1203 252 1221 vero
268 1203 325 1229 qua:
339 1199 378 1222 est
396 1194 427 1221 ab
442 1194 563 1229 aquilone
584 1193 618 1219 ad
636 1198 757 1220 austrum
770 1193 847 1220 habet

43 1241 170 1275 quinque
180 1241 286 1271 dicatas,
297 1245 325 1267 ut
337 1240 402 1267 mihi
417 1239 543 1268 Saraceni
556 1239 716 1269 retulerunt;
731 1239 778 1265 alii
789 1247 846 1266 vero

45 1288 137 1314 aliam
155 1288 353 1322 assignaverunt
372 1285 569 1321 longitudinem.
582 1285 679 1312 Scribit
694 1285 847 1320 patriarcha

49 1332 337 1368 IIierosolymitanus,
363 1333 407 1367 qui
432 1340 499 1366 sa'pe
524 1332 609 1359 locum
638 1332 714 1359 illum
746 1333 845 1365 invisit,

47 1386 129 1404 mare
155 1377 223 1404 illud
244 1386 344 1412 semper
363 1377 464 1412 fumum
488 1377 610 1410 reddere,
631 1382 656 1404 et
676 1377 799 1405 nebulam
818 1379 845 1405 in

46 1423 164 1450 modum
181 1424 279 1450 contini
294 1423 453 1457 infernalis:
473 1423 541 1449 unde
556 1428 612 1449 tota
627 1423 674 1449 illa
688 1423 775 1454 vallis,
788 1432 846 1457 qucc

47 1468 174 1503 alioquin
189 1468 219 1495 ob
238 1468 279 1494 sui
294 1468 480 1502 fecunditatem
496 1474 520 1495 et
539 1469 717 1495 amoenitatem
731 1469 844 1496 illustris
859 1483 879 1512 ο

46 1513 125 1540 dicta
141 1513 206 1548 fuit.
219 1512 253 1539 ad
269 1513 382 1547 spatium
397 1512 515 1539 dimidia:
526 1513 613 1539 diana:
630 1513 728 1540 sterilis
741 1518 766 1540 et
784 1515 844 1540 inu-

47 1559 109 1586 tilis
126 1558 232 1586 reddita
249 1563 304 1591 est,
322 1559 361 1585 ita
382 1563 410 1585 ut
431 1567 475 1585 nec
494 1558 577 1585 ullum
598 1567 702 1594 germen
727 1560 844 1593 proferat

47 1606 107 1641 fere
121 1614 170 1640 per
185 1606 301 1640 spatium
314 1605 426 1640 quinque
451 1604 597 1638 leucarnm,
616 1605 668 1632 nisi
684 1607 765 1639 juxta
780 1607 845 1633 civi-

47 1656 135 1677 tatem
150 1649 267 1682 Iericho,
289 1649 334 1676 ubi
351 1650 419 1676 horti
436 1651 582 1684 irrigantur
596 1660 611 1677 ιι
625 1651 696 1685 fonte
712 1651 815 1683 Elisci;
828 1661 844 1678 a

46 1695 157 1722 dextris
177 1700 201 1721 et
221 1695 335 1721 sinistris
359 1694 436 1729 hujus
455 1695 536 1721 maris
557 1700 656 1722 montes
684 1696 796 1726 steriles,
819 1701 844 1723 et

46 1741 124 1768 aridi
151 1746 293 1768 cernuntur
309 1749 317 1767 :
333 1750 393 1768 nam
413 1749 563 1776 quocunque
582 1749 661 1775 vapor
676 1750 691 1768 a
709 1742 777 1768 mari
797 1742 842 1769 illo

46 1787 198 1814 ascendens
213 1786 374 1820 impellitur,
392 1787 427 1813 ibi
442 1791 519 1814 terra:
536 1787 672 1814 nascentia
693 1796 744 1814 non
769 1796 842 1814 secus

45 1841 133 1868 quam
150 1832 174 1858 si
189 1841 204 1858 α
217 1832 312 1866 pruina
327 1831 439 1866 fuissent
458 1836 539 1863 tacta,
554 1832 729 1860 entoriuntur.
744 1831 776 1858 In
792 1841 842 1867 quo

45 1878 205 1904 districtum
221 1877 268 1904 Dei
276 1877 408 1913 judicium
427 1877 501 1904 nobis
517 1877 548 1904 ob
562 1878 652 1904 oculos
666 1879 782 1911 ponitur,
797 1879 842 1913 qui

47 1929 107 1950 tant
120 1932 209 1951 serere
221 1923 335 1959 grandia
348 1924 395 1950 illa
412 1923 586 1951 Sodomorum
600 1929 707 1958 peccata
718 1933 799 1959 usque
814 1925 841 1951 in

46 1971 208 1997 hodiernum
230 1970 298 1997 diem
326 1979 376 1996 non
400 1970 497 1997 desinit
518 1971 622 2004 punire.
639 1969 694 1997 Nec
714 1971 766 1997 nisi
786 1971 841 1997 visa

47 2016 93 2042 hic
112 2015 210 2042 scribo.
235 2015 284 2042 Diu
310 2015 454 2050 (prasitum
471 2020 513 2043 est
539 2024 573 2042 an
590 2016 665 2043 lacus
680 2017 723 2043 ille
737 2037 744 2048 ,
758 2024 839 2051 quem

47 2060 153 2088 divinae
170 2061 267 2088 littera:
284 2060 359 2088 Mare
374 2061 440 2088 salis
457 2062 612 2096 appellant,
632 2065 693 2096 post
705 2062 839 2088 excidium

48 2106 175 2142 regionis
196 2105 371 2133 Sodomiticm
398 2107 541 2134 emcrserit
563 2115 578 2134 e
600 2112 678 2134 terra:
701 2107 837 2137 cavernis,

868 78 1102 108 llEXAEMERON
1116 81 1228 109 ΝΟΤιΕ.
1619 81 1689 109 1022

866 144 886 169 Λ
901 139 1022 167 defuisse
1037 140 1165 168 Straboni
1180 145 1322 173 auctores,
1341 148 1409 176 quos
1427 141 1454 168 in
1478 140 1530 168 hac
1552 145 1628 176 parte
1644 150 1687 169 se-
1711 154 1713 157 -

899 189 1045 220 queretur,
1061 186 1102 213 vel
1116 194 1147 213 ex
1171 194 1203 214 eo
1217 186 1290 220 quod
1312 185 1417 214 Plinius
1434 187 1534 218 refert,
1552 186 1685 221 quosdam

899 230 1047 258 tradidisse
1070 229 1213 258 Sirbonem
1247 230 1335 258 lacum
1351 231 1451 259 habere
1473 239 1525 258 cui
1554 238 1686 266 passuum

902 277 1058 305 circuitum.
1074 276 1112 304 De
1123 278 1182 304 lacu
1195 277 1347 311 Asphaltite
1363 277 1424 305 vide
1439 278 1623 305 Dioscoridem
1637 277 1685 304 lib.

900 330 920 353 ι,
937 330 997 357 cap.
1013 322 1079 356 l00;
1094 321 1260 353 Vitruvium,
1276 321 1404 354 Plinium,
1419 323 1584 358 Antigonum
1598 323 1685 358 Cary-

900 369 982 396 stium
996 389 1002 400 ,
1028 367 1188 395 Strabonem
1202 387 1209 398 ,
1231 367 1390 394 Africanum
1404 387 1412 400 ,
1434 367 1632 396 Tertullianum
1657 369 1686 396 in

899 415 1021 442 carmine
1056 415 1093 442 De
1123 414 1259 445 Sodoma,
1290 413 1436 448 Orosium,
1463 415 1509 442 lib.
1534 423 1542 443 ι
1567 414 1686 446 Ηίθεοι,

899 462 1022 488 omnium
1048 461 1287 495 diligentissimum
1311 460 1518 487 Adriehomium
1548 461 1576 488 in
1609 460 1685 488 tribu

898 505 984 538 Judre,
1000 514 1075 534 num.
1096 506 1157 534 186.

936 552 1005 578 lbid.
1017 571 1025 583 ,
1043 551 1092 578 lin.
1110 551 1154 578 59.
1179 551 1300 585 Κοῦφον
1319 550 1353 577 δὲ
1372 551 1405 577 τὸ
1430 550 1518 585 ὕδωρ.
1533 550 1686 586 Josephus,

898 600 946 627 lib.
961 608 977 626 ν
997 599 1033 625 De
1048 598 1114 625 bello
1130 598 1245 625 Iudaico
1255 607 1264 625 :
1282 597 1373 630 Ἄξιον
1385 597 1413 624 δὲ
1431 597 1625 633 ἀφηγήσασθαι
1640 597 1688 625 καὶ

898 645 947 680 τὴν
964 644 1043 680 φύσιν
1055 644 1104 679 τῆς
1124 643 1324 678 Ἀσφαλτίτιδος
1340 643 1448 678 λίμνης.
1463 643 1542 675 Ἦτις
1554 643 1612 669 ἐστὶ
1626 643 1688 678 μὲν,

899 691 936 723 ὼς
947 691 1024 726 ἔφην,
1039 690 1124 726 πικρὰ
1140 691 1187 716 καὶ
1202 690 1307 724 ἄγονος·
1324 689 1376 715 ὑπὸ
1386 690 1413 715 δὲ
1422 690 1586 725 κουφότητος
1601 689 1646 715 καὶ
1653 689 1688 715 τὰ

900 735 1038 771 βαρύτατα
1052 736 1105 762 τῶν
1122 736 1161 767 εἰς
1177 735 1260 770 αὐτὴν
1284 735 1414 770 ῥιφέντων
1438 735 1583 770 ἀναφέρει,
1601 743 1685 761 κατα-

898 782 973 809 δῦναι
998 782 1025 808 δὲ
1039 783 1078 813 εἰς
1098 782 1143 808 τὸν
1166 781 1244 817 βυθὸν
1269 781 1327 807 οὐδὲ
1349 781 1562 816 ἐπιτηδεύσαντα
1585 781 1683 817 ῥᾴδιον.

864 813 884 839 Β
899 828 1059 855 Africanus:
1085 813 1249 854 Ξυνέέαλλον
1272 827 1300 854 δὲ
1324 826 1399 863 παρὰ
1415 813 1464 863 τὴν
1486 813 1623 854 θάλασσαν
1636 827 1686 862 τὴν

903 874 1034 910 Ἀλυκὴν,
1054 874 1114 910 ἥτις
1135 873 1257 900 καλεῖται
1288 873 1336 899 νῦν
1362 872 1484 900 θάλασσα
1509 873 1612 909 Νεκρὰ.
1641 873 1689 899 Ἐν

898 920 982 957 ταύτῃ
1005 920 1118 947 πλεῖστα
1138 919 1192 946 τῶν
1211 920 1368 955 θαυμασίων
1389 920 1532 954 τεθέαμαι.
1554 919 1635 946 Ζώων
1655 927 1684 945 τε

897 967 951 1002 γὰρ
962 967 1037 993 οὐδὲν
1054 968 1141 993 ἐκεῖνο
1154 966 1184 993 τὸ
1198 966 1269 1001 ὕδωρ
1285 965 1371 1000 φέρει,
1386 968 1432 992 καὶ
1448 965 1541 1001 νεκροὶ
1556 966 1605 1000 μὲν
1617 966 1684 999 ὑπερ,

898 1012 1002 1047 ϐρύχιοι
1024 1012 1167 1048 φέρονται,
1189 1011 1290 1043 ζῶντες
1305 1011 1327 1037 δ’
1349 1011 1403 1037 οὐδ’
1423 1010 1455 1037 ἂν
1477 1010 1574 1046 ῥᾳδίως
1589 1010 1681 1045 βαπτι-

898 1065 997 1084 σαιντο.
1012 1056 1109 1092 Λύχνοι
1129 1056 1177 1091 μὲν
1190 1055 1329 1089 καιόμενοι
1344 1056 1390 1081 καὶ
1404 1055 1588 1090 ἐπιφέρονται,
1607 1055 1684 1082 σϐενν

897 1102 1005 1137 νύμενοι
1022 1101 1049 1128 δὲ
1067 1101 1238 1128 καταδύουσι.
1263 1100 1379 1131 Strabo,
1397 1100 1444 1127 lib.
1461 1108 1525 1127 xvt:
1548 1097 1605 1126 Εἶτ’
1623 1101 1683 1127 ἐπι-

897 1147 1050 1179 πολάζουσα
1060 1146 1103 1172 διὰ
1116 1146 1165 1181 τὴν
1180 1146 1259 1179 φύσιν
1272 1145 1318 1172 τοῦ
1334 1145 1479 1180 ὓδατοςτῆν
1496 1145 1599 1180 ἔφαμεν
1617 1145 1685 1181 μηδὲ

897 1193 1030 1229 κολύμϐου
1051 1192 1172 1225 δεῖσθαι,
1197 1192 1263 1228 μηδὲ
1286 1191 1463 1227 βαπτίζεσθαι
1482 1192 1526 1218 τὸν
1550 1192 1687 1227 ἐμϐάντα,

897 1239 952 1265 ἀλλ’
970 1238 1134 1274 ἐξαίρεσθαι.
1455 1241 1460 1246 ’

930 1283 1015 1317 lbid.,
1049 1284 1096 1310 lin.
1132 1283 1176 1310 46.
1208 1284 1361 1318 Ἀναφέρει
1391 1283 1425 1310 δὲ
1459 1283 1546 1314 ἅλας.
1581 1281 1682 1308 Eadem

896 1331 975 1358 habet
987 1330 1122 1365 Josephus
1136 1331 1196 1358 loco
1215 1330 1300 1361 dicto,
1316 1330 1343 1357 in
1362 1337 1416 1364 quo
1436 1329 1469 1356 de
1486 1328 1629 1356 bitumine
1657 1330 1686 1354 et

895 1377 954 1411 ejus
977 1377 1004 1404 in
1030 1376 1174 1404 medicinis
1193 1384 1255 1403 usu.
1273 1375 1377 1403 Plinius
1390 1396 1397 1407 ,
1415 1376 1463 1402 lib.
1479 1383 1496 1402 ιι
1508 1395 1515 1406 ,
1533 1382 1593 1409 cap.
1614 1374 1681 1401 105:

897 1423 971 1450 Nihil
989 1423 1016 1449 in
1035 1423 1182 1457 Asphaltite
1192 1422 1295 1449 Judterc
1310 1422 1379 1453 lacu,
1392 1423 1436 1456 qui
1450 1422 1566 1448 bitumen
1586 1420 1681 1455 gignit,

896 1468 976 1503 mergi
991 1472 1089 1502 potest;
1110 1471 1137 1495 et
1154 1468 1201 1494 lib.
1219 1476 1246 1498 v,
1261 1474 1321 1502 cap.
1340 1467 1384 1500 16,
1402 1467 1517 1494 habetur
1536 1466 1587 1492 hoc
1600 1465 1683 1493 idem.

896 1515 964 1542 Vide
986 1522 1046 1550 qum
1063 1515 1143 1541 habet
1165 1513 1318 1548 Antigonus
1343 1513 1484 1548 Carystius
1504 1512 1531 1539 in
1550 1511 1684 1538 Mirabili—

896 1560 942 1587 bus
964 1569 996 1588 ex
1017 1561 1154 1588 sententia
1181 1559 1334 1593 Zenophili,
1357 1562 1384 1585 et
1409 1557 1581 1585 Dioscorides
1597 1558 1644 1584 lib.
1663 1566 1681 1588 l,

894 1614 954 1641 cap.
973 1606 1190 1634 100.Al‘ricanus
1209 1615 1215 1632 :
1239 1604 1370 1631 Ἐνταῦθα
1396 1604 1424 1631 δέ
1446 1606 1514 1630 εἰσιν
1529 1606 1556 1631 αἱ
1580 1603 1683 1638 ἀσφάλ-

894 1660 940 1677 του
965 1651 1067 1686 πηγαί·
1083 1651 1161 1686 Φέρει
1177 1650 1204 1676 δὲ
1221 1650 1387 1685 στυπτηρία-ι
1406 1649 1452 1675 καὶ
1474 1649 1524 1675 ἅλα
1544 1649 1632 1683 ὀλίγον
1656 1657 1683 1674 τι

893 1699 947 1725 τῶν
958 1698 1044 1724 ἄλλων
1058 1697 1227 1733 διαφέροντα·
1244 1697 1330 1732 πικρά
1339 1705 1368 1722 τε
1377 1696 1431 1731 γάρ
1444 1697 1502 1721 ἐστι
1512 1695 1559 1721 καὶ
1567 1695 1664 1730 διαυγῆ
1674 1704 1681 1710 ·

893 1743 955 1770 ἔνθα
974 1743 996 1769 δ’
1017 1742 1049 1769 ἂν
1072 1742 1177 1778 καρπὸς
1198 1741 1306 1777 εὑρεθῇ,
1326 1741 1429 1768 καπνοῦ
1447 1740 1526 1766 πλέον
1546 1740 1621 1766 οὐδὲν
1639 1740 1683 1766 εὐ-

894 1789 1013 1825 ρίσκεται
1030 1788 1223 1824 θολερωτάτου.
1246 1787 1282 1813 Τὸ
1302 1787 1330 1813 δὲ
1347 1786 1419 1822 ὕδωρ
1438 1787 1510 1813 ἰᾶται
1528 1787 1591 1818 τοὺς
1612 1795 1683 1821 χρω-

894 1834 990 1870 μένους
997 1834 1080 1869 αύτῷ.
1092 1834 1176 1869 Λήγει
1189 1833 1216 1859 δὲ
1228 1833 1309 1859 παντὶ
1323 1832 1397 1858 ὕδατι
1407 1833 1509 1867 πάσχον
1521 1832 1638 1859 ἐναντία.
1649 1832 1683 1858 El

891 1880 919 1906 δὲ
932 1880 968 1915 μὴ
987 1880 1120 1915 Ἰορδάνην
1128 1877 1184 1914 εἶχε
1195 1878 1239 1904 τὸν
1247 1878 1367 1914 ποταμὸν
1378 1878 1415 1909 ὡς
1429 1877 1570 1913 πορφύραν
1580 1877 1683 1913 διατρέὲ

891 1934 970 1961 χοντα
986 1926 1032 1952 καὶ
1052 1925 1097 1951 ἐπὶ
1120 1925 1186 1951 πολὺ
1208 1925 1363 1960 ἀντέχοντα,
1381 1924 1478 1959 ἔληξαν
1505 1924 1538 1950 ἂν
1553 1924 1648 1950 Οᾶττον
1664 1923 1681 1957 ἢ

891 1970 1024 2005 φαίνεται.
1042 1971 1118 1996 Ἔστι
1141 1970 1169 1996 δὲ
1182 1971 1246 2005 παρ’
1262 1970 1329 2005 αὐτῇ
1342 1970 1470 2005 πάμπολυ
1484 1969 1530 1995 τοῦ
1544 1969 1685 2004 βαλσάμου

891 2009 982 2050 φυτόᾴ.
1000 2016 1169 2047 ’Υπονοξῖται
1183 2015 1210 2041 δὲ
1224 2015 1423 2051 ἀνατετράφθαι
1439 2015 1490 2041 ὑπὸ
1501 2015 1547 2041 τοῦ
1561 2015 1628 2041 Θεοῦ
1639 2014 1684 2041 διὰ

889 2063 938 2098 τὴν
953 2062 1007 2088 τῶν
1021 2061 1231 2097 περιοικούντων
1255 2062 1391 2089 ἀσέϐειαν.
1409 2061 1490 2088 Plura
1508 2061 1541 2088 de
1564 2061 1615 2088 hac
1637 2069 1682 2088 ea-

890 2110 950 2136 dem
965 2116 994 2136 re
1013 2108 1222 2143 philosophatur
1245 2108 1354 2140 Strabo,
1375 2116 1434 2141 xvr,
1450 2111 1477 2135 et
1492 2116 1524 2135 ex
1543 2108 1679 2135 sententis

48 2152 94 2179 vel
116 2152 170 2179 alia
185 2153 311 2187 quapiam
330 2153 434 2180 ratione
452 2153 564 2181 ellcctus
582 2153 673 2185 fuerit,
688 2161 721 2180 an
733 2161 797 2181 vero
812 2159 839 2181 et
857 2158 876 2183 l)
893 2154 1057 2186 Possidonii,
1078 2161 1139 2188 quae
1159 2157 1256 2181 caetera
1282 2154 1404 2181 facultati
1430 2159 1545 2185 natura),
1575 2153 1682 2188 praesti-

48 2201 116 2225 ante
132 2198 204 2225 illam
223 2199 392 2233 punitiouem
409 2203 493 2226 esset.
513 2198 660 2234 Cajelanus
674 2203 701 2226 et
717 2198 839 2226 Oleasler

48 2244 176 2271 sentiunt
193 2248 256 2272 ante
272 2245 392 2280 regionis
406 2246 480 2273 illius
502 2246 671 2273 eversionem
697 2246 782 2274 fuisse
802 2246 837 2273 ibi

47 2291 141 2318 locum
155 2311 162 2322 ,
177 2291 223 2326 qui
241 2292 390 2319 vocabatur
407 2291 482 2318 Mare
507 2293 589 2323 salis,
611 2300 662 2319 nec
683 2293 838 2327 oppositum

47 2344 84 2363 ex
98 2336 198 2364 divinis
212 2337 308 2365 litteris
324 2337 470 2365 manifesto
481 2337 584 2365 haberi.
594 2337 626 2364 Et
637 2337 760 2365 Oleaster
773 2338 839 2366 satis

48 2379 143 2416 aperte
157 2391 164 2410 :
179 2382 217 2410 Ne
230 2387 309 2418 putes
322 2403 330 2414 ,
344 2383 447 2418 inquit,
465 2389 543 2410 antea
558 2392 612 2410 non
628 2383 713 2411 fuisse
730 2391 762 2411 co
779 2385 839 2412 loco

49 2426 126 2453 illum
142 2427 247 2459 lacum,
264 2435 326 2454 cum
346 2435 456 2463 semper
476 2427 504 2454 in
520 2436 581 2455 eum
598 2429 686 2455 lacum
706 2428 838 2457 Jordancs

50 2479 137 2507 aquas
150 2480 216 2500 suas
235 2475 423 2501 exoneraverit
443 2483 450 2501 :
473 2482 566 2501 verum
592 2479 672 2502 antea
693 2475 770 2503 lacus
794 2475 839 2502 ille

48 2525 104 2544 non
131 2525 161 2545 se
178 2519 342 2547 extendebat
360 2527 448 2554 usque
463 2519 495 2546 ad
511 2519 657 2547 Sodomam
670 2541 677 2553 ,
693 2521 764 2549 sicut
777 2525 839 2556 post

49 2564 255 2593 subversioncm
282 2565 390 2593 illarum
416 2566 568 2593 civitatmn.
592 2566 774 2602 Hieronymus
798 2572 839 2594 ta-

49 2616 160 2638 menet
179 2610 316 2646 Iosephus
338 2613 508 2640 contrarium
533 2617 659 2645 tuentur,
681 2621 731 2641 nec
746 2617 839 2641 noster

50 2656 208 2684 Eustathius
230 2658 264 2685 ab
288 2658 342 2685 illis
364 2658 502 2686 dissentit.
528 2658 613 2687 Notus
640 2664 683 2687 est
707 2665 838 2695 praeterea

51 2701 193 2730 Strabonis
215 2711 294 2731 error
321 2703 463 2732 Sirboncm
486 2705 612 2740 paludem
627 2726 634 2737 ,
659 2715 719 2741 qum
743 2712 784 2734 est
803 2707 837 2734 ad

50 2748 171 2783 Casium,
187 2750 381 2779 confundentis
397 2760 459 2778 cum
479 2752 632 2786 Asphaltite
651 2753 711 2780 lacu
724 2773 731 2785 ,
753 2762 767 2780 a
784 2762 838 2788 quo

51 2793 180 2823 Jordanes
192 2795 320 2823 ebibitur.
334 2795 515 2832 Suspicantur
530 2801 619 2825 tamen
636 2799 770 2833 nonnulli,
784 2807 837 2831 non

893 2202 954 2236 gris.
975 2207 1001 2227 ct
1021 2201 1253 2228 incantationibus
1276 2201 1382 2227 tribuit.
1398 2200 1534 2232 Justinus,
1553 2200 1569 2226 Ι.
1587 2207 1679 2233 xxxvi,

891 2248 1017 2282 paludem
1040 2247 1121 2279 hanc,
1146 2255 1233 2282 neque
1254 2247 1342 2274 ventis
1361 2247 1475 2277 moveri,
1501 2254 1588 2281 neque
1602 2246 1680 2273 navi-

890 2294 1010 2328 gationis
1022 2294 1170 2328 patientem
1183 2301 1245 2320 esse
1265 2296 1360 2320 narrat
1377 2296 1473 2319 contra
1489 2292 1605 2318 aliorum
1621 2291 1680 2326 opi-

891 2340 1000 2366 nionem
1015 2350 1021 2366 :
1036 2339 1069 2366 In
1082 2348 1112 2366 ea
1126 2340 1229 2374 regione
1247 2339 1319 2365 lacus
1336 2343 1385 2369 est,
1402 2339 1446 2372 qui
1463 2343 1567 2372 propter
1579 2337 1680 2372 magni-

891 2385 1016 2416 tudinem,
1043 2389 1067 2410 et
1091 2392 1166 2419 aquw
1194 2383 1419 2413 immabilitalcm,
1449 2382 1585 2409 Mortuum
1601 2391 1680 2409 mare

889 2429 1002 2461 dicitur;
1020 2437 1080 2456 nam
1096 2438 1174 2464 neque
1188 2429 1269 2456 vetitis
1282 2435 1398 2455 nzovelnr
1412 2428 1548 2454 resistente
1566 2427 1678 2454 turbini—

890 2475 936 2502 bus
955 2476 1090 2507 bitumine,
1106 2485 1156 2511 quo
1178 2484 1246 2511 aqua
1270 2476 1354 2502 omnis
1369 2479 1519 2509 stagnutur.
1535 2482 1614 2509 neque
1631 2482 1681 2500 na-

891 2523 1028 2557 uigationis
1037 2523 1138 2557 patiens
1150 2527 1199 2554 est,
1210 2522 1332 2557 quoniam
1343 2521 1430 2547 omnia
1448 2521 1501 2547 vita
1515 2520 1632 2547 carentia
1652 2520 1681 2547 in

889 2569 1052 2604 profundum
1068 2574 1237 2604 merguntur;
1258 2576 1303 2595 nec
1323 2567 1461 2593 materiam
1485 2567 1568 2593 ullam
1598 2566 1680 2597 susti-

890 2619 943 2645 net,
956 2614 1008 2640 nisi
1025 2622 1083 2648 qum
1097 2622 1113 2639 α
1127 2613 1225 2640 lumine
1241 2613 1374 2639 illinatur.

924 2658 1004 2687 ll)id..
1021 2658 1068 2685 lin.
1082 2658 1126 2685 52.
1145 2658 1192 2690 Ὠς
1204 2658 1247 2692 μὴ
1264 2657 1423 2684 δύνασθαι.
1439 2655 1555 2686 Plinius,
1570 2655 1616 2682 hb.
1630 2663 1679 2688 vn,

889 2694 949 2739 cap.
969 2703 1010 2735 15,
1030 2704 1062 2730 dc
1080 2704 1224 2730 mulierum
1243 2703 1376 2738 proﬂuvio
1391 2709 1543 2730 sermonem
1561 2702 1677 2729 habens:

890 2753 960 2785 Quin
976 2756 1000 2777 et
1016 2751 1172 2778 bituminum
1189 2759 1288 2785 sequax
1306 2751 1423 2786 alioquin
1437 2759 1467 2777 ac
1483 2750 1552 2776 lenta
1570 2754 1680 2778 natura,

890 2799 915 2825 in
930 2796 1122 2837 locu'Juda’a',
1143 2797 1187 2832 qui
1204 2801 1311 2824 voratur
1333 2797 1502 2832 Asplmltites,
1523 2800 1591 2823 certo
1613 2799 1679 2826 tenta
