1897 3073
229 131 299 159 i023

225 197 289 226 pore
307 189 370 215 anni
389 192 573 220 supernatans,
588 189 675 223 nequit
691 189 742 216 sibi
757 190 845 222 auelli,
862 190 896 217 ad
913 199 1014 218 omnem
1031 195 1052 221 Α

225 236 375 262 contactum
387 232 535 263 adhrcreus.
547 240 722 270 praeterquam
736 235 782 270 ﬁlo
795 236 864 271 quod
881 237 934 264 tale
945 237 1016 264 virus

224 279 352 313 infecerit.
369 277 401 304 ΕΙ.
427 277 548 311 Solinus,
570 279 616 307 lih.
632 288 681 307 Iv:
698 280 820 308 Bitumen
846 283 965 309 nascitur
988 283 1017 309 in

223 323 333 357 Iudaea,
351 324 422 360 quod
450 325 610 359 dsphaltites
632 327 715 362 gignit
729 327 815 361 locus,
834 328 898 356 adeo
915 329 1016 356 lentum

225 371 336 398 mollitie
357 370 503 405 glutinosa,
527 376 554 398 ut
572 380 589 398 a
606 381 633 400 se
657 378 768 407 nequeat
785 375 924 408 separari:
946 376 1016 403 enim

221 419 283 443 pero
293 417 317 443 si
329 416 484 450 abrumpere
499 423 601 451 partem
617 418 691 450 relis,
706 419 862 446 universitas
875 426 1014 456 sequetur;

224 462 359 497 scindique
381 471 433 490 non
449 467 547 498 potest,
566 465 691 499 quoniam
711 465 739 492 in
761 471 888 501 quantum
901 466 1016 494 ducatur

223 508 384 540 extenditur,
405 508 450 535 sed
467 508 511 536 ubi
539 509 648 536 admota
667 510 766 544 fuerint
779 519 874 538 cruore
894 511 942 538 illo
957 511 1015 547 pol-

224 553 282 580 luta
300 554 362 588 fila,
375 560 467 588 sponte
485 555 656 590 dispergitur,
669 561 694 583 et
714 556 846 592 applicata
860 558 918 585 tabe
932 557 1015 585 dedu-

222 598 293 625 citur
311 599 391 632 paulo
407 603 467 626 ante
493 607 588 634 corpus
612 608 703 633 unum,
729 602 810 636 ﬁtque
829 601 860 628 de
875 603 1014 630 tenacitate

223 651 340 670 connexa
365 644 521 678 contagione
549 645 658 679 partitio
686 646 832 680 repentina.
860 645 1012 682 Iosephus:

223 686 387 724 Πληρώσασι
400 688 428 715 δὲ
435 689 599 716 ἀποκὴπτειν
612 690 641 717 οὐ
654 690 757 725 ῥᾴδιον.
766 691 834 718 ἀλλὰ
846 692 880 719 δι’
891 692 1014 719 εὐτονίαν

222 735 414 771 προσήρτηται
434 735 474 771 τῷ
494 735 634 773 μηρύματι
654 737 757 772 σκάφος
772 738 826 771 ἓως
839 738 873 766 ἂν
887 738 1014 775 ἐμμηνίῳ

222 779 360 814 γυναικῶν
373 780 467 816 αῖματι
484 781 532 808 καὶ
548 781 620 818 οὔρῳ
639 782 802 811 διιλὺσωσιν
818 784 899 811 αὐτὸν
911 781 952 817 οἷς
966 786 1014 820 μό-

221 833 279 858 νοις
303 826 375 861 ἥκει.
394 826 534 860 Brodaeus,
562 827 612 856 lib.
627 835 663 862 tv,
686 836 748 866 cap.
758 829 812 864 25;
833 829 1013 860 Possidonius

222 872 359 908 prastigia
377 872 436 900 haec
455 880 517 901 esse
535 877 562 901 et
579 863 791 908 incantationes,
808 875 908 910 quibus
929 875 1012 904 dediti
1028 863 1048 890 Β

222 916 321 943 accola:
333 916 492 948 utebantur,
511 921 541 945 ut
556 918 640 946 refert
657 918 767 953 Strabo,
783 919 831 947 lib.
848 928 905 949 xvt.

255 960 313 988 Col.
324 960 385 993 761,
402 961 450 989 lin.
468 962 512 990 54.
521 962 694 991 Ἀλλάττιιν
703 964 736 991 δέ
746 964 1010 1001 pacm-“Iosephus:

221 1005 335 1033 Ἔστιδὲ
346 1008 392 1034 ἐπὶ
400 1007 487 1043 τούτῳ
502 1008 549 1035 καὶ
563 1008 580 1044 ἡ
594 1009 644 1045 τῆς
658 1009 742 1045 χρόας
758 1010 891 1047 μεταϐολὴ
904 1011 1018 1047 θαυμά--

221 1059 288 1084 ator
297 1053 357 1088 τρὶς
366 1053 420 1089 γὰρ
428 1054 547 1089 ἑκάστης
554 1055 608 1090 ήμέ
612 1063 661 1090 ρας
669 1056 718 1091 τὴν
726 1056 886 1091 ἐπιφάνειαν
894 1057 1010 1084 ἀλάσσε-

219 1106 275 1130 ται.
288 1099 335 1126 καί
343 1099 412 1135 πρὸς
418 1099 467 1132 τὰς
474 1100 591 1135 ἡλιακὰς
605 1101 718 1134 ἀκτῖνας
731 1102 860 1137 ἀνταυγεῖ
869 1103 1009 1136 ποικίλως.

211 1148 214 1161 τ
253 1143 314 1172 Col.
330 1146 394 1178 τοι,
409 1146 457 1174 lin.
474 1147 500 1174 l.
515 1147 571 1175 Kal
590 1148 666 1183 μετὰ
688 1148 746 1183 τὴν
762 1149 842 1184 ότόό.
863 1149 1009 1185 Josephus,

219 1191 310 1228 Antig.
328 1192 375 1220 lib.
392 1200 401 1220 ι
414 1201 422 1220 :
437 1192 565 1221 Τίκτεται
581 1194 608 1222 δὲ
626 1196 691 1227 παῖς
703 1196 841 1232 ἑκατέρων
852 1196 890 1232 τῷ
904 1196 1010 1233 ὑστάτῳ

219 1236 285 1270 Ιτει,
299 1237 328 1264 ὃν
340 1238 419 1271 εὐθὺς
435 1240 492 1274 μετ’
505 1240 600 1276 ὀγδόην
617 1240 724 1277 ἡμέραν
742 1241 945 1277 περιτέμνουσι,
959 1242 1011 1276 κάξ

219 1282 325 1311 ἑκείνου
340 1284 408 1318 μετὰ
416 1285 550 1318 τοσαύτας
558 1286 617 1318 ἔθος
625 1286 732 1321 ἔχουσιν
747 1288 771 1314 οἱ
790 1288 910 1316 Ἰουδαῖοι
924 1290 1009 1316 ποιεῖ-

220 1328 283 1355 σθαι
305 1329 354 1361 τὰς
375 1331 537 1366 περιτομάς.
559 1330 616 1358 Cur
632 1335 746 1360 octavus
770 1332 829 1361 dies
854 1334 1009 1370 assignatus

220 1371 302 1402 fuerit
312 1375 515 1404 circumcisioni
524 1377 593 1405 duas
605 1378 724 1406 rationes
736 1379 1010 1417 attingitChrvsosto-

219 1426 293 1451 mus,
311 1420 338 1446 in
355 1419 448 1449 Genes.
465 1421 541 1450 hom.
562 1422 606 1455 59,
624 1431 685 1458 qua:
701 1428 794 1452 tamen
816 1425 927 1454 Pererio
954 1434 1009 1454 non

219 1464 393 1493 satisfaciunt
404 1467 432 1494 in
446 1474 506 1503 cap.
519 1475 586 1496 xvu.
607 1467 696 1501 Quare
707 1469 828 1504 csplosis
841 1470 906 1502 illis.
927 1472 1008 1499 aliam

220 1510 249 1562 in
262 1511 382 1538 medium
395 1511 516 1544 adducit.
534 1517 561 1540 ct
573 1514 658 1542 variis
671 1517 840 1550 argumentis
855 1517 1007 1545 confirmat.
1022 1532 1044 1562 ε

219 1553 275 1583 Nec
291 1563 324 1583 ex
341 1557 392 1584 hoc
404 1556 541 1586 Eustathii
563 1559 625 1587 loco
647 1559 784 1588 Abraham
803 1561 922 1589 divinum
938 1570 1007 1597 prae-

220 1605 328 1637 ceptum
350 1602 471 1632 violasse
489 1604 730 1639 deprehendimus,
754 1614 817 1634 cum
839 1615 894 1635 non
911 1613 1009 1637 octavo

218 1647 275 1679 die,
295 1652 324 1675 ut
347 1648 420 1677 Deus
444 1655 622 1686 praeceperat,
640 1651 688 1680 sed
713 1655 775 1688 post
795 1656 922 1681 octavum
937 1654 1008 1683 diem

219 1695 305 1721 ulium
326 1703 406 1723 suum
423 1697 605 1725 circumcidit.
629 1697 759 1731 Quamvis
775 1698 849 1727 cnim
871 1701 930 1728 sine
946 1708 1009 1735 pec-

219 1744 283 1767 cato
297 1741 536 1770 circumcisionem
547 1743 657 1771 differre
670 1748 763 1780 posset
774 1745 852 1773 novis
867 1753 1009 1781 emergeno

218 1785 292 1814 tibus
308 1787 411 1820 causis,
433 1791 523 1816 tamen
544 1789 602 1823 ipse
617 1788 776 1817 mandatum
798 1788 847 1818 Dei
865 1790 1007 1825 explevit:

219 1830 258 1859 ita
272 1835 363 1859 autem
388 1831 496 1861 locutus
520 1838 563 1861 est
586 1833 756 1866 Eustathius,
778 1835 1007 1870 quemadmodum

218 1879 247 1904 et
264 1875 410 1912 lesephus,
424 1878 448 1905 si
459 1885 501 1906 me
516 1886 570 1905 non
586 1878 655 1906 fallit
676 1879 778 1914 opinio,
792 1885 823 1907 ut
835 1880 1009 1909 demonstra-

219 1925 274 1954 ret,
291 1927 357 1951 tunc
381 1931 496 1958 puerum
513 1932 574 1953 essr.
587 1925 850 1959 circumcidendum,
870 1935 932 1955 cum
950 1928 1007 1963 jam

219 1965 280 1994 dies
296 1971 359 1995 octo
372 1968 519 2004 explesset,
539 1972 566 1996 et
585 1968 691 1997 videtur
710 1970 772 1998 elici
791 1979 824 1998 ex
839 1971 907 2007 ipsis
918 1974 1008 2002 verbis

220 2008 380 2045 Scriptura,
391 2019 452 2047 cap.
464 2020 518 2040 xvu
532 2022 538 2040 :
553 2012 648 2048 Infans
657 2020 714 2042 octo
728 2016 1007 2045 dicrumcircumcide-

221 2061 264 2084 tur
279 2057 305 2084 in
321 2057 391 2085 vobis
411 2067 486 2086 omne
509 2061 694 2094 masculinum,
711 2065 765 2090 etc.
786 2062 857 2099 Ergo
880 2065 923 2092 vel
949 2065 1008 2100 ipso

220 2105 317 2129 octavo
332 2101 386 2135 die,
400 2103 441 2131 vel
459 2111 492 2131 eo
509 2105 625 2140 expleto.
653 2105 762 2139 Strabo,
779 2108 827 2135 lib.
843 2116 909 2141 xvu.
931 2113 1007 2145 putat

219 2147 303 2175 etiam
318 2146 434 2176 feminas
448 2147 556 2178 Iudaeas
576 2157 740 2187 amputatas,
755 2154 829 2190 quod
849 2155 889 2182 uti
907 2155 1006 2183 falsum

218 2198 246 2221 et
267 2193 412 2222 ridiculum
431 2196 519 2231 rejicit
530 2196 647 2231 Delrius.
664 2199 757 2228 Cenes.
773 2208 833 2237 cap.
849 2210 916 2229 xvu.
933 2202 1006 2230 Rab-
1023 2209 1043 2236 ι)

218 2238 277 2268 bini
298 2241 408 2275 quidam
424 2242 519 2270 dicunt
535 2251 582 2272 eas
599 2253 649 2280 pro
664 2246 874 2276 circumcisione
888 2249 1005 2284 quadam

219 2292 298 2320 aqua;
313 2286 475 2316 lustratione
494 2289 566 2317 baud
589 2291 708 2319 absimili
725 2292 861 2328 baptismo
883 2302 958 2327 usas,
977 2299 1007 2322 ut

219 2337 313 2362 narrat
324 2332 404 2362 Joan.
421 2333 594 2369 Benedictus,
607 2337 653 2365 lib.
676 2346 684 2364 ι
706 2338 822 2367 Summo:
835 2340 867 2368 de
882 2342 1006 2375 peccatis,

219 2385 281 2413 cap.
300 2378 326 2405 7.

254 2423 332 2453 lbid.,
360 2424 408 2452 lin.
436 2425 463 2453 4.
488 2426 607 2460 Ἀρασες
636 2428 700 2462 γάρ.
725 2428 878 2464 Josephus,
909 2431 956 2459 lib.
986 2441 1006 2464 I,

219 2475 280 2503 cap.
295 2469 338 2502 l5,
356 2471 465 2506 Antiq.:
483 2473 601 2508 Ἀραῦες
615 2474 643 2500 δὲ
661 2474 729 2510 μετὰ
744 2475 802 2507 ἔτος
819 2478 1007 2513 τρισκαιδέκα-

218 2521 282 2540 τον·
312 2514 453 2551 Ἰσμαῆλος
481 2517 534 2554 γὰρ
559 2519 574 2545 ό
597 2520 708 2555 κτίστης
729 2521 817 2548 αὐτῶν
833 2522 879 2548 τοῦ
904 2523 1005 2555 ἔθνους,

224 2559 251 2586 Ἀ
257 2560 362 2597 ῦράμου
377 2563 520 2598 γενόμενος
534 2565 565 2590 ὲκ
579 2565 628 2600 τῆς
639 2566 779 2603 παλλακῆς
792 2569 821 2594 ὲν
832 2569 919 2604 τούτῳ
931 2578 1008 2606 περι-

218 2610 347 2641 τέμνεται
364 2608 403 2643 τῷ
425 2609 524 2644 χρόνῳ,
538 2609 571 2636 Et
582 2611 616 2638 ab
629 2611 672 2639 his
687 2611 841 2648 Egyptios,
863 2614 1007 2644 thnices

218 2657 246 2678 et
257 2653 325 2680 alios
337 2653 418 2681 ritum
433 2655 652 2686 circumcisionis
664 2659 803 2693 accepisse
816 2660 883 2687 nulli
895 2660 1007 2688 dubium

220 2702 281 2722 esse
294 2696 384 2729 debet,
401 2698 454 2725 etsi
470 2700 549 2726 aliter
564 2701 664 2728 sentiat
680 2701 845 2736 Herodotus,
861 2705 907 2739 qui
921 2704 1007 2732 Palic-

220 2741 309 2787 stinos
325 2742 359 2771 ab
378 2742 514 2780 Egypliis
534 2746 586 2774 hoc
599 2747 728 2776 didicisse
742 2749 836 2778 refert.
855 2750 922 2778 Illud
944 2760 1007 2787 pro-

221 2786 292 2834 fecto
314 2789 490 2818 manifestum
510 2797 563 2825 est,
585 2798 647 2822 ante
666 2796 905 2825 circumcisionem
921 2786 1006 2834 ipsius

222 2830 337 2863 Auraha:
364 2835 469 2864 nullum
492 2845 627 2871 nusquam
653 2839 788 2871 hominem
811 2850 840 2871 se
860 2830 1005 2877 circumci-

897 129 1021 157 LEONIS
1037 128 1171 157 ALLATII

1803 129 1866 156 ίοξι

1067 191 1152 222 disse,
1167 194 1229 226 post
1244 189 1439 217 circumcisum
1457 188 1603 221 Abraham,
1621 191 1649 216 et
1669 188 1780 215 multas
1803 188 1866 216 alia:

1068 237 1206 264 nationes.
1237 235 1403 267 Herodotus,
1428 235 1448 263 1.
1475 243 1493 262 u
1511 245 1518 263 :
1535 234 1633 262 Virilia
1665 235 1866 262 circumcidunt

1067 282 1205 309 munditia
1211 282 1309 317 gratia,
1321 281 1406 315 pluris
1418 281 1541 315 facientes
1553 289 1580 308 se
1587 279 1703 307 mundos
1714 288 1778 307 esse
1789 289 1865 315 quam

1067 328 1186 355 decoros.
1214 326 1370 354 Sacerdotes
1385 334 1484 362 quoque
1503 326 1544 353 die
1562 330 1646 353 totum
1671 334 1775 360 corpus
1805 322 1864 353 ers-

1067 373 1142 406 dunt,
1159 380 1190 400 ne
1200 371 1263 407 quid
1273 372 1311 399 eis
1328 372 1397 398 inter
1411 371 1520 398 deorum
1534 371 1645 404 cultum,
1665 376 1716 398 aut
1735 371 1863 405 pediculi,

1066 423 1112 446 aut
1132 418 1242 446 alterius
1254 417 1340 445 sordis
1356 422 1467 445 creetur.
1482 417 1560 453 Apud
1577 416 1725 452 Egyptios
1742 418 1863 445 circum-

1065 465 1135 493 cisio
1157 464 1185 492 in
1201 471 1233 491 ea
1256 464 1307 491 fuit
1329 463 1510 491 aestimatione
1527 468 1556 490 ut
1578 464 1645 491 nulli
1661 464 1718 491 nisi
1741 463 1863 491 circum-

1065 511 1125 538 ciso
1141 510 1174 537 ad
1197 510 1358 546 dignitates,
1373 514 1400 538 et
1415 510 1466 538 alia
1487 511 1599 539 honoris
1614 510 1785 546 prtemiique
1804 518 1863 537 mu-

1064 565 1131 585 nera
1156 560 1260 593 pateret
1287 557 1389 584 aditus.
1413 556 1558 593 Origenes.
1583 557 1632 585 lib.
1650 564 1670 584 ιι
1698 556 1860 584 Comment.

1065 602 1151 637 Epist.
1169 602 1203 630 ad
1218 602 1295 630 Rom.
1307 602 1400 637 :Apad
1414 602 1566 638 Egyptias,
1578 602 1623 638 qui
1644 602 1673 629 in
1688 603 1863 637 superstitio-

1065 649 1141 676 nibus
1159 649 1332 677 vetustissimi
1356 654 1382 676 et
1405 649 1579 677 eruditissimi
1602 649 1790 681 habebantur,
1805 654 1831 676 et
1848 659 1861 676 a

1063 694 1157 729 quibus
1172 695 1260 722 ceteri
1274 702 1355 730 prope
1368 702 1456 722 omnes
1472 695 1552 722 ritum
1574 703 1717 722 sacrorum
1747 699 1776 722 et
1793 703 1862 722 cere-

1064 741 1166 767 niont'as
1191 741 1308 768 mutuati
1323 745 1395 773 sunt,
1420 742 1519 773 nullus,
1548 745 1595 768 ant
1621 742 1792 777 geometria',
1818 747 1861 768 aut

1063 787 1215 821 astrologia
1228 785 1362 816 studebat.
1379 791 1425 813 aut
1441 795 1562 822 geneseos
1584 792 1688 814 secreta
1702 788 1859 815 rimabatur

1063 832 1114 859 nisi
1125 833 1297 860 circumcisus
1307 837 1385 860 esset.
1399 831 1484 861 Nemo
1496 834 1557 860 item
1570 833 1642 867 apud
1653 833 1720 860 illos
1733 834 1860 861 sacerdos

1062 886 1118 905 esse
1130 883 1244 913 poterat,
1261 886 1343 913 neque
1367 886 1491 913 aruspex,
1509 886 1590 914 neque
1611 879 1801 914 quorumlibet
1818 889 1860 907 sa-

1060 932 1166 951 crorum
1190 924 1326 955 minister,
1341 933 1398 955 nec,
1412 929 1441 951 ut
1462 924 1504 951 illi
1524 925 1706 959 appellabant,
1718 927 1859 960 propheta,

1061 968 1113 995 nisi
1130 973 1209 995 antea
1231 969 1430 996 circumcisione
1448 969 1526 1005 quasi
1547 975 1688 1006 purgatus,
1711 975 1796 1006 atque
1813 972 1860 998 ini-

1060 1014 1144 1041 tiatus
1160 1014 1264 1050 fuisset.
1287 1014 1383 1042 Omnes
1399 1015 1593 1050 hierophantes,
1611 1023 1761 1051 omnesque
1779 1022 1857 1049 rates.

1061 1065 1139 1095 atque
1163 1068 1252 1087 omnes
1277 1061 1330 1087 sive
1352 1061 1420 1092 caeli,
1439 1065 1468 1087 ut
1492 1065 1587 1095 putant
1609 1061 1662 1094 illi,
1681 1062 1747 1089 siue’
1765 1063 1860 1097 inferni

1059 1111 1155 1141 mystas
1166 1112 1190 1133 et
1206 1108 1326 1134 conscius
1339 1107 1439 1134 nullam
1456 1107 1527 1142 apud
1541 1116 1584 1135 eos
1595 1107 1675 1142 ﬁdem
1699 1113 1725 1135 et
1742 1111 1859 1136 auctori-

1060 1155 1139 1178 tatem
1152 1151 1229 1178 habet
1243 1151 1368 1187 nulloque
1384 1152 1411 1179 in
1425 1152 1521 1180 honore
1534 1158 1582 1185 est,
1599 1153 1622 1180 si
1636 1153 1686 1180 Itoe
1699 1159 1797 1181 careat
1810 1156 1859 1181 eir-

1059 1197 1230 1225 cumcisionis
1252 1198 1360 1233 insigni.
1382 1197 1525 1231 Quomodo
1549 1203 1639 1226 autem
1656 1207 1692 1227 ex
1719 1199 1857 1227 Abraham

1061 1243 1192 1280 Egyptii,
1213 1248 1362 1280 gentesque
1383 1245 1443 1272 aliae
1464 1245 1547 1272 ritum
1566 1246 1798 1274 circumcisionis
1815 1254 1857 1273 ac-

1059 1290 1184 1327 ceperint
1206 1291 1332 1326 pluribus
1352 1292 1527 1326 prosequitur
1542 1290 1694 1327 Gregorius
1714 1292 1738 1319 Τ
1741 1293 1855 1319 hauma-

1059 1339 1164 1371 turgus,
1174 1335 1273 1363 Catena
1284 1336 1310 1363 in
1321 1335 1492 1368 Hieremiam,
1503 1344 1563 1372 cap.
1575 1345 1612 1367 Ix,
1623 1336 1676 1369 26;
1689 1345 1779 1372 quem
1787 1338 1854 1366 vide.

1095 1381 1175 1414 lbid.,
1190 1381 1239 1409 lin.
1256 1381 1282 1409 8.
1297 1381 1418 1415 Μήποτε
1433 1382 1519 1417 μετά.
1544 1382 1644 1411 Eadem
1671 1383 1762 1412 habet
1784 1383 1856 1412 Jose-

1061 1426 1142 1462 phus,
1161 1427 1251 1463 Antiq.
1268 1427 1315 1455 lib.
1333 1436 1353 1460 ι,
1377 1436 1437 1463 cap.
1459 1428 1509 1456 i5:
1526 1428 1587 1456 Pari
1609 1429 1734 1462 ratione,
1754 1435 1782 1458 et
1798 1431 1855 1457 aliis

1061 1473 1123 1502 ﬁliis
1143 1473 1268 1502 Cethurte
1289 1474 1360 1502 natis
1385 1475 1501 1510 largitus
1524 1479 1566 1502 est
1583 1483 1713 1508 munera,
1740 1481 1774 1504 ut
1799 1482 1855 1512 post

1061 1523 1174 1547 mortem
1188 1527 1203 1546 a
1216 1520 1317 1547 talione
1329 1521 1431 1548 levaret
1447 1521 1533 1553 lsaac,
1546 1522 1717 1557 sedaretque
1729 1523 1853 1557 dissidia,

1059 1569 1086 1592 et
1101 1565 1302 1598 contentiones,
1323 1573 1384 1601 quae
1397 1571 1504 1593 mortuo
1516 1566 1562 1593 illo
1577 1572 1708 1602 poterant
1724 1568 1753 1595 in
1768 1576 1854 1596 rerum

1059 1610 1193 1638 divisione
1209 1610 1287 1639 oriri.
1301 1610 1467 1646 Cajetanus:
1484 1611 1558 1645 Ideo,
1575 1612 1677 1648 inquit,
1695 1613 1774 1641 dona
1789 1614 1853 1641 dedit

1059 1654 1193 1682 Abraham
1207 1655 1272 1690 [iliis
1289 1657 1508 1690 concubinarum,
1527 1661 1552 1684 et
1572 1657 1678 1685 dimisit
1695 1666 1744 1686 eos
1763 1667 1781 1686 a
1797 1667 1853 1686 cura

1059 1709 1119 1734 sua,
1135 1706 1163 1727 ut
1182 1706 1336 1729 exoneraret
1356 1701 1435 1730 Isaac
1450 1703 1535 1737 ﬁliuni
1550 1712 1626 1730 suum
1643 1704 1676 1730 ab
1699 1714 1784 1732 onere
1798 1715 1852 1740 pro.

1060 1747 1163 1774 videndi
1178 1748 1243 1776 illis.
1263 1747 1435 1775 lncumbebat
1453 1750 1521 1775 enim
1539 1748 1618 1777 Isaac
1631 1749 1737 1778 htzredi
1754 1752 1852 1779 univcr-

1059 1794 1112 1821 sali
1135 1802 1199 1822 cura
1222 1795 1376 1829 providendi
1401 1795 1532 1830 fratribus
1559 1796 1614 1823 suis
1640 1796 1673 1823 ab
1699 1797 1853 1825 hereditate

1058 1839 1172 1866 exclusis
1196 1846 1206 1866 :
1230 1839 1361 1874 ejusmodi
1395 1839 1466 1866 enim
1495 1839 1649 1867 exoneratio
1670 1840 1851 1875 significatur.

1058 1883 1181 1915 dicendo,
1203 1888 1231 1910 ut
1253 1888 1292 1911 est
1311 1884 1338 1910 in
1368 1882 1492 1916 Hebrazo,
1508 1883 1542 1910 Et
1571 1884 1646 1910 misit
1672 1892 1721 1912 eos
1746 1885 1853 1920 desuper

1059 1928 1139 1956 Isaac
1158 1928 1221 1955 dum
1241 1929 1327 1957 adhuc
1341 1930 1396 1965 ipse
1410 1930 1513 1962 viveret,
1529 1935 1652 1966 tanquam
1665 1930 1770 1958 tollens
1783 1939 1852 1963 onis,

1058 1975 1127 2010 quod
1141 1980 1198 2002 erat
1210 1983 1288 2011 super
1302 1975 1394 2009 Isaac,
1410 1981 1434 2004 et
1450 1977 1512 2012 quia
1526 1977 1580 2004 ha'c
1594 1978 1734 2004 exsecutio
1750 1978 1805 2012 fait
1818 1978 1852 2004 al-

1059 2022 1124 2048 tima
1141 2030 1182 2049 res
1197 2027 1271 2056 gesta
1287 2021 1320 2048 ab
1335 2022 1470 2049 Abraham
1491 2022 1711 2057 prudentissime,
1728 2024 1792 2051 ideo
1810 2025 1852 2051 sd-

1053 2067 1189 2103 jungitur,
1203 2067 1273 2102 quod
1287 2068 1350 2102 fecit
1365 2068 1429 2095 dum
1445 2068 1531 2096 adhuc
1546 2070 1600 2103 ipse
1611 2069 1724 2098 viveret.

1093 2113 1173 2147 lbid.,
1191 2114 1239 2140 lin.
1259 2114 1299 2141 10.
1323 2113 1479 2149 Κατέσχον
1506 2114 1592 2149 γοῦν.
1616 2114 1776 2151 Josephus,
1793 2125 1848 2145 xu:

1059 2158 1138 2188 Οὗτοι
1153 2162 1242 2188 πᾶσαν
1258 2161 1308 2197 τὴν
1323 2163 1371 2189 ἀπ’
1382 2162 1523 2199 Εὐφράτου
1535 2163 1581 2189 καὶ
1591 2162 1775 2199 καθήκουσαν
1790 2165 1850 2202 πρὸς

1057 2207 1106 2242 τὴν
1132 2207 1266 2243 Ἐρυθρὰν
1287 2207 1423 2235 θάλασσαν
1439 2208 1605 2240 κατοικοῦσι,
1625 2209 1793 2248 Ναὸατινὴν

1058 2251 1150 2288 χώραν
1167 2251 1367 2288 ὠνομάσαντες.
1384 2253 1444 2280 Εἰσὶ
1457 2253 1488 2282 ,δὲ
1509 2251 1582 2282 οὗτοι
1602 2256 1627 2282 οἳ
1648 2255 1706 2284 τῶν
1731 2258 1847 2295 Ἀράϐων

1057 2297 1205 2329 ἔθνοςνκαὶ
1221 2297 1271 2329 τὰς
1286 2298 1372 2332 φυλὰς
1387 2298 1434 2326 ἀπ’
1458 2300 1548 2327 αὐτῶν
1563 2301 1677 2329 καλοῦσι
1695 2302 1744 2330 διά
1760 2313 1791 2331 τε
1805 2305 1846 2339 τὴν

1057 2342 1158 2378 ἀρετὴν
1174 2342 1262 2371 αὐτῶν
1276 2344 1323 2371 καὶ
1338 2345 1381 2372 διὰ
1396 2346 1427 2372 τὸ
1450 2346 1586 2382 Ἀϐράμου
1603 2347 1728 2383 ἀξίωμα.

1093 2387 1174 2421 lbid.,
1190 2389 1240 2417 lin.
1258 2390 1301 2417 l5.
1322 2390 1349 2417 ὀ
1367 2391 1439 2425 Θεὸς
1451 2392 1505 2419 τὸν
1522 2392 1631 2420 Ἰσαάκ.
1651 2393 1761 2423 Eadem
1776 2395 1845 2424 Jose-

1057 2435 1140 2470 phus,
1155 2435 1244 2471 Antig.
1263 2436 1309 2463 lib.
1324 2444 1344 2470 I,
1359 2437 1426 2472 'cap.
1453 2437 1497 2469 14,
1523 2438 1570 2466 ubi
1591 2443 1618 2467 et
1640 2439 1723 2469 Isaac
1738 2442 1804 2470 dum
1816 2442 1845 2470 ad

1058 2481 1223 2508 sacrificium
1240 2481 1422 2512 immolandus
1435 2483 1593 2516 duceretur,
1610 2484 1699 2513 fuisse
1711 2488 1796 2515 lradit
1807 2488 1844 2515 vi-

1057 2526 1125 2561 ginti
1142 2527 1263 2562 quinque
1281 2535 1426 2556 annorum.
1443 2529 1519 2557 Aben
1540 2529 1608 2558 Ezra
1624 2531 1789 2567 duodecim,
1801 2534 1844 2562 He-

1058 2571 1122 2598 briei
1136 2572 1249 2607 triginta
1268 2577 1381 2608 septem.
1404 2572 1503 2601 Verum
1519 2573 1629 2610 Iosephi
1645 2579 1791 2605 sententia
1806 2587 1845 2606 ra-

1057 2617 1214 2645 tionabilior
1236 2618 1355 2651 videtur,
1375 2626 1426 2646 nec
1444 2620 1518 2647 enim
1540 2628 1675 2648 annorum
1692 2622 1791 2651 decem
1808 2624 1844 2651 vel

1057 2663 1201 2690 duodecim
1221 2663 1297 2691 Isaac
1319 2664 1347 2691 in
1368 2672 1483 2692 ascensu
1497 2667 1598 2694 montis
1612 2667 1704 2695 arduo
1726 2674 1756 2697 et
1776 2670 1843 2697 labo-

1058 2709 1142 2741 rioso,
1152 2709 1179 2736 in
1191 2713 1244 2736 tam
1254 2713 1346 2738 tenera
1358 2715 1447 2744 aetate,
1467 2712 1574 2747 pondus
1588 2713 1734 2749 lignorum
1750 2716 1784 2743 ad
1797 2716 1842 2743 ho-

1058 2754 1210 2782 locaustum
1227 2755 1298 2784 ferre
1314 2757 1458 2792 potuisset,
1472 2761 1499 2785 et
1512 2758 1625 2794 triginta
1640 2765 1752 2795 septem
1766 2763 1841 2790 nimis

1057 2803 1213 2834 provectus,
1230 2808 1280 2828 nec
1292 2809 1360 2836 puer
1374 2809 1389 2828 a
1406 2801 1548 2838 Scriptura
1559 2804 1622 2838 jure
1635 2807 1774 2841 appellari
1785 2815 1840 2842 pos-

1059 2848 1108 2873 set.
1123 2845 1159 2873 Ex
1180 2853 1233 2881 quo
1251 2845 1350 2875 Paulus
1368 2847 1515 2885 Burgensis
1531 2855 1755 2885 argumentatur,
1773 2853 1841 2882 Isaac
