1897 3073
46 115 126 142 1025

599 112 631 140 ω
652 110 837 140 ΕδετΑτηιι
855 109 1094 138 HEXAEMERON
1111 109 1226 138 NOTAE.

1608 110 1620 136 Ι
1625 107 1676 139 026

45 177 123 200 tunc
141 178 196 199 non
219 170 305 199 fuisse
325 170 455 206 majorem
472 170 578 199 decimo
597 171 703 207 quinto,
727 170 841 206 ideoque
854 175 876 203 Α
926 169 1006 199 lbid..
1036 169 1084 196 lin.
1105 167 1150 195 27.
1179 166 1222 200 Τῷ
1244 167 1304 198 Θεῷ
1324 166 1378 201 γάρ
1396 173 1442 192 σε.
1458 165 1603 201 Pcrperam
1619 167 1677 195 hac

44 219 127 246 hanc
142 217 264 245 ultimam
282 217 445 245 sententiam
466 216 578 246 refellit.
598 215 699 245 Verum
716 221 747 244 ut
762 216 839 244 futile

45 264 91 291 sit
109 263 163 291 hoc
180 265 371 298 argumentum
390 262 434 289 vel
447 261 482 289 iis
496 262 543 298 qui
559 261 679 289 nondum
693 261 840 297 Scriptura;

44 315 143 337 sacrae
157 315 239 336 sensa
254 308 445 343 degustarunt,
461 315 515 335 non
530 308 630 342 quibus
649 308 676 334 in
694 308 728 335 iis
744 314 840 342 sapere

46 354 215 390 etjudicare
226 353 319 381 datum
333 356 386 386 est,
402 352 577 380 manifestum
592 356 714 388 apparet.

88 410 151 439 Col.
168 410 228 444 τοι,
249 409 297 438 lin.
309 409 353 437 16.
370 410 433 437 Ἐπ’
442 410 604 444 ἀκρωρείας
617 409 707 442 τινός.
734 407 838 436 11θῦτωί

47 457 170 484 tradunt
188 457 216 484 in
231 456 282 484 hoc
297 456 394 484 eodem
409 459 501 483 monte
515 455 593 488 Abel,
606 459 634 483 et
648 455 716 483 Cain
733 454 839 481 sacriﬁ—

47 510 146 536 casse,
164 506 191 530 et
202 506 264 538 post
275 502 408 530 diluvium
421 501 488 533 Noe,
505 504 588 536 atque
607 500 634 528 in
651 508 684 528 eo
702 500 762 534 ipso
779 503 840 534 post

46 548 141 575 multa
151 548 251 576 uacula
266 548 395 582 templum
407 554 423 573 ο
434 546 580 574 Salomone
593 549 773 573 exstructum.
785 545 840 572 Au-

46 594 193 630 gustinus,
210 602 294 622 serm.
311 593 346 621 de
367 597 453 627 temp.
468 593 499 620 7i
515 602 522 620 :
536 592 632 619 Audite
656 591 723 619 illud
748 599 841 618 sacra-

46 644 183 670 mentum,
199 639 294 673 fratres
316 638 482 670 sharissimi,
505 636 684 672 Hieronymus
707 636 841 671 presbyter

48 684 173 717 scripsit,
188 691 215 710 se
236 682 269 709 ab
286 682 401 717 antiquis
421 687 447 709 et
465 681 610 709 senioribus
628 680 731 708 Judwis
747 681 840 708 certis-

47 731 122 757 sime
135 730 293 765 cognouisse,
307 729 377 764 quod
398 729 435 756 ibi
458 729 611 756 immolatus
632 728 667 755 sit
691 727 782 760 Isaac,
797 727 841 754 ubi

47 780 147 809 postea
168 775 290 803 Christus
313 774 457 808 cruciﬁxus
477 779 526 802 est.
550 773 631 805 Beda,
648 773 685 800 De
702 773 766 800 locis
779 781 841 800 san-

47 822 116 854 ctis,
132 829 194 857 cap.
206 821 236 848 Ξῖ
252 820 285 848 In
299 820 357 847 loco
374 826 461 847 autem
473 820 531 852 illo,
542 827 593 854 quo
607 818 742 846 Abraham
755 818 840 845 altare

48 867 87 893 ad
110 866 303 894 immolandum
323 866 408 901 ﬁlium
428 867 585 897 construxit,
608 865 840 900 meusaestlignea

48 919 150 946 parua,
160 913 188 940 in
204 920 256 948 qua
274 919 420 947 pauperum
437 911 606 946 eleemosyme
617 911 702 938 solent
717 918 734 937 a
746 909 841 945 popqu

49 958 168 992 deferri.

87 1014 172 1047 lbid.,
189 1013 238 1041 lin.
259 1013 303 1042 i9.
324 1011 358 1040 Ὦ
381 1014 441 1046 παῖ,
455 1013 584 1048 μυρίαις.
603 1011 666 1040 Haec
676 1012 793 1041 Abralne
806 1012 841 1040 ad

49 1060 133 1087 Isaac
151 1060 241 1087 oratio
267 1060 405 1095 exscripta
425 1064 468 1088 est
490 1063 545 1087 tota
568 1067 602 1087 ex
626 1058 737 1094 Josephi
759 1058 808 1086 lib.
832 1066 840 1086 |

51 1107 148 1142 Antig.
166 1113 227 1142 cap.
245 1105 289 1133 14.

87 1158 174 1191 lbid.,
188 1159 237 1186 lin.
253 1159 298 1186 21.
313 1159 373 1186 οὐκ
387 1158 472 1186 ἔστιν
488 1158 533 1186 ὅτι
546 1158 600 1194 μή.
620 1158 716 1186 Munus
730 1159 782 1186 hoc
794 1167 842 1194 pa-

50 1209 177 1238 ternum,
190 1204 260 1233 lilios
271 1205 309 1232 ita
323 1204 466 1232 eﬂormare
482 1208 512 1232 ut
526 1205 560 1231 ad
572 1204 767 1239 capessendam
781 1205 843 1232 bea-

51 1251 202 1278 titudinem
228 1251 312 1286 inepti
332 1258 387 1278 non
408 1251 474 1278 sint.
497 1250 563 1284 Qua:
588 1251 713 1278 humana:
736 1255 842 1279 natura:

52 1295 119 1324 linis
135 1303 169 1323 ac
187 1295 304 1323 felicitas
325 1299 384 1329 est;
407 1296 457 1322 hoc
478 1295 553 1323 omni
570 1303 637 1323 cura
652 1303 683 1322 ac
702 1296 841 1332 diligentia

51 1340 270 1376 procurandum,
297 1345 394 1369 caetera
417 1342 626 1369 contemnenda.
649 1341 736 1376 Plato,
762 1343 809 1370 lib.
824 1351 841 1371 ν

52 1386 94 1414 De
113 1386 216 1421 repub.,
242 1387 338 1415 suadet
360 1387 388 1414 in
402 1387 545 1422 gignendis
563 1387 656 1415 liberis
674 1394 722 1415 eos
738 1387 840 1414 imitari

50 1433 103 1468 qui
117 1433 272 1461 belluarum
288 1434 404 1461 studiosi
419 1434 485 1461 dant
502 1440 624 1468 operam,
639 1438 667 1460 ut
680 1441 714 1460 ex
729 1433 842 1468 optimis

50 1479 183 1512 canibus,
195 1480 284 1515 equis,
297 1483 323 1507 et
337 1479 433 1507 avibus
443 1480 545 1515 optima
560 1480 664 1506 oriatur
675 1479 777 1514 proles.
791 1479 841 1506 De-

50 1529 214 1560 sluupserat
225 1532 259 1553 ex
271 1525 356 1553 Ocelli
369 1524 472 1552 Lucani
488 1525 537 1553 lib.
552 1525 589 1552 De
599 1525 716 1553 universi
732 1529 839 1556 natura,
853 1518 875 1548 (ἶ

49 1570 104 1606 ιιιιὶ
120 1574 184 1597 ante
196 1577 257 1597 eum
273 1570 310 1597 ita
324 1570 488 1605 scripserat:
498 1569 575 1597 Μετὰ
593 1570 682 1605 πάσης
696 1567 742 1597 οὖν
758 1577 840 1596 σπου-

48 1613 104 1650 δῆς
115 1615 164 1642 καὶ
176 1615 313 1651 προσοχῆς
324 1615 365 1641 δεῖ
375 1614 601 1647 κατασάλλεσθαι,
614 1615 688 1647 ὅπως
699 1615 733 1642 τὰ
742 1614 842 1649 γεννώ-

53 1669 129 1696 μενα
156 1660 263 1696 γίνηται
292 1661 465 1697 χαριέστατα,
495 1661 542 1688 καὶ
569 1660 725 1696 γεννώμενα
752 1659 841 1692 καλῶς

51 1707 211 1742 ἀνατραφῇ.
236 1706 304 1733 Οὔτε
327 1707 381 1742 γὰρ
399 1706 502 1733 δίκαιον
525 1707 588 1739 τοὺς
613 1707 661 1742 μὲν
683 1707 840 1742 φιλίππους,

51 1753 106 1779 καὶ
125 1752 290 1788 φιλόρνιθας,
312 1753 359 1779 καὶ
380 1753 525 1787 φιλόκυνας
548 1752 617 1788 μετὰ
636 1753 725 1789 πάσης
744 1754 842 1789 ἐπιμε-

51 1798 134 1830 λείας
150 1798 275 1834 φροντίδα
290 1798 424 1825 ποιεῖσθαι
436 1798 490 1825 τῶν
502 1799 660 1834 γινομένων,
680 1799 717 1830 ὡς
732 1798 781 1830 δεῖ,
795 1799 842 1826 καὶ

52 1843 88 1876 ιε
97 1840 137 1871 ὧν
147 1843 197 1875 δεῖ,
211 1844 258 1869 καὶ
270 1844 313 1870 ὅτε
330 1843 379 1876 δεῖ,
397 1843 443 1871 καὶ
457 1844 515 1876 πῶς
531 1844 707 1880 διακειμένων
722 1844 842 1879 γίνεσθαι

52 1888 108 1920 τὰς
134 1888 220 1924 μίξεις
240 1889 287 1916 καὶ
304 1889 354 1920 τὰς
370 1889 521 1922 κοινωνίας,
535 1888 582 1916 τοῦ
600 1889 637 1926 μὴ
653 1889 691 1922 ὡς
706 1889 783 1925 ἔτυχε
798 1889 842 1923 γί-

53 1934 152 1961 νεσθαι
177 1934 212 1961 τὰ
233 1935 400 1971 γεννώμενα·
422 1936 486 1967 τοὺς
506 1934 535 1962 δὲ
558 1935 718 1971 ἀνθρώπους
740 1935 843 1971 μηδένα

54 1980 196 2007 ποιεῖσθαι
211 1980 289 2015 λόγον
303 1980 356 2007 τῶν
372 1980 443 2008 ίδίων
460 1981 588 2015 ἐγγόνων,
600 1981 669 2007 ἀλλὰ
685 1982 731 2008 καὶ
747 1982 843 2017 γεννᾷν

55 2026 97 2059 ὡς
109 2026 198 2062 ἔτυχε,
217 2027 264 2053 καὶ
276 2027 451 2062 γεννωμένων
464 2026 604 2062 ὀλιγωρεῖν
617 2027 662 2053 καὶ
677 2027 728 2062 τῆς
740 2027 843 2063 τροφῆς

55 2073 109 2100 καὶ
123 2072 173 2108 τῆς
189 2073 323 2105 παιδείας.
338 2072 432 2100 Ταῦτα
443 2072 496 2109 γὰρ
510 2071 682 2108 ἀμελούμενα
693 2072 783 2108 πάσης
794 2081 843 2100 κα-

56 2119 125 2150 κίας
137 2119 184 2146 καὶ⁹
198 2119 362 2154 φαυλότητος
375 2119 506 2155 παραίτια
517 2119 630 2154 γίνεται,
647 2118 841 2155 βοσκηματώδη

889 215 962 243 dicta
975 222 990 241 a
1001 213 1119 249 Joseplio
1131 213 1219 248 Lyran
1225 220 1255 240 us
1265 211 1417 245 contendit,
1429 212 1502 247 quod
1514 212 1578 240 facit
1589 212 1677 240 Abra-

889 260 953 288 ham
967 260 1124 288 credentem
1137 259 1175 286 ita
1190 260 1353 286 moriturum
1366 259 1453 287 fuisse
1470 258 1557 291 Isaac,
1572 262 1603 286 ut
1617 259 1678 293 ejus

890 307 980 335 anima
991 309 1124 342 perpetuo
1136 304 1208 340 apud
1223 303 1309 332 Deum
1323 309 1456 336 maneret,
1471 312 1520 331 nec
1534 311 1630 332 rursus
1641 304 1676 332 ad

889 353 973 382 vitam
990 352 1113 380 reditura
1128 355 1219 383 esset;
1233 350 1259 378 id
1272 350 1345 378 enim
1365 349 1463 378 fuisset
1481 355 1577 378 contra
1595 350 1676 379 ﬁdem

889 399 1045 426 divinarum
1061 397 1275 432 promissionum
1289 396 1323 424 de
1343 396 1435 423 futura
1450 395 1525 423 Isaac
1536 397 1674 432 progenie,

889 452 971 480 quam
998 443 1196 474 ﬁrmissimam,
1228 446 1310 477 atque
1339 442 1531 470 inconcussam
1559 442 1675 470 habebat

890 490 1037 521 Abraham,
1053 488 1206 516 certissime
1220 487 1334 515 credens
1349 486 1433 514 Deum
1449 495 1545 515 rursus
1556 487 1631 516 Isaac
1640 495 1676 516 ex

891 534 1007 562 mortuis
1029 538 1222 562 revocaturum
1245 532 1279 560 ad
1293 533 1396 566 vitam;
1413 531 1486 567 quod
1509 540 1574 560 sane
1591 532 1624 560 de
1642 539 1676 560 eo

891 581 1001 609 disertis
1014 580 1106 608 verbis
1118 579 1281 607 testiﬁcatus
1293 582 1336 606 est
1345 577 1447 606 Paulus
1457 578 1490 606 ad
1500 577 1627 606 Hebraeos
1637 586 1675 606 at.

890 627 969 661 Quod
994 631 1187 663 argumentum
1212 633 1294 661 quam
1315 626 1352 653 sit
1377 625 1459 653 inane
1480 624 1597 653 lectione
1617 625 1678 660 ipsa

891 678 983 701 textus
998 673 1065 701 satis
1081 676 1204 708 apparet.

927 718 1005 751 lbid.,
1019 719 1066 746 lin.
1078 718 1124 745 28.
1144 718 1259 745 Τούτων
1268 716 1414 749 ἀκούσας.
1425 715 1572 751 .osepbus,
1584 715 1677 751 Antiq.

892 764 940 792 lib.
958 765 1108 795 iz'lcaxo;
1123 763 1163 795 δὲ,
1186 762 1289 798 πατρὸς
1308 762 1362 798 γὰρ
1380 760 1413 798 ἧν
1435 762 1492 788 οἴου
1514 761 1679 796 τετυχηκότα

891 809 1015 843 γενναῖον
1034 807 1120 834 ἐδεῖτο
1136 806 1262 842 φρόνημα
1279 803 1360 838 εἶναι,
1375 806 1482 841 δέχεται
1499 805 1567 842 πρὸς
1582 805 1679 841 ἡδονὴν

856 849 876 878 Β
891 855 953 886 τοὺς
966 853 1071 888 λόγους·
1091 852 1139 879 καὶ
1163 852 1264 888 φήσας.
1279 851 1316 884 ὠς
1334 851 1395 878 οὐδὲ
1408 852 1548 885 γεγονέναι
1563 851 1613 887 τὴν
1627 852 1678 888 ἁρ-

891 900 941 936 χὴν
956 897 989 935 ἦν
1005 899 1118 930 δίκαιος,
1142 899 1166 924 ει
1183 897 1251 924 Θεοῦ
1277 897 1323 925 καὶ
1344 897 1446 933 πατρὸς
1472 897 1563 933 μέλλει
1588 897 1678 933 κρίσιν

890 944 1072 975 ἀπωθεῖσθαι,
1089 943 1135 971 καὶ
1150 943 1188 978 μὴ
1203 942 1334 978 παρέχειν
1350 943 1431 969 αὐτὸν
1445 944 1500 974 τοῖς
1515 942 1678 978 ἀμφοτέρων

893 990 1059 1026 βουλήμασιν
1074 989 1200 1024 ἑτοίμως,
1213 990 1256 1015 ὅτε
1271 988 1317 1015 καὶ
1332 988 1411 1024 μόνου
1421 988 1468 1014 τοῦ
1482 988 1582 1023 πατρὸς
1591 988 1678 1016 ταῦτα

891 1034 1106 1071 προαιρουμένου
1130 1034 1167 1070 μὴ
1193 1033 1341 1060 ὑπακούειν
1367 1033 1458 1061 ἄδικον
1482 1031 1526 1070 ἦν,
1549 1033 1679 1070 ὥρμησεν

891 1081 937 1107 ἐπὶ
951 1081 996 1107 τὸν
1013 1080 1103 1116 βωμὸν
1119 1080 1166 1107 καὶ
1180 1080 1229 1116 τὴν
1246 1080 1365 1115 σφαγήν.
1681 1098 1682 1104 η

929 1126 1010 1159 lbid.,
1029 1127 1079 1154 lin.
1098 1126 1142 1154 45.
1167 1126 1194 1152 Ὀ
1210 1126 1243 1153 δὲ
1260 1126 1332 1159 Θεὸς
1347 1125 1414 1159 τήν.
1433 1125 1586 1154 Alexander
1598 1125 1679 1162 Poly-

891 1173 979 1201 histor
991 1172 1063 1208 apud
1075 1171 1236 1204 Eusebium,
1249 1171 1289 1199 De
1298 1177 1444 1206 prscparal.
1455 1171 1555 1207 Evang.
1570 1172 1618 1200 lib.
1633 1179 1676 1200 tr:

890 1219 959 1246 Μετ’
973 1218 1003 1245 οὐ
1017 1218 1100 1245 πολὺν
1111 1218 1140 1244 δὲ
1156 1217 1252 1254 χρόνον
1265 1217 1310 1244 τὸν
1325 1218 1392 1245 Θεὸν
1407 1217 1578 1254 τῷἈϐραὰμ
1592 1225 1678 1254 προσ-

890 1263 968 1297 τάξαι
991 1263 1082 1290 Ἰσαὰκ
1104 1264 1149 1290 τὸν
1180 1263 1237 1290 υἱὸν
1257 1263 1448 1297 ὁλοκαρπῶσαι
1471 1263 1556 1299 αὐτῷ.
1578 1263 1630 1290 Τδν
1649 1263 1678 1290 δὲ

891 1309 1061 1343 ἀναγαγόντα
1077 1309 1122 1335 τὸν
1137 1309 1218 1336 παῖδα
1232 1309 1279 1336 ἐπὶ
1293 1309 1324 1335 τὸ
1338 1309 1401 1344 δρος
1416 1310 1507 1345 πυρὰν
1524 1309 1615 1344 νῆσαι,
1631 1308 1679 1336 καὶ

891 1354 1024 1382 ἐπιθεῖναι
1043 1354 1089 1381 τὸν
1112 1354 1214 1382 Ἰσαάκ.
1233 1354 1349 1389 Σφάζειν
1365 1355 1394 1381 δὲ
1412 1355 1542 1390 μέλλοντα
1557 1354 1680 1390 κωλυθῆ-

891 1409 933 1428 ναι
948 1400 1000 1428 ὑπὸ
1014 1400 1130 1435 ἀγγέλου
1145 1400 1222 1436 κριὸν
1237 1391 1308 1436 αὐτῷ
1319 1400 1387 1436 πρὸς
1402 1401 1451 1437 τὴν
1465 1400 1606 1437 κάρπωσιν
1626 1408 1678 1427 πα-

892 1447 1087 1482 ραστήσαντος.
1112 1444 1164 1472 Τδν
1184 1446 1212 1472 δὲ
1241 1445 1365 1481 ’Δδραὰμ
1381 1445 1427 1473 τὸν
1450 1446 1499 1482 μὲν
1516 1446 1597 1473 παῖδα
1613 1446 1678 1473 καθ-

892 1491 960 1518 ελεῖν
973 1490 1026 1518 ἀπὸ
1041 1491 1091 1527 τῆς
1105 1490 1204 1526 πυρᾶς,
1217 1491 1262 1517 τὸν
1277 1491 1305 1518 δὲ
1320 1490 1396 1527 κριὸν
1409 1491 1565 1527 καρπῶσαι.
1579 1491 1612 1519 Et
1625 1492 1678 1519 hoc

891 1543 925 1564 ex
939 1535 1054 1563 Philone
1069 1540 1149 1572 poeta
1163 1536 1319 1564 conﬁrmat.

926 1581 1007 1612 lbid.,
1025 1581 1074 1608 lin.
1092 1581 1136 1609 50.
1154 1581 1261 1615 Πρώτῳ
1274 1581 1308 1608 δὲ
1323 1581 1373 1614 τῷ.
1392 1581 1538 1614 Eusebius,
1551 1581 1678 1610 Chronic.

892 1626 939 1655 lib.
955 1635 979 1654 l:
994 1626 1097 1662 Πρώτῳ
1108 1626 1254 1662 προφητῶν
1264 1626 1320 1654 ὄντι
1330 1626 1369 1662 τῷ
1389 1626 1512 1663 Ἀϐραὰμ
1528 1627 1543 1653 ό
1552 1626 1599 1654 τοῦ
1609 1626 1677 1654 Θεοῦ

891 1675 975 1709 Λόγος
996 1674 1091 1708 φανεὶς
1112 1674 1140 1700 ὲν
1156 1673 1299 1710 ἀνθρώπου
1324 1673 1443 1709 σχήματι
1458 1673 1508 1709 τὴν
1524 1673 1578 1700 τῶν
1593 1673 1679 1700 ἐθνῶν

892 1720 987 1756 κλῆσιν
1000 1719 1134 1751 θεσπίζει,
1152 1719 1185 1754 ἢν
1205 1719 1268 1746 καθ’
1291 1720 1367 1755 ἡμᾶς
1379 1720 1394 1746 ό
1406 1718 1453 1746 τοῦ
1466 1719 1585 1755 Χριστοῦ
1600 1719 1679 1753 λόγος

891 1767 930 1797 εἰς
945 1765 1031 1802 πέρας
1048 1766 1135 1801 ἤγαγε
1153 1764 1198 1792 διὰ
1215 1765 1265 1800 τῆς
1278 1765 1318 1797 είς
1332 1765 1421 1792 πάντα
1433 1764 1467 1792 τὰ
1479 1764 1542 1801 ἔθνη
1549 1765 1679 1799 {livens-

891 1811 968 1848 λικῆς
992 1811 1176 1843 διδασκαλίας.
1201 1810 1264 1838 Hazc
1287 1811 1381 1838 eadem
1397 1810 1544 1838 Chronicon
1559 1811 1679 1839 Alexa-

891 1857 1009 1883 drimtm.
1036 1855 1073 1883 De
1099 1856 1150 1883 hac
1179 1859 1206 1883 et
1231 1856 1292 1883 aliis
1321 1856 1438 1883 Abrahze
1466 1856 1678 1884 revelationibus

891 1901 1017 1928 Asterius
1029 1901 1152 1928 Amasea:
1165 1900 1312 1936 episcopus
1329 1901 1403 1928 hom.
1420 1899 1458 1928 De
1472 1899 1574 1927 Lazaro
1593 1905 1621 1928 et
1634 1901 1679 1928 di~

892 1947 958 1979 vite,
973 1954 1035 1974 cum
1050 1945 1085 1973 ad
1100 1945 1212 1973 dubium
1228 1946 1305 1980 illud,
1317 1946 1388 1979 Quid
1403 1953 1494 1974 causa
1506 1946 1587 1974 fuerit
1605 1945 1679 1982 quod

892 1999 953 2020 cum
969 1991 1047 2019 multi
1060 1991 1197 2028 iustorum
1216 1992 1372 2020 Abrahamo
1386 1993 1555 2028 antiquiores
1568 1993 1679 2025 iuerint.

892 2038 1023 2066 honorem
1047 2037 1120 2066 hunc
1146 2038 1201 2066 illis
1225 2038 1253 2065 in
1278 2046 1335 2066 aevo
1359 2038 1500 2066 remotiori
1522 2038 1681 2068 constitutis

893 2082 1014 2110 debitum
1037 2082 1082 2110 isti
1109 2083 1247 2118 precipue
1269 2083 1418 2119 assignarit
1433 2091 1496 2111 cum
1515 2084 1628 2117 diceret,
1647 2083 1681 2112 Et

893 2128 1074 2163 deportaretur
1095 2128 1129 2156 ab
1152 2130 1252 2164 angelis
1280 2129 1309 2156 in
1337 2129 1424 2156 sinum
1446 2129 1580 2162 Abrahae,
1607 2130 1681 2157 nulla

57 2164 110 2192 καὶ
128 2165 226 2200 ἀγεννῆ
243 2163 427 2192 ἀποτελοῦντα
442 2164 476 2192 τὰ
491 2164 656 2201 γεννώμενα.
674 2164 733 2192 Duo
751 2165 843 2200 itaque

898 2173 964 2202 facta
995 2173 1151 2206 mentione,
1175 2163 1263 2210 neque
1287 2175 1393 2207 Enoch,
1415 2183 1504 2210 neque
1533 2175 1610 2208 Noe,
1629 2182 1681 2203 nec

58 2209 185 2237 curanda
201 2212 265 2237 sunt
278 2209 307 2236 in
324 2209 471 2237 liberorum
485 2209 668 2244 susceptione,
684 2208 802 2244 primum
814 2213 844 2236 ut

59 2255 126 2283 sciti
143 2259 170 2283 et
190 2255 327 2291 elegantes
351 2255 440 2290 quoad
471 2255 529 2283 lteri
556 2255 656 2290 poterit
684 2258 845 2284 nascantur.

60 2301 232 2336 Secundum,
253 2310 316 2330 cum
335 2303 388 2329 orti
410 2302 585 2337 susceptique
606 2300 707 2328 fuerint
720 2321 727 2334 ,
746 2301 845 2328 libera-

58 2350 127 2378 liter
143 2350 308 2384 educentur;
325 2349 449 2384 iniquum
465 2350 538 2378 enim
565 2353 607 2377 est
627 2356 735 2381 canum,
753 2355 845 2383 equo-

59 2401 125 2422 rum
141 2399 169 2422 et
185 2395 300 2422 aliorum
327 2395 505 2422 animantium
521 2394 612 2423 studio
629 2393 726 2421 ductos
745 2400 845 2429 oppor-

59 2444 130 2468 tuna
145 2447 258 2476 quaeque
272 2441 443 2476 conquirere,
467 2443 497 2467 ut
523 2441 678 2468 necessaria
694 2439 728 2467 ad
745 2448 845 2468 munus

61 2494 145 2514 suum
170 2486 325 2514 obeundum
346 2486 463 2514 habeant
474 2506 482 2518 ,
496 2486 612 2513 liliorum
625 2493 690 2515 vero
703 2485 844 2513 educatio-

62 2538 126 2559 nem
139 2531 395 2566 institutionemque
413 2531 559 2567 negligere.

100 2585 181 2618 Ibid,
194 2586 243 2613 lin.
258 2585 304 2613 25.
319 2585 415 2612 Πάλιν
432 2585 534 2617 τούτῳ.
552 2584 670 2613 Basilius
690 2584 846 2615 Seleucia-

62 2633 113 2664 sis,
139 2632 264 2659 oratione
288 2631 317 2658 in
340 2630 474 2658 Abraham
490 2638 498 2656 :
513 2630 561 2657 ‘Ov
575 2631 674 2658 ἔδωκεν
689 2631 800 2667 ᾔτησεν,
816 2631 846 2658 ὂν

61 2678 164 2706 ἔπλασε
181 2677 262 2705 πάλιν
278 2678 418 2714 ἐζήτησεν·
441 2676 535 2705 ἱλαὸεν
556 2678 670 2713 αἰτήσας
689 2677 718 2705 δν
736 2678 842 2705 ἔδωκεν·

62 2723 186 2760 αίτηθεὶς
199 2723 332 2751 ἀποδώσει
350 2723 430 2750 πάλιν
447 2722 596 2760 βουληθεὶς,
614 2723 659 2750 ὑπ’
671 2724 777 2756 οὐδενὸς
790 2733 845 2751 κω-

62 2768 202 2804 λυόμενος.
227 2767 257 2794 '0
273 2767 327 2803 γάρ
338 2768 387 2795 οὐκ
403 2768 466 2795 όντα
479 2768 540 2799 δοὺς
554 2768 600 2794 καὶ
613 2767 782 2803 νεκρωθέντα
796 2777 844 2804 χα-

65 2814 180 2852 plectat.

895 2221 1011 2248 aliorum
1024 2220 1149 2257 εῈπειδὴ
1167 2220 1220 2258 γάρ
1236 2222 1250 2248 ό
1268 2221 1392 2257 ’Δϐραὰμ
1407 2219 1533 2258 θεράπων
1550 2221 1680 2257 Χριστοῦ,

896 2266 942 2294 καὶ
955 2267 1138 2302 διαφερόντως
1153 2265 1230 2300 οὗτος
1253 2268 1404 2304 ἀνθρώπων
1427 2268 1476 2300 τὰς
1495 2267 1541 2295 τοῦ
1560 2267 1680 2304 Χριστοῦ

895 2311 1054 2347 ἐπιφανείας
1075 2312 1193 2345 ἐδέξατο,
1213 2314 1259 2340 καὶ
1281 2313 1311 2340 τὸ
1331 2313 1381 2348 τῆς
1401 2312 1514 2349 Τριάδος
1534 2314 1683 2348 μυστήριον

896 2359 995 2390 ίκανῶς
1008 2359 1074 2394 ἡμῖν
1088 2359 1117 2385 ὲν
1132 2359 1165 2394 τῇ
1185 2360 1270 2395 σκηνῇ
1285 2358 1331 2386 τοῦ
1346 2360 1472 2394 γέροντος
1489 2358 1585 2386 τοῦτου
1595 2358 1681 2385 διετυ-

895 2403 985 2440 πώθη,
1004 2405 1087 2439 ἡνίκα
1105 2404 1167 2436 τοὺς
1179 2406 1252 2440 τρεῖς
1268 2404 1400 2440 ἀγγέλους
1418 2404 1456 2436 ὡς
1467 2404 1566 2441 ἄνδρας
1579 2404 1681 2431 ὁδοιπό-

896 2458 960 2486 ρους
979 2450 1091 2484 ὲξένισε,
1108 2451 1155 2478 καὶ
1175 2448 1268 2482 ἁπλῶς
1288 2451 1322 2479 ιι
1338 2450 1441 2477 πολλῶν
1462 2450 1517 2477 τῶν
1543 2449 1682 2486 μυστικῶν

895 2497 1062 2533 αἰνιγμάτων
1069 2498 1167 2529 οίκεῑος
1175 2496 1222 2524 ἀνθ
1227 2505 1314 2532 ρωπος
1322 2492 1399 2528 οὗτος
1406 2495 1551 2532 γεγένηται
1558 2495 1606 2523 τοῦ
1613 2495 1680 2523 Θεοῦ

894 2541 942 2569 τοῦ
955 2543 1059 2578 χρόνοις
1073 2542 1184 2578 ὕστερον
1194 2542 1397 2578 άμφιεσαμένου
1410 2541 1459 2578 τὴν
1469 2542 1569 2577 σάρκα,
1580 2542 1628 2569 καὶ
1637 2541 1682 2568 διὰ

897 2587 981 2622 μέσου
998 2587 1045 2614 τοῦ
1064 2588 1206 2624 ἀνθρώπου
1221 2588 1316 2616 τούτου
1334 2587 1583 2624 παραπετάσματος
1599 2588 1680 2623 διναρ-

895 2633 952 2667 τῶς
965 2634 1145 2670 ὁμιλήσαντος
1158 2635 1214 2666 τοῖς
1227 2633 1391 2670 ἀνθρώποις-
1407 2634 1450 2661 διὰ
1468 2633 1546 2660 τοῦτο
1561 2632 1606 2660 τδν
1619 2633 1681 2660 κόλ-

897 2687 946 2706 πον
959 2678 1040 2706 αὑτοῦ
1056 2676 1111 2706 οἷον
1125 2679 1210 2706 εῦδιόν
1221 2687 1282 2706 τινα
1293 2679 1403 2715 λιμένα,
1413 2679 1460 2706 καὶ
1471 2678 1603 2706 ἄκλυστον
1616 2678 1681 2706 ἀνα⁶

897 2725 1047 2761 παυτήριον
1064 2723 1134 2752 εἶναι
1146 2725 1200 2752 τῶν
1215 2725 1327 2752 δικαίων
1341 2724 1434 2761 φησίν.

931 2770 988 2798 Col.
1007 2770 1072 2802 765.
1089 2771 1138 2798 lin.
1158 2771 1184 2799 5.
1210 2772 1438 2806 Τελευτησάσης
1457 2770 1583 2806 Σάρῤας.
1605 2769 1680 2798 10w

897 2818 978 2852 phus,
993 2817 1082 2853 Antiq.
1096 2817 1145 2845 lib.
1159 2825 1178 2850 I,
1195 2825 1256 2853 cap.
1268 2817 1300 2845 16
1316 2817 1456 2854 τΓαμεῑδὲ
1470 2817 1550 2849 αὐτὸς
1565 2815 1678 2844 Χεττοῦι
