1897 3073
251 100 319 127 1027

967 94 1092 123 LEONIS
1111 93 1248 121 ALLATH

1803 94 1851 122 H118

252 167 301 194 ραν
314 158 434 193 ὕστερον,
449 157 478 190 ἐξ
491 155 525 193 ἦς
537 156 610 192 αὑτῷ
623 156 716 187 παῖδες
732 155 761 187 ἒξ
774 155 904 189 γίνονται,
921 155 991 190 πρός
1007 164 1037 181 τε
1052 159 1075 186 Α
1089 162 1171 189 φησιν
1184 155 1198 180 ὁ
1214 153 1365 189 προφήτης,
1384 153 1398 179 ὸ
1413 153 1459 179 καὶ
1474 152 1583 188 Μαλχδς
1599 153 1613 178 ὁ
1628 150 1746 187 ἱστορῶν
1760 151 1792 178 τὰ
1808 157 1851 189 περὶ

251 204 347 234 πόνους
359 204 497 239 καρτεροὶ,
507 203 552 230 καὶ
562 203 641 229 δεινοὶ
655 202 784 233 συνιέναι,
798 201 969 237 Ζεμϐράνης,
986 201 1037 228 Ἰα-

250 249 351 285 ζᾶρης,
372 249 510 284 Μαδάνης,
538 248 689 283 Μαδιάνης,
719 247 916 278 Λουσούϐακος,
943 247 1036 278 Σοῦος.

248 292 362 318 Φύονται
378 292 406 318 δὲ
422 293 468 318 καὶ
481 292 585 323 τούτοις
598 291 702 322 παῖδες
716 291 761 317 καὶ
779 291 861 318 Σούου
883 292 931 327 μὲν
948 291 1035 319 2416a-

249 337 333 373 κάνης
352 338 456 371 γίνεται
478 338 525 364 καὶ
540 338 669 372 Δαδάνης·
691 338 786 364 τούτου
808 337 836 363 δὲ
857 337 1035 372 Λατούσιμος,

251 373 410 417 ’Λσσουρος,
429 382 576 417 Λουούρης·
598 382 724 408 Μαδάνου
752 382 780 408 δὲ
806 382 901 416 Ἥφαὲ,
921 383 1036 417 Ὠφρης,

249 427 373 463 Ἄνοχος,
398 428 519 459 Ἐϐιδας,
551 429 653 460 Ἐλδᾶς.
682 428 714 454 Et
737 427 878 463 Origenes,
901 428 973 455 hom.
991 428 1035 461 Η,

247 474 354 505 Cenes.,
380 473 450 500 idem
480 474 579 504 sentit,
605 478 665 509 post
690 478 804 500 mortem
831 473 936 506 scilicet
963 474 1037 500 Sane

248 521 384 547 Abraham
407 521 434 546 in
454 520 658 546 matrimonium
679 520 792 547 duxisse
809 519 967 551 Cethuram,
994 520 1036 547 id-

248 575 301 601 que
314 574 346 594 ex
361 566 457 593 ordine
469 566 594 593 Mosaicae
607 566 772 593 narrationis
787 565 855 593 satis
867 569 1035 600 compertum

238 617 298 640 est.
318 612 465 647 Cajetanus
489 616 580 639 tamen
605 612 632 638 in
659 619 719 646 cap.
738 619 793 638 xxv
814 610 907 638 Cenes.
921 604 1034 639 dubitat.

250 659 360 692 Tempus
377 663 476 690 autem,
495 658 543 691 ait,
560 657 666 692 quando
681 657 816 684 Abraham
833 665 940 684 uxorem
956 665 1039 684 arce-—

248 703 285 735 pit
307 702 458 733 Cet/iurum,
480 711 532 729 non
555 707 593 728 est
615 707 725 733 certum,
747 703 864 729 uidelicet
885 710 918 728 an
942 702 969 728 id
992 702 1035 735 [a-

247 753 318 773 ctum
343 748 377 774 sit
400 749 497 775 vivente
518 747 604 774 adhuc
623 747 693 775 Sara
713 753 772 782 post
792 749 944 782 ejeclionem
964 749 1036 782 Agar

247 800 306 818 cum
324 791 445 824 Ismaele,
467 801 501 819 an
521 801 551 819 ea
569 793 628 826 jam
649 797 764 820 mortua.
783 792 928 827 Scriptura:
949 796 1034 818 tamen

1095 200 1239 232 Ἰουδαίων,
1257 199 1348 231 καθὼς
1360 200 1408 226 καὶ
1419 199 1535 233 Μωῦσῆς
1548 198 1692 232 ἱστόρησεν
1704 197 1719 223 ὀ
1730 196 1851 232 νομοθέτης

1088 244 1187 276 αὐτῶν,
1205 245 1246 271 ὅτι
1260 245 1292 271 ὲκ
1306 246 1355 279 τῆς
1367 243 1519 279 Χαιτούρας
1534 243 1657 277 ἐγένοντο
1674 241 1801 277 ’Δϐράμῳ
1811 246 1852 269 παῖ-

1087 292 1131 322 δες
1146 291 1241 318 ἱκανοί.
1258 291 1338 325 Λέγει
1351 290 1379 316 δὲ
1392 289 1480 316 αὐτῶν
1497 290 1543 316 καὶ
1556 289 1590 315 τὰ
1602 289 1727 323 ὀνόματα
1737 289 1852 323 ὀνομάζω)

1086 338 1171 372 τρεῖς,
1191 336 1320 371 Ἀφεραν,
1337 336 1464 370 Σουρεὶμ,
1486 335 1605 370 Ίάφραν·
1624 334 1679 360 ἀπὸ
1695 333 1807 368 Σουρεὶμ
1818 334 1852 368 μὲι

1087 382 1135 417 τὴν
1143 381 1287 417 Ἀσσυρίαν
1300 380 1456 416 κεκλῆσθαι,
1465 381 1518 407 ἀπὸ
1529 381 1556 406 δὲ
1567 380 1621 406 τῶν
1632 379 1691 411 δύο,
1701 380 1851 413 happian

1094 427 1226 462 Ἰαφέρου,
1247 427 1323 454 πόλιν
1333 435 1362 453 τε
1379 426 1490 462 Ἀφρὰν,
1504 427 1550 452 καὶ
1562 426 1612 461 τὴν
1623 425 1718 460 χώραν
1740 425 1850 460 Ἀφριχιιν

1087 472 1287 508 ὡνομασθῆναι.
1310 471 1446 504 Pererius,
1473 471 1545 498 haud
1570 472 1633 503 scit,
1661 478 1698 498 an
1728 478 1775 505 pro
1795 476 1850 498 certo

1087 519 1161 546 credi
1180 522 1271 554 posset
1292 517 1383 553 Opher
1397 518 1470 545 hunc
1484 518 1595 552 petiisse
1611 525 1674 544 cum
1691 517 1805 544 exercitu
1819 516 1851 544 Li-

1087 564 1178 599 byam,
1199 565 1291 599 ibique
1312 567 1405 598 postea
1421 563 1588 595 consedisse,
1602 568 1629 590 et
1644 566 1753 589 mutato
1765 563 1850 590 nomine

1087 609 1198 644 Libyam
1217 610 1251 636 ab
1266 616 1299 636 eo
1321 610 1421 636 dictam
1443 617 1505 636 esse
1528 609 1661 641 Africam,
1682 616 1746 635 cum
1764 616 1793 636 ex
1807 609 1849 644 ipsa

1088 654 1229 690 Scriptura
1246 655 1422 682 manifestum
1439 656 1485 682 sit.
1504 655 1608 682 Madian
1625 663 1690 681 curn
1708 655 1764 682 suis
1777 656 1849 683 liberis

1087 698 1396 733 EthiopimOrientaliS,
1405 700 1456 729 vel.
1471 707 1499 726 ιιι
1511 700 1556 726 alii
1567 701 1790 734 interpretantur,
1799 700 1849 726 Ara-

1087 746 1138 773 biae
1153 750 1256 780 partem
1273 746 1394 773 tenuisse
1406 745 1555 779 proximam
1572 734 1660 772 terra;
1669 746 1847 779 promissionis.

1087 790 1198 818 Diversa
1211 798 1226 817 a
1242 791 1361 826 Josepho
1380 792 1489 817 tradunt
1508 790 1614 825 profani
1640 796 1776 822 auctores,
1799 791 1848 819 Soli-

248 839 378 870 narratio,
392 839 416 865 si
430 839 468 864 rei
491 843 570 873 gestcr
587 838 673 865 ordini
689 838 836 872 respondet,
853 838 973 865 insinuat
986 838 1034 865 Ιιοε
1052 828 1072 854 Β
1085 845 1147 869 nus,
1168 845 1230 872 cap.
1244 837 1295 869 27;
1310 836 1430 864 Joannes
1447 836 1501 863 Leo
1515 837 1542 864 in
1561 836 1743 870 Descriptione
1761 837 1846 871 Africa.

247 893 302 911 esse
320 885 421 918 factum
434 889 492 918 post
508 890 617 911 mortem
632 884 717 911 Sarra.

280 924 339 958 Col.
354 931 483 964 765.Τὴν
490 931 667 965 Χεττοῦραν.
676 930 739 957 Fuit
748 930 922 957 Hebraeorum
931 930 1033 965 opinio,

246 974 396 1000 Cethuram
425 978 452 1001 et
471 975 544 1009 Agar
557 971 639 1002 unam
655 979 681 1002 et
696 975 830 1006 eamdem,
852 975 902 1002 etsi
925 976 1035 1002 nomina

246 1019 362 1050 varient,
379 1019 538 1053 mulierem;
552 1027 602 1046 nec
619 1027 688 1046 n0vo
706 1020 881 1046 matrimonio
897 1019 970 1046 illam
983 1021 1035 1048 sibi

246 1065 383 1091 Abraham
397 1069 458 1100 post
473 1070 588 1092 mortem
606 1065 680 1092 Sam
697 1065 851 1099 copulasse,
868 1073 930 1092 cum
960 1066 1035 1100 prius

245 1109 320 1136 illam
336 1110 457 1145 legitime
479 1111 530 1138 sibi
555 1111 759 1144 conjunxisset;
782 1111 831 1138 hos
852 1111 939 1137 secuti
959 1115 1033 1142 sunt,

246 1159 272 1182 et
288 1155 423 1191 Lyranus,
446 1161 473 1184 et
490 1156 610 1184 Thomas
625 1157 727 1192 Anglus
748 1157 776 1183 in
796 1165 856 1191 cap.
875 1165 927 1184 xxv
941 1157 1032 1184 Genes.

247 1201 429 1238 Hieronymus
446 1203 472 1228 in
490 1202 690 1229 Traditionibus
709 1203 848 1229 Hebraicis
866 1203 989 1238 ambigit,
1008 1207 1034 1230 et

238 1254 275 1276 'ut
290 1249 423 1276 incertam
439 1248 579 1283 relinquit.
592 1248 717 1280 Cet/mra,
731 1248 829 1283 inquit,
851 1248 963 1275 Hebrum
977 1257 1033 1275 ser-

246 1303 322 1320 mone
342 1294 465 1328 copulata
488 1294 688 1328 interpretatur,
709 1299 755 1320 aut
778 1295 934 1329 conjuncta;
955 1303 1034 1329 quam

246 1340 277 1366 ob
291 1348 399 1366 causam
415 1340 583 1373 suspicantur
597 1339 711 1372 Ilcbrwi,
728 1345 829 1367 mutato
843 1341 947 1367 nomine
961 1349 1034 1367 eam—

246 1384 305 1411 dem
331 1393 386 1411 esse
408 1385 492 1419 Agar,
514 1393 572 1419 qum
594 1384 663 1412 Sara
685 1390 801 1417 mortua,
828 1385 859 1412 de
889 1383 1033 1412 concubina

247 1430 385 1456 transierit
407 1431 433 1456 in
459 1438 583 1462 uxorem;
600 1435 624 1456 et
649 1431 687 1457 ita
708 1439 770 1457 sane
794 1431 896 1457 videtur
910 1431 1034 1464 decrepiti

242 1475 302 1510 jam
319 1475 432 1503 Abrahae
452 1476 574 1502 excusari
598 1481 680 1508 (etas;
705 1485 735 1502 ne
753 1485 829 1503 senex
849 1482 906 1511 post
922 1481 1032 1503 mortem

247 1522 339 1549 uxoris
354 1530 409 1548 sua:
427 1521 519 1548 uetula:
538 1522 611 1548 nouis
629 1527 758 1557 arguatur
774 1523 871 1556 nuptiis
887 1523 1029 1549 last-ivisse.

252 1567 346 1594 Verum
361 1577 408 1595 nos
422 1568 490 1603 quod
505 1568 634 1594 incertum
654 1572 693 1594 est
713 1567 903 1602 relinquamus.
925 1568 1032 1603 Cajeta-

247 1622 299 1642 nus
318 1618 345 1641 et
364 1615 409 1641 alii
425 1615 587 1641 sententiam
604 1614 674 1641 hanc
689 1614 827 1648 rejieiunt,
839 1618 866 1641 et
880 1613 1030 1642 confutant.

281 1659 360 1692 Ibid.,
376 1661 426 1688 lin.
441 1661 468 1687 9.
482 1660 536 1687 Kal
546 1660 661 1693 τούτοις
671 1659 776 1688 ἅπασι.
788 1660 933 1695 Josephus,
943 1660 990 1688 lib.
1003 1668 1029 1687 ιε

245 1705 356 1737 Τούτοις
373 1705 457 1732 ἅπασι
471 1707 528 1737 τοῖς
546 1706 624 1732 παισὶ
639 1706 684 1732 κα).
698 1707 753 1738 τοῖς
770 1707 876 1738 υἱωνοῖς
891 1705 1032 1741 Ἅϐραμος

245 1752 378 1779 ἀποικιῶν
399 1751 508 1783 στόλους
526 1753 689 1787 μηχανᾶται,
703 1753 750 1778 καὶ
767 1753 817 1788 τήν
830 1761 859 1778 τε
873 1752 1030 1788 Τρωγλοδύ-

244 1807 293 1833 την
317 1798 553 1834 καταλαμϐάνουσι
573 1798 620 1824 καὶ
643 1799 692 1833 τῆς
711 1799 875 1833 Εὐδαίμονος
902 1799 1030 1834 Ἀραϐίας

243 1845 305 1871 ὅσον
329 1845 375 1870 ἐπὶ
390 1843 439 1879 τὴν
461 1843 593 1879 Ἐρυθρὰν
615 1843 750 1870 θάλασσαν
770 1844 895 1879 καθήκει.
919 1844 952 1870 Et
969 1848 1030 1879 post

243 1890 391 1925 Josephum
418 1889 599 1925 Hieronymus
621 1890 705 1917 tradit
727 1890 777 1917 hos
806 1890 931 1917 Gellium:
960 1890 1029 1918 filios

244 1937 366 1963 tenuisse
377 1936 565 1972 Troglodytin,
578 1940 604 1963 et
619 1935 747 1963 Arabiam
765 1936 880 1968 felicem,
897 1944 982 1971 usque
996 1937 1029 1964 ad

245 1989 321 2009 mare
334 1981 468 2009 Rubrum.
485 1982 594 2008 Addunt
611 1982 667 2013 alii,
686 1983 828 2017 plerasque
845 1983 969 2017 regiones
984 1983 1028 2009 ln-

245 2027 297 2054 dia:
320 2035 478 2062 occupasse.
507 2027 559 2055 Sed
582 2036 636 2055 non
662 2029 778 2060 videtur,
796 2029 833 2055 ait
848 2028 985 2060 Pererius,
1002 2029 1028 2056 id

245 2080 396 2108 congruere
409 2080 471 2099 cum
488 2080 530 2105 eo,
550 2074 620 2107 quod
637 2074 670 2100 de
687 2074 746 2100 istis
760 2079 892 2100 memorat
905 2074 956 2100 hoc
969 2075 1028 2100 loco

243 2116 363 2154 Moyses,
378 2118 512 2149 scribens,
526 2125 573 2145 eos
589 2118 727 2145 habitasse
743 2118 776 2144 ad
790 2119 894 2153 plagam
910 2119 1028 2145 orientay

245 2164 298 2191 lem
320 2167 446 2199 respectu
468 2164 595 2191 videlicet
617 2165 676 2199 ejus
702 2165 772 2198 loci,
794 2172 873 2199 quem
893 2165 1027 2192 incolebat
1042 2178 1064 2204 ι)

243 2209 393 2242 Abraham,
412 2208 469 2236 sive
483 2210 506 2236 is
518 2215 591 2236 esset
606 2209 725 2241 llebron,
741 2210 797 2237 sive
808 2210 936 2237 Bersabe.
953 2209 1027 2237 Scri-

243 2259 323 2290 ptura
345 2256 418 2283 enim
443 2257 571 2291 regiones
593 2256 740 2283 orientales
762 2257 878 2291 appellat
901 2261 1026 2292 respectu

243 2301 404 2333 Palaestina,
433 2309 494 2336 qum
519 2305 643 2336 spectant
668 2302 754 2337 magis
771 2304 803 2329 ad
823 2301 975 2329 Chaldzcam
1000 2306 1026 2330 et

243 2346 393 2374 Persidem.
407 2345 464 2374 Hoc
479 2351 569 2375 autem
586 2347 661 2374 nullo
674 2347 755 2375 modo
772 2349 898 2375 convenit
914 2348 941 2375 in
958 2347 1025 2375 Tro-

243 2393 406 2428 glodyticam
429 2393 577 2429 regionem,
600 2401 660 2428 qua:
677 2394 750 2428 jacet
767 2394 794 2420 in
811 2393 902 2420 Africa
917 2394 1025 2421 Ethio-

242 2437 323 2472 pibns
338 2438 471 2472 proxima,
486 2441 513 2465 et
534 2445 549 2464 a
569 2438 725 2473 supradicta
743 2438 924 2473 descriptione
940 2439 1025 2474 plaga

242 2484 382 2510 orientalis
399 2484 594 2511 remotissima.
610 2483 673 2511 Haec
693 2489 784 2512 tamen
807 2485 950 2519 requirunt
965 2485 1024 2512 lon-

242 2530 345 2565 giorem
361 2529 528 2564 indaginem.

277 2574 356 2607 lbid.,
372 2575 420 2602 lin.
436 2574 478 2602 15.
495 2575 622 2610 Σωφρὴν·
635 2575 670 2601 δὲ
683 2575 743 2603 ἐπί.
768 2574 915 2611 Iosephus,
929 2577 976 2604 lib.
996 2585 1021 2604 I:

240 2620 357 2654 Λέγεται
369 2620 407 2653 δὲ,
421 2621 458 2653 ὡς
472 2618 548 2653 οὗτος
566 2621 580 2647 ὁ
600 2622 714 2657 Ὤφρης,
735 2622 901 2657 στρατεύσας
914 2623 959 2649 ἐπὶ
974 2623 1023 2658 τὴν

240 2665 354 2700 Λιϐύην,
374 2666 505 2701 κατέσχεν
518 2666 611 2701 αὐτὴν,
626 2667 707 2695 κοιὶοί
721 2667 811 2694 υἱωνοὶ
824 2667 916 2700 αὐτοῦ,
932 2675 1023 2695 κατοι-

242 2711 374 2745 κήσαντες
392 2713 420 2738 ὲν
437 2713 516 2748 αὐτῇ,
530 2713 579 2749 τὴν
593 2714 643 2749 γῆν
653 2714 706 2740 ἀπὸ
719 2714 766 2740 τοῦ
777 2714 880 2740 ἐκείνου
892 2715 1023 2750 ὀνόματος

243 2755 379 2790 Ἀφρικαν
387 2758 618 2794 προσηγόρευσαν.
631 2759 774 2795 Μαρτυρεῖ
786 2760 813 2786 δέ
832 2769 882 2795 μου
897 2760 935 2795 τῷ
951 2760 1021 2795 λόγῳ

242 2800 290 2828 καὶ
305 2801 475 2838 Ἀλέξανδρος
483 2805 496 2831 ὁ
504 2804 660 2840 Πολυΐστωρ
667 2805 752 2839 λέγων
762 2806 857 2838 οὕτως·
866 2806 1020 2842 Κλεόδημός

1045 1501 1066 1530 C

1085 884 1132 910 lib.
1150 891 1169 909 ι.
1185 883 1253 910 Vide
1267 882 1401 910 lsidorum
1418 887 1445 909 et
1457 883 1534 923 alios.

1120 929 1200 961 Μία,
1227 929 1275 955 lin.
1300 929 1343 955 17.
1370 929 1482 960 Οῗτινες
1514 927 1657 962 Ἠρακλεῖ.
1686 927 1810 962 Josephus
1824 937 1846 955 ex

1084 974 1229 1002 Cleodemo
1256 973 1329 1001 lib.l
1353 972 1637 1007 Αηῑίίμιὶι.;Τούτους
1664 973 1721 1008 γὰρ
1745 973 1847 1008 Ἡρακλεῖ

1085 1018 1284 1054 συστρατεῦσαι
1301 1019 1347 1044 ἐπὶ
1366 1018 1469 1053 Λιϐύην
1484 1018 1530 1044 καὶ
1548 1018 1681 1050 Ἀνταῖον,
1703 1019 1845 1053 ﬁam-.5115

1084 1065 1131 1100 τὴν
1155 1066 1260 1100 Ὄφραν
1283 1064 1421 1100 θυγατέρα
1447 1064 1581 1099 Ἡρακλέα
1607 1064 1740 1099 γεννῆσαι
1763 1065 1810 1091 υἱὸν

1083 1111 1168 1145 αὐτῆς
1188 1111 1316 1146 Δὲδωρον.
1337 1110 1437 1136 Τούτου
1457 1110 1484 1135 δὲ
1500 1111 1624 1144 γενέσθαι
1640 1110 1765 1145 Σοφῶνα,
1778 1109 1844 1144 ἀᾳ¹ὠ

1083 1157 1145 1188 τοὺς
1156 1156 1308 1191 βαρϐάρους
1318 1155 1444 1190 Σοφακὰς
1453 1156 1578 1190 λέγεσθαι
1589 1165 1594 1171 ·
1608 1157 1657 1183 alii
1668 1157 1759 1191 legunt
1769 1156 1843 1191 Σιφὰς.

1084 1202 1122 1229 Ex
1140 1203 1181 1229 his
1196 1202 1376 1237 corrigendus
1392 1202 1561 1235 Eustathius,
1579 1203 1641 1230 nisi
1654 1203 1743 1238 magis
1757 1203 1843 1238 placue-

1084 1249 1119 1276 rit
1135 1249 1262 1284 Σοφῶνας
1279 1249 1407 1276 scribere.
1431 1248 1488 1276 Hoc
1506 1253 1596 1276 tamen
1620 1249 1798 1284 perinsignem
1815 1254 1843 1275 at.

1083 1302 1135 1328 quc
1151 1294 1348 1328 perabsurdum
1361 1294 1387 1320 in
1401 1293 1578 1329 Chronologia
1593 1302 1717 1322 errorem
1728 1294 1842 1322 continere

1084 1340 1203 1367 scribere
1226 1339 1368 1373 Pererius;
1397 1339 1526 1367 Hercules
1551 1349 1670 1375 namque
1693 1341 1807 1371 excessit,
1822 1344 1842 1367 ut

1084 1388 1153 1415 inter
1176 1396 1270 1415 omnes
1295 1388 1433 1419 convenit,
1455 1388 1545 1415 minus
1566 1388 1681 1423 triginta
1705 1388 1778 1415 annis
1796 1391 1841 1415 ante

1083 1435 1182 1462 bellum
1199 1434 1359 1469 Trojanum,
1373 1435 1444 1469 quod
1458 1435 1557 1461 bellum
1573 1435 1599 1461 in
1616 1434 1768 1469 principatu
1782 1435 1842 1461 Sam-

1083 1480 1169 1511 sonis,
1183 1483 1229 1506 aut
1244 1487 1298 1506 non
1310 1481 1404 1514 procul
1415 1480 1450 1506 ab
1462 1487 1493 1507 eo
1505 1484 1626 1515 tempore
1641 1480 1765 1515 contigit,
1779 1487 1841 1514 quare

1084 1526 1129 1553 isti
1143 1530 1255 1561 nepotes
1271 1526 1397 1559 Abralm,
1415 1527 1475 1561 plus
1491 1530 1635 1554 sexcentos
1652 1534 1741 1553 annos
1761 1526 1840 1552 Hercu-

1082 1570 1135 1599 leni
1157 1576 1374 1604 antecesserunt,
1399 1572 1550 1607 probatque
1571 1573 1736 1600 auctoritate
1755 1571 1839 1599 Eusebii

1082 1617 1110 1644 in
1127 1617 1285 1651 praefatione
1306 1625 1419 1644 suorum
1446 1617 1543 1645 Chron.
1572 1617 1624 1644 Sed
1648 1625 1768 1645 errorem
1786 1618 1838 1644 hunc

1081 1662 1263 1697 perinsignem
1280 1666 1306 1689 et
1323 1662 1522 1697 perabsurdum
1539 1662 1566 1689 in
1582 1661 1769 1696 Chronofogia,
1783 1661 1837 1691 velit,

1081 1709 1158 1739 nolit.
1177 1709 1255 1736 nobis
1269 1708 1396 1736 Percrius
1409 1709 1538 1744 suggerit,
1555 1707 1602 1742 qui
1620 1716 1706 1735 unum
1721 1707 1837 1734 Herculem

1080 1754 1250 1782 constituens
1271 1758 1358 1789 putat,
1383 1762 1421 1782 se‘
1436 1762 1489 1781 non
1510 1754 1682 1788 ineleganter
1701 1754 1838 1788 redarguere

1079 1799 1264 1831 Cleodemum,
1280 1800 1461 1827 Alexandrum
1479 1799 1836 1834 Polyhistorem,Josepllllm.

1079 1850 1106 1872 et
1131 1850 1331 1881 consequenter
1356 1849 1480 1873 nostrum
1511 1845 1696 1872 Eustathium.
1725 1844 1836 1873 Cleodemi

1078 1891 1151 1918 dicta
1178 1892 1303 1919 maxima:
1328 1899 1390 1919 esse
1411 1892 1583 1919 auctoritatis
1604 1892 1646 1918 vel
1667 1899 1702 1919 ex
1725 1899 1755 1919 eo
1771 1894 1835 1925 patet,

1078 1938 1150 1973 quod
1174 1942 1311 1965 tantorum
1337 1939 1457 1966 virorum
1480 1938 1647 1977 testimonio,
1674 1945 1750 1965 suam
1769 1937 1835 1964 histo-

1078 1983 1145 2010 riam
1162 1984 1303 2011 contexuit
1320 1984 1353 2010 ad
1377 1983 1554 2010 imitationem
1580 1983 1684 2018 Moysis
1705 1983 1834 2009 Judzeorun

1079 2029 1254 2063 legislaloris.
1278 2030 1307 2056 '0
1331 2029 1443 2065 ἱστορῶν
1463 2030 1497 2056 τὰ
1521 2029 1585 2064 περὶ
1611 2029 1744 2056 Ἰουδαίων
1765 2027 1834 2057 καθὼς

1077 2074 1124 2100 καὶ
1139 2074 1257 2110 Μωῦσῆς
1271 2074 1410 2110 ἱστόρησεν
1424 2075 1438 2100 ὁ
1452 2074 1598 2109 νομοθέτης
1612 2075 1712 2106 αὐτῶν,
1724 2080 1833 2107 nusquam

1078 2119 1128 2147 istc
1143 2124 1239 2147 auctor
1252 2128 1268 2147 a
1284 2120 1409 2148 Mosaicis
1425 2121 1505 2148 dictis
1518 2121 1559 2148 vel
1571 2120 1762 2147 traditionibus
1775 2119 1832 2146 aber.

1079 2169 1177 2193 rasset.
1200 2165 1254 2192 Nec
1273 2165 1386 2193 dubium
1403 2171 1444 2192 est
1463 2165 1604 2192 Herculem
1620 2164 1697 2193 Iovis
1712 2170 1736 2192 et
1752 2165 1832 2191 Alcme-

1078 2219 1119 2238 nae
1134 2211 1230 2244 lilium,
1250 2211 1296 2246 qui
1319 2219 1380 2238 cum
1397 2211 1561 2246 Argonautis
1578 2211 1727 2246 navigavit,
1746 2210 1831 2243 Troiam

1076 2257 1250 2292 expugnavit,
1267 2260 1293 2284 et
1307 2256 1350 2283 cui
1364 2256 1520 2284 Graecorum
1539 2256 1651 2283 ambitio
1668 2257 1787 2283 universa
1801 2261 1830 2280 re-

1077 2303 1224 2337 liquorum,
1239 2303 1286 2338 qui
1297 2302 1344 2329 tali
1359 2303 1469 2330 nomine
1481 2302 1603 2337 insigniti
1615 2306 1691 2334 sunt,
1703 2306 1760 2329 acta
1774 2299 1830 2327 attri-

1075 2348 1142 2380 buit.
1159 2349 1260 2383 quique
1276 2349 1385 2376 'virium
1404 2353 1431 2376 et
1452 2348 1622 2376 fortitudinis
1640 2347 1716 2375 fama
1733 2347 1795 2375 venit
1806 2345 1828 2371 ad

1075 2400 1209 2430 posteros,
1225 2403 1277 2422 una
1291 2395 1465 2430 generatione
1481 2394 1609 2422 Troicum
1621 2394 1721 2422 bellum
1732 2398 1830 2420 anteces.

1074 2442 1144 2468 sisse
1160 2444 1207 2468 :et
1225 2440 1260 2467 de
1275 2448 1308 2468 eo
1332 2439 1478 2467 Eusebium
1503 2440 1531 2467 in
1554 2439 1685 2467 Chronico
1701 2444 1828 2468 sermonem

1075 2483 1214 2518 habuisse,
1238 2494 1300 2513 cum
1319 2487 1353 2513 de
1372 2487 1454 2514 rebus
1473 2494 1488 2513 a
1503 2486 1605 2514 Grmcis
1626 2487 1722 2521 gestis,
1740 2489 1764 2512 et
1776 2490 1828 2518 quo.

1074 2539 1134 2558 rum
1160 2532 1291 2559 memoria
1316 2531 1522 2563 insolescerent,
1549 2539 1704 2559 sermonem
1725 2531 1826 2559 haberet;

1073 2577 1145 2611 quod
1161 2577 1184 2604 si
1200 2577 1233 2604 de
1253 2577 1339 2604 aitero
1360 2576 1476 2605 Hercule
1499 2585 1654 2605 sermonem
1679 2576 1825 2604 instituisset.

1073 2626 1262 2657 argumentum
1278 2623 1338 2657 ejus
1352 2628 1452 2650 rueret.
1466 2623 1641 2658 Compertum
1655 2627 1707 2655 est,
1724 2623 1750 2649 in
1763 2621 1826 2648 histo-

1072 2669 1113 2695 ria
1131 2667 1262 2696 Hercules
1279 2669 1371 2703 plures
1390 2668 1485 2697 fuisse.
1502 2667 1589 2696 Varro
1606 2672 1722 2703 quatuor
1738 2671 1762 2694 et
1777 2672 1826 2700 qua-

1071 2714 1197 2750 draginta
1208 2719 1343 2748 recenset,
1357 2714 1452 2743 Cicero
1464 2722 1522 2748 sex,
1534 2714 1681 2748 Diodorus,
1689 2714 1734 2742 lib.
1743 2721 1775 2743 tv,
1785 2715 1825 2737 tres

1072 2761 1167 2796 ponit:
1183 2759 1304 2788 Primum
1331 2761 1498 2796 Egyptium,
1523 2761 1602 2796 cujus
1626 2761 1739 2788 maxima
1764 2755 1824 2783 τυθΐὶι

1071 2807 1167 2845 virtus,
1183 2815 1319 2844 quemque
1333 2807 1421 2837 Osiris
1435 2807 1508 2844 quod
1524 2815 1640 2843 corpore
1655 2810 1726 2836 esset
1737 2802 1822 2832 validis-
