1897 3073
31 140 37 145 .
53 113 130 141 1029

607 113 639 141 ΙΝ
657 113 842 144 EUSTATHll
861 114 1097 142 HEXAEMERON
1115 114 1228 142 ΝΟΤᾸΞ.

1618 115 1628 141 ί
1634 115 1686 142 030

51 173 130 199 simo
139 172 272 200 exercitui
285 172 416 210 praefecit.
427 171 476 200 Hic
493 178 590 208 magna
603 173 680 201 orbis
696 177 772 208 parte
788 181 827 209 pet

902 174 989 200 εἰδυῖα
1006 173 1157 205 ποθοῦντας
1173 174 1257 208 αὐτῆς
1270 174 1301 200 τὺ
1324 174 1420 209 ὄνομα,
1437 173 1489 200 ὑπὸ
1507 173 1557 208 τῆς
1572 173 1618 200 τὸν
1633 182 1685 200 πα-

50 224 154 254 ngrata
186 219 214 246 in
238 219 323 255 Libya
348 219 503 246 columnam
528 219 625 251 erexit,
651 219 845 255 praecessitque

51 265 205 293 Herculem
217 265 352 292 Alcmenae
369 265 452 292 lilium
468 265 591 300 pluribus
603 273 685 299 quam
709 265 782 293 mille
797 273 845 293 an-

51 311 110 338 nis.
127 311 240 340 Servius
251 311 314 339 item
325 315 442 346 quatuor
450 310 580 338 Hercules
591 310 655 338 facit
664 311 773 338 /Eneitl.
784 319 842 339 vm:

51 355 254 392 Tyrinthium,
273 357 403 393 Argium,
434 356 612 388 Thebanum,
637 355 744 391 Libym.
772 356 845 383 Inter

49 410 129 438 quos
156 403 281 438 quamvis
312 410 369 430 non
397 406 503 430 constet
533 403 567 430 de
598 409 724 434 numero,
750 406 842 430 tamen

50 448 127 476 illud
144 456 227 476 unum
246 453 352 476 certum
367 452 418 480 est,
439 447 582 476 Herculem
599 447 768 483 Egyptium,
787 448 845 475 sive

50 495 142 522 etiam
163 494 270 530 Libym,
280 495 374 522 multis
388 495 497 523 saeculis
512 494 656 522 Herculem
674 494 842 527 Graecorum,

51 541 90 569 de
116 549 173 576 quo
201 541 322 576 loquitur
351 541 496 574 Eusebius,
523 541 719 576 precessisse;
749 540 786 567 ita
814 543 844 567 ut

50 586 175 614 Abraha:
188 586 335 622 nepotibus
351 590 431 614 aetate
447 593 497 621 par
516 594 577 614 esse
597 586 700 621 possit;
718 586 755 613 ita
769 586 843 613 enim

50 638 82 660 et.
104 633 178 661 ratio
198 637 351 668 temporum
373 633 503 664 cobteret,
527 640 578 660 nec
595 638 734 665 auctores,
749 633 796 667 qui
810 632 844 659 de

50 678 231 714 expeditione
254 683 383 713 nepotum
409 678 526 705 Abrahze
553 685 607 704 una
634 685 698 704 cum
727 677 843 704 Hercule

51 725 140 752 verba
155 724 271 756 faciunt,
287 724 435 758 ἀλογίστως
446 724 649 752 danmabimus.

88 768 151 796 Col.
168 769 230 802 765,
246 765 294 795 lin.
306 768 351 795 22.
367 767 680 802 Ὶακὼϐπαραρπιὶσας.
691 768 843 796 Alexander

50 815 211 851 Polyhistor
223 823 256 843 ex
268 814 403 842 Demetrio
418 814 490 855 apud
504 814 665 846 Eusebium,
679 814 716 842 De
726 822 840 850 prtepar.

895 219 961 254 τέρα
988 219 1094 250 εὐνοίας
1120 218 1250 253 ἔνδακρυς
1279 220 1429 254 γενομένη,
1459 219 1615 254 περιϐάλλει
1639 219 1685 245 τὸν

902 266 1045 298 Ἰάκωϐον,
1080 266 1125 293 καὶ
1154 266 1387 300 κατασπασαμένη
1417 265 1467 301 τὴν
1492 265 1685 300 εὐκταιοτάτην

896 313 942 339 καὶ
965 312 1095 347 μεγίστην
1118 311 1213 346 ἡδονὴν
1236 311 1316 338 αὑτὸν
1345 311 1456 346 κομίσαι
1479 312 1517 346 τῷ
1538 312 1622 347 πατρὶ
1637 311 1686 338 καὶ

895 360 950 390 τοῖς
965 358 1011 384 ἐπὶ
1034 358 1084 392 τῆς
1105 358 1205 389 οἰκείας
1229 358 1341 390 ἅπασιν,
1366 356 1458 391 ἔλεγεν
1478 357 1524 384 ἐπὶ
1539 359 1571 392 τῇ
1590 358 1685 393 μνήμῃ

894 404 943 439 τῆς
959 404 1061 440 μητρὸς
1085 405 1167 431 αὑτοῦ
1197 404 1326 439 κειμένῳ,
1348 404 1482 439 καὶπρὸς
1505 405 1571 440 μόνῃ
1597 405 1683 440 ταύτῃ

894 449 1070 483 τυγχάνοντι,
1101 449 1245 483 φανεῖσθαι
1273 449 1301 475 δὲ
1330 448 1405 483 αὐτῷ
1431 449 1530 480 παντὸς
1559 449 1684 482 ἀντάξιον

894 494 1007 528 ἀγαθοῦ.
1039 494 1120 522 llisce
1141 499 1168 522 et
1189 495 1250 522 aliis
1265 494 1401 530 Iosephus
1425 495 1452 521 in
1469 495 1591 522 historiis
1608 502 1684 522 com-

895 537 1078 567 memorandis
1095 548 1190 575 parum
1212 541 1326 576 diligens
1349 545 1375 568 et
1396 540 1493 568 lidelis.
1509 540 1562 568 Nec
1578 548 1640 568 raro
1655 541 1683 567 in

894 585 1006 613 historia
1015 590 1042 612 et
1053 585 1080 612 in
1089 586 1264 620 Chronologia
1279 594 1340 614 esse
1355 587 1449 621 lapsus
1463 586 1681 622 deprehenditur.

930 631 1012 663 lbid.,
1031 631 1079 658 lin.
1095 632 1138 658 56.
1161 632 1312 659 Τίκτονται
1331 632 1365 658 δὲ
1379 632 1494 665 παῖδες.
1514 631 1551 660 De
1573 636 1635 659 ortu
1652 633 1684 659 li-

894 677 992 704 liorum
1016 676 1120 710 Jacobi,
1137 681 1165 704 et
1182 683 1313 712 tempore,
1330 678 1419 713 deque
1441 686 1517 706 mora
1540 679 1611 713 apud
1632 677 1684 705 La—

892 722 957 755 ban,
972 728 999 750 et
1011 723 1156 757 descensu,
1173 724 1262 759 plura,
1283 724 1333 752 etsi
1350 725 1378 751 in
1399 725 1539 752 nonnullis
1557 725 1683 752 diversus

894 776 909 795 a
926 769 1015 796 sacris
1032 769 1140 802 litteris,
1153 770 1306 798 Alexander
1320 770 1475 806 Polyhistor
1489 778 1522 797 ex
1545 770 1683 798 Demetrio

893 815 965 850 apud
983 814 1130 843 Eusebium
1146 815 1184 842 De
1195 820 1339 851 prwparat.
1359 815 1485 851 Evangel.
1504 817 1551 843 lib.
1571 825 1608 843 Ix.

50 861 183 897 Evangel.
200 861 248 888 lib.
267 860 478 896 ιιιεΔημήτριός
495 869 562 896 φησι
577 861 622 887 τὸν
645 860 751 893 Ἰακὼϐ,
767 861 827 894 γενό

931 862 1011 894 lbid.,
1029 862 1078 889 lin.
1097 861 1141 888 41.
1164 863 1195 887 οι
1215 861 1264 887 καὶ
1285 861 1449 895 Ἰδουμαῖοι.
1465 860 1611 896 Iosephus,
1628 861 1683 888 An-

50 916 135 943 μενον
144 907 213 934 ἑτῶν
223 907 407 943 ἐϐδομήκοντα
419 907 509 939 πέντε,
519 908 614 941 φυγεῖν
624 908 664 938 εἰς
676 907 787 943 Χαρῤὰν
795 907 842 942 τῆς

47 953 277 988 Μεσοποταμίας,
292 952 477 979 ἀποσταλέντα
491 952 544 978 ὑπὸ
557 951 611 978 τῶν
624 951 724 986 γονέων
736 951 780 978 διὰ
793 951 842 987 τὴν

49 1000 121 1035 πρὸς
130 1000 176 1026 τὸν
185 999 297 1033 ἀδελφὸν
305 998 422 1034 κρυφίαν
430 998 529 1033 ἔχθραν
544 997 638 1030 Ἠσαῦ,
647 998 690 1024 διὰ
698 997 728 1024 τδ
736 998 843 1033 εὐλογῆ-

48 1045 198 1072 σαι·αὐτὸν
211 1045 256 1071 τὸν
273 1044 386 1079 πατέρα,
400 1044 530 1070 δοκοῦντα
544 1041 612 1071 εἶναι
622 1044 668 1070 τὸν
688 1044 782 1077 Ἡσαῦ,
796 1044 842 1070 καὶ

47 1091 127 1122 ὅπως
141 1090 212 1126 λάϐῃ
226 1090 329 1116 ἐκεῖθεν
343 1091 469 1123 γυναῖκα.
489 1089 660 1125 Ἀφορμῆσαι
677 1087 723 1116 οὖν
747 1088 842 1116 Ἰακὼϐ

46 1135 220 1172 εἰς’Χαρῤὰν
235 1137 285 1171 τῆς
301 1134 523 1170 Μεσοποταμίας,
537 1134 583 1161 τὸν
601 1135 650 1170 μὲν
669 1134 773 1170 πατέρα
794 1143 842 1160 κα-

43 1183 202 1210 ταλιπόντα
222 1182 314 1208 Ἰσαὰκ
328 1181 395 1209 ἐτῶν
408 1181 504 1208 ἑκατὸν
517 1181 662 1216 τριάκοντα
671 1180 750 1213 ἑπτὰ,
762 1180 842 1207 αὐτὸν

48 1229 78 1255 δὲ
100 1228 166 1255 ὄντα
188 1228 256 1254 ἐτῶν
275 1227 460 1263 ἐϐδομήκοντα
483 1227 562 1254 ἑπτά.
589 1227 772 1262 Δια-τρίψαντα
795 1225 842 1254 οὖν

43 1273 136 1301 ,αὐτὸν
157 1274 214 1299 ἐκεῖ
230 1272 300 1299 ἑπτὰ
315 1272 363 1307 ἔτη
381 1271 474 1299 Λάϐαν
486 1271 533 1298 τοῦ
556 1271 682 1308 μητρῴου
699 1271 745 1298 δύο
759 1271 842 1306 Θυγα-

43 1319 136 1354 τέρας
152 1319 249 1354 γῆμαι,
269 1318 352 1346 Λείαν
373 1319 420 1345 καὶ
445 1317 555 1353 Ῥαχὴλ,
576 1318 640 1344 ὄντα
659 1317 728 1345 ἑτῶν
748 1317 842 1353 ὀγδοὴ-

49 1373 137 1392 κοντα
152 1364 302 1399 τεσσάρων.

84 1411 168 1443 lbid.,
181 1411 230 1438 lin.
241 1411 286 1439 25.
306 1411 361 1445 Τὰς
371 1411 426 1438 δύο
438 1410 608 1445 θυγατέρας.
624 1410 741 1438 Faustus
755 1409 841 1437 Mani-

48 1459 147 1486 chaus
163 1458 344 1493 polygamiam
358 1458 429 1485 hanc
444 1465 494 1492 pro
505 1464 604 1492 magno
616 1457 731 1484 crimine
745 1459 840 1484 sancto

49 1505 217 1540 patriarchas
237 1503 321 1532 Iacob
343 1504 548 1540 procacissimis
568 1504 659 1532 verbis
681 1503 838 1539 ohjectavit.

896 906 940 942 tiq.
982 906 1030 933 lib.
1057 914 1086 938 II,
1105 913 1164 940 cap.
1191 906 1216 937 1,
1242 905 1301 932 haec
1316 905 1411 933 cadent
1429 906 1465 932 ita
1482 909 1594 932 narrat:
1613 907 1682 933 Ἀλλ’

893 952 983 986 ῘΗσαῠ
1003 952 1064 987 μὲν,
1078 953 1126 987 τῆς
1146 951 1303 987 Χεῦρωνίας
1320 952 1524 987 παραχωρήσας
1547 953 1586 988 τῷ
1604 953 1682 980 ἀδελ-

894 998 946 1034 φῷ,
974 1000 1002 1025 ὲν
1019 998 1119 1034 Σαεὶρᾳ
1142 998 1259 1034 διῃτᾶτο,
1286 998 1331 1024 καὶ
1350 999 1399 1033 τῆς
1422 998 1573 1033 Ἰδουμαίας
1597 997 1681 1035 ἦλθεν

893 1044 964 1070 οὕτω
982 1044 1100 1076 καλέσας
1115 1045 1165 1079 τὴν
1181 1044 1272 1080 χώραν
1286 1044 1379 1071 αὐτοῦ.
1399 1045 1523 1080 ’Ἄδωμος
1537 1045 1558 1071 δ’
1576 1046 1681 1073 ἐπωνο-

895 1090 994 1126 μάζετο
1013 1091 1083 1117 κατὰ
1095 1091 1220 1126 τοιαύτην
1233 1091 1322 1117 αἰτίαν
1332 1091 1420 1126 τυχὼν
1434 1091 1484 1126 τῆς
1500 1091 1679 1128 ἐπικλήσεως.

900 1137 965 1162 Ἀπὸ
979 1136 1065 1172 θήρας
1082 1136 1145 1163 ποτὲ
1163 1137 1209 1163 καὶ
1226 1136 1308 1163 πόνου
1327 1136 1373 1163 τοῦ
1393 1138 1456 1172 περὶ
1471 1137 1501 1163 τὸ
1519 1138 1682 1173 κυνηγέσιον

893 1182 1032 1218 λιμώττων
1048 1182 1209 1218 ἐπανῆλθεν,
1230 1183 1269 1209 ἔτι
1288 1184 1353 1214 παῖς
1367 1182 1405 1209 ὢν
1417 1183 1465 1218 τὴν
1480 1183 1681 1219 ήλικίαν.Ἐπι-

892 1227 981 1262 τυχὼν
998 1228 1027 1254 δὲ
1049 1228 1172 1262 τάδελφῷ
1194 1229 1284 1263 φακῆν
1299 1229 1459 1256 ἐσκευακότι
1484 1230 1551 1265 πρὸς
1566 1230 1679 1266 ἄριστον

892 1273 966 1309 αὐτῷ
986 1273 1084 1309 ξανθὴν
1106 1274 1207 1310 σφόδρα
1231 1274 1280 1310 τὴν
1302 1275 1396 1310 χρόαν,
1413 1276 1460 1302 καὶ
1481 1275 1525 1302 διὰ
1546 1276 1618 1303 τοῦτ’
1638 1277 1679 1304 ἔτι

893 1320 992 1356 μᾶλλον
1006 1320 1126 1356 ὀρεχθεὶς
1140 1320 1216 1355 ἠξίου
1228 1323 1378 1356 παρασχεῖν
1395 1322 1471 1357 αὐτῷ
1485 1322 1552 1357 πρὸς
1564 1324 1679 1359 τροφήν.

897 1366 926 1393 '0
932 1365 958 1392 δὲ
967 1366 1111 1393 ἀποδόσθαι
1122 1367 1153 1393 τὸ
1163 1368 1305 1402 πρεσὸεἰον
1313 1368 1387 1403 αὐτῷ
1395 1368 1442 1395 τοῦ
1452 1370 1548 1403 φαγεῖν
1557 1370 1679 1406 συνεργῷ

892 1411 1063 1447 χρησάμενος
1078 1414 1110 1448 τῇ
1129 1413 1207 1449 πείνῃ
1223 1413 1268 1440 τὸν
1285 1414 1397 1448 ἀδελφὸν
1413 1415 1563 1450 ἠνάγκασε.
1579 1417 1680 1443 Κάκεῖ-

891 1466 945 1490 νος,
959 1458 1011 1484 ὑπὸ
1028 1458 1074 1484 τοῦ
1088 1458 1169 1493 λιμοῦ
1182 1459 1340 1495 προαχθεὶς,
1354 1463 1514 1496 παραχωρεῖ
1526 1462 1580 1488 τῶν
1596 1471 1680 1498 πρεσ-

892 1502 972 1528 ϐείων
988 1502 1062 1538 αὐτῷ
1085 1503 1144 1538 μεθ’
1162 1503 1260 1539 ὅρκων.
1286 1503 1381 1530 Ἔνθεν
1401 1504 1444 1530 διὰ
1460 1505 1508 1540 τὴν
1531 1505 1679 1541 ξανθότητα

48 1536 123 1577 Huic
146 1550 193 1577 lib.
213 1558 280 1583 xm,
302 1536 362 1585 cap.
382 1550 427 1582 47,
448 1549 595 1585 respondet
608 1536 777 1585 Augustinus
793 1548 825 1576 Ia

898 1548 937 1576 τοῦ
951 1548 1093 1584 βρώματος
1110 1550 1161 1576 ὑπὸ
1177 1550 1231 1576 τῶν
1251 1551 1402 1585 ἡλικιωτῶν
1417 1551 1542 1586 ’Ἄδωμος
1556 1551 1678 1579 καλεῖται

46 1597 153 1625 cobum
176 1604 192 1623 a
218 1597 355 1624 calumnia
378 1597 532 1624 vindicans.
558 1596 672 1630 Quando
696 1604 752 1623 mos
769 1601 838 1628 erat,

45 1643 152 1670 crimen
167 1651 220 1669 non
233 1647 311 1669 erat:
326 1647 350 1669 et
365 1650 433 1669 nunc
447 1647 585 1677 propterea
601 1642 699 1668 crimen
712 1646 761 1674 est,
777 1641 839 1676 quia

46 1698 106 1716 mos
122 1697 175 1716 non
188 1694 237 1716 est.
250 1689 312 1716 Alia
322 1689 390 1716 enim
402 1694 464 1716 sunt
476 1693 584 1723 peccata
599 1693 692 1716 contra
702 1692 837 1720 naturam,

45 1734 106 1761 alia
122 1738 217 1761 contra
236 1742 333 1766 mores,
359 1733 414 1760 alia
437 1738 530 1760 contra
541 1738 680 1767 praecepta.
697 1733 763 1766 Qua
779 1741 838 1760 cum

44 1780 86 1806 ita
97 1780 165 1812 sint,
182 1780 244 1814 quid
262 1779 365 1806 tandem
381 1779 499 1805 criminis
517 1783 566 1812 est,
583 1778 652 1813 quod
673 1777 704 1804 de
718 1777 837 1812 pluribus

43 1825 131 1853 simul
150 1824 247 1852 habitis
268 1825 396 1852 uxoribus
416 1824 539 1859 objicitur
550 1829 641 1852 sancto
660 1823 715 1851 viro
734 1819 838 1851 Iacob?

42 1873 68 1898 si
83 1876 210 1898 naturam
223 1870 360 1902 consulas,
379 1879 430 1897 non
455 1870 616 1902 lasciuiendi,
645 1868 690 1896 sed
715 1868 838 1904 gignendi

43 1925 133 1944 causa
147 1917 201 1943 illis
220 1916 371 1944 mulieribus
385 1915 519 1943 utebatur.
542 1915 572 1943 Si
589 1923 697 1946 marem,
714 1915 761 1941 illo
772 1920 837 1942 tem-

42 1970 121 1996 pore,
134 1961 249 1996 atquein
264 1961 317 1988 illis
331 1961 407 1987 terris
424 1960 472 1987 ltoc
491 1960 672 1995 factitabatur.
694 1959 725 1987 Si
739 1967 837 1992 prace—

42 2014 134 2043 ptum,
150 2007 224 2034 nulla
239 2007 292 2041 lege
304 2006 499 2041 prohibebatur.
518 2005 543 2032 Ν
547 2014 595 2032 unc
607 2014 665 2032 vero
678 2013 726 2032 cur
738 2005 836 2032 crimen

41 2060 96 2085 est,
111 2055 136 2080 si
148 2055 205 2089 quis
219 2054 266 2080 hoc
281 2053 373 2088 faciat,
385 2053 436 2079 nisi
447 2053 510 2087 quia
521 2057 545 2079 et
557 2052 683 2084 moribus,
696 2056 721 2078 et
737 2050 835 2086 legibus

42 2109 100 2128 non
118 2101 198 2128 licet?
217 2101 283 2134 Qua:
303 2100 356 2128 duo
378 2101 494 2136 quisquis
518 2100 712 2134 contempserit.
729 2099 835 2126 etiamsi

44 2145 232 2173 tantummodo
253 2154 334 2173 causa
351 2145 492 2181 generandi
508 2145 547 2172 uti
562 2145 645 2179 possit
658 2144 778 2179 pluribus
796 2144 834 2178 fe-

890 1594 960 1620 κατὰ
987 1595 1094 1622 παιδιὰν
1116 1595 1281 1631 ἐπικληθείς.
1299 1596 1412 1631 ’Δδωμα
1433 1597 1487 1632 γὰρ
1508 1596 1626 1632 Ἐσραῖοι
1648 1598 1678 1624 τὸ

889 1640 1004 1675 ἐρυθρὸν
1025 1640 1146 1668 καλοῦσι.
1163 1641 1217 1677 Τὴν
1238 1642 1266 1668 δὲ
1282 1641 1374 1677 χώραν
1387 1642 1459 1669 οὕτω
1486 1643 1677 1680 προσηγόρευ-

890 1693 944 1711 σεν.
963 1685 1092 1721 ’Έλληνες
1107 1686 1160 1723 γὰρ
1180 1687 1264 1721 αὐτὴν
1281 1687 1327 1713 ἐπὶ
1342 1687 1502 1722 σεμνότερον
1526 1688 1677 1724 Ἰδουμαίαν

888 1728 1042 1764 ὠνόμασαν.
1057 1730 1098 1757 Ab
1111 1730 1182 1758 Esau
1196 1731 1278 1765 igitur
1293 1731 1344 1758 toti
1355 1731 1429 1766 genti
1447 1739 1545 1759 nomen
1564 1733 1677 1768 imposi-

888 1778 957 1808 tum,
972 1783 1042 1810 quos
1058 1776 1144 1804 Graeci
1172 1777 1306 1804 Idumaeos
1326 1777 1471 1812 appellant.
1493 1778 1572 1805 Errat
1592 1779 1676 1814 igitur

889 1819 998 1853 Strabo,
1024 1821 1072 1848 lib.
1088 1829 1144 1853 xvr,
1165 1822 1210 1856 qui
1234 1830 1282 1850 eos
1304 1823 1408 1858 origine
1430 1823 1593 1851 Nabathaeos
1613 1831 1676 1851 esse

887 1865 1038 1901 alllrmavit,
1064 1867 1250 1903 seditioneque
1275 1868 1362 1902 patria
1389 1869 1492 1903 pulsos.
1514 1869 1595 1896 Errat
1615 1868 1676 1896 Ste-

886 1913 993 1948 phanus
1015 1914 1080 1950 περὶ
1102 1914 1216 1947 πόλεων,
1234 1921 1284 1942 eos
1307 1922 1323 1941 a
1340 1914 1394 1942 ﬁlio
1411 1915 1527 1950 quodam
1554 1914 1675 1942 Semira-

887 1960 967 1987 Iuidis
980 1963 1056 1987 ortos
1075 1961 1208 1992 scribens,
1226 1961 1297 1988 sicut
1311 1961 1345 1987 ab
1368 1961 1422 1988 alio
1443 1961 1503 1995 ejus
1527 1961 1581 1988 lilio
1603 1960 1673 1988 Iuda

884 2004 1003 2033 Iudaeos.
1022 2006 1165 2033 lnsaniunt
1190 2009 1216 2033 et
1238 2005 1356 2032 ltabbini
1383 2014 1445 2033 cum
1471 2007 1608 2034 Abenezra
1625 2007 1673 2041 qui

887 2051 1000 2078 Romam
1016 2057 1114 2079 vocant
1129 2052 1223 2084 Edoni,
1237 2056 1263 2079 et
1278 2051 1434 2087 pontiﬁcem
1452 2051 1604 2081 Romanum
1618 2061 1675 2080 mo-

885 2097 1002 2125 nachum
1018 2097 1186 2125 Edomaaum.

920 2143 1000 2176 Ibid.,
1021 2144 1069 2171 lin.
1085 2144 1130 2171 M.
1147 2144 1295 2178 ’Υστερον
1316 2144 1351 2171 δὲ
1373 2145 1470 2178 Σύροι.
1495 2143 1601 2180 Syriam
1627 2152 1673 2171 re-

42 2192 139 2223 minis,
159 2197 247 2226 peccat
260 2197 347 2218 tamen
375 2195 400 2218 et
426 2191 511 2224 ipsam
525 2190 606 2216 violat
625 2190 769 2216 humanam
787 2199 832 2217 so-
849 2209 871 2236 υ
884 2189 990 2224 gionem
1011 2188 1209 2216 nobilissimam
1225 2190 1296 2217 Asiae
1317 2197 1379 2216 cum
1397 2190 1509 2225 Assyria
1533 2190 1567 2216 ab
1583 2195 1673 2217 aucto.

40 2240 184 2268 cietalem,
217 2238 258 2264 cui
281 2237 427 2264 necessaria
448 2241 488 2263 est
508 2236 655 2270 procreatio
680 2235 831 2263 liberorum.

43 2284 95 2310 llis
111 2283 201 2310 allinia
226 2283 322 2310 scribit
342 2287 368 2310 et
389 2283 434 2310 ltb.
450 2290 481 2310 ιιι
503 2282 541 2309 De
562 2282 648 2308 doctr.
665 2281 830 2313 Christiana,

43 2339 108 2365 cap.
128 2330 171 2362 η,
187 2330 258 2357 idem
282 2330 463 2365 Augustinus,
484 2333 511 2357 et
534 2329 716 2364 Hieronymum
736 2336 780 2362 ep.
797 2328 832 2355 85

42 2377 78 2404 ad
95 2375 245 2408 Oceanum,
259 2380 286 2403 et
303 2374 489 2403 Theodoretus
505 2380 602 2410 quaest.
617 2375 653 2402 8b
663 2376 689 2402 in
703 2373 795 2401 Cenes.

80 2421 164 2453 lbid.,
184 2421 232 2448 lin.
245 2421 485 2455 27.¹Επεθύμησε
494 2421 538 2448 δέ.
555 2420 676 2450 Thomas
693 2420 826 2455 Anglicus

41 2468 72 2495 in
88 2475 149 2502 cap.
181 2475 264 2494 xxvtn
286 2466 378 2495 Genes.
395 2466 484 2494 tribus
506 2466 594 2495 modis
607 2467 723 2494 diversis
739 2466 773 2493 ab
797 2473 832 2494 eo

41 2519 125 2547 quem
143 2511 301 2540 Eustathius
317 2511 409 2543 tradit,
428 2515 552 2546 purgata
571 2512 636 2540 vitio
647 2519 768 2540 amorem
782 2511 830 2539 Ia-

41 2559 106 2589 cob.
125 2562 152 2585 et
168 2558 359 2593 iuculpabilem
378 2558 476 2590 reddit,
492 2565 561 2593 quos
574 2559 645 2586 vide.

79 2604 161 2635 lbid.,
179 2604 228 2632 lin.
246 2604 290 2631 51.
309 2603 551 2636 Συναντήσασαν
564 2605 735 2638 ἠσπάσατο.
753 2605 831 2634 Iose—

42 2650 127 2685 phus,
156 2650 203 2676 lib.
231 2658 250 2682 I,
266 2657 325 2685 cap.
354 2650 397 2682 19,
416 2649 463 2677 ubi
485 2650 555 2676 hanc
572 2650 655 2678 refert
671 2651 828 2683 historiam,

42 2696 230 2731 amplexuslet
244 2696 297 2722 alia
311 2704 372 2731 quae
386 2695 528 2732 Scriptura
541 2701 646 2728 narrat.
664 2705 719 2725 non
732 2698 829 2724 tribuit

40 2742 146 2770 Iacobo
168 2742 215 2769 sed
243 2741 372 2774 Racheli,
397 2743 428 2769 Ἡ
452 2743 490 2775 δὲ,
517 2742 571 2770 ὑπὸ
596 2743 723 2778 μνήμης,
751 2745 829 2770 ὁποῖα

42 2789 116 2823 φιλεῖ
135 2788 328 2824 συντυγχάνειν
342 2790 398 2820 τοῖς
421 2788 501 2821 νέοις,
519 2789 733 2824 προπεπυσμένη
754 2788 829 2824 παρὰ

41 2835 88 2862 τοῦ
105 2834 210 2870 πατρὸς
224 2835 258 2862 τὰ
273 2835 335 2870 περὶ
350 2835 399 2870 τῆς
420 2835 577 2868 Ῥεϐέκκας,
593 2834 639 2862 καὶ
658 2835 721 2870 τοὺς
742 2836 829 2871 γονεῖς

885 2235 961 2262 ribtts
979 2235 1108 2262 confundi
1129 2243 1212 2270 supra
1231 2236 1381 2263 innuimus.
1406 2235 1443 2263 De
1458 2243 1489 2263 ea
1511 2236 1672 2262 Ammianus

883 2281 1067 2314 Marcellinus,
1084 2282 1133 2309 lib.
1151 2290 1238 2310 mn:
1259 2281 1333 2309 Citra
1360 2290 1449 2309 amnes
1475 2282 1609 2316 provincia
1631 2287 1669 2309 est

883 2327 978 2354 nobilis
1002 2327 1121 2362 Assyria,
1140 2328 1289 2355 celebritate
1310 2333 1335 2354 et
1354 2327 1543 2362 magnitudine,
1570 2332 1626 2354 tum
1645 2333 1670 2354 et

883 2374 1040 2409 multiformi
1062 2375 1209 2408 feracitate,
1221 2375 1402 2408 ditissimaque
1421 2381 1466 2407 per
1483 2373 1603 2408 populos,
1622 2381 1672 2408 pa-

881 2429 976 2456 gosque
987 2420 1088 2455 amplos
1104 2420 1214 2455 diffusa,
1228 2420 1358 2456 quondam
1372 2426 1396 2447 et
1412 2421 1528 2455 copiosa,
1540 2419 1575 2447 ad
1587 2428 1670 2446 unum

882 2467 1009 2494 concessit
1019 2466 1183 2498 vocabulum,
1199 2471 1224 2494 et
1238 2475 1306 2493 nunc
1316 2467 1400 2494 omnis
1414 2466 1563 2501 appellatur
1576 2466 1668 2501 Syria.

882 2513 964 2540 Plura
981 2513 1016 2540 de
1032 2521 1065 2540 ea
1090 2513 1151 2541 vide
1170 2514 1244 2548 apud
1269 2513 1443 2541 Eustathium
1471 2512 1619 2540 Comment.
1641 2513 1669 2539 in

881 2558 1039 2594 Dionysium
1062 2558 1094 2585 de
1121 2559 1175 2586 situ
1193 2559 1274 2590 orbis,
1292 2558 1476 2586 Abrabalnum
1504 2557 1667 2589 Hortelium,

881 2608 908 2632 et
921 2605 1001 2632 alios.

917 2650 996 2682 lbid.,
1012 2650 1060 2677 lin.
1083 2650 1128 2678 66,
1148 2651 1175 2677 '0
1196 2650 1233 2677 δὲ
1254 2651 1349 2679 Ἠσαῦ
1371 2651 1525 2686 γυναῖκας.
1549 2649 1667 2682 llelrius,

881 2700 907 2724 et
922 2697 966 2724 alii
981 2700 1120 2729 notarunt,
1137 2695 1265 2724 Hebraeos
1287 2697 1382 2724 solitos
1406 2697 1506 2725 habere
1519 2695 1598 2732 plura
1619 2704 1669 2724 no-

881 2742 965 2774 mina.
986 2742 1102 2777 indeque
1128 2749 1242 2777 magnas
1267 2742 1396 2770 tenebras
1419 2742 1487 2769 oriri
1510 2743 1538 2769 in
1563 2741 1668 2770 Geneuo

881 2789 971 2824 logiis.
996 2788 1059 2815 dum
1083 2795 1139 2814 uno
1164 2787 1225 2816 loco
1247 2796 1344 2819 umm,
1371 2787 1426 2815 alio
1445 2787 1518 2815 aliud
1543 2789 1668 2823 ponitur,

880 2835 953 2870 quod
970 2843 1023 2862 non
1045 2834 1251 2863 considerantes
1264 2835 1376 2872 quidam
1393 2834 1539 2871 desperant
1554 2835 1591 2865 de
1599 2843 1670 2864 .con-
