1897 3073
209 95 278 122 1051

920 86 1043 117 LEONIS
1061 84 1201 114 ALLATII

1787 82 1858 110 {052

209 152 347 180 eiliatione
361 150 443 184 hujus
462 149 583 184 Catalogi
599 157 660 177 cum
678 149 686 175 I
708 149 874 185 Paralipom.
893 156 913 176 ι.
932 147 1001 180 Qua
1014 151 1038 180 Α
1050 151 1113 172 mus
1136 142 1244 178 epistol.
1267 141 1319 170 l26
1329 140 1364 169 ad
1387 139 1545 176 Evagrium,
1562 139 1768 185 Hippolytum,
1803 140 1859 166 tre-

209 196 379 224 consuetudo
391 195 475 222 etiam
497 195 525 222 in
542 195 705 222 mulieribus
724 195 854 222 obtinuit.
870 193 995 229 Sequen-

209 240 262 268 dus
279 240 361 275 igitur
385 238 514 274 Cyrillus,
537 244 564 267 et
588 239 740 274 Procopius
767 240 814 275 qui
837 240 995 272 observant,

210 293 310 312 uxores
328 283 411 317 Esau,
435 288 463 311 et
488 292 583 313 earum
602 289 729 321 parentes
754 286 816 313 aliis
839 285 997 313 nominibus

209 330 239 358 in
257 331 355 358 Genesi
371 334 398 357 et
421 330 640 365 Paralipomenis
662 332 824 366 nuncupari.
842 330 908 364 Quae
925 331 998 358 enim

210 377 255 404 hic
268 375 371 403 dicitur
384 376 442 403 Ada
456 376 511 403 ﬁlia
529 376 606 404 Elom
621 377 735 409 ilethaai,
749 377 805 405 illic
819 376 930 405 Juditha
945 378 999 405 ﬁlia

210 421 322 454 Procri;
339 426 366 448 et
380 428 441 455 qua:
457 421 511 448 illic
528 420 671 448 Basematb
690 422 744 448 ﬁlia
765 421 852 455 Elom,
866 422 918 449 hoc
939 422 999 450 loco

211 467 352 496 Oolibama
379 468 434 496 ﬁlia
460 470 564 502 Annae;
579 477 640 504 quae
659 470 703 496 hic
728 470 872 498 Bascmath
888 470 942 498 ﬁlia
960 471 1000 498 ls-

211 513 293 546 tnael,
307 513 363 540 illic
385 512 520 541 Maheleth
534 515 702 541 nominatur.
719 514 797 548 Quod
814 515 851 543 ita
866 516 1001 544 accidisse

211 563 239 586 et
254 559 282 586 in
299 563 375 594 patre
386 559 489 594 Moysis
506 559 621 587 inferius
635 561 803 589 notabimus.

247 604 306 632 Col.
327 604 388 637 765,
400 604 449 632 lin.
467 605 511 632 54.
525 606 576 638 Εὶς
592 607 624 632 τὸ
638 607 727 640 Σηεὶρ
748 606 826 641 ὄρος.
846 606 904 635 Non
917 608 1001 636 armis

211 647 307 678 Jacobi
324 654 446 682 coactus,
463 650 512 678 sed
528 651 565 677 ita
588 651 644 678 Deo
665 657 814 685 annuente,
829 658 925 688 sponte
940 662 1000 686 sua,

212 701 244 724 ut
262 697 346 724 libera
370 696 463 725 Jacobi
482 698 584 732 posteri
598 698 751 726 Chanauma
764 700 928 734 potirentur.
946 700 1003 728 Dis-

212 746 335 769 cesserat
359 743 435 777 prius
462 744 572 779 quidem
596 744 669 772 Esau
699 746 727 772 in
753 745 830 780 Scir,
873 747 921 774 sed
947 754 1003 774 non

213 788 306 815 animo
331 788 411 823 plane
436 789 580 817 deserendi
601 789 800 824 Cliananaeam,
825 799 911 827 quare
938 799 1002 819 cum

1049 197 1148 222 natum,
1165 189 1313 217 Eusebium
1336 187 1545 219 Caesariensem,
1563 186 1719 214 Eusebium
1738 184 1858 213 Emese-

1049 243 1127 267 num,
1144 234 1353 270 Apollinarium,
1367 232 1550 261 Eustathium.
1566 233 1768 268 Hieronymus
1789 230 1859 258 Tro.

1049 280 1194 307 ditionibus
1214 280 1352 307 Hebraicis
1377 280 1408 306 in
1434 277 1539 310 Genu,
1561 286 1623 313 cap.
1640 278 1688 310 22,
1705 284 1779 305 eum
1803 284 1858 304 non

1051 327 1085 355 de
1099 335 1197 362 genere
1214 326 1296 358 Esau,
1322 326 1369 353 sed
1385 326 1419 353 de
1444 326 1528 360 stirpe
1552 324 1662 352 Nachor
1685 327 1858 359 generatum

1051 374 1201 406 existimat,
1222 380 1302 408 quem
1326 374 1449 407 sequitur
1478 371 1618 406 Rupertus
1650 370 1701 397 lib.
1722 377 1752 396 γι
1772 368 1857 398 Com-

1052 424 1170 448 mentar.
1193 422 1221 446 in
1241 417 1347 451 Genes.,
1363 418 1484 445 Historia
1508 416 1689 446 Scholasticis,
1713 422 1783 450 cap.
1812 414 1856 446 58;

1052 469 1080 494 et
1095 465 1238 501 Philippus
1250 465 1404 500 presbyter,
1415 464 1461 499 qui
1479 463 1560 498 paulo
1572 465 1633 497 post
1648 461 1855 496 Hieronymum

1054 512 1166 546 scripsit
1184 513 1210 538 in
1228 511 1301 537 hunc
1322 511 1492 544 prophetam,
1514 508 1554 536 sic
1579 508 1638 535 ait:
1656 506 1731 534 (Ilius
1756 510 1782 533 et
1800 505 1857 532 Blu

1054 558 1104 593 filii
1118 558 1191 592 fuere
1206 556 1316 584 Nacltor
1331 556 1425 591 fratris
1442 555 1555 582 Abrat’taz
1567 554 1650 589 juxta
1665 553 1750 589 fidem
1770 552 1857 579 Gae-

1055 613 1112 632 seos
1128 604 1200 636 libri,
1213 604 1269 630 nati
1284 602 1316 630 de
1327 602 1431 630 Melclta
1449 610 1540 630 sorore
1561 601 1638 629 Sara:
1651 609 1660 627 :
1671 599 1805 627 credibile
1820 599 1857 626 ti-

1055 650 1112 677 deri
1123 655 1204 685 potest
1221 655 1249 676 ut
1266 650 1293 676 in
1307 654 1377 675 terra
1391 657 1449 685 quin
1463 656 1495 676 ea;
1508 653 1648 683 parentum
1658 647 1770 674 nomine
1780 645 1856 672 dicta

1056 702 1104 728 est,
1118 698 1158 724 vir
1172 697 1218 723 ille
1234 700 1341 722 sanctus
1356 695 1512 722 habitaverit
1525 703 1533 721 :
1548 699 1573 721 et
1595 701 1652 720 esse
1665 693 1745 719 illum
1765 692 1855 727 potius

1056 743 1088 770 de
1105 751 1196 778 genere
1211 741 1328 773 Nor/tor,
1344 749 1397 768 non
1410 740 1442 768 de
1463 740 1535 767 Esau
1553 739 1653 774 origine
1667 742 1855 772 procreatum,

1058 790 1124 816 sicut
1136 788 1243 824 quidam
1263 787 1383 821 opinione
1396 786 1476 821 dubia
1493 787 1674 820 suspicantur.
1685 784 1741 821 ⁵ΙΙιὶ
1759 788 1853 810 autem

213 837 272 861 tota
287 834 388 861 familia
405 835 533 864 redierat.
557 835 612 863 Sed
627 841 737 872 propter
750 845 862 873 gregum
878 838 1000 866 multitu-
1015 832 1038 862 Β
1052 840 1104 862 tm
1119 842 1190 869 reges
1205 834 1236 861 de
1254 841 1345 869 genere
1364 833 1470 867 [uerunt
1490 832 1573 859 Esau.
1605 832 1638 859 Ει
1661 830 1854 866 Hieronymus

214 878 306 907 dinem
320 883 348 907 et
370 881 522 915 angustiam
545 889 710 917 pascuorum
732 887 837 910 mutata
851 885 999 918 sententia,

214 925 360 952 revertitur
381 932 414 953 eo
445 925 517 953 unde
537 930 659 954 venerat.
680 927 746 955 Vide
767 927 881 962 August.
904 932 1000 962 quaest.

214 970 277 998 “9.

249 1016 307 1044 Col.
325 1016 387 1049 768,
411 1017 459 1044 lin.
476 1016 503 1045 6.
526 1017 577 1044 Ἐν
593 1014 638 1050 οἷς
651 1015 691 1052 ἦν
707 1017 767 1044 και.
784 1016 931 1054 Josephus,
945 1018 1003 1046 An-

214 1063 262 1098 tiq.
278 1063 324 1091 lib.
343 1071 361 1090 ll
375 1073 382 1091 :
397 1063 551 1099 ’Δμάληκος
563 1063 617 1098 γὰρ
634 1063 709 1096 νόθος
723 1061 758 1100 ἦν
775 1064 915 1101 παλλακῆς
930 1065 1004 1101 αὺτῷ

214 1107 334 1143 γεγονὼς
362 1107 493 1143 Θαμνάης
525 1108 621 1144 ὖνομα.
652 1106 732 1135 Οὗτοι
762 1109 926 1146 κατῴκησαν
954 1111 1004 1146 τῆς

221 1153 373 1189 Ἰδουμαίας
399 1155 448 1190 τὴν
471 1154 607 1181 Γοϐολῖτιν
633 1155 794 1192 λεγομένην,
811 1157 858 1183 καὶ
881 1157 930 1193 τὴν
951 1157 1004 1184 ἀπὸ

222 1199 376 1236 Ἀμαλήκου
402 1200 547 1237 κληθεῖσαν
568 1201 753 1236 Ἀμαληκῖτιν.
775 1202 862 1238 Πολλὴ
884 1203 938 1239 γὰρ
958 1212 1006 1238 γε·

215 1247 317 1282 νομὲνη
333 1247 394 1274 τότε
410 1247 427 1281 ὴ
453 1246 599 1282 Ἰδουμαία,
613 1247 673 1274 τότε
691 1247 780 1284 πάσης
799 1249 884 1284 αὐτῆς
898 1250 1005 1276 ἀπέσωο

217 1290 264 1325 ξεν
279 1291 373 1328 ὄνομα,
390 1293 437 1319 καὶ
453 1294 510 1324 τοῖς
536 1293 630 1329 μέρεσι
648 1293 697 1325 τὰς
718 1293 773 1320 ἀπὸ
786 1294 841 1321 τῶν
856 1295 1006 1332 οἰκητόρων

216 1337 403 1374 προσηγορίας
416 1337 569 1372 διεφύλαξε.

253 1383 335 1417 lhid.,
355 1383 403 1411 lin.
422 1383 463 1411 l9.
483 1385 536 1417 Ὃς
548 1381 637 1418 εὗρεν
657 1385 692 1412 ἐν
704 1384 751 1420 τῇ.
767 1385 856 1413 Locus
871 1386 916 1414 hic
931 1386 1006 1413 Scri-

218 1434 315 1464 ptum,
330 1428 362 1456 ad
384 1436 465 1464 quem
486 1429 606 1464 respexit
620 1429 792 1463 Eustathius,
806 1433 881 1459 varie
894 1440 909 1459 a
920 1433 1004 1462 variis

219 1474 364 1509 accipitur,
380 1482 431 1502 nec
452 1475 513 1509 ejus
528 1475 663 1503 sententia
686 1476 845 1505 dillicultate
858 1479 932 1506 vocis
952 1480 1005 1507 He-

217 1520 320 1548 braica:
335 1520 429 1548 haberi
451 1524 558 1556 potest;
583 1521 687 1550 relictis
708 1527 799 1551 tamen
822 1523 938 1552 aliorum
962 1533 1008 1553 ex-

219 1566 421 1601 plicationibus,
445 1574 506 1601 quae
530 1567 612 1595 nimis
639 1568 768 1596 audacter
794 1567 955 1604 Eugubinus
981 1573 1008 1599 in

219 1612 404 1648 recognitione
418 1613 597 1641 Pentateuchi
612 1621 696 1649 super
711 1615 785 1642 hunc
806 1616 897 1644 locum
913 1618 1007 1650 tradit,

218 1658 433 1685 animadvertam
451 1667 458 1685 :
476 1667 539 1686 eum
564 1663 591 1688 et
617 1661 824 1696 Hieronymum,
850 1666 878 1690 et
894 1661 1006 1698 Septua-

219 1702 293 1736 ginta
315 1701 481 1738 lnterpretes
506 1711 521 1730 a
546 1704 660 1732 veritate
689 1705 824 1733 Hebraica
850 1705 1009 1735 discordare

219 1747 345 1776 aﬂirmat.
362 1747 442 1776 Putat
451 1749 529 1777 enim
542 1749 700 1786 Hieronymi
713 1754 845 1786 tempore.
858 1760 908 1787 pro
920 1752 1008 1781 Jemin

219 1793 293 1828 quod
318 1794 454 1830 signiﬁcat
476 1795 587 1827 multos.
615 1796 735 1828 codices,
761 1797 861 1832 quibus
877 1803 920 1826 est
942 1807 1009 1828 usus

220 1839 413 1874 Hieronymus,
440 1840 570 1869 habuisse
594 1841 636 1869 vel
665 1841 772 1876 Majim,
799 1843 825 1871 id
848 1848 890 1872 est
911 1852 1007 1880 aquas.

219 1884 261 1910 vel
275 1880 377 1915 lamin,
395 1885 421 1912 id
436 1888 479 1913 est
495 1886 591 1912 maria.
608 1886 664 1914 Cur
685 1891 775 1915 autem
797 1889 908 1917 verterit
923 1899 1008 1926 aquas

219 1929 324 1960 calidas
341 1937 373 1958 ex
390 1930 503 1957 Hebrzeo
517 1931 588 1958 ratio
604 1933 679 1959 nulla
699 1934 775 1961 reddi
791 1938 890 1970 potest.
906 1936 1009 1965 Deinde

221 1973 397 2007 reprehendit
421 1974 600 2011 Septuaginta
626 1977 803 2013 lnterpretes,
824 1980 897 2014 quod
913 1989 1007 2010 vocem

221 2018 361 2046 ﬂebraam
385 2020 485 2054 Jcmin,
508 2022 620 2056 perinde
635 2024 714 2058 quasi
739 2029 814 2054 esset
829 2034 928 2054 nomen
949 2035 1010 2063 pro-

220 2064 310 2098 prium
323 2064 439 2099 alicujus
453 2065 585 2100 hominis,
603 2072 633 2094 ut
645 2071 687 2096 est
698 2067 795 2104 Iacob,
810 2073 838 2098 et
852 2071 940 2102 lsaac,
964 2072 1009 2101 hic

220 2108 394 2142 retinuerint,
406 2110 443 2137 ita
455 2111 599 2141 reddentes
611 2115 684 2141 hunc
699 2113 788 2142 locum
801 2114 872 2143 :lste
885 2121 925 2143 est
936 2115 1006 2150 Ana,

1052 881 1136 909 tradit
1153 880 1275 916 Eliphaz,
1305 888 1385 916 quem
1400 880 1456 907 Atla
1472 880 1575 914 peperit
1587 878 1671 910 Esau,
1691 877 1773 904 Illum
1790 883 1854 904 esse

1053 928 1132 962 cujus
1145 927 1267 954 meminit.
1289 926 1347 961 ipse
1369 925 1431 958 Job,
1446 925 1518 961 quod
1538 926 1561 953 si
1576 925 1612 952 ita
1629 929 1683 957 est,
1701 931 1769 951 cum
1784 931 1851 958 pro-

1052 972 1198 1008 nepotibus
1208 971 1322 999 Abrahae
1333 969 1431 998 Jobum
1445 971 1545 998 vixisse
1555 977 1669 997 necesse
1684 973 1738 997 est.
1752 969 1845 999 Philo,

1055 1017 1166 1049 Suidas,
1188 1023 1215 1046 et
1240 1018 1421 1053 Paraphrasis
1437 1017 1583 1045 Chaldaica
1597 1024 1731 1052 generum
1753 1015 1850 1043 Jacobi

1054 1063 1159 1091 iaciunt
1177 1072 1210 1091 ex
1222 1063 1290 1090 Dina
1307 1070 1402 1090 uxore.
1419 1062 1596 1098 Septuaginta
1613 1062 1721 1089 malunt
1736 1069 1802 1089 esse
1819 1069 1850 1088 ex

1054 1109 1172 1145 posteris
1185 1110 1311 1142 Abrabai,
1331 1113 1459 1144 quartum
1483 1109 1518 1135 ab
1544 1107 1627 1135 Esau.
1644 1107 1798 1143 Cajetanus
1822 1107 1850 1134 in

1055 1156 1172 1191 primum
1185 1160 1267 1191 caput
1281 1156 1332 1183 Job
1346 1156 1380 1183 de
1396 1155 1482 1191 stirpe
1495 1155 1556 1190 ejus
1573 1155 1643 1182 nihil
1659 1158 1768 1182 certum
1788 1161 1850 1182 esse

1055 1202 1163 1229 statuit.

1091 1247 1173 1279 lbid.,
1191 1245 1239 1274 lin.
1259 1244 1305 1273 54.
1317 1246 1351 1272 οι
1362 1244 1396 1272 δὲ
1415 1245 1473 1272 υιοὶ
1494 1245 1601 1274 Ἰακώϐ.
1617 1244 1748 1273 Justinus
1763 1244 1851 1273 histo-

1056 1294 1130 1320 ricus
1148 1293 1196 1320 lib.
1212 1300 1307 1324 xxxvi,
1323 1291 1465 1318 historiam
1490 1290 1601 1326 Iosephi
1633 1291 1758 1319 breviter
1772 1298 1849 1318 enar-

1056 1345 1121 1365 rans
1136 1337 1232 1365 scribit
1243 1346 1250 1365 :
1261 1336 1312 1365 Sed
1328 1335 1457 1364 Israelem
1472 1336 1536 1371 fetis:
1549 1336 1638 1364 decem
1653 1337 1773 1371 ﬁliorum
1788 1345 1849 1371 pro-

1055 1388 1146 1411 ventus
1178 1382 1326 1418 majoribus
1361 1383 1416 1409 suis
1453 1382 1593 1409 clariorem
1621 1382 1695 1417 fecit.
1727 1381 1849 1417 Namque

1055 1430 1179 1465 populum
1193 1430 1220 1457 in
1234 1429 1322 1456 decem
1339 1437 1418 1464 regna
1434 1428 1548 1455 divisum
1564 1429 1678 1456 tradidit
1693 1429 1772 1463 filiis,
1790 1437 1846 1456 ont-

1058 1483 1152 1510 nesque
1166 1482 1198 1502 ea:
1210 1475 1313 1501 nomine
1331 1473 1421 1506 Judte,
1436 1474 1481 1509 qui
1495 1479 1553 1508 post
1567 1474 1723 1501 divisionem
1740 1483 1850 1501 recesse-

1061 1526 1114 1554 rat,
1130 1521 1239 1549 Judatos
1255 1521 1407 1555 appellavit;
1424 1520 1523 1556 colique
1546 1521 1602 1555 ejus
1617 1521 1774 1547 memoriam
1794 1529 1849 1547 oat-

1060 1568 1136 1595 nibus
1147 1568 1237 1602 jussit.
1256 1566 1321 1601 Ejus
1341 1567 1427 1601 portio
1442 1567 1562 1594 omnibus
1580 1572 1740 1593 accesserat.
1768 1565 1848 1593 Hmi-

1059 1622 1118 1642 mus
1135 1619 1213 1640 atate
1232 1614 1299 1640 inter
1315 1613 1411 1647 fratres
1424 1611 1522 1647 Ioseph
1538 1612 1611 1647 fuit:
1628 1613 1705 1647 cujus
1719 1614 1847 1640 excellens

1059 1660 1192 1696 ingenium
1213 1659 1288 1687 veriti
1305 1659 1413 1694 fratres,
1429 1660 1499 1687 clam
1518 1660 1690 1693 interceptum
1707 1660 1849 1693 peregrinis

1060 1705 1248 1733 mercatoribus
1274 1705 1454 1733 vendiderunt.
1474 1705 1496 1731 Α
1518 1706 1613 1741 quibus
1640 1705 1798 1740 deportatus
1822 1706 1847 1731 in

1060 1751 1224 1787 Egyptum,
1247 1759 1307 1778 cum
1330 1752 1450 1786 magicas
1471 1751 1508 1778 ibi
1530 1755 1601 1778 artes
1628 1751 1723 1778 solerti
1747 1751 1848 1786 ingenio

1058 1799 1224 1832 percepisset,
1249 1797 1320 1825 breui
1342 1798 1394 1832 ipsi
1417 1798 1471 1833 regi
1487 1797 1630 1833 percitarus
1646 1797 1709 1831 fuit.
1733 1797 1807 1824 Nam
1825 1803 1848 1824 et

1058 1844 1240 1879 prodigiorum
1267 1844 1455 1879 sagacissimus
1472 1848 1540 1877 erat,
1567 1848 1592 1870 et
1613 1844 1779 1871 somniorum
1795 1845 1848 1879 pri—

1059 1896 1117 1915 mus
1132 1888 1332 1923 intelligentiam
1343 1889 1480 1920 condidit;
1495 1888 1611 1924 nihilque
1621 1888 1704 1916 divini
1713 1889 1785 1923 juris
1800 1890 1847 1915 Iu-

1058 1935 1182 1970 maaique
1195 1937 1218 1962 ei
1231 1935 1391 1970 incognitum
1412 1935 1558 1967 videbatur,
1579 1939 1646 1967 etc.,
1668 1935 1717 1962 sed
1733 1935 1779 1963 hic
1799 1943 1847 1962 au-

1057 1985 1117 2009 ctor
1133 1981 1160 2008 in
1174 1981 1269 2016 paucis
1283 1981 1374 2009 verbis
1393 1981 1478 2008 multa
1490 1982 1622 2017 peccavit.
1640 1980 1764 2010 Fuerunt
1775 1982 1846 2010 enim

1058 2028 1105 2056 lilii
1123 2025 1208 2055 Iacob
1221 2026 1365 2055 duodecim
1389 2031 1487 2063 przeter
1501 2035 1582 2055 unam
1604 2027 1748 2055 feminam.
1771 2028 1847 2056 Miti-

1059 2080 1119 2099 mus
1137 2076 1218 2099 natus
1243 2076 1302 2099 erat
1325 2071 1478 2107 Benjamin,
1501 2079 1556 2100 non
1577 2071 1689 2108 JOSeph.
1708 2068 1807 2107 Ioseph
1829 2080 1843 2100 a

1058 2116 1171 2153 magicis
1184 2116 1289 2145 artibus
1304 2124 1454 2151 earumque
1467 2117 1557 2145 studio
1576 2118 1724 2152 plurimum
1744 2118 1843 2152 abfuit;

219 2155 265 2191 qui
279 2156 375 2183 inuenit
400 2155 493 2184 lamin
516 2158 544 2186 in
564 2157 676 2192 deserto,
688 2160 793 2195 quando
815 2162 938 2196 pascebat
960 2163 993 2198 ju
1024 2173 1046 2201 ι)
1060 2163 1106 2190 sed
1126 2162 1243 2197 Spiritus
1259 2163 1348 2190 sancti
1375 2163 1507 2198 peculiari
1524 2164 1641 2199 quadam
1659 2165 1749 2199 gratia
1764 2164 1844 2193 dona-

220 2205 309 2228 runta
323 2202 408 2237 patris
423 2203 483 2236 sui;
496 2212 566 2240 quos
579 2209 691 2233 secutus
702 2205 858 2235 Eustathius
870 2209 940 2236 idem
957 2209 1008 2236 hoc

218 2246 249 2274 in
265 2247 325 2274 loco
340 2248 472 2276 retinens.

255 2293 336 2326 lbid.,
360 2294 397 2322 lin
430 2294 470 2322 :6.
487 2296 557 2322 Μεθ’
572 2296 608 2323 ὃν
631 2296 737 2325 Ὶωεάσ.
751 2297 837 2326 Jobab
857 2299 890 2327 de
912 2307 967 2334 quo
980 2300 1009 2326 ﬁt

220 2339 266 2368 hic
276 2341 388 2373 mentio,
404 2340 504 2369 Jobum
521 2342 607 2370 fuisse
623 2343 702 2370 multi
717 2344 900 2378 tradiderunt,
917 2338 1009 2381 quam-

220 2385 263 2414 vis
277 2386 432 2422 oppositum
447 2387 582 2415 allirment
592 2387 729 2424 Lyranus,
743 2393 770 2417 et
784 2388 920 2424 Oleaster,
931 2399 1006 2419 eum-

221 2439 274 2466 que
292 2431 378 2460 l'uisse
399 2439 453 2459 non
480 2432 566 2460 ﬁlium
590 2432 673 2466 Esau,
698 2438 730 2461 ut
754 2435 847 2461 retulit
864 2434 1008 2467 Aristzuus,

220 2478 268 2513 qui
281 2477 438 2506 Judzorum
454 2478 599 2507 historiam
625 2480 738 2515 scripsit
763 2481 836 2516 apud
862 2480 1010 2509 Eusebium

220 2523 484 2557 Casariensemdib.
500 2533 527 2552 Ix
543 2525 582 2553 De
596 2528 788 2561 preparations
804 2527 1007 2563 [iungunt-ap.

221 2568 330 2602 ultim.,
349 2569 397 2597 sed
413 2577 446 2597 ex
473 2570 559 2605 stirpe
574 2574 602 2598 et
626 2573 755 2607 progenie
779 2572 862 2605 Esau,
886 2574 1010 2601 scribunt

221 2616 388 2643 Athanasius
415 2615 444 2643 in
468 2616 592 2651 synopsl,
609 2616 824 2653 Chrysostomus
844 2618 918 2645 born.
934 2618 952 2645 2
973 2618 1009 2646 De

221 2661 332 2694 patient.
349 2660 412 2694 Job,
427 2663 597 2698 Augustinus
613 2663 661 2691 lib.
677 2671 744 2691 xvm
762 2663 800 2692 De
824 2665 930 2692 civitate
950 2665 1009 2698 Dei,

222 2712 283 2741 cap.
300 2707 345 2734 47.
363 2707 436 2735 Idem
454 2710 538 2737 sentit
561 2713 589 2737 et
615 2710 800 2738 Tlieodoretus
814 2712 958 2746 quastion.
976 2711 1011 2738 92

223 2751 252 2778 il
265 2750 330 2781 Gen.
345 2757 371 2781 et
386 2753 535 2789 Gregorius
549 2755 665 2791 Magnus
681 2756 759 2784 initio
783 2756 968 2784 Commentar.
984 2757 1011 2784 in

221 2794 284 2824 Job.
303 2795 350 2825 llis
366 2800 490 2833 patribus
504 2800 584 2833 adde,
602 2805 629 2828 et
638 2809 708 2837 quos
722 2808 864 2830 enumerat
878 2803 1011 2838 Hierony-

1060 2214 1104 2237 tus
1118 2209 1164 2235 illa
1181 2208 1272 2236 omnia
1289 2209 1448 2244 perfecerat.

1096 2253 1174 2285 lbid.,
1190 2254 1238 2281 lin.
1255 2254 1301 2281 3'1.
1325 2253 1367 2286 Τῷ
1381 2254 1550 2289 Πενταςρρῇ.
1569 2253 1701 2290 Principi,
1719 2262 1768 2282 seu
1780 2263 1842 2290 pr:-

1061 2299 1131 2327 l'ecto
1140 2307 1304 2334 coquorum.
1321 2298 1361 2327 lta
1378 2299 1455 2327 Philo
1466 2300 1513 2328 lib.
1527 2299 1566 2328 De
1576 2299 1699 2335 Joseph.,'
1713 2299 1842 2337 Iosephus

1060 2345 1107 2374 lib.
1122 2353 1131 2373 1
1143 2346 1314 2381 Antiquitat.,
1330 2346 1491 2374 Ambrosius
1503 2346 1549 2374 lib.
1565 2346 1604 2374 De
1616 2346 1737 2381 Ioseph,
1750 2352 1778 2376 et

1059 2391 1189 2420 Nonnulli
1203 2399 1297 2421 vocem
1320 2391 1481 2421 Hebraicam
1500 2393 1654 2429 signiﬁcare
1673 2395 1842 2430 praepositum

1060 2438 1163 2466 militiae
1176 2437 1356 2466 tradiderunt.
1369 2438 1422 2466 Alii
1435 2443 1592 2475 utrumque.
1603 2440 1742 2474 Pererius,
1757 2449 1791 2469 ne
1799 2441 1842 2469 Se—

1061 2484 1201 2521 ptuaginta
1215 2484 1381 2519 Interpretes
1394 2485 1431 2511 ita
1445 2484 1589 2513 reddentes
1600 2493 1710 2514 errasse
1724 2487 1841 2515 videren—

1061 2534 1115 2562 tur,
1132 2529 1170 2556 ait
1186 2529 1384 2565 ἀρχιμάγειρον
1400 2531 1492 2559 omnia
1519 2531 1577 2559 hazc
1600 2531 1767 2567 signiﬁcare.
1792 2533 1841 2561 Sed

1058 2583 1122 2604 eum
1151 2575 1318 2603 audiamus:
1335 2576 1430 2611 Dices,
1455 2576 1525 2612 Ergo
1555 2578 1728 2614 Septuaginta
1762 2579 1842 2607 Inter-

1060 2626 1145 2654 pretes
1172 2626 1296 2649 errarunt
1321 2622 1368 2649 hoc
1397 2623 1464 2654 loco,
1484 2624 1529 2658 qui
1559 2629 1690 2652 uerterunt
1717 2626 1841 2653 archima-

1061 2667 1135 2701 giro,
1163 2667 1191 2693 id
1220 2673 1277 2701 est,
1312 2669 1425 2704 principi
1454 2670 1619 2705 caquorum?
1651 2670 1764 2699 Minime
1778 2681 1838 2700 mo.

1063 2712 1134 2739 Nam
1163 2721 1213 2740 uox
1235 2714 1432 2751 archimagiros
1459 2718 1563 2752 proprie
1589 2718 1726 2752 signiﬁcat
1746 2719 1840 2754 princi-

1063 2766 1124 2794 pem
1148 2759 1302 2787 occisorum
1326 2769 1334 2787 :
1356 2763 1546 2798 μαγειρεύειν,
1585 2764 1680 2799 quippe
1712 2764 1840 2799 interprets

1066 2804 1238 2841 Hieronymo,
1261 2805 1356 2835 Latine
1383 2813 1422 2836 est
1442 2809 1576 2839 occidere.
1607 2809 1660 2837 Sed
1686 2819 1778 2838 nomen
1801 2819 1839 2839 oc-
