1897 3073
83 99 154 129 ωτζῦ

577 105 611 133 ΙΝ
632 106 816 134 EUSTA’I‘HII
833 107 1069 138 IIEXAEMEIION
1089 110 1206 140 NOTAE.

1638 115 1707 144 I054

81 158 201 185 cisorum
229 161 363 196 trifariam
391 167 475 198 potest
501 164 623 200 intelligi.
651 165 698 194 Vel
721 168 790 195 enim
810 177 830 195 s1

959 171 1039 197 ναϊκα
1052 169 1121 206 ἔχων
1133 171 1177 197 διὰ
1185 171 1235 206 τὴν
1255 171 1371 200 εὔνοιαν.
1386 171 1486 201 Notum
1500 178 1543 202 est
1558 174 1628 208 inter
1645 184 1707 211 spa-

79 205 213 233 occisores
245 207 379 236 hominum
403 210 431 236 in
455 210 540 243 bello,
563 212 653 247 quales
676 219 738 240 sunt
764 215 872 248 milites,

81 257 104 277 et
114 251 150 280 .in
166 251 236 280 hanc
254 256 408 282 sententiam
419 275 426 288 ,
449 255 560 284 Latinus
574 258 698 293 interpres
719 261 793 287 vertit
815 270 874 289 ma-

78 297 167 332 gistro
185 299 318 333 militum;
336 302 375 328 vel
393 307 455 330 sunt
472 303 600 331 occisores
619 305 753 334 hominum
767 313 873 343 propter

77 351 174 371 eorum
185 346 309 378 crimina,
324 352 449 382 tanquam
465 350 576 384 publica:
584 351 697 386 justitiw
709 353 870 388 administri,

76 395 259 423 exsecutores,
274 401 354 427 quam
371 395 612 430 interpretationem
635 399 717 426 secuti
737 405 798 427 sunt
817 400 871 428 He-

76 434 146 462 braei
162 439 188 462 et
205 437 283 464 multi
301 439 333 465 de
351 441 449 467 nostris
465 449 546 475 supra
572 444 732 476 memorati;
756 445 795 472 vel
809 451 870 474 sunt

75 482 214 510 occisores
234 484 393 512 animalium
407 485 442 513 ad
457 487 632 522 coquendum,
645 494 671 516 et
683 491 870 520 comedendum

74 533 108 555 ut
126 534 191 556 sunt
207 530 285 563 lanii,
305 537 329 559 et
343 533 418 568 coqui
431 541 440 560 :
454 535 496 561 cui
508 537 663 570 expositioni
690 537 778 572 Philo,
793 538 870 566 lose-

74 574 161 610 phus,
178 581 202 603 et
217 577 374 605 Ambrosius
391 579 551 609 institerunt.
585 583 651 611 Cum
667 584 749 619 igitur
762 592 811 611 vos:
824 593 869 612 ar-

79 621 257 657 cliimagiros.
280 632 332 659 qua
356 626 397 652 usi
411 631 472 653 sunt
501 627 674 665 Septuaginta
698 629 866 666 Interpretes,

77 672 135 694 tres
155 668 221 695 istas
235 668 442 704 signiﬁcationes
468 677 493 699 et
514 674 743 710 interpretationes
765 678 865 712 capiat,

73 713 225 741 translatio
251 714 424 752 Septuaginta
444 717 621 754 Interpretum
640 721 745 749 lectioni
768 728 867 750 nostrtz

73 758 185 787 Latina
201 763 289 795 aptari
302 764 512 793 commodissime
532 771 633 800 potest;
659 769 805 802 praesertim
818 779 867 797 nu-

73 809 131 831 tem
149 814 208 832 cum
223 812 330 835 sanctus
350 808 526 845 Hieronymus
540 813 660 846 aﬁirmet,
675 814 863 850 archimagiros

71 859 123 883 pro
141 853 276 887 magistris
291 856 420 882 exercitus
447 857 474 883 in
500 858 630 893 plerisque
658 859 723 887 locis
748 860 864 889 divinam
881 846 902 873 Β

71 895 244 931 Scripturam
259 908 473 930 commemorare.
489 902 542 931 Sed
555 904 667 933 dubium
681 907 770 934 adhuc
780 915 865 936 rema-

72 947 124 969 net
140 951 194 971 non
217 947 460 980 contemnendum,
488 949 615 985 princeps
643 951 688 979 hic
712 952 864 983 Pharaonis

70 989 136 1017 sive
170 991 314 1025 praefectus
344 993 498 1021 divinarum
528 995 679 1025 litterarum
706 1000 863 1029 testimonio

70 1034 178 1063 dicitur
186 1036 273 1065 fuisse
288 1039 441 1073 eunuchus,
454 1044 481 1067 et
491 1048 523 1068 ea
538 1047 580 1069 est
589 1044 742 1072 communis
752 1044 862 1074 Patrum

72 1080 183 1114 opinio,
199 1081 247 1116 qui
262 1082 289 1110 id
305 1083 364 1111 ﬁeri
379 1085 476 1120 potuit,
492 1090 521 1113 ut
537 1095 648 1115 uxorem
665 1089 800 1124 habuerit,
815 1100 859 1119 cu-

68 1125 118 1160 ius
130 1125 202 1155 lictis
213 1128 451 1158 criminationibus
463 1130 600 1167 Josephus
612 1134 640 1160 in
656 1141 792 1163 carcerem
805 1141 863 1164 tru-

68 1172 160 1205 ditur,
177 1174 292 1210 vitaeque
310 1177 426 1212 propriae
447 1179 599 1212 periculum
616 1181 699 1209 subit.
714 1181 802 1211 Taceo
819 1184 862 1211 hic

68 1216 251 1246 Hebraeorum
280 1229 377 1256 nugas,
400 1224 446 1257 qui
469 1232 501 1251 eo
521 1224 635 1253 inscitia:
659 1235 817 1262 pervenere,
832 1234 862 1257 ut

67 1265 199 1294 dicerent
229 1268 381 1304 principem
404 1270 478 1298 hunc
502 1273 576 1300 nullo
603 1274 683 1302 modo
704 1276 860 1304 eunuchum

69 1311 171 1344 fuisse,
188 1314 235 1340 sed
249 1315 381 1350 integrum
393 1318 521 1345 omnibus
534 1320 592 1347 suis
605 1321 734 1349 membris
748 1330 859 1350 uxorem

67 1358 195 1390 duxisse,
211 1367 274 1387 cum
289 1369 342 1396 qua
362 1361 479 1390 feliciter
497 1364 672 1400 jucundeque
700 1367 783 1394 vitam
809 1368 861 1396 du~

67 1404 162 1431 cebat.
182 1403 280 1433 Verum
293 1408 376 1442 empti
388 1407 498 1444 Josephi
514 1409 612 1437 blanda
624 1411 791 1447 pulchraque
805 1413 860 1440 for—

66 1458 116 1476 ma
132 1452 287 1485 pellectum,
304 1454 398 1481 nescio
414 1455 479 1490 quid
492 1456 519 1482 in
536 1456 623 1490 ipsum
639 1455 786 1492 Josephum
801 1462 860 1486 ten-

67 1500 157 1528 tasse,
186 1498 301 1533 ideoque
321 1499 398 1535 justo
419 1500 465 1528 Dei
485 1501 588 1536 judicio
610 1503 636 1530 in
665 1511 771 1539 poenam
793 1507 858 1533 tanti

66 1542 186 1569 sceleris
202 1543 334 1572 membris
359 1545 413 1572 illis
434 1545 511 1580 quasi
536 1547 690 1574 eunuchum
707 1547 792 1576 fuisse
810 1549 861 1576 im-

64 1588 205 1623 peditum,
228 1589 343 1624 ideoque
367 1598 382 1617 a
410 1590 552 1626 Scriptura
576 1593 732 1620 eunuchum
756 1594 858 1626 vocari,

63 1633 180 1661 etiamsi
202 1634 315 1663 haberet
335 1643 459 1665 uxorem.
492 1637 609 1670 Quidam
636 1638 775 1672 dixerunt,
801 1647 861 1667 mu-

64 1679 164 1707 lierem
183 1680 256 1708 illam
271 1689 326 1709 non
341 1681 426 1710 fuisse
439 1690 563 1716 uxorem,
581 1683 628 1711 sed
647 1688 751 1711 lantum
767 1693 858 1712 rerum

62 1726 280 1754 domesticarum
295 1735 389 1754 curam
410 1729 538 1763 gessisse.
559 1729 685 1762 Quidam,
705 1731 755 1758 etsi
772 1739 858 1758 eunu-

62 1773 161 1805 chum,
198 1773 245 1800 illa
275 1777 366 1801 tamen
398 1775 511 1802 muliere
536 1780 664 1811 tanquam
690 1784 774 1804 uxore
792 1777 859 1812 legi-

63 1820 134 1846 tima
160 1828 251 1847 usum.
281 1819 443 1849 Theodorus
466 1821 567 1849 Catena
594 1822 621 1849 in
642 1821 779 1849 Genesim:
795 1823 857 1854 Πῶς

61 1865 194 1901 εὐνοῦχος
213 1865 250 1894 ὢν
264 1867 278 1892 ὁ
289 1867 487 1903 ἁρχιμάγειρος
507 1869 623 1902 γυναῖκα
640 1866 712 1902 εἶχες
732 1867 857 1894 Μάλιστα

63 1912 116 1947 μὲν
133 1910 181 1939 οὖν
198 1913 245 1939 καὶ
266 1914 328 1945 τοὺς
351 1913 495 1949 εὐνούχους
509 1914 556 1941 καὶ
571 1915 634 1946 τοὺς
655 1914 784 1950 ἐκτομίας
805 1915 856 1950 ὑμ-

60 1958 181 1993 ωνὺμως
195 1959 322 1986 καλοῦσιν
332 1968 338 1974 ·
352 1959 427 1986 οὐδὲν
439 1960 467 1986 δὲ
481 1957 514 1995 ἦν
533 1960 655 1992 ἀπεικὸς,
671 1960 718 1986 καὶ
729 1959 856 1995 εὐνοῦχον

60 2004 129 2030 ὄντα
142 2006 260 2038 γυναῖκα
278 2005 347 2040 ἔχειν
361 2007 390 2032 ὲν
404 2007 436 2041 τῇ
450 2006 538 2041 οἰκείᾳ
553 2005 607 2032 τῶν
619 2006 692 2032 ἔνδον
708 2006 854 2041 ἐπιμελου-

63 2049 151 2085 μένην
167 2051 347 2085 πραγμάτων.
374 2051 510 2078 Diodorus
529 2051 628 2079 ibidem
643 2059 651 2077 τ
671 2051 744 2083 Πῶς,
761 2051 854 2078 εὐνοῦ-‹

61 2103 110 2128 χον
125 2092 194 2121 εἶναι
211 2096 301 2130 φήσας
317 2096 364 2122 τὸν
374 2096 528 2132 Πετεφρῆν,
538 2099 653 2131 γυναῖκα
669 2097 763 2124 τοῦτον
777 2095 853 2124 εἶπεν
869 2095 874 2099 ’

61 2140 151 2175 ἑχεινς
173 2138 257 2176 Οἶμαι
269 2141 359 2168 τοίνυν
374 2141 430 2176 ἐγὼ
445 2142 499 2168 τῶν
513 2141 559 2168 δύο
574 2142 603 2168 τὸ
618 2142 722 2178 ἕτερον,
736 2142 752 2177 ἢ
766 2142 810 2169 διὰ
822 2143 852 2169 τὸ

924 215 1021 243 donem
1038 220 1065 243 et
1081 217 1236 244 eunuchum
1255 217 1420 254 discrimen;
1436 220 1578 249 eunuchus
1593 229 1665 250 enim
1683 223 1707 250 is

922 261 1035 293 dicitur,
1051 262 1098 297 qui
1113 262 1269 290 necessaria
1288 263 1321 291 ad
1338 266 1522 299 generandum
1537 271 1613 302 parte
1626 267 1708 297 dimi-

922 309 1005 333 nutus
1019 310 1071 338 est,
1097 308 1154 334 sive
1179 308 1340 335 naturaliter
1365 308 1402 336 ita
1421 315 1570 346 prognatus
1584 312 1632 345 sit,
1649 313 1707 340 sive

921 356 985 379 ante
995 352 1165 386 pubertatem
1182 354 1302 381 excisus.
1319 353 1410 389 Spado
1424 361 1476 389 est,
1491 358 1538 392 qui
1552 358 1706 387 valetudine

921 396 1012 432 aliqua
1035 398 1137 426 vitiove
1156 399 1280 434 corporis
1296 400 1426 436 praeditus
1442 409 1572 437 generare
1588 411 1643 431 non
1655 411 1706 438 po-

920 447 985 472 test.
1009 444 1126 480 ldeoque
1156 446 1291 481 spadones
1315 447 1440 482 adoptari
1468 455 1598 484 possunt,
1627 455 1705 487 post-

919 490 1087 526 humumque
1100 491 1234 519 haeredem
1248 493 1378 527 scribere,
1389 495 1507 522 eunuchi
1525 496 1582 524 sive
1591 499 1704 526 castrati

919 543 973 563 non
985 541 1101 572 possunt
1113 546 1120 572 ;
1136 538 1163 565 hi
1179 546 1296 574 namque
1308 540 1421 567 omnino
1431 548 1562 576 generare
1571 550 1626 570 non
1640 551 1704 580 pos-

919 587 1002 616 sunt;
1020 583 1057 610 illi
1079 583 1290 619 impedimentis,
1312 586 1411 621 quibus
1433 589 1574 623 temporali
1601 591 1704 618 sterili-

918 631 974 655 tate
986 628 1122 661 laborant,
1135 630 1252 663 Iiberati.
1268 636 1392 667 possunt.
1406 633 1464 661 Hoc
1482 634 1509 661 in
1520 635 1608 670 legum
1622 644 1704 672 syno-

917 674 958 708 psi
972 674 1005 701 ad
1017 674 1176 703 Michaelem
1193 676 1294 704 Ducam
1307 679 1410 713 optime
1424 680 1550 708 versibus
1568 677 1715 717 expressit‘

917 720 1031 749 Michael
1048 721 1163 755 Psellus,
1179 730 1284 757 eorum,
1299 724 1364 759 quia
1380 725 1470 753 adhuc
1485 726 1573 754 lucem
1593 735 1648 755 non
1662 729 1704 755 vi-

916 766 1023 797 derunt.
1041 769 1146 803 copiam
1162 769 1227 796 mihi
1251 770 1316 796 fecit
1331 771 1372 798 vir
1389 772 1552 799 saeculorum
1571 774 1712 802 memoria-

915 813 1091 848 dignissimus
1111 814 1274 843 Franciscus
1288 816 1442 846 Bartolinus
1458 827 1465 845 :

916 869 1071 912 Ξὺῖοῦχος
1090 871 1215 912 ίζπάδίᾳν·
1229 872 1352 900 δύναται
1368 875 1510 912 υἱοθετεῐν
1524 885 1573 904 και
1593 878 1702 912 μόνον.

920 904 1008 947 r9029
1023 905 1077 940 γὰρ
1092 906 1289 947 ἀπηγέρευιςαι
1301 910 1488 947 καστράτοις,
1501 912 1548 938 καὶ
1564 904 1700 947 θλιϐἷαγιςξ

922 939 952 966 '0
965 939 1078 975 γάρτοι
1097 939 1222 969 σπάδὼν
1241 943 1364 971 δύναται
1375 939 1595 981 ’παιδὸῖὶοιῆσαι
1613 939 1700 984 edidi

916 997 1001 1025 Porro
1017 999 1168 1033 spadonum
1196 1004 1223 1028 et
1247 1001 1434 1029 cunuchorum
1456 1004 1600 1038 appellatio
1615 1005 1700 1033 inter~

915 1043 979 1071 dum
1003 1045 1137 1079 generalis
1163 1050 1220 1079 est,
1245 1054 1299 1082 qua
1321 1055 1402 1075 omne
1423 1056 1508 1083 genus
1531 1050 1698 1081 eviralorum

915 1090 1080 1117 continetur.
1091 1090 1181 1124 Quare
1190 1099 1333 1126 possemus
1343 1093 1442 1126 dicere,
1451 1095 1600 1130 principem
1613 1097 1697 1131 hunc,

914 1134 965 1162 etsi
980 1140 1093 1162 vocatur
1103 1137 1255 1170 eunuchus,
1270 1138 1418 1173 spadonem
1433 1139 1527 1173 fuisse,
1540 1146 1567 1168 et
1584 1149 1696 1169 uxorem

914 1180 1026 1209 duxisse
1050 1186 1195 1217 antequam
1219 1191 1283 1218 pars
1300 1184 1345 1211 illa
1363 1186 1487 1220 corporis
1513 1186 1696 1223 funeraretur,

914 1235 975 1254 cum
989 1235 1042 1263 qua
1059 1233 1152 1263 postea
1175 1229 1258 1256 vitam
1274 1231 1450 1267 transigebat.
1469 1232 1590 1261 Isidorus
1607 1233 1696 1270 Orig.,

915 1272 951 1299 lib
974 1280 1001 1304 ιι,
1028 1273 1109 1300 tradit
1127 1274 1315 1302 cunuchorum
1334 1276 1468 1311 quosdam
1486 1278 1569 1311 coire,
1593 1279 1641 1307 sed
1656 1284 1698 1307 ta-

913 1325 975 1345 men
995 1317 1120 1346 virtutem
1146 1319 1174 1346 in
1198 1321 1301 1347 semine
1326 1322 1430 1349 nullam
1455 1331 1515 1351 esse
1532 1333 1538 1350 :
1557 1323 1698 1359 Liquorem

912 1364 981 1390 enim
993 1363 1086 1391 [tabent
1109 1369 1134 1391 et
1149 1366 1280 1399 emittunt,
1309 1367 1354 1394 sed
1371 1368 1405 1395 ad
1417 1369 1574 1404 gignendum
1593 1372 1697 1399 inanem

913 1414 989 1445 atque
1003 1411 1161 1439 invalidum.
1185 1411 1297 1440 Possem
1319 1413 1384 1442 item
1402 1416 1470 1443 alias
1483 1417 1566 1451 hujus
1580 1418 1699 1453 explica-

912 1456 1002 1484 tiones
1017 1457 1123 1490 ail'erre,
1138 1466 1207 1493 quas
1226 1459 1369 1489 brevitatis
1381 1462 1467 1496 gratia
1479 1463 1585 1491 omitto.

948 1502 1013 1529 Ibid.
1035 1502 1095 1529 Τῶν
1109 1504 1307 1539 ἀρχιμαγείρῳ
1320 1506 1432 1540 Φαραώ.
1455 1506 1606 1537 Pharaonis
1619 1517 1698 1537 voca-

912 1547 1005 1574 bulum
1027 1556 1081 1575 non
1097 1548 1181 1577 inisse
1198 1551 1349 1585 proprium,
1370 1552 1418 1579 sed
1439 1560 1585 1582 commune
1601 1563 1696 1590 regum

911 1595 1032 1622 omnium
1043 1593 1295 1631 Egyptiorum,qui
1312 1605 1361 1632 pro
1373 1598 1502 1633 dignitate
1517 1601 1588 1635 regis
1603 1609 1635 1628 eo
1650 1609 1692 1629 no

910 1641 983 1669 mine
1002 1646 1130 1677 tanquam
1146 1643 1230 1678 regali
1250 1643 1406 1678 utebantur,
1424 1645 1653 1680 quemadmodum
1669 1651 1697 1674 et

908 1688 978 1722 apud
991 1687 1127 1717 Romanos
1136 1689 1261 1724 Augusti,
1274 1689 1462 1725 imperatores,
1473 1692 1555 1719 tradit
1562 1692 1696 1721 Eusebius

908 1742 942 1762 ex
955 1735 1031 1762 libris
1045 1735 1214 1763 Manethonis
1223 1736 1372 1764 sacerdotis
1381 1736 1582 1773 Egyptiorum,
1595 1744 1623 1767 ct
1634 1747 1695 1767 rur-~

908 1785 966 1805 sum
988 1788 993 1805 :
1015 1779 1125 1815 Ἀνέστη
1151 1779 1178 1806 δὲ
1201 1781 1258 1816 μετ’
1278 1781 1378 1813 αὒτὺν,
1406 1781 1552 1811 Sesostrim
1577 1785 1694 1817 scilicet,

907 1822 951 1849 ἐπ’
972 1823 1124 1857 Αἴγυτπτον
1148 1824 1262 1861 Φαραὼ,
1295 1826 1309 1852 ὁ
1335 1826 1382 1853 καὶ
1419 1827 1535 1863 Ναρεχὼ
1560 1830 1694 1866 καλούμε-

907 1877 960 1901 νος,
979 1871 1118 1905 κρατήσας
1135 1871 1192 1906 ἔτη,
1209 1870 1247 1903 ὥς
1263 1880 1340 1907 φασι,
1359 1874 1537 1909 πεντήκοντα.
1560 1876 1608 1902 Ἐκ
1631 1877 1693 1904 τού-

906 1923 953 1942 του
974 1917 997 1942 οἱ
1012 1917 1066 1943 ἀπὸ
1086 1917 1132 1944 τοῦ
1150 1919 1245 1952 γένους
1268 1919 1350 1946 αὐτοῦ
1372 1920 1552 1957 καταγόμενοι
1575 1922 1693 1958 βασιλεῖς

905 1961 1004 1997 Φαραὼ
1036 1964 1294 2000 προσαγορεύονται.
1332 1965 1364 1992 Et
1391 1967 1538 1995 Africanus
1567 1978 1574 1996 :
1599 1970 1680 1997 Ἐπαι

904 2007 1026 2035 νεθεῖσαν
1057 2009 1102 2040 δὲ,
1138 2018 1250 2038 uxorem
1286 2011 1413 2039 videlicet
1451 2013 1584 2048 Abrahae,
1623 2016 1692 2051 ὴγάη

904 2061 966 2087 γετο
978 2054 1085 2089 Φαραώ.
1104 2055 1181 2082 Οὕτω
1196 2056 1250 2092 γὰρ
1266 2058 1410 2091 Αἰγύπτιοι
1425 2059 1488 2091 τοὺς
1505 2060 1624 2095 βασιλεῖς
1639 2061 1684 2088 ὀνο

905 2098 1035 2134 μάζουσιν
1043 2101 1248 2136 ἑρμηνεύουσιν.
1270 2103 1433 2138 Expressius
1447 2105 1627 2142 Hieronymus
1643 2107 1691 2135 lib.

903 2149 931 2168 Ix
957 2141 1102 2171 Comment.
1130 2145 1158 2170 in
1183 2144 1373 2173 Ezecltielem:
1401 2146 1532 2175 Ca'terum
1551 2141 1626 2175 illud
1653 2150 1692 2176 vel

61 2185 156 2213 εὔνουν
171 2187 297 2222 εὐνοῦχον
311 2187 391 2215 αὐτὸν
404 2188 629 2224 καταχρηστικῶς
642 2189 807 2224 προσειρῆσθ

939 2189 1017 2216 zxime
1040 2190 1224 2224 requirendum
1246 2196 1296 2222 est,
1319 2197 1408 2218 utrum
1432 2192 1487 2226 ipse
1512 2194 1546 2220 sit
1571 2193 1688 2226 Pharao,

59 2232 77 2268 ἢ
92 2233 140 2259 καὶ
155 2232 193 2268 τῷ
206 2233 262 2260 ὄντι
272 2233 326 2260 τῶν
340 2234 441 2270 μορίων
455 2235 665 2271 ὲκτετμημένων
679 2235 750 2270 ἐχειν
761 2236 790 2262 ὲν
801 2244 851 2270 γα-

61 2279 149 2314 μετῆς
167 2280 244 2313 τάξει
258 2280 288 2306 τὸ
301 2280 422 2315 γύναιον,
443 2281 457 2308 ὃ
471 2282 501 2317 δὴ
519 2282 564 2308 καὶ
579 2282 621 2316 ἐφ’
636 2282 714 2316 ἡμῶν
731 2281 852 2318 ἔγνωμεν

60 2325 113 2351 ὑπὸ
135 2324 240 2351 πολλῶν
261 2326 391 2358 πολλάκις
404 2327 554 2362 γινόμενον.
576 2325 610 2353 Et
629 2325 787 2354 Gennadius
800 2337 807 2355 :
820 2327 852 2354 Εἰ

56 2370 188 2405 εὐνοῦχος
201 2371 216 2397 ὁ
229 2371 382 2407 Πετεφρῆς,
395 2372 454 2404 πῶς
470 2373 625 2408 εὑρίσκεται
637 2373 753 2406 γυναῖκα
765 2373 849 2408 ἕχων;

63 2416 136 2443 Ἀλλ’
156 2418 170 2443 ὁ
192 2417 241 2451 μὲν
259 2417 343 2453 Σύρος
354 2418 404 2453 μιᾷ
421 2417 591 2454 προσηγορίᾳ
610 2419 656 2445 τόν
671 2427 702 2444 τε
717 2419 850 2445 σπάδοντα

55 2462 105 2489 καὶ
130 2462 177 2488 τὸν
207 2463 302 2489 πιστὸν
324 2463 410 2498 ἄνδρα
428 2463 501 2498 λέγει
530 2465 586 2496 τοῖς
607 2464 760 2496 δεσπόταις,
786 2466 799 2491 ὁ
821 2464 850 2491 δὲ

60 2509 191 2545 Ἐϐραῖος
210 2509 317 2546 ἀληθῶς
329 2510 465 2545 εὐνοῦχον,
490 2511 538 2537 καὶ
550 2510 643 2538 τοῦτον
663 2511 716 2537 ἀπὸ
732 2511 782 2546 τῆς
803 2511 848 2537 πί-

54 2565 156 2588 στεως,
172 2556 267 2592 ἐπειδὴ
284 2557 356 2591 φιλεί
367 2557 396 2583 τὸ
413 2557 466 2583 τῶν
488 2557 621 2593 εὐνούχων
638 2558 715 2592 γένος
732 2558 848 2594 μάλιστα

53 2601 236 2629 πιστεύεσθαι
248 2603 281 2630 τὰ
291 2603 441 2639 τιμιώτερα
455 2603 510 2629 τῶν
526 2604 685 2639 κτημάτων,
702 2605 749 2631 γα).
764 2603 848 2639 αὐτὴν

50 2648 110 2674 τῶν
127 2648 260 2682 βασιλέων
274 2649 421 2684 σωτηρίαν.
435 2650 489 2676 Καὶ
505 2649 535 2676 οὐ
549 2649 714 2684 θαυμαστὸν,
732 2651 798 2677 ὅπου
815 2659 846 2684 γε

57 2694 200 2730 Ἀϐραὰμ,
218 2695 265 2721 καὶ
279 2696 381 2727 Ἰσαὰκ,
396 2696 442 2722 καὶ
461 2695 558 2722 Ἰακὼϐ
574 2696 686 2731 χριστοί.
701 2697 746 2732 Μὴ
761 2697 846 2723 ἆπτε-

50 2741 118 2768 σθαι
134 2741 189 2776 γάρ
204 2750 270 2777 φησι
281 2741 334 2768 τῶν
347 2742 466 2778 χριστῶν
484 2751 544 2777 μου.
559 2742 673 2776 Λέγεται
686 2742 713 2770 δὲ
728 2744 774 2769 καὶ
790 2743 845 2770 Κύ-

51 2795 102 2822 ρος
117 2787 132 2813 ὁ
149 2787 258 2822 Πέρσης
274 2788 393 2823 χριστός.
407 2788 500 2819 Οὕτως
520 2788 573 2824 ἄρα
588 2789 635 2814 καὶ
648 2789 697 2824 τὴν
713 2788 760 2815 τοῦ
774 2789 843 2816 σπά-

48 2833 145 2864 δοντος
163 2834 178 2860 ὁ
202 2834 398 2869 ἀρχιμάγειρος
418 2835 604 2870 προσηγορίαν
631 2835 692 2871 ἔσχε
713 2836 759 2862 καὶ
783 2836 843 2862 τότε

217 2882 355 2912 Parnm.
377 2882 437 2913 Gn.
472 2883 582 2916 XVIII.

903 2235 947 2269 qui
965 2235 992 2261 in
1009 2234 1113 2266 Exodo.
1131 2240 1156 2262 et
1172 2235 1258 2268 Isaia,
1277 2243 1301 2264 et
1321 2237 1437 2265 Ieremia
1458 2244 1482 2266 et
1501 2238 1647 2270 Ezechiele.
1665 2245 1692 2267 et

903 2280 930 2306 in
944 2279 1061 2308 Canticis
1078 2281 1174 2308 cantio.
1196 2283 1358 2315 nominatur,
1375 2291 1408 2310 an
1424 2284 1493 2310 alius
1507 2288 1585 2318 atque
1602 2285 1690 2316 alius;

902 2325 1004 2352 videtur
1020 2325 1084 2352 mihi
1099 2334 1151 2353 non
1166 2335 1222 2354 esse
1239 2336 1316 2354 unus.
1333 2327 1383 2355 Sed
1400 2328 1469 2362 apud
1488 2328 1631 2364 Egyptios
1643 2330 1691 2357 ltae

901 2371 1027 2398 vocabulo
1052 2371 1230 2400 demonstrari
1255 2374 1354 2408 regiam
1380 2373 1545 2409 dignitatern,
1571 2376 1640 2402 sicut
1664 2382 1690 2403 et

901 2418 971 2451 apud
986 2417 1117 2446 Romanos
1133 2420 1251 2447 Caesares
1272 2426 1295 2447 et
1316 2421 1429 2456 Augusti
1450 2422 1618 2455 appellantur
1642 2431 1689 2450 eo-

899 2472 959 2491 rum
973 2465 1143 2500 imperatores
1161 2475 1178 2493 a
1201 2468 1285 2501 primo
1310 2467 1376 2494 Caio
1400 2467 1517 2500 Ctzsare.
1541 2475 1566 2495 et
1588 2478 1605 2496 a
1630 2469 1688 2505 ﬁlio

899 2510 956 2544 ejus
971 2510 1092 2545 adoptivo
1109 2511 1264 2545 Octauiano,
1276 2513 1321 2547 qui
1335 2517 1426 2547 postea
1441 2514 1575 2548 Augustus
1590 2519 1628 2541 est
1643 2523 1689 2542 no-

899 2556 1033 2589 minatus;
1046 2558 1266 2593 quemadmodum
1280 2559 1360 2585 etiam
1373 2559 1442 2593 apud
1454 2559 1535 2594 Syros
1551 2561 1686 2593 Antiochi,

899 2601 969 2636 apud
988 2602 1102 2630 Parthos
1113 2604 1261 2636 Arsacidw.
1280 2605 1348 2639 apud
1367 2604 1524 2641 Philistyam
1540 2607 1685 2639 Abimelec,

896 2653 921 2674 et
935 2653 993 2682 post
1005 2648 1186 2676 Alexandrum
1201 2650 1229 2678 in
1243 2650 1360 2686 ngyptO
1377 2660 1447 2687 reges
1459 2652 1614 2680 dicebantur
1626 2653 1689 2682 Pto-

897 2694 982 2721 lemaei
996 2703 1077 2729 usque
1092 2695 1125 2722 ad
1140 2696 1320 2731 Cleopatram,
1335 2707 1387 2734 qua
1406 2700 1474 2726 victa
1493 2699 1564 2735 apud
1581 2700 1687 2728 Actium

896 2740 1031 2776 eEgyptus
1051 2741 1172 2769 Romana
1185 2748 1224 2770 est
1239 2744 1312 2778 facta
1332 2746 1476 2780 provincia.
1492 2745 1561 2781 Ergo
1575 2747 1602 2774 in
1621 2755 1686 2781 prte-

895 2788 1041 2814 sentiarum
1063 2787 1187 2816 adversus
1207 2798 1288 2818 unum
1311 2792 1454 2826 quemlibet,
1470 2801 1554 2828 regem
1575 2792 1686 2830 (Egypti

895 2842 981 2862 sermo
1005 2834 1035 2869 ﬁt
1059 2834 1175 2863 Domini.
1192 2836 1391 2873 Appellationis
1406 2839 1489 2874 hujus
1513 2847 1626 2869 causam
1649 2841 1690 2870 ita

1511 2887 1550 2917 33
