1897 3073
205 89 284 121 ,10⁵55

881 85 1004 112 LEONlS
1023 81 1161 112 ALLATII

1774 81 1783 107 Ι
1789 82 1837 109 036

211 145 473 183 expressitJoannes
483 143 682 178 Antiochenus,
695 144 723 171 in
736 143 919 178 Archwologia
930 151 939 170 :
949 143 999 169 Φα-
1012 148 1035 175 Α
1051 142 1134 169 fuisse
1150 140 1220 168 idem
1233 143 1387 176 peccatum:
1409 137 1469 166 lota
1484 138 1543 167 hac
1554 138 1673 166 historia
1685 136 1721 165 de
1737 139 1839 172 nuptiis

214 194 271 232 ραώ
295 202 365 224 τινος
388 191 518 227 βασιλέως
540 190 677 225 Αἰγύπτου
701 191 815 222 πολλοὺς
836 191 889 216 τῶν
914 198 998 225 προσ-

210 242 292 268 οίκων
309 238 576 273 καταγωνισαμένου,
591 239 637 264 καὶ
651 238 713 268 τοὺς
726 237 887 274 λῃστρικοὺς
899 236 998 271 ἄνδρας

213 286 479 322 μεταρῤυθμίσαντος
495 285 563 320 πρὸς
579 284 609 310 τὸ
624 284 825 318 φιλάνθρωπον,
842 283 888 309 καὶ
904 284 926 309 οί
942 282 998 308 λοι-

212 334 257 360 ποὶ
271 332 387 367 βασιλεῖς
402 331 539 364 Αἰγύπτου
555 330 594 361 εἰς
609 329 692 364 τιμὴν
708 329 813 355 ἐκείνου
824 327 923 364 Φαραὼ
935 329 999 354 ἑκα-

211 377 313 404 λοῦντο.
324 376 392 403 Vide
406 376 468 402 item
483 373 630 408 Joscpltum
645 374 692 400 lib.
706 381 772 399 xvtn
790 373 997 408 Antiquitalum,

212 424 256 460 qui
271 424 352 450 multa
368 422 401 449 de
416 421 525 448 nomine
538 419 689 447 Pharaonis
701 419 852 450 adnotavit,
872 419 997 453 quamvis

212 469 371 504 quibusdam
390 467 535 501 incompta.
552 466 685 500 falsaque,
698 469 724 492 ct
738 465 799 500 jure
814 466 922 494 merito.
940 465 997 492 visa

212 515 275 543 sint.
299 514 352 540 Alii
367 513 495 540 dixerunt
509 511 667 539 Pharaones
687 511 776 538 dictos
793 510 871 546 quasi
896 510 997 536 Pharo-

211 568 272 592 nes,
297 567 311 586 a
335 558 425 585 Pharo
449 558 537 585 insula
560 566 575 584 e
598 557 709 592 regione
737 556 907 584 Alexandria:
932 557 996 583 olim

212 606 363 640 Carpathos
377 605 459 636 dicta,
472 604 518 631 ubi
531 603 653 638 regnavit
664 603 779 631 Proteus
790 612 797 636 ;
810 603 857 631 sed
870 603 928 630 bzec
939 603 998 638 opi-

212 654 257 680 nio
273 660 321 680 sua
340 652 470 678 inanitate
486 659 534 686 per
551 658 580 678 se
597 652 662 677 ruit.

245 698 305 726 Col.
314 698 377 727 768.
395 697 442 724 lin.
452 697 497 724 45.
513 696 646 723 Γυναῖκα
654 695 908 730 dro’yanﬂhamar
915 694 996 722 ﬁliam

211 744 297 771 fuisse
316 742 515 770 Melchisedech
541 741 690 783 sacerdotis
708 743 832 769 nonnulli
855 743 998 770 existima-

213 795 286 824 runt,
309 790 381 825 quod
403 788 487 816 Judas
510 789 538 816 in
556 789 723 816 scortatione
739 788 948 824 deprehensam,
968 795 996 818 ut

213 836 325 864 inferius
341 835 463 863 comburi
477 834 616 868 jussisset,
636 842 691 861 non
708 834 833 869 lapidari.
852 834 905 862 Lex
923 837 995 863 enim

212 883 261 910 fuit
281 882 351 918 apud
369 881 506 914 Hebrmos,
527 889 608 916 quam
626 885 720 916 postea
739 880 845 916 Moyses
858 882 994 917 repetivit.

211 932 241 956 ut
263 928 317 956 ﬁlia
338 927 487 956 sacerdotis
507 930 625 954 scortata
649 927 865 960 combureretur,
891 932 996 955 cretene

211 975 406 1010 lapidarentur.
430 973 517 1001 Levit.
542 981 579 1000 xx
601 977 629 1000 et
654 981 709 1000 ιιι.
735 971 786 1000 Sed
812 972 846 1000 de
878 972 997 1000 Thamar

209 1022 321 1056 ejusque
353 1024 450 1056 gente,
486 1019 641 1047 conditione
671 1023 698 1046 et
724 1019 846 1046 moribus
869 1024 996 1047 accurate

209 1066 296 1100 Philo,
308 1067 356 1094 lib.
373 1066 410 1093 De
425 1065 560 1093 nobilitate
573 1073 581 1092 :
598 1065 706 1101 Ταύτην
721 1065 859 1099 εὐγένειαν
870 1064 899 1091 οὺ
918 1066 996 1101 μόνον

210 1113 340 1148 θεοφιλεῖς
355 1112 460 1148 ἄνδρες,
477 1112 544 1138 ἀλλὰ
560 1112 608 1139 καὶ
619 1112 748 1146 γυναῖκες
761 1111 910 1146 ἐζήλωσαν,
929 1112 996 1138 ἁπο-

211 1160 343 1197 μαοοῦσαι
369 1159 417 1194 μὲν
441 1158 559 1194 ἀμαθίαν
583 1157 631 1192 τὴν
657 1156 804 1192 σύντροφον
828 1157 891 1190 περὶ
914 1157 995 1191 τιμῆς

208 1207 262 1234 τῶν
283 1206 481 1242 χειροκμήτων,
504 1203 690 1230 παιδευθεῖσαι
713 1202 740 1228 δὲ
766 1203 829 1237 περὶ
848 1202 996 1237 μοναρχίας

209 1254 375 1288 ἐπιστήμην,
428 1251 603 1286 μοναρχεῖται
619 1250 632 1276 ὁ
650 1250 762 1283 κόσμος.
782 1248 879 1284 Θάμαρ
892 1246 925 1284 ἦν
941 1248 995 1274 τῶν

208 1298 262 1326 ἀπὺ
277 1298 326 1333 τῆς
335 1296 519 1331 Παλαιστίνης
536 1295 636 1330 Συρίας
650 1294 760 1328 γύναιον
775 1293 804 1320 ὲν
816 1293 905 1329 οἰκείᾳ
921 1294 995 1319 πόλει

208 1343 311 1379 τραφὲν
328 1341 460 1376 πολυθέῳ,
483 1340 604 1376 γεμούσῃ
622 1339 736 1372 ξοάνων,
757 1338 803 1366 καὶ
817 1339 993 1373 ἀγαλμάτων,

208 1390 255 1418 κα).
267 1389 383 1420 συνόλως
397 1386 604 1423 ἀφιδρυμάτων.
626 1385 695 1412 Ἀλλ’
712 1385 805 1421 ἐπειδὴ
819 1385 944 1420 καθάπερ
964 1385 995 1411 ὲκ

210 1436 321 1466 σκότους
349 1433 443 1469 βαθέος
468 1432 583 1467 ἐδυνήθη
606 1431 736 1467 βραχεῖαν
759 1431 844 1466 αὐγὴν
867 1430 995 1465 ἀληθείας

207 1481 303 1509 ἐνιδεῖν
321 1480 427 1515 θανάτῳ
441 1479 580 1511 ικινδύνου,
602 1478 669 1514 πρὸς
683 1478 824 1505 εὐσέϐειαν
839 1477 995 1513 ηὑτομόλη-
1009 1494 1028 1522 c

208 1536 263 1558 σεν,
283 1526 360 1560 ὀλίγα
375 1525 541 1561 φροντίσασα
557 1524 604 1550 τοῦ
619 1524 679 1559 ζῇν,
699 1525 724 1550 εἰ
745 1524 782 1558 μὴ
800 1523 888 1558 μέλλοι
906 1523 992 1555 καλῶς

207 1573 265 1610 ζῇν.
285 1573 321 1599 Τὸ
341 1573 369 1600 δὲ
391 1571 480 1603 καλῶς
497 1571 627 1606 ἀνέφερεν
645 1570 688 1597 ἐπ’
708 1570 783 1596 οὐδὲν
804 1569 926 1605 ἕτερονῆ
947 1570 993 1596 ἐπὶ

205 1620 254 1654 τὴν
275 1617 422 1654 θεραπείαν
441 1617 488 1644 καὶ
507 1616 611 1642 ἱκεσίαν
631 1615 677 1642 τοῦ
697 1615 756 1646 ἐνὸς
780 1615 878 1641 αἰτίου.
896 1614 992 1640 Καίτοι

205 1665 280 1693 δυσὶν
293 1664 417 1699 ἀδελφοῖς
431 1662 595 1698 ἀμφοτέροις
616 1662 743 1696 πονηροῖς
756 1662 785 1687 ἐν
805 1661 881 1696 μέρει
900 1669 991 1696 γημα-

207 1711 285 1745 μένη,
303 1709 429 1744 κουριδίῳ
447 1708 495 1743 μὲν
512 1707 549 1742 τῷ
568 1706 703 1742 προτέρῳ,
717 1706 756 1741 τῷ
770 1706 791 1733 δ’
812 1706 925 1742 ὕστερον
945 1706 992 1733 καὶ

205 1756 292 1791 ἔχοντι
313 1754 484 1786 ἐπιδικασίας
502 1754 586 1789 νόμῳ,
612 1753 708 1788 γενεὰν
727 1752 773 1779 τοῦ
797 1753 930 1788 προτέρου
954 1753 990 1787 μὴ

205 1801 408 1832 καταλιπόντος,
431 1799 488 1826 ἀλλ’
512 1799 597 1834 ὅμως,
618 1796 782 1833 ἀκηλίδωτον
806 1797 990 1832 διαφυλάξασα

204 1848 249 1875 τὸν
266 1847 364 1882 ἑαυτῆς
382 1847 449 1881 βίον,
465 1846 558 1880 ἴσχυσε
580 1845 627 1871 καὶ
643 1844 834 1880 προσηκούσης
850 1845 905 1874 τοῖς
924 1845 991 1877 ἀγα-

205 1894 259 1925 θοῖς
271 1893 408 1928 εὐφημίας
424 1891 570 1926 ὲπιλαχεῐν,
584 1890 699 1921 καὶτοῖς
716 1889 773 1924 μεθ’
788 1889 872 1924 αὐτὴν
889 1889 990 1915 ἅπασιν

203 1939 342 1974 εὐγενείας
355 1938 425 1974 ἀρχὴ
439 1936 564 1972 γενέσθαι
593 1935 663 1962 Ἀλλ’
679 1935 747 1970 αὕτη
761 1935 808 1970 μὲν
819 1936 842 1961 εἰ
857 1935 904 1962 καὶ
918 1935 991 1961 ἀλλό-

205 1985 296 2019 φυλος,
310 1985 366 2011 ἀλλ’
385 1983 431 2011 οὖν
447 1992 479 2018 γε
491 1982 620 2018 ἐλευθέρα
639 1983 685 2009 καὶ
701 1982 730 2015 ἐξ
747 1981 895 2018 ἐλευθέρων
913 1980 988 2013 ἴσως,

204 2031 252 2057 καὶ
265 2031 314 2057 οὐκ
331 2031 456 2065 ἀσήμων.

239 2075 307 2103 lbid.
326 2076 380 2103 Kal
397 2075 446 2102 διὰ
462 2075 618 2109 πονηρίαν.
635 2075 701 2108 Qua-
717 2074 799 2102 fuerit
815 2074 873 2102 haec
887 2075 988 2101 malitia

203 2122 246 2149 vel
273 2121 403 2156 iniquitas
422 2119 485 2152 Her,
501 2128 588 2155 neque
608 2120 750 2155 Scriptura
775 2121 920 2155 expressit.
939 2128 988 2147 nec

203 2171 308 2195 certum
333 2167 434 2202 aliquid
458 2167 541 2194 statui
562 2170 652 2202 potest
671 2166 706 2193 ob
732 2167 821 2194 varias
845 2171 987 2193 auctorum
1006 2173 1027 2202 υ

202 2215 361 2243 sententias.
382 2214 562 2249 Augustinus,
579 2213 625 2241 lib.
649 2221 707 2240 xm
729 2218 823 2240 contra
847 2212 988 2245 Faustum,

203 2268 262 2296 cap.
284 2260 329 2292 St,
347 2260 494 2295 significat,
513 2265 653 2295 peccatum
668 2259 728 2294 ejus
744 2259 830 2287 fuisse
845 2259 989 2286 crudelita-

203 2308 238 2335 tis
252 2311 279 2334 et
305 2307 427 2334 saevitia.
451 2306 505 2333 A-lii
522 2307 726 2341 conjectarunt,
744 2305 830 2334 fuisse
846 2309 988 2340 peccatum

202 2357 298 2380 contra
315 2357 453 2385 naturam,
476 2353 548 2388 quod
570 2353 740 2386 admittebat,
765 2353 881 2380 abutens
906 2359 991 2378 uxore

201 2405 277 2427 extra
293 2407 341 2426 vas
358 2399 500 2428 muliebre.
523 2399 700 2427 Hebraeorum
722 2399 832 2426 traditio
847 2402 900 2430 est,
917 2398 938 2425 Τ
942 2399 989 2425 lia-

202 2453 260 2472 mar
279 2445 364 2473 fnisse
379 2446 589 2481 pulcherrimam
604 2447 743 2478 feminam,
755 2453 870 2480 eamque
885 2445 990 2480 perdite

202 2492 355 2519 adnotatum
377 2500 438 2519 esse
464 2492 497 2519 ab
521 2491 586 2519 ller.
610 2491 662 2525 Qui
684 2500 738 2527 quo
757 2491 861 2518 diutius
885 2491 988 2518 illibata

203 2537 263 2572 ejus
283 2538 482 2573 pulchritudine
505 2538 556 2566 frui
574 2543 676 2574 posset,
692 2539 782 2566 sciens
799 2546 848 2573 per
866 2538 989 2573 gravida-

204 2585 292 2612 liones
308 2589 334 2612 et
354 2591 447 2619 partus
468 2585 647 2612 deﬂorescere
660 2585 797 2615 decorem,
810 2589 837 2612 et
859 2589 987 2612 venusta—

203 2635 255 2658 tem
282 2631 456 2663 muliebrem,
480 2632 508 2658 in
532 2631 733 2666 congrediendo
760 2638 822 2658 cum
849 2631 985 2663 Thamar,

199 2676 354 2704 effundebat
369 2685 460 2706 semen
473 2683 550 2705 extra
564 2686 611 2705 vas
630 2678 711 2709 illius,
727 2685 760 2704 nc
775 2678 910 2713 gravidari
924 2685 987 2712 pos-

200 2725 250 2748 set.
269 2721 344 2748 Hanc
357 2727 468 2750 secutus
480 2728 522 2750 est
537 2723 693 2757 Cajetanus.
708 2731 757 2750 nec
779 2723 885 2750 videtur
904 2724 938 2749 ab
954 2730 986 2749 ca

200 2766 375 2795 abhorruisse
384 2767 502 2796 Joannes
513 2768 673 2801 Cassianus,
684 2769 831 2796 collatione
837 2769 863 2801 8,
871 2775 930 2802 cap.
941 2768 984 2798 ll.

199 2812 231 2841 dc
245 2817 358 2847 peccato
370 2814 456 2842 Onam
469 2815 552 2843 verba
567 2815 680 2849 faciens,
697 2815 844 2843 verisimile
856 2814 929 2842 enim
942 2819 984 2841 est

1050 189 1170 215 Thamar
1196 192 1222 215 et
1248 187 1415 215 scortatione
1436 184 1512 212 Judaa
1533 185 1641 220 prolixe
1665 188 1800 211 narratur
1812 185 1838 212 in

1050 233 1214 261 Testamento
1227 232 1260 259 12
1273 231 1497 266 patriarcharum,
1511 238 1571 266 cap.
1586 231 1614 257 5.

1083 288 1165 320 Ibid.,
1189 289 1236 315 lin.
1262 289 1306 315 50.
1328 287 1465 322 Ἑξέχεεν
1486 286 1536 314 ἐπὶ
1563 286 1629 320 τῆς.
1654 287 1838 322 Augustinus.

1049 335 1096 363 lib.
1119 342 1175 362 xxtt
1200 340 1292 362 comra
1309 334 1452 366 Faustum,
1471 341 1532 368 cap.
1548 333 1592 366 84,
1609 333 1735 368 pejor-em
1760 333 1840 360 fuisse

1049 381 1114 414 ller,
1129 389 1210 417 quam
1233 381 1339 413 Onam;
1361 381 1436 407 illum
1455 379 1542 407 fuisse
1563 380 1731 414 malignum,
1749 383 1778 405 et
1794 386 1841 405 saa-

1049 435 1124 459 vum,
1135 433 1163 454 et
1173 435 1301 462 peccasse
1316 427 1457 459 nocendo;
1472 425 1545 453 hunc
1556 432 1699 460 peccasse.
1711 424 1840 458 prodesse

1048 477 1075 500 et
1096 473 1193 508 juvare
1209 473 1335 500 nolendo.
1359 472 1470 500 Pererio
1485 472 1640 507 oppositum
1667 470 1840 506 probabilius

1048 519 1165 552 videtur,
1178 527 1239 546 cum
1251 518 1394 553 Scriptura
1409 518 1462 545 Her
1475 518 1591 552 appellet
1603 524 1737 551 nequam,
1756 514 1840 542 Onam

1048 574 1112 593 vero
1127 566 1328 597 detestandum,
1345 564 1418 600 quod
1432 572 1489 591 rem
1512 563 1704 591 detestabilem
1728 562 1837 594 faceret,

1048 613 1121 648 quod
1145 614 1280 649 gravioris
1302 612 1426 639 criminis
1452 614 1517 637 nota
1545 614 1599 637 est.
1622 609 1730 636 Deinde
1756 608 1839 635 Onam

1047 659 1171 694 exemplo
1186 659 1337 693 puuitionis
1354 657 1481 684 fraterna).
1497 656 1583 682 noluit
1596 655 1776 689 resipiscere,
1792 661 1839 681 nec

1047 705 1195 734 deterritus
1211 704 1355 736 abstinuit,
1371 703 1411 730 vel
1429 710 1444 729 a
1460 702 1555 735 simili,
1572 703 1614 728 vel
1627 709 1642 727 a
1660 701 1763 735 majori
1777 708 1839 736 per.¥

1047 756 1118 779 cato.
1134 751 1267 778 Praeterea
1285 750 1338 776 ller
1352 749 1474 785 peccavit
1487 748 1643 775 inordinata
1657 747 1776 774 libidine
1795 747 1839 774 de-

1048 796 1203 824 lectationis
1222 804 1353 828 veneteze,
1368 794 1453 822 Onam
1470 795 1588 828 maligna
1604 792 1710 820 invidia
1726 793 1838 819 fraterni

1050 843 1124 875 boni,
1156 851 1190 870 ne
1223 841 1422 877 primogenitus
1449 847 1516 868 suus
1540 839 1737 874 assignaretur
1760 838 1838 866 fratri

1047 896 1107 915 SUO.

1081 953 1140 981 Col.
1155 953 1219 985 769,
1238 952 1286 980 lin.
1310 951 1353 979 12.
1375 952 1422 985 Ὦς
1442 952 1469 978 δ’
1488 952 1686 986 ἀποστείλας.
1713 951 1839 979 Historia:

1046 1001 1127 1035 hujus
1143 1001 1341 1036 perelegantcm
1363 999 1521 1033 allegoriam
1541 999 1626 1027 habes
1648 1000 1723 1035 apud
1748 999 1838 1026 Philo-

1046 1055 1118 1078 nem,
1139 1046 1188 1074 lib.
1205 1046 1274 1079 Περὶ
1288 1045 1438 1080 φυγάδων,
1455 1053 1534 1080 quem
1547 1045 1619 1073 vide.

1080 1101 1159 1133 lbid..
1174 1102 1222 1128 litt.
1242 1101 1287 1128 55.
1313 1100 1370 1135 Τῆς
1392 1101 1542 1135 ἀχράντου
1558 1103 1684 1136 Μαρίας.
1708 1101 1839 1130 Insulsis-

1046 1148 1106 1175 SlEl'll
1136 1147 1320 1174 Mallumelani
1348 1147 1460 1174 lllariam
1486 1148 1702 1181 sanctissimam,
1726 1154 1755 1176 et
1777 1157 1837 1184 quae

1045 1194 1183 1222 Christum
1207 1194 1289 1222 Deum
1310 1194 1424 1228 peperit,
1446 1202 1565 1221 SOI‘OI‘Cm
1584 1194 1686 1230 Moysis
1709 1200 1734 1222 et
1754 1196 1840 1223 Aaro-

1046 1241 1089 1267 nis
1103 1240 1215 1267 faciunt.
1232 1239 1404 1274 Euthymius,
1424 1239 1450 1266 in
1468 1239 1618 1274 Panoplia:
1634 1241 1690 1267 Καὶ
1708 1241 1750 1267 ὃτι
1763 1242 1778 1267 ὁ
1789 1242 1839 1268 Λό-

1046 1294 1093 1321 γος
1108 1287 1154 1313 τοῦ
1178 1286 1256 1319 Θεοῦ,
1275 1287 1321 1313 καὶ
1340 1285 1371 1312 τὸ
1392 1286 1503 1321 Πνεῦμα
1524 1287 1616 1318 αὐτοῦ,
1641 1287 1739 1313 κτιστά
1762 1287 1838 1318 ὂντα,

1045 1333 1170 1368 εἰσῆλθεν
1187 1333 1227 1364 εἰς
1243 1332 1351 1368 Μαρίαν
1366 1331 1414 1367 τὴν
1438 1331 1553 1368 ἀδελφὴν
1574 1333 1697 1364 Μωσέως
1715 1334 1764 1359 καὶ
1775 1333 1839 1359 Ἀα-

1048 1376 1112 1414 ρὼν,
1137 1378 1184 1404 καὶ
1211 1378 1355 1413 ἐγέννησεν
1377 1377 1445 1413 αὕτη
1471 1378 1532 1412 δίχα
1556 1378 1712 1413 σπέρματος
1728 1378 1838 1413 Ἰησοῦν

1046 1425 1092 1452 τὸν
1118 1424 1245 1460 Χριστὸν,
1271 1425 1422 1460 προφήτην,
1450 1424 1497 1450 καὶ
1522 1423 1612 1450 δοῦλον
1639 1426 1773 1459 γεγονότα
1791 1423 1840 1452 τοῦ

1047 1469 1124 1497 Θεοῦ.
1154 1469 1186 1496 Ει
1208 1470 1235 1497 in
1260 1469 1355 1496 ordine
1375 1470 1420 1504 qui
1448 1473 1571 1496 servatur
1593 1477 1674 1505 super
1698 1471 1731 1497 iis
1754 1472 1803 1505 qui
1824 1481 1839 1498 ει

1047 1516 1191 1543 Saracenis
1210 1516 1244 1542 ad
1264 1514 1480 1543 Christianorum
1499 1516 1577 1542 fidem
1602 1524 1631 1543 se
1649 1522 1838 1545 convertunt:

1053 1561 1255 1596 ’Λναθεματίζω
1267 1561 1315 1597 τὴν
1330 1561 1376 1588 τοῦ
1395 1561 1516 1595 Μωάμεδ
1529 1561 1662 1596 φλυαρίαν
1675 1563 1724 1597 τὴν
1741 1562 1841 1596 λέγου-

1046 1617 1102 1638 σαν,
1119 1608 1159 1634 ὃτι
1175 1608 1189 1633 ὁ
1212 1607 1314 1642 Κύριος
1338 1607 1385 1634 καὶ
1406 1607 1471 1638 Θεὸς
1492 1607 1594 1641 Ἰησοῦς
1614 1609 1628 1634 ὁ
1644 1607 1764 1644 Χριστὸς
1785 1607 1838 1635 ﬁfth

1045 1652 1154 1687 Μαρίας
1166 1653 1214 1687 τῆς
1236 1652 1353 1686 ἀδελφῆς
1370 1651 1416 1677 τοῦ
1437 1651 1559 1684 Μωσέως
1574 1652 1621 1678 καὶ
1641 1652 1746 1688 Ἀαρὼν
1762 1653 1839 1686 ἐγενο

1045 1698 1112 1734 νήθη
1126 1697 1189 1724 ἄνευ
1207 1697 1311 1732 σπορᾶς
1331 1698 1362 1723 ἐκ
1381 1696 1427 1723 τοῦ
1451 1697 1537 1730 Λόγου
1560 1696 1606 1723 τοῦ
1629 1697 1698 1724 Θεοῦ
1723 1699 1773 1724 καὶ
1791 1697 1837 1726 τοῦ

1045 1743 1211 1778 Πνεύματος.
1239 1743 1305 1776 Quis
1332 1743 1401 1770 lianc
1434 1744 1626 1779 ἀνιστορησίαν
1654 1746 1834 1775 somniasset,

1044 1788 1096 1815 nisi
1120 1788 1264 1819 .‘lloameth.
1280 1793 1304 1816 et
1321 1793 1396 1823 pater
1417 1788 1475 1823 ejus
1490 1787 1634 1816 diabolus?
1651 1789 1777 1824 Spatium
1793 1792 1835 1818 bis

1044 1834 1117 1860 mille
1137 1841 1270 1860 annorum
1290 1834 1360 1861 inter
1385 1834 1495 1860 Mariam
1519 1842 1641 1862 sororem
1668 1836 1783 1870 Moysis,
1808 1842 1835 1865 et

1044 1879 1154 1908 Mariam
1171 1888 1231 1915 qua:
1243 1880 1383 1907 Christum
1400 1881 1512 1915 peperit,
1534 1881 1697 1908 intercessit.
1712 1881 1771 1910 Nec
1784 1884 1837 1910 mi-

1043 1935 1095 1953 nus
1111 1925 1350 1961 reprehendendus
1365 1931 1407 1953 est
1422 1924 1581 1954 Fridericds
1598 1926 1774 1963 Sylburgius,
1788 1930 1836 1963 qui

1043 1973 1115 1999 notis
1129 1973 1156 1999 in
1173 1972 1347 2003 Saracenica,
1364 1972 1398 1999 de
1416 1972 1576 2000 adoratione
1595 1973 1744 2008 imaginum
1763 1976 1836 2003 male

1042 2018 1163 2045 sentiens
1177 2023 1256 2052 negat
1268 2017 1453 2045 adorationem
1465 2017 1557 2046 deberi
1571 2019 1655 2046 beata:
1671 2019 1765 2047 Maria:
1780 2021 1836 2047 vin-

1042 2063 1108 2099 gini,
1123 2063 1203 2098 idque
1218 2063 1286 2090 locis
1307 2063 1471 2098 quibusdam
1487 2065 1574 2091 sancti
1595 2064 1736 2099 Epiphanii
1761 2067 1835 2094 male

1043 2111 1076 2137 ab
1088 2110 1147 2145 ipso
1164 2109 1318 2137 intellectis.
1330 2108 1356 2136 ls
1371 2109 1441 2136 enim
1454 2110 1492 2137 uti
1507 2109 1674 2137 Calviniana:
1689 2116 1772 2138 secta:
1785 2112 1834 2138 ad-

1043 2156 1131 2184 dictus
1146 2156 1262 2191 sparsim
1276 2155 1303 2182 in
1319 2155 1372 2183 illis
1390 2156 1463 2182 notis
1486 2156 1602 2183 latenter
1613 2160 1640 2183 et
1656 2156 1773 2185 subdole
1787 2165 1833 2185 ve-

1042 2211 1142 2230 nenum
1158 2202 1283 2234 effundit,
1308 2202 1379 2229 sicut
1401 2206 1428 2228 et
1446 2203 1574 2237 superius
1597 2201 1630 2229 de
1654 2207 1833 2231 sacramento

1042 2249 1218 2277 Eucharistiaa
1239 2253 1330 2284 egerat
1353 2252 1379 2275 et
1400 2248 1427 2275 in
1449 2248 1509 2282 ipso
1530 2248 1632 2275 lumine
1647 2249 1791 2281 cmcutire,
1805 2255 1831 2278 et

1041 2296 1130 2331 palam
1154 2295 1289 2322 mendacii
1305 2302 1385 2329 posse
1413 2294 1538 2321 convinci
1566 2302 1620 2321 non
1647 2300 1780 2329 veretur;
1806 2301 1830 2323 at

1040 2343 1104 2369 dum
1119 2349 1222 2369 venena
1235 2345 1354 2377 spargat.
1370 2349 1430 2376 quae
1446 2341 1577 2370 inliciant.
1590 2349 1688 2375 parum
1704 2343 1741 2368 illi
1759 2351 1831 2370 cura:

1040 2393 1091 2420 est,
1108 2389 1130 2416 si
1146 2395 1221 2416 suam
1239 2388 1267 2414 in
1287 2387 1469 2422 scriptoribus
1491 2387 1675 2421 intelligendis
1691 2387 1829 2416 inscitiam

1040 2434 1195 2470 patefaciat.
1211 2433 1277 2460 Vide
1292 2433 1380 2468 ipsum
1399 2441 1428 2468 p.
1445 2432 1496 2459 156
1515 2437 1541 2460 et
1557 2432 1618 2460 l58.
1640 2433 1721 2466 Quod
1736 2434 1760 2461 si
1778 2443 1829 2462 non

1039 2485 1081 2508 est
1095 2481 1238 2510 invertere,
1254 2483 1478 2512 transversosque
1491 2485 1569 2512 agere
1582 2477 1681 2506 Patres
1694 2483 1723 2505 et
1735 2487 1829 2506 eorum

1040 2526 1200 2557 sententias,
1217 2524 1281 2560 quid
1302 2524 1371 2552 erit?
1389 2524 1451 2551 Hmc
1471 2524 1532 2551 ideo
1550 2524 1680 2550 adnotavi
1700 2512 1736 2552 ut.
1752 2530 1830 2552 notas

1039 2573 1099 2600 illas
1117 2576 1195 2599 caute
1210 2572 1295 2598 lector
1310 2574 1462 2606 percurrat.

1074 2627 1141 2654 lbid.
1165 2626 1221 2661 Τῆς
1239 2626 1401 2661 ἀχράντου.
1422 2626 1487 2658 Quae
1507 2630 1563 2653 tota
1580 2627 1698 2662 pulchra
1715 2632 1770 2661 est,
1782 2635 1828 2655 nec

1037 2675 1120 2701 ullam
1134 2673 1251 2700 admittit
1267 2673 1378 2699 omnino
1394 2674 1537 2700 maculam.
1552 2673 1579 2699 ln
1592 2681 1653 2699 eam
1671 2674 1793 2701 ltmniles
1806 2679 1828 2701 et

1037 2721 1137 2752 devoti,
1154 2720 1212 2747 haec
1227 2720 1351 2755 quamvis
1368 2719 1515 2755 incompta.
1530 2719 1628 2746 alfcclu
1644 2724 1738 2747 tamen
1752 2721 1827 2754 plena

1037 2767 1197 2794 cecinimus.
1218 2766 1283 2799 Quae
1299 2767 1358 2797 tibi,
1372 2766 1468 2799 lector,
1487 2765 1681 2802 φιλοπαρῦένῳ
1708 2774 1766 2794 non
1788 2765 1816 2794 ἰοὶ

1037 2819 1112 2849 grata
1129 2813 1186 2841 fore
1201 2813 1398 2841 existimamus.
