1897 3073
229 99 298 127 {039

895 101 1018 129 LEONIS
1037 102 1174 129 ALLATll

1793 107 1853 134 ιοιυ

227 158 342 186 Mariam
364 158 453 193 stupri
476 163 503 186 et
523 158 659 194 sacrilegii
677 163 821 187 accusatos
847 168 880 187 ex
905 161 1000 188 decreti

1068 169 1122 197 ρων
1147 161 1282 189 ἐκώλυσεν
1309 163 1482 198 ἐντυγχάνειν
1510 164 1601 196 αὐτοῖς
1623 165 1722 200 ὥσπερ
1744 166 1777 200 τῇ
1801 165 1854 202 θείᾳ

227 206 398 234 sacerdotum
414 206 497 233 simul
516 206 601 234 fuisse
616 207 728 235 adactos
748 207 782 234 ad
798 207 945 235 bibendum
967 215 1017 242 pn-

226 254 317 280 culum
333 252 534 286 redargutionis
546 260 601 288 quo
614 253 721 289 Moyses
732 254 868 288 explorari
880 254 963 288 jussit
979 253 1018 280 in-

226 300 381 326 nocentiam
401 298 510 326 femina:
524 299 557 326 de
574 299 709 327 adulterio
734 303 878 335 suspectae.
898 300 1016 335 Epipha-

225 347 288 372 nius
308 345 459 372 monachus
480 349 508 372 et
533 345 676 381 presbyter
692 346 784 373 libello
805 345 839 373 de
861 346 914 372 vita
931 346 1015 373 beata:

226 392 316 420 Maria:
332 392 446 427 virginis
458 391 589 419 Iacobum
603 392 676 418 hunc
693 392 759 419 dicit
780 391 865 419 fuisse
878 391 1013 422 Judaeum,

224 443 251 466 et
264 439 358 466 iisdem
371 446 432 465 cum
445 437 556 473 Virgine
569 437 738 472 temporibus
752 438 853 465 vixisse
867 447 873 464 :
890 438 926 464 ita
941 437 1014 465 enim

224 486 258 513 de
273 493 306 513 eo
321 485 496 520 pronuntiat:
515 484 593 510 Ἀλλά
611 485 656 510 καὶ
672 485 697 510 οἱ
720 484 942 519 ἐπιχειρήσαντες
966 484 1012 510 καὶ

225 531 295 566 μέρη
323 530 384 557 τινὰ
403 530 525 560 εἰπόντες
545 530 595 556 οὐκ
615 528 845 564 ὸρθοτομήσαντες
867 529 935 564 ἀμφ’
949 530 1012 555 ἑαυ-

221 579 278 609 τοῖς
292 577 419 611 γεγόνασι
433 576 590 611 κατήγοροι,
604 572 655 602 οἷοι
667 574 793 606 Ἰάκωϐος
813 574 948 610 Ἐϐραῖος,
967 575 1013 601 καὶ

229 622 431 658 Ἀφροδισιανδς
455 622 572 657 Πέρσης,
596 622 643 647 καὶ
662 620 736 648 ἄλλοι
746 620 829 652 τινὲς,
847 620 926 656 μόνον
949 621 1013 656 περὶ

221 669 271 702 τῆς
289 667 422 702 γενέσεως
439 667 526 701 αὐτῆς
548 666 688 698 εἰπόντες,
713 666 814 698 εὐθέως
844 666 1010 702 ἐσιώπησαν.

221 713 290 748 Περὶ
302 713 330 740 δὲ
350 713 399 748 τῆς
416 713 570 748 κοιμήσεως
591 712 676 747 αὐτῆς
697 711 822 747 Ἰωάννης
840 713 854 738 ὁ
874 711 1011 739 Θεσσαλο-

220 760 328 791 νικεὶις,
355 758 568 793 πολυθρύλλητον
593 757 776 793 ποιησάμενος
799 757 876 791 λόγον
893 777 900 790 ,
931 757 1012 788 αὐτὸς

220 806 316 833 ἑαυτὸν
340 804 496 832 ἐπεσκίασε.
515 804 570 830 Καὶ
596 804 689 839 ἕτερος
711 803 738 829 δὲ
768 803 908 839 Ἰωάννης,
930 803 1011 830 αὑτὸν

1068 206 1147 243 λοιπῇ
1167 208 1271 244 Γραφῇ.
1289 209 1344 235 Καὶ
1354 210 1437 245 ἡμεῖς
1452 210 1501 241 τάς
1516 210 1737 246 περιγραφείσας
1749 211 1854 247 χρήσεις

1067 254 1136 290 ὑπὲρ
1150 254 1197 281 τοῦ
1217 255 1301 288 δεῖξαι
1318 256 1398 291 μόνον
1413 255 1462 291 τὴν
1478 256 1532 283 τῶν
1548 257 1711 293 ἐγρηγόρων
1733 258 1855 292 παράϐα-

1068 308 1119 331 σιν,
1136 300 1181 326 ml.
1195 301 1244 336 τὴν
1266 301 1320 328 τῶν
1334 302 1470 336 γιγάντων
1493 302 1631 337 ἀσέϐειαν,
1654 303 1720 338 περὶ
1735 302 1769 339 ἧς
1787 304 1854 330 καἰὸ

1067 347 1137 378 θεῖος
1150 348 1269 383 Μωῡσῆς
1285 349 1429 383 μέμνηται,
1445 348 1493 375 καὶ
1506 349 1546 375 ὅτι
1562 348 1595 374 δι’
1612 349 1712 380 αὐτοὺς
1726 350 1741 375 ὁ
1763 356 1853 382 κοσμι-

1066 392 1112 424 κὸς
1133 393 1227 427 γέγονε
1248 394 1436 429 κατακλυσμὸς
1460 394 1644 430 παρεθέμεθα.
1672 394 1748 421 Bene
1766 395 1853 429 itaque

1066 442 1155 464 actum
1179 445 1241 464 cum
1267 438 1318 465 hoc
1333 442 1456 470 auctore,
1471 447 1532 465 cum
1550 438 1712 466 Eustathius
1732 440 1851 471 omissis.

1064 488 1091 511 et
1105 484 1274 512 detruncatis
1291 485 1335 515 iis,
1349 492 1410 519 quae
1427 485 1518 512 fucum
1535 485 1625 513 facere
1640 492 1767 520 possent,
1780 487 1852 513 utilia

1065 533 1169 556 tantum
1187 530 1324 566 decerpsit
1343 531 1442 558 devoto
1466 531 1571 562 lectori.
1594 530 1775 567 Virginisque
1796 536 1851 560 stu-

1065 575 1143 603 dioso
1158 584 1211 603 non
1228 577 1414 610 incommoda;
1429 578 1494 612 quin
1514 578 1582 604 tanti
1595 577 1686 605 Patris
1700 580 1851 607 auctoritas

1065 621 1171 655 pondus
1198 621 1248 653 illi,
1267 626 1294 649 et
1309 624 1501 650 auctoritatem
1523 623 1609 655 addit,
1628 624 1770 659 pmcipue
1791 632 1849 652 cum

1064 667 1131 693 nihil
1148 667 1183 694 sit
1199 675 1232 694 ex
1256 668 1300 699 iis,
1318 676 1378 703 qua:
1397 669 1441 696 hic
1463 668 1629 701 referuntur,
1646 670 1722 704 quod
1741 671 1783 697 vel
1800 670 1847 698 Ec-

1062 711 1151 739 clesiae
1168 714 1208 740 vel
1221 713 1279 748 ejus
1300 715 1457 742 auctoritati
1473 716 1641 742 contrarium
1668 717 1716 746 sit.
1740 716 1797 743 imo
1812 722 1849 745 te-

1063 759 1200 786 stimoniis
1223 761 1356 796 dictisque
1380 761 1495 788 aliorum
1520 761 1633 789 Patrum
1658 766 1686 790 et
1701 763 1846 791 historico-

1063 805 1224 832 rum‘omnia
1249 805 1304 833 sint
1328 811 1521 834 consentanea.
1551 805 1644 842 quue
1674 808 1807 836 libentius
1822 809 1846 836 in

219 852 343 886 θεολόγον
357 850 524 886 ὲπιχρώσας,
540 850 601 876 τότε
616 849 730 884 ψεύδους
751 849 876 885 ἔγκλημα
891 849 933 884 ἐφ’
948 850 1000 875 ὲαυ-

1060 849 1129 876 hanc
1145 850 1230 877 ducor
1246 853 1419 884 sententiam,
1437 859 1498 879 cum
1514 851 1621 879 videant
1639 860 1695 879 non
1714 853 1820 880 laudari
1833 862 1845 880 a

217 898 263 925 τὸν
289 897 472 924 ἐπεσπάσατο.
506 896 632 932 Ἀνδρέας
657 896 685 922 δὲ
706 897 720 922 ὁ
743 895 773 927 ἐξ
800 895 1006 931 Ἰεροσολύμων,

218 945 367 976 ἐπίσκοπος
384 944 507 980 Κρήτης,
530 942 609 977 ὀλίγα
630 942 691 969 τινὰ
712 941 807 973 εἰπὼν,
833 942 880 968 καὶ
901 941 1010 977 ὀρθοτο-

219 991 310 1026 μήσας
324 991 363 1021 εἰς
382 989 520 1024 ὲγκωμίου
530 987 607 1020 τάξιν
617 988 665 1023 τὴν
682 988 807 1023 διήγησιν
824 987 947 1022 ἔστησεν.
964 986 1007 1020 Ει,

217 1037 356 1064 nonnullis
370 1035 519 1071 interjectis
535 1043 543 1062 ι
557 1035 713 1066 Ἀθανάσιος
725 1034 753 1061 δὲ
766 1036 779 1061 ὁ
795 1034 1005 1069 ’Λλεξανδρείας,

217 1084 264 1110 καὶ
276 1083 352 1109 Λέων
364 1083 378 1109 ὁ
402 1082 522 1117 Ῥώμης,
540 1081 661 1113 εἰπόντες
674 1081 738 1116 περὶ
748 1081 843 1116 αὐτῆς,
859 1081 900 1107 ὅτι
913 1080 1007 1106 ἐπιθυ-

218 1129 282 1164 μίαν
308 1128 404 1163 ἀνδρὺς
425 1128 553 1163 ἠγνόησε,
567 1127 615 1154 καὶ
640 1127 668 1153 αἱ
698 1126 773 1160 ἅγιαι
797 1127 882 1152 πᾶσαι
905 1125 1007 1151 σύνοδοι

215 1175 350 1212 όρθόδοξοι
376 1174 406 1200 τὸ
430 1174 496 1201 αὐτὸ
515 1172 756 1209 ἐπιμαρτυροῦσιν.
786 1169 848 1199 Οἶον
880 1171 1006 1204 Ἰάκωϐος

222 1223 356 1258 Ἐϐραῖος,
373 1222 433 1248 τότε
452 1219 558 1255 παρὼν,
576 1221 623 1246 καὶ
650 1219 686 1246 τὰ
706 1219 769 1254 περὶ
791 1219 873 1254 αὐτὴν
888 1218 1005 1254 γράψας,

172 1292 174 1295 ,
215 1269 300 1302 λέγει,
316 1268 367 1299 ὅτι,
384 1267 428 1293 eo;
440 1266 470 1292 τὸ
491 1265 616 1300 γενέσθαι
630 1265 706 1298 ξένον
720 1265 766 1291 καὶ
778 1264 1007 1300 παρηλλαγμένον

215 1315 287 1342 κατὰ
312 1314 401 1341 πάντα
425 1313 471 1339 τὸν
499 1312 625 1343 τοκετδν,
652 1311 852 1346 ψηλαφισθεῖσα
883 1311 936 1338 ὑπὸ
957 1311 1006 1346 τῆς

217 1362 310 1397 μαίας,
336 1359 434 1395 εὑρέθη
458 1358 602 1394 παρθένος,
628 1358 665 1389 ὡς
689 1358 742 1393 πρὸ
767 1357 813 1383 τοῦ
837 1357 935 1383 τόκου·
960 1357 1006 1384 καὶ

221 1406 326 1433 Ῥουϐὶν
340 1405 369 1432 δὲ
384 1406 397 1431 ὁ
413 1405 501 1440 ἱερεὺς
529 1403 607 1430 τοῦτο
623 1403 877 1439 ὲπεξεργασάμενος
901 1402 945 1429 διὰ
957 1403 1006 1438 τῆς

214 1451 324 1487 Μαρίας
341 1450 563 1486 ὲπληροφορήθη,
583 1449 720 1484 Quidquid
748 1453 839 1476 tamen
866 1449 911 1480 sit,
939 1449 1005 1476 illud

215 1499 390 1526 verissimum
414 1502 467 1528 est,
492 1497 624 1532 scriptum
641 1496 692 1523 hoc
709 1503 771 1523 esse
796 1495 951 1529 antiquum,
976 1499 1003 1522 et

215 1545 394 1572 circumcirca
427 1543 612 1573 apostolorum
645 1546 767 1577 tempora
802 1542 999 1576 conscriptum.

214 1591 269 1620 Nec
283 1591 406 1622 dubium,
423 1590 451 1617 in
465 1590 528 1621 hoc,
541 1589 612 1616 sicut
626 1592 652 1616 et
668 1589 695 1616 in
710 1588 804 1615 multis
815 1587 876 1615 aliis
891 1587 1000 1619 accidit.

214 1640 249 1668 ab
271 1639 407 1667 haereticis
431 1638 516 1665 multa
534 1637 620 1664 fuisse
646 1637 747 1663 inserta
770 1635 925 1662 astruendao
942 1642 1002 1669 pro—

215 1685 282 1720 pria:
311 1685 446 1711 hzereseos
463 1691 557 1716 causa,
581 1682 761 1716 veritatisque
783 1681 924 1707 catholica:
953 1680 1000 1707 de-

214 1731 361 1759 struendus.
384 1730 501 1765 Ideoque
515 1729 575 1764 ejus
589 1728 669 1756 lectio
682 1736 732 1756 nec
747 1727 874 1754 omnibus
890 1726 1002 1761 permit-

215 1778 304 1809 tenda,
319 1782 345 1804 et
362 1777 517 1811 quicunque
538 1775 662 1810 legerint,
677 1777 780 1801 attente
801 1772 866 1799 illud
891 1780 1001 1806 percur-

214 1828 284 1855 rent,
302 1832 336 1850 ne
359 1831 420 1858 qua:
443 1821 562 1849 haeretici
581 1819 711 1852 absurda,
727 1822 755 1847 et
779 1823 873 1846 contra
892 1818 1000 1844 divinas

214 1869 332 1896 Litteras
345 1868 427 1898 clam,
440 1867 589 1900 doloseque
600 1865 790 1896 disseminant,
806 1864 857 1898 ipsi
870 1867 1000 1898 tanquam

212 1921 277 1940 vera
292 1913 419 1940 hauriant
435 1916 462 1939 et
478 1912 606 1947 genuina.
623 1911 656 1938 de
679 1911 779 1945 quibus
795 1915 874 1937 caute
890 1909 956 1937 satis
973 1912 1001 1935 et

213 1959 346 1994 Georgius
366 1958 526 1994 Syncellus:
544 1957 637 1984 Ταῦτα
655 1957 704 1992 μὲν
727 1957 759 1983 ὲκ
774 1956 819 1982 τοῦ
836 1955 944 1991 πρώτου
961 1954 1001 1990 βι-

213 2003 288 2029 ϐλίου
310 2003 394 2038 Ἑνὼχ
408 2003 472 2038 περὶ
484 2002 537 2029 τῶν
551 2002 718 2037 ἐγρηγὸρων,
731 2002 755 2027 εί
769 2002 816 2028 καὶ
835 2000 871 2036 μὴ
891 2000 1000 2031 τελείως

213 2049 266 2085 χρὴ
285 2050 428 2085 προσέχειν
441 2049 621 2084 ἀποκρύφοις.
638 2048 754 2084 μάλιστα
775 2048 837 2078 τοὺς
852 2047 1000 2073 ἁπλουστέ-

213 2104 288 2132 ρους,
302 2095 346 2122 διά
362 2104 392 2122 τε
409 2095 440 2122 τὸ
458 2095 566 2130 κρυπτὰ
586 2103 647 2121 τινα
661 2094 709 2120 καὶ
727 2093 824 2129 ἀτριῦή
841 2093 889 2127 τῆς
903 2092 1001 2127 ἔκκλη-

213 2142 355 2177 σιαστικῆς
368 2141 540 2177 παραδόσεως
556 2141 636 2176 ἔχειν,
660 2140 706 2166 καὶ
722 2139 765 2166 διὰ
777 2139 808 2165 τὸ
827 2137 999 2165 νενοοεῦσθαι

1059 896 1322 929 nostro_Eustathio
1349 901 1478 933 tanquam
1507 906 1576 934 opus
1590 898 1686 926 Jacobi
1718 902 1844 935 apostoli,

1059 942 1106 970 sed
1123 943 1236 970 alterius
1251 943 1404 978 cujusdam,
1421 944 1494 979 quod
1509 945 1662 972 clarissime
1677 945 1845 980 signiﬁcatur

1058 987 1197 1016 additione
1216 989 1261 1016 illa
1288 998 1341 1021 τις,
1364 990 1490 1022 Ἰάκωϐος
1505 999 1548 1021 τις
1560 1010 1567 1021 ,
1586 990 1706 1018 Iacobus
1727 993 1842 1027 quidam.

1057 1034 1135 1067 Quod
1148 1035 1170 1062 si
1185 1036 1368 1063 existimassct
1378 1043 1440 1063 esse
1454 1038 1579 1071 apostoli,
1596 1045 1740 1073 nunquam
1758 1039 1844 1066 siluis-

1057 1085 1113 1112 set;
1129 1085 1165 1113 et,
1180 1081 1252 1115 quod
1267 1089 1321 1109 non
1338 1086 1380 1109 est
1396 1082 1510 1110 minoris
1531 1083 1672 1116 momenti,
1698 1084 1845 1119 Gregorius

1059 1125 1199 1160 Nyssenus
1222 1127 1256 1154 de
1282 1127 1425 1156 nativitate
1445 1128 1563 1164 Virginis
1588 1134 1722 1162 tractans,
1747 1139 1781 1157 ex
1797 1130 1843 1157 hoc

1057 1172 1148 1200 libello
1163 1174 1249 1201 multa
1267 1179 1405 1202 mutuatus
1424 1183 1485 1203 esse
1499 1176 1607 1203 videtur
1620 1177 1705 1203 tacito
1723 1178 1842 1204 auctoris

1057 1219 1175 1251 nomine,
1191 1219 1242 1247 etsi
1263 1219 1334 1247 inter
1356 1222 1510 1256 apocrypha
1533 1223 1657 1257 rejiciat;
1676 1222 1740 1257 ejus
1767 1223 1841 1250 verba

1056 1265 1191 1294 habentur
1208 1266 1279 1302 apud
1297 1266 1456 1302 Symeonem
1472 1268 1684 1304 Melaphrastem
1700 1269 1740 1296 De
1750 1271 1841 1297 nativi-

1057 1312 1155 1340 tate'et
1183 1313 1336 1340 educatione
1361 1313 1442 1342 beam
1468 1315 1563 1342 Maria;
1583 1315 1698 1350 Virginis
1712 1323 1722 1343 :
1742 1316 1841 1342 Αὐτίκα

1056 1358 1120 1392 γοῦν
1148 1359 1162 1385 ὁ
1189 1358 1259 1390 Θείος
1285 1359 1432 1395 Γρηγόριος
1458 1361 1487 1387 ὲν
1512 1361 1551 1396 τῷ
1574 1361 1656 1396 λόγῳ,
1677 1362 1707 1393 ὃς
1735 1363 1776 1393 εἰς
1798 1362 1841 1397 τὴν

1056 1404 1174 1440 Χριστοῦ
1192 1405 1316 1440 γέννησιν
1333 1406 1407 1441 αὐτῷ
1423 1407 1572 1443 συνετάχθη
1591 1408 1682 1434 τοιάδε
1703 1408 1770 1443 περὶ
1783 1409 1839 1434 ταὺ-

1055 1458 1104 1484 της
1118 1449 1295 1485 διαλαμὸάνει
1305 1459 1312 1465 ·
1335 1451 1467 1483 Ἤκουσα,
1485 1451 1582 1486 λέγων,
1597 1453 1761 1488 ἀποκρύφου
1775 1452 1839 1484 τινος

1057 1496 1175 1531 ἱστορίας
1184 1496 1294 1523 τοιαῦτα
1308 1498 1526 1534 παρατιθεμένης
1537 1498 1571 1524 τὰ
1581 1499 1644 1534 περὶ
1653 1499 1742 1535 αὐτῆς
1749 1499 1838 1534 διηγήε

1053 1550 1142 1577 ματαο
1156 1543 1304 1578 Ἐπίσημος
1312 1541 1354 1579 ἦν.
1363 1547 1415 1571 etc.
1429 1544 1493 1577 Quae
1505 1545 1622 1579 pessime
1631 1547 1666 1572 ita
1675 1546 1795 1573 reddidit
1803 1546 1838 1574 in-

1051 1592 1157 1624 terpres
1166 1598 1173 1617 :
1181 1589 1276 1616 Audivi
1284 1598 1420 1623 arcanam,
1432 1595 1456 1617 et
1464 1591 1592 1618 occultam
1603 1592 1749 1626 quamdam
1762 1592 1837 1619 histo—

1052 1635 1120 1661 riam
1129 1635 1194 1662 tales
1203 1635 1235 1662 de
1245 1644 1275 1662 ea
1286 1636 1436 1670 prodentem
1450 1637 1629 1669 narrationes,
1639 1645 1691 1664 nec
1700 1638 1775 1665 enim
1783 1638 1839 1664 dm}-

1051 1689 1154 1717 κρυφος
1184 1681 1210 1708 in
1235 1681 1374 1715 historiis,
1397 1690 1512 1713 arcana,
1540 1687 1567 1710 et
1594 1684 1704 1710 occulta
1728 1683 1838 1711 historia

1051 1732 1102 1754 est.
1118 1727 1186 1754 Puto
1204 1727 1275 1754 hunc
1297 1735 1357 1755 esse
1371 1727 1503 1755 Jacobum
1528 1729 1608 1764 cujus
1635 1729 1765 1756 meminit
1781 1727 1836 1756 Ori-

1051 1781 1134 1808 genes
1149 1773 1223 1800 hom.
1242 1773 1276 1800 l5
1289 1774 1315 1800 in
1329 1773 1496 1801 Matt/neum.

1086 1818 1145 1845 Col.
1161 1818 1222 1848 772,
1237 1818 1286 1845 lin.
1313 1819 1356 1845 5i.
1375 1819 1422 1845 Ἐν
1441 1819 1505 1852 ταῖς
1515 1819 1637 1853 φυλαῖς.
1654 1819 1693 1847 De
1716 1821 1770 1848 hoc
1785 1821 1840 1848 vide

1051 1863 1181 1891 Joannem
1208 1863 1421 1897 Damascenum.
1447 1865 1485 1892 De
1513 1865 1566 1899 ﬁde
1594 1866 1704 1895 orthad.
1732 1868 1781 1895 lib.
1807 1876 1838 1899 tv,

1051 1912 1133 1946 capit.
1152 1912 1202 1944 ll5;
1219 1912 1413 1947 Epiphanium,
1433 1913 1527 1940 hteres.
1543 1912 1587 1945 78,
1611 1912 1750 1941 adversus
1770 1914 1839 1942 Anti-

1052 1957 1290 1991 dicomarianitas;
1315 1961 1343 1985 et
1370 1957 1466 1985 haeres.
1496 1957 1529 1990 9,
1559 1958 1696 1987 adversus
1729 1960 1838 1996 Collyri-

1052 2002 1158 2030 dianos.

1087 2048 1166 2081 lbid.,
1179 2049 1227 2075 lin.
1237 2049 1281 2076 52.
1293 2048 1405 2083 Ἀνδρα
1420 2050 1580 2077 πλούσιον.
1595 2049 1724 2077 Joacliim
1735 2050 1837 2078 Patrem

1054 2095 1174 2130 Virginis
1181 2100 1209 2122 et
1217 2095 1339 2127 divitem,
1352 2099 1379 2123 et
1389 2095 1491 2122 sobolis
1498 2100 1636 2131 expertem
1649 2098 1776 2124 maximo
1784 2105 1837 2124 cum

1051 2140 1146 2168 dolore
1156 2140 1190 2168 ad
1201 2140 1284 2168 Deum
1293 2141 1449 2176 confugisse
1459 2142 1495 2168 ita
1507 2146 1600 2168 narrat
1609 2141 1766 2177 Gregorius
1776 2142 1837 2178 Nys-

211 2188 281 2216 αὑτὰ
293 2189 346 2215 ὑπὸ
364 2188 495 2215 Ἰουδαίων
504 2188 549 2214 καὶ
563 2187 715 2223 αἱρετικῶν.
732 2186 805 2220 Πλὴν
819 2185 865 2211 καὶ
880 2186 893 2211 ὁ
909 2185 996 2220 μακά·
1013 2189 1034 2215 ι)
1049 2194 1141 2217 senus,
1149 2186 1272 2213 oratione
1279 2187 1317 2218 (1,,
1327 2187 1421 2221 Ἐπὶση
1427 2195 1474 2222 μος
1481 2185 1515 2222 ἦν
1522 2188 1550 2214 ἐν
1558 2189 1590 2222 τῇ
1598 2188 1668 2214 κατὰ
1676 2188 1764 2223 νόμον
1770 2189 1837 2223 ἀκρι-

212 2244 270 2271 ριος
285 2234 391 2267 Παῦλος
414 2234 535 2265 σπανίως
551 2233 685 2269 ἐχρήσατό
702 2240 771 2258 τισιν
785 2232 814 2264 ἐξ
831 2229 996 2264 ἁποκρύφων

210 2280 395 2317 χρήσεσιν,ὼς
407 2280 471 2307 ὅταν
481 2280 562 2315 φησὶν
574 2279 603 2304 ὲν
614 2279 646 2313 τῇ
657 2277 723 2313 πρὸς
733 2276 891 2313 Κορινθίους
901 2275 997 2310 πρώτῃ

217 2327 360 2363 Ἐπιστολῇ
369 2327 403 2353 τὰ
413 2337 423 2352 ‹
434 2325 586 2361 Ὀφθαλμὺς
594 2325 643 2351 οὐκ
651 2322 764 2356 εἷδε,κα“ι
771 2322 818 2354 οὒς
828 2322 878 2348 οὐκ
885 2321 996 2356 ἢκουσε,

209 2373 257 2401 καὶ
269 2373 315 2400 ἐπὶ
329 2372 442 2408 καρδίαν
456 2371 599 2408 ἀνθρώπου
621 2371 671 2396 οὐκ
687 2368 781 2403 ἀνέϐη,
798 2378 807 2394 ι
826 2368 873 2394 καὶ
890 2366 922 2393 τὰ
935 2366 997 2401 ἑξῆς

215 2419 293 2446 Ἠλία
317 2418 494 2454 ἀποκρύφων.
516 2417 571 2444 Καὶ
588 2416 667 2442 πάλιν
682 2416 710 2442 ὲν
733 2415 765 2449 τῇ
783 2414 852 2449 πρὸς
875 2412 997 2443 Γαλάτας

209 2466 241 2492 ἐκ
262 2465 310 2500 τῆς
331 2464 469 2495 Μωῦσέως
484 2462 689 2497 ἀποκαλύψεως·
710 2469 720 2487 α
739 2461 806 2488 Οῠτε
822 2461 956 2496 περιτομή
971 2461 997 2487 τί

209 2512 282 2538 ἐστιν
294 2510 356 2537 οὒτε
373 2509 550 2546 ἀκροῦυστία,
566 2508 634 2535 ἀλλὰ
648 2507 728 2543 καινὴ
745 2507 843 2539 κτίσις.
868 2517 877 2532 ι
894 2507 949 2533 Καὶ
970 2507 998 2533 ὲν

210 2558 242 2592 τῇ
258 2557 326 2593 πρὸς
342 2556 481 2591 Ἐφεσίους
495 2557 527 2582 ἐκ
538 2555 590 2582 τῶν
613 2554 742 2590 Ἰερεμίου
764 2553 916 2588 λεγομένων
932 2554 998 2580 ἀπο-

210 2602 332 2637 κρύφων,
353 2611 361 2628 ι
384 2603 521 2637 Ἕγειραι,
533 2602 547 2628 ὸ
562 2600 710 2633 καθεύδων,
726 2600 772 2626 καὶ
788 2599 891 2626 ἀνάστα
908 2601 940 2626 ὲκ
956 2606 999 2626 vs-

210 2647 293 2682 κρῶν,
311 2649 358 2674 καὶ
375 2648 520 2682 ἐπιφαύσει
535 2656 575 2674 σοι
586 2647 600 2673 ὁ
613 2646 738 2682 Χριστός.
756 2655 765 2671 ι
785 2645 877 2675 Ταῦτα
892 2646 919 2672 δὲ
931 2647 998 2680 ἡμῖν

190 2720 199 2727 η
211 2693 315 2728 εἴρηται
331 2695 362 2720 οὐ
380 2694 446 2729 προς
471 2693 561 2720 ἄδειαν
585 2693 639 2719 τῶν
658 2692 825 2727 βουλομένων
843 2692 998 2726 ἀδιαφόρως

212 2738 399 2773 ἐντυγχάνειν·
418 2739 454 2774 μὴ
476 2740 596 2773 γένοιτοῑ
619 2739 714 2765 Πολλοὶ
733 2738 787 2774 γὰρ
802 2738 955 2773 ἐϐλάϐησαν
969 2738 998 2764 ἐν

214 2782 294 2809 πᾶσιν
309 2784 397 2815 αὐτοῖς
415 2785 600 2816 πιστεύοντες”
616 2785 675 2811 ὅθεν
691 2785 737 2810 καὶ
752 2786 768 2819 ὴ
791 2784 856 2818 ἁγία
868 2783 914 2810 τοῦ
928 2783 997 2810 Θεοῦ

219 2828 375 2863 Ἐκκλησία,
398 2830 444 2855 καὶ
460 2831 474 2855 ὁ
496 2830 574 2863 χορὸς
588 2830 641 2856 τῶν
656 2830 791 2865 θεοφόρων
809 2830 888 2865 ἡμῶν
910 2830 997 2856 Πατέ-

1049 2232 1228 2268 6εῖπολιτειᾳ,
1235 2233 1281 2259 καὶ
1289 2232 1424 2269 γνώριμος
1431 2234 1459 2259 ὲν
1465 2235 1521 2265 τοῖς
1528 2233 1683 2265 καλλίστοις
1689 2235 1704 2261 ὁ
1710 2235 1763 2269 τῆς
1772 2235 1836 2268 Παρ-

1050 2277 1125 2304 θένου
1139 2278 1240 2314 πατὴρ,
1255 2279 1337 2311 ἄπαις
1354 2279 1382 2306 δὲ
1405 2280 1547 2315 κατεγήρα
1562 2280 1607 2306 τὸν
1626 2280 1697 2315 βίον,
1717 2282 1760 2307 ὃτι
1772 2279 1836 2314 αὖτῷ

1049 2323 1117 2360 πρὸς
1131 2325 1303 2358 τεκνογονίαν
1329 2325 1378 2351 οὐκ
1395 2325 1553 2360 ἐπιτηδείως
1578 2323 1651 2360 εἶχεν
1669 2327 1688 2361 ὴ
1709 2326 1834 2356 σύνοικος.

1048 2367 1102 2396 Ἦν
1113 2370 1141 2396 δέ
1162 2379 1204 2402 τις
1217 2372 1249 2397 ἐκ
1261 2371 1307 2397 τοῦ
1324 2371 1405 2406 νόμου
1421 2372 1486 2407 τιμὴ
1511 2372 1571 2403 ταῖς
1591 2372 1744 2407 μητράσιν,
1764 2371 1796 2408 ἧς
1810 2371 1835 2396 οὗ

1050 2417 1174 2451 μετεῖχον
1187 2417 1211 2442 οἱ
1227 2417 1328 2450 ἄγονοι.
1337 2417 1469 2452 Μιμεῖται
1479 2417 1568 2444 τοίνυν
1580 2418 1627 2444 καὶ
1641 2418 1716 2452 αὐτὴ
1735 2418 1770 2444 τὰ
1783 2418 1835 2452 περὶ

1048 2462 1097 2496 τῆς
1113 2461 1215 2497 μητρὸς
1229 2462 1276 2488 τοῦ
1291 2463 1417 2498 Σαμουὴλ
1436 2463 1603 2499 διηγήματα,
1624 2464 1673 2490 καὶ
1694 2464 1774 2496 ἐντὸς
1796 2462 1835 2489 τοῦ

1049 2508 1113 2534 ναοῦ
1133 2509 1219 2542 ἁγίων
1243 2509 1383 2544 γινομένη,
1408 2509 1500 2545 ἱκέτης
1519 2510 1623 2544 γίνεται
1640 2509 1691 2536 τοῦ
1713 2510 1784 2537 Θεοῦ
1805 2510 1836 2545 μὴ

1049 2553 1101 2586 ἔξω
1116 2555 1209 2581 πεσεῖν
1224 2555 1273 2590 τῆς
1290 2556 1321 2581 ἐκ
1335 2555 1388 2582 τῶν
1409 2556 1498 2590 νόμων
1524 2556 1659 2590 εὐλογίας,
1683 2556 1836 2593 asumma-

1049 2609 1131 2627 νουσα
1147 2601 1212 2636 περὶ
1227 2601 1273 2627 τὸν
1289 2601 1370 2637 νόμον
1386 2602 1461 2628 οὐδέν
1471 2610 1478 2616 ·
1495 2602 1621 2636 γενέσθαι
1632 2602 1661 2628 δὲ
1679 2604 1776 2638 μήτηρ
1797 2603 1836 2629 καὶ

1048 2646 1201 2681 ἀφιερῶσαι
1216 2647 1275 2682 Θεῷ
1291 2648 1321 2673 τὸ
1335 2648 1502 2683 τικτόμενον.
1521 2647 1589 2675 Vide
1603 2647 1790 2682 Epiphanium
1803 2647 1836 2675 De

1049 2692 1175 2719 laudibus
1194 2693 1276 2720 beata:
1304 2693 1399 2720 Μανίίε
1424 2694 1560 2729 Virginis.
1588 2694 1728 2721 Andream
1754 2695 1836 2722 Casa-

1050 2738 1180 2770 riensem,
1198 2738 1374 2771 Germanum,
1392 2744 1418 2766 et
1434 2741 1512 2768 alios.

1083 2783 1140 2811 Col.
1160 2784 1222 2816 775,
1244 2785 1292 2812 lin.
1312 2785 1354 2813 l3.
1379 2787 1433 2812 Καὶ
1454 2786 1544 2820 γνοὺς
1562 2785 1620 2820 τὴν
1634 2786 1776 2821 γυναῖκα.
1801 2784 1834 2812 Er

1050 2829 1092 2857 his
1107 2830 1237 2858 refellitur
1256 2831 1502 2867 Collyridianorum
1526 2840 1614 2865 error,
1631 2833 1677 2868 qui
1696 2832 1743 2860 Dei
1761 2832 1834 2859 Geni-
