1897 3073
54 145 117 174 1041

570 145 604 173 IN
624 144 810 174 EUSTATHII
834 143 1072 172 HEXAEMERON
1090 142 1205 170 ΝΟΤιΕ.

1613 143 1684 171 1052

53 204 149 231 tricem
167 201 288 229 Mariam
302 201 427 230 humanae
442 206 546 230 naturae
569 210 684 237 prorsus
698 207 847 238 expertem.
862 205 886 233 Α
898 201 936 229 Ita
946 201 1080 237 Origenes
1095 208 1173 235 super
1188 199 1356 233 Matthwum,
1372 207 1433 236 cap.
1451 199 1502 234 i5;
1516 200 1684 236 Epiphanius

55 257 86 277 ac
103 248 207 275 divinae
223 252 333 275 tantum
353 248 513 283 participem
536 247 621 276 fuisse
636 248 773 280 dicebant,
790 255 851 274 cum

55 303 88 323 ex
103 294 155 321 hoe
170 294 341 326 habeamus,
357 293 480 320 Joachim
492 301 555 320 cum
566 294 643 320 Anna
664 293 850 323 concubitum,

56 339 174 374 indeque
192 343 355 374 generatam
369 342 397 366 et
422 343 511 367 ortam
526 338 673 374 Virginem.
691 338 771 365 Certe
785 337 852 364 illud

57 386 144 421 angeli
163 385 276 413 dictum
290 384 412 412 Joachim
427 386 454 412 in
470 385 590 417 deserto,
605 392 672 411 uxor
696 388 742 410 tua
765 391 853 410 conce-

55 433 102 466 pit,
118 436 275 465 antequam
297 429 408 458 domum
431 431 547 461 veniret.
563 430 590 457 in
615 429 772 457 narratione
800 429 852 456 ista

58 486 109 505 non
125 478 243 513 legitur,
265 477 320 505 imo
334 477 400 505 satis
419 481 512 512 aperte
534 476 687 511 oppositum
705 475 851 510 colligitur.

58 523 96 551 Ex
112 531 168 559 quo
193 523 375 550 manifestum
399 526 441 550 est
461 523 496 550 ab
522 522 659 549 haereticis
682 521 781 548 librum
805 520 852 547 de-

59 574 202 606 pravatum
219 573 345 604 tempore
364 567 519 604 Epiphanii,
541 568 588 602 qui
609 567 702 595 forsan
716 564 853 593 Eustathii

59 619 181 650 tempore
195 615 377 650 incorruptus
390 617 418 641 et
431 614 550 641 intactus
562 613 650 641 adhuc
662 612 749 640 fuerat
765 619 853 639 reser-

61 665 148 688 vatus.

94 705 153 733 Col.
165 706 231 737 775,
245 706 294 733 lin.
309 705 352 732 M.
370 705 422 732 Kai
437 703 580 737 drapetae.
597 702 744 736 Gregorius
751 700 852 736 Nysse-

62 751 340 787 ηυειΔυναμωθεῖσα
355 751 384 777 δὲ
400 749 538 784 Πνεύματι
555 749 618 783 θείῳ
632 748 698 783 πρὸς
712 748 760 783 τὴν
775 748 853 783 χάριν

62 798 93 833 ἢν
115 797 236 833 ᾔτησεν,
266 796 327 823 ἐπεὶ
352 796 444 822 ἔτεκεν
468 794 585 826 παιδίον,
609 794 748 829 ὠνόμασεν
770 793 853 829 αὐτὴν

63 843 190 879 Μαριὰμ,
205 843 245 875 ὡς
262 843 294 869 ἂν
309 842 356 869 καὶ
368 841 411 868 διὰ
426 841 475 876 τῆς
492 840 648 875 ἐπωνυμίας
672 839 701 865 τὺ
715 838 852 865 θεόσδοτον

63 875 265 926 διασημανθείη
292 889 341 924 τῆς
365 875 487 923 χάριτος.
521 886 724 922 ’Δνδρυνθεῖσαν
749 885 778 912 δὲ
804 885 854 920 ήδη
870 875 891 903 Β

63 938 110 973 τὴν
127 937 224 973 κόρην,
243 935 282 967 ὡς
299 935 396 971 μηκέτι
412 933 514 961 δεῖσθαι
530 932 706 968 προσανέχειν
722 931 754 966 τῇ
776 930 854 966 θηλῇ,

64 982 208 1009 ἀποδοῦναι
226 981 267 1016 τῷ
286 980 356 1016 Θεῷ,
372 980 418 1007 καὶ
443 978 586 1015 πληρῶσαι
612 978 662 1013 τὴν
682 976 854 1011 ἐπαγγελίαν,

65 1028 110 1055 καὶ
126 1027 316 1064 προσαγαγεῖν
337 1026 376 1061 τῷ
399 1024 460 1060 νεῴ.
479 1024 640 1059 Hippolytus
664 1026 766 1058 martyr
785 1021 855 1056 apud

66 1074 262 1109 Nicephorum,
279 1073 298 1099 l.
308 1079 408 1106 it,cap.
422 1071 438 1098 5
452 1080 458 1097 :
476 1070 538 1097 Tres
552 1070 623 1104 fuere
636 1077 738 1096 sorores
751 1068 856 1094 Bethle-

67 1120 205 1150 hemiticte,
224 1119 291 1153 ﬁliae
308 1117 401 1144 Matun
417 1115 575 1147 sacerdotis,
590 1119 614 1141 et
630 1113 725 1141 Maria:
739 1113 856 1147 conjugis

67 1165 131 1198 ejus,
160 1165 208 1192 sub
240 1163 399 1197 Cleopatrw,
423 1167 447 1189 et
479 1161 622 1195 Cusoparis
653 1160 740 1186 Persa:
766 1166 854 1193 regno,

69 1216 125 1237 ante
141 1209 260 1236 Herodis
278 1209 412 1243 Antipatri
429 1207 478 1237 ﬁlii
495 1214 610 1242 regnum.
638 1205 736 1232 Prima:
749 1203 854 1233 Maria.

70 1255 186 1283 secunda:
220 1254 306 1285 Sabe,
335 1254 418 1281 tertia:
444 1253 528 1279 Anna:
552 1260 645 1279 nomen
671 1255 728 1278 erat
745 1257 754 1276 :
769 1249 857 1280 nupsit

69 1303 153 1336 prima
168 1303 196 1329 in
220 1301 372 1329 Bethlehem
397 1299 498 1331 Maria,
513 1302 536 1325 et
551 1298 647 1332 peperit
661 1296 792 1324 Salomem
813 1294 858 1321 ob-

71 1348 198 1374 stetricem
216 1356 225 1374 :
243 1347 332 1382 nupsit
348 1353 447 1381 quoque
461 1343 575 1372 secunda
592 1342 687 1370 ibidem
707 1342 734 1368 in
753 1339 857 1367 Bethle-

71 1394 124 1420 Iiem
145 1393 224 1425 Sabe,
241 1398 266 1420 et
291 1392 378 1428 genuit
405 1390 553 1422 Etisabeth,
571 1389 659 1423 nupsit
682 1392 812 1422 postremo
832 1390 857 1412 et

73 1440 146 1465 tertia
166 1439 246 1467 Anna
274 1439 302 1464 in
328 1442 400 1466 terra
425 1435 551 1468 Galilwa,
567 1439 591 1462 et
603 1433 713 1468 protulit
741 1432 858 1459 Mariam

73 1483 118 1510 Dei
136 1485 310 1519 genitricem,
336 1490 369 1510 ea:
389 1491 440 1518 qua
463 1481 538 1508 nobis
562 1485 640 1508 natus
662 1483 700 1506 est
723 1477 855 1506 Christus.

73 1530 174 1563 Quibus
182 1529 284 1557 refellit
295 1529 428 1556 Baronius
441 1535 534 1555 eorum
548 1526 709 1554 sententiam
727 1524 772 1560 qui
782 1523 858 1551 dixe-

75 1579 134 1602 runt
144 1574 173 1603 S.
185 1575 294 1602 Annam
307 1575 387 1602 tertio
395 1577 516 1608 nuptam,
526 1576 553 1599 ct
568 1571 691 1606 singulas
701 1578 733 1597 ex
745 1568 858 1604 singulis

75 1622 138 1649 viris
150 1621 282 1657 genuisse
299 1621 378 1653 ﬁlias,
392 1624 419 1647 et
432 1626 527 1646 eorum
541 1618 588 1653 qui
602 1617 692 1644 conati
704 1621 767 1646 sunt
784 1621 859 1642 asse-

76 1675 190 1699 rerehcx
205 1667 302 1695 eodem
324 1667 384 1693 viro
400 1664 523 1692 Joacliim
546 1667 602 1691 tres
620 1662 760 1698 peperisse
779 1660 857 1689 ﬁlias.

109 1711 187 1744 lbid.,
214 1712 266 1739 lin.
284 1710 328 1738 16.
356 1709 528 1745 Γενομένης
551 1707 585 1734 δὲ
604 1707 707 1741 αὐτῆς.
738 1705 857 1733 Evodius

76 1757 219 1792 episcopus
245 1756 436 1784 Antiochenus
451 1754 522 1790 apud
547 1752 741 1787 Nicephorum,
758 1751 805 1778 lib.
829 1758 859 1781 η,

76 1810 131 1838 cap-
152 1803 188 1831 5:
203 1802 327 1830 Trimula
343 1810 403 1830 cum
422 1805 488 1828 esset
505 1801 532 1826 in
548 1798 670 1832 templum
685 1801 859 1832 prwsentata,

77 1848 111 1874 ibi
131 1848 157 1875 in
171 1848 281 1875 Sanctis
305 1852 458 1875 sanctorum
482 1845 600 1872 traduxit
628 1851 710 1870 annos
730 1842 859 1875 undecim,

77 1893 165 1924 deinde
182 1903 244 1922 uero
269 1893 435 1922 sacerdotum
457 1891 578 1919 manibus
602 1889 698 1924 Joseph
721 1888 754 1915 ad
774 1893 861 1914 custo-

77 1937 145 1966 diam
160 1945 198 1971 est
215 1939 329 1971 tradita,
341 1938 421 1973 apud
436 1946 512 1973 quem
529 1945 589 1963 cum
605 1943 705 1962 menses
722 1933 862 1968 peregisset

78 1989 196 2019 quatuor,
216 1985 250 2012 ab
266 1985 357 2020 angelo
371 1985 459 2011 [cetum
474 1982 541 2010 illud
557 1982 655 2016 accepit
672 1978 862 2007 nuntium.Pe-

77 2032 139 2064 perit
150 2037 239 2059 autem
256 2032 329 2059 illius
348 2030 438 2058 mundi
449 2029 555 2061 Lucem,
575 2035 673 2055 annum
688 2034 766 2061 agens
786 2026 862 2061 quin-

79 2076 213 2110 decimum,
229 2078 353 2105 vicesima
363 2077 455 2111 quinta
470 2075 512 2102 die
523 2075 618 2102 mensis
633 2072 791 2100 Decembris.
801 2071 862 2098 Tri-

81 2123 176 2150 mulam
202 2123 258 2150 Deo
273 2123 390 2150 oblatam
404 2121 543 2157 Virginem
559 2124 657 2155 praeter
675 2117 860 2149 Eustathium,

81 2171 108 2195 et
124 2167 267 2202 Evodium,
293 2169 364 2197 idem
389 2168 510 2197 sentiunt
532 2165 680 2201 Gregorius
708 2164 747 2191 De
761 2163 862 2191 Christi

903 248 1028 275 adversus
1051 247 1351 279 Antidicomarianitas;
1368 246 1504 275 Eusebius
1522 247 1570 275 lib.
1592 255 1612 275 ll
1632 247 1685 274 Ec-

902 294 964 320 cles.
980 293 1087 324 histum
1100 299 1160 326 cap.
1177 291 1400 326 i;Nicrphorus,
1414 292 1461 319 lib.
1472 300 1503 326 n,
1519 300 1580 328 cap.
1597 293 1624 325 3,
1636 293 1683 321 ubi

901 339 983 367 etiam
998 338 1082 366 refert
1100 337 1272 373 Hippolytum
1289 337 1410 371 ejusdem
1427 339 1570 366 sententia:
1588 342 1684 365 aucto-

902 393 975 418 rem;
999 383 1147 419 Gregorius
1183 383 1333 419 Nyssenus.
1360 384 1397 411 De
1418 389 1556 412 resurrect.
1583 384 1685 412 Christi

902 430 1041 462 homil.2;
1064 429 1225 465 Euthymius
1247 430 1275 456 in
1298 429 1419 456 Matt/mai
1444 438 1502 464 cap.
1520 438 1577 463 xu;
1594 429 1685 457 (Ecu-

902 476 1011 504 menius
1027 484 1105 510 super
1121 476 1168 511 Ep.
1191 477 1225 503 ad
1243 475 1302 504 Gal.
1326 484 1386 511 cap.
1403 484 1428 510 I;
1443 476 1592 512 Theophyl.
1608 485 1686 509 super

903 522 1070 554 Mattheum,
1089 530 1150 557 cap.
1165 529 1223 553 xm.
1248 527 1274 549 et
1293 522 1390 556 repetit
1404 529 1430 548 (ε.
1450 530 1543 555 xxvu;
1563 522 1684 550 Hilarius

902 573 1040 596 comment.
1050 569 1075 595 in
1092 567 1200 600 Μαικίι..
1212 576 1274 595 can.
1293 569 1318 599 1;
1331 567 1493 596 Ambrosius
1505 568 1533 595 in
1548 567 1632 602 Epist.
1649 568 1684 595 ad

903 614 993 643 Galat.
1018 622 1079 649 cap.
1102 622 1121 646 ι,
1144 619 1171 642 et
1192 614 1348 649 Cajctanus,
1382 614 1499 642 ibidem.‘
1522 614 1683 649 Oppositum

903 668 1014 688 sensere
1036 660 1216 695 Hieronymus
1230 660 1353 688 adversus
1381 660 1541 691 Heluidium,
1555 660 1686 696 Augusti-

903 713 972 737 nus,
1000 713 1082 732 serm.
1108 705 1142 731 M
1167 705 1194 731 in
1211 704 1360 732 Nativitate
1376 704 1500 737 Domini,
1517 705 1589 732 Beda
1608 712 1686 739 super

904 759 961 786 cap.
981 759 1006 778 Vl
1027 750 1123 783 Marci,
1144 753 1170 777 et
1196 751 1240 778 alii
1264 751 1430 778 recentiores
1459 751 1506 786 qui
1537 751 1686 779 secundam

904 797 1065 825 sententiam
1078 817 1086 829 ,
1101 801 1230 832 tanquam
1260 797 1346 832 magis
1363 797 1530 832 probabilem
1560 800 1588 825 et
1610 804 1688 825 rece-

904 848 977 878 ptam
988 843 1148 871 defendunt.
1165 843 1224 870 Non
1243 847 1285 871 est
1300 849 1389 871 tamen
1417 843 1522 871 silenda
1547 843 1688 871 temeritas

904 893 931 917 et
953 890 1119 924 impudentia
1143 889 1171 917 in
1196 892 1305 917 sanctos
1331 889 1426 917 Patres
1448 888 1562 917 Gerardi
1594 888 1689 917 Vossii

905 936 982 972 {quid
996 935 1069 963 enim
1085 935 1112 962 id
1126 935 1231 963 facinus
1245 934 1395 963 libertatem
1408 934 1617 970 appellem),qui
1632 934 1689 970 pri-

906 990 977 1010 mam
993 981 1172 1010 assertionem
1188 988 1272 1008 ausus
1287 980 1323 1007 sit
1334 987 1445 1011 vocare,
1456 987 1511 1007 non
1526 980 1594 1007 satis
1609 980 1683 1014 piam

906 1037 956 1056 nec
971 1028 1160 1060 orthodoxam,
1177 1030 1373 1063 portentosum,
1395 1025 1685 1061 impudentiusculam,

906 1081 938 1101 ac
952 1073 1043 1100 minus
1065 1075 1184 1104 cautam,
1210 1076 1291 1107 prout
1319 1071 1437 1098 humana
1463 1070 1601 1098 interdum
1636 1069 1690 1096 fert

906 1119 1050 1154 fragilitas,
1066 1118 1138 1153 quod
1161 1117 1391 1153 praestantissimi,
1407 1123 1440 1144 ac
1460 1116 1613 1144 doctissimi
1631 1115 1685 1143 viri

906 1163 1069 1199 quandoque
1083 1163 1242 1196 dormitant,
1256 1162 1343 1191 fuisse
1371 1163 1412 1190 sic
1433 1162 1546 1194 dictam,
1560 1161 1604 1189 vel
1617 1161 1688 1188 scri-

907 1215 990 1246 ptam.
1003 1210 1119 1245 Ideoque
1144 1217 1296 1237 sermonem
1318 1209 1346 1236 in
1367 1208 1609 1236 Annuntiationem
1625 1215 1689 1235 san-

907 1257 1035 1284 ctissima:
1045 1255 1090 1283 Dei
1099 1256 1243 1283 Geniiricis
1254 1255 1345 1283 Marlze
1354 1255 1401 1291 qui
1410 1255 1505 1290 incipit
1521 1262 1529 1281 :
1544 1254 1629 1282 Πάλιν
1641 1262 1689 1290 χα-

908 1303 956 1336 ρᾶς
977 1301 1132 1336 εὐαγγέλια,
1153 1301 1232 1329 πάλιν
1245 1301 1399 1337 ἐλευθερίας
1417 1301 1573 1336 μηνύματα,
1590 1300 1689 1335 saepius

907 1348 959 1376 sub
972 1347 1086 1376 Joannis
1107 1347 1295 1383 Chrysostonii
1324 1346 1435 1374 nomine
1455 1346 1619 1382 evulgatum,
1632 1349 1690 1373 cta

907 1391 1086 1428 Lipomannd,
1099 1391 1200 1419 Davide
1220 1391 1385 1423 Hmscbelio,
1410 1395 1437 1419 et
1464 1391 1534 1423 aliis,
1550 1390 1609 1426 ipse
1625 1397 1690 1426 pro-

907 1442 967 1474 pter
979 1439 1049 1466 lianc
1065 1438 1222 1473 opinionem
1233 1437 1266 1466 de
1276 1437 1405 1473 Josepho,
1418 1440 1445 1465 et
1458 1444 1488 1464 re
1499 1437 1595 1464 uxoria
1603 1437 1690 1472 ipsius

908 1488 970 1512 aute
984 1489 1044 1511 acta
1072 1488 1201 1519 tanquam
1227 1483 1367 1519 indignam
1390 1483 1597 1518 Chrysostomo,
1621 1481 1689 1509 Gre-

910 1530 986 1565 gorio
1018 1529 1223 1565 Thaumaturgo
1255 1529 1378 1557 ascribit.
1407 1527 1568 1560 Considera,
1593 1528 1689 1558 lector,

910 1581 1028 1604 mentem
1058 1576 1175 1604 hominis
1203 1583 1337 1609 aversam,
1359 1582 1526 1611 perversam.
1551 1574 1690 1602 Assertio—

909 1630 982 1654 nem,
1000 1629 1080 1657 quam
1096 1622 1203 1657 dignam
1219 1625 1311 1649 censet
1337 1625 1377 1648 tot
1401 1628 1433 1648 ac
1453 1621 1536 1648 tantis
1563 1619 1690 1648 Patribus

909 1668 1011 1697 Graecis
1028 1672 1055 1696 et
1079 1668 1192 1702 Latinis,
1223 1668 1362 1703 indignam
1379 1671 1459 1695 vocat
1481 1667 1688 1703 Chrysostomo.

911 1714 939 1742 Si
953 1715 1005 1742 hoc
1020 1722 1142 1742 asserere
1172 1722 1227 1742 non
1259 1717 1301 1742 est
1325 1713 1519 1746 orthodoxum,
1532 1713 1579 1741 sed
1593 1720 1689 1748 parum

909 1761 995 1796 pium,
1013 1764 1212 1795 portentosum,
1243 1759 1532 1794 impudentiusculum,
1549 1766 1581 1786 ac
1598 1759 1691 1786 minus

910 1811 1019 1835 cautum
1047 1807 1074 1834 in
1103 1806 1307 1842 Chrysostomo,
1334 1805 1470 1841 quomodo
1491 1805 1576 1840 pium,
1596 1804 1691 1832 ortho-

910 1852 1020 1883 doxum,
1040 1852 1170 1887 prudens,
1186 1856 1306 1884 cautum,
1327 1859 1359 1878 ac
1375 1851 1486 1878 minime
1501 1853 1690 1885 portentosum

911 1898 938 1924 in
953 1897 1170 1933 Gregorio?ego,
1186 1905 1221 1925 ne
1233 1898 1259 1925 in
1277 1901 1316 1924 tot
1332 1895 1428 1924 Patres
1439 1896 1556 1931 injurius
1574 1904 1634 1924 esse
1649 1896 1691 1924 vi-

910 1943 999 1975 derer,
1015 1943 1155 1970 redderem
1169 1942 1267 1971 Vossio
1295 1942 1377 1970 verba
1393 1949 1458 1975 sua;
1474 1942 1521 1970 sed
1546 1942 1628 1977 quid?
1653 1942 1691 1969 ita

910 1997 984 2017 nunc
1004 1997 1063 2016 nios
1083 1989 1170 2024 viget;
1186 1989 1222 2015 ita
1249 1996 1323 2016 nunc
1343 1988 1483 2016 servitium
1494 1992 1546 2020 est,
1569 1987 1692 2023 profecto

911 2036 1007 2063 modus
1024 2035 1116 2062 haberi
1133 2043 1187 2062 non
1207 2038 1306 2070 potest.

946 2080 1025 2111 lbid.,
1041 2080 1089 2107 lin.
1101 2080 1145 2106 55.
1162 2080 1216 2107 Kal
1228 2082 1244 2107 d
1254 2079 1417 2114 ἀρχιερεύς.
1434 2078 1582 2115 Gregorius
1595 2078 1692 2115 Nysse-

911 2135 979 2156 nus:
996 2127 1064 2158 Τοὺς
1074 2127 1102 2153 δὲ
1113 2128 1193 2161 ἱερεῖς
1205 2127 1273 2158 τέως
1287 2127 1335 2162 μὲν
1346 2126 1406 2153 καθ’
1420 2127 1565 2163 ὁμοιότητα
1579 2126 1627 2154 τοῦ
1643 2127 1694 2153 Σα-

913 2173 997 2209 μουὴλ
1009 2174 1037 2200 ὲν
1047 2174 1102 2203 τοῖς
1120 2173 1207 2206 ἁγίοις
1221 2172 1383 2208 ἀνατρέφειν
1393 2172 1441 2208 τὴν
1460 2173 1553 2201 παῖδα¹
1569 2171 1694 2208 αὐξηθεί-

82 2214 223 2247 nativitate,
239 2214 359 2242 Joannes
385 2213 569 2240 Damascenus
582 2211 620 2237 De
636 2209 688 2245 ﬁde
702 2208 859 2240 orthodoxa,

912 2208 962 2255 σης
981 2219 1019 2251 δὲ,
1043 2218 1139 2254 βουλὴν
1160 2219 1283 2253 ἀγαγεῖν,
1308 2219 1322 2245 ὃ
1343 2227 1370 2245 τι
1392 2219 1551 2253 ποιήσαντες
1571 2218 1600 2244 τὸ
1624 2217 1694 2252 ἱερὸν

83 2260 160 2294 capit.
179 2262 223 2294 15,
239 2260 364 2288 Andreas
387 2258 525 2286 Cretensis
543 2264 667 2285 sermone
683 2255 722 2283 De
737 2255 860 2289 Deipara,

84 2304 228 2335 Germanus
245 2313 371 2334 sermone
384 2305 422 2332 De
439 2304 654 2334 Prtesentatione,
668 2301 800 2336 Georgius
817 2300 864 2327 Ni-

84 2350 259 2378 comediensis
279 2351 317 2377 De
332 2349 559 2380 Prwsenlatione,
581 2347 720 2375 Cedrenus
744 2347 771 2373 in
785 2345 864 2373 Com-

84 2395 172 2426 pendia
186 2396 313 2424 Historia:
327 2400 353 2423 et
366 2395 422 2422 alii.
438 2393 642 2422 Observandum
662 2396 689 2420 et
703 2391 779 2423 illud,
790 2392 864 2421 heat.

87 2437 219 2476 Virginem
254 2450 285 2469 ex
316 2445 411 2469 nostro
445 2440 588 2469 Eustathio
614 2440 698 2466 multo
725 2438 862 2474 juniorem

85 2484 217 2514 Christum
234 2488 383 2523 peperisse.
400 2494 480 2522 quam
495 2487 610 2514 voluerit
626 2484 745 2513 Evodius
765 2488 791 2511 et
805 2484 865 2518 alii,

86 2528 117 2559 de
130 2532 227 2567 quibus
241 2533 284 2560 hic
303 2541 383 2568 agere
397 2540 452 2560 non
470 2535 512 2560 est
527 2534 669 2568 prasentis
680 2533 792 2569 negotii.

119 2574 194 2609 lbid.,
208 2578 256 2605 lin.
271 2578 317 2606 2‘2.
341 2578 395 2605 Τοῦ
407 2577 484 2604 λαοῦ
498 2578 579 2611 τούς.
596 2577 734 2614 Josepbus
744 2577 863 2606 sanctis-

89 2620 160 2649 simae
171 2622 291 2660 Virginis
303 2632 422 2659 sponsus
433 2624 593 2659 bigamusne
602 2624 693 2657 fuerit,
709 2632 745 2651 an
755 2624 863 2657 caelebs,

90 2668 195 2703 antiqua
210 2674 252 2698 est
267 2671 293 2698 in
312 2670 435 2698 Ecclesia
450 2670 584 2698 catholica
608 2671 734 2706 quaestio,
748 2671 780 2697 ad
794 2671 864 2698 hanc

90 2718 171 2747 usque
194 2715 264 2742 diem
289 2716 373 2744 variis
399 2716 427 2743 in
450 2719 595 2751 utramque
625 2721 729 2752 partem
752 2716 864 2743 Patrum

91 2758 248 2789 testimoniis
263 2761 374 2797 agitata.
390 2761 514 2789 Celebris
526 2761 597 2796 apud
608 2761 727 2793 Graecos,
744 2769 794 2790 nec
808 2769 863 2789 non

92 2799 241 2834 Latinorum
253 2807 400 2836 nonnullos
414 2807 465 2835 fuit
486 2807 580 2843 opinio
601 2816 663 2835 cum
688 2807 773 2836 fuisse
789 2807 864 2843 biga-

94 2854 170 2885 mum,
188 2856 214 2880 et
229 2853 308 2882 aliam
333 2859 395 2882 ante
423 2853 562 2889 Virginem
578 2853 709 2882 habuisse
735 2861 860 2883 uxorem.

913 2266 1001 2293 ἐκεῖνο
1019 2264 1106 2300 σῶμα,
1130 2264 1189 2291 οὐκι
1203 2265 1235 2291 ἂν
1256 2265 1295 2295 εἰς
1310 2264 1354 2290 τὸν
1372 2264 1437 2291 Θεὸν
1453 2264 1640 2299 ὲξαμὰρτοιεν.
1658 2263 1695 2290 Τὸ

915 2311 964 2346 μὲν
980 2311 1034 2346 γὰρ
1051 2310 1196 2344 ὑποζεῦξαι
1210 2310 1250 2345 τῷ
1264 2309 1338 2345 νόμῳ
1352 2310 1401 2344 τῆς
1417 2310 1534 2344 φύσεως,
1549 2310 1596 2336 καὶ
1612 2317 1696 2336 κατα-

913 2356 1044 2383 δουλῶσαι
1057 2356 1141 2392 αὑτὴν
1156 2356 1200 2383 διὰ
1217 2355 1261 2382 τοῦ
1273 2355 1360 2391 γάμου
1375 2355 1414 2390 τῷ
1430 2355 1556 2391 ἀγομένῳ
1565 2355 1619 2381 τῶν
1635 2355 1697 2382 ἀτο-

914 2403 1044 2430 πωτάτων
1062 2403 1159 2430 ἐδόκει.
1186 2401 1406 2438 Ἱεροσυλίσι,γὰρ
1425 2401 1553 2436 ἄντικρυς
1566 2400 1695 2436 ἐνομίσθη

913 2447 985 2475 θείου
999 2447 1172 2483 ἀναθήματος
1182 2447 1323 2482 ἄνθρωπον
1334 2446 1458 2480 γενέσθαι
1468 2445 1500 2472 κύ
1505 2454 1572 2481 ριον.
1587 2445 1696 2480 Ἐπειδὴ

913 2492 1050 2528 κυριεύειν
1065 2494 1097 2519 ὲκ
1107 2492 1161 2519 τῶν
1175 2492 1262 2526 νόμων
1273 2492 1287 2518 ὁ
1298 2491 1366 2526 ἀνὴρ
1383 2490 1484 2526 ἐτάχθη
1496 2491 1546 2525 τῆς
1556 2490 1696 2524 γυναικός.

914 2538 950 2564 Τὸ
964 2538 992 2565 δὲ
1005 2540 1060 2570 τοῖς
1077 2538 1195 2573 ἱερεῦσιν
1207 2536 1282 2569 ἐντὸς
1291 2536 1345 2565 τῶν
1355 2537 1510 2572 ἀνακτόρων
1522 2536 1698 2571 συναναστρέ-

914 2583 1010 2619 φεσθαι
1023 2586 1164 2618 γυναῖκας,
1181 2584 1227 2611 καὶ
1241 2584 1269 2610 ὲν
1280 2585 1337 2615 τοῖς
1352 2584 1439 2617 ἁγίοις
1455 2583 1567 2619 ὁρᾶσθαι
1578 2582 1639 2610 οὕτε
1652 2583 1696 2609 νό-

915 2637 997 2663 μιμον
1006 2627 1050 2663 ἦν,
1063 2629 1108 2655 καὶ
1119 2628 1176 2663 ἅμα
1185 2628 1224 2663 τῷ
1234 2629 1377 2664 πράγματι
1388 2628 1427 2663 τῷ
1436 2628 1533 2664 σεμνὸν
1543 2628 1573 2655 οὐ
1583 2628 1696 2663 προσῆν.

914 2670 1122 2706 Βουλευομένοις
1142 2671 1169 2697 δὲ
1185 2671 1276 2702 αὐτοῖς
1295 2671 1472 2706 περὶτούτων
1489 2670 1580 2697 θεόθεν
1594 2670 1698 2704 γίνεται

915 2716 1052 2752 συμϐουλὴ
1066 2715 1156 2743 δοῦναι
1173 2716 1221 2751 μὲν
1231 2716 1315 2752 αὐτὴν
1328 2715 1405 2751 ἀνδρὶ
1417 2715 1563 2751 μνηστείας
1575 2715 1696 2750 ὀνόματιο

914 2761 1007 2789 τοῦτον
1022 2761 1050 2788 δὲ
1065 2761 1184 2788 τοιοῦτον
1195 2760 1275 2793 είναι,
1292 2758 1347 2788 οἷον
1359 2761 1427 2797 πρὸς
1440 2760 1561 2796 φυλακὴν
1573 2760 1623 2794 τῆς
1633 2768 1700 2795 παρ-

915 2807 1004 2839 θενίας
1026 2806 1185 2843 ἐπιτηδείως
1207 2806 1290 2842 ἔχειν.
1315 2806 1421 2843 Εὑρέθη
1440 2806 1529 2833 τοίνυν
1548 2806 1562 2832 ὁ
1589 2804 1698 2841 Ἰωσὴφ,

914 2850 967 2880 οἷον
987 2853 1111 2889 ἐπεζήτει
1131 2854 1144 2880 δ
1160 2853 1248 2887 λόγος,
1273 2853 1304 2880 ὲκ
1325 2853 1376 2888 τῆς
1397 2852 1481 2888 αὐτῆς
1504 2851 1590 2887 φυλῆς
1606 2860 1636 2878 τι
1653 2850 1699 2877 καὶ
