1900 3070
186 146 258 176 illi?)

854 141 975 169 LEONIS
992 139 1128 167 ALLATlI

1742 138 1810 165 1044

189 205 306 240 πατριᾶς
316 204 349 239 τῇ
365 203 502 238 Παρθένῳ,
518 203 564 229 καὶ
580 202 725 237 μνηστεύει
739 201 809 228 κατὰ
820 200 972 236 συμϐουλὴν
987 200 1010 228 Α
1023 198 1303 238 δυναστευόμενος,ὼς
1317 201 1345 226 ὲν
1356 201 1389 234 τῇ
1401 199 1514 234 δυνάμει
1527 197 1609 225 αὐτοῦ
1626 194 1698 224 εἶναι
1715 195 1812 230 καινὴν

188 249 242 276 τῶν
260 249 352 284 ἱερέων
367 247 455 283 ἐαυτῷ
469 247 517 283 τὴν
533 247 624 275 παῖδα.
646 247 678 274 Ἦ
697 247 725 274 δὲ
742 247 873 281 συνςὶφεια
894 246 974 281 μέχρι

191 294 336 330 μνηστείας
359 291 404 330 ἦν.
430 293 496 320 Τότε
522 295 738 329 μυσταγωγεϊται
759 292 834 328 παρὰ
852 292 898 319 τοῦ
920 293 973 318 Γα-

189 340 269 377 σριὴλ
283 341 299 376 ἡ
312 339 458 375 Παρθένος.
477 339 536 366 Non
552 339 696 367 dissimilia
712 339 792 366 habet
803 338 973 374 Epiphanius

189 387 312 414 adversus
327 386 620 418 Antidicomarianitas,
637 389 663 413 et
679 385 752 413 alibi.

224 433 348 465 031.773,
358 434 407 461 lin.
417 433 461 460 35.
473 433 528 459 Kal
539 431 779 459 καταλιπών.ΔΙὶἱ
788 439 844 458 rem
859 431 927 457 hanc
935 431 973 457 ita

190 485 311 505 narrant.
328 479 495 513 Desponsata
506 476 588 512 Virgo
604 476 763 512 parentibus
775 476 908 507 redditur,
923 475 971 510 qui

189 531 248 551 eam
273 523 383 551 domum
406 524 546 554 reducant,
559 527 586 550 et
600 531 660 558 quae
683 522 716 549 ad
735 522 842 549 futuras
863 522 971 556 nuptias

190 573 254 597 sunt
279 569 433 597 necessaria
458 573 618 604 prmparent.
642 568 722 595 Erant
744 568 880 603 sponsalia
896 568 972 602 ejus-

190 615 262 642 modi
280 615 351 650 apud
369 615 506 647 Hebraeos.
529 623 583 641 non
602 615 716 642 minoris
737 614 864 641 momenti
889 622 970 649 quam

189 661 255 695 ipsa:
273 662 386 696 nuptiae,
403 665 432 688 ut
446 664 542 688 auctor
556 664 598 688 est
622 659 708 692 Philo,
724 660 746 687 si
761 660 869 695 quidem
885 660 911 686 in
927 667 971 687 so-

189 706 273 732 lemni
303 707 452 733 amicorum
475 709 609 732 conventu
639 705 729 731 mariti
750 705 896 741 uxorisque
922 712 971 731 no-

189 752 262 779 mina
277 751 467 779 scribebantur
488 751 514 778 in
531 751 640 783 tabulis,
654 756 681 777 et
696 750 719 777 si
735 751 799 785 quid
829 758 928 785 Sponsa
943 750 970 776 in

187 798 269 825 domo
279 802 390 833 paterna
415 805 528 824 manens
555 797 725 832 deliquisset,
741 805 817 831 aeque
835 797 970 831 plecteba-

187 849 242 876 tur,
260 852 292 870 ac
309 848 406 879 nupta;
424 847 452 870 ut
470 844 603 878 lapidibus
621 843 794 874 obrueretur,
811 843 833 869 si
844 842 969 869 adulterii

187 890 349 917 reaiuventa
362 893 442 917 esset.
456 889 566 916 Mariam
587 893 677 916 autem
692 889 815 916 nuntium
830 888 863 915 ab
874 889 969 923 angelo

186 937 349 972 suscepisse,
367 936 430 963 dum
456 936 544 963 adhuc
565 940 685 963 maneret
706 937 732 962 in
752 935 832 962 domo
847 940 968 969 paterna.

222 982 280 1010 Col.
295 982 356 1015 775,
371 982 418 1009 lin.
429 982 454 1009 3.
472 982 522 1009 Ἦν
534 980 578 1015 οἷς
592 983 639 1010 καὶ
654 982 715 1008 τόν.
727 981 830 1008 Similia
842 982 874 1008 de
886 989 968 1008 causa

186 1029 261 1056 necis
277 1028 416 1056 Zachariae
431 1029 558 1063 leguntur
578 1029 649 1063 apud
675 1027 786 1056 Petrum
810 1028 968 1064 episeopum

185 1074 398 1102 Alexandrinum
414 1078 440 1102 et
464 1079 609 1110 martyrem
628 1075 655 1101 in
671 1074 730 1102 suis
757 1074 863 1108 Reguli:
888 1074 969 1100 eccle-

185 1119 316 1151 siasticis,
337 1127 406 1154 quas
423 1120 523 1154 recepit
546 1124 627 1155 atque
646 1119 769 1154 probavit
791 1123 866 1146 sexta
890 1125 968 1154 syno-

184 1167 247 1197 dus,
264 1173 324 1200 cap.
342 1166 367 1198 t,
380 1166 450 1200 apud
466 1165 639 1192 Theodorum
656 1164 855 1192 Balsamonem.

218 1212 301 1244 Ibitl.,
317 1212 365 1238 lin.
382 1212 425 1238 5|.
442 1213 502 1239 Οὐκ
518 1210 610 1244 εἶδον,
622 1211 701 1246 εὶμὴ
719 1211 751 1237 τὸ
768 1209 808 1237 al.
826 1210 970 1238 Tertullia-

186 1265 248 1289 nus,
265 1258 292 1284 in
309 1257 462 1291 Scorpiaco,
479 1265 539 1292 cap.
562 1257 579 1285 8
596 1267 602 1284 :
626 1256 771 1284 Zacharias
791 1257 863 1283 intra
885 1256 970 1283 altare

184 1309 209 1329 et
227 1303 309 1330 cedem
329 1303 491 1335 trucidatur,
518 1310 640 1337 perennes
663 1303 764 1329 cruoris
789 1303 830 1328 sui
851 1304 969 1328 maculas

186 1349 303 1375 silicibus
316 1349 455 1384 assignans
467 1357 477 1380 ;
490 1353 517 1376 et
532 1349 664 1375 Baronius
682 1348 788 1380 scribit,
804 1356 833 1375 se
847 1348 970 1382 aliquan-

187 1396 222 1426 do
240 1394 368 1422 incidisse
383 1395 410 1422 in
433 1395 574 1430 antiquum
597 1394 716 1421 codicem
734 1402 815 1421 manu
837 1394 968 1429 scriptum

189 1441 307 1476 positum
330 1441 355 1467 in
374 1440 536 1467 bibliotheca
554 1439 684 1466 Vaticana
702 1439 739 1466 De
761 1440 970 1474 peregrinatione

188 1487 222 1513 ad
247 1487 305 1513 loca
324 1491 416 1514 sancta
432 1495 441 1513 :
466 1487 492 1513 in
509 1493 562 1521 quo
578 1486 672 1513 eadem
698 1485 732 1513 de
754 1485 892 1512 Zachariae
906 1493 969 1513 san-

186 1533 269 1568 guine
285 1533 421 1567 lapidibus
444 1533 535 1567 templi
562 1532 697 1560 indelebili
722 1535 785 1558 nota
811 1532 967 1564 inmerente,
983 1548 1004 1578 ε

187 1583 261 1606 certa
282 1579 333 1615 ltde
348 1578 507 1613 consignata
528 1582 616 1605 erant.
634 1577 805 1605 itinerarium
821 1579 884 1604 item
901 1577 969 1604 Bur—

186 1624 350 1659 t-egalense:
368 1624 401 1651 In
422 1632 553 1650 marmore
568 1629 628 1650 ante
649 1632 723 1650 arum
738 1624 890 1658 sanguinem
909 1622 970 1649 Za—

187 1669 296 1701 chariw,
310 1669 346 1695 ibi
359 1669 431 1695 dicas
447 1669 522 1695 hodie
536 1669 635 1703 fusum,
651 1669 731 1695 etiam
754 1674 846 1702 parent
863 1669 970 1704 vestigia

187 1714 314 1745 militum,
329 1714 373 1748 qui
387 1722 446 1741 eum
461 1714 626 1741 trucidarunt
639 1715 665 1740 in
685 1719 765 1741 totam
781 1722 869 1740 aream
884 1719 971 1749 utpote

188 1761 215 1786 in
228 1767 287 1786 cera
297 1760 379 1794 ﬁxum
392 1768 456 1787 esse.
469 1759 630 1796 Hippolytus
645 1760 790 1788 Thebanus
803 1760 829 1786 in
843 1759 970 1787 Chronico

188 1806 268 1833 aliter
279 1805 313 1833 de
325 1810 410 1834 morte
423 1806 574 1840 Zachariaz;
593 1807 630 1833 ait
640 1807 711 1834 enim
723 1816 795 1838 eum,
809 1808 872 1834 dum
886 1808 971 1834 sacris

188 1857 346 1886 operaretur
354 1852 386 1879 de
393 1860 468 1880 more
477 1853 698 1888 lapidibusjaclis
707 1853 868 1880 trucidatum
876 1854 970 1885 fuisse,

189 1905 359 1938 corporeque
379 1903 485 1932 raptato
508 1901 536 1925 in
553 1899 622 1926 valle
638 1898 769 1934 Josaphat
784 1907 945 1936 suspensum
962 1908 968 1924 :

195 1943 239 1970 Ἑν
255 1944 310 1978 γὰρ
323 1944 362 1979 τῷ
379 1944 525 1980 ἱερατεύειν
541 1944 620 1970 αὑτὸν
645 1944 715 1971 κατὰ
740 1945 770 1970 τὸ
792 1945 884 1976 εἰωθὸς
898 1944 971 1980 αὐτῷ

188 1989 409 2024 λιθοϐολῆσαντες
427 1990 517 2022 αὑτὸν,
536 1990 583 2016 καὶ
603 1991 822 2025 κροταφήσαντες
844 1991 971 2017 ἀπέκτει-

189 2042 251 2060 ναν·
268 2034 315 2060 καὶ
333 2035 463 2069 σύραντες
483 2035 638 2070 ἐκρέμασαν
651 2036 731 2062 αὑτὸν
745 2037 784 2067 εὶς
798 2035 846 2071 τὴν
862 2036 972 2063 κοιλάδα

188 2079 235 2106 τοῦ
257 2079 398 2113 Ἰωσαφάτ.
417 2079 597 2115 Hieronymus
611 2081 662 2108 hoc
681 2082 848 2116 simplicitati
863 2082 974 2110 creden-

188 2127 256 2153 tium
275 2125 364 2161 potius
376 2126 480 2156 tribuit.
495 2134 576 2160 quam
598 2127 703 2154 veritati
724 2127 844 2155 historias
860 2129 885 2155 in
901 2128 972 2155 Mat-

188 2172 251 2200 thari
266 2180 332 2200 xxtu
348 2182 355 2200 :
375 2172 553 2206 Simpliciores
568 2173 665 2207 fratres
684 2174 751 2200 inter
768 2175 859 2201 ruinas
872 2175 970 2210 templi,

1024 244 1149 280 γέννησιν
1161 245 1192 280 δη
1197 246 1370 281 μιουργῆσαι,
1376 246 1436 280 ἥτις
1443 246 1492 281 τὴν
1499 245 1649 280 γενομένην
1664 243 1735 279 μητέ
1739 251 1772 278 ρει
1779 243 1810 269 τὸ

1024 288 1092 317 εἶναι
1117 291 1247 327 παρθένον
1261 292 1310 318 οὐκ
1335 291 1527 327 ἀφαιρήσεται.
1551 290 1600 316 Διὰ
1619 289 1700 316 τοῦτο
1726 289 1812 323 aintv

1023 337 1072 362 οὑκ
1086 337 1215 372 ἀπέκρινε
1231 337 1269 372 τῷ
1283 336 1339 372 ναῷ
1358 337 1403 363 τοῦ
1420 336 1507 372 χώρου
1521 336 1574 362 τῶν
1588 335 1744 370 παρθένων.
1755 333 1811 361 Ἦν

1022 382 1050 409 δὲ
1069 383 1082 409 ὁ
1099 383 1178 414 τόπος
1194 380 1270 414 οὗτος
1285 383 1316 409 τὸ
1334 383 1432 417 μεταξὺ
1454 382 1500 408 τοῦ
1515 382 1579 408 ναοῦ
1599 381 1648 408 καὶ
1661 380 1811 415 buccas-:13-

1025 427 1082 462 ρίου
1099 427 1243 462 διάστημα.
1264 427 1370 462 Ἐπειδὴ
1387 426 1433 454 οὖν
1446 428 1542 462 ἤκουον
1559 426 1672 461 βασιλέα
1686 426 1736 460 τῆς
1750 426 1811 452 κτί-

1024 481 1092 504 σεως
1107 473 1146 504 εἰς
1154 473 1277 507 γέννησιν
1285 473 1455 508 ἀνθρωπίνην
1465 472 1642 507 οἰκονομικῶς
1654 471 1810 506 προελθεῖν,

1024 518 1097 553 φόϐῳ
1114 518 1144 544 τὸ
1165 519 1201 553 μὴ
1221 518 1344 552 γενέσθαι
1368 519 1469 553 βασιλεῖ
1486 518 1646 553 ὑποχείριοι,
1667 518 1714 544 τὴν
1740 526 1810 552 μαρ-

1021 564 1153 598 τυροῦντα
1168 564 1253 591 ταῦτα
1269 566 1331 601 περὶ
1346 564 1391 591 τοῦ
1408 565 1486 590 τόκου
1508 564 1729 599 διαχειρίζοντςιι,
1743 564 1811 599 πρὸς

1022 609 1096 644 αὐτῷ
1120 609 1304 645 θυσιαστηρίῳ
1325 611 1369 636 τὸν
1391 610 1466 644 ἱερέα.
1494 610 1735 645 ἱερουργήσαντες.
1760 609 1811 636 Ea-

1022 653 1082 680 dem
1104 655 1185 683 habet
1203 653 1344 688 Origenes,
1362 655 1389 681 in
1408 653 1506 681 Matth.
1528 658 1609 681 tract.
1636 654 1684 684 2'3,
1705 654 1810 688 Grego-

1021 699 1078 726 rius
1093 698 1242 733 Nyssenus,
1267 698 1382 726 Basilius
1405 703 1431 726 et
1448 699 1502 725 alii.
1519 698 1551 725 Et
1572 698 1605 725 de
1621 706 1654 725 eo
1676 699 1806 733 intelligit

1022 745 1235 780 llieronymusin
1244 743 1341 771 Matth.
1353 752 1412 779 cap.
1426 753 1503 776 xxm,
1515 745 1576 771 libr.
1590 753 1616 770 iv
1626 754 1632 770 :
1642 743 1811 770 AliiZacha-

1021 791 1089 818 riam
1104 796 1204 825 putrem
1225 791 1337 818 Joannis
1361 790 1473 825 intelligi
1489 791 1576 816 uolunt
1592 798 1624 816 ea:
1644 790 1805 824 quibusdam

1021 836 1234 871 Apocryphorum
1250 836 1359 863 somniis
1377 836 1561 871 approbantes,
1577 836 1647 870 quod
1671 841 1809 870 propterea

1023 883 1124 909 occisus
1146 883 1190 915 sit,
1205 883 1268 917 quia
1291 882 1438 910 Salvatoris
1452 882 1634 917 pradicaeerit
1654 882 1808 908 adventum.

1024 928 1081 955 lloc
1098 929 1158 964 quia
1172 928 1204 956 de
1219 929 1364 962 Scripturis
1379 937 1429 955 non
1453 928 1528 955 habet
1551 929 1751 955 auctoritatem.
1767 936 1810 954 ea-

1022 973 1079 1000 dem
1103 973 1232 1008 facilitate
1254 973 1440 1004 contemnitur,
1460 981 1511 1008 qua
1525 973 1665 1005 probatur.
1690 972 1810 1000 Consule

1022 1025 1152 1055 praeterea
1170 1019 1362 1055 Epiphanium,
1390 1019 1429 1046 De
1454 1019 1500 1046 cit.
1521 1024 1546 1046 et
1566 1019 1642 1045 inter.
1670 1018 1808 1052 Prophet..

1022 1073 1082 1100 cap.
1101 1065 1147 1092 ‘35.

1062 1121 1147 1154 lbid.,
1174 1122 1222 1149 litt.
1252 1122 1296 1150 50.
1322 1122 1474 1156 Διακρίνας
1495 1122 1642 1155 ὀνείρατα,
1672 1120 1807 1153 Justinus.

1023 1168 1125 1195 Ilistor.
1144 1168 1204 1194 libr.
1220 1175 1300 1194 xxxvl
1313 1177 1319 1194 :
1337 1167 1462 1194 Minimus
1477 1171 1554 1193 letale
1569 1168 1637 1193 inter
1649 1167 1748 1201 fratres
1761 1166 1809 1194 1,-

1022 1214 1083 1248 seph
1107 1214 1178 1248 fuit:
1195 1214 1269 1247 cujus
1293 1214 1420 1240 excellens
1448 1214 1580 1248 ingeniun!
1598 1213 1674 1239 reriti
1701 1214 1807 1246 [ra/res,

1022 1260 1091 1286 clam
1117 1260 1287 1293 interceptum
1311 1259 1454 1293 peregrinis
1481 1257 1672 1285 mercatoribus
1690 1259 1808 1285 uendide-

1022 1311 1092 1332 runt.
1105 1306 1126 1332 Α
1142 1305 1233 1341 quibus
1245 1305 1396 1339 deportatus
1409 1310 1445 1331 est
1459 1305 1486 1331 in
1498 1304 1664 1339 Afgyptum;
1682 1312 1742 1330 cum
1754 1314 1809 1331 ma-

1021 1352 1093 1387 gicas
1113 1352 1148 1378 ibi
1166 1357 1234 1378 artes
1263 1352 1353 1378 solerti
1374 1352 1474 1386 ingenio
1493 1352 1658 1384 percepisset.
1674 1350 1746 1377 brevi
1760 1351 1806 1384 ipsi

1023 1398 1076 1432 regi
1097 1397 1237 1432 perc/tarus
1254 1397 1312 1431 fuit.
1337 1395 1407 1423 Nam
1421 1403 1442 1423 et
1461 1397 1642 1430 prodigiorum
1664 1398 1806 1430 sagacissi-

1023 1452 1081 1470 mus
1096 1449 1164 1473 erat,
1177 1448 1201 1470 et
1215 1444 1375 1478 somniorum
1387 1443 1487 1477 primus
1504 1442 1706 1476 intelligentiam
1720 1443 1808 1469 condi-

1022 1490 1071 1520 dit,
1082 1489 1196 1524 nihilque
1210 1489 1291 1515 dit-ini
1303 1489 1373 1523 juris
1390 1488 1545 1522 humanique
1558 1489 1581 1514 ei
1597 1489 1761 1522 incognitum
1773 1489 1808 1515 oi-

1022 1535 1153 1566 debatur,‘
1169 1535 1233 1561 adeo
1258 1539 1286 1561 ut
1312 1535 1390 1561 etiant
1412 1535 1577 1560 sterilitatem
1599 1543 1728 1569 agrorum
1752 1541 1808 1561 ante

1023 1581 1117 1607 multos
1133 1589 1214 1607 annos
1230 1580 1368 1614 providerit
1381 1587 1389 1612 ;
1403 1580 1562 1614 perissetque
1577 1581 1662 1606 omnis
1678 1579 1807 1614 ﬁgi/ptui

1023 1625 1092 1660 fame
1107 1626 1159 1652 nisi
1172 1627 1270 1652 monitu
1295 1626 1351 1659 ejus
1367 1633 1411 1652 rex
1433 1625 1516 1651 edicto
1532 1626 1632 1652 servari
1646 1633 1694 1659 per
1715 1626 1808 1652 multos

1023 1680 1105 1698 annos
1127 1671 1214 1706 fruges
1229 1671 1376 1705 jussisset,
1403 1675 1527 1705 tantaque
1549 1672 1730 1704 experimenta
1753 1672 1806 1706 ejus

1024 1717 1138 1753 fuerunt,
1155 1721 1182 1742 ut
1199 1724 1249 1742 non
1267 1715 1297 1741 ab
1316 1715 1428 1746 homine,
1441 1716 1485 1742 sed
1503 1725 1518 1742 a
1533 1716 1585 1742 Deo
1603 1725 1733 1750 responsa
1751 1717 1809 1743 dari

1025 1762 1180 1789 viderentur.
1202 1761 1253 1788 Sed
1269 1761 1333 1795 quid
1359 1761 1433 1788 aliud
1458 1761 1492 1787 ab
1510 1761 1618 1788 homine
1633 1770 1648 1787 a
1665 1761 1719 1788 [ide
1734 1763 1810 1790 Chri-

1024 1809 1112 1837 stiana
1131 1809 1218 1835 alii-no
1237 1807 1351 1842 fideique
1373 1807 1475 1834 lumine
1496 1807 1627 1834 destituto
1645 1813 1810 1842 exspectan-

1024 1855 1088 1882 dum
1105 1858 1174 1887 erat,
1190 1861 1270 1888 quam
1286 1852 1408 1888 prodigia
1429 1853 1520 1879 divina
1544 1853 1655 1885 virtute,
1675 1854 1810 1888 impulsi.-

1024 1907 1076 1935 que
1091 1903 1199 1934 peracta
1213 1899 1238 1925 in
1252 1899 1384 1925 humanas
1394 1899 1601 1933 superstitiones
1614 1899 1813 1935 illusionesque

1025 1946 1177 1972 dtemonuin
1201 1943 1322 1979 referre?
1343 1942 1453 1970 Fatetur
1470 1948 1560 1970 tamen
1576 1944 1635 1978 ipse
1657 1945 1811 1978 veritatem,

1026 1991 1146 2018 veritatis
1164 1990 1283 2025 ignarus.
1299 1988 1320 2015 0
1339 1989 1391 2015 vim
1411 1989 1534 2015 veritatis
1551 1990 1669 2016 rationis
1688 1990 1813 2017 humanae

1025 2036 1172 2064 asseclam!
1192 2037 1263 2066 aliud
1280 2039 1339 2064 erat
1362 2034 1461 2061 divime
1478 2035 1606 2068 potentia:
1624 2035 1724 2062 tribuit
1745 2037 1812 2063 invi-

1026 2086 1079 2108 tus.
1105 2081 1158 2107 Alii
1184 2080 1245 2108 aliis
1270 2079 1441 2106 somniorum
1462 2079 1708 2114 interpretationes
1728 2081 1812 2108 ascri-

1025 2127 1111 2154 bunt:
1130 2126 1207 2152 Philo
1233 2125 1353 2152 Biblicus
1369 2125 1542 2158 Abrahamo;
1563 2125 1669 2153 Plinius
1697 2127 1746 2153 lib.
1766 2135 1811 2159 vn,

1025 2173 1206 2208 Amphitrioni
1225 2171 1396 2203 Deucalionis
1415 2171 1485 2203 lilio;
1501 2171 1628 2203 Clemens
1649 2173 1814 2200 Alexandri-

187 2224 212 2246 et
227 2219 334 2251 altaris,
351 2220 404 2246 sive
417 2219 444 2246 in
458 2224 595 2254 portarunt
611 2221 735 2252 exitibus,
754 2222 798 2255 qui
811 2221 909 2248 Silaem
924 2222 973 2248 du-
988 2225 1012 2255 ι)
1026 2227 1078 2246 nus
1095 2218 1265 2246 Terruisszcis
1282 2218 1389 2252 pupulis
1404 2217 1501 2253 Lyciae.

189 2270 261 2295 cunt.
276 2265 356 2292 rubra
381 2273 448 2292 saxa
470 2270 661 2298 nlottstrantes,
688 2265 826 2294 Zacharite
848 2268 974 2302 sanguine

188 2317 281 2346 putant
292 2320 349 2339 esse
361 2313 473 2347 polluta.
495 2312 555 2339 Non
575 2312 777 2340 condemnamus
793 2322 917 2346 errarent,
931 2315 975 2350 qui

188 2358 221 2384 de
233 2358 293 2385 odio
308 2359 462 2386 Iudaeorum
477 2363 501 2386 et
514 2358 575 2393 ﬁdei
586 2360 682 2392 pietate
694 2359 836 2386 descendit.

225 2403 366 2442 lbid.,_lin.
391 2405 435 2432 38.
463 2405 558 2438 Ἀλλη
586 2404 619 2431 δέ
638 2413 681 2437 τις
707 2405 833 2438 ιστορία.
856 2404 974 2440 Cyrillus

189 2449 400 2481 Alexandrinus,
426 2449 551 2476 adversus
577 2448 976 2484 Anthropomorphitas:061:0;

189 2495 278 2522 τοίνυν
293 2495 354 2530 ότῷ
368 2495 529 2531 προφητικῴ
545 2495 684 2531 Hyadum-ct
699 2495 766 2531 πρὸς
779 2495 827 2531 τὴν
838 2495 891 2522 τῶν
900 2504 976 2532 κκρυ-

190 2541 265 2567 τετῶν
272 2541 371 2575 γνῶσιν
378 2550 418 2576 χει
422 2542 548 2577 ροιγωγού
553 2550 641 2576 μενος,
651 2542 681 2568 τὸ
693 2551 728 2577 μυ
733 2543 780 2577 στή
784 2551 840 2578 ριον
847 2543 896 2577 τῆς
904 2552 942 2569 πα
946 2552 975 2578 ρ-

191 2586 280 2619 ῦενίας
295 2588 342 2613 ἐπὶ
355 2587 401 2613 τοῦ
419 2587 537 2623 ἀφθόρου
565 2588 644 2614 τόκου
662 2589 841 2623 κατανοήσας,
859 2590 890 2619 οὐ
912 2598 976 2616 κοιτ-

191 2631 283 2667 έγρινε
302 2632 341 2667 τῷ
360 2633 415 2668 ναῷ
438 2633 483 2659 τοῦ
503 2635 559 2665 τοῖς
582 2632 728 2669 παρθένοις
751 2634 819 2661 κατὰ
835 2635 880 2660 τὸν
896 2636 976 2670 νόμον

192 2677 455 2714 ἁτοκεκληρωμὲνου
472 2679 555 2705 τόπου
570 2679 619 2714 τὴν
632 2679 769 2714 πάναγνον
792 2680 898 2716 μητέρα
908 2688 914 2696 ·
937 2680 974 2707 δι-

193 2722 299 2748 ὂὰπκων
315 2723 377 2755 τοὺς
398 2724 549 2756 Ἰουδαίους,
567 2725 607 2751 ὅτι
625 2726 640 2751 ὁ
655 2726 708 2752 τῶν
727 2725 795 2752 ὅλων
813 2725 977 2762 δημιουργὸς

194 2767 241 2792 καὶ
257 2766 380 2800 βασιλεὺς
394 2769 483 2805 πάσης
500 2769 614 2801 κτίσεως
638 2771 791 2807 ὑποχείριον
817 2771 871 2806 ἔχει
889 2772 977 2807 ἑαυτῴ

197 2809 265 2844 μετὰ
289 2811 396 2838 πάντων
411 2813 461 2848 τὴν
474 2813 646 2850 ἀνθρωπίνην
660 2815 751 2849 φύσιν,
769 2816 807 2851 τῷ
825 2816 880 2851 ἰδίῳ
897 2817 976 2852 θελή-

198 2866 260 2898 μλγτι
277 2857 343 2894 πρὸς
369 2858 399 2884 τὸ
421 2858 513 2885 δοκοῦ-ι
529 2859 612 2894 ἄγων,
639 2861 689 2887 οὐκ
710 2862 787 2892 αὐτὸς
803 2862 854 2887 ὑπὸ
877 2863 977 2897 ταύτης

1061 2265 1120 2292 Col.
1146 2264 1212 2295 777,
1242 2264 1289 2290 lin.
1311 2263 1355 2290 55.
1384 2264 1532 2297 Πρότερον
1555 2263 1699 2291 ἕκαστον.
1725 2264 1812 2292 Verba

1025 2315 1163 2346 postrema
1190 2309 1284 2336 Jacobi
1303 2309 1336 2335 ad
1360 2309 1431 2336 lilios
1460 2309 1486 2336 in
1511 2309 1600 2337 vicina
1628 2314 1720 2337 morte
1742 2311 1813 2338 dicta

1025 2365 1092 2384 usus
1108 2355 1227 2382 obtinuit
1242 2359 1271 2381 ut
1293 2355 1497 2382 benedictiones
1519 2360 1695 2382 vocarentur.
1713 2355 1811 2383 Verum

1026 2402 1196 2433 Ambmsius,
1210 2402 1256 2428 lib.
1275 2401 1311 2428 De
1327 2401 1453 2428 benedici.
1465 2401 1624 2435 patriarch.,
1635 2407 1662 2428 et
1676 2400 1811 2431 Bullinus.

1025 2449 1073 2477 lib.
1094 2449 1215 2484 ejusdem
1234 2448 1323 2483 tituli;
1339 2452 1365 2474 et
1380 2447 1577 2479 Thcodoretus,
1594 2451 1695 2482 qua-st.
1713 2449 1764 2475 ult.
1787 2450 1812 2474 in

1027 2494 1132 2532 σειιεδἼ
1155 2501 1208 2520 non
1225 2493 1431 2520 benedictiones
1448 2492 1575 2524 illas,sed
1585 2493 1678 2527 potius
1697 2493 1813 2529 prophe-

1026 2542 1079 2568 tias
1096 2549 1150 2567 non
1167 2540 1226 2567 sine
1242 2540 1348 2573 ratione
1362 2538 1509 2573 appellant.

1064 2586 1145 2617 lbid.,
1160 2586 1207 2612 lin.
1226 2585 1270 2612 55.
1289 2584 1344 2611 Kal
1359 2583 1415 2617 τὴν
1429 2583 1487 2618 μὲν
1507 2584 1659 2617 εὐλογίαν.
1681 2583 1813 2620 Hierony-

1028 2640 1097 2660 mus.
1113 2632 1256 2664 Qua'stion.
1267 2630 1402 2656 Hebraicis
1418 2630 1443 2656 in
1456 2628 1561 2661 Genes.,
1573 2629 1652 2662 verba
1665 2628 1761 2657 Jacobi
1779 2630 1812 2657 ita

1027 2679 1143 2712 explicat
1157 2686 1163 2702 :
1179 2677 1228 2708 Tu,
1241 2676 1375 2709 Ruben,es
1385 2677 1573 2711 primogenita:
1589 2685 1673 2708 meus,
1684 2677 1774 2711 major
1789 2677 1814 2703 in

1028 2724 1127 2756 liberis,
1139 2729 1162 2750 et
1177 2723 1283 2750 sedebas
1295 2723 1377 2757 juxta
1400 2722 1518 2750 ordinem
1538 2723 1688 2751 nativitatis
1707 2728 1771 2755 tum,
1791 2728 1812 2749 et

1028 2770 1217 2801 liazreditatem,
1230 2777 1288 2804 qua:
1301 2770 1479 2804 primogenitis
1487 2769 1548 2803 jure
1561 2768 1716 2801 debebatur,
1729 2778 1810 2796 sacer-

1029 2816 1129 2843 dotium
1142 2816 1240 2842 scilicet
1254 2820 1278 2842 et
1294 2823 1400 2850 regnum
1420 2815 1535 2848 accipere
1547 2814 1658 2841 debebas
1668 2835 1674 2841 .
1695 2815 1743 2841 hoc
1756 2815 1809 2849 qni-

1029 2863 1086 2890 dem
1106 2863 1130 2889 in
1151 2862 1281 2896 portando
1300 2869 1386 2895 onere,
1402 2867 1426 2888 et
1441 2861 1584 2898 pravalido
1599 2863 1692 2888 robor:
1709 2861 1811 2889 ἀρηιίηι
