1900 3070
67 154 134 183 1025

592 156 624 183 ΙΝ
644 157 829 186 EUSTATIIH
846 158 1081 187 HEXAEMERON
1100 160 1213 189 ΝΟἸᾹΞ.

1629 167 1697 196 10ίὸ

65 215 178 238 uratur.
200 210 312 242 Verum,
328 211 390 246 quia
405 212 536 245 peccasti,
568 217 593 238 et
614 213 692 247 quasi
707 222 787 249 aqua,
804 223 862 249 qure

919 215 1060 250 Ἐϐραίους
1082 216 1236 253 διατεθῆναι
1252 218 1322 245 κατὰ
1341 218 1436 254 φθόνον
1452 220 1500 256 τῆς
1514 221 1694 257 εὐδαιμονίας,

66 256 172 282 vasculo
190 264 247 283 non
275 261 386 290 tenetur,
407 257 549 292 voluptatis
573 259 673 292 eﬂ'usus
701 269 727 287 es
751 261 856 294 impetu,

65 302 164 328 idcirco
177 303 309 337 pra'cipio
325 302 383 334 tibi,
402 307 429 329 ut
451 303 520 330 ultro
546 312 597 330 non
612 313 711 339 pectes,
729 307 814 341 sisque
832 307 865 334 in.

65 347 182 381 fratrum
202 356 315 374 numero
329 356 431 382 paruam
449 357 480 375 ea:
498 355 603 383 peccato
624 353 707 382 luens,
721 353 789 387 quod
802 354 857 384 pri-

65 393 192 427 mogeniti
218 394 341 420 ordinent
366 395 514 428 perdidisti.
539 395 635 424 Ruben
662 399 734 425 enim
755 399 858 431 dormi:

65 443 139 466 verat
166 445 233 464 cum
260 438 323 465 Bala
342 448 425 467 uxore
447 441 530 475 patris
556 442 608 472 sui,
640 442 754 477 ideoque
781 445 858 472 multi

65 485 253 515 allii-marum,
269 489 328 519 post
343 485 368 512 id
385 490 491 521 tempus
503 487 635 514 Jacobnm
653 496 713 515 cum
728 489 788 516 Bala
802 498 858 517 rem

65 537 118 557 non
136 530 285 557 habuisse.
303 530 450 558 Historiam
464 536 553 558 tamen
569 531 640 559 hanc
654 533 692 559 uti
717 533 816 560 falsam
832 538 859 561 et

65 577 98 602 ab
118 573 247 603 Hehrzeis
272 575 414 603 conﬁciant
437 576 537 603 refellit
559 577 732 610 Ambrosius,
751 579 798 606 lib.
823 580 860 608 De

65 620 192 647 benedict.
219 620 367 647 Patriarch
381 641 388 654 ,
407 629 466 656 cap.
484 622 521 648 2:
539 621 638 654 Judari,
655 622 752 658 inquit,
766 629 858 658 putant

66 665 149 692 Iacob
161 666 271 693 dixisse
286 667 333 692 hoc
345 667 379 693 ad
394 666 494 698 Ruben,
505 669 565 702 quia
579 676 637 694 cum
651 659 795 696 concubina
810 678 859 696 sua

65 710 133 737 Bata
150 710 344 743 concubuerat,
356 715 380 737 et
396 711 512 745 patrium
524 711 627 737 t/torum
644 712 776 746 petiuerat
789 720 798 743 ;
815 712 859 738 sed

67 755 144 790 facile
160 755 335 790 refelluntur.
349 755 407 783 Hoc
420 757 486 783 enim
499 761 555 783 erat
568 761 628 783 ante
641 762 759 792 gestum;
776 757 858 785 Iacob

67 806 153 828 autem
169 810 225 828 non
250 810 282 829 ea
307 811 365 837 quae
391 809 463 837 gesta
475 808 572 834 erant,
593 802 638 830 sed
668 811 726 838 quce
752 809 860 831 uentura

68 853 142 875 eram
158 848 186 875 in
209 849 363 876 novissimis
379 848 470 876 diebus
492 848 627 884 professus
639 853 677 876 est
699 858 726 877 se
742 858 797 877 esse
817 849 858 876 di-

67 899 183 920 cturum.
505 920 509 925 ,

102 939 161 967 Col.
177 940 244 972 777,
261 940 309 967 lin.
325 940 369 967 37.
385 940 410 966 '0
427 939 461 966 δὲ
474 940 591 973 Ῥουείμ
604 941 751 975 ἡττηθείς.
765 940 859 968 Ruben

69 985 94 1012 in
104 989 255 1020 paternum
267 986 368 1012 lectum
379 985 474 1012 rabido
490 986 606 1020 quodam
617 987 709 1013 furore
718 986 859 1018 insiliisse,

70 1031 186 1066 ideoque
213 1039 329 1066 regnum
353 1037 380 1059 et
405 1031 600 1063 sacerdotium,
619 1032 727 1059 tametsi
760 1032 860 1067 alioqui

71 1081 133 1103 natu
159 1078 272 1112 primus
296 1080 380 1108 esset,
403 1084 456 1103 non
478 1076 563 1104 fuisse
589 1082 784 1109 consecutum.
813 1077 860 1105 Sed

71 1120 144 1152 Levi.
163 1123 199 1149 ob
220 1123 408 1153 sanctitatem.
430 1127 454 1149 et
471 1124 610 1158 pietatem,
635 1129 662 1151 et
682 1124 746 1159 quia
775 1124 861 1151 divini

72 1168 182 1195 honoris
197 1175 287 1195 causa
300 1172 478 1203 cognatorum
497 1170 630 1204 sanguine
653 1178 750 1197 manus
765 1170 860 1204 imple—

72 1214 166 1245 visset,
192 1213 352 1241 sacerdotio
366 1213 507 1246 donatum,
535 1219 561 1241 et
581 1214 678 1242 Judam
694 1221 805 1250 propter
821 1216 861 1242 in-

74 1263 176 1293 tegi-um
202 1259 351 1293 judicium,
370 1263 396 1286 et
413 1263 516 1286 rectam
534 1260 675 1287 scientiam
699 1261 800 1295 regiam
817 1260 860 1287 di-

73 1305 200 1340 gnitatem
228 1306 386 1332 obtinuisse
413 1305 535 1332 insinuat
564 1306 685 1334 Isidorus
709 1305 859 1337 Pelusiota,

74 1351 120 1378 lib.
135 1359 164 1382 ιι,
180 1351 265 1385 epist.
285 1351 331 1383 48,
343 1354 370 1378 et
388 1351 528 1378 concludit
542 1360 548 1377 :
563 1351 670 1387 Ἐπειδὴ
688 1351 742 1387 γὰρ
757 1352 860 1384 πολλοὶ,

73 1396 105 1424 τὰ
119 1397 206 1424 οἰκεῖα
222 1398 392 1433 κρύπτοντες
409 1397 643 1432 πλημμελήματα,
656 1398 764 1433 ἑτέρους
778 1406 861 1424 κατα-

74 1441 225 1474 δικάζουσιν
236 1452 245 1458 ·
261 1441 337 1474 οὗτος
351 1443 380 1469 δὲ
393 1442 489 1469 ἑαυτοῦ
507 1443 556 1478 μὲν
571 1443 790 1478 κατεψηφίσατο,
811 1443 861 1479 τὴν

74 1487 100 1514 δὲ
108 1488 310 1523 πεπορνεῦσθαι
322 1488 493 1523 νομισθεῖσαν
505 1488 643 1523 ἀπήλλαξε
655 1488 704 1524 τῆς
711 1489 845 1524 τιμωρίας
852 1497 859 1504 θ

76 1531 118 1559 διὰ
133 1532 212 1559 τοῦτο
224 1533 342 1564 εἰκότως
356 1533 406 1567 τῆς
422 1532 560 1567 βασιλείας
574 1533 693 1567 ἠξιοῦτο.

107 1578 186 1610 lbid.,
204 1580 257 1605 lin.
275 1580 319 1605 53..
347 1579 597 1611 Telsvtritrarroc.
614 1578 760 1614 Josepltus,
782 1579 860 1606 Anti-

77 1623 151 1657 quit.,
165 1625 212 1652 lib.
235 1633 254 1652 ll
267 1634 273 1651 :
284 1624 401 1660 Τελευτᾷ
416 1624 444 1650 δὲ
462 1624 535 1659 βιοὺς
557 1625 604 1660 ἔτη
621 1625 655 1651 τὰ
675 1624 763 1651 πάντα
779 1625 863 1660 τριῶν

75 1668 164 1696 δέοντα
177 1671 348 1705 πεντήκοντα
364 1670 409 1697 καὶ⁴
424 1670 530 1702 ἑκατὸν,
549 1670 660 1705 μηδενὸς
672 1671 720 1706 μὲν
735 1670 787 1697 τῶν
799 1679 863 1706 προ-

76 1714 158 1747 γόνων
178 1716 349 1751 ἀποληφθεὶς
366 1717 408 1742 ἐπ’
427 1716 552 1752 εὐσεϐείᾳ
567 1716 614 1742 τοῦ
637 1716 715 1749 Θεοῦ,
731 1716 820 1752 τυχὼν
836 1717 864 1743 δὲ

77 1759 199 1797 ἀμοιϐῆς,
222 1761 259 1798 ἦς
274 1763 375 1789 δίκαιον
396 1761 437 1798 ἦν»
449 1762 585 1794 τοσούτοις
607 1763 708 1797 ἀγαθὸν
724 1764 862 1798 γεγονότα.

83 1806 210 1843 Ἰώσηπος
237 1809 276 1841 δὲ,
304 1809 530 1844 συγχωρήσαντος
554 1809 628 1844 αὐτῷ
651 1809 698 1836 τοῦ
723 1809 863 1844 βασιλέως,

79 1853 121 1880 τὸν
138 1854 185 1881 τοῦ
211 1856 316 1890 πατρὸς
335 1856 435 1891 νεκρὸν
452 1856 492 1887 εἰς
515 1854 646 1890 Χεϐρῶνα
660 1856 787 1891 κῖνμίσας,
809 1857 866 1883 ἐκεῖ

81 1898 173 1927 θάπτει
187 1901 352 1934 πολυτελῶςς

113 1945 168 1973 Col.
184 1947 246 1979 780,
264 1948 311 1974 lin.
329 1947 353 1974 1.
370 1947 424 1975 Καὶ
444 1948 463 1981 ἡ
485 1948 662 1982 τερέϐινθος.
681 1947 719 1974 De
738 1947 797 1982 ejus
813 1948 865 1974 mi-

81 1992 201 2019 raculosa
236 1994 364 2028 antiquit.
395 1993 546 2027 Josephus,
578 1993 616 2021 De
644 1994 710 2020 belio
739 1993 863 2024 Iudaico,

81 2033 126 2062 lib.
143 2045 169 2067 ν,
186 2038 327 2064 Δείκνυται
346 2039 373 2064 δὲ
395 2039 448 2065 ἀπὸ
465 2039 577 2066 σταδίων
600 2039 629 2072 ἒξ
647 2038 695 2065 τοῦ
715 2039 810 2070 ἄστεος
822 2047 865 2064 τε-

83 2081 344 2119 ρέϐινθος-μεγίστη,
367 2084 413 2110 καί
428 2093 493 2118 φασι
511 2085 541 2111 τὸ
553 2084 660 2120 δένδρον
678 2084 732 2110 ἀπὸ
743 2084 795 2118 τῆς
809 2083 866 2109 κτί-

82 2133 145 2159 σεως
160 2129 299 2165 μέχριινῦν
313 2129 449 2163 διαμένειν
459 2138 466 2144 ι
484 2129 517 2156 de
532 2137 563 2156 ea
581 2129 742 2155 Africanus:
757 2126 864 2159 Ἰακὼϐ,

82 2174 242 2209 ἀπαρεσθέις
262 2177 317 2206 τοῖς
337 2176 388 2201 ore.
414 2175 526 2210 Συμεὼν
552 2176 600 2202 καὶ
620 2174 686 2202 Λευῖ
706 2173 866 2209 πραχθεῖσιν

916 261 1046 296 Ὀρῶντες
1066 262 1119 298 γὰρ
1134 262 1187 289 τῶν
1208 264 1379 299 Ἰσραηλιτῶν
1398 266 1474 300 γένος
1498 267 1631 302 ἀκμάζον,
1648 270 1696 297 καὶ

908 306 939 333 δι’
956 308 1055 344 ἀρετὴν
1073 309 1118 335 καὶ
1141 309 1209 344 πρὸς
1229 310 1259 336 τὸ
1282 312 1372 337 πονεῖν
1386 313 1497 345 εὐφυΐαν
1516 313 1612 349 πλήθει
1627 324 1696 351 χρη-

911 354 1002 387 μάτων
1017 354 1066 389 ἤδη
1085 354 1227 391 λαμπροὺς
1246 355 1307 382 καθ’
1328 357 1416 383 αὐτῶν
1431 357 1567 391 αὒξεσθαι,
1585 360 1696 392 τούτους

909 399 1098 434 ὑπελάμϐανον
1109 408 1115 414 ·
1131 398 1168 427 ὦν
1187 402 1211 427 τ’
1227 399 1297 436 ἦσαν
1317 400 1346 428 εὖ
1367 402 1417 428 ὑπὸ
1441 404 1569 439 Ἰωσήπου
1583 414 1697 442 τετυχη-

909 446 986 476 κότες
1000 445 1043 472 διὰ
1057 446 1152 481 χρόνου
1169 447 1256 482 μῆκος
1271 448 1355 483 λήθην
1367 448 1504 481 λαϐόντες,
1516 452 1562 477 καὶ
1578 451 1626 486 τῆς
1645 452 1696 486 βα-

910 491 1011 523 σιλείας
1031 493 1072 523 εἰς
1095 492 1173 519 ἄλλον
1194 491 1267 520 οἶκον
1292 494 1510 529 μετεληλυθυίας,
1541 497 1634 529 δεινῶς
1654 500 1696 525 ὲν-

910 537 1018 571 ύεριζον
1043 539 1106 569 τοὺς
1127 538 1370 574 Ἱσραηλίτας,καὶ
1398 540 1582 576 ταλαιπωρίας
1605 543 1696 576 αὐτοῖς

909 582 1032 614 ποικίλας
1050 583 1185 609 ἐπενόουν.
1202 583 1279 611 Philo
1296 585 1343 612 lib.
1364 585 1402 612 De
1421 587 1474 612 vita
1497 586 1596 621 Moysi:
1615 596 1623 615 :
1640 590 1696 624 Τῆς

910 627 999 663 χώρας
1015 629 1029 654 ἢ
1041 628 1176 664 βασιλεὺς,
1193 630 1233 661 εἰς
1243 631 1466 667 πολυανθρωπίαν
1479 633 1638 666 ἐπιδιδόντος
1653 636 1696 662 ἀεὶ

912 673 959 698 τοῦ
975 673 1076 705 ἔθνους,
1089 674 1180 705 δείσας
1196 674 1232 710 μὴ
1253 677 1277 701 οὶ
1294 676 1406 708 ἔποικοι,
1426 677 1533 709 πλείους
1547 679 1694 715 γενόμενοι⁷

912 718 1084 755 δυνατωτέρα
1104 720 1175 755 χειρὶ
1197 723 1254 754 τοῖς
1274 723 1414 758 αὐτόχθοσι
1436 725 1498 760 περὶ
1515 725 1630 760 κράτους
1648 726 1697 761 ἁρ-

911 765 961 799 χῆς
978 765 1152 800 ἁμιλλῶνται,
1169 767 1218 803 τὴν
1234 769 1309 803 ἰσχὺν
1325 769 1413 795 αὐτῶν
1430 770 1555 806 ἀφαιρεῖν
1565 772 1696 804 ἐπινοίαις

909 810 1094 846 ἀνοσιουργοῖς
1111 813 1265 847 ἐμηχανᾶτο
1276 823 1283 829 ·
1296 814 1343 840 καὶ
1356 814 1459 841 κελεύει
1475 815 1529 842 τῶν
1544 817 1696 852 γενομένων

909 855 944 881 τὰ
964 856 1013 890 μὲν
1028 856 1111 891 θήλεα
1122 858 1241 893 τρέφειν,
1267 858 1338 894 (ἐπεὶ
1351 861 1419 895 γυνὴ
1433 860 1476 887 διὰ
1491 861 1596 895 φύσεως
1615 862 1696 889 ἀσθέ-

910 910 983 927 νειαν
1003 902 1117 938 ὀκνηρὸν
1138 904 1178 935 είς
1202 904 1348 939 πόλεμονο)
1367 905 1401 932 τὰ
1420 905 1441 932 δ’
1458 907 1560 942 ἄρρενα
1576 907 1697 944 διαφθεί-

912 956 978 983 ρειν.
994 948 1086 984 ἵναμὴ
1102 948 1203 985 αὐξηθῇ
1226 951 1295 977 κατὰ
1318 951 1416 983 πόλεις.
1438 953 1513 979 Ἐπεὶ
1532 955 1696 991 εὐανδροῦσα

909 993 1022 1028 δύναμις
1042 995 1194 1022 δυσάλωτον
1213 996 1260 1022 καὶ
1279 996 1488 1033 δυσκαθαίρετον
1511 1000 1701 1037 ἐπιτείχισμα,

911 1039 985 1066 lianc
1011 1044 1099 1067 autem
1124 1044 1328 1076 oppressionem
1351 1043 1486 1072 Eusebius
1515 1046 1542 1073 in
1566 1046 1696 1074 Chronico

909 1089 986 1120 putat
1004 1086 1096 1113 statim
1122 1088 1240 1122 cmpisse
1262 1096 1276 1115 a
1293 1093 1379 1116 morte
1400 1088 1512 1125 Ioseph,
1535 1096 1560 1118 et
1581 1092 1696 1120 durasse

909 1137 988 1156 cxuv
1000 1131 1096 1164 annis;
1117 1131 1221 1159 l'lebrzei
1243 1133 1269 1159 in
1282 1138 1367 1160 morte
1380 1133 1454 1166 Levi,
1470 1139 1496 1162 et
1509 1135 1622 1164 durasse
1633 1144 1695 1164 cxvr

910 1178 1006 1209 annis;
1035 1175 1190 1205 Torniellus
1216 1178 1294 1205 initio
1310 1179 1384 1214 regni
1410 1179 1588 1216 Amenophis,
1606 1186 1632 1209 et
1647 1183 1697 1209 du-

909 1228 987 1248 rasse
1002 1229 1045 1249 cvt
1061 1223 1158 1255 annis;
1176 1223 1304 1251 Pererius
1320 1232 1378 1251 eam
1389 1224 1502 1255 durasse
1521 1233 1631 1254 Lxuvu
1648 1235 1696 1254 an-

910 1267 953 1294 nis
965 1275 971 1300 ;
988 1267 1130 1296 Cornelius
1143 1277 1158 1295 a
1170 1269 1271 1304 Lapide
1284 1271 1309 1297 in
1320 1271 1404 1305 primo
1419 1272 1504 1305 capite
1514 1271 1599 1301 Exod.
1616 1274 1697 1308 paulo

911 1319 972 1341 ante
988 1314 1155 1342 nativitatem
1179 1315 1289 1351 Moysis,
1317 1322 1343 1344 et
1364 1317 1478 1346 durasse
1495 1326 1537 1350 xc,
1562 1320 1622 1354 plus
1646 1321 1698 1347 mi-

910 1366 962 1386 nus
997 1360 1087 1392 annis,
1118 1361 1223 1388 scilicet
1245 1362 1336 1389 decem
1367 1363 1447 1390 annis
1478 1367 1540 1391 ante
1566 1365 1696 1400 llloysom,

911 1409 938 1431 et
962 1412 1031 1431 Lux
1065 1405 1145 1432 annis
1171 1407 1279 1433 vivente
1305 1405 1415 1442 Moyse,
1441 1416 1503 1435 cum
1530 1417 1600 1436 nu
1627 1418 1698 1439 anno

911 1450 974 1477 vita:
999 1458 1054 1478 suae
1069 1450 1175 1487 Moyses
1192 1459 1223 1480 ex
1253 1460 1294 1485 ea,
1318 1457 1345 1480 et
1369 1461 1402 1480 ex
1426 1454 1544 1490 Aigypto
1571 1455 1698 1485 Hebraeos

911 1495 1016 1524 eduxit.

947 1540 1024 1573 lbid.,
1041 1542 1088 1569 lin.
1103 1543 1145 1569 {9.
1157 1540 1208 1576 ΕῙς
1221 1543 1254 1570 δέ
1264 1553 1310 1577 τις
1319 1545 1378 1572 τῶν
1391 1546 1468 1580 παρ’.
1481 1546 1616 1581 Josephus
1627 1547 1698 1575 idem

913 1587 1006 1615 habet.
1025 1588 1093 1615 Sunt
1110 1589 1192 1616 etiam
1216 1589 1276 1617 alite
1298 1595 1353 1618 tres
1374 1592 1488 1618 diversa:
1504 1599 1604 1623 causa,
1630 1600 1700 1627 quas

913 1633 995 1665 idem,
1012 1637 1039 1661 et
1058 1633 1143 1664 Philo.
1151 1635 1339 1670 superioribus
1356 1636 1422 1663 locis
1443 1637 1572 1669 innuunt,
1589 1642 1700 1673 propter

913 1688 982 1715 quas
1009 1680 1130 1716 Egyptii
1150 1681 1305 1717 aﬂligebant
1329 1682 1448 1710 Judmos.
1475 1683 1572 1715 Metus,
1599 1692 1632 1711 ne
1657 1684 1701 1712 in-

913 1731 1028 1762 gruente
1045 1727 1116 1755 bello
1132 1734 1162 1754 se
1183 1727 1331 1763 jnngerent
1346 1729 1471 1756 hostibus
1490 1728 1699 1764 Egyptiorum;

915 1773 1027 1804 invidia,
1051 1774 1114 1808 quia
1130 1773 1260 1801 videbant
1278 1775 1339 1802 illos
1364 1775 1457 1802 sobole
1472 1783 1629 1808 numerosa,
1641 1776 1701 1810 pul-

914 1817 990 1848 chra,
1008 1818 1132 1850 robusta.
1154 1819 1271 1855 aliisque
1294 1820 1377 1848 animi
1396 1821 1506 1848 dotibus
1528 1821 1698 1854 instructos;

914 1862 1007 1889 odium
1024 1868 1188 1898 conceptum
1205 1873 1237 1892 ex
1250 1865 1408 1892 diversitate
1434 1865 1585 1900 religionis,
1601 1865 1701 1892 indolis

915 1913 945 1936 et
957 1916 1074 1936 morum.

951 1954 1032 1987 lbid.,
1045 1954 1093 1982 lin.
1108 1955 1153 1983 20.
1169 1956 1369 1991 Προσημαίνει
1380 1956 1421 1989 τῷ
1430 1957 1541 1991 Φαραώ.
1555 1956 1702 1991 Cajetanus

916 2004 994 2034 putat
1006 2000 1092 2028 fuisse
1108 2001 1214 2035 origine
1231 2009 1283 2028 non
1299 2001 1467 2037 Egyptium,
1484 2004 1530 2030 sed
1547 2002 1700 2038 Assyrium.

917 2046 1031 2079 Quidam
1044 2054 1105 2073 cum
1119 2046 1237 2074 Eusebio
1253 2048 1348 2074 dicunt
1361 2049 1445 2076 fuisse
1463 2048 1611 2084 Mcphrem,
1622 2057 1701 2083 quem

917 2089 1051 2117 Eusebius
1068 2096 1194 2125 quartum
1209 2099 1298 2126 regem
1321 2092 1385 2119 facit
1400 2101 1437 2120 ex.
1451 2093 1574 2128 dynastia
1597 2093 1703 2120 decima

917 2141 1023 2168 octava,
1043 2145 1102 2171 quae
1124 2141 1166 2165 est
1188 2137 1386 2165 Politanorum.
1412 2139 1594 2175 Aliiputant.
1619 2139 1704 2167 fuisse

918 2183 1086 2215 Ramessem,
1103 2191 1134 2210 ex
1148 2191 1180 2211 eo
1198 2185 1269 2218 quod
1283 2185 1317 2211 ab
1334 2193 1376 2216 eo,
1390 2190 1419 2212 ut
1432 2186 1549 2217 videtur,
1563 2190 1657 2213 vorata
1668 2186 1704 2213 sit

82 2219 109 2245 ὲν
123 2220 244 2255 Σικίμοις
258 2221 300 2248 διὰ
316 2221 364 2256 τὴν
377 2222 425 2256 τῆς
434 2222 548 2256 ἀδελφῆς
562 2220 664 2256 φθορὰν
679 2221 718 2251 εἰς
730 2220 793 2250 τοὺς
805 2220 864 2245 ἐπι-

920 2229 984 2256 urhs
1003 2228 1140 2262 Ramesse,
1158 2238 1238 2264 quam
1262 2231 1288 2257 in
1305 2231 1357 2257 hac
1376 2231 1520 2259 aﬂltctione
1540 2233 1600 2266 ejus
1622 2232 1703 2265 jussu

83 2266 193 2300 χωρίονς
209 2267 297 2302 θάψας
318 2269 346 2294 ὲν
362 2268 483 2303 Σικίμοις
498 2268 545 2299 οὓς
563 2268 674 2302 ἐφέρετο
691 2266 768 2298 θεοὺς
792 2266 867 2300 παρὰ

83 2311 129 2346 τὴν
144 2313 244 2349 πέτραν
260 2314 312 2340 ὑπὸ
326 2314 373 2349 τὴν
394 2314 548 2349 θαυμασίαν
564 2313 728 2349 τερέϐινθον,
742 2313 801 2347 ἥτις
819 2312 867 2347 μὲ-

84 2365 126 2391 χρι
141 2359 186 2384 νῦν
206 2361 245 2391 εἰς
264 2359 345 2395 τιμὴν
364 2360 418 2387 τῶν
432 2360 606 2396 πατριαρχῶν
620 2360 672 2385 ὑπὸ
689 2359 742 2385 τῶν
759 2359 868 2393 πλησιον-

84 2402 174 2439 χώρων
185 2407 307 2441 τιμᾶται,
325 2408 441 2442 μετῆρεν
456 2408 494 2438 εἰς
506 2407 602 2442 Βεθήλ.
616 2406 722 2441 Ταύτης
737 2404 811 2440 παρὰ
824 2404 868 2430 τὸν

85 2450 200 2485 πρέμνον
222 2453 271 2486 τῆς
287 2453 441 2488 τερεῆίνοου
462 2453 551 2488 βωμὸς
570 2451 614 2489 ἦν,
631 2453 672 2486 ἐφ’
686 2452 716 2478 ὃν
728 2451 778 2482 τὰς
792 2452 868 2477 ἐκτε-

85 2495 154 2527 νε³ας
170 2498 299 2533 ἁνέερερον
323 2500 351 2525 ἐν
365 2501 423 2530 ταῖς
441 2499 609 2535 πανηγύρεσι
627 2499 676 2533 τῆς
690 2498 780 2533 χώρας
800 2497 868 2524 ἔνοιν-

86 2548 134 2567 κοι.
155 2543 220 2576 Quae
235 2546 328 2571 ultima
352 2545 434 2572 verba
451 2546 477 2572 in
497 2547 625 2572 Africano
640 2549 767 2578 corrupta
784 2544 819 2570 ita
834 2551 867 2570 ex

88 2585 224 2617 Eustatixio
237 2591 349 2618 restitue
359 2601 365 2617 :
377 2591 470 2626 Βωμὸς
482 2589 525 2626 ἦν,
540 2591 581 2625 ἐφ’
593 2591 622 2618 ὃν
635 2592 669 2618 τά
681 2599 710 2617 τε
721 2589 868 2617 ὁλοκαυτώ-

89 2640 155 2666 ματα
169 2638 215 2663 καὶ
232 2637 281 2669 τὰς
296 2638 451 2672 ἑκατόμϐας
469 2638 599 2673 ἀνέφερον
622 2639 651 2664 ὲν
669 2639 728 2668 ταῖς
746 2635 868 2671 πανηγύ-

90 2686 158 2713 ρεσιν
177 2683 199 2708 οί
219 2684 267 2718 τῆς
283 2684 374 2720 χώρας
388 2684 496 2711 ἔνοικοι.

122 2725 197 2759 lbid.,
217 2730 264 2757 liu.
287 2731 319 2757 Η
346 2731 500 2763 Ποικίλαις
521 2738 592 2765 συμ.
614 2730 759 2766 Iosephus,
778 2734 865 2768 Antiq.

90 2767 132 2796 lib.
146 2779 178 2799 ll:
191 2775 347 2808 Αἰγυπτίοις
362 2778 506 2812 τρυφεροῖς
523 2776 570 2802 καὶ
586 2776 717 2812 ῥᾳθύμοις
732 2776 790 2804 οὖσι
800 2778 868 2813 πρὸς

90 2814 190 2852 πόνους,
205 2821 252 2848 καὶ
265 2821 319 2848 τῶν
333 2830 362 2848 τε
375 2822 462 2849 ἄλλων
478 2821 578 2858 ἡδονῶν
591 2822 694 2858 ἥττοσι,
709 2824 755 2850 καὶ
771 2824 802 2860 δὴ
821 2826 868 2850 καὶ

93 2860 224 2896 τῆςγκιιτὰ
246 2867 445 2904 φιλοκέρδειαν,
472 2868 571 2904 συνέϐη
596 2868 690 2900 δεινῶς
715 2869 782 2904 πρὸς
805 2870 867 2902 τοὺς

917 2275 1122 2302 αξύὶιίρονειυιιι
1150 2275 1266 2303 Hebraei.
1291 2275 1429 2304 Gerardus
1456 2276 1589 2304 Mercator
1614 2285 1703 2312 regem

918 2321 990 2348 hunc
1019 2328 1098 2349 vocat
1123 2322 1386 2353 Armesesmianum,
1410 2330 1490 2356 quem
1515 2322 1552 2348 ait
1576 2330 1705 2357 regnasse

918 2375 1004 2399 annos
1019 2375 1091 2401 um,
1110 2373 1135 2395 et
1147 2376 1259 2402 regnare
1275 2368 1390 2402 eoi-pisse
1407 2368 1526 2402 quinque
1538 2375 1623 2394 annos
1641 2371 1704 2395 ante

918 2419 1007 2440 ortum
1023 2414 1133 2449 Moysis.
1148 2414 1301 2441 Toruiellus
1314 2414 1351 2439 ait
1364 2413 1448 2440 fuisse
1457 2413 1644 2447 Amenophim,
1656 2413 1702 2448 qui

919 2459 993 2491 inlS
1008 2460 1132 2495 dynastia
1150 2460 1342 2494 Polytauorum
1360 2460 1494 2494 septimus
1513 2463 1570 2492 est;
1587 2463 1613 2486 et
1631 2459 1704 2486 hunc

918 2506 1027 2540 quidam
1042 2506 1190 2540 opinantur
1204 2506 1287 2532 fuis>e
1302 2504 1482 2535 Memnonem.

953 2548 1042 2583 Ibid,
1056 2551 1104 2579 lin.
1125 2551 1169 2581 9.5.
1186 2551 1277 2585 Ἔργα
1300 2550 1358 2583 μὲν
1383 2550 1494 2583 αὐτοῖς.
1527 2549 1701 2577 Hebraeorum

918 2598 1076 2623 servitutem
1096 2597 1221 2624 acerbam
1239 2587 1366 2631 pluribus
1380 2596 1511 2623 describit
1535 2595 1612 2622 Philo
1629 2596 1676 2623 lib.
1692 2602 1700 2621 t

918 2642 956 2668 De
971 2643 1023 2669 vita
1044 2641 1320 2676 Μουλίις;ι105υι)11ιιδ,
1336 2643 1464 2676 Antiquit.
1482 2642 1528 2668 lib.
1546 2650 1575 2674 ll,
1591 2649 1651 2676 Cap.
1669 2641 1699 2675 5;

919 2689 1076 2715 lizeehielus
1089 2688 1240 2723 Tragmdus
1256 2688 1325 2722 apud
1340 2687 1542 2718 Euscbium.De
1558 2693 1700 2722 prrrparat.

917 2734 1075 2768 evangelica,
1091 2735 1138 2761 lib.
1154 2741 1172 2760 ι.
1190 2734 1226 2761 Ex
1238 2735 1322 2760 nimio
1333 2735 1396 2761 item
1410 2735 1512 2766 labore,
1528 2739 1553 2761 et
1565 2738 1631 2761 aestu
1647 2735 1691 2768 plu

919 2779 980 2805 rimi
1007 2779 1234 2813 corripiebantur.
1257 2783 1283 2806 et
1309 2779 1496 2806 moriebantur
1518 2783 1610 2813 peste,
1631 2786 1701 2814 quos

918 2825 1069 2859 insepultos
1093 2825 1273 2860 projiciebant
1288 2824 1416 2861 (Egyptii.
1441 2825 1529 2860 Opera
1552 2828 1640 2852 autem
1667 2824 1702 2852 ah

919 2870 1054 2907 Egyptiis
1069 2871 1206 2907 imposita,
1223 2871 1340 2908 primum
1353 2871 1471 2900 formare
1487 2871 1572 2899 lutum
1589 2871 1616 2898 in
1632 2871 1699 2898 late-
