1900 3070
208 124 277 152 5M7

891 125 1013 154 LEONIS
1026 127 1162 155 ALLATII

1768 131 1832 158 1068

207 193 262 219 tes,
279 189 438 218 secundum,
457 185 593 214 aedificare
606 187 687 215 urbes
702 187 820 220 Pithom,
833 193 859 215 et
880 188 986 215 Rames-

1059 189 1157 224 ‘6_u.svov
1175 191 1283 218 ἄπωθεν
1309 193 1414 219 ἑστῶσα
1427 193 1474 220 τοῦ
1489 193 1582 225 παιδὸς
1602 194 1618 228 ἡ
1635 193 1753 228 ἀδελφή.
1770 194 1833 222 Ele-

208 238 262 262 ses.
281 231 391 258 tertium
411 231 502 259 Nilum
519 232 547 259 in
567 232 655 260 fossas
676 233 812 261 deducere
828 234 860 260 ad
877 234 993 269 irrigan-

207 277 271 304 dnm
286 277 456 312 singulorum
473 284 565 313 agros,
581 282 607 305 et
623 284 710 313 prata,
730 279 872 314 fossasque
889 280 994 315 aggeri-

206 323 258 351 bus
277 323 396 358 cingere.
417 322 554 359 Iosephus
570 324 683 352 insanas
705 325 924 353 substructiones
939 326 992 362 Py-

207 369 338 398 ramidum
353 370 448 398 tribuit
461 369 591 398 Hebraeis.
604 370 758 406 Artapanus
770 371 884 398 εΤοῧτον
897 372 926 400 δὲ
938 374 993 404 τοῖς

213 415 348 446 Ἰουδαίοις
371 416 480 451 φαύλως
501 417 718 454 προσφέρεσθαι·
742 418 788 444 καὶ
813 418 920 453 πρῶτον
943 419 993 454 μὲν

204 461 254 497 τὴν
267 462 376 488 Κεσσὰν
392 463 577 500 οἰκοδομῆσαι,
603 464 633 491 τό
646 473 675 490 τε
692 465 735 491 ἐπ’
750 465 818 500 αὐτῇ
836 465 907 501 ἱερὸν
925 465 991 492 καθ-

207 506 373 543 ιδρύσασθαι,
385 506 445 535 εἶτα
459 509 504 535 τὸν
518 510 546 536 ἐν
568 509 734 536 Ἡλιουπόλει
748 511 809 537 ναὸν
822 512 992 538 κατασκευά-

206 561 261 579 σαι.
276 552 393 588 Cyrillus
409 552 606 590 Glaphyrornm
626 555 652 581 in
664 554 756 589 Exod.
767 555 813 582 lib.
828 563 835 582 l
851 565 858 582 :
876 556 904 582 '0
919 556 947 582 δὲ
959 556 991 592 δὴ

205 597 355 625 κακοῦσθαι
374 599 473 635 τρόπος
490 598 524 637 ἦν
537 601 551 626 ὀ
566 601 612 627 ἐπὶ
639 601 791 633 σκαπάναις
813 601 901 637 ἱδρὼς,
917 602 992 629 πλιν-

206 642 319 678 θουργία
335 644 430 680 μακρὰ
450 645 497 671 καὶ
513 645 627 681 ἄμισθος
646 647 692 672 καὶ
711 647 764 682 μὴν
779 647 825 674 καὶ
841 647 872 674 τὸ
888 647 992 674 ἀναδεί-

206 689 307 724 μασθαι
323 689 414 722 πόλεις
438 690 538 726 ὀχυρὰς
555 691 592 726 τῷ
610 691 720 728 Φαραὼ,
741 693 864 719 τουτέστι
886 702 991 728 πεπυρ-

205 735 342 770 γωμένας,
360 736 377 771 ἢ
394 735 479 768 οὕτως
499 737 608 773 εὐρείας
630 738 676 764 καὶ
697 738 816 774 μακρὰς.
833 739 870 770 ὡς
893 739 990 775 κομιδῆ

204 782 264 812 ταῖς
279 781 372 814 ἄλλαις
397 780 466 809 εἶναι
491 782 587 816 δοκεῖν,
610 783 654 810 διὰ
676 784 780 820 πληθὺν
803 785 923 820 δηλονότι
937 785 990 812 τῶν

204 827 390 863 ὲνῳκηκότων.
404 828 493 855 Πειθὼ
506 829 534 855 δὲ
545 827 613 865 ἦσαν
623 839 670 857 και
692 830 842 868 Ῥαμεστῆ,
856 832 903 858 καὶ
911 831 989 859 ἄλλαι

205 871 305 904 πόλεις.
318 873 438 901 Tandem
446 881 493 902 eos
509 876 626 903 servisse
641 876 669 903 in
680 865 754 904 omni
770 876 900 906 famulatu
916 885 989 905 com-
1007 865 1028 895 Β

206 919 326 954 perimus
345 919 372 947 in
391 920 519 955 operibus
536 926 625 949 terra}.

239 965 362 1000 Col.780,
371 966 417 993 lin.
427 967 456 994 5|
464 986 470 993 .
480 967 533 994 Kal
546 967 581 994 τὰ
589 969 657 1004 παρ’
665 969 883 1003 αὐτοῖςεδίιιιίιῑιι
892 970 992 998 habent

202 1010 348 1046 Iosephus,
364 1012 454 1047 Philo,
471 1018 498 1042 et
513 1015 570 1045 alii.
587 1014 653 1043 ltem
668 1015 828 1045 Ezechiclus
843 1017 915 1052 apud
935 1017 990 1047 Eu-

203 1059 306 1087 sebium
318 1069 324 1086 :

257 1116 379 1153 Ἐπειτα
389 1118 536 1151 κηρύσσει
543 1118 602 1153 μὲν
621 1118 760 1153 Ἐεραίιιημ
771 1119 849 1153 γένει

259 1151 420 1185 Τάρσενικὰ
432 1151 552 1187 ῥίπτειῦ
561 1151 696 1189 ποταμὸν
705 1155 738 1187 ὲς
747 1151 926 1190 βὰθύρῤοον.

238 1205 317 1240 lbid.,
334 1208 382 1235 lin.
403 1209 450 1243 35.,
474 1209 596 1246 Ἀϐραὰμ
611 1211 742 1246 ὀνόματι.
760 1210 902 1242 Hebraice,
919 1216 946 1239 et
962 1212 991 1239 in

203 1251 298 1281 Bliliis
309 1253 414 1283 Latinis
427 1255 536 1283 Amram
551 1256 661 1292 legitur.
679 1256 765 1284 Graeci
777 1265 833 1285 sum
847 1258 991 1293 orthogra-

203 1299 273 1334 phia:
286 1307 391 1328 canone
407 1301 534 1338 Ἀμὸράμ
549 1303 728 1337 scripserunt,
736 1307 763 1331 et
774 1304 819 1330 alii
833 1309 924 1338 postea
931 1312 991 1332 sua-

201 1346 271 1373 viori
285 1353 352 1375 sono
365 1348 489 1384 Ἀϐραάμ
501 1357 509 1381 ;
535 1350 570 1376 ita
583 1349 735 1378 Demetrius
752 1350 823 1386 apud
831 1351 989 1385 Eusebium,

203 1391 242 1419 De
251 1393 451 1426 prwparatione,
460 1393 506 1422 lib.
517 1402 543 1421 lx
553 1404 560 1428 ;
569 1394 745 1430 Epiphanius,
757 1397 804 1431 qui
818 1402 847 1424 ut
859 1405 921 1424 eum
932 1397 990 1425 dis-

202 1438 307 1473 tinguat
320 1439 354 1467 ab
371 1438 487 1466 Abraam
501 1440 655 1475 patriarcha
668 1442 792 1478 Ἀϐραὰμ
802 1442 914 1478 ἔσχατον
926 1451 988 1470 eum

204 1484 324 1519 appellat
346 1484 374 1512 in
390 1485 521 1521 Ancyroto
532 1494 541 1512 :
558 1487 635 1514 Καὰθ
649 1488 678 1514 δὲ
699 1488 768 1524 μετὰ
788 1489 836 1524 τὴν
853 1490 893 1520 εἰς
907 1489 989 1523 Αἴγυ-

202 1537 267 1556 πτον
291 1530 402 1558 κάθοδον
423 1531 452 1558 ὲν
474 1531 513 1567 τῷ
524 1532 661 1568 ἑξηκοστῷ
687 1536 803 1570 πέμπτῳ
830 1535 913 1562 αὑτοῦ
933 1535 988 1562 ἔτει
1002 1539 1025 1569 c

200 1577 281 1612 γεννᾷ
295 1577 342 1605 τὸν
358 1579 462 1616 πατέρα
476 1580 597 1612 Μωσέως
616 1581 749 1617 Ἁϐραάμ.
765 1582 885 1608 Γίνονται
900 1582 989 1608 τοίνυν

199 1622 254 1652 ἀπὸ
275 1623 321 1650 τοῦ
344 1625 451 1660 πρώτου
477 1626 600 1662 Ἀϐραὰμ
621 1626 668 1653 τοῦ
688 1627 884 1663 ἑϐδομηκοποῦ
904 1628 987 1654 αὐτοῦ

200 1669 324 1704 πέμπτου
333 1670 408 1703 ἔτους
415 1671 467 1703 ἕως
479 1672 528 1707 τῆς
537 1673 669 1706 γενέσεως
677 1673 723 1700 τοῦ
732 1674 846 1708 ἐσχάτου
863 1674 988 1710 ’Λᾶραὰμ

199 1715 249 1754 ἔτη
268 1719 329 1749 tm’;
347 1717 419 1751 quod
439 1717 477 1745 ita
497 1719 644 1754 separavit,
666 1719 732 1754 quia
748 1719 819 1747 idem
845 1720 986 1755 utriusque

199 1769 299 1789 nomen
313 1762 465 1791 videbatur.

235 1807 303 1840 Ibid.
318 1809 452 1839 Γυναῖκα
463 1809 528 1843 τήν.
540 1810 601 1839 Non
613 1810 708 1843 ﬁliam,
721 1812 768 1839 sed
783 1816 890 1847 neptem
904 1811 984 1846 Levi;

199 1861 254 1881 non
280 1855 402 1888 amitam,
426 1857 473 1884 sed
497 1857 689 1885 consobrinam
718 1858 839 1887 Amram.
863 1857 986 1894 Nugatur

197 1908 264 1935 ergo
277 1900 417 1934 Calvinus,
430 1910 493 1929 cum
509 1902 629 1939 Moysem
641 1903 798 1931 incestuoso
810 1905 985 1933 matrimonio

198 1951 359 1982 prognatum
380 1955 442 1975 esse
461 1948 586 1980 allirmat,
607 1949 678 1977 sicut
698 1952 726 1976 et
750 1949 985 1984 impudentissime

198 1996 325 2026 parentes
356 1993 449 2022 ferinae
472 1994 651 2022 immanitatis
687 1995 722 2023 ob
752 1996 837 2030 prolis
868 1997 983 2025 similem

196 2038 395 2072 expositionem
412 2040 585 2073 criminatur.

232 2082 314 2117 lbid.,
331 2083 377 2112 lin.
396 2085 441 2112 '57.
454 2086 509 2115 Καὶ
520 2086 677 2121 ἔκρυπτεν.
693 2086 782 2120 Philo,
795 2087 832 2116 De
843 2089 896 2115 vita
907 2088 984 2124 Moy-

196 2130 233 2156 sis
243 2129 403 2166 ῖΓεννηθεὶς
416 2129 463 2158 οὖν
475 2133 490 2159 ὁ
500 2134 565 2164 ταῖς
579 2133 660 2166 εὐθὺς
673 2133 734 2169 ὄψιν
744 2135 871 2171 ἐνέφηνεν
884 2136 984 2163 ἀστειο-

194 2173 277 2210 τίραν
290 2174 307 2211 ἢ
323 2176 384 2207 κατ’
403 2175 519 2214 ίδιώτην,
532 2177 571 2210 ὠς
586 2179 632 2205 καὶ
653 2179 708 2206 τῶν
724 2180 770 2207 τοῦ
788 2181 919 2218 τυράννου
933 2191 985 2218 κητ

1045 235 1183 263 οΙιίεΙιις,..
1197 237 1234 263 Οὐ
1250 237 1367 265 λαθοῦσα
1380 239 1409 266 δὲ

1084 293 1274 327 Ὑπεξέθηκε,
1291 295 1406 329 κόσμον
1419 295 1578 329 ἀμφιθεῖσά
1588 305 1641 329 μοι

1078 329 1150 362 Hap'
1163 328 1238 363 ἄκρα
1250 330 1382 363 ποταμοῦ
1398 328 1508 357 λάσιον
1517 332 1559 363 εἰς
1568 328 1641 363 ἕλος
1650 331 1747 363 βαθύ.

1078 364 1195 399 Μαριὰμ
1208 363 1234 390 δ’
1251 365 1365 400 ἀδελφή
1378 375 1438 400 μου
1453 365 1640 393 κατώπτευεν
1655 366 1766 400 πέλας.

1043 419 1144 448 Fusius
1159 421 1216 448 haec
1230 422 1320 449 omnia
1332 421 1421 450 Philo.

1078 466 1158 499 lbid.,
1174 467 1221 494 lin.
1237 468 1280 494 41.
1297 469 1351 497 Kal
1362 469 1380 503 ἡ
1393 469 1521 504 θυγάτηρ
1535 470 1588 498 τοῦ
1603 472 1657 498 diu.
1680 470 1785 498 Eadem
1798 472 1832 500 le-

1042 516 1144 546 guntur
1161 513 1231 547 apud
1244 512 1426 545 Ezechielum,
1440 513 1592 547 Philonem,
1601 514 1770 550 Josephum,
1781 516 1832 545 Cle-

1042 561 1159 585 mentem
1178 558 1402 591 Alexandrinum,
1417 564 1444 588 et
1456 561 1534 589 alios.

1075 602 1155 635 lhid.,
1167 603 1214 631 lin.
1224 604 1268 632 44.
1285 606 1452 640 Ἀποροῦσα
1459 608 1573 640 παιδός.
1581 607 1746 642 Artapanus
1756 608 1832 635 :Toi-

1041 658 1085 676 τον
1094 650 1121 676 δὲ
1127 650 1394 687 γεννῆσαιθυγατέρα
1402 653 1515 689 Μέρῤιν,
1526 653 1559 689 ἡν
1567 654 1696 690 Χενεφρῇ
1705 663 1763 681 τινι
1773 663 1833 681 κατ-

1042 697 1184 731 εγγυῆσαι,
1199 697 1253 724 τῶν
1274 697 1345 733 ὑπὲρ
1358 698 1468 733 Μέμφιν
1474 699 1562 726 τόπων
1570 700 1756 735 βασιλεύοντι.
1770 701 1832 726 Πολ-

1041 741 1102 774 λοὺς
1109 742 1163 777 γὰρ
1170 742 1229 769 τότε
1238 742 1287 778 τῆς
1295 743 1432 777 Αἰγύπτου
1441 744 1602 780 βασιλεύειν.
1613 746 1726 781 Ταύτην
1732 746 1763 772 δὲ
1772 747 1833 772 στεί-

1043 797 1091 824 ραν
1100 789 1274 824 ὑπάρχουσαν
1286 790 1466 819 ὑποόαλέσθαι
1476 792 1548 824 τινὸς
1555 792 1609 819 τῶν
1628 792 1771 819 Ἰουδαίων
1780 801 1834 819 παι.

1040 833 1105 862 δίον.
1121 834 1238 862 Τοῦτοδὲ
1247 835 1364 864 Μώῡσον
1371 837 1501 872 ὀνομάσαι
1511 859 1518 870 ,
1530 838 1583 865 ὑπὸ
1591 838 1620 864 δὲ
1631 838 1687 865 τῶν
1703 838 1833 873 Ἑλλήνων

1042 880 1122 907 αὐτὸν
1134 881 1302 916 ἀνδρωθέντα
1316 883 1452 910 Μουσαῖον
1470 884 1740 920 προσαγορευθῆναι,
1760 885 1832 911 Γενέ-

1043 926 1103 952 σθαι
1112 926 1141 952 δὲ
1150 926 1194 953 τὸν
1202 927 1316 955 Μώὓσον
1327 929 1421 955 τοῦτον
1428 930 1547 965 Ὀρῳέως
1554 930 1727 957 διδάσκαλον.
1738 929 1830 956 Mirum

1041 975 1095 1004 est,
1114 975 1143 999 ut
1159 977 1256 999 auctor
1271 973 1322 1000 iste
1342 974 1369 1000 in
1387 973 1530 1002 referenda
1547 974 1730 1002 Hebraorum
1749 974 1832 1002 histo-

1041 1015 1082 1043 ria
1098 1017 1234 1049 excutiat,
1255 1018 1475 1054 inconcinnaque
1493 1019 1617 1052 scribat;
1635 1024 1664 1047 et
1678 1020 1771 1047 ausim
1791 1019 1830 1046 di-

1041 1069 1114 1094 cere,
1127 1068 1193 1098 qunt
1206 1064 1301 1096 verba,
1318 1068 1358 1092 tot
1374 1073 1436 1093 eum
1452 1073 1561 1093 errores
1575 1066 1766 1094 commisisse.
1780 1066 1831 1093 Eo-

1042 1117 1101 1136 rum
1116 1111 1250 1138 correctio
1262 1119 1294 1141 ex
1302 1111 1403 1140 divinis
1415 1112 1513 1140 litteris
1525 1112 1552 1139 in
1562 1116 1691 1147 promptu
1703 1117 1747 1140 est
1761 1122 1769 1145 ;
1784 1120 1831 1140 nec

1042 1155 1103 1190 plus
1123 1155 1262 1191 Artapano
1287 1157 1381 1185 sanior
1398 1157 1525 1186 Justinus
1552 1158 1717 1191 historicus,
1742 1159 1831 1186 omni}

1041 1208 1144 1236 susque
1159 1201 1411 1237 dequeztranSVersa
1434 1204 1500 1239 agit,
1517 1212 1577 1239 qua;
1598 1213 1633 1232 ne
1661 1205 1767 1240 saepius
1792 1213 1832 1232 re.

1041 1252 1132 1282 petere
1143 1255 1313 1282 cogeremur,
1330 1249 1374 1276 hic
1385 1250 1468 1277 semel
1485 1250 1734 1284 transcripsimus:
1746 1249 1830 1277 Filias

1040 1293 1149 1328 Iosephi
1170 1293 1274 1329 Moyses
1300 1295 1361 1329 fuit,
1377 1303 1453 1330 quem
1469 1301 1566 1330 praeter
1578 1300 1699 1330 paterna
1717 1297 1831 1323 scientiis

1040 1337 1229 1370 htereditatem,
1239 1340 1318 1366 etiam
1332 1339 1424 1374 forum
1431 1341 1598 1374 pulchritudo
1615 1341 1828 1369 commendabat.

1041 1384 1094 1412 Sed
1124 1384 1244 1419 Egyptii
1266 1394 1325 1412 cum
1348 1386 1460 1412 scabiem
1483 1391 1507 1413 et
1529 1387 1686 1421 vitiliginem
1711 1392 1831 1421 pateren-

1041 1436 1094 1463 tur,
1112 1439 1234 1465 responso
1254 1431 1358 1464 moniti,
1379 1440 1436 1459 eum
1452 1441 1510 1459 cum
1524 1433 1613 1467 (agris,
1635 1441 1667 1460 ne
1693 1434 1778 1468 pestis
1798 1433 1830 1459 ad

1039 1476 1127 1511 plures
1149 1481 1270 1511 serperet,
1281 1477 1398 1504 terminis
1417 1476 1526 1512 Egypti
1542 1478 1653 1512 pellunt.
1672 1477 1739 1504 Dux
1754 1479 1831 1512 igitur

1040 1523 1162 1550 exsulum
1183 1522 1280 1557 factus,
1299 1531 1377 1550 sacra
1394 1522 1579 1558 .Egyptiorum
1600 1524 1673 1558 furto
1699 1524 1830 1551 abstulit:

1040 1575 1098 1602 qua:
1112 1571 1253 1601 repetentes
1280 1568 1363 1594 armis
1379 1566 1510 1603 Egyptii,
1531 1569 1638 1595 domum
1664 1569 1756 1596 redire
1770 1574 1829 1596 tem-

1038 1612 1182 1647 pestatibus
1198 1613 1325 1647 compulsi
1345 1618 1416 1641 sunt.
1429 1613 1522 1649 Itaque
1537 1613 1644 1649 Moyses
1664 1614 1831 1641 Damascena

1039 1659 1148 1694 antiqua
1164 1660 1252 1691 patria
1268 1661 1376 1693 repetita
1387 1665 1499 1686 montem
1512 1659 1612 1695 Synam
1627 1665 1744 1694 occupat
1760 1668 1770 1687 :
1784 1669 1831 1695 qn

1037 1710 1135 1740 septem
1142 1705 1245 1733 dierum
1258 1705 1362 1741 jejunio
1376 1715 1422 1741 per
1436 1706 1538 1734 deserta
1548 1707 1655 1734 Arabia:
1666 1716 1730 1735 cum
1738 1707 1831 1742 populo

1037 1758 1085 1777 suo
1101 1750 1241 1786 fatigatus,
1256 1758 1315 1777 cum
1338 1751 1442 1779 tandem
1459 1752 1580 1783 venisset,
1597 1753 1744 1786 septimum
1765 1753 1831 1779 diem

1037 1805 1108 1824 more
1124 1797 1208 1832 gentis
1234 1797 1381 1825 Sabbatum
1403 1799 1567 1833 appellatum
1588 1799 1616 1825 in
1645 1807 1727 1826 omne
1751 1808 1831 1826 avum

1031 1842 1134 1877 jejunio
1149 1843 1262 1869 sacravit
1275 1850 1284 1868 .‘
1300 1843 1424 1877 quoniam
1439 1843 1488 1869 illa
1495 1843 1550 1870 dies
1559 1843 1658 1878 famem
1674 1844 1747 1876 illis,
1761 1853 1832 1871 erro-

1036 1897 1140 1924 remque
1152 1889 1267 1923 finierat.
1281 1888 1315 1916 Et
1324 1889 1449 1924 quoniam
1461 1894 1530 1916 metu
1540 1890 1709 1924 contagionis
1717 1890 1797 1923 pulso
1808 1898 1831 1916 se

1035 1937 1068 1963 ab
1080 1936 1196 1972 Egypto
1211 1937 1393 1968 meminerant,
1406 1944 1437 1963 ne
1456 1936 1548 1963 eadem
1567 1944 1650 1963 causa
1663 1936 1748 1966 invisi
1765 1936 1831 1970 apud

1034 1982 1136 2010 incolas
1149 1983 1244 2017 forent,
1254 1986 1377 2009 caverunt
1386 1990 1417 2009 ne
1427 1990 1485 2008 cum
1497 1982 1640 2016 peregrinis
1650 1983 1831 2009 communica-

1034 2034 1091 2056 rent
1104 2037 1113 2060 ;
1128 2030 1195 2064 quod
1209 2037 1241 2056 ea;
1253 2037 1335 2055 causa
1349 2028 1449 2063 factum
1460 2028 1590 2062 paulatim
1608 2028 1637 2055 in
1655 2028 1830 2063 disciplinam

1034 2075 1237 2110 religionemque
1251 2075 1387 2101 convertit.
1405 2073 1482 2107 Quod
1499 2074 1545 2101 hic
1567 2073 1697 2102 Justinus
1720 2075 1757 2103 de
1773 2076 1831 2102 viti-

1034 2121 1230 2156 liginerel‘ert.
1253 2121 1380 2148 nonnulli
1396 2121 1479 2148 etiam
1501 2120 1548 2148 alii
1570 2121 1697 2156 gentium
1714 2123 1830 2157 scripto-

1033 2173 1088 2194 res.
1101 2165 1264 2194 Ptolemaeus
1283 2166 1448 2202 Hephaestio,
1469 2166 1518 2195 lib.
1530 2175 1547 2194 ν
1561 2167 1595 2194 de
1609 2174 1683 2195 nova
1700 2168 1829 2199 historia.

196 2221 354 2257 ρυγμάτων·
368 2222 411 2258 ιφν
422 2211 551 2252 ὅσον-οἶόν
563 2234 593 2252 τε
607 2223 651 2262 ἦν,
666 2228 730 2260 τοὺς
742 2211 829 2262 γονεῖξ
841 2211 983 2265 ἀλογῆσαιε

1059 2212 1106 2246 md
1121 2211 1247 2245 Photium
1265 2212 1292 2240 in
1311 2212 1496 2240 Bibliotheca:
1514 2213 1575 2239 Ὅτι
1596 2212 1731 2248 φλυαρῶν
1758 2211 1831 2245 οὗτος

195 2268 274 2302 Τρεῖς
291 2268 357 2303 γοῦν
375 2278 441 2304 φασι
461 2271 548 2306 μῆνας
568 2272 666 2308 ἑφεξῆς
680 2273 748 2301 οἴκοι
765 2275 985 2311 γαλακτοτροφη-

194 2313 274 2349 θῆναι
290 2314 455 2345 λανθάνοντα
471 2317 533 2349 τοὺς
547 2318 671 2351 πολλούς.
683 2319 810 2348 Clemens
822 2322 984 2349 Alexandri-

193 2367 257 2390 nus,
276 2360 405 2388 Stromat.
424 2362 470 2390 lib.
484 2371 502 2395 l,
522 2363 694 2400 Εὑπατρίδην
710 2365 738 2392 δὲ
757 2366 802 2392 τὸν
824 2366 905 2393 παῖδα
920 2367 984 2393 ὄντα

193 2406 267 2439 τρεῖς
290 2406 388 2441 ἐφεξῆς
410 2407 577 2443 κρύπτοντες
601 2409 714 2444 ἔτρεφον
736 2411 822 2446 μῆνας
845 2412 869 2437 οἱ
884 2414 982 2446 γονεῖς,

192 2450 311 2486 νικώσης
327 2453 377 2488 τῆς
390 2452 508 2489 φυσικῆς
529 2454 635 2487 εὐνοίας
652 2455 700 2491 τὴν
724 2456 887 2491 τυραννικὴν
911 2457 983 2492 ὠμό-

192 2504 271 2531 τητα.
288 2497 449 2528 Ezechielus
463 2500 535 2535 apud
553 2502 689 2533 eumdem,
704 2506 731 2529 et
744 2501 889 2530 Eusebium
904 2513 910 2530 2

290 2565 434 2606 Ἐνταῦθα
443 2567 542 2606 μήτηρ
555 2569 573 2606 ᾗ
592 2569 711 2598 τεκοῦσ*
728 2569 857 2604 ἕκρυπτέ
874 2579 912 2606 με

283 2601 363 2633 Τρεῖς
380 2601 490 2636 μῆνας,
506 2604 546 2636 ὡς
557 2604 700 2639 ἔφασκεν.
761 2601 771 2608 ’“

228 2666 308 2699 lbid.,
326 2669 374 2696 lin.
391 2669 436 2697 58.
458 2671 504 2703 Ὠς
513 2671 548 2698 δὲ
566 2669 627 2699 εἶδε
642 2673 704 2700 τόν.
721 2673 848 2702 Clemens
863 2674 982 2702 Alexan-

193 2712 301 2746 drinus,
326 2715 466 2748 Δείσαντες
481 2716 510 2743 δὲ
530 2717 643 2753 ὕστερον
659 2718 695 2754 μὴ
723 2720 926 2748 συναπόλωνται
945 2721 982 2757 τῷ

192 2757 280 2789 arma,
293 2759 324 2784 ὲκ
339 2759 428 2793 ptem
444 2761 495 2795 τῆς
516 2762 662 2797 ἐπιχωρίου
677 2762 773 2796 σκεῦός
789 2772 816 2790 τι
830 2765 981 2800 ποιησάμε-

193 2811 244 2833 νοι,
261 2802 305 2828 τὸν
331 2805 411 2832 παῖδα
429 2806 566 2842 ἐνθέμενοι
582 2808 719 2835 ὲκτιθέασι
742 2811 817 2845 παρὰ
832 2811 881 2842 τὰς
900 2811 981 2846 ὄχθας

195 2847 241 2878 τοῦ
257 2851 376 2887 ποταμοῦ
393 2852 506 2884 ἑλώδους
520 2853 604 2885 ὄντος.
628 2855 772 2891 Ἐπετήρει
783 2856 811 2882 δὲ
830 2856 860 2882 τὸ
877 2857 980 2893 ἀποϐη-

1034 2259 1049 2286 ὁ
1065 2258 1237 2294 μυθογράφος
1250 2259 1362 2294 Μωσῆς,
1380 2258 1472 2293 φησὶν,
1490 2259 1505 2284 ὁ
1523 2257 1577 2285 τῶν
1597 2258 1739 2293 Ἐϐραίων
1755 2268 1831 2295 νομο-

1035 2304 1116 2340 θέτης
1130 2305 1220 2339 ’Ἄλφα
1243 2304 1367 2331 ἐκαλεῖτο
1389 2303 1434 2331 διὰ
1457 2305 1488 2330 τὸ
1502 2305 1603 2339 ἀλφοὺς
1620 2304 1697 2340 ἔχειν
1723 2306 1774 2332 ἐπὶ
1787 2304 1829 2332 τοῦ

1036 2349 1178 2385 σώματος’
1195 2354 1223 2378 et
1243 2349 1383 2378 Helladius
1405 2350 1587 2378 Besantinous
1606 2350 1634 2377 in
1655 2349 1830 2378 Chrestonm-

1035 2397 1090 2423 tllia
1101 2405 1110 2424 :
1123 2397 1184 2423 ’Ότι
1199 2397 1314 2432 φλυαρεῖ
1323 2396 1371 2423 καὶ
1386 2393 1463 2428 οὗτος
1482 2397 1528 2423 τὸν
1549 2397 1652 2432 Μωσῆν
1671 2396 1770 2431 Ἀλφα
1784 2406 1829 2424 κα-

1033 2443 1149 2475 λεῖσθαι,
1165 2443 1230 2470 διότι
1243 2443 1336 2478 ἀλφοῖς
1350 2443 1381 2469 τὸ
1396 2443 1475 2479 σῶμα
1490 2443 1671 2477 κατάστικτος
1684 2441 1723 2479 ἦν
1734 2452 1741 2458 ·
1756 2449 1785 2472 et
1798 2444 1828 2470 ad

1033 2491 1136 2518 dictum
1155 2498 1235 2518 suum
1254 2490 1395 2518 Philonem
1409 2495 1507 2518 testem
1535 2491 1656 2518 adhibet.
1680 2491 1766 2524 Quod
1790 2498 1827 2519 ta-

1033 2545 1095 2564 men
1110 2537 1182 2572 apud
1194 2537 1336 2567 Philonem
1348 2546 1437 2574 neque
1453 2539 1481 2566 in
1493 2539 1582 2566 tribus
1597 2538 1635 2565 De
1652 2539 1711 2565 vita
1728 2538 1827 2573 Moysi:

1033 2583 1120 2615 libris,
1135 2592 1224 2618 neque
1237 2585 1302 2612 alibi
1318 2585 1370 2619 legi
1385 2585 1542 2613 observavit
1554 2584 1639 2611 David
1662 2583 1828 2612 Heschelius

1033 2628 1264 2657 Adnotalionibus
1275 2629 1303 2657 in
1313 2629 1448 2656 Photium.
1466 2629 1518 2656 Sed
1531 2629 1644 2656 minime
1655 2629 1825 2658 dubitarem.

1033 2674 1186 2702 l'lelladium
1213 2675 1295 2702 alium
1317 2683 1331 2702 a
1359 2675 1472 2703 Philone
1495 2674 1589 2703 Judaeo
1612 2675 1694 2710 cujus
1725 2676 1827 2711 scripta

1033 2719 1122 2748 adhuc
1133 2724 1253 2752 exstant,
1269 2725 1365 2748 testem
1380 2721 1556 2754 adhibuisse;
1571 2724 1598 2748 et
1612 2721 1737 2749 fortasse
1752 2728 1824 2750 eum.

1033 2766 1079 2800 qui
1091 2765 1124 2793 de
1141 2765 1327 2801 Hierosolyma
1343 2766 1465 2793 carmine
1477 2766 1586 2794 heroico
1605 2766 1734 2800 scripsit,
1744 2773 1824 2801 quem

1033 2810 1096 2838 item
1124 2811 1216 2838 laudat
1232 2811 1388 2838 Alexander
1408 2811 1562 2847 Polyhistor
1573 2811 1646 2847 apud
1662 2811 1825 2844 Eusebium,

1032 2857 1071 2885 De
1085 2858 1279 2892 pra’paralione
1292 2858 1338 2886 lib.
1354 2866 1391 2891 lx,
1400 2858 1440 2886 vel
1449 2859 1529 2886 ctiam
1542 2857 1685 2886 Philonem
1695 2858 1825 2887 biblicum
