1900 3070
46 139 109 167 1049

537 138 569 165 ΙΝ
587 137 772 165 EUSTATHII
790 136 1028 168 HEXAEMERON
1044 140 1156 170 ΝΟΤᾹΞ.

1593 132 1672 170 roso

47 200 216 232 historicum,
232 198 309 234 quod
326 199 502 230 verisimilius
519 200 600 227 duco.
620 199 671 227 Sed
688 199 822 235 gentiliun

882 200 910 226 δὲ
934 202 1101 236 στρατηγοὺς
1119 202 1181 233 τοὺς
1207 202 1470 238 προκαθεδουμένους
1492 202 1543 238 τῆς
1560 202 1661 237 χώρας.

48 245 237 273 historicorum
253 245 372 278 fabulas,
384 249 410 273 et
423 251 585 280 nugamenta
597 253 674 273 sacra
689 245 829 280 Scriptura

48 292 148 325 refellit,
168 292 266 326 reique
282 293 424 320 veritatem
440 292 536 326 aperit.

70 337 191 370 Col.780,
202 337 252 364 lin.
263 337 299 364 Η
306 337 359 364 Καὶ
367 337 614 372 πολλάς-,Μογεθιη
623 344 766 364 mammam
776 345 829 364 non

48 388 192 416 eiternam,
209 383 260 411 sed
278 383 405 419 gentilem
427 383 569 411 admisisse
579 383 674 410 scribit.
683 383 828 418 Josaphus.

48 431 90 458 lib.
106 438 124 457 ιι
142 430 354 465 Antiquitatum,
377 438 437 464 cap.
459 430 485 462 5,
509 438 563 457 non
588 430 729 457 dissimilia
749 430 830 458 habet

47 476 213 508 Ezechielus,
234 475 326 507 Philo,
343 475 467 503 Clemens
480 475 689 503 Alexandrinus.

79 522 154 555 lbid.,
169 522 220 549 lin.
246 522 293 550 51.
315 520 523 556 Ἀνδρωθέντα.
546 521 583 549 De
603 522 712 548 nomine
730 520 829 556 Moysis

48 569 184 603 primaque
206 567 270 601 ejus
291 567 384 595 radice
405 567 441 594 ita
468 567 592 594 Clemens
608 567 827 594 Alexandrinus:

47 611 107 641 Εἶτα
123 614 228 640 τίθεται
255 613 295 649 τῷ
318 613 415 648 παιδίῳ
437 613 520 648 ὄνομα
542 614 558 649 ἡ
583 613 686 648 βασιλὶς
711 613 829 648 Μωῡσῆν

49 660 158 695 ἐτύμως,
177 660 223 686 διὰ
247 660 279 686 τὸ
300 660 330 692 ἐξ
353 659 445 691 ὓδατος
464 659 604 686 ἀνελέσθαι
621 659 695 686 αὑτό.
714 659 749 685 Τὸ
775 659 829 695 γὰρ

48 707 112 742 ὕδωρ
130 706 190 741 μῶῡ
211 706 391 741 ὀνομάζουσιν
417 706 569 740 Αἰγύπτιοι.
596 706 635 737 είς
652 706 666 731 ὃ
681 705 829 732 ὲκτέθειται

47 752 247 787 τεθνηξόμενος.
258 752 312 779 Καὶ
322 753 376 788 γάρ
388 761 428 779 τοι
441 752 558 787 Μωῡσῆν
570 752 614 778 τὸν
624 752 830 782 ἁποπνεύσαντα

47 799 80 834 τῷ
94 798 168 825 ὕδατι
189 798 449 834 προσαγορεύουσιν.
465 798 637 825 Ezechielus:

111 857 224 890 ’θνομιι
237 856 273 882 δὲ
286 855 397 889 Μωσῆν
409 854 547 890 ὠνόμαζε,
558 855 611 881 τοῦ
622 855 708 890 χάριν

116 891 224 925 ’Υγρᾶς
237 891 360 918 ἀνεῖλεν
368 891 512 925 ποταμίας
521 891 571 917 ἀπ’
586 890 686 924 ᾐόνος.

47 935 117 963 Philo
135 935 173 962 De
189 937 244 963 vita
262 935 362 970 Moysis
381 944 389 962 :
408 934 473 962 Εἶτα
497 936 601 963 δίδωσιν
627 935 710 971 ονομα
727 935 826 970 θεμένη

47 982 140 1017 Μωσῆν
165 981 287 1017 ἐτύμως,
300 982 344 1009 διὰ
359 981 389 1008 τὸ
409 982 440 1008 ἐκ
453 982 500 1008 τοῦ
523 981 616 1013 ὕδατος
631 981 711 1008 αὐτὸν
734 981 826 1008 ἀνελέ-

49 1026 112 1053 σθαι.
128 1026 164 1053 Τδ
182 1026 238 1062 γὰρ
255 1026 327 1061 ὕδωρ
348 1026 405 1062 μῶς
425 1026 600 1062 ὀνομάζουσιν
613 1026 764 1060 Αἰγύπτιοι.
780 1026 826 1053 «Ιο-

47 1072 150 1106 sephus,
174 1073 311 1107 Antiquit.
335 1072 383 1100 lib.
399 1080 406 1099 ι
421 1081 428 1099 :
444 1072 499 1099 Καὶ
522 1071 595 1108 αὐτῷ
617 1071 665 1107 τὴν
684 1072 826 1107 ἐπίκλησιν

47 1117 139 1153 ταύτην
159 1118 232 1145 κατὰ
253 1118 284 1145 τὸ
303 1118 473 1154 συμϐεϐηκδς
493 1118 567 1145 ἔθετο
585 1119 624 1149 εις
639 1117 683 1144 τὸν
706 1118 825 1152 ποταμὸν

48 1163 192 1197 ἐμπεσόντι.
206 1163 244 1190 Τὸ
256 1163 312 1199 γὰρ
327 1163 397 1199 ὕδωρ
414 1163 605 1199 μῶΔίγύπτιοι
624 1162 745 1194 καλοῦσι,
758 1162 825 1198 ὕσης

48 1208 72 1235 δέ
87 1209 144 1240 τοὺς
160 1209 190 1242 ἐξ
203 1209 300 1241 ὓδατος
315 1209 459 1241 σωθέντας.
475 1209 620 1240 Συνθέντες
630 1207 676 1235 οὖν
690 1207 718 1241 ἐξ
737 1209 825 1243 ἀμφο-

48 1254 125 1289 τέρων
134 1255 184 1289 τὴν
204 1255 389 1291 προσηγορίαν
405 1254 479 1290 αὐτῷ
497 1254 598 1290 ταύτην
612 1254 740 1280 τίθενται.
758 1253 824 1281 Pro-

49 1300 145 1334 copius,
160 1299 304 1331 Babanus.
315 1304 342 1327 et
357 1300 403 1326 alii
415 1299 536 1327 eamdem
549 1299 631 1334 hujus
645 1299 763 1326 nominis
773 1299 821 1326 im-

50 1345 182 1379 ltoeitionis
206 1346 343 1373 rationem
374 1346 494 1373 tradunt.
516 1345 659 1373 Cornelius
685 1353 700 1372 a
723 1345 824 1380 Lapide

49 1399 136 1419 nomen
154 1392 181 1418 id
197 1399 254 1419 non
273 1399 334 1419 esse
351 1391 517 1426 Egyptium,
536 1391 583 1418 sed
599 1390 739 1418 Hebraeum
750 1391 822 1417 amr-

50 1441 107 1469 mat,
131 1437 268 1472 aliamque
285 1437 403 1464 nominis
419 1444 529 1472 causam
552 1437 639 1468 affert,
655 1445 687 1464 ex
710 1436 821 1464 Hebraea

49 1483 178 1513 nominum
197 1484 302 1511 radice.

880 245 925 277 οὒς
936 246 967 281 δὴ
982 246 1149 273 πλεονεκτεῖν
1163 247 1300 280 ἐπιφανῶς
1315 247 1383 274 κατὰ
1394 247 1441 279 τὰς
1456 247 1554 282 μάχας.
1566 247 1662 281 Λέγειν

879 292 906 318 δέ
923 301 1003 327 φησιν
1026 292 1227 324 Ἡλιουπολίτας
1241 293 1365 327 γενέσθαι
1378 293 1422 320 τὸν
1439 294 1555 329 πόλεμον
1568 294 1661 320 τοῦτον

879 337 925 374 ἐτη
943 337 1017 365 δέκα.

914 383 994 415 lbid.,
1011 384 1059 412 lin.
1074 384 1118 412 55.
1135 384 1233 417 ὀπως
1248 384 1341 412 αὑτὸν
1361 386 1537 420 στρατηγόν.
1548 385 1599 413 Per
1612 387 1662 414 ho-

879 437 973 457 norem
989 438 1004 458 a
1022 438 1051 459 se
1069 431 1163 465 procul
1179 431 1303 466 ablegare
1318 439 1398 465 quem
1415 432 1476 466 quis
1492 431 1660 463 reformidat.

879 476 1005 511 pluribus
1034 477 1164 511 exemplis
1192 484 1286 504 omnes
1305 476 1429 504 historici
1450 477 1660 511 conﬁrmarunt;

879 529 995 554 quorum
1011 530 1138 557 maguum
1160 529 1302 549 numerum
1321 522 1348 549 in
1362 530 1446 549 unum
1466 523 1601 558 congessit
1615 523 1661 550 Ja-

879 575 932 595 nus
958 567 1089 595 Gruterus
1110 568 1136 595 in
1155 568 1272 595 secunda
1295 573 1370 603 parte
1390 569 1565 603 prolixiorum
1585 577 1659 596 coni-

879 615 1074 642 mentariorum
1101 614 1128 641 in
1144 614 1229 642 Taciti
1251 615 1401 650 insigniora
1422 615 1482 642 loca
1505 615 1531 642 in
1552 615 1617 642 illud
1633 615 1660 642 in

879 660 926 688 lib.
948 668 975 687 x1
996 660 1159 690 Annalium:
1175 661 1286 687 Amoliri
1309 660 1428 694 juvenem
1449 661 1531 695 specie
1556 661 1660 688 honoris

879 706 984 733 statuit.

916 751 995 784 lbid.,
1020 751 1068 778 lin.
1088 750 1131 778 46.
1152 750 1299 784 Κιϐωτοὺς
1326 750 1467 784 πλεκτὰς.
1489 751 1585 778 Totum
1610 751 1662 779 hoc

881 796 980 833 Moysis
993 800 1156 831 stratagema
1171 797 1208 823 ita
1225 800 1334 823 enarrat
1349 796 1500 831 Iosephus:
1520 797 1602 823 Ἔνθα
1613 798 1662 833 τῆς

880 843 961 870 αὐτοῦ
975 843 1106 874 συνέσεως
1121 842 1279 878 θαυμαστὴν
1294 841 1421 875 ἐπίδειξιν
1439 843 1592 878 ἐποιήσατο.
1607 844 1662 878 Τῆς

880 888 934 924 γὰρ
953 888 1003 923 γῆς
1017 888 1134 923 χαλεπῆς
1152 887 1234 922 οΰσης
1247 887 1384 922 ὁδευθῆναι
1398 887 1442 914 διὰ
1462 888 1562 924 πλῆθος
1582 890 1662 923 ἑρπε-

879 933 944 966 τῶν,
955 933 1171 969 (παμφορωτάτη
1182 934 1236 968 γάρ
1249 935 1332 965 ἐστιν,
1345 932 1382 964 ὡς
1393 932 1439 959 καὶ
1448 933 1481 959 τὰ
1499 934 1562 969 παρ’
1573 933 1660 966 ἄλλοις

879 979 978 1006 τούτων
990 979 1040 1005 οὐκ
1055 978 1119 1005 ὅντα
1136 979 1202 1014 μόνη
1218 979 1337 1014 τρέφειν,
1349 978 1460 1013 δυνάμει
1472 987 1501 1004 τε
1515 979 1561 1006 καὶ
1578 979 1662 1015 κακίᾳ

879 1022 917 1057 τῷ
933 1024 981 1058 τῆς
1002 1022 1088 1057 ὅψεως
1104 1022 1232 1058 ἀσυνήθει
1254 1023 1422 1058 διαφέροντα.
1442 1023 1508 1050 Τινὰ
1524 1023 1552 1050 δὲ
1573 1024 1662 1054 αὐτῶν

879 1069 996 1096 ἐστικαὶ
1017 1069 1137 1101 πετεινὰ,
1156 1069 1193 1100 ὡς
1207 1068 1321 1095 λαθόντα
1341 1069 1390 1104 μὲν
1410 1069 1464 1096 ἀπὸ
1480 1069 1530 1105 γῆς
1543 1078 1658 1106 κακουρ-

878 1115 945 1148 γεῖν,
961 1115 1008 1142 καὶ
1034 1116 1071 1150 μὴ
1090 1114 1280 1150 προϊδομένους
1298 1114 1398 1141 ἀδικεῖν
1425 1115 1564 1151 ὑπερπετῆ
1589 1115 1660 1150 γινό-

880 1169 948 1197 μενα
959 1161 977 1196 ·)
990 1162 1045 1188 νοεῖ
1061 1161 1128 1196 πρὸς
1145 1161 1292 1195 ἀσφάλειαν
1310 1161 1356 1187 καὶ
1370 1160 1473 1196 ἀϐλαϐῆ
1489 1161 1599 1196 πορείαν
1613 1161 1660 1187 τοῦ

879 1207 1079 1242 στρατεύματος
1113 1216 1143 1233 στ
1148 1208 1252 1243 ρατὴγη
1256 1216 1292 1242 μα
1320 1207 1369 1234 θαυ
1374 1216 1411 1242 μα
1415 1208 1484 1234 στόν.
1513 1207 1660 1242 Πλέγματα

877 1253 930 1289 γὰρ
946 1253 1051 1288 ἐμφερῆ
1076 1252 1200 1285 κιϐωτοῖς
1223 1253 1254 1279 ἐκ
1273 1252 1363 1287 βίϐλου
1385 1253 1599 1284 κατασκευάσας,
1614 1254 1660 1279 καὶ

877 1299 1022 1335 πληρώσας
1043 1299 1139 1331 ἴϐεων,
1167 1298 1286 1334 ἐκόμιζε.
1312 1298 1516 1334 Πολεμιώτατον
1541 1297 1563 1324 δ’
1587 1298 1661 1324 ἐστὶν

875 1346 952 1379 ὄφεσι
967 1345 1045 1371 τοῦτο
1060 1344 1090 1371 τὸ
1107 1343 1183 1377 ζῶον.
1198 1344 1329 1378 Φεύγουσί
1347 1352 1376 1369 τε
1390 1343 1444 1378 γὰρ
1464 1342 1659 1378 ἐπερχομένοις,

875 1393 922 1419 καὶ
942 1392 1119 1426 ἀφιστάμενοι
1145 1390 1268 1425 καθάπερ
1289 1390 1334 1416 ὑπ’
1350 1389 1455 1424 ἐλάφων
1476 1389 1660 1424 ἁρπαζόμενοι

875 1438 1078 1465 καταπίνονται.
1101 1437 1258 1472 Χειροήθεις
1271 1437 1293 1462 δ’
1310 1436 1377 1463 εἰσὶν
1394 1437 1421 1462 αἱ
1439 1435 1517 1467 ίϐεις,
1532 1435 1578 1462 καὶ
1592 1435 1660 1470 πρὸς

876 1484 955 1519 μόνον
968 1483 998 1509 τὺ
1011 1483 1064 1510 τῶν
1081 1483 1168 1517 ὄφεων
1181 1482 1257 1516 γένος
1276 1482 1374 1517 ἄγριοι.
1394 1481 1447 1507 Καὶ
1458 1480 1522 1515 περὶ¹
1540 1479 1588 1515 μὲν
1598 1479 1660 1506 τού-

79 1528 154 1562 lbid.,
177 1529 226 1556 lin.
254 1529 299 1556 55.
335 1529 480 1556 Ἐκάλουν
507 1528 550 1557 δέ.
583 1529 669 1557 Aliter
695 1529 820 1556 Clemens

877 1537 928 1555 των
937 1529 1054 1564 παρίημι
1065 1528 1112 1555 νῦν
1121 1527 1248 1563 γράφειν,
1261 1527 1310 1553 οὒκ
1327 1525 1493 1561 ἀγνοούντων
1504 1525 1558 1550 τῶν
1567 1524 1661 1559 Ἐλλή-

49 1573 248 1607 Alexandrinus,
257 1575 305 1602 lib.
322 1582 329 1601 ι
342 1574 440 1602 Strom.
450 1575 547 1610 ῖΔῆλον
561 1572 616 1606 οὖν,
631 1575 668 1606 ὡς
681 1575 709 1601 ἐν
726 1574 764 1606 τῷ
775 1574 824 1610 ἑμ-

50 1620 153 1655 προσθεν
161 1621 248 1656 χρόνῳ
256 1620 493 1656 περιτμηθέντιτῷ
502 1620 597 1655 παιδίῳ
609 1621 632 1646 οἱ
641 1621 727 1654 γονεῖς
735 1619 824 1646 ἔθεντο

49 1665 126 1700 όνομά
136 1675 161 1692 τι
173 1675 179 1682 ·
192 1666 315 1693 ἐκαλεῖτο
328 1666 357 1692 δὲ
379 1666 514 1700 Ἰωακείμ.
528 1666 611 1701 Ἔσχε
630 1665 658 1692 δὲ
674 1665 720 1691 καὶ
734 1665 823 1700 τρίτον

49 1710 124 1746 ὄνομα
133 1712 161 1737 ἐν
172 1711 280 1748 οὐρανῷ
297 1711 366 1747 μετὰ
381 1711 430 1747 τὴν
446 1710 588 1745 ἀνᾴληψιν,
597 1710 633 1742 ὣς
644 1719 724 1745 φασιν
734 1711 757 1736 οἱ
771 1709 823 1745 μύ-

49 1763 111 1788 σται,
125 1757 235 1792 Μελχίς.

79 1801 152 1835 lbid.,
166 1803 213 1830 lin.
225 1803 272 1831 56.
287 1801 347 1830 Ἦν
355 1803 389 1829 δὲ
398 1802 527 1835 ἀστεῖος.
544 1802 638 1829 Philo:
657 1803 760 1837 Εὐγενῆ
778 1803 824 1830 καὶ

49 1846 144 1875 ἀστεῖον
159 1848 285 1884 ὀφθῆναι.
301 1848 471 1883 Τελειότερον
489 1848 516 1874 δὲ
532 1847 581 1882 τῆς
597 1847 702 1882 ἡλικίας
723 1847 822 1880 ἰδοῦσα,

50 1893 97 1919 κὰκ
119 1894 167 1929 τῆς
189 1895 277 1929 ὅψεως
304 1894 343 1921 ἐτι
369 1895 467 1930 μᾶλλον
488 1894 504 1930 ἢ
529 1894 660 1929 πρότερον
686 1893 822 1925 σπάσασα,

49 1937 144 1969 εὐνοίας
159 1940 214 1969 υιδν
228 1942 355 1972 ποιεῖται,
371 1939 406 1966 τὰ
418 1940 479 1975 περὶ
493 1938 538 1965 τὸν
554 1938 635 1972 ὄγκον
647 1938 697 1973 τῆς
706 1937 823 1972 γαστρὸς

49 1984 190 2018 τεχνάσασα
210 1987 352 2022 πρότερον,
375 1985 418 2012 ἵνα
433 1986 552 2020 γνήσιος,
580 1983 648 2011 ἀλλὰ
666 1983 702 2019 μὴ
726 1983 824 2010 ὑποϐο-

50 2027 146 2064 λιμαῖος
169 2032 294 2068 νομισθῇ.
308 2031 400 2058 Πάντα
417 2031 445 2057 δέ
472 2030 643 2066 ἐξευμαρίζει
667 2029 733 2061 Θεὸς
752 2029 770 2057 ἃ
790 2030 823 2056 ἂν

51 2073 150 2112 θελήσῃ,
166 2078 212 2106 καὶ
227 2077 262 2104 τὰ
279 2077 495 2113 δυσκατόρθωτα.
512 2076 578 2111 Ejus
600 2075 778 2111 proprietates
796 2079 823 2102 et

50 2119 200 2150 lineamenta
217 2124 254 2151 ita
270 2124 403 2156 expressit
418 2124 572 2158 Artapanus
583 2123 654 2157 apud
664 2121 821 2154 Eusebium,

51 2165 83 2193 De
89 2170 275 2204 preparation
286 2169 332 2197 lib.
343 2177 371 2196 ιι
380 2179 386 2196 :
395 2169 534 2203 Γεγονέναι
541 2169 569 2196 δέ
578 2177 643 2204 φησι
650 2168 695 2195 τδν
707 2168 822 2196 Μώῦσον

875 1583 927 1601 νων
941 1575 990 1610 τῆς
1007 1574 1089 1606 ἴϐιδος
1106 1574 1136 1600 τὺ
1151 1571 1229 1604 εἶδος.
1249 1572 1292 1604 Ὧς
1304 1570 1350 1598 οὖν
1367 1573 1407 1602 εἰς
1418 1571 1467 1606 τὴν
1480 1571 1531 1605 γῆν
1550 1569 1660 1596 ἐνέϐαλε

874 1621 922 1656 τὴν
939 1621 1113 1656 θηροτρόφον,
1136 1619 1246 1650 ταύταις
1271 1618 1426 1653 ἀπεμάχετο
1440 1617 1488 1653 τὴν
1503 1616 1557 1642 τῶν
1579 1617 1661 1651 ἐρττε-

874 1667 926 1693 τίυν
953 1666 1049 1700 φύσιν,
1080 1665 1194 1699 ἐπαφεὶς
1223 1664 1324 1696 αὐτοῖς,
1352 1664 1399 1689 καὶ
1425 1661 1660 1698 προπολεμούσαις

874 1712 1022 1747 χρώμενος.
1044 1711 1143 1738 Τοῦτον
1157 1709 1202 1737 οὖν
1215 1710 1327 1741 ὁδεύσας
1339 1709 1384 1735 τὸν
1394 1708 1503 1743 τρόπον,
1519 1707 1578 1734 οὐδὲ
1594 1715 1661 1742 προ-

876 1757 989 1792 μαθοῦσι
1004 1757 1094 1792 παρῆν
1117 1758 1172 1787 rei;
1189 1755 1309 1790 AiOiotfut'
1332 1754 1379 1784 καὶ
1405 1752 1547 1789 συμϐαλὼν
1568 1753 1658 1784 αὐτοῖς

874 1804 969 1838 κρατεῖ
981 1804 1013 1838 τῇ
1029 1803 1111 1838 μάχῃ,
1126 1801 1173 1828 καὶ
1187 1800 1241 1827 τῶν
1263 1800 1377 1826 ἐλπίδων
1393 1799 1425 1829 ἃς
1440 1796 1511 1833 εἶχον
1530 1798 1575 1824 ἐπὶ
1596 1797 1659 1829 τοὺς

873 1850 1036 1884 Αἰγυπτίους
1062 1850 1231 1885 ἁφαιρεῖται’
1249 1847 1298 1878 τάς
1313 1855 1343 1873 τε
1361 1846 1452 1877 πόλεις
1475 1845 1564 1872 αὐτῶν
1580 1844 1658 1879 ἐπῄει

874 1894 1136 1930 καταστρεφόμενος,
1158 1893 1205 1919 καὶ
1231 1893 1308 1927 φόνος
1332 1892 1415 1924 πολὺς
1442 1891 1496 1917 τῶν
1521 1889 1659 1916 Alandrum

873 1940 1030 1976 ἐπράττετο.
1048 1939 1103 1965 Καὶ
1124 1939 1173 1974 τῆς
1188 1938 1231 1965 διὰ
1245 1937 1363 1972 Μωῡσῆν
1387 1936 1537 1971 εὐπραγίας
1560 1934 1658 1969 γευσά-

875 1995 953 2022 μενον
965 1986 995 2013 τὸ
1003 1985 1057 2013 τῶν
1071 1985 1225 2020 Αἰγυπτίων
1240 1983 1397 2019 στράτευμα
1418 1983 1509 2009 πονεῖν
1529 1981 1578 2008 οὐκ
1596 1980 1660 2007 ἔκαε

875 2039 949 2066 μνεν,
966 2031 1004 2063 ὡς
1014 2031 1076 2066 περὶ
1090 2029 1305 2065 ἀνδραποδισμοῦ
1319 2028 1365 2057 καὶ
1379 2027 1526 2059 παντελοῦς
1541 2027 1658 2054 ἀναστά-

873 2085 942 2108 σεως
955 2077 1000 2103 τὸν
1013 2076 1133 2106 κίνδυνον
1154 2073 1222 2109 εἶναι
1237 2076 1292 2107 τοῖς
1308 2074 1440 2108 Αἰθίοψιν.
1456 2073 1579 2101 Meminit
1592 2073 1656 2100 item

872 2122 1026 2157 Artapanus
1040 2131 1046 2149 :
1063 2121 1131 2153 Τοὺς
1145 2119 1191 2147 οὖν
1208 2120 1272 2156 περὶ
1287 2120 1331 2147 τὸν
1340 2119 1456 2147 Μώῡσον
1474 2119 1517 2146 διὰ
1532 2119 1562 2146 τὸ
1578 2118 1659 2154 μέγε-

873 2169 918 2200 θος
933 2168 983 2202 τῆς
1000 2168 1129 2204 στρατιᾶς
1152 2166 1228 2193 πόλιν
1248 2168 1276 2193 ἐν
1299 2166 1385 2201 τούτῳ
1408 2166 1500 2193 κτίσαι
1516 2165 1554 2200 τῷ
1572 2165 1657 2199 τόπῳ,

51 2213 155 2248 μακρὸν,
178 2215 317 2250 πυῤῥακῆ,
345 2214 446 2246 πολιὸν,
473 2215 607 2250 κομήτην,
627 2213 820 2248 ἀξιωματικόν.
837 2211 860 2239 Β
872 2215 920 2242 καὶ
932 2213 982 2250 τὴν
997 2213 1051 2240 ἶϐιν
1072 2213 1100 2239 ἐν
1116 2213 1184 2248 αὐτῇ
1202 2211 1378 2248 καθιερῶσαι,
1399 2210 1442 2237 διὰ
1465 2210 1496 2237 τδ
1511 2209 1612 2243 ταύτην
1623 2209 1657 2236 τὰ

80 2257 135 2287 Col.
160 2259 219 2293 781,
237 2261 286 2288 lin.
310 2261 335 2287 i.
352 2259 499 2295 Προσάγει
517 2260 620 2287 αὐτόν.
642 2258 705 2287 Haec
725 2259 819 2286 eadem

51 2300 136 2330 iisdem
155 2304 210 2333 (ere
226 2306 319 2334 verbis
334 2306 459 2341 leguntur
480 2305 549 2340 apud
570 2305 727 2340 Josephum,
741 2305 819 2330 Anti-

51 2348 108 2380 quit.
126 2349 171 2378 lib.
187 2359 207 2381 ι,
227 2359 288 2386 cap.
306 2352 333 2382 5,
349 2359 429 2386 quem
442 2351 564 2378 consule.

80 2394 154 2427 lbid.,
169 2396 215 2424 lin.
237 2397 283 2426 25.
304 2398 441 2429 Αἰθίοπες
455 2395 489 2423 δὲ
511 2398 547 2423 οὶ.
573 2395 611 2423 De
632 2396 683 2423 hac
704 2395 819 2423 Mosaica

51 2439 208 2472 expeditione
234 2442 367 2469 adversus
386 2440 529 2476 Etltiopas
551 2444 648 2476 praeter
671 2440 817 2475 Josephum

52 2482 84 2509 ita
96 2484 242 2521 Artapanus
253 2496 260 2514 :
276 2487 331 2517 Καί
344 2496 407 2514 ποτε
426 2487 480 2513 τῶν
493 2486 628 2514 Αἰθιόπων
641 2487 818 2522 ἐπιστρατευ-

52 2529 162 2563 σαμένων
174 2534 206 2568 τῇ
222 2532 361 2568 Αἰγύπτῳ,
376 2532 421 2558 τὸν
433 2532 581 2566 Χενεφρῆν,
597 2532 762 2559 ὑπολαϐόντα
774 2533 818 2559 εύ-

52 2575 153 2609 ρηκέναι
164 2579 256 2615 καιρὸν
272 2578 389 2611 εὔθετον,
410 2577 516 2613 πέμψαι
530 2578 575 2604 τὸν
588 2577 702 2604 Μώῡσον
714 2578 757 2604 ἐπ’
772 2579 817 2605 αὑ-

51 2621 104 2652 τοὺς
119 2625 264 2660 στρατηγὸν
281 2624 348 2660 μετά
361 2625 511 2659 δυνάμεως.
524 2624 560 2650 Τὸ
570 2624 598 2651 δὲ
613 2624 666 2650 τῶν
680 2625 816 2659 συγγενῶν

52 2663 115 2701 αὺτῷ
129 2670 254 2705 συστῆσαι
266 2670 376 2706 πλῆθος,
389 2670 557 2697 ὑπολαϐόντα
570 2670 666 2706 ῥᾳδίως
685 2670 764 2697 αὐτὸν
774 2670 817 2698 διὰ

52 2709 92 2744 ’ἦν
110 2713 160 2741 τῶν
185 2717 354 2752 στρατιωτῶν
378 2716 520 2743 ἀσθένειαν
542 2716 594 2743 ὑπὸ
606 2716 659 2743 τῶν
681 2716 816 2752 πολεμίων

53 2755 269 2796 ἀναιρεθήσεσθαι.
286 2763 338 2790 Τὸν
358 2763 387 2789 δὲ
412 2762 537 2795 Μώῦσον,
567 2762 677 2789 ἐλθόντα
701 2763 748 2789 ἐπὶ
770 2763 815 2790 τὸν

58 2800 252 2844 Ἐρμουπολίτην
260 2808 457 2844 ὀνομαζόμενον
467 2809 557 2844 νομὸν,
571 2808 664 2843 ἔχοντα
678 2811 741 2844 περὶ
751 2809 815 2836 δέκα

57 2850 170 2884 μυριάδας
189 2855 326 2891 γεωργῶν,
347 2855 427 2882 αὑτοῦ
446 2854 688 2891 καταστρατεῦσαι.
705 2854 814 2890 Πέμψαι

873 2260 1025 2295 βλάπτοντα
1037 2258 1100 2290 τοὺς
1113 2257 1272 2293 ἀνθρώπους
1288 2257 1407 2292 ἀναιρεῖν
1417 2265 1423 2271 ·
1440 2254 1657 2291 προσαγορεῦσαι

871 2306 899 2332 δὲ
923 2305 1007 2340 αὐτὴν
1023 2303 1123 2340 Ἐρμοῦ
1143 2303 1233 2337 πόλιν.»
1250 2302 1320 2330 Hinc
1329 2302 1388 2332 avis
1403 2302 1460 2329 haec
1477 2308 1555 2329 sacra
1572 2300 1656 2336 Egy-

872 2351 945 2386 ptiis.
959 2349 1123 2378 Herodotus.
1143 2348 1195 2376 Sed
1210 2348 1245 2375 de
1256 2348 1308 2374 hac
1322 2347 1452 2375 nonnulla
1466 2346 1601 2381 superius.

906 2396 985 2429 lbid.,
1003 2396 1051 2423 lin.
1066 2395 1110 2422 56.
1125 2393 1180 2421 Ἦν
1199 2394 1254 2429 γὰρ
1279 2393 1386 2421 αὐτῶν.
1409 2392 1505 2420 Omnia
1530 2392 1587 2419 haec
1608 2391 1655 2418 ha-

869 2442 968 2470 bentur
982 2442 1069 2469 l'usius
1082 2440 1153 2476 apud
1167 2439 1326 2474 Joscphum,
1344 2438 1392 2473 qui
1410 2446 1460 2465 nec
1471 2437 1598 2464 Tharmis
1610 2445 1654 2465 re-

868 2489 938 2524 gina:
953 2488 1086 2524 perditum
1104 2494 1223 2514 amorem
1239 2486 1265 2513 in
1282 2485 1399 2521 Moysen]
1415 2484 1522 2511 silentio
1541 2488 1651 2518 praeter-

867 2534 905 2565 it,
924 2542 956 2561 ex
973 2534 1072 2568 quibus
1095 2540 1144 2560 sua
1167 2532 1294 2559 videntur
1314 2530 1430 2558 mutuati
1448 2529 1533 2556 (ἔτωοὶ
1549 2529 1653 2556 fabula-

868 2584 941 2607 tores
957 2587 1017 2615 qum
1033 2579 1066 2606 de
1079 2579 1171 2614 Scylla
1187 2583 1214 2606 et
1225 2578 1285 2605 aliis
1298 2580 1422 2604 narrant.

902 2625 961 2653 Col.
979 2625 1040 2656 784,
1057 2625 1105 2652 lin.
1121 2625 1164 2651 t5.
1184 2624 1265 2651 Οὕτω
1281 2625 1335 2658 γὰρ
1350 2623 1420 2650 ὑπό.
1436 2622 1564 2655 Quaenam
1582 2620 1655 2656 M0);

866 2679 910 2698 ses
929 2671 1038 2698 doceret
1053 2669 1194 2706 Aigyptios
1207 2669 1310 2697 indicat
1324 2669 1433 2703 Strabo,
1445 2669 1491 2697 lib.
1508 2676 1572 2696 xvt:
1588 2667 1654 2696 Non

867 2723 935 2744 recte
957 2717 1062 2751 sentire,
1079 2717 1123 2751 qui
1147 2716 1300 2746 bestiarum.
1329 2724 1360 2743 ac
1380 2724 1502 2751 pecorum
1523 2716 1651 2751 imagines

868 2757 927 2790 Deo.
945 2763 1100 2795 tribuerunt,
1117 2763 1228 2797 itemque
1249 2762 1338 2796 Afros,
1360 2767 1385 2789 et
1406 2761 1511 2789 Gra'co:
1533 2762 1578 2797 qui
1597 2761 1649 2789 diu:

868 2810 1000 2837 hominum
1024 2809 1136 2844 ﬁguram
1164 2808 1322 2843 utﬁugerent.
1348 2807 1382 2835 Id
1406 2816 1465 2835 vero
1485 2808 1570 2835 solum
1594 2816 1649 2835 esse

867 2855 960 2888 Deum,
971 2854 1039 2890 quod
1058 2863 1114 2888 uos,
1131 2859 1154 2880 et
1174 2858 1280 2886 terram,
1300 2861 1330 2880 ac
1346 2861 1418 2880 mare
1432 2854 1563 2885 continet;
1581 2852 1650 2887 quod,
