1900 3070
207 111 277 139 10⁷51

918 99 1042 130 LEONIS
1060 96 1200 126 ALLATII

1770 92 1841 120 {03!

208 169 346 197 ciliatione
360 166 441 200 huius
461 164 582 200 Catalogi
597 171 659 192 cum
677 163 685 190 l
707 163 873 200 Paralipom.
892 169 912 190 ι.
931 160 1000 194 Quae
1014 163 1112 192 Amos
1135 154 1244 190 epistol.
1266 152 1318 181 126
1328 151 1362 200 ad
1386 149 1546 200 Evagrium,
1562 149 1755 200 gippolytum,
1787 150 1843 176 Ire-

209 212 378 241 consuetudo
391 211 473 238 etiam
496 210 524 237 in
541 209 704 237 mulieribus
723 209 853 236 obtinurt.
869 207 994 242 Sequen-

209 257 261 285 dus
278 257 360 292 igitur
384 254 513 290 Cyrillus,
536 259 563 282 et
587 254 740 289 Procopius
766 254 813 289 qui
837 254 995 285 observant,

210 309 310 330 uxores
328 300 410 332 Esau,
435 303 463 327 et
487 308 583 328 earum
601 303 729 335 parentes
754 299 816 327 aliis
839 298 997 326 nominibus

209 347 239 375 in
257 347 355 375 Genesi
371 350 398 374 et
421 346 640 381 Paralipomenis
662 345 824 380 nuncupari.
842 344 908 378 Quae
925 344 998 372 enim

210 394 255 421 hic
269 392 371 420 dicitur
384 392 442 420 Ada
457 392 511 419 lilia
529 391 606 419 Elom
621 391 735 424 llethmi,
749 392 805 418 illic
819 390 930 419 Iuditha
945 391 999 418 tilia

211 437 323 470 Proeri;
339 441 367 465 et
381 444 442 472 qua:
457 437 511 464 illic
528 436 672 463 Basemath
690 436 745 463 ﬁlia
766 435 853 469 Elom,
867 435 919 462 hoc
939 435 1000 463 loco

212 484 353 513 Oolibama
380 485 434 512 ﬁlia
461 485 565 518 Annae;
580 491 641 519 quae
659 484 704 511 hic
729 484 872 512 Basemath
888 484 943 511 tilia
960 485 1002 512 ls-

212 530 294 562 mael,
308 530 365 557 illic
386 528 520 556 Maheleth
535 530 703 556 nominatur.
720 529 798 562 Quod
815 529 852 556 ita
867 529 1002 557 accidisse

212 579 240 603 et
255 575 283 603 in
300 579 376 610 patre
388 575 490 610 Moysis
507 575 622 602 inferius
637 575 804 603 notabimus.

248 620 308 649 Col.
328 620 389 653 765,
402 620 451 648 lin.
468 621 512 647 54.
527 622 578 654 Εις
593 622 626 648 τὸ
639 621 728 655 Σηεὶρ
750 621 827 655 ὄρος.
847 620 905 649 Non
919 621 1002 649 armis

213 664 309 694 Iacohi
326 671 448 698 coactus,
465 665 514 693 sed
530 666 567 693 ita
590 666 646 694 Deo
667 671 815 699 annuente,
830 671 926 702 sponte
942 675 1002 699 sua,

214 717 246 741 ut
263 714 348 740 libera
372 712 466 741 Jacobi
483 713 586 748 posteri
599 713 753 741 Chananaea
765 714 931 748 potirentur.
947 714 1005 741 Dis-

215 762 337 786 cesserat
361 758 437 794 prius
464 759 574 794 quidem
598 759 671 787 Esau
701 760 729 787 in
755 759 833 793 Seir,
875 760 923 788 sed
949 767 1005 788 non

216 804 309 832 animo
333 804 413 839 plane
438 805 582 833 deserendi
603 804 803 838 Chananteam,
828 813 913 841 quare
940 812 1004 833 cum

1048 209 1148 234 meum,
1164 200 1312 229 Eusebium
1335 198 1546 230 Caesariensem,
1564 196 1712 224 Eusebium
1729 195 1842 223 Emese—

1049 256 1126 279 num,
1143 246 1353 282 Apollinarium,
1367 243 1551 272 Eustathium.
1566 243 1755 278 Hieronymus
1775 240 1845 268 Tro.

1049 293 1194 320 ditianibus
1214 291 1352 319 Hebraicis
1377 291 1409 317 in
1434 288 1540 321 Geues..
1561 296 1623 324 cap.
1639 288 1685 321 22,
1701 294 1766 315 eum
1790 293 1844 313 non

1051 340 1085 368 de
1099 346 1197 374 genere
1214 338 1297 370 Esau,
1323 337 1370 365 sed
1385 336 1420 364 de
1444 336 1529 370 stirpe
1553 333 1662 362 Nachor
1683 337 1845 369 generatum

1051 386 1202 418 existimat,
1222 391 1302 420 quem
1327 385 1450 418 sequitur
1479 381 1619 416 liupertus
1650 379 1699 407 lib.
1716 387 1744 406 vi
1761 378 1845 408 Com-

1053 436 1171 460 mentar.
1194 433 1222 458 in
1241 429 1348 462 Genes.,
1364 429 1485 456 Historia
1510 425 1687 456 Scholastica.
1710 432 1773 460 cap.
1801 423 1845 455 58;

1053 482 1081 507 et
1096 478 1239 513 Philippus
1251 476 1405 512 presbyter,
1417 474 1462 510 qui
1481 473 1562 509 paulo
1574 475 1634 508 post
1649 471 1844 506 Hieronymum

1055 524 1167 559 scripsit
1185 524 1211 550 in
1229 523 1301 549 hunc
1323 522 1493 556 prophetam,
1515 519 1556 547 sic
1581 518 1639 544 ait:
1656 516 1727 544 (Ilius
1749 520 1775 542 et
1791 514 1845 542 BII

1055 571 1106 606 filii
1119 570 1193 604 fuere
1208 568 1317 596 Nacltor
1333 567 1426 603 fratris
1444 565 1556 593 Abraiue
1569 565 1651 599 juxta
1665 563 1746 598 fidem
1763 561 1847 589 Ceae-

1056 625 1113 644 seos
1130 616 1201 647 libri,
1215 616 1271 642 nati
1286 614 1317 642 de
1329 613 1432 641 Mela/ta
1451 621 1542 640 sorore
1563 612 1639 639 Sorte
1652 619 1661 637 .'
1671 608 1797 637 credibile
1811 609 1848 635 ri-

1057 662 1113 689 deri
1124 667 1206 697 potest
1222 666 1251 688 nt
1268 661 1295 688 in
1309 666 1379 687 terra
1393 667 1451 696 quia
1465 667 1497 687 ea:
1510 663 1649 694 parentant
1659 656 1765 684 nomine
1775 654 1848 682 dicta

1058 715 1106 741 est,
1120 711 1160 736 vir
1174 708 1219 735 ille
1236 712 1342 734 sanctus
1358 706 1535 732 habitaverit:
1551 709 1575 731 et
1597 711 1654 730 esse
1666 702 1743 729 illum
1761 701 1846 736 potius

1058 755 1090 782 de
1107 763 1198 791 genere
1213 753 1331 785 Nat/tor,
1347 760 1399 779 non
1412 751 1444 778 de
1466 750 1537 778 Esau
1555 749 1654 784 origine
1668 751 1847 782 procreatum,

1060 802 1126 829 sicut
1138 800 1246 836 quidam
1266 799 1386 833 opinione
1399 797 1479 831 dubia
1496 797 1674 831 suspicantur.
1685 794 1740 831 _llli
1757 797 1846 820 autem

216 854 275 878 tota
289 851 391 878 [annilia
406 851 536 879 redierat.
560 850 614 878 Sed
629 855 740 886 propter
753 840 865 887 gregum
880 851 1003 879 multitu-
1018 845 1040 875 Β
1055 853 1107 875 tres
1122 855 1192 882 reges
1207 846 1239 872 de
1257 852 1348 880 genere
1367 845 1472 878 fuerunt
1493 842 1576 870 Esau.
1608 842 1640 868 Et
1663 840 1848 875 Hieronymus

217 895 309 924 dinem
323 900 351 923 et
373 897 526 932 angustiam
548 904 713 932 pascuorum
735 901 840 924 mutata
854 897 1002 931 sententia,

217 941 363 969 revertitur
383 948 417 969 eo
447 941 520 969 unde
539 945 662 969 venerat.
683 941 749 969 Vide
770 941 883 976 August.
907 945 1003 976 quaest.

253 1032 311 1060 Col.
329 1032 391 1064 768,
414 1033 462 1060 lin.
479 1032 507 1060 6.
529 1033 580 1059 Ἐν
596 1029 641 1065 οἷς
655 1029 694 1066 ἦν
711 1031 770 1058 καί.
788 1030 935 1067 Iosephus,
949 1031 1007 1060 An-

218 1080 266 1115 tig.
282 1079 328 1107 lib.
347 1087 365 1106 ll
379 1088 386 1107 :
401 1079 555 1114 ’Δμάληκος
567 1078 621 1113 γὰρ
637 1078 713 1110 νόθος
727 1075 762 1114 ἦν
779 1078 919 1114 παλλακῆς
934 1078 1008 1114 αὐτῷ

217 1123 338 1160 γεγονὼς
366 1123 497 1160 Θαμνάης
529 1123 625 1159 ὄνομα.
656 1120 736 1150 Οὗτοι
766 1123 930 1160 κατῴκησαν
959 1124 1008 1159 τῆς

225 1169 378 1206 Ἰδουμαίας
403 1171 452 1206 τὴν
475 1169 611 1197 Γοϐολῖτιν
637 1169 798 1205 λεγομένην,
815 1171 863 1196 καὶ
885 1170 934 1206 τὴν
956 1170 1009 1197 ἀπὸ

226 1216 380 1252 Ἀμαλήκου
406 1215 551 1252 κληθεῖσαν
571 1215 758 1251 Ἀμαληκῖτιν,
780 1216 866 1252 Πολλὴ
889 1216 943 1252 γὰρ
962 1225 1010 1251 γι-

220 1263 322 1299 νομένη
338 1263 399 1290 τότε
414 1263 432 1297 ὴ
458 1261 603 1298 Ἰδουμαία,
617 1262 678 1288 τότε
696 1262 784 1298 πάσης
804 1263 888 1298 αὐτῆς
903 1263 1010 1289 ὰπέσωυ

222 1307 269 1342 ξεν
284 1308 378 1344 ὄνομα,
395 1308 442 1335 καὶ
458 1309 514 1340 τοῖς
541 1308 635 1343 μέρεσι
653 1307 702 1340 τὰς
723 1308 778 1335 ἀπὸ
791 1308 846 1335 τῶν
861 1308 1011 1345 οἰκητόρων

221 1353 408 1391 προσηγορίας
421 1353 574 1388 διεφύλαξε.

259 1400 339 1433 lbid.,
360 1399 408 1427 lin.
428 1399 469 1427 l9.
488 1400 540 1432 Ὃς
553 1396 643 1433 εὗρεν
663 1399 697 1426 ὲν
709 1399 756 1434 τῇ.
772 1398 862 1427 Locus
877 1399 921 1427 hic
936 1399 1011 1427 Scri-

224 1451 320 1481 ptum.
335 1445 367 1472 ad
390 1452 470 1480 quem
491 1445 611 1479 respexit
626 1445 797 1477 Eustathius,
811 1446 886 1473 varie
899 1454 915 1473 a
925 1446 1010 1474 variis

224 1491 370 1526 accipitur,
386 1498 437 1518 nec
458 1491 518 1525 ejus
533 1491 668 1518 sententia
691 1491 851 1519 diﬂicultate
864 1492 938 1519 vocis
958 1493 1011 1520 He-

224 1536 326 1566 braicae
341 1536 435 1564 haberi
457 1540 564 1572 potest;
590 1537 693 1565 relictis
714 1541 805 1565 tamen
827 1537 944 1565 aliorum
968 1546 1013 1566 ex-

225 1582 427 1618 plicationibus,
451 1589 512 1617 quae
536 1582 618 1610 nimis
645 1583 775 1610 audacter
801 1581 961 1618 Eugubinus
987 1586 1014 1612 in

225 1629 410 1664 recognitione
424 1629 603 1656 Pentateuchi
619 1637 702 1664 super
718 1629 791 1656 hunc
813 1630 903 1657 locum
919 1631 1014 1663 tradit,

225 1674 440 1702 animadvertam
458 1683 465 1701 :
480 1682 545 1702 eum
570 1679 598 1703 et
623 1676 831 1711 Hieronymum,
856 1679 884 1704 et
901 1674 1013 1711 Septua-

225 1719 300 1754 ginta
323 1717 488 1754 lnterpretes
513 1726 528 1746 a
553 1719 667 1747 veritate
697 1719 831 1747 Hebraica
857 1719 1017 1748 discordare

226 1764 352 1793 sllirmat.
369 1764 450 1792 Putat
459 1765 536 1793 enim
549 1765 707 1801 Hieronymi
719 1769 852 1800 tempore,
865 1774 915 1801 pro
927 1766 1015 1794 Jemin

226 1810 300 1845 quod
325 1810 461 1846 signiﬁcat
483 1811 594 1842 multos.
622 1810 742 1842 codices,
769 1811 868 1846 quibus
884 1816 927 1839 est
949 1820 1016 1841 usus

227 1856 421 1891 Hieronymus,
447 1856 577 1884 habuisse
601 1856 644 1884 vel
672 1855 780 1891 Majim,
806 1857 832 1885 id
855 1862 897 1886 est
918 1866 1015 1894 aquas,

227 1901 269 1928 vel
283 1897 385 1931 lamin.
402 1901 429 1928 id
444 1904 486 1928 est
503 1901 599 1928 maria.
615 1901 672 1929 Cur
693 1906 782 1929 autem
804 1903 916 1931 verterit
931 1912 1016 1939 aquas

227 1946 331 1976 calidas
349 1954 381 1973 ex
398 1946 511 1974 Hebraeo
525 1947 596 1974 ratio
612 1947 687 1974 nulla
707 1948 783 1976 reddi
799 1952 897 1984 potest.
914 1949 1016 1978 Deinde

229 1990 406 2024 reprehendit
429 1989 608 2026 Septuaginta
634 1993 812 2028 lnterpretes,
831 1994 905 2029 quod
922 2002 1015 2023 vocem

229 2035 370 2063 Hebrum
393 2035 494 2070 Iemin,
516 2038 628 2072 perinde
644 2039 723 2074 quasi
747 2043 822 2068 esset
837 2048 937 2068 nomen
958 2048 1018 2077 pro-

229 2081 318 2115 prium
331 2081 448 2116 alicujus
462 2081 594 2115 hominis,
611 2087 641 2110 ut
653 2087 695 2110 est
707 2082 804 2117 Iacob,
819 2087 847 2112 et
861 2084 948 2116 lsaac.
973 2085 1018 2114 hic

229 2125 403 2158 retinuerint.
415 2126 452 2154 ita
464 2126 608 2156 reddentes
619 2131 693 2157 hunc
707 2128 797 2156 locum
809 2128 881 2157 :Iste
894 2134 934 2157 est
945 2129 1015 2163 Ana,

1055 894 1139 922 tradit
1156 892 1278 928 Eliphaz,
1308 899 1388 927 quem
1404 891 1459 918 Atla
1475 890 1578 925 peperit
1591 887 1673 920 Esau,
1692 887 1772 914 illum
1789 892 1849 913 esse

1056 940 1135 975 Cujus
1148 939 1271 967 meminit
1292 938 1350 973 ipse
1372 936 1434 969 Ioh,
1449 936 1522 972 quod
1541 936 1564 963 si
1579 935 1616 962 ita
1632 939 1685 967 est,
1703 940 1768 961 eum
1783 940 1847 968 pro-

1055 984 1201 1020 nepotibus
1211 982 1325 1010 Abrahae
1337 980 1434 1010 Iobum
1449 981 1549 1008 vixisse
1559 987 1671 1007 necesse
1685 983 1739 1006 est.
1752 978 1842 1008 Philo.

1058 1030 1170 1062 Suidas,
1192 1035 1219 1058 et
1243 1029 1425 1065 Paraphrasis
1440 1027 1586 1056 Cbaldaica
1601 1033 1733 1062 generum
1754 1024 1848 1053 Jacobi

1058 1076 1163 1104 faciunt
1180 1083 1214 1103 ex
1226 1075 1294 1102 Dina
1310 1081 1406 1102 uxore.
1423 1073 1600 1109 Septuaginta
1617 1072 1724 1099 malunt
1739 1078 1801 1098 esse
1817 1078 1848 1097 es

1058 1122 1177 1158 posteris
1189 1122 1315 1153 Abrahae,
1335 1124 1464 1156 quartum
1487 1119 1522 1146 ab
1548 1117 1631 1146 Esau.
1646 1116 1798 1152 Caietanus
1821 1117 1848 1143 in

1060 1169 1176 1204 primum
1190 1172 1271 1203 caput
1285 1167 1336 1194 Iob
1350 1167 1384 1195 de
1400 1166 1486 1203 stirpe
1500 1165 1561 1200 ejus
1578 1165 1646 1192 nihil
1662 1167 1770 1192 certum
1789 1170 1848 1191 esse

1059 1214 1168 1242 statuit.

1096 1259 1178 1291 lbid.,
1195 1257 1244 1286 lin.
1264 1256 1309 1285 54.
1323 1257 1356 1283 οι
1367 1255 1401 1283 δὲ
1420 1256 1478 1283 υἱοὶ
1499 1255 1606 1284 Ἰακώϐ,
1622 1254 1750 1282 Justinus
1764 1253 1850 1282 histo-

1060 1306 1135 1333 ricus
1154 1305 1201 1332 lib.
1217 1312 1312 1335 xxxvi,
1328 1302 1470 1330 historiam
1495 1301 1606 1337 Iosephi
1637 1301 1759 1328 breviter
1773 1307 1849 1327 enar-

1061 1358 1126 1378 rans
1141 1349 1237 1377 scribit
1249 1358 1255 1377 :
1267 1348 1317 1376 Sed
1333 1347 1463 1375 Israelem
1477 1347 1541 1382 fetis:
1555 1347 1643 1374 decem
1656 1347 1775 1380 ﬁliorum
1791 1354 1849 1380 pro-

1061 1400 1151 1423 ventus
1183 1394 1332 1430 majoribus
1366 1393 1421 1420 suis
1458 1392 1598 1420 clariorem
1626 1392 1698 1427 fecit.
1731 1390 1850 1426 Namque

1061 1442 1184 1478 populum
1198 1442 1225 1468 in
1240 1441 1328 1468 decem
1344 1448 1424 1475 regna
1439 1439 1554 1466 divisum
1569 1439 1682 1466 tradidit
1697 1438 1774 1473 filiis,
1793 1446 1846 1464 om-

1064 1495 1158 1523 nesque
1172 1494 1204 1514 ea:
1216 1487 1319 1513 nomine
1336 1485 1427 1517 ludor,
1442 1485 1487 1519 qui
1501 1489 1559 1519 post
1573 1484 1728 1511 divisionem
1745 1491 1851 1510 recesse-

1067 1538 1119 1566 rat,
1136 1533 1245 1560 Judteos
1261 1532 1413 1567 appellavit;
1430 1531 1529 1566 colique
1552 1531 1608 1565 ejus
1623 1531 1777 1557 memoriam
1797 1538 1850 1556 ont-

1066 1580 1142 1607 nibus
1153 1579 1244 1614 jussit.
1263 1578 1328 1613 Ejus
1347 1578 1433 1613 portio
1449 1577 1568 1604 omnibus
1587 1581 1746 1604 accesserat.
1771 1574 1851 1602 Hmi-

1066 1635 1124 1654 mus
1142 1631 1220 1653 altato
1238 1625 1305 1652 inter
1321 1624 1418 1659 fratres
1430 1622 1529 1658 Joscph
1545 1623 1617 1657 fuit:
1634 1623 1710 1657 cujus
1725 1622 1850 1649 excellens

1066 1672 1198 1708 ingenium
1219 1671 1295 1698 veriti
1312 1671 1420 1705 fratres,
1436 1670 1505 1697 clam
1525 1670 1696 1703 interceptum
1712 1669 1853 1703 peregrinis

1066 1717 1255 1745 mercatoribus
1281 1716 1461 1744 vendiderunt.
1481 1715 1503 1742 Α
1525 1716 1619 1752 quibus
1647 1715 1802 1749 deportatus
1827 1715 1852 1741 in

1067 1763 1231 1800 £gyptunt,
1254 1771 1314 1790 cum
1338 1763 1457 1798 magicas
1478 1762 1515 1788 ibi
1537 1766 1608 1789 artes
1635 1761 1729 1788 solerti
1752 1760 1853 1795 ingenio

1065 1811 1232 1845 percepisset,
1257 1809 1327 1836 brevi
1350 1809 1401 1844 ipsi
1425 1809 1479 1844 regi
1495 1807 1638 1843 percharus
1653 1807 1715 1841 fuit.
1739 1805 1813 1834 Nam
1831 1812 1853 1833 et

1065 1856 1247 1892 prodigiorum
1275 1856 1463 1891 sagacissimus
1480 1858 1548 1887 erat,
1575 1858 1600 1881 et
1621 1853 1785 1881 somniorum
1801 1854 1853 1888 pri-

1067 1909 1125 1927 mus
1139 1900 1339 1935 intelligentiam
1351 1899 1488 1931 condidit,-
1503 1898 1618 1934 nihilque
1629 1898 1711 1925 divini
1720 1898 1792 1933 juris
1808 1899 1854 1924 Its-

1066 1947 1190 1982 maniqtte
1202 1949 1226 1974 ei
1239 1947 1399 1982 incognitum
1420 1945 1566 1977 uidebatur,
1587 1950 1654 1977 etc.,
1675 1944 1724 1972 sed
1741 1944 1786 1972 hic
1808 1952 1854 1971 au-

1065 1997 1125 2022 ctor
1141 1994 1169 2021 in
1182 1993 1277 2029 paucis
1291 1993 1382 2021 verbis
1401 1993 1485 2020 multa
1499 1992 1630 2028 peccavit.
1648 1990 1771 2020 Fuerunt
1783 1991 1854 2019 enim

1066 2040 1113 2068 lilii
1132 2037 1216 2067 Iacob
1230 2038 1374 2067 duodecim
1397 2042 1495 2074 prater
1509 2045 1590 2066 unam
1613 2037 1756 2066 feminam.
1778 2037 1855 2065 Mili-

1067 2092 1128 2112 mus
1146 2087 1227 2111 natus
1252 2087 1311 2111 erat
1334 2083 1486 2118 Beniamin,
1510 2090 1565 2110 non
1586 2081 1698 2118 Ioseph.
1716 2078 1817 2117 Ioseph
1838 2089 1852 2109 a

1067 2129 1180 2165 magicis
1192 2127 1298 2156 artibus
1313 2135 1463 2162 earumque
1476 2128 1566 2156 studio
1585 2128 1733 2163 plurimum
1753 2128 1853 2161 abfuit;

228 2172 274 2208 qui
288 2173 384 2200 inuenit
409 2172 502 2200 Jamin
525 2174 553 2202 in
572 2173 685 2206 deserto,
697 2174 802 2210 quando
824 2175 947 2210 pascebat
969 2176 1002 2211 ju
1033 2186 1055 2214 ι)
1069 2175 1116 2202 sed
1135 2174 1252 2209 Spiritus
1268 2174 1357 2202 sancti
1384 2173 1516 2209 peculiari
1533 2174 1651 2209 quadam
1669 2175 1758 2210 gratia
1772 2173 1854 2202 dona.

229 2222 319 2246 menta
333 2219 418 2253 patris
433 2220 492 2252 sui;
505 2227 575 2255 quos
588 2224 700 2248 secutus
711 2219 867 2249 Eustathius
880 2222 949 2249 idem
967 2221 1018 2249 hoc
1070 2226 1113 2250 tus
1128 2221 1173 2248 illa
1190 2220 1281 2248 omnia
1298 2220 1457 2256 perfecerat.

228 2263 258 2291 in
275 2264 335 2291 loco
350 2265 481 2292 retinens.

265 2310 346 2343 lbid.,
370 2311 407 2338 lin
440 2310 480 2338 ιϐ.
498 2311 567 2338 Μεθ’
582 2311 618 2338 ὃν
641 2312 746 2340 Ἰωεάε.
760 2312 847 2339 Iobab
867 2312 900 2340 de
921 2320 977 2348 quo
990 2313 1019 2340 lit

230 2357 276 2386 hic
287 2358 398 2390 mentio,
414 2356 514 2385 Iobum
531 2358 617 2385 fuisse
634 2358 712 2384 multi
727 2358 910 2391 tradiderunt,
927 2351 1019 2394 quam-

231 2403 273 2432 vis
287 2403 443 2438 oppositum
458 2403 593 2431 adirment
602 2403 740 2439 Lyranus.
753 2407 780 2432 et
794 2403 930 2437 Oieaster,
941 2412 1016 2432 eum-

231 2456 285 2484 que
302 2448 389 2477 fuisse
409 2456 463 2476 non
490 2449 576 2476 tilium
601 2448 683 2481 Esau,
709 2452 741 2476 ut
764 2449 857 2476 retulit
875 2448 1019 2480 Aristaeus,

231 2495 278 2530 qui
291 2494 448 2523 Iudaeorum
464 2494 610 2523 historiam
635 2495 748 2530 scripsit
774 2495 847 2530 apud
872 2493 1020 2523 Eusebium

231 2541 494 2574 CasariensemJib.
511 2549 538 2569 Ix
554 2541 593 2569 De
607 2542 799 2577 preparations
815 2541 1018 2578 Evangcl.,('ap.

233 2585 342 2619 ultim.,
361 2586 408 2614 sed
424 2593 457 2614 ex
484 2586 570 2622 stirpe
585 2589 613 2614 et
637 2587 766 2622 progenie
790 2586 873 2619 Esau,
897 2588 1021 2615 scribunt

232 2633 400 2660 Athanasius
427 2632 455 2660 in
479 2632 603 2668 synopsi,
621 2631 836 2668 Chrysostomus
856 2633 930 2660 hom.
945 2632 963 2659 2
984 2632 1020 2659 De

233 2679 344 2712 patient.
361 2678 424 2711 Job,
439 2679 609 2714 Augustinus
625 2679 673 2707 lib.
689 2687 756 2707 mu
774 2678 812 2706 De
836 2679 941 2706 ciuitate
962 2678 1020 2712 Dei,

234 2730 295 2759 cap.
312 2724 357 2752 47.
375 2724 448 2752 idem
466 2726 550 2753 sentit
573 2729 601 2753 et
626 2726 812 2753 Theoderetus
826 2726 970 2761 question.
988 2725 1023 2752 92

235 2769 264 2796 in
277 2768 342 2797 Gen.
357 2774 383 2798 et
397 2770 547 2806 Gregorius
561 2771 678 2807 Magnus
692 2772 771 2799 initio
794 2771 980 2799 Commentar.
995 2771 1024 2798 in

234 2812 297 2842 Job.
315 2813 362 2842 llis
379 2816 502 2850 patribus
517 2816 596 2850 adde.
614 2821 641 2844 et
650 2825 720 2854 quos
734 2822 876 2845 enumerat
889 2817 1023 2852 Hierony-

1105 2266 1183 2297 lbid..
1200 2266 1248 2293 lin.
1264 2266 1311 2293 '57.
1334 2264 1376 2298 Τῷ
1391 2264 1559 2300 Πενταφρῇ.
1578 2263 1711 2300 Principi,
1729 2271 1777 2292 seu
1790 2272 1854 2299 pra:-

1070 2312 1141 2340 l'ecto
1150 2319 1314 2347 coquorum.
1331 2309 1370 2338 lta
1388 2310 1465 2338 Philo
1477 2311 1523 2339 lib.
1537 2310 1576 2338 De
1586 2309 1709 2345 Joseph.;
1723 2309 1853 2346 Iosephus

1069 2358 1117 2386 lib.
1132 2366 1140 2385 ι
1153 2358 1324 2393 Αιεὶᾳιιίιαι.,
1340 2357 1501 2385 Ambrosius
1513 2357 1559 2384 lib.
1575 2357 1614 2384 De
1626 2356 1748 2391 Joseplt.,
1761 2361 1788 2385 et
1802 2357 1853 2385 alii.

1069 2404 1199 2432 Nonnulli
1213 2411 1308 2432 vocem
1329 2403 1491 2432 Hebraicam
1510 2404 1665 2439 signiﬁcare
1682 2404 1855 2440 praepositum

1071 2451 1174 2478 militiae
1186 2449 1367 2478 tradiderunt.
1380 2450 1432 2478 Alii
1446 2454 1602 2485 utrumque.
1613 2450 1753 2483 Pererius,
1768 2451 1856 2478 neSe-

1072 2497 1212 2533 ptuaginta
1226 2496 1391 2530 Interpretcs
1405 2495 1441 2523 ita
1456 2495 1599 2524 reddente:
1611 2503 1720 2525 errasse
1734 2497 1856 2524 videt-ens

1072 2546 1126 2575 tur,
1143 2542 1181 2568 ait
1197 2541 1395 2577 ἀρχιμάγειρον
1411 2542 1503 2570 omnia
1530 2542 1587 2569 haec
1611 2541 1778 2577 signiﬁcare.
1806 2542 1857 2570 Sed

1070 2595 1133 2616 eum
1162 2587 1329 2615 audiamus:
1346 2587 1443 2622 Dices,
1466 2587 1536 2623 Ergo
1565 2588 1739 2624 Septuaginta
1774 2588 1857 2616 Inter-

1072 2638 1156 2667 pretes
1183 2638 1307 2660 errarunt
1332 2634 1379 2661 hoc
1408 2634 1475 2665 loco,
1495 2635 1540 2669 qui
1570 2639 1702 2661 uerterunt
1727 2635 1857 2662 archim-

1073 2679 1146 2715 giro,
1175 2679 1202 2706 id
1231 2685 1289 2713 est,
1323 2681 1436 2715 principi
1466 2680 1630 2716 cognoram?
1663 2680 1776 2708 Minime
1790 2689 1855 2708 mo.

1075 2725 1147 2752 Nam
1175 2734 1225 2753 oo:
1246 2726 1444 2762 arehimagiros
1471 2728 1575 2763 proprie
1601 2727 1736 2763 signiﬁcat
1758 2728 1858 2763 princi-

1075 2779 1136 2808 pem
1160 2772 1314 2800 occisorum
1338 2781 1346 2799 :
1367 2774 1558 2809 μαγειρεύειν,
1597 2774 1691 2809 quippe
1723 2774 1858 2807 interprets

1078 2817 1250 2853 Hieronymo,
1273 2817 1368 2847 Latine
1395 2824 1433 2847 est
1454 2819 1588 2849 occidere.
1619 2819 1672 2847 Sed
1698 2828 1791 2848 nomen
1817 2827 1858 2848 oc—
