1900 3070
55 104 120 133 Ιοῖῦ

544 104 578 132 ΙΝ
599 104 783 133 EUSTATHII
800 105 1036 134 HEXAEMERON
1056 105 1172 134 NOTA'J.

1604 106 1674 134 I034

53 163 165 189 cisorum
193 162 330 198 tri/ariam
358 168 441 198 potest
468 163 590 200 intelligi.
618 163 666 192 Vel
688 166 757 192 enim
777 170 836 192 sunt

889 167 1006 200 γυναῖκα
1019 165 1088 201 ἔχων
1100 165 1144 192 διὰ
1152 165 1202 200 τὴν
1222 164 1338 192 εὔνοιαν.
1354 163 1452 193 Notum
1467 169 1509 194 est
1525 166 1595 199 inter
1612 174 1675 202 spa-

53 209 177 235 occisam
210 208 346 238 hominum
370 211 398 237 in
422 211 507 243 bello,
530 211 620 246 quales
643 217 706 238 sunt
732 212 840 245 milites,

56 261 76 282 et
86 255 117 284 ,in
131 254 201 282 hanc
220 257 394 289 sententiam,
416 256 528 284 Latinus
541 257 666 292 interpres
686 259 761 285 vertit
783 267 842 286 ma-

54 302 132 336 gistro
149 301 285 334 militum;
304 302 342 329 vel
362 307 423 330 sunt
440 303 568 331 occisores
587 303 721 332 hominum
735 310 841 340 propter

54 355 139 374 eorum
149 348 277 379 crimina.
292 353 418 383 tanquam
434 349 544 384 publica:
553 350 666 384 justitite
678 351 838 385 administri,

54 397 226 425 exsecutor“,
243 402 323 429 quam
339 395 581 430 interpretationem
604 398 685 423 secuti
706 402 767 424 sunt
785 397 840 424 He-

55 438 114 464 bmi
127 442 153 464 et
170 438 252 466 multi
270 441 302 466 de
320 441 418 467 nostris
435 449 516 475 supra
542 442 701 474 memorati;
725 443 764 470 uel
778 449 840 471 sunt

55 485 179 512 occisores
200 485 362 513 animalium
377 486 412 513 ad
427 487 602 521 coquendum,
616 492 640 514 et
653 489 839 516 comedendum

55 537 80 558 ut
95 537 156 559 sunt
173 532 254 564 lanii,
274 538 298 560 et
313 534 388 569 coqui
401 542 410 560 :
423 535 466 561 cui
478 536 633 570 expositioni
660 535 748 569 Philo,
763 535 840 563 lose-

55 578 127 614 pltus,
144 583 168 605 et
184 578 344 606 AmbrOsius
361 581 521 608 institerunt.
555 582 621 610 Cum
637 583 719 618 igitur
732 589 782 610 vox
794 591 839 609 ar-

59 624 226 660 cliimagiros.
250 633 302 660 qua
326 627 367 653 usi
381 632 443 654 sunt
471 626 645 664 Septuaginta
668 628 837 663 Interpretes,

59 675 105 697 tres
122 671 189 697 istas
203 670 413 706 signiﬁcationes
439 677 464 700 et
485 674 714 709 interpretationes
736 675 837 709 capiat,

56 716 193 743 translatio
221 716 396 753 Septuaginta
415 717 593 753 Interpretum
611 719 716 747 lectioni
739 725 838 747 nostra

57 762 152 790 Latinae
167 765 259 798 aptari
273 765 484 792 commodissime
505 770 604 800 potest;
631 767 776 801 praesertim
789 776 839 794 au-

57 813 102 834 tem
118 817 177 835 cum
191 814 302 836 sanctus
321 809 498 845 Hieronymus
513 811 632 846 amt-met,
648 812 836 848 archimagiros

57 863 96 886 pro
111 855 247 889 magistris
263 856 393 883 exercitus
420 857 446 883 in
472 857 602 892 plerisque
630 858 695 886 locis
721 858 836 886 diuinam

57 899 215 934 Scripturam
231 910 446 930 commemorare.
462 902 515 931 Sed
528 904 640 932 dubium
654 905 743 932 adhuc
753 913 838 933 rema-

58 949 98 971 net
112 953 163 973 non
187 948 432 980 contemnendum,
461 949 589 985 princeps
616 950 661 978 hic
685 950 837 980 Pharaonis

57 992 108 1020 sive
139 993 287 1027 pmiectus
318 994 472 1022 divinarum
501 995 652 1023 litterarum
679 997 837 1026 testimonio

58 1037 149 1065 dicitur
156 1038 245 1067 fuisse
261 1039 415 1073 eunuchus,
428 1043 455 1068 et
465 1048 497 1067 ea
512 1046 554 1068 est
563 1043 715 1070 communis
726 1042 836 1071 Patrum

59 1082 153 1116 opinio,
170 1083 218 1118 qui
234 1084 262 1111 id
279 1084 338 1112 ﬁeri
353 1086 450 1121 potuit,
466 1089 496 1113 ut
511 1094 622 1114 uxorem
638 1087 774 1121 habuerit,
789 1097 834 1116 cu-

57 1127 96 1161 ius
106 1127 174 1157 ﬁctis
184 1130 426 1158 criminationibus
438 1130 574 1166 Iosephus
587 1133 614 1159 in
630 1140 766 1162 carcerem
780 1139 837 1162 tru-

58 1174 132 1207 ditur,
149 1176 267 1212 vitaeque
284 1177 402 1212 propria:
422 1178 574 1213 periculum
591 1179 674 1207 subit.
689 1179 777 1208 Taceo
793 1181 837 1208 hic

58 1218 224 1248 Hebmorum
254 1230 352 1257 nugas,
376 1224 422 1258 qui
444 1231 476 1251 eo
496 1224 611 1252 inscitia:
635 1234 792 1260 pervenere,
807 1231 837 1254 ut

58 1267 172 1296 dicerent
202 1270 356 1305 principem
380 1270 454 1298 hunc
478 1272 552 1299 nullo
578 1272 659 1300 modo
680 1274 835 1301 eunuchum

60 1313 144 1346 fuisse,
161 1315 209 1342 sed
223 1317 357 1352 integrum
369 1318 497 1345 omnibus
510 1319 567 1346 suis
581 1319 710 1347 membris
724 1328 835 1348 uxorem

59 1359 168 1391 duxisse,
185 1369 250 1388 cum
265 1369 318 1397 qua
339 1362 455 1391 feliciter
473 1364 648 1399 jucundeque
676 1365 759 1392 vitam
786 1365 837 1393 du-

60 1406 138 1434 cebat.
156 1406 256 1435 Verum
270 1409 352 1443 empti
364 1407 475 1444 Iosephi
491 1409 589 1437 blanda
601 1409 768 1445 pulchraque
781 1410 836 1437 for-

60 1458 97 1477 ma
110 1453 265 1487 pellectum,
281 1455 376 1482 nescio
391 1454 456 1490 quid
470 1456 496 1481 in
513 1455 601 1489 ipsum
616 1454 762 1490 Josephum
778 1460 837 1483 ten-

60 1501 134 1529 Iasse.
161 1500 278 1535 ideoque
299 1501 376 1536 justo
397 1500 443 1528 Dei
462 1501 566 1535 judicio
587 1502 614 1528 in
642 1510 749 1537 poenam
770 1505 836 1530 tanti

60 1544 162 1571 sceleris
177 1545 312 1573 membris
337 1545 391 1572 illis
411 1545 489 1580 quasi
514 1545 668 1573 eunuchum
685 1545 770 1573 fuisse
787 1546 839 1573 im—

60 1589 180 1622 peditum,
204 1591 321 1626 ideoque
345 1598 360 1618 a
388 1591 530 1626 Scriptura
554 1591 710 1618 eunuchum
734 1591 837 1623 vocari,

59 1634 157 1663 etiamsi
178 1636 294 1664 haberet
314 1644 438 1665 uxorem.
471 1636 588 1670 Quidam
615 1637 753 1669 dixerunt,
779 1645 839 1664 mu-

60 1679 142 1708 lierem
160 1682 234 1710 illam
249 1691 306 1710 non
320 1682 405 1710 fuisse
418 1690 542 1714 uxorem,
559 1682 607 1710 sed
625 1686 730 1709 tantum
746 1690 838 1709 rerum

59 1725 260 1756 domesticarum
274 1736 368 1755 curam
390 1729 517 1764 gessisse.
538 1728 665 1761 Quidam,
684 1728 734 1756 etsi
751 1736 838 1755 eunu-

59 1772 141 1806 chum,
176 1775 222 1803 illa
255 1779 346 1802 tamen
378 1775 491 1802 muliere
515 1780 644 1810 tanquam
670 1781 754 1801 uxore
771 1774 838 1809 legi-

60 1819 117 1846 tima
140 1829 229 1849 usum.
261 1821 423 1849 Theodorus
446 1821 548 1849 Catena
574 1821 601 1848 in
622 1819 759 1847 Genesim:
775 1819 837 1851 Πῶς

59 1865 173 1902 εὐνοῦχος
191 1867 228 1896 ὢν
244 1869 258 1894 ὁ
270 1868 468 1904 ἀρχιμάγειρος
487 1868 604 1902 γυναῖκα
620 1864 692 1901 εἷχε;
712 1865 838 1892 Μάλιστα

61 1911 102 1945 μὲν
118 1911 161 1940 οὖν
177 1915 224 1941 καὶ
247 1916 309 1946 τοὺς
332 1914 476 1949 εὐνούχους
490 1913 537 1940 καὶ
552 1914 615 1945 τοὺς
636 1911 764 1947 ἐκτομίας
785 1912 837 1946 ὀμ-

58 1957 162 1993 ωνύμως
175 1960 303 1987 καλοῦσιν
313 1969 320 1975 ·
333 1960 408 1987 οὐδὲν
420 1960 449 1986 δὲ
462 1957 495 1995 ἦν
514 1959 636 1991 ἀπεικὸς,
652 1958 699 1985 καὶ
711 1957 836 1992 εὐνοῦχον

60 2002 115 2030 ὕντα
127 2008 241 2039 γυναῖκα
259 2006 328 2042 ἔχειν
342 2008 371 2033 ὲν
385 2008 418 2041 τῇ
431 2006 519 2041 οίκείᾳ
535 2005 588 2032 τῶν
600 2004 673 2031 ἔνδον
690 2003 835 2039 ἐπιμελου-

61 2049 135 2085 μένην
149 2052 329 2088 πραγμάτων.
356 2052 492 2078 Diodorus
511 2050 610 2078 ibidem
625 2058 632 2076 τ
653 2049 725 2081 Πῶς,
743 2048 836 2075 εὐνοῦυ

60 2100 100 2126 χον
112 2093 175 2123 εἶναι
192 2098 283 2133 φήσας
299 2097 346 2124 τὸν
357 2097 510 2132 Πετεφρῆν⁷
520 2097 636 2131 γυναῖκα.
651 2095 745 2121 τοῦτον
759 2092 835 2121 εἶπεν
852 2091 856 2096 ’

60 2138 136 2174 ἔχειν;
156 2140 239 2178 Οἶμαι
252 2142 342 2169 τοίνυν
357 2142 412 2177 ἐγὼ
428 2142 482 2168 τῶν
495 2141 542 2168 δύο
557 2141 586 2168 τὸ
600 2141 704 2176 ἓτερον,
718 2140 734 2175 ἢ
748 2139 792 2167 διὰ
805 2139 834 2166 τὸ

61 2183 141 2213 εὔνουν
155 2189 280 2224 εὐνοῦχον
293 2189 374 2216 αὐτὸν
387 2188 612 2224 καταχρηστικῶς
625 2186 833 2223 προσειρῆσθαι,
849 2196 872 2223 D

61 2230 74 2264 ῆ
87 2233 128 2259 καὶ
141 2234 176 2269 τῷ
188 2235 245 2262 ὄντι
255 2235 309 2262 τῶν
323 2235 425 2271 μορίων
439 2234 648 2271 ἐκτετμημένων
662 2233 733 2269 ἔχειν
745 2234 772 2260 ὲν
785 2241 835 2267 γα-

63 2278 136 2313 μετῆς
153 2281 227 2315 τάξει
241 2282 272 2308 τὸ
285 2281 406 2316 γύναιον,
427 2282 440 2308 ὃ
454 2282 485 2316 δὴ
503 2282 547 2308 καὶ
563 2281 605 2315 ἐφ’
620 2280 698 2316 ἡμῶν
715 2279 836 2315 ἔγνωμεν

62 2322 105 2348 ὑπὸ
124 2325 224 2353 πολλῶν
245 2327 375 2358 πολλάκις
388 2327 539 2362 γινόμενον.
560 2325 594 2352 Ει
613 2324 770 2352 Gennadius
784 2334 791 2352 :
804 2325 835 2351 Εἰ

61 2367 173 2405 εὖνοῦχος
186 2373 199 2398 ὁ
213 2373 366 2409 Πετεφρῆς,
379 2373 438 2404 πῶς
454 2372 610 2407 εὑρίσκεται
621 2372 736 2405 γυναῖκα
749 2370 833 2405 ἔχωνς

67 2412 126 2440 Ἀλλ’
144 2419 157 2443 ὁ
177 2419 225 2454 μὲν
243 2418 327 2454 Σύρος
339 2419 389 2454 μιᾷ
406 2417 576 2453 προσηγορίᾳ
595 2417 640 2443 τόν
656 2425 686 2442 τε
701 2416 835 2442 σπάδοντα

62 2460 102 2485 καὶ
123 2462 165 2488 τὸν
192 2465 287 2491 πιστὸν
309 2464 395 2499 ἄνδρα
413 2463 487 2498 λέγει
515 2465 571 2494 τοῖς
593 2462 745 2494 δεσπόταις,
771 2463 784 2489 ὁ
806 2461 835 2488 δὲ

67 2504 177 2542 Ἐὗραίος
196 2511 303 2547 ἀληθῶς
315 2511 451 2546 εὐνοῦχον,
476 2510 523 2536 καὶ
536 2509 629 2536 τοῦτον
649 2509 702 2536 ἀπὸ
717 2509 767 2544 τῆς
789 2508 834 2534 πί-

64 2559 147 2588 στεως,
160 2557 253 2594 ἐπειδὴ
270 2558 342 2593 φιλεῖ
352 2558 382 2584 τὸ
398 2557 452 2584 τῶν
474 2556 607 2592 εὐνούχων
623 2556 701 2590 γένος
718 2555 834 2591 μάλιστα

63 2601 222 2631 πιστεύεσθαι
234 2605 268 2631 τὰ
277 2604 427 2640 τιμιώτερα
442 2603 496 2629 τῶν
511 2602 671 2638 κτημάτων,
688 2602 735 2629 ναὶ
750 2600 834 2636 αὐτὴν

63 2643 108 2670 τῶν
122 2646 246 2680 βασιλέων
261 2650 407 2685 σωτηρίαν.
421 2650 475 2676 Καὶ
492 2649 521 2676 οὑ
535 2649 700 2684 θαυμαστὸν,
719 2649 784 2674 ὅπου
801 2656 833 2682 γε

68 2687 188 2729 Ἀδραάμ,
206 2697 252 2722 καὶ
266 2696 368 2727 Ἰσαὰκ,
383 2696 429 2722 καὶ
448 2694 544 2722 Ἰακὼὸ
561 2694 673 2730 χριστοί.
688 2694 733 2730 Μὴ
748 2694 833 2720 ἂπτε-

64 2735 116 2762 σθαι
129 2740 179 2775 γάρ
192 2751 257 2778 φησι
268 2741 322 2769 τῶν
334 2742 453 2779 χριστῶν
470 2750 531 2777 μου.
546 2741 660 2775 Λέγεται
673 2741 701 2768 δὲ
715 2741 762 2767 καὶ⁸
778 2740 833 2767 Κύ-

65 2787 103 2813 ρος
115 2784 128 2810 ὁ
143 2785 246 2824 Πέρσης
262 2789 380 2824 χριστός.
395 2788 488 2820 Οὕτως
507 2788 560 2824 ἄρα
576 2787 622 2814 καὶ
635 2787 685 2823 τὴν
701 2786 748 2813 τοῦ
762 2786 831 2813 σπά-

63 2823 140 2861 δοήος
156 2833 169 2859 ὸ
192 2823 387 2870 ὰρχιμᾶγειρος
406 2834 592 2871 προσηγορίαν
619 2834 680 2869 ἔσχε
701 2833 747 2860 καὶ
771 2833 831 2860 τότε

206 2883 344 2914 ΡΑτιιοι..
365 2883 425 2914 Gn.
461 2883 570 2915 XVIII.

853 843 874 870 Β

891 211 988 239 donem
1005 215 1032 239 et
1049 211 1203 239 eunuchum
1222 210 1387 246 discrimen;
1403 211 1545 240 eunuchus
1561 220 1633 240 enim
1651 213 1674 241 is

890 257 1004 289 dicitur.
1019 257 1065 292 qui
1081 256 1237 284 necessaria
1256 256 1289 284 ad
1306 258 1489 292 generandum
1504 262 1581 293 parte
1594 257 1676 288 dimi-

889 305 973 329 nutus
987 305 1039 334 est,
1065 303 1123 329 sive
1147 301 1308 328 naturaliter
1333 301 1371 329 ita
1389 307 1538 338 prognatus
1552 303 1600 336 sit,
1617 303 1675 331 sive

890 353 953 375 ante
964 347 1134 383 pubertatem
1150 348 1270 375 excisus.
1288 346 1378 382 Spado
1392 353 1444 381 est,
1459 349 1507 384 qui
1521 349 1675 377 valetudine

890 393 981 428 aliqua
1004 393 1106 421 vitiove
1125 393 1249 428 corporis
1265 393 1395 429 praeditus
1411 402 1541 429 generare
1557 401 1612 422 non
1624 402 1674 429 po-

890 444 954 468 test.
978 439 1095 474 Ideoque
1126 440 1260 475 spadones
1285 440 1409 475 adoptari
1437 446 1567 476 possunt,
1596 445 1674 477 post-

889 485 1057 521 humumque
1069 486 1204 514 haeredeui
1218 486 1348 520 scribere,
1358 487 1476 515 eunuchi
1495 487 1552 516 sive
1560 489 1674 516 castrati

889 539 942 559 non
955 536 1071 567 possunt
1083 541 1090 566 ;
1105 532 1133 560 hi
1149 539 1266 568 namque
1279 533 1391 560 omnino
1401 540 1532 568 generare
1541 541 1595 562 non
1609 542 1675 570 pos-

889 582 972 612 sunt;
990 578 1028 606 illi
1050 578 1261 614 impedimentis.
1282 579 1382 614 quibus
1403 580 1544 615 temporali
1571 581 1675 609 sterili-

889 628 944 651 tate
956 624 1093 657 laborant,
1106 625 1223 657 liberati,
1239 629 1363 660 possunt.
1377 625 1435 653 Hoc
1452 626 1479 653 in
1491 626 1579 662 legum
1593 635 1674 663 syno-

888 670 929 705 psi
943 670 976 697 ad
988 669 1147 698 Michaelem
1164 671 1266 698 Ducam
1279 672 1381 706 optime
1394 672 1521 699 versibus
1539 666 1685 708 expressit

888 716 1002 744 Michael
1019 716 1134 749 Psellus,
1150 724 1256 750 eorum,
1270 718 1335 752 quia
1351 717 1441 745 adhuc
1457 718 1545 745 lucem
1564 726 1619 746 non
1633 719 1675 746 vi-

887 763 995 793 derunt,
1013 763 1118 798 copiam
1134 763 1199 790 mihi
1223 763 1287 790 fecit
1303 763 1344 791 vir
1361 764 1523 791 saeculorum
1543 764 1683 792 memoria-

887 809 1063 845 dignissimus
1083 808 1246 837 Franciscus
1260 809 1414 838 Bartoliuus
1431 819 1437 837 :

889 865 1043 903 Εὺῖοῦχος
1062 865 1187 903 quddam
1202 866 1325 893 δύναται
1340 867 1482 903 υἱοθετεῑν
1496 877 1545 895 και
1566 869 1675 903 μόνον.

893 900 981 937 Τοῦτο
995 901 1049 936 γὰρ
1064 901 1262 937 ἀπηγόρευται
1274 902 1461 936 καστράτοις,
1474 904 1521 929 καὶ
1537 900 1674 937 θλιϐιαις.

895 935 925 962 '0
938 936 993 970 γάρ
1007 944 1052 963 τοι
1070 936 1195 963 σπάὸων
1214 937 1337 964 δύναται
1349 935 1568 972 παιδοποιήσαι
1586 935 1673 974 τάχα.

889 993 975 1021 Porro
991 994 1142 1028 spadonum
1169 998 1196 1022 et
1221 995 1408 1022 cunuchorum
1429 995 1573 1030 appellatio
1589 996 1673 1024 inter-

889 1040 953 1067 dum
977 1041 1111 1075 generalis
1137 1044 1194 1073 est,
1220 1048 1273 1076 qua
1295 1048 1376 1068 omne
1397 1049 1482 1076 genus
1505 1041 1672 1070 eviratorum

889 1085 1054 1113 continetur.
1065 1085 1155 1119 Quare
1164 1093 1307 1121 possemus
1317 1086 1417 1119 dicere,
1425 1087 1574 1122 principem
1587 1087 1671 1121 hunc.

889 1130 940 1158 etsi
954 1135 1068 1158 vocatur
1077 1132 1230 1164 eunuchus,
1244 1131 1392 1166 spadonem
1407 1132 1501 1164 fuisse,
1515 1137 1542 1159 et.
1558 1139 1671 1160 uxorem

889 1177 1001 1205 duxisse
1025 1181 1170 1212 antequam
1194 1184 1258 1212 pars
1274 1177 1320 1204 illa
1337 1178 1462 1213 corporis
1488 1178 1670 1213 funeraretur,

889 1231 950 1251 cum
964 1231 1017 1259 qua
1034 1227 1127 1259 postea
1150 1223 1233 1250 vitam
1250 1224 1425 1259 transigebat.
1444 1223 1566 1252 Isidorus
1582 1225 1671 1261 0rig.,

890 1268 927 1295 lib
950 1276 978 1300 x,
1004 1268 1085 1295 tradit
1103 1268 1291 1296 cunuchorum
1309 1269 1443 1304 quosdam
1462 1270 1545 1302 coire,
1569 1270 1617 1298 sed
1631 1274 1673 1298 ta-

889 1321 951 1341 men
971 1313 1097 1341 virtutem
1123 1313 1150 1340 iu
1174 1314 1277 1341 semine
1302 1314 1406 1342 nullam
1430 1323 1491 1343 esse
1508 1325 1514 1342 :
1534 1314 1673 1351 Liquorem

889 1360 957 1386 enim
969 1359 1063 1386 [tabent
1086 1364 1110 1386 et
1125 1360 1257 1393 emittunt,
1285 1360 1330 1388 sed
1347 1361 1382 1388 ad
1394 1362 1550 1397 gignendum
1569 1363 1674 1390 inanem

890 1411 966 1442 atque
980 1405 1138 1433 invalidum.
1161 1406 1274 1434 Possem
1296 1406 1361 1435 item
1379 1408 1447 1435 alias
1460 1409 1542 1444 hujus
1556 1409 1676 1444 explica-

889 1452 979 1480 tioncs
994 1452 1100 1485 aliene,
1115 1461 1184 1488 quas
1203 1453 1346 1482 brevitatis
1358 1455 1445 1490 gratia
1457 1455 1563 1482 omitto.

925 1498 990 1525 Ibid.
1012 1497 1072 1525 Τῶν
1087 1498 1284 1533 ἁρχιμαγειρφ
1297 1499 1410 1533 Φαραώ.
1432 1499 1584 1528 Pharaonis
1597 1508 1676 1528 voca-

890 1543 982 1570 bulum
1004 1551 1059 1570 non
1075 1543 1159 1571 fuisse
1176 1545 1326 1579 proprium,
1348 1545 1395 1572 sed
1417 1552 1563 1574 commune
1579 1554 1673 1581 regum

889 1591 1010 1618 omnium
1021 1589 1274 1626 Egyptiorum,qui
1291 1599 1339 1626 pro
1351 1590 1481 1626 dignitate
1495 1592 1566 1627 regis
1581 1600 1614 1619 eo
1629 1599 1670 1619 no

889 1637 962 1665 mine
980 1642 1108 1672 tanquam
1124 1637 1208 1672 regali
1229 1637 1385 1670 utebantur,
1403 1637 1631 1672 quemadmodum
1647 1642 1675 1665 et

887 1684 957 1718 apud
969 1684 1106 1712 Romanos
1114 1683 1240 1719 Augusti,
1253 1683 1441 1718 imperatores,
1452 1683 1533 1710 tradit
1541 1684 1675 1712 Eusebius

888 1738 921 1758 ex
934 1731 1010 1758 libris
1025 1730 1193 1758 Manethonis
1203 1729 1351 1757 sacerdotis
1360 1729 1562 1765 Egyptiorum,
1574 1734 1602 1758 et
1613 1739 1674 1757 rur~

887 1781 946 1801 sum
967 1784 973 1801 :
994 1774 1105 1810 Ἀνέστη
1130 1774 1158 1800 δὲ
1180 1775 1238 1810 μετ’
1258 1774 1357 1806 αὑτὸν,
1385 1774 1532 1802 Sesostrim
1557 1776 1674 1808 scilicet,

887 1819 931 1845 ἐπ’
952 1818 1104 1853 Αἵγυτπτον
1128 1818 1242 1855 Φαραὼ,
1275 1820 1289 1845 ὁ
1314 1819 1362 1846 καὶ
1398 1820 1515 1855 Ναρεχὼ
1540 1821 1674 1857 καλούμε-

887 1874 941 1897 νος,
959 1866 1098 1900 κρατήσας
1115 1865 1172 1901 ἐτη,
1189 1864 1227 1897 ὥς
1243 1874 1320 1900 φασι,
1339 1866 1517 1902 πεντήκοντα.
1541 1867 1588 1894 Ἐκ
1611 1868 1673 1895 τού-

886 1919 933 1938 του
954 1912 978 1938 ol
993 1912 1047 1938 ἀπὸ
1066 1912 1113 1939 τοῦ
1131 1913 1226 1947 γένους
1248 1912 1330 1939 αὑτοῦ
1352 1913 1533 1949 καταγόμενοι
1555 1913 1673 1948 βασιλεῖς

886 1957 986 1993 Φαραὼ
1017 1958 1275 1995 προσαγορεύονται.
1314 1958 1345 1985 Et
1371 1959 1518 1987 Africanus
1548 1969 1555 1988 :
1579 1961 1660 1987 Ἐπαι

886 2003 1008 2030 νεθεῖσαν
1039 2004 1083 2036 δὲ,
1119 2013 1231 2032 uxorem
1268 2005 1394 2032 videlicet
1433 2005 1565 2039 Abrahae,
1603 2007 1674 2041 imi»

885 2057 948 2083 γετο
960 2049 1067 2085 Φαραώ.
1085 2049 1162 2076 Οὕτω
1177 2050 1231 2086 γὰρ
1248 2051 1391 2085 Αἰγύπτιοι
1407 2051 1468 2082 τοὺς
1487 2051 1605 2086 βασιλεῖς
1620 2051 1665 2078 ὀνο

887 2094 1017 2131 μάζουσιν
1025 2096 1230 2131 ἑρμηνεύουσιν.
1252 2096 1415 2132 Expressius
1429 2096 1608 2133 Hieronymus
1624 2098 1672 2125 lib.

885 2145 913 2164 Ix
939 2137 1084 2165 Comment.
1112 2139 1140 2165 in
1166 2138 1327 2166 Ezecliielem
1347 2148 1356 2166 :
1383 2139 1514 2167 Ca’terum
1539 2139 1608 2166 illud
1635 2140 1674 2167 vel

885 2185 999 2211 maxime
1023 2183 1207 2218 requirendum
1229 2190 1278 2216 est,
1301 2190 1391 2211 utrum
1414 2185 1469 2219 ipse
1494 2185 1528 2211 sit
1553 2184 1671 2216 Pharao,

886 2231 930 2265 qui
948 2230 975 2257 in
992 2229 1096 2261 Exodo,
1114 2234 1139 2257 et
1155 2229 1241 2262 Isaia,
1260 2237 1284 2257 et
1305 2229 1421 2258 Jeremia
1441 2236 1465 2258 et
1484 2230 1630 2261 Ezechiele.
1648 2235 1674 2257 et

886 2276 913 2302 in
927 2275 1045 2303 Canticis
1061 2276 1158 2302 cantio.
1179 2276 1342 2308 nominatur,
1358 2285 1392 2302 an
1408 2276 1477 2303 alius
1491 2280 1568 2311 atque
1585 2275 1673 2307 alius;

886 2321 988 2349 videtur
1004 2321 1067 2347 mihi
1083 2329 1134 2347 non
1150 2329 1206 2347 esse
1223 2329 1300 2348 unus.
1316 2321 1368 2348 Sed
1384 2321 1453 2355 apud
1472 2320 1614 2356 Afgyptios
1626 2321 1674 2348 hoc

885 2366 1011 2394 vocabulo
1036 2366 1214 2394 demonstrari
1239 2367 1339 2401 regiam
1365 2367 1529 2402 dignitatem,
1555 2367 1625 2394 sicut
1648 2372 1674 2394 et

886 2414 956 2447 apud
971 2413 1102 2441 Romanos
1117 2413 1235 2441 Ctesares
1256 2419 1280 2440 et
1301 2414 1415 2449 Augusti
1435 2415 1602 2448 appellantur
1627 2422 1673 2441 eo-

885 2468 944 2487 rum
958 2460 1128 2496 imperatores
1146 2469 1163 2487 a
1186 2460 1270 2494 primo
1295 2460 1361 2487 Caio
1385 2460 1502 2493 Cwsare.
1526 2467 1551 2488 et
1574 2470 1590 2488 a
1615 2460 1673 2497 filio

884 2506 941 2540 ejus
957 2505 1078 2540 adoptivo
1094 2505 1249 2538 Octaviano,
1261 2506 1306 2540 qui
1320 2509 1412 2540 postea
1427 2507 1560 2540 Augustus
1576 2511 1614 2533 est
1629 2514 1674 2533 na-

885 2553 1018 2584 minatus;
1032 2552 1251 2587 quemadmodum
1266 2553 1346 2578 etiam
1359 2551 1428 2585 apud
1440 2551 1521 2586 Syros
1537 2553 1672 2584 Antiochi.

885 2597 955 2632 apud
974 2597 1088 2625 Parthos
1100 2598 1247 2629 Arsacidw.
1265 2597 1334 2632 apud
1353 2597 1511 2633 Philistyam
1525 2598 1671 2630 Abimelec,

883 2649 908 2671 et
921 2648 980 2678 post
991 2643 1173 2670 Alexandrum
1187 2644 1215 2671 in
1229 2643 1346 2680 zEgypto
1363 2652 1433 2679 reges
1445 2643 1600 2671 dicebantur
1613 2644 1676 2673 Pto-

883 2690 969 2717 lemaei
983 2698 1064 2725 usque
1079 2690 1112 2716 ad
1127 2690 1306 2725 Cleopatram.
1322 2699 1373 2726 qua
1392 2691 1461 2718 victa
1479 2690 1550 2726 apud
1567 2691 1674 2718 Actium

884 2737 1018 2772 Egyptus
1039 2736 1159 2764 Romana
1172 2741 1211 2764 est
1226 2737 1299 2772 facta
1319 2738 1463 2773 provincia.
1478 2737 1548 2772 Ergo
1562 2737 1589 2764 in
1608 2745 1674 2772 prte-

883 2784 1028 2811 sentiarum
1050 2783 1176 2810 adversus
1195 2792 1276 2811 unum
1299 2784 1442 2820 quemlibet
1457 2792 1542 2819 regem
1562 2783 1674 2820 Αἲρνριὶ

883 2839 969 2858 sermo
993 2830 1023 2865 fit
1047 2829 1164 2857 Domini.
1180 2831 1379 2867 Appellationis
1394 2831 1477 2867 hujus
1501 2838 1614 2860 causam
1636 2832 1677 2861 ita

1499 2879 1538 2910 33
