1900 3070
205 92 284 125 «1055

882 87 1004 114 LEONlS
1024 83 1161 114 ALLATll

1771 81 1782 107 l
1788 81 1840 108 036

212 149 474 188 expressitJoannes
484 146 683 180 Antiochenus,
696 147 724 174 in
736 146 920 180 Arclueolagia
931 153 940 172 .'
950 146 1000 171 Φα-
1013 150 1036 176 Α
1051 143 1135 171 fuisse
1151 142 1221 170 idem
1234 145 1388 177 peccatum:
1409 137 1470 166 tota
1485 139 1543 167 hac
1555 138 1673 167 historia
1684 137 1719 165 de
1734 138 1840 172 nuptiis

215 198 272 236 ραώ
296 206 367 228 τινος
389 195 518 231 βασιλέως
541 193 678 228 Αἰγύπτου
702 193 816 224 πολλοὺς
837 193 890 219 τῶν
914 200 999 228 προσ-

211 246 293 272 οίκων
310 241 577 276 καταγωνισαμένου,
591 242 638 267 καὶ
652 241 714 271 τοὺς
727 239 888 276 λῃστρικοὺς
901 238 999 273 ἄνδρας

214 289 480 326 μεταρῤυθμίσαντος
496 288 564 322 πρὸς
580 287 610 313 τὸ
625 287 826 321 φιλάνθρωπον,
843 285 889 311 καὶ
905 286 927 311 οἱ
943 284 999 310 λοι-

214 338 258 364 ποὶ
272 336 389 371 βασιλεῖς
404 334 541 368 Αἰγύπτου
556 333 595 363 εἰς
611 332 693 366 τιμὴν
709 331 814 358 ἐκείνου
825 329 924 366 Φαραὼ
936 331 1000 356 ἐκα-

212 381 314 408 λοῦντο.
326 379 393 406 Vide
407 379 469 405 item
484 377 632 412 .Ioscphum
646 377 693 403 lib.
708 383 773 402 xvnt
791 376 998 410 Antiquitatum,

213 428 257 464 qtti
272 428 354 454 tttulta
369 426 403 452 de
418 424 527 452 nomine
540 422 690 450 Pharaonis
702 422 854 453 adnotavit,
874 420 999 455 quamvis

213 473 373 508 quibusdam
392 471 537 504 incompta,
554 469 686 503 falsaque,
700 472 726 495 et
739 468 801 502 jure
816 468 924 496 merito.
942 467 999 493 visa

214 519 288 547 sint.,
301 518 354 544 Alii
370 517 496 544 dixerunt
511 514 668 542 Pharaones
689 514 778 541 dictos
795 513 873 548 quasi
897 512 998 538 Pharo-

213 573 274 597 nes,
299 571 314 590 a
338 562 427 590 Pharo
451 561 539 588 insula
561 569 577 588 e
600 560 711 595 regioue
739 559 909 586 Alexandria:
934 558 998 585 olim

213 610 365 645 Carpathos
379 609 461 639 dicta,
475 607 520 634 ubi
533 606 655 641 regnavit
665 605 781 634 Proteus
792 614 799 638 ;
812 605 860 634 sed
872 606 930 632 haec
941 605 1000 640 opi-

214 658 260 684 nio
274 664 324 684 sua
342 655 472 682 inanitate
488 662 537 689 per
553 662 583 680 se
599 655 664 680 rttit.

248 701 379 731 Col.768.
397 701 444 728 lin.
455 701 499 727 45.
515 699 648 727 Γυναῖκα
657 696 999 734 ὀνόματατιιθιηπίὶιίηῐη

214 748 299 775 fuisse
319 745 518 774 Melchisedech
543 745 693 773 sacerdotis
710 745 835 772 nonnulli
858 745 1001 772 existima-

215 799 288 828 runt,
312 793 383 829 quod
405 792 489 820 ludas
513 792 541 819 in
559 783 726 819 scortatione
742 791 951 826 deprehensam,
971 797 1000 820 ut

215 840 328 868 inferius
345 839 465 867 comburi
479 838 619 872 jussisset,
638 845 694 864 non
710 837 836 872 lapidari.
854 836 908 864 Lex
926 839 999 865 enim

215 887 265 914 fuit
284 885 354 922 apttd
372 885 509 917 Hebraeos,
530 892 611 919 quam
630 889 723 919 postea
742 883 848 919 Moyses
862 884 997 919 repetivit,

214 937 244 960 ut
267 932 320 960 filia
341 931 490 960 sacerdotis
510 933 628 957 scortata
652 930 868 962 combureretur,
894 934 1000 958 caetera:

215 979 410 1014 lapidarentur,
434 977 521 1004 Levit.
546 984 582 1003 xx
605 980 632 1004 et
656 983 712 1003 xxt.
738 974 790 1002 Sed
815 975 849 1002 de
882 974 1000 1002 Thamar

213 1026 325 1060 ejusque
357 1028 454 1060 gente,
490 1023 645 1050 conditione
674 1026 701 1048 ct
727 1021 850 1049 moribus
873 1026 1000 1049 accurate

212 1071 300 1103 Philo,
311 1071 359 1098 lib.
378 1070 414 1097 De
429 1069 564 1096 nobilitate
577 1076 585 1095 :
601 1067 710 1103 Ταύτην
725 1067 862 1102 εὐγένειαν
873 1066 903 1094 οὖ
921 1068 1000 1103 μόνον

213 1117 344 1152 θεοφιλεῖς
358 1116 463 1151 ἄνδρες,
481 1115 548 1142 ἀλλὰ
564 1115 611 1142 κ(ιύ⁸
623 1115 751 1149 γυναῖκες
765 1113 913 1149 ἐζήλωσαν,
933 1114 1000 1140 ἀπο-

214 1164 348 1201 μαθοῦσαι
373 1163 421 1198 μὲν
444 1161 563 1197 ἀμαθίαν
587 1160 635 1195 τὴν
660 1158 808 1194 σύντροφον
831 1159 895 1193 περὶ
918 1159 999 1194 τιμῆς

212 1211 266 1238 τῶν
286 1210 485 1246 χειροκμήτων,
508 1206 694 1233 παιδευθεῖσαι
717 1205 744 1231 δὲ
770 1204 834 1239 περὶ
852 1204 1000 1239 μοναρχίας

213 1258 379 1292 ὲοτειστήμηνν
432 1254 607 1290 μοναρχεῖται
622 1253 636 1279 ὁ
654 1252 766 1286 κόσμος.
786 1251 884 1286 Θάμαρ
896 1248 930 1285 ἦν
946 1250 999 1276 τῶν

212 1302 266 1330 ἀπὸ
281 1302 330 1337 τῆς
339 1299 524 1334 Παλαιστίνης
540 1297 640 1333 Συρίας
654 1296 765 1331 γύναιον
780 1296 808 1322 ὲν
821 1295 909 1331 οἰκείᾳ
925 1295 999 1322 πόλει

212 1347 315 1383 τραςεὲν
332 1345 464 1380 πολυθέῳ,
487 1343 608 1379 γεμούσῃ
627 1342 740 1375 ξοάνων,
761 1341 807 1368 καὶ
821 1341 998 1376 ἀγαλμάτων,

213 1394 259 1423 κα).
272 1393 388 1424 συνόλως
402 1390 608 1426 ἀφιδρυμάτων.
630 1388 699 1415 Ἀλλ’
717 1388 810 1423 ἐπειδὴ
824 1387 949 1422 καθάπερ
968 1387 1000 1413 ὲκ

214 1440 326 1470 σκότους
353 1437 447 1472 βαθέος
472 1435 588 1470 ἐδυνήθη
610 1433 740 1470 βραχεῖαν
763 1433 848 1468 αὐγὴν
872 1432 999 1468 ἀληθείας

212 1486 308 1513 ἐνιδεῖν
325 1484 432 1518 Θανάτῳ
445 1482 584 1514 ικινδύνου,
606 1481 674 1517 πρὸς
688 1481 828 1508 εὐσέϐειαν
844 1480 1000 1516 ηὐτομόλη-
1013 1496 1033 1523 C

213 1539 268 1562 σεν,
288 1530 365 1564 ὀλίγα
380 1528 546 1564 φροντίσασα
561 1526 609 1554 τοῦ
624 1527 684 1562 ζῇν,
704 1527 729 1552 εἰ
750 1527 787 1561 μὴ
805 1525 893 1561 μέλλοι
911 1524 998 1557 καλῶς

212 1578 270 1614 ζῇν.
290 1577 326 1604 To
346 1577 374 1603 δὲ
396 1575 485 1606 καλῶς
502 1574 632 1609 ἀνέφερεν
649 1573 693 1599 ἐπ’
713 1572 789 1599 οὐδὲν
809 1572 931 1608 ἕτερονῆ
952 1571 998 1598 ἐπὶ

211 1624 259 1659 τὴν
280 1621 427 1657 θεραπείαν
447 1621 493 1647 καὶ
512 1619 616 1646 ἱκεσίαν
636 1617 682 1644 τοῦ
702 1617 761 1649 ἑνὸς
785 1617 883 1644 αἰτίου.
901 1616 997 1642 Καίτοι

210 1670 285 1698 δυσὶν
299 1668 422 1703 ἀδελφοῖς
437 1665 600 1702 ἀμφοτέροις
621 1665 749 1699 πονηροῖς
762 1665 791 1690 ἐν
811 1663 886 1698 μέρει
905 1671 996 1697 γημα-

212 1715 291 1750 μένη,
308 1712 434 1748 κουριδίῳ
452 1711 500 1747 μὲν
517 1710 555 1745 τῷ
574 1709 708 1746 προτέρῳ,
722 1708 762 1744 τῷ
776 1708 797 1735 δ’
818 1708 931 1744 ὕστερον
951 1708 997 1735 καὶ

210 1760 298 1795 ἔχοντι
319 1758 489 1789 ὲπιδικασίας
508 1757 592 1792 νόμῳ,
617 1755 713 1791 γενεὰν
732 1755 779 1782 τοῦ
802 1755 935 1790 προτέρου
959 1754 996 1789 μὴ

211 1805 414 1836 καταλιπόντος,
438 1803 494 1830 ἁλλ’
518 1803 603 1837 ὅμως,
623 1799 788 1836 ἀκηλίδωτον
811 1799 996 1834 διαφυλάξασα

210 1852 255 1879 τὸν
272 1851 370 1886 ἑαυτῆς
388 1850 454 1885 βίον,
471 1850 564 1884 ἴσχυσε
586 1848 633 1875 καὶ
649 1846 840 1883 προσηκούσης
856 1847 911 1877 τοῖς
929 1847 997 1879 ἁγα-

211 1898 266 1929 θοῖς
277 1897 415 1932 εὐφημίας
430 1895 576 1930 ὲπιλαχεῖν,
590 1894 705 1924 καὶτοῖς
722 1892 779 1927 μεθ’
794 1892 878 1927 αὐτὴν
895 1891 996 1918 ἅπασιν

210 1943 348 1978 εὐγενείας
361 1942 431 1978 ἁρχὴ
445 1940 579 1976 γενέσθαι.
599 1938 669 1966 Ἀλλ’
685 1938 752 1973 αὕτη
767 1938 814 1973 μὲν
825 1939 848 1964 εἰ
864 1937 910 1965 καὶ
924 1937 997 1964 and.

211 1989 303 2024 φυλος,
316 1989 372 2015 ἀλλ’
391 1986 438 2015 οὖν
454 1996 485 2022 γε
497 1985 627 2022 ἐλευθέρα
645 1986 691 2013 καὶ
707 1985 737 2018 ἐξ
754 1984 901 2021 ἐλευθέρων
919 1983 994 2015 ἴσως.

210 2035 258 2062 καὶ
271 2036 321 2061 οὐκ
338 2035 462 2070 ἀσήμων.

245 2079 314 2107 lhid.
332 2080 387 2107 Καὶ
404 2079 453 2106 διὰ
469 2078 624 2113 πονηρίαν.
641 2078 707 2112 Qua-
723 2077 805 2105 fuerit
822 2077 880 2104 tunc
894 2077 995 2104 malitia

210 2126 252 2153 vel
280 2125 410 2161 iniquitas
429 2123 492 2157 Her,
508 2132 595 2159 neque
615 2123 757 2159 Scriptura
782 2123 927 2158 expressit,
946 2131 995 2149 ttec

210 2176 315 2200 certum
340 2171 441 2207 aliqttid
465 2171 548 2199 statui
568 2174 659 2205 potest
678 2169 713 2197 ob
739 2170 828 2196 varias
852 2173 994 2196 auctorum
1013 2175 1034 2204 ι)

209 2219 369 2247 sententias.
389 2218 570 2253 Augustinus,
586 2217 633 2244 lib.
656 2225 714 2244 χχιι
737 2221 830 2243 contra
854 2215 995 2247 Faustum,

210 2273 270 2300 cap.
291 2265 337 2297 85,
355 2264 501 2299 signiﬁcat,
520 2269 660 2299 peccatum
676 2262 735 2297 ejus
751 2262 837 2290 fuisse
853 2262 997 2289 crudelita—

210 2313 246 2340 tis
259 2315 287 2339 et
313 2311 435 2339 saevitiae.
459 2310 513 2337 Alii
529 2311 733 2345 conjectarunt,
751 2309 838 2337 fuisse
854 2312 995 2343 peccatum

210 2362 305 2385 contra
323 2361 460 2389 naturam,
484 2357 555 2392 quod
578 2356 748 2388 admittebat,
773 2356 889 2383 abutens
913 2361 998 2381 uxore

209 2409 285 2431 extra
300 2411 349 2431 νοις
366 2403 507 2431 muliebre.
531 2402 707 2430 Hebraeorum
730 2402 840 2429 traditio
855 2405 907 2432 est,
925 2400 997 2428 'l‘lta—

211 2457 268 2476 utar
288 2449 371 2477 fttisse
387 2450 597 2485 pulcherrimam
612 2450 751 2481 feminam,
763 2456 877 2483 eamque
893 2447 997 2482 perdite

210 2496 363 2523 adantatam
386 2504 446 2523 esse
472 2495 506 2523 ab
529 2495 593 2523 ller.
618 2495 670 2528 Qui
692 2503 746 2530 quo
765 2495 869 2522 diutius
893 2494 996 2521 illibata

211 2542 271 2576 ejus
290 2543 491 2577 pulchritudine
513 2542 565 2569 frui
581 2547 685 2577 posset,
701 2542 790 2569 sciens
808 2549 855 2576 per
874 2540 997 2576 gravida-

212 2590 300 2616 tiottes
316 2593 342 2616 et
363 2594 456 2623 partus
477 2588 655 2616 deflorescere
668 2588 805 2618 decorent,
818 2592 845 2614 et
867 2591 995 2614 venusta-

212 2639 264 2662 tem
291 2635 465 2667 muliebrem,
489 2635 516 2662 in
541 2634 742 2670 congrediendo
769 2641 831 2661 cum
857 2633 994 2665 Thamar,

208 2680 363 2709 effundebat
377 2689 469 2710 semen
482 2686 558 2709 extra
572 2689 620 2708 vas
638 2681 720 2712 illius.
736 2688 769 2707 ne
783 2680 918 2715 gravitlari
933 2687 996 2714 pos-

209 2729 260 2752 set.
278 2725 353 2752 Hanc
366 2731 477 2754 secutus
490 2732 531 2754 est
546 2727 702 2760 Cajetanus,
717 2734 766 2753 nec
788 2726 894 2752 videtur
913 2727 947 2751 ab
963 2732 994 2752 ca

210 2770 384 2799 abhorruisse
392 2771 512 2800 Joannes
522 2772 682 2804 Cassianus,
693 2771 872 2803 collationes,
879 2778 939 2805 cap.
950 2770 959 2796 l
968 2770 993 2801 1,

209 2817 242 2845 dc
255 2821 368 2851 peccato
379 2818 466 2846 Onam
478 2819 561 2846 verba
576 2819 689 2852 faciens,
706 2817 852 2846 verisimile
866 2816 938 2845 enitn
951 2820 993 2844 est

1051 190 1171 217 Thamar
1197 193 1223 216 et
1249 188 1416 216 scortatione
1437 185 1513 212 Judae
1534 186 1640 220 prolixe
1665 185 1840 212 narraturin

1051 235 1215 263 Testamento
1229 234 1260 260 12
1274 232 1498 268 patriarcharum,
1512 239 1571 266 cap.
1587 231 1614 258 3.

1085 290 1166 321 lbid.,
1190 290 1237 316 lin.
1263 289 1307 317 50.
1329 288 1466 323 Ἑξὲχεεν
1488 287 1538 314 ἐπὶ
1564 287 1630 320 τῆς.
1653 287 1839 321 Augustinus,

1050 337 1097 364 lib.
1120 344 1177 363 xxtt
1201 341 1293 363 contra
1310 335 1453 367 Faustum,
1472 342 1533 369 cap.
1549 334 1593 366 84,
1610 334 1732 368 pejorem
1755 333 1840 360 fuisse

1050 383 1114 415 ller,
1130 391 1211 418 quatit
1235 382 1340 414 Onam;
1362 382 1437 408 illum
1457 380 1543 408 fuisse
1564 380 1728 414 malignum,
1745 383 1774 406 et
1790 386 1842 405 saa-

1051 437 1125 461 vum,
1137 435 1165 456 et
1174 436 1302 463 peccasse
1317 427 1459 460 nocendo;
1474 426 1547 453 hunc
1558 433 1697 460 peccasse.
1708 424 1842 459 prodesse

1049 479 1077 502 ct
1098 475 1195 510 juvare
1210 474 1337 502 nolendo.
1361 473 1472 501 Pererio
1486 472 1641 507 oppositum
1667 470 1840 505 probabilius

1050 521 1167 553 videtur,
1179 528 1241 547 cum
1254 519 1396 554 Scriptura
1411 518 1464 545 ller
1477 518 1592 553 appellet
1604 524 1734 551 nequam,
1751 514 1840 542 Onam

1050 575 1114 594 vero
1129 567 1329 598 detestandum,
1347 565 1420 600 quod
1435 572 1490 591 rem
1514 563 1703 591 detestabilem
1726 562 1837 594 faceret,

1050 615 1123 650 quod
1147 615 1282 650 gravioris
1304 613 1428 640 criminis
1455 615 1519 638 nota
1547 614 1601 637 est.
1624 609 1728 636 Deinde
1752 608 1839 636 Onam

1049 661 1173 695 exemplo
1188 660 1339 695 punitionis
1356 658 1482 685 fraterna:
1500 656 1585 682 noluit
1598 655 1773 689 resipiscere,
1790 660 1839 680 nec

1050 707 1197 736 deterritus
1213 705 1358 737 abstinuit,
1373 704 1414 731 vel
1432 711 1446 730 a
1463 702 1557 735 simili,
1574 704 1644 728 vela
1661 701 1760 735 majori
1775 708 1839 736 peo-

1050 757 1121 781 cato.
1137 752 1270 780 Praeterea
1287 751 1342 778 llcr
1355 750 1476 786 peccavit
1489 748 1644 776 inordinata
1658 747 1773 774 libidine
1792 747 1839 773 de-

1051 798 1206 826 lectationis
1225 805 1356 828 venereze,
1370 795 1456 823 Onam
1472 795 1591 828 maligna
1606 793 1710 820 invidia
1725 793 1837 819 fraterni

1053 844 1127 877 boni,
1159 852 1193 872 ne
1226 842 1425 878 pritnogcnitus
1452 848 1519 868 suus
1543 840 1736 874 assignarctur
1759 838 1838 865 fratri

1050 897 1110 917 SUO.

1084 955 1144 983 Col.
1159 954 1222 987 769,
1241 954 1289 981 lin.
1313 953 1356 980 1‘2.
1377 953 1425 986 Ὠς
1445 953 1472 979 δ’
1491 953 1688 986 ἀποστείλας,
1713 952 1839 979 Πῐειοτὶεε

1050 1003 1131 1036 hujus
1147 1002 1344 1038 perelegantem
1367 999 1524 1034 allegoriam
1544 1000 1629 1027 habes
1650 1000 1724 1034 apud
1747 999 1837 1026 Philo-

1050 1056 1122 1080 nem,
1142 1047 1191 1075 lib.
1209 1047 1277 1080 Περὶ
1291 1045 1442 1081 φυγάδων,
1458 1053 1537 1081 quem
1550 1046 1623 1073 vide.

1084 1102 1163 1134 lbid.,
1178 1103 1226 1129 litt.
1246 1102 1290 1130 55.
1317 1101 1374 1136 Τῆς
1395 1101 1546 1136 ἀχράντου
1561 1103 1687 1136 Μαρίας.
1709 1101 1839 1129 Insulsis-

1050 1150 1110 1176 sitni
1141 1149 1324 1176 Maltutnelani
1352 1148 1464 1174 Mariam
1490 1149 1704 1181 sanctissimam,
1728 1154 1755 1176 et
1777 1157 1836 1184 qua:

1050 1196 1187 1224 Christum
1210 1195 1293 1222 Deum
1314 1195 1428 1229 peperit,
1449 1202 1569 1222 sororem
1588 1194 1689 1230 Moysis
1712 1200 1737 1222 et
1755 1195 1839 1223 Aaro-

1050 1243 1093 1269 nis
1107 1242 1220 1268 faciunt.
1237 1240 1408 1275 Euthytnius,
1428 1240 1454 1266 itt
1473 1240 1600 1274 Panoplia
1614 1248 1622 1266 :
1639 1241 1694 1267 Καὶ
1710 1242 1750 1267 ὅτι
1764 1241 1778 1266 ὁ
1789 1242 1839 1268 A6-

1050 1296 1098 1323 γος
1112 1288 1159 1315 τοῦ
1183 1287 1260 1320 Θεοῦ,
1279 1288 1325 1314 καὶ
1344 1286 1375 1313 τὸ
1396 1287 1507 1322 Πνεῦμα
1528 1286 1621 1318 αὑτοῦ,
1645 1287 1742 1313 κτιστὰ
1764 1287 1837 1318 byn,

1050 1334 1175 1370 εἰσῆλθεν
1192 1335 1232 1365 είς
1247 1333 1356 1369 Μαρίαν
1370 1332 1419 1368 τὴν
1442 1332 1557 1368 ἀδελφὴν
1578 1333 1700 1364 Μωσέως
1719 1333 1765 1359 καὶ
1775 1333 1838 1359 Ἀα-

1052 1378 1116 1416 ρ’ὼν,
1141 1379 1189 1406 καὶ⁵
1215 1379 1360 1414 ἐγέννησεν
1382 1378 1450 1413 αὕτη
1475 1378 1536 1412 δίχα
1560 1378 1718 1413 σπέρματος
1733 1377 1837 1413 Ἰησοῦν

1051 1427 1097 1453 τὸν
1123 1425 1250 1462 Χριστὸν,
1275 1425 1427 1461 προῳήτην,
1455 1425 1502 1450 καὶ
1526 1424 1617 1450 δοῦλον
1643 1425 1774 1459 γεγονότα
1792 1423 1839 1451 τοῦ

1052 1471 1129 1498 Θεοῦ.
1159 1470 1191 1497 Et
1213 1471 1239 1498 in
1264 1470 1360 1497 ordine
1380 1471 1425 1504 qtti
1452 1473 1576 1496 servntur
1597 1478 1680 1505 super
1703 1471 1738 1497 iis
1757 1471 1803 1505 qui
1823 1480 1838 1497 a

1052 1517 1196 1545 Saracenis
1215 1517 1248 1544 ad
1268 1516 1485 1544 Christianorum
1504 1516 1582 1542 fidem
1607 1524 1636 1543 se
1654 1522 1837 1544 convertunt:

1057 1563 1260 1598 Ἀναθεματίζω
1272 1562 1320 1598 τὴν
1335 1562 1381 1588 τοῦ
1400 1561 1521 1596 Μωάμεδ
1534 1561 1667 1596 φλυαρίαν
1681 1563 1731 1597 τὴν
1747 1562 1840 1595 λέγω·

1052 1618 1107 1639 σαν,
1124 1609 1194 1635 ὃτιὸ
1217 1608 1318 1643 Κύριος
1344 1607 1390 1634 καὶ
1411 1607 1477 1638 Θεὸς
1498 1607 1599 1641 Ἰησοῦς
1620 1609 1634 1634 ὁ
1649 1607 1767 1643 Χριστὸς
1787 1608 1838 1635 ἀπὸ

1050 1653 1159 1689 Μαρίας
1171 1653 1220 1688 τῆς
1242 1652 1358 1687 ἀδελφῆς
1375 1651 1422 1678 τοῦ
1443 1650 1564 1684 Μωσέως
1580 1652 1627 1679 καὶ
1647 1652 1751 1687 ’Λαρὼν
1766 1653 1839 1685 ἐγεν-

1050 1699 1117 1735 νήθη
1132 1698 1194 1725 ἆνευ
1212 1698 1316 1734 σπορᾶς
1336 1699 1368 1724 ἐκ
1386 1696 1433 1723 τοῦ
1457 1697 1542 1731 Λόγου
1565 1697 1611 1723 τοῦ
1635 1697 1703 1723 Θεοῦ
1730 1699 1777 1724 καὶ
1794 1696 1838 1725 τοῦ

1050 1745 1217 1780 Πνεύματοςλ
1244 1745 1310 1777 Quis
1336 1744 1407 1771 hanc
1440 1745 1632 1779 ἀνιστορησίαν
1659 1745 1834 1774 somniasset.

1050 1790 1102 1817 nisi
1126 1789 1270 1820 Moautellt,
1285 1794 1310 1818 et
1326 1794 1402 1824 pater
1423 1789 1481 1824 ejus
1496 1789 1640 1816 diabolus?
1656 1789 1781 1824 Spatium
1797 1791 1835 1817 bis

1050 1836 1123 1862 tttille
1142 1843 1276 1862 annorum
1295 1835 1366 1862 inter
1391 1835 1501 1861 Mariam
1525 1842 1648 1861 sororem
1674 1835 1787 1870 Moysis.
1811 1841 1836 1864 et

1050 1881 1160 1909 Mariam
1177 1889 1237 1916 qua:
1249 1881 1389 1908 Christum
1407 1881 1518 1916 peperit,
1539 1881 1703 1908 intercessit.
1719 1881 1776 1909 Nec
1789 1883 1839 1909 mi-

1049 1936 1101 1955 tttts
1117 1926 1357 1962 reprehendendus
1371 1932 1413 1954 est
1428 1924 1587 1954 Fridericus
1604 1926 1779 1962 Sylburgius,
1793 1929 1837 1962 qui

1049 1974 1122 2001 nolis
1136 1974 1162 2000 in
1179 1973 1354 2004 Saracenica,
1371 1973 1404 2000 de
1423 1973 1582 2000 adoratioue
1601 1973 1751 2008 imaginum
1769 1975 1837 2002 male

1049 2020 1170 2047 sentiens
1184 2024 1263 2054 negat
1275 2018 1460 2046 aderationem
1473 2018 1564 2046 deberi
1577 2019 1662 2046 beatae
1679 2019 1770 2046 Maria?
1785 2021 1838 2046 vir-

1049 2065 1115 2101 gini,
1130 2065 1210 2100 idque
1225 2065 1294 2091 locis
1314 2063 1478 2099 quibttsdam
1494 2065 1581 2091 sancti
1602 2064 1746 2099 Epiphanit
1767 2066 1837 2092 male

1049 2113 1083 2139 ab
1095 2112 1154 2147 ipso
1171 2111 1325 2138 intellectis.
1337 2109 1362 2137 ls
1377 2110 1448 2137 enim
1461 2110 1499 2137 uti
1514 2110 1681 2137 Calviniaua:
1696 2115 1778 2138 secta:
1791 2111 1836 2137 ad-

1049 2158 1138 2186 dictus
1153 2157 1269 2192 sparsim
1283 2156 1310 2183 in
1326 2156 1378 2183 illis
1397 2156 1470 2182 ttotis
1492 2157 1608 2183 latenter
1620 2159 1647 2183 et
1663 2156 1779 2184 subdole
1792 2165 1836 2184 ve—

1049 2212 1149 2232 nenttm
1166 2203 1290 2235 effundit,
1315 2202 1387 2230 sicut
1408 2207 1435 2229 et
1453 2203 1581 2237 superius
1603 2202 1638 2229 de
1662 2207 1835 2230 sacramento

1049 2251 1226 2278 Encharistia:
1246 2254 1338 2285 egerat
1360 2253 1387 2276 et
1407 2249 1435 2275 in
1457 2249 1517 2283 ipso
1537 2248 1640 2275 lumine
1654 2249 1796 2280 carcutire,
1810 2254 1834 2277 et

1049 2297 1137 2332 palam
1162 2295 1297 2324 mendacii
1312 2303 1393 2330 posse
1420 2293 1546 2321 convinci
1573 2302 1628 2321 non
1654 2300 1785 2328 veretur;
1810 2299 1835 2322 at

1048 2345 1112 2371 dum
1126 2350 1229 2370 venena
1242 2346 1362 2378 spargat,
1377 2349 1438 2376 qua:
1453 2341 1585 2370 inliciant.
1598 2349 1696 2376 parum
1712 2342 1750 2369 illi
1765 2350 1834 2370 cura:

1048 2394 1099 2421 est.
1115 2391 1138 2418 si
1153 2397 1229 2417 suam
1247 2389 1274 2415 in
1295 2388 1477 2423 scriptoribus
1499 2387 1683 2421 intelligendis
1700 2387 1833 2415 inscitiam

1048 2435 1203 2472 patefaciat.
1219 2434 1286 2462 Vide
1299 2434 1388 2468 ipsnnt
1407 2441 1436 2468 p.
1454 2432 1504 2460 l56
1523 2437 1550 2460 et
1565 2433 1627 2460 158.
1649 2433 1729 2466 Quod
1744 2434 1766 2461 si
1784 2442 1833 2461 non

1047 2487 1088 2510 est
1103 2482 1246 2511 invertere,
1262 2485 1486 2513 transversosque
1499 2486 1577 2513 agere
1591 2477 1689 2506 Patres
1702 2483 1834 2513 eteorum

1048 2528 1208 2558 sententias,
1225 2525 1289 2561 quid
1310 2525 1379 2553 erit?
1397 2524 1459 2551 llaec
1480 2512 1541 2552 ideo
1558 2524 1689 2551 adnotavi
1708 2512 1745 2552 ut.
1760 2529 1834 2552 notas

1048 2575 1108 2601 illas
1124 2577 1203 2601 cattle
1218 2573 1303 2599 lector
1318 2574 1470 2606 percurrat.

1082 2629 1149 2655 Ibid.
1173 2628 1229 2662 Τῆς
1248 2626 1409 2662 ἀκρᾶν-του.
1431 2626 1495 2659 Quae
1515 2630 1572 2653 tota
1589 2627 1706 2662 pulchra
1724 2632 1776 2660 est,
1789 2634 1834 2655 nec

1046 2677 1128 2702 ullam
1142 2675 1260 2701 admittit
1276 2674 1387 2700 omnino
1402 2674 1546 2700 maculam.
1561 2672 1588 2699 ltt
1602 2682 1662 2700 cant
1680 2673 1800 2701 humiles
1812 2677 1834 2700 et

1046 2723 1146 2754 devoti,
1163 2722 1221 2748 lucc
1235 2721 1359 2756 quamvis
1377 2720 1524 2755 incompta,
1539 2719 1637 2746 atl'cclu
1653 2725 1747 2747 tamen
1761 2720 1833 2754 plena

1046 2768 1206 2796 cecinimus.
1227 2767 1292 2800 Qua:
1308 2767 1367 2799 tibi,
1381 2767 1477 2799 lector,
1496 2765 1690 2802 φιλοπαρθένῳ
1717 2774 1774 2794 non
1795 2765 1822 2794 LI

1046 2821 1120 2852 grata
1138 2815 1194 2842 fore
1211 2814 1408 2842 existimamus.
