1900 3070
227 102 295 130 1639

893 103 1016 131 LEONIS
1036 104 1172 131 ALLATll

1788 107 1849 135 iOiU

225 161 339 189 Mariam
362 161 450 195 stupri
473 165 501 189 et
521 161 657 197 sacrilegii
675 165 819 190 accusatos
845 170 878 189 ex
903 163 1002 190 decrcu

1066 171 1120 198 ρων
1145 162 1281 190 ἐκώλυσεν
1308 165 1481 199 ἐντυγχάνειν
1509 165 1599 197 αὐτοῖς
1621 166 1718 201 ὥσπερ
1740 167 1772 202 τῇ
1796 166 1850 203 θείᾳ

225 209 396 237 sacerdotum
412 209 494 236 simul
514 208 599 237 fuisse
614 210 726 237 adactos
746 209 780 237 ad
796 209 943 237 bibendum
965 217 1015 244 po-

225 257 315 284 culum
331 255 532 288 redargutionis
544 263 599 291 quo
612 255 719 291 Moyses
730 255 865 291 explorari
878 255 962 290 jussit
977 255 1016 282 in-

224 303 379 330 nocentiam
400 301 508 329 femina:
522 302 555 329 de
572 302 708 330 adulterio
732 305 876 338 suspectae.
895 301 1014 337 Epipha-

224 350 286 376 nius
306 348 458 375 monachus
478 352 506 374 (ει
532 348 674 383 presbyter
691 348 782 375 libello
803 348 837 375 de
859 348 913 375 vita
929 348 1014 374 beata:

224 395 315 423 Maria:
331 394 444 430 virginis
457 394 587 422 Jacohum
601 394 674 421 hunc
691 394 757 421 dicit
779 394 864 421 fuisse
877 393 1011 424 Judaeum,

223 446 250 470 et
262 442 357 469 iisdem
369 449 431 468 cum
443 440 554 476 Virgine
568 440 736 475 temporibus
751 439 852 467 vixisse
865 449 872 466 :
889 440 925 466 ita
940 439 1012 467 enim

223 489 256 516 de
272 496 304 516 eo
320 488 495 523 pronuntiat:
514 486 592 513 Ἀλλὰ
609 487 655 513 καὶ
671 487 695 512 οί
719 486 941 521 ἐπιχειρήσαντες
965 486 1011 512 καὶ

223 534 294 570 μέρη
322 533 382 560 τινὰ
402 532 524 564 είπόντες
543 532 594 559 οὐκ
613 531 844 566 ὀρθοτομήσαντες
866 531 934 566 ἀμφ’
948 532 1011 557 ἐαυ-

220 582 277 612 τοίς
291 579 418 614 γεγόνασι
431 579 589 613 κατήγοροι,
603 574 653 604 οἷοι
665 577 792 609 Ἰάκωϐος
813 577 948 612 Ἐϐραῖος,
965 577 1011 603 καὶ

227 625 430 662 Ἀφροδισιανὸς
453 625 571 660 Πέρσης,
595 624 642 650 καὶ
661 623 734 650 ἄλλοι
745 623 828 654 τινὲς,
846 623 925 658 μόνον
948 623 1011 658 περὶ

219 672 270 706 τῆς
288 671 420 705 γενέσεως
438 670 525 704 αὐτῆς
547 669 687 701 εἰπόντες,
711 668 813 700 εὐθέως
843 668 1009 704 ἐσιώπησαν.

220 716 288 752 Περὶ
301 716 329 743 δὲ
349 716 398 751 τῆς
415 716 568 750 κοιμήσεως
590 715 675 749 αὐτῆς
695 714 821 749 Ἰωάννης
839 715 853 740 ὁ
873 714 1010 741 Θεσσαλο-

219 763 327 795 νικεὺς,
354 761 567 796 πολυορύλλητον
592 760 774 796 ποιησάμενος
797 759 875 794 λόγον
892 779 899 792 ,
930 759 1011 790 αὐτὸς

219 809 315 836 ἑαυτὸν
339 807 495 834 ἐπεσκίασε.
514 807 569 833 Καὶ
595 806 688 842 ἕτερος
710 806 737 832 δὲ
767 805 907 841 Ἰωάννης,
930 805 1010 832 αὑτὸν

1066 208 1145 244 λοιπῇ
1165 209 1270 245 Γραφῇ.
1288 210 1342 237 Καὶ
1353 211 1436 246 ’ἡμεῖς
1451 211 1500 243 τὰς
1515 212 1733 247 περιγραφείσας
1744 213 1849 248 χρήσεις

1065 256 1134 291 ὑπὲρ
1149 256 1195 283 τοῦ
1217 256 1300 290 δεῖξαι
1317 257 1396 293 μόνον
1412 257 1461 292 τὴν
1477 257 1530 284 τῶν
1547 258 1707 294 ὲγρηγόρων
1729 258 1850 294 παραδα-

1066 309 1117 333 σιν,
1134 302 1180 328 καὶ
1194 302 1243 338 τὴν
1264 302 1318 329 τῶν
1332 303 1468 338 γιγάντων
1492 304 1630 338 ἀσέϐειαν,
1653 304 1717 340 moi.
1731 303 1764 340 ἧς
1781 305 1848 331 καἰὸ

1065 349 1136 380 θεῖος
1149 349 1267 385 Μωῡσῆς
1284 350 1428 385 μέμνηται,
1444 349 1491 376 καί
1505 349 1545 376 ὅτι
1561 349 1594 376 δι’
1611 350 1709 381 αὐτοὺς
1723 351 1737 376 ὁ
1757 357 1847 384 κοσμι-

1064 394 1110 426 κὸς
1131 394 1226 429 γέγονε
1247 395 1436 430 κατακλυσμὸς
1458 395 1643 431 παρεθέμεθα.
1670 395 1743 422 Bene
1761 396 1847 430 itaque

1064 444 1153 466 actum
1178 447 1240 466 cum
1266 439 1317 466 hoc
1332 444 1455 471 auctore,
1470 447 1531 466 cum
1549 439 1709 467 Eustathius
1729 441 1845 472 omissis,

1063 490 1090 512 et
1104 485 1272 513 detruncatis
1289 486 1334 516 iis,
1348 493 1409 521 quae
1426 486 1518 513 fucum
1534 486 1623 514 facere
1638 493 1762 521 possent,
1774 487 1846 514 utilia

1063 535 1168 558 tantum
1185 532 1322 567 decerpsit
1342 532 1442 560 devoto
1465 532 1570 563 lectori.
1593 531 1769 568 Yirginisque
1790 537 1846 560 slu-

1064 577 1141 605 dioso
1157 586 1211 605 non
1226 578 1413 612 incommoda;
1428 579 1492 613 quin
1513 579 1581 605 tanti
1595 578 1684 606 Patris
1698 581 1845 607 auctoritas

1064 623 1170 657 pondus
1198 623 1247 655 illi,
1266 627 1293 650 et
1309 625 1500 651 auctoritatem
1523 624 1609 656 addit,
1627 625 1765 660 praecipue
1785 633 1844 653 eum

1063 668 1130 695 nihil
1147 669 1182 696 sit
1198 677 1231 696 ex
1255 669 1299 701 iis,
1317 677 1378 704 qum
1396 671 1440 697 hic
1462 669 1628 702 referuntur,
1645 671 1719 705 quod
1736 671 1778 698 vel
1794 671 1843 699 Ec-

1061 713 1151 741 clesia:
1167 715 1207 742 vel
1221 715 1278 750 ejus
1299 716 1457 743 auctoritati
1472 717 1640 743 contrarium
1667 717 1713 747 sit.
1736 717 1792 744 imo
1806 723 1846 745 te-

1062 760 1198 788 stimoniis
1221 762 1356 797 dictisque
1380 763 1495 790 aliorum
1519 762 1631 790 Patrum
1656 767 1684 791 et
1698 763 1843 792 historico-

1062 813 1121 833 rum
1133 807 1224 833 omnia
1249 807 1304 835 sint
1327 812 1520 835 consentanea.
1550 807 1642 843 quue
1673 809 1802 837 libentius
1817 809 1843 837 in

219 855 342 889 θεολόγον
356 852 523 889 ὲπιχρώσας,
539 853 600 879 τότε
615 852 730 886 ψεύδους
750 851 875 887 ἔγκλημα
891 851 932 886 ἐφ’
947 852 1002 877 ἑαυ-

1059 851 1129 878 hanc
1144 851 1229 879 ducor
1245 854 1418 885 sententiam,
1437 861 1498 880 cum
1514 852 1620 880 videant
1637 861 1692 880 non
1711 853 1815 881 laudari
1828 863 1842 881 a

217 901 262 928 τὸν
289 900 471 928 ἐπεσπάσατο.
505 899 632 934 Ἀνδρέας
656 898 684 925 δὲ
705 899 720 925 ὁ
742 898 772 929 ἐξ
799 897 1006 933 Ἰεροσολύμων,

217 948 367 979 ἐπίσκοπος
383 947 506 982 Κρήτης,
529 945 608 979 ὀλίγα
629 944 690 971 τινὰ
712 943 806 975 εἰπὼν.
832 944 879 970 καὶ
901 943 1009 979 ὀρθοτο-

219 995 309 1030 μήσας
323 994 362 1024 είς
381 992 520 1027 ὲγκωμίου
529 990 606 1023 τάξιν
617 990 665 1025 τὴν
681 990 806 1025 διήγησιν
823 989 946 1024 ἔστησεν.
963 987 1006 1022 Ει,

216 1040 356 1067 nonnullis
370 1038 518 1073 interiectis
535 1047 542 1065 :
557 1037 712 1068 Ἀθανάσιος
725 1037 752 1063 δὲ
765 1038 778 1063 ὁ
795 1036 1005 1071 Ἀλεξανδρείας,

217 1086 264 1113 καὶ
276 1085 351 1112 Λέων
363 1086 377 1112 ὁ
402 1084 521 1120 Ῥώμης,
540 1083 660 1115 εἰπόντες
673 1083 738 1118 περὶ
748 1083 842 1118 αὐτῆς,
858 1083 900 1109 ὅτι
913 1082 1006 1108 ἐπιθυ-

219 1132 283 1168 μίαν
307 1131 404 1166 ἀνδρὸς
425 1130 553 1165 ἠγνόησε,
567 1129 615 1156 καὶ
639 1130 667 1155 αἰ
697 1129 772 1163 ἇγιαι
797 1129 881 1154 πᾶσαι
904 1127 1006 1154 σύνοδοι

216 1178 349 1215 ὀρθόδοξοι
375 1177 406 1203 τὸ
429 1177 496 1204 αὐτὸ
514 1175 756 1211 ὲπιμαρτυροῦσιν.
785 1171 847 1201 Οἴον
879 1173 1006 1206 Ἰάκωϐος

222 1226 356 1261 ”Ε6ραίος,
373 1225 432 1251 τότε
452 1222 558 1258 παρὼν,
576 1223 622 1249 καὶ
650 1221 685 1248 τὰ
706 1221 769 1257 περὶ
790 1221 873 1256 αὐτὴν
887 1220 1005 1257 γράψας,

172 1295 175 1298 .
215 1272 300 1305 λέγει,
316 1271 367 1302 ὅτι,
384 1270 428 1296 διὰ
439 1269 469 1296 τὸ
491 1268 616 1303 γενέσθαι
630 1267 705 1300 ξένον
719 1268 765 1293 καὶ
778 1266 1006 1302 παρηλλαγμένον

215 1317 287 1345 κατὰ
312 1317 401 1344 πάντα
425 1316 470 1342 τὸν
499 1315 625 1346 τοκετὸν,
652 1313 851 1349 ψηλαφισθεῖσα
882 1313 935 1340 ὑπὸ
957 1312 1006 1347 τῆς

217 1365 311 1400 μαίας,
336 1362 434 1398 εὑρέθη
458 1361 601 1397 παρθένος,
628 1360 665 1391 ὡς
689 1360 742 1395 πρὸ
767 1359 813 1386 τοῦ
837 1359 935 1386 τόκου·
959 1358 1005 1386 καὶ

221 1409 327 1436 Ῥουϐὶν
341 1408 369 1434 δὲ
384 1409 397 1434 ὀ
413 1407 501 1442 ἱερεὺς
529 1406 607 1433 τοῦτο
623 1405 877 1441 ὲπεξεργασάμενος
901 1404 945 1431 διὰ
958 1405 1006 1440 τῆς

215 1455 324 1490 Μαρίας
341 1453 563 1489 ὲπληροφορήθη.
583 1452 720 1486 Quidquid
748 1455 839 1478 tamen
866 1451 911 1482 sit,
939 1451 1006 1478 illud

215 1501 390 1529 verissimum
415 1504 467 1531 est.
493 1499 624 1534 scriptum
641 1499 693 1525 hoc
710 1505 771 1526 esse
795 1497 951 1532 antiquum,
977 1501 1003 1524 et

216 1547 394 1575 circumcirca
427 1546 612 1576 apostolorum
645 1548 767 1579 tempora
802 1543 999 1578 conscriptum.

215 1594 270 1623 Nec
284 1593 407 1625 dubium.
423 1593 451 1620 in
467 1592 529 1623 hoc,
541 1592 612 1619 sicut
626 1594 653 1618 et
668 1591 695 1618 in
711 1590 804 1617 multis
816 1590 876 1617 aliis
891 1590 1000 1620 accidit,

215 1643 249 1670 ab
271 1642 408 1670 haereticis
432 1641 517 1668 multa
535 1639 621 1667 fuisse
646 1639 748 1665 inserta
770 1637 925 1665 astrueudac
942 1644 1002 1672 pro-

217 1688 282 1723 priae
311 1688 446 1714 haereseos
464 1693 558 1718 causa,
582 1684 761 1718 veritatisque
783 1683 925 1709 catholica:
954 1682 1000 1709 de-

215 1733 362 1762 strucndae.
384 1733 501 1767 ideoque
516 1732 576 1766 ejus
590 1731 670 1758 lectio
683 1738 733 1757 nec
747 1729 875 1756 omnibus
890 1728 1002 1763 permit-

215 1781 305 1812 teuda,
320 1784 346 1807 et
363 1779 518 1814 quicunque
539 1777 662 1812 legerint,
677 1779 780 1803 attente
801 1774 867 1802 illud
892 1782 1002 1808 pert-ur-

216 1830 284 1858 rcnt,
303 1834 337 1853 ne
360 1833 421 1860 quae
444 1823 564 1852 haeretici
582 1822 712 1855 absurda,
729 1825 755 1849 et
780 1826 873 1848 contra
893 1819 1001 1846 divinas

215 1871 332 1898 Litteras
347 1871 427 1901 clam,
441 1869 590 1903 doloscquc
601 1867 790 1898 disseminant,
807 1866 858 1901 ipsi
871 1869 1000 1900 tanquam

213 1924 279 1944 vera
293 1915 420 1942 hauriant
436 1918 463 1942 et
479 1914 607 1949 genuina,
623 1914 657 1940 de
680 1913 780 1947 quibus
796 1917 875 1939 caute
891 1911 956 1938 satis
975 1913 1002 1937 ct

214 1963 347 1997 Georgius
367 1961 527 1997 Syncellus:
545 1960 638 1986 Ταῦτα
657 1960 704 1994 μὲν
728 1960 760 1985 ὲκ
775 1958 821 1985 τοῦ
838 1957 944 1992 πρώτου
962 1956 1002 1991 βι-

214 2006 290 2032 ϐλίου
311 2005 395 2041 Ἑνὼχ
409 2006 473 2041 περὶ
485 2005 538 2031 τῶν
552 2004 719 2040 ἐγρηγόρων,
732 2004 756 2030 εἰ
770 2004 817 2030 καὶ
836 2002 872 2038 μὴ
893 2002 1001 2033 τελείως

213 2052 267 2088 χρὴ
287 2053 429 2088 προσέχειν
443 2050 622 2086 ἀποκρύφοις,
640 2051 755 2086 μάλιστα
776 2050 838 2080 τοὺς
854 2048 1001 2075 ἁπλουστέ-

214 2108 289 2136 ρους,
304 2098 348 2125 διά
363 2107 393 2124 τε
411 2098 441 2124 τὸ
459 2098 568 2133 κρυπτά
587 2105 648 2123 τινα
663 2096 710 2122 καὶ
727 2095 825 2131 ἀτριϐῆ
842 2095 890 2129 τῆς
904 2093 1002 2128 ἐκκλη-

214 2145 356 2180 σιαστικῆς
369 2144 541 2180 παραδόσεως
557 2143 637 2178 ἔχειν,
661 2142 707 2169 καὶ
723 2142 766 2168 διὰ
779 2141 808 2168 τὸ
828 2139 1000 2167 νενοθεῦσθαι

1058 898 1321 931 nostro_Eustathio
1349 903 1477 934 tanquam
1506 907 1576 934 opus
1589 899 1684 927 Jacobi
1715 902 1841 936 apostoli,

1058 944 1106 971 sed
1123 944 1235 972 alterius
1250 945 1404 980 cujusdam,
1421 945 1493 980 quod
1509 946 1661 974 clarissime
1676 947 1844 981 signiﬁcatur

1057 990 1196 1018 additione
1215 990 1260 1017 illa
1288 1000 1341 1022 τις,
1364 991 1490 1023 Ἰάκωϐός
1505 1000 1567 1023 τις,
1585 991 1703 1020 Iacobus
1725 993 1840 1028 quidam.

1057 1036 1134 1069 Quod
1147 1037 1170 1064 si
1184 1037 1368 1064 cxistimasset
1378 1044 1439 1065 esse
1453 1039 1579 1072 apostoli,
1596 1046 1737 1074 nunquam
1754 1040 1843 1066 siluis-

1057 1087 1113 1114 set;
1129 1086 1164 1115 el,
1180 1082 1251 1117 quod
1267 1090 1321 1110 non
1337 1087 1379 1111 est
1396 1083 1510 1111 minoris
1530 1084 1671 1117 momenti,
1696 1085 1844 1120 Gregorius

1058 1127 1199 1163 Nyssenus
1223 1128 1256 1156 de
1281 1129 1425 1158 nativitate
1445 1129 1563 1165 Virginis
1581 1135 1720 1164 tractans,
1743 1139 1777 1158 ex
1793 1131 1843 1158 hoc

1056 1174 1148 1202 libello
1163 1175 1249 1202 multa
1267 1180 1405 1204 mutuatus
1424 1184 1485 1205 esse
1499 1177 1606 1204 videtur
1619 1178 1702 1204 tacito
1721 1179 1842 1205 auctoris

1056 1221 1176 1253 nomine,
1191 1221 1242 1248 etsi
1263 1221 1334 1249 inter
1356 1223 1510 1258 apocrypha
1534 1224 1656 1258 rejiciat;
1675 1223 1737 1258 ejus
1763 1224 1842 1251 verba

1056 1267 1191 1296 habentur
1208 1268 1279 1304 apud
1297 1268 1456 1304 Symeonem
1472 1269 1683 1305 Metaphrastem
1699 1270 1737 1297 De
1746 1271 1842 1298 nativi-

1057 1314 1121 1341 tate"
1131 1319 1156 1341 et
1183 1314 1336 1342 educatione
1360 1314 1442 1343 beatae
1468 1316 1562 1343 Mariae
1583 1316 1696 1351 Virginis
1710 1325 1720 1343 :
1739 1317 1842 1344 Αὐτίκα

1055 1360 1120 1394 γοῦν
1149 1361 1162 1386 ὁ
1189 1360 1259 1392 Θεῖος
1285 1361 1432 1397 Γρηγόριος
1458 1363 1487 1388 ἐν
1512 1362 1551 1397 τῷ
1574 1362 1655 1398 λόγῳ,
1676 1362 1704 1394 ὃς
1732 1363 1771 1394 εἰς
1795 1363 1842 1398 τὴν

1056 1406 1173 1441 Χριστοῦ
1193 1407 1317 1442 γέννησιν
1333 1407 1407 1442 αὐτῷ
1423 1408 1572 1444 συνετάχθη
1591 1409 1680 1436 τοιάδε
1701 1409 1765 1444 περὶ
1779 1410 1842 1436 ταύ-

1056 1460 1104 1487 της
1118 1452 1295 1487 διαλαμϐάνει
1305 1461 1312 1467 ·
1335 1453 1467 1484 Ἤκουσα,
1485 1453 1581 1487 λέγων,
1597 1454 1756 1489 ὰποκρύφου
1771 1454 1841 1485 τινὸς

1057 1498 1175 1533 ἱστορίας
1184 1498 1295 1525 τοιαῦτα
1308 1499 1526 1535 παρατιθεμένης
1537 1499 1571 1526 τὰ
1581 1500 1644 1535 περὶ
1653 1500 1739 1535 αὐτῆς
1746 1500 1840 1535 διηγή-

1053 1553 1124 1579 ματα
1132 1552 1142 1563 ο
1156 1545 1304 1580 Ἐπίσημος
1313 1543 1355 1581 ἦν.
1363 1549 1416 1573 etc.
1429 1545 1493 1579 Quae
1505 1546 1622 1581 pessime
1631 1549 1666 1573 ita
1674 1547 1792 1574 reddidit
1801 1547 1841 1575 in.

1052 1594 1157 1625 terpres
1167 1591 1276 1618 :Audivi
1285 1600 1420 1625 arcanam,
1432 1597 1456 1619 et
1464 1593 1592 1619 occultam
1603 1593 1745 1627 quamdam
1758 1593 1839 1620 histo-

1052 1637 1120 1663 riam
1129 1637 1194 1664 tales
1203 1636 1235 1663 de
1245 1646 1276 1664 ea
1287 1637 1437 1671 prodentem
1450 1639 1629 1670 narrationes,
1639 1646 1690 1665 nec
1699 1639 1771 1666 enim
1780 1639 1841 1664 ἀπὸ-

1051 1691 1154 1719 κρυφος
1185 1683 1211 1709 iu
1236 1683 1374 1716 historiis,
1397 1691 1513 1715 arcana,
1540 1688 1568 1711 et
1594 1685 1702 1711 occulta
1726 1684 1839 1711 historia

1051 1733 1103 1755 est.
1119 1728 1186 1756 Puto
1205 1729 1276 1756 hunc
1297 1737 1358 1756 esse
1372 1729 1504 1757 Jacobum
1529 1730 1608 1765 cujus
1635 1730 1760 1757 meminit
1778 1728 1835 1757 Ori-

1051 1783 1134 1810 genes
1149 1775 1223 1802 hom.
1243 1775 1276 1802 15
1290 1775 1316 1802 in
1329 1774 1497 1802 Matthwum.

1086 1819 1145 1847 Col.
1162 1819 1222 1849 77‘2.
1239 1820 1287 1846 lin.
1313 1820 1357 1847 51.
1376 1821 1423 1846 Ἐν
1442 1820 1506 1853 ταῖς
1516 1820 1637 1855 φυλαῖς.
1654 1821 1692 1848 De
1714 1822 1765 1849 hoc
1782 1822 1840 1849 vide

1051 1865 1182 1893 Joannem
1209 1865 1422 1898 Damascenum,
1447 1866 1486 1893 De
1515 1867 1567 1901 ﬁde
1595 1867 1702 1896 orthod.
1729 1869 1777 1895 lib.
1805 1877 1838 1899 Iv.

1052 1914 1134 1948 capit.
1153 1914 1202 1946 i5;
1220 1913 1414 1948 Epiphanium,
1433 1914 1528 1941 haares.
1544 1914 1588 1946 78,
1613 1913 1747 1942 adversus
1764 1915 1839 1942 Anti-

1053 1959 1291 1993 dicomarianitas;
1316 1962 1344 1986 et
1370 1959 1466 1987 haeres.
1497 1959 1530 1991 9,
1560 1959 1694 1988 adversus
1727 1960 1840 1996 Collyri-

1053 2004 1159 2031 dianos.

1087 2050 1168 2082 lbid.,
1180 2050 1229 2077 lin.
1238 2050 1282 2078 52.
1294 2050 1406 2085 Ἀνὸρα
1421 2052 1581 2078 πλούσιον.
1596 2050 1723 2078 Joachim
1732 2051 1838 2079 Patrem

1055 2096 1175 2132 Virginis
1183 2102 1210 2124 et
1219 2097 1340 2129 divitem,
1353 2101 1380 2125 et
1390 2097 1492 2124 sobolis
1500 2101 1637 2132 expertem
1650 2099 1771 2125 maximo
1779 2105 1839 2125 cum

1053 2142 1147 2170 dolore
1158 2143 1191 2170 ad
1202 2142 1286 2170 Deum
1294 2143 1450 2178 confugisse
1460 2143 1496 2170 ita
1509 2147 1601 2170 narrat
1610 2142 1761 2178 Gregorius
1772 2143 1839 2178 Nys-

212 2191 282 2219 αὺτὰ
295 2191 347 2218 ὑπὸ
366 2190 496 2218 Ἰουδαίων
506 2191 551 2217 καὶ
564 2189 717 2225 αἱρετικῶν.
733 2188 805 2222 Πλὴν
820 2187 866 2213 καὶ
881 2188 895 2213 ὁ
911 2187 998 2221 μακὰ-

1059 2197 1142 2219 tenus,
1150 2188 1273 2215 oratione
1280 2189 1295 2215 d
1301 2209 1305 2214 .
1312 2208 1318 2220 ,
1328 2189 1423 2223 Ἐπίση
1428 2197 1475 2224 μος
1483 2186 1517 2224 ἦν
1523 2190 1551 2215 ἐν
1559 2190 1591 2224 τῇ
1600 2189 1670 2215 κατὰ
1677 2189 1758 2224 νόμον
1765 2189 1839 2223 ἀκρε-

213 2247 272 2274 ριος
287 2237 393 2269 Παῦλος
416 2237 536 2268 σπανίως
552 2235 687 2271 ἐχρήσατό
704 2242 773 2261 τισιν
787 2234 816 2266 ἐξ
832 2232 998 2267 ἁποκρύφων

211 2283 397 2320 χρήσεσιν,ὼς
409 2283 472 2309 ὃταν
483 2282 564 2318 φησὶν
576 2282 605 2307 ὲν
615 2282 648 2316 τῇ
658 2280 724 2315 πρὸς
734 2278 893 2315 Κορινθίους
903 2277 999 2312 πρώτῃ

219 2330 361 2365 Ἐπιστολῇ
370 2329 404 2356 τὰ
415 2339 424 2356 ι
435 2328 588 2364 Ὀφθαλμὺς
596 2328 645 2353 οὐκ
653 2325 766 2358 είδε,κα“ι
773 2324 819 2357 οὒς
829 2325 880 2350 οὐκ
887 2324 997 2358 ἢκουσε,

211 2376 259 2404 καὶ
271 2376 316 2403 ἐπὶ
330 2375 444 2412 καρδίαν
458 2373 601 2410 ἀνθρώπου
622 2373 672 2399 οὐκ
689 2371 783 2406 ἀνέϐη,
799 2381 808 2396 ι
828 2370 874 2396 καὶ
891 2368 924 2396 τὰ
936 2368 999 2403 ἑξῆς

217 2423 294 2450 Ἠλία
318 2421 496 2457 ἀποκρύφων.
517 2419 573 2446 Καὶ
589 2419 669 2445 πάλιν
684 2419 712 2444 ὲν
734 2418 767 2452 τῇ
785 2417 854 2452 πρὸς
877 2415 999 2445 Γαλάτας

211 2469 243 2496 ἐκ
263 2468 312 2504 τῆς
333 2467 472 2498 Μωῦσέως
486 2465 690 2500 ἀποκαλύψεως·
712 2473 722 2489 ι
741 2463 808 2490 Οὕτε
824 2463 957 2498 περιτομή
973 2463 999 2489 τί

211 2516 284 2541 ἐστιν
296 2513 358 2540 οὔτε
375 2513 552 2549 ἀκροϐυστία,
568 2511 636 2538 ἀλλά
649 2510 729 2546 καινὴ
746 2509 844 2541 κτίσις.
869 2519 878 2535 ι
896 2510 951 2535 Καὶ
971 2509 1000 2534 ἐν

211 2562 243 2596 τῇ
260 2561 327 2596 πρὸς
344 2560 482 2594 Ἐφεσίους
497 2560 529 2585 ὲκ
540 2558 592 2585 τῶν
614 2557 743 2592 Ἰερεμίου
766 2556 918 2591 λεγομένων
933 2556 1000 2582 ἀπο-

212 2606 333 2641 κρύφων,
354 2615 363 2631 ‹
386 2606 523 2640 Ἔγειραι,
535 2606 549 2631 ὑ
563 2603 712 2636 καθεύδων,
727 2603 774 2630 καὶ
790 2602 893 2629 ἀνάστα
910 2603 942 2628 ὲκ
957 2610 1001 2628 νε-

212 2651 295 2686 κρῶν,
313 2652 360 2678 καὶ
376 2651 522 2685 ἐπιφαύσει
537 2659 577 2677 σοι
588 2650 602 2676 ὁ
615 2649 740 2685 Χριστός.
758 2658 767 2674 ι
787 2648 878 2677 Ταῦτα
893 2649 920 2675 δὲ
934 2649 1000 2683 ἡμῖν

192 2725 200 2732 _
213 2698 317 2733 εἴρηται
333 2698 364 2724 οὐ
382 2698 448 2733 πρὸς
474 2697 563 2724 ἄδειαν
588 2696 642 2722 τῶν
660 2695 827 2730 βουλομένων
845 2694 1000 2729 ἀδιαφόρως

213 2743 401 2778 ἐντυγχάνειν·
420 2743 456 2778 μὴ
478 2743 598 2777 γένοιτοί
621 2742 716 2768 Πολλοὶ
735 2741 788 2777 γὰρ
804 2741 957 2776 εὸλάὸησαν
971 2741 1000 2766 ὲν

215 2787 296 2814 πᾶσιν
310 2789 399 2820 αὐτοῖς
417 2788 603 2820 πιστεύοντες”
618 2788 677 2815 ὅθεν
693 2788 739 2814 καὶ
754 2789 770 2822 ὴ
793 2788 858 2821 ἁγία
870 2787 916 2813 τοῦ
931 2786 998 2813 Θεοῦ

220 2832 376 2867 Ἐκκλησία,
399 2834 446 2860 καὶ
461 2835 476 2860 ὁ
498 2834 576 2868 χορὸς
590 2834 643 2860 τῶν
657 2834 793 2869 Θεοφόρων
812 2833 890 2868 ἡμῶν
912 2833 999 2858 Πατέ-

1050 2234 1092 2260 6εῖ
1098 2234 1229 2270 πολιτείᾳ,
1236 2235 1282 2261 καί
1290 2234 1426 2271 γνώριμος
1432 2235 1460 2261 ἐν
1466 2237 1522 2267 τοῖς
1530 2234 1703 2267 καλλίστοιςό
1709 2235 1758 2270 τῆς
1768 2235 1839 2268 Παρ-

1051 2279 1126 2306 θένου
1140 2280 1242 2316 πατὴρ,
1256 2281 1339 2313 ἄπαις
1355 2281 1383 2308 δὲ
1407 2282 1548 2316 κατεγήρα
1563 2281 1608 2307 τὸν
1627 2281 1696 2316 βίον,
1715 2282 1756 2308 ὅτι
1767 2280 1838 2314 αὐτῷ

1050 2325 1118 2362 πρὸς
1133 2327 1304 2360 τεκνογονίαν
1330 2327 1380 2353 οὐκ
1397 2327 1554 2362 ἐπιτηδείως
1580 2325 1652 2362 εἶχεν
1671 2328 1688 2362 ἡ
1708 2326 1837 2356 σύνοικος.

1050 2369 1104 2398 Ἦν
1114 2371 1143 2398 δέ
1164 2381 1205 2404 τις
1219 2373 1250 2399 ὲκ
1263 2373 1309 2399 τοῦ
1325 2373 1407 2407 νόμου
1422 2373 1488 2408 τιμὴ
1512 2374 1572 2404 ταῖς
1593 2373 1742 2408 μητράσιν,
1760 2371 1794 2409 ἦς
1811 2372 1839 2397 οὐ

1053 2419 1175 2453 μετεῖχον
1189 2419 1212 2444 οἱ
1228 2418 1329 2452 ἄγονοι.
1339 2419 1471 2454 Μιμεῐται
1480 2419 1569 2445 τοίνυν
1582 2419 1628 2445 καὶ
1643 2419 1715 2454 αὑτὴ
1733 2419 1766 2445 τὰ
1780 2419 1839 2453 spx

1050 2463 1098 2498 τῆς
1115 2464 1217 2500 μητρὸς
1231 2464 1278 2490 τοῦ
1293 2464 1418 2500 Σαμουὴλ
1437 2464 1604 2500 διηγήματα,
1626 2465 1674 2491 καὶ
1695 2464 1771 2496 ἐντὸς
1795 2463 1839 2490 τοῦ

1051 2510 1115 2536 ναοῦ
1136 2511 1220 2544 ἁγίων
1246 2511 1384 2546 γινομένη,
1410 2511 1502 2546 ἱκέτης
1520 2511 1625 2545 γίνεται
1641 2511 1691 2538 τοῦ
1713 2511 1782 2538 Θεοῦ
1807 2510 1840 2546 μὴ

1051 2555 1103 2588 ἔξω
1118 2557 1211 2583 πεσεῖν
1225 2557 1275 2592 τῆς
1292 2558 1323 2583 ἐκ
1337 2557 1390 2584 τῶν
1411 2557 1500 2592 νόμων
1525 2557 1661 2591 εὐλογίας,
1684 2557 1841 2594 ἐξαμαρτά-

1051 2611 1133 2629 νουσα
1150 2603 1214 2638 περὶ
1230 2603 1275 2629 τὸν
1291 2603 1372 2638 νόμον
1388 2603 1479 2630 οὐδέν·
1496 2603 1622 2637 γενέσθαι
1634 2603 1663 2630 δὲ
1681 2605 1775 2639 μήτηρ
1798 2604 1843 2630 καὶ

1051 2648 1203 2683 ἀφιερῶσαι
1218 2648 1277 2684 Θεῷ
1293 2649 1323 2675 τὸ
1337 2649 1504 2685 τικτόμενον.
1523 2649 1590 2676 Vide
1604 2649 1790 2684 Epiphanium
1806 2648 1842 2676 Βιι

1051 2694 1177 2721 laudibus
1196 2695 1278 2721 beant
1306 2695 1401 2722 Maria:
1426 2695 1561 2730 Virginis.
1590 2696 1730 2723 Andream
1753 2696 1842 2722 Casa-

1052 2741 1181 2772 riensem,
1200 2741 1376 2774 Germanum,
1394 2746 1420 2767 et
1435 2742 1514 2769 alios.

1085 2786 1142 2814 Col.
1163 2786 1224 2818 773.
1246 2787 1294 2814 lin.
1314 2788 1356 2814 15.
1382 2788 1435 2814 Kal
1455 2787 1545 2821 γνοὺς
1563 2787 1622 2821 τὴν
1636 2788 1777 2822 γυναῖκα.
1805 2785 1841 2813 Ε(

1053 2832 1094 2859 liis
1110 2832 1240 2861 refellitur
1258 2833 1504 2868 Collyridianorutn
1528 2842 1616 2866 error,
1633 2835 1680 2869 qui
1699 2834 1745 2861 Dei
1761 2834 1840 2861 Geni-
