1900 3070
92 128 158 157 1041

602 132 636 161 ΙΝ
656 133 841 162 EUSTATHH
866 134 1103 164 HEXAEMERON
1121 134 1236 163 NOTIE.

1644 140 1715 169 1012

89 187 189 214 tricem
206 185 319 214 Mariam
332 187 458 216 humanae
473 193 577 217 natura:
600 198 715 225 prorsus
729 196 878 227 expertem.
893 192 967 224 Alta
978 191 1110 228 Origenes
1125 201 1204 228 super
1219 192 1387 228 Matthwum,
1403 202 1464 231 cap.
1482 195 1533 230 i3;
1547 196 1715 232 Epiphanius

90 240 125 260 ac
143 233 243 260 divine
258 237 364 260 tantum
384 234 544 270 participem
567 235 651 264 fuisse
667 236 803 269 dicebant,
820 245 882 264 cum

89 286 126 306 ex
143 278 195 306 hoc
209 278 371 311 habeamus,
388 279 510 307 Joachim
522 288 585 307 cum
596 281 674 308 Anna
694 282 881 313 concubitum,

90 323 212 358 indeque
229 328 384 359 generatam
400 328 428 352 et
452 330 540 353 ortam
557 325 702 361 Virginem.
721 326 801 354 Certe
815 327 882 354 illud

89 370 183 405 angeli
201 370 305 398 dictum
319 369 440 398 Joachim
456 372 484 398 in
499 372 619 405 deserto,
634 380 702 399 umor
725 377 772 399 tua
794 381 882 400 conce-

87 416 140 450 pit,
156 421 303 450 antequam
326 415 437 444 domum
460 418 576 449 veniret,
592 418 620 445 in
644 418 801 445 narratione
829 419 881 446 ista

89 469 147 489 non
163 462 274 497 legitur,
294 463 349 490 imo
363 463 429 490 satis
447 467 540 498 aperte
563 464 716 499 oppositum
734 464 879 500 colligitur.

89 507 132 535 Ex
149 516 205 543 quo
229 508 403 536 manifestum
427 513 469 536 est
490 509 524 536 ab
551 509 687 537 haereticis
710 510 809 537 librum
833 510 881 537 de-

90 559 237 590 pravatum
251 558 372 589 tempore
392 553 546 589 Epiplianii,
569 555 615 590 qui
636 555 730 583 forsan
744 554 881 583 Eustathii

88 602 216 634 tempore
229 600 404 635 incorruptus
417 604 445 627 et
459 601 578 628 intactus
589 601 677 629 adhuc
689 601 777 629 fuerat
792 609 880 629 reser-

88 649 184 672 vatus.

127 689 188 717 Col.
200 691 261 722 775,
274 691 321 718 lin.
336 691 378 718 14.
396 691 449 718 Kal
464 690 606 724 ὀνομάζὲι.
623 690 770 724 Gregorius
778 690 879 726 Nysse-

88 744 146 764 nne
155 746 162 763 :
172 737 365 772 Δυναμωθεῖσα
381 737 410 763 δὲ
426 736 563 772 Πνεύματι
581 737 644 772 θείῳ
658 737 724 772 πρὸς
738 737 787 772 τὴν
801 737 879 773 χάριν

87 782 125 817 ἢν
148 782 265 818 ᾔτησεν,
292 782 353 808 ἐπεὶ
377 782 469 809 ἔτεκεν
493 782 611 814 παιδίον,
635 782 773 818 ὠνόμασεν
795 783 878 819 αὐτὴν

87 828 221 863 Μαριὰμ,
236 828 272 860 ὡς
288 828 320 855 ἂν
334 828 381 854 καὶ
393 828 436 855 διὰ
452 828 501 863 τῆς
517 828 673 863 ἐπωνυμίας
697 828 727 854 τὺ
741 828 877 855 θεόσδοτον

86 874 291 910 διασημανθείη
317 875 366 910 τῆς
390 875 512 910 χάριτος.
546 874 749 910 Ἀνδρυνθεῖσαν
774 875 802 901 δὲ
829 875 878 910 ἤδη
895 866 916 894 Β

87 923 140 957 τὴν
158 921 252 957 κόρην,
269 921 306 952 ὡς
323 921 421 957 μηκέτι
437 920 538 948 δεῖσθαι
555 920 731 956 προσανέχειν
745 921 779 956 τῇ
801 920 878 956 θηλῇ,

87 966 237 993 ἀποδοῦναι
254 966 292 1001 τῷ
311 966 379 1002 Θεῷ,
396 967 442 993 καὶ
467 965 610 1002 πληρῶσαι
636 966 685 1001 τὴν
706 965 878 1001 ἐπαγγελίαν,

87 1012 140 1039 καὶ
157 1013 340 1048 προσαγαγεῖν
361 1012 399 1047 τῷ
422 1011 484 1047 νεῴ.
502 1010 664 1047 Hippolytus
688 1015 790 1047 martyr
808 1011 879 1046 apud

87 1058 286 1093 Nicephorum,
303 1058 321 1084 l.
331 1065 432 1092 il,cap.
445 1058 461 1084 5
475 1067 481 1084 :
499 1057 561 1084 Tres
575 1058 646 1092 {uere
659 1066 761 1085 sorores
775 1057 878 1084 Bethle-

87 1104 232 1135 hemiticw,
251 1103 314 1138 ﬁlia:
330 1102 423 1129 Matan
439 1103 597 1134 sacerdotis,
613 1107 637 1129 et
653 1102 748 1130 Maria
762 1103 879 1137 conjugis

87 1149 161 1183 ejus,
189 1149 235 1176 sub
264 1148 421 1182 Cleopatrw,
445 1153 469 1175 et
502 1148 644 1183 Cusoparis
675 1148 763 1175 Persa:
789 1156 877 1183 regno,

88 1200 154 1221 ante
170 1194 283 1221 Herodis
300 1195 434 1229 Antipatri
450 1194 500 1224 ﬁlii
516 1202 632 1229 regnum.
659 1193 758 1221 Primte
771 1193 877 1223 Mariae.

88 1239 213 1267 secunda:
245 1239 328 1271 Sobe,
356 1240 439 1266 tertia:
464 1240 549 1267 Arma:
573 1248 666 1266 nomen
692 1244 750 1266 erat
766 1247 775 1266 :
791 1239 879 1270 nupsit

87 1287 180 1321 prima
195 1288 222 1313 in
244 1286 393 1314 Bethlehem
418 1286 519 1318 Maria,
533 1290 557 1313 et
571 1286 668 1320 peperit
682 1285 813 1312 Salomem
834 1284 880 1310 ob-

87 1333 223 1359 stetricem
240 1341 249 1359 :
266 1333 353 1367 nupsit
369 1340 468 1367 quoque
481 1331 595 1359 secunda
613 1330 708 1358 ibidem
728 1331 754 1357 in
773 1330 878 1357 Bel/tle-

87 1379 150 1405 Item
171 1377 247 1410 Sabe,
263 1383 287 1405 et
311 1378 399 1413 genuit
425 1377 573 1410 Etisabeth,
591 1378 679 1411 nupsit
702 1381 832 1410 postremo
853 1380 877 1402 et

89 1424 171 1450 ter/ia
191 1423 267 1451 Anna
295 1424 322 1450 in
348 1428 419 1453 terra
445 1422 570 1456 Galilwa,
586 1427 611 1450 et
623 1422 733 1457 protulit
761 1421 878 1448 Mariam

88 1468 141 1496 Dei
161 1469 329 1504 genitricem,
356 1476 388 1496 e1:
408 1477 460 1504 qua
482 1468 556 1495 nobis
581 1473 659 1495 natus
681 1472 720 1495 est
743 1467 874 1495 Christus.

87 1515 198 1548 Quibus
206 1514 303 1542 refellit
314 1514 447 1542 Baronius
460 1522 553 1542 eorum
567 1515 728 1542 sententiam
745 1514 791 1549 qui
801 1513 878 1541 dixe-

89 1564 157 1588 runt
168 1559 196 1587 S.
208 1560 312 1587 Annam
325 1560 406 1588 tertio
413 1563 535 1595 nuptam,
545 1564 571 1587 et
587 1559 709 1594 singulas
719 1567 752 1587 ex
763 1559 877 1594 singulis

87 1607 160 1634 viris
173 1606 301 1641 genuisse
317 1606 396 1638 ﬁlias,
410 1610 437 1633 et
451 1613 545 1633 eorum
560 1605 606 1640 qui
620 1605 710 1633 conati
722 1611 785 1634 sunt
802 1611 877 1632 asse-

88 1660 211 1684 rereLex
226 1651 320 1679 eodem
342 1652 401 1679 viro
418 1651 540 1679 Joachim
564 1655 619 1679 tres
639 1651 778 1686 peperisse
797 1650 875 1680 filias.

127 1696 208 1728 lbid.,
235 1696 284 1723 lin.
301 1696 345 1723 16.
373 1696 545 1731 Γειόμένης
568 1695 602 1722 δὲ
621 1695 725 1730 αὐτῆς.
756 1695 875 1722 Evodius

87 1743 239 1778 episcopus
263 1742 453 1769 Antiochenus
468 1741 539 1776 apud
564 1740 758 1776 Nicephorum,
775 1741 822 1768 lib.
845 1748 881 1772 ii,

87 1796 152 1823 cap~
173 1788 209 1816 ὃς
224 1787 343 1815 Trimula
359 1796 419 1815 cum
438 1792 505 1815 esset
522 1788 548 1814 in
564 1787 686 1820 templum
702 1791 875 1821 prwsentata,

87 1834 128 1860 ibi
151 1833 178 1860 in
191 1833 297 1860 Sanctis
322 1837 474 1860 sanctorum
498 1832 616 1860 traduxit
644 1840 726 1859 annos
746 1832 875 1865 undecim,

87 1878 184 1909 deinde
201 1887 260 1906 vero
285 1879 451 1908 sacerdotum
473 1878 594 1906 manibus
618 1877 714 1912 Joseph
737 1877 770 1904 ad
790 1882 876 1904 custo-

86 1924 164 1952 diam
179 1929 218 1955 est
233 1924 344 1957 tradita,
355 1924 437 1959 ,apud
452 1933 527 1960 quem
545 1932 604 1950 cum
620 1932 720 1951 menses
738 1923 877 1958 peregisset

86 1974 214 2006 quatuor,
233 1970 265 1997 ab
281 1971 372 2006 angelo
386 1971 474 1998 ltetun:
489 1969 557 1997 illud
572 1970 670 2004 accepit
687 1969 815 1996 nuntium.
825 1968 876 1996 Pe:-

85 2017 156 2051 ρει-ἔτ
168 2021 254 2043 autem
271 2017 343 2045 illius
362 2016 451 2044 mundi
462 2016 570 2049 Lucem,
590 2024 688 2043 annum
703 2024 780 2050 agens
801 2015 877 2050 quin-

86 2063 229 2095 decimum,
245 2063 367 2090 vicesima
377 2063 469 2097 quinta
484 2063 526 2090 die
537 2063 631 2089 mensis
647 2061 805 2089 Decembris.
815 2060 876 2088 Tri-

86 2108 192 2135 mulam
218 2107 272 2135 Deo
287 2108 404 2135 oblatam
419 2108 557 2144 Virginem
573 2113 671 2143 praeter
690 2107 873 2140 Eustathium,

86 2158 123 2183 et.
137 2153 281 2187 Evodium,
306 2154 377 2183 idem
402 2155 523 2183 sentiunt
545 2153 693 2189 Gregorius
722 2153 760 2180 De
775 2153 876 2181 Christi

86 2200 236 2231 nativitate,
253 2199 372 2227 Joannes
398 2199 582 2226 Damascenus
595 2199 633 2225 De
649 2199 701 2233 [ide
715 2198 871 2231 orthodoxa,

87 2247 173 2280 capit.
192 2246 236 2278 15,
253 2245 376 2274 Andreas
400 2245 538 2273 Cretensis
555 2252 680 2273 semione
695 2245 734 2272 De
750 2244 873 2279 Deipara,

87 2292 241 2319 Germanus
258 2299 383 2319 sermone
397 2291 435 2318 De
451 2290 666 2322 Prwsentatione,
681 2289 813 2326 Georgius
829 2290 876 2318 Ni-

86 2335 271 2363 comediensis
291 2336 329 2362 De
344 2335 552 2363 Prtesentatione
563 2356 570 2368 ,
592 2335 732 2363 Cedrenus
756 2336 784 2362 in
797 2335 875 2362 Com-

86 2381 183 2416 pendio
198 2380 325 2408 Historia
338 2386 364 2408 et
378 2381 434 2408 alii.
449 2380 653 2409 Observandum
674 2385 700 2409 et
714 2381 790 2413 illud,
802 2382 876 2411 beat.

89 2426 230 2462 Virginem
265 2435 297 2454 ex
327 2431 422 2455 nostro
456 2427 599 2459 Eustathio
624 2428 709 2455 multo
736 2428 873 2463 juniorem

87 2473 228 2500 Christum
244 2473 393 2508 peperisse,
410 2481 490 2509 quam
505 2474 621 2502 voluerit
637 2473 756 2502 Evodius
775 2478 802 2501 ct
815 2475 876 2508 alii,

87 2517 122 2547 de
136 2518 237 2553 quibus
251 2518 295 2545 hic
313 2526 393 2554 agere
407 2527 462 2546 non
480 2523 522 2547 est
537 2522 679 2556 praesentis
690 2522 802 2558 negotii.

123 2562 203 2594 lbid.,
217 2563 266 2590 lin.
282 2563 326 2592 22.
351 2563 405 2591 Τοῦ
417 2564 493 2591 λαοῦ
508 2566 588 2598 τούς.
606 2565 744 2602 Josepbus
754 2567 873 2595 sanctis—

88 2609 167 2637 simae
179 2608 301 2645 Virginis
313 2618 431 2645 sponsus
443 2611 602 2646 bigamusne
611 2612 702 2646 fuerit,
718 2621 754 2641 an
764 2614 872 2648 caelebs,

88 2655 204 2690 antiqua
219 2659 260 2683 est
275 2656 302 2683 in
320 2656 444 2684 Ecclesia
459 2657 593 2685 catholica
617 2660 743 2694 quaestio,
757 2660 789 2687 ad
803 2661 873 2688 hanc

87 2708 178 2735 usque
201 2700 272 2727 diem
298 2701 381 2730 variis
408 2702 436 2729 in
459 2706 604 2738 utramque
633 2709 738 2740 partem
761 2705 872 2734 Patrum

87 2746 256 2774 testimoniis
271 2747 382 2783 agitata.
399 2747 522 2776 Celebris
534 2749 605 2784 apud
616 2749 735 2783 Graecos,
752 2759 803 2779 nec
816 2759 872 2779 non

87 2791 249 2820 Latinorum
260 2793 407 2821 nonnullos
422 2794 473 2822 fuit
494 2794 588 2830 opinio
609 2804 670 2823 cum
696 2796 781 2825 fuisse
797 2797 872 2833 biga-

87 2845 174 2872 mum,
193 2841 220 2866 et
236 2838 315 2867 aliam
341 2845 403 2868 ante
431 2839 569 2876 Virginem
586 2841 716 2871 habuisse
743 2851 867 2872 uxorem.

934 239 1059 266 adversus
1081 240 1381 274 Antidicomarianitas;
1398 241 1534 272 Eusebius
1553 244 1601 271 lib.
1623 253 1643 272 ιι
1663 244 1716 272 Ec-

933 284 994 311 cles.
1011 284 1117 316 histum,
1130 292 1190 319 cap.
1206 285 1430 320 l;Nicephorus,
1445 288 1491 315 lib.
1502 296 1533 322 ιι,
1549 297 1610 324 cap.
1627 290 1654 322 3,
1667 290 1713 318 ubi

932 330 1013 357 etiam
1028 330 1111 357 refert
1129 330 1301 366 Hippolytum
1318 331 1440 366 ejusdem
1457 335 1600 362 sententiae
1618 339 1714 363 aucto-

931 384 1004 409 rem;
1029 375 1176 411 Gregorius
1212 377 1362 412 Nyssenus.
1389 379 1426 406 De
1448 385 1585 409 resurrect.
1613 381 1714 410 Clu-isti

930 421 1070 454 homil.2;
1093 421 1253 458 Euthymius
1276 424 1304 450 in
1326 423 1448 451 Mattlirei
1473 434 1530 460 cap.
1549 435 1606 460 xu;
1623 427 1714 454 (Ecu-

931 467 1040 496 menius
1055 476 1133 502 super
1149 469 1196 504 Ep.
1220 471 1254 497 ad
1271 469 1331 498 Gal.
1355 479 1415 506 cap.
1432 480 1456 506 ι;
1471 471 1620 509 Theopbyl.
1636 482 1714 506 super

931 513 1098 546 Matt/meum,
1118 523 1178 550 cap.
1193 522 1251 547 riu,
1276 521 1302 543 et
1321 517 1458 551 repetit
1478 526 1571 552 xxv";
1591 519 1712 549 Hilarius

930 561 1103 587 eamment.in
1120 560 1227 593 Matt/1.,
1240 570 1302 589 can.
1321 563 1345 594 t;
1359 563 1520 592 Ambrosius
1533 564 1560 591 in
1575 564 1660 600 Epist.
1676 566 1712 593 ad

931 605 1020 633 Galat.
1046 614 1106 641 cap.
1129 615 1148 639 ι,
1172 611 1198 635 et
1220 608 1375 643 Cajctanus,
1408 609 1527 638 ibidem.‘
1550 610 1710 646 Oppositum

930 659 1040 680 sensere
1063 652 1243 688 Hieronymus
1257 654 1380 682 adversus
1408 655 1568 688 Helvidium,
1582 657 1712 692 Augusti-

929 704 998 729 nus,
1027 705 1108 725 serm.
1135 697 1169 724 Η
1194 698 1220 725 in
1237 698 1386 726 Nalivitate
1403 699 1526 733 Domini,
1544 701 1615 729 Beda
1635 709 1712 736 super

930 751 987 777 cap.
1007 751 1032 770 VI
1053 742 1149 776 Marci,
1169 747 1196 771 et
1222 745 1266 772 alii
1290 746 1455 774 recentiores
1485 747 1532 782 qui
1563 748 1711 775 secundam

930 789 1091 816 sententiam
1104 809 1111 821 ,
1127 793 1256 825 tanquam
1285 792 1371 827 magis
1389 793 1556 827 probabilem
1585 797 1613 822 et
1636 802 1713 822 rece-

929 839 1002 869 ptam
1013 835 1173 864 defendunt.
1190 835 1248 864 Non
1268 841 1310 865 est
1326 843 1415 866 tamen
1442 839 1546 867 silenda
1572 841 1713 869 temeritas

929 884 956 908 et
978 881 1144 916 impudentia
1168 882 1196 910 in
1220 887 1330 911 sanctos
1356 883 1451 913 Patres
1473 884 1587 913 Gerardi
1619 885 1713 914 Vossii

930 927 1006 962 (quid
1021 928 1093 955 enim
1110 928 1136 955 id
1151 928 1255 957 facinus
1270 928 1419 957 libertatem
1432 930 1641 966 appellem),qui
1656 932 1713 967 pri—

930 981 1001 1001 mam
1017 974 1196 1002 assertionem
1212 981 1296 1002 ausus
1311 975 1347 1002 sit
1358 982 1469 1007 vocare,
1480 983 1535 1003 non
1550 976 1617 1004 satis
1633 978 1707 1012 piam

929 1028 979 1047 nec
995 1020 1183 1052 orthodoxam,
1200 1024 1396 1056 portentosam,
1419 1021 1709 1057 impudentiusculam,

929 1071 961 1092 ac
975 1064 1066 1092 minus
1088 1068 1207 1097 cautam,
1233 1070 1314 1100 prout
1342 1066 1460 1093 humana
1486 1067 1624 1094 interdum
1658 1067 1712 1094 fert

929 1110 1073 1146 fragilitas,
1089 1111 1160 1145 quod
1184 1112 1414 1146 praestantissimi,
1430 1119 1462 1140 ac
1483 1111 1635 1140 doctissimi
1654 1113 1708 1141 viri

928 1155 1091 1191 quandoque
1105 1155 1265 1190 dormitant,
1279 1156 1365 1185 fuisse
1393 1158 1434 1185 sic
1456 1158 1568 1190 dictam,
1583 1159 1625 1186 vel
1639 1159 1710 1186 scri-

929 1206 1012 1236 ptam.
1025 1202 1141 1237 ideoque
1166 1210 1318 1231 sermonem
1340 1204 1368 1231 in
1388 1205 1631 1233 Annuntiationem
1647 1213 1711 1233 san-

928 1248 1057 1276 ctissima:
1066 1248 1111 1276 Dei
1121 1248 1264 1277 Genitricis
1276 1249 1366 1277 Mariae
1376 1250 1422 1285 qui
1431 1250 1527 1286 incipit
1543 1258 1550 1277 :
1565 1251 1651 1278 Πάλιν
1663 1260 1711 1287 χα-

930 1293 978 1327 ρᾶς
999 1293 1153 1328 εὐαγγέλια,
1174 1295 1253 1322 πάλιν
1266 1295 1419 1331 ἐλευθερίας
1438 1297 1593 1332 μηνύματα,
1611 1298 1710 1332 saepius

928 1339 980 1366 sub
993 1338 1107 1368 Joannis
1128 1340 1316 1376 Chrysostomi
1345 1341 1456 1370 nomine
1476 1342 1640 1378 evulgatum,
1653 1347 1710 1370 αδ

928 1383 1106 1419 Lipomannd,
1120 1383 1220 1412 Davide
1240 1385 1405 1418 Hmschelio,
1430 1390 1457 1415 et
1484 1387 1554 1420 aliis,
1570 1387 1629 1423 ipse
1645 1395 1710 1423 pro-

927 1434 987 1465 pter
999 1430 1069 1458 banc
1085 1430 1241 1466 opinionem
1253 1431 1286 1460 de
1296 1431 1424 1468 Josepho,
1438 1436 1465 1460 et
1477 1441 1508 1460 re
1518 1434 1614 1461 uxoria
1623 1434 1710 1469 ipsius

927 1480 1063 1503 anteacta
1092 1480 1220 1512 tanquam
1246 1477 1385 1513 indignam
1409 1478 1616 1514 Chrysostomo,
1640 1478 1708 1506 Gre-

891 1539 911 1567 c
929 1521 1005 1556 gorio
1037 1520 1242 1558 Thaumaturgo
1274 1524 1396 1551 ascribit.
1426 1524 1587 1557 Considera,
1611 1525 1708 1556 lector.

929 1571 1046 1595 mentem
1076 1569 1194 1597 hominis
1222 1577 1355 1604 aversam,
1377 1578 1544 1606 perversam.
1570 1571 1708 1599 Assertio—

927 1621 1000 1646 nem,
1018 1621 1098 1649 quam
1114 1614 1221 1650 dignam
1237 1620 1329 1643 censet
1355 1619 1395 1643 tot
1419 1624 1451 1644 ac
1471 1617 1554 1644 tantis
1581 1617 1708 1646 Patribus

927 1659 1028 1688 Graecis
1046 1664 1073 1688 et
1097 1660 1209 1695 Latinis,
1240 1662 1379 1698 indignam
1397 1667 1476 1690 vocat
1499 1663 1705 1699 Chrysostomo.

928 1705 1022 1735 Sihoc
1037 1714 1160 1734 asserere
1189 1715 1244 1735 non
1275 1712 1318 1735 est
1342 1708 1536 1743 orthodoxum,
1549 1711 1596 1738 sed
1611 1718 1706 1746 parum

926 1752 1012 1787 pium,
1029 1757 1229 1787 portentosum,
1260 1754 1549 1788 impudentiusculum,
1565 1763 1598 1783 ac
1614 1756 1707 1784 minus

927 1802 1035 1826 cautum
1063 1799 1091 1826 in
1120 1799 1323 1834 Chrysostomo,
1350 1800 1487 1835 quomodo
1508 1801 1593 1836 pium,
1613 1802 1707 1830 ortho-

926 1843 1036 1875 doxum,
1056 1844 1186 1879 prudens,
1202 1850 1330 1878 cautum,
1343 1853 1375 1873 ac
1391 1846 1502 1874 minime
1517 1851 1706 1882 portentosum

927 1889 954 1915 in
969 1889 1186 1926 Gregorio?cgo,
1202 1899 1236 1918 ne
1248 1892 1275 1918 in
1292 1895 1332 1919 tot
1348 1890 1443 1920 Patres
1455 1892 1571 1927 injurius
1590 1901 1649 1922 esse
1665 1894 1707 1921 vi-

925 1934 1016 1966 derer,
1030 1935 1170 1963 redderem
1185 1936 1282 1964 Vossio
1310 1937 1392 1964 verba
1408 1945 1473 1970 sua;
1489 1939 1536 1966 sed
1561 1939 1644 1974 miid‘:
1668 1940 1706 1967 ita

925 1988 998 2008 nunc
1019 1989 1077 2008 mos
1098 1982 1184 2016 viget;
1201 1983 1237 2009 ita
1264 1990 1338 2010 nunc
1358 1983 1497 2012 servitium
1509 1988 1561 2016 est,
1584 1984 1706 2020 profecto

925 2027 1022 2054 modus
1038 2027 1131 2054 haberi
1147 2036 1202 2055 nou
1221 2033 1321 2063 potest.

959 2071 1039 2102 lbid.,
1055 2072 1103 2100 lin.
1115 2073 1159 2099 35.
1176 2074 1230 2100 Καὶ
1242 2074 1431 2109 όάρχιερεύς.
1447 2074 1595 2111 Gregorius
1607 2075 1706 2112 Nysse-

925 2127 993 2147 nus:
1010 2119 1077 2151 Τοὺς
1088 2119 1116 2145 δὲ
1126 2120 1207 2154 ἱερεῖς
1218 2120 1287 2153 τέως
1300 2121 1349 2156 μὲν
1360 2122 1420 2148 καθ’
1434 2122 1578 2159 ὁμοιότητα
1592 2123 1639 2150 τοῦ
1655 2124 1707 2151 Σα-

926 2164 1010 2201 μουὴλ
1023 2166 1050 2191 ὲν
1060 2166 1115 2196 τοῖς
1133 2165 1220 2199 ἁγίοις
1234 2166 1396 2202 ἀνατρέφειν
1406 2167 1454 2204 τὴν
1473 2169 1566 2198 παῖδα·
1581 2169 1706 2204 αὐξηθεί-

888 2205 912 2235 Ι)
925 2219 975 2246 σης
994 2211 1032 2242 δὲ,
1055 2211 1152 2247 βουλὴν
1173 2212 1295 2246 ἀγαγεῖν,
1321 2213 1334 2240 ὅ
1356 2222 1383 2240 τι
1405 2215 1563 2250 ποιήσαντες
1583 2215 1613 2241 τὸ
1636 2215 1706 2250 ἱερὸν

925 2257 1013 2284 ἐκεῖνο
1031 2257 1119 2292 σῶμα,
1143 2257 1202 2284 οὐκ
1215 2258 1247 2285 ἂν
1268 2259 1307 2289 εἰς
1322 2258 1366 2285 τὸν
1384 2259 1449 2286 Θεὸν
1466 2260 1652 2296 ἐξαμάρτοιεν.
1670 2261 1706 2287 Τὸ

927 2303 975 2338 μὲν
992 2302 1045 2338 γὰρ
1063 2302 1208 2336 ὐποζεῦξαι
1222 2303 1262 2338 τῷ
1276 2303 1350 2340 νόμῳ
1364 2305 1413 2340 τῆς
1430 2306 1546 2339 φύσεως,
1561 2307 1614 2333 nat
1624 2315 1707 2334 κατα-

924 2348 1055 2375 δουλῶσαι
1068 2349 1152 2385 αὑτὴν
1168 2349 1211 2376 διὰ
1228 2349 1272 2376 τοῦ
1285 2349 1372 2385 γάμου
1387 2350 1425 2385 τῷ
1442 2351 1567 2388 ἀγομένῳ
1577 2353 1630 2379 τῶν
1646 2353 1708 2380 ἀτο-

925 2394 1055 2421 πωτάτων
1073 2395 1169 2422 ἐδόκει.
1197 2395 1353 2432 Ἱεροσυλία,
1363 2396 1417 2432 γὰρ
1436 2396 1564 2433 ἄντικρυς
1577 2398 1706 2434 ἐνομίσθη

924 2439 996 2466 θείου
1010 2439 1183 2475 ἀναθήματος
1192 2440 1333 2475 ἄνθρωπον
1344 2441 1468 2474 γενέσθαι
1479 2442 1582 2477 κύριον.
1598 2444 1707 2479 Ἐπειδὴ

923 2484 1060 2520 κυριεύειν
1076 2486 1107 2511 ἐκ
1117 2485 1171 2512 τῶν
1185 2485 1272 2520 νόμων
1283 2486 1297 2512 ὁ
1308 2485 1377 2521 ἀνὴρ
1393 2486 1494 2521 ἐτάχθη
1507 2487 1556 2522 τῆς
1567 2488 1706 2522 γυναικός.

924 2529 960 2556 Τὸ
974 2529 1002 2556 δὲ
1015 2532 1070 2562 τοῖς
1087 2530 1205 2566 ἱερεῦσιν
1217 2530 1292 2563 ἐντὸς
1301 2531 1355 2559 τῶν
1365 2532 1520 2568 ἀνακτόρων
1532 2534 1709 2570 συναναστρέ-

923 2575 1020 2610 φεσθαι
1033 2578 1174 2610 γυναῖκας,
1191 2578 1237 2604 καὶ
1251 2578 1279 2604 ὲν
1289 2579 1345 2610 τοῖς
1361 2578 1449 2612 ἁγίοις
1464 2579 1577 2615 ὁρᾶσθαι
1587 2580 1648 2607 οὔτε
1662 2581 1707 2608 νό-

924 2628 1006 2654 μιμον
1015 2618 1059 2655 ἦν,
1072 2621 1117 2647 καὶ
1129 2621 1185 2656 ἆμα
1195 2622 1233 2657 τῷ
1244 2624 1386 2658 πράγματι
1397 2624 1436 2659 τῷ
1445 2624 1542 2660 σεμνὸν
1552 2625 1582 2651 οὐ
1591 2626 1705 2661 προσῆν.

922 2662 1130 2698 Βουλευομένοις
1151 2664 1178 2690 δὲ
1195 2665 1285 2696 αὐτοῖς
1304 2666 1481 2701 περὶτούτων
1498 2666 1588 2693 θεόθεν
1602 2667 1707 2701 γίνεται

923 2707 1060 2744 συμϐουλὴ
1075 2708 1164 2735 δοῦναι
1181 2709 1230 2744 μὲν
1240 2710 1324 2746 αὐτὴν
1337 2711 1413 2746 ἀνδρὶ
1426 2711 1572 2746 μνηστείας
1583 2711 1704 2747 ὀνόματι·

922 2753 1014 2780 τοῦτον
1030 2753 1058 2780 δὲ
1073 2753 1192 2781 τοιοῦτον
1203 2753 1283 2788 εἶναι,
1300 2752 1355 2783 οἷον
1367 2757 1435 2792 πρὸς
1448 2756 1569 2792 φυλακὴν
1581 2757 1630 2792 τῆς
1641 2765 1708 2793 παρ-

922 2798 1012 2830 θενίας
1034 2799 1193 2835 ἐπιτηδείως
1215 2800 1297 2836 ἔχειν.
1322 2801 1428 2837 Εὑρέίὶη
1447 2802 1536 2828 τοίνυν
1555 2803 1569 2829 ὀ
1596 2802 1705 2838 Ἰωσὴφ,

921 2841 975 2871 οἷον
994 2845 1118 2881 ἐπεζήτει
1138 2847 1151 2872 ὁ
1167 2845 1255 2880 λόγος,
1280 2847 1311 2874 ἐκ
1332 2847 1383 2882 τῆς
1405 2847 1488 2883 αὐτῆς
1511 2847 1597 2884 φυλῆς
1613 2857 1642 2875 τι
1661 2848 1706 2875 καὶ
