1900 3070
183 147 255 177 1655

851 143 972 171 LEONIS
989 141 1125 169 ALLATlI

1736 140 1811 167 10H

186 206 303 241 πατριᾶς
313 206 346 240 τῇ
361 204 499 240 Παρθένῳ,
515 204 561 230 καὶ
577 204 722 239 μνηστεύει
736 202 806 230 κατὰ
817 201 968 237 συμϐουλὴν
984 202 1007 229 Α
1020 199 1254 241 δυναστευόμενος,
1263 201 1300 233 ὼς
1314 202 1342 228 ἐν
1354 203 1386 236 τῇ
1398 201 1511 235 δυνάμει
1524 199 1606 227 αὑτοῦ
1621 197 1693 226 εἶναι
1710 197 1812 233 καινὴν

185 251 239 277 τῶν
257 250 349 285 ἱερέων
364 249 452 284 ἐαυτῷ
465 249 514 285 τὴν
530 249 620 277 παῖδα.
642 249 674 276 Ἦ
694 249 721 276 δὲ
739 249 869 283 συνάφεια
891 248 970 283 μέχρι

188 295 332 331 μνηστείας
356 293 401 331 ἦν.
427 295 492 322 Τότε
518 296 734 330 μυσταγωγεϊται
756 294 830 330 παρὰ
849 294 895 320 τοῦ
917 294 970 320 Γα-

187 341 266 378 ϐριὴλ
281 342 296 377 ἡ
309 341 454 376 Παρθένος.
474 341 533 368 Non
548 341 692 368 dissimilia
708 341 788 368 habet
800 340 969 375 Epiphanius

186 388 309 415 adversus
325 388 616 419 Antidicomarianitas,
633 391 659 414 ct
675 387 748 414 alibi.

221 435 344 466 001.775,
355 435 404 462 lin.
414 434 458 461 55.
471 434 525 460 Καὶ
535 433 716 460 καταλιπών.
724 432 775 459 Alii
785 440 841 459 rem
855 432 924 459 hanc
932 432 969 459 ita

186 486 308 506 narrant.
325 479 492 514 Desponsata
503 478 585 513 Virgo
601 478 760 514 parentibus
772 477 904 508 redditur,
920 477 968 512 qui

185 532 245 552 eam
270 525 379 552 domum
403 525 543 556 reducam,
556 528 582 551 et
596 532 656 560 quae
680 523 712 550 ad
731 524 838 551 futuras
859 524 968 558 nuptias

186 574 251 598 sunt
275 571 430 598 necessaria
455 574 614 605 praeparent.
639 569 719 596 Erant
741 569 877 604 sponsalia
893 569 968 604 ejus-

186 616 259 643 modi
277 616 348 651 apud
365 616 503 648 Hebrazos,
526 624 579 643 non
599 616 712 643 minoris
733 616 860 642 momenti
885 623 966 650 quam

185 662 252 696 ipsa;
270 662 382 697 nuptias,
399 666 428 689 ut
443 666 538 689 auctor
552 665 594 689 est
619 661 705 694 Philo,
720 662 742 689 si
757 661 865 696 quidem
881 662 907 688 in
923 669 968 688 so-

186 707 270 734 lemni
300 708 449 734 amicorum
472 711 605 734 conventu
636 707 726 733 mariti
747 707 893 742 uxorisque
918 714 967 732 no-

186 753 258 780 mina
274 753 464 780 scribebantur
485 753 510 779 in
528 752 637 784 tabulis,
651 757 678 779 et
693 751 715 778 si
731 752 795 786 quid
825 760 924 787 sponsa
939 752 966 778 in

184 799 265 826 domo
275 803 386 834 paterna
412 807 525 826 manens
552 799 721 834 deliquisset,
737 806 813 833 aeque
831 798 966 832 plecteba-

183 850 238 877 tur,
257 852 289 872 ac
305 849 402 880 nupta;
420 848 449 871 ut
466 845 599 879 lapidibus
618 845 790 875 obrueretur,
807 845 829 871 si
840 844 965 871 adulterii

183 891 345 918 reainventa
359 895 439 918 esset.
453 890 563 918 Mariam
583 895 674 918 autem
688 891 812 917 nuntium
826 890 859 916 ab
870 890 965 924 angelo

183 938 346 973 suscepisse,
363 937 426 964 dum
452 938 540 964 adhuc
561 942 681 964 maneret
702 938 728 964 in
747 937 827 964 domo
843 942 964 971 paterna.

218 983 276 1010 Col.
292 983 352 1017 776,
368 983 414 1010 lin.
425 983 451 1010 3.
468 984 519 1010 Ἐν
530 981 574 1016 οἷς
588 984 637 1011 καὶ
650 984 711 1010 τόν.
723 983 826 1010 Similia
838 983 870 1010 de
882 991 965 1010 causa

182 1029 257 1057 necis
273 1029 412 1056 Zacharias
428 1030 554 1065 leguntur
574 1030 645 1065 apud
671 1029 781 1057 Petrum
806 1030 965 1066 episwpum

182 1075 394 1103 Alexandrinum
410 1079 437 1102 et
460 1080 605 1111 martyrem
623 1076 652 1103 in
667 1075 726 1104 suis
753 1075 859 1110 Regalis
884 1075 965 1101 eccle-

181 1121 312 1152 siasticis,
334 1128 402 1155 quas
419 1121 519 1156 recepit
542 1125 623 1156 atque
641 1120 766 1156 probavit
787 1124 862 1148 sexta
887 1127 964 1155 syno-

181 1167 243 1198 dus,
260 1174 321 1201 cap.
338 1167 363 1198 i,
376 1167 446 1201 apud
463 1165 635 1194 Theodorum
652 1166 851 1194 Balsamonem.

216 1212 297 1244 Ibid.,
313 1213 361 1239 lin.
378 1213 421 1239 51.
438 1214 498 1240 οὐκ
514 1211 605 1246 εἶδον,
618 1213 644 1239 εὶ
655 1212 697 1247 μὴ
715 1212 746 1238 τὸ
764 1210 804 1239 αἶ.
822 1211 965 1239 Tertullia-

182 1266 244 1290 uus,
262 1259 288 1286 in
305 1259 458 1292 Scorpiaco,
475 1267 534 1294 cap.
558 1259 575 1286 8
592 1269 598 1286 :
621 1258 767 1286 Zacharias
787 1258 859 1284 intra
881 1257 966 1284 altare

181 1310 205 1330 et
223 1303 304 1330 cedem
326 1304 486 1336 trucidatur,
513 1311 635 1338 perennes
659 1304 760 1330 cruoris
784 1304 825 1330 sui
847 1306 964 1329 maculas

182 1349 299 1376 silicibus
311 1351 450 1385 assignans
462 1358 472 1382 ;
485 1354 512 1377 et
526 1350 659 1377 Baronius
677 1350 783 1382 scribit,
800 1358 828 1377 se
842 1350 966 1384 aliquan—

183 1397 218 1427 do
236 1396 363 1423 incidisse
379 1397 405 1423 in
428 1396 569 1431 antiquum
592 1395 712 1423 codicem
730 1404 811 1422 manu
832 1396 964 1430 scriptum

185 1442 302 1478 positum
325 1442 351 1469 in
370 1438 531 1469 bibliotheca
549 1441 679 1468 Vaticana
696 1441 734 1468 De
757 1441 965 1475 peregrinatione

184 1488 218 1515 ad
243 1488 300 1515 loca
319 1493 411 1515 sancta
427 1496 436 1515 :
461 1489 488 1515 in
504 1495 558 1523 quo
574 1487 668 1515 eadem
694 1487 727 1515 de
749 1487 886 1514 Zacharim
902 1495 965 1515 san-

182 1534 265 1570 guine
281 1534 416 1569 lapidibus
439 1534 531 1569 templi
557 1534 692 1561 indelebili
717 1537 781 1560 nota
806 1534 963 1566 inhaerente,
978 1550 999 1579 ο

183 1584 257 1607 certa
278 1580 329 1617 llde
344 1580 503 1614 consignata
523 1583 611 1607 erant.
629 1579 800 1606 ltinerarium
817 1580 880 1606 item
896 1579 964 1606 Bur-

182 1626 346 1660 t-zgalense:
364 1625 396 1652 In
417 1634 548 1652 marmore
563 1630 624 1652 ante
645 1634 719 1652 arum
733 1626 885 1662 sanguinem
905 1625 966 1651 Za-

183 1670 291 1703 tltariaz,
305 1671 341 1696 ibi
354 1671 427 1697 dicas
442 1670 518 1697 hodie
532 1671 631 1705 fusum,
647 1671 727 1697 etiam
750 1675 841 1704 parent
859 1671 965 1705 vestigia

183 1715 310 1746 militum,
325 1716 369 1750 qui
383 1724 441 1742 eum
457 1716 622 1742 trucidarunt
635 1717 661 1742 in
680 1720 760 1742 totam
777 1724 865 1742 aream
879 1720 966 1750 utpote

184 1762 211 1787 in
224 1769 283 1788 cera
292 1761 375 1796 ﬁxum
387 1769 452 1789 esse.
465 1761 625 1798 Hippolytus
641 1761 786 1789 Thebanus
799 1762 825 1788 in
838 1761 966 1789 Chronico

184 1807 263 1835 aliter
275 1807 309 1835 de
321 1812 405 1836 morte
419 1807 570 1840 Zacharize;
589 1809 626 1835 ait
636 1809 707 1835 enim
719 1817 791 1840 cum,
805 1809 868 1835 dum
882 1809 967 1835 sacris

184 1859 342 1888 operaretur
349 1854 382 1880 de
389 1862 464 1881 more
473 1854 606 1889 lapidibus
613 1854 693 1888 jactis
702 1854 864 1881 trucidatum
871 1854 965 1886 fuisse,

185 1906 354 1939 corporaque
374 1905 480 1934 raptato
504 1902 531 1927 in
548 1901 618 1927 valle
633 1899 764 1935 Josaphat
779 1908 940 1938 suspensum
957 1909 964 1926 :

191 1945 234 1971 Ἑν
251 1945 305 1979 γὰρ
319 1946 357 1980 τῷ
374 1945 521 1981 lepus-351v
536 1945 616 1972 αὑτὸν
641 1946 711 1972 κατὰ
735 1946 765 1972 τὸ
788 1946 880 1978 εἰωθὸς
894 1946 967 1981 αὐτῷ

184 1990 404 2025 λιθοϐολήσαντες
423 1992 513 2023 αὐτὸν,
532 1991 579 2018 καὶ
599 1993 817 2027 κροταφήσαντες
840 1992 966 2018 ἀπέκτει-

184 2043 247 2062 ναν·
264 2036 310 2062 καὶ
328 2036 459 2070 σύραντες
479 2036 634 2072 ἐκρέμασαν
647 2037 727 2063 αὑτὸν
740 2038 779 2068 εἰς
793 2037 841 2072 τὴν
857 2037 967 2064 κοιλάδα

183 2080 230 2107 τοῦ
251 2080 393 2114 Ἰωσαφάτ.
411 2081 592 2116 Hieronymus
607 2082 657 2109 hoc
676 2083 844 2117 simplicitati
858 2084 969 2111 creden-

183 2128 251 2154 tium
270 2126 360 2162 potius
371 2127 476 2157 tribuit.
491 2135 571 2161 quam
593 2128 698 2155 veritati
719 2129 840 2156 historia)
855 2130 881 2156 in
896 2129 968 2156 Mat-

183 2174 246 2200 thmi
261 2181 328 2201 xxm
343 2183 350 2201 ;
370 2173 548 2208 Simpliciores
563 2174 660 2208 fratres
679 2175 746 2202 inter
763 2176 854 2202 ruinas
867 2177 965 2211 templi,

1021 246 1146 282 γέννησιν
1158 247 1189 282 δη
1194 248 1367 283 μιουργῆσαι,
1373 248 1433 282 ἥτις
1440 248 1489 283 τὴν
1496 247 1646 282 γενομένην
1659 245 1769 281 μητέρα
1777 244 1811 270 τὸ

1021 290 1089 319 εἶναι
1113 293 1244 329 παρθένον
1257 294 1307 320 οὐκ
1333 293 1523 329 ἀφαιρήσεται.
1547 292 1596 319 Διά
1615 291 1695 318 τοῦτο
1719 291 1813 325 αὐτὴν

1019 339 1069 364 οὐκ
1083 338 1212 374 ἀπέκρινε
1228 339 1266 374 τῷ
1281 338 1336 373 ναῷ
1354 339 1400 365 τοῦ
1417 338 1504 374 χώρου
1518 338 1571 364 τῶν
1584 337 1735 372 παρθένων.
1750 335 1811 363 Ἦν

1019 384 1046 410 δὲ
1065 385 1079 411 ὁ
1095 385 1176 416 τόπος
1191 382 1267 416 οὗτος
1282 386 1313 411 τὸ
1331 385 1429 419 μεταξὺ
1451 384 1497 411 τοῦ
1512 384 1576 410 ms
1596 384 1644 410 καὶ
1657 383 1811 417 Gnatam-1:-

1022 429 1078 464 ρίου
1095 429 1239 464 διάστημα.
1261 429 1367 465 Ἐπειδὴ
1383 428 1429 455 οὖν
1443 430 1539 464 ἢκουον
1555 428 1668 463 βασιλέα
1681 428 1728 463 τῆς
1742 428 1811 454 κτε-

1021 482 1088 505 asto;
1104 476 1143 506 si;
1150 475 1274 509 γέννησιν
1281 475 1451 510 ἀνθρωπίνην
1461 474 1638 509 οἰκονομικῶς
1650 473 1809 509 προελθεῖν,

1019 519 1094 554 φόϐῳ
1110 520 1140 546 τὸ
1162 521 1198 556 μὴ
1217 520 1340 554 γενέσθαι
1364 521 1466 556 βασιλεῖ
1482 520 1642 555 ὑποχείριοι,
1663 520 1708 546 τὴν
1732 528 1811 555 μαρ-

1018 566 1150 600 τυροῦντα
1164 566 1249 593 ταῦτα
1265 567 1327 603 περὶ
1342 567 1388 593 τοῦ
1405 567 1482 592 τόκου
1504 566 1722 602 διαχειρίζονται,
1734 566 1811 601 πρὸς

1019 611 1092 646 αὐτῷ
1116 611 1299 647 θυσιαστηρίῳ
1321 613 1365 638 τὸν
1387 612 1462 646 ἱερέα
1490 612 1726 647 ἱερουργήσαντες.
1753 611 1811 637 Ea-

1017 655 1078 682 dem
1101 656 1181 684 habet
1199 655 1341 690 Origenes,
1358 657 1386 683 in
1405 655 1502 683 Matth.
1524 660 1605 683 tract.
1632 656 1679 686 2'3,
1700 656 1810 691 Grego-

1017 701 1075 728 rius
1089 700 1238 735 Nyssenus,
1263 700 1378 728 Basilius
1401 705 1427 728 et
1444 701 1499 727 alii.
1515 700 1547 727 Et
1568 700 1601 728 de
1617 708 1650 728 eo
1671 701 1806 735 intelligit

1018 746 1232 781 Hicronymusin
1241 745 1337 773 Matth.
1349 754 1408 781 cap.
1422 754 1499 778 χχιιι,
1511 747 1571 773 libr.
1586 746 1811 773 tvaliiZacha-

1017 793 1085 819 riam
1101 797 1200 827 putrem
1221 792 1333 820 Joannis
1357 792 1469 827 intelligi
1485 792 1573 819 volunt
1588 800 1620 819 ea:
1640 792 1804 826 quibusdam

1017 838 1230 873 Apacryplmrum
1246 838 1355 865 somniis
1374 837 1557 873 approbantes,
1574 838 1642 872 quod
1666 843 1809 872 propterea

1019 884 1121 911 occisus
1143 885 1187 917 sit,
1202 885 1264 919 quia
1287 884 1434 911 Saluatoris
1448 884 1630 919 prardicaverit
1650 884 1808 911 adventant.

1021 930 1078 957 lloc
1093 931 1154 966 quia
1169 930 1200 958 de
1215 931 1361 965 Scripturis
1375 939 1425 957 non
1449 930 1524 957 habet
1548 931 1742 957 auctoritatem.
1759 938 1810 956 ea-

1018 975 1075 1002 dem
1099 975 1228 1010 facilitate
1251 975 1436 1006 contemnitur,
1456 983 1508 1010 qua
1521 976 1661 1008 probatur.
1685 975 1810 1002 Consule

1018 1027 1148 1056 praeterea
1166 1021 1358 1057 Epiphaniam,
1386 1021 1425 1048 De
1450 1022 1496 1048 rit.
1517 1026 1542 1048 et
1562 1022 1638 1047 inter.
1666 1020 1808 1054 Prophet.,

1018 1075 1078 1102 cap.
1097 1067 1143 1094 25.

1058 1123 1142 1156 lbid.,
1170 1125 1218 1151 litt.
1248 1123 1291 1151 50.
1317 1124 1470 1158 Διακρίνας
1491 1124 1636 1157 ὀνείρατα.
1667 1122 1808 1156 Justinus,

1019 1169 1122 1197 Ilistor.
1139 1169 1200 1196 libr.
1216 1177 1315 1196 xxxvt:
1333 1169 1458 1197 Mittimus
1473 1174 1550 1195 a'tate
1566 1169 1633 1195 inter
1645 1169 1738 1203 fratres
1754 1168 1810 1196 1,-

1018 1216 1079 1249 seph
1103 1216 1174 1250 fuit:
1191 1216 1265 1249 cujus
1289 1216 1417 1242 excellens
1444 1215 1575 1250 ingenium
1594 1215 1669 1241 veriti
1694 1216 1808 1249 fratres.

1018 1262 1087 1288 clam
1113 1262 1284 1294 interceptth
1307 1261 1451 1295 peregrinis
1477 1259 1666 1286 mercatoribus
1683 1261 1809 1287 vendide-

1017 1312 1088 1334 runt.
1101 1307 1121 1334 Α
1138 1307 1229 1344 quibus
1242 1307 1392 1341 deportatus
1404 1312 1441 1334 est
1455 1307 1482 1333 in
1493 1306 1658 1341 Aigyptum;
1675 1314 1732 1332 cum
1745 1315 1811 1333 ηια-

1017 1354 1088 1389 gicas
1109 1354 1144 1380 ibi
1161 1359 1230 1380 artes
1259 1354 1349 1380 solerti
1369 1354 1470 1388 ingenio
1489 1354 1653 1386 percepisset,
1668 1352 1736 1379 brevi
1753 1353 1808 1386 ipsi

1019 1400 1072 1434 regi
1093 1399 1233 1434 percltarus
1250 1399 1308 1433 fuit.
1332 1398 1402 1425 Nam
1417 1406 1438 1425 et
1458 1398 1637 1432 prodigiorum
1659 1400 1808 1432 sagacissi-

1018 1454 1076 1472 mus
1092 1450 1160 1476 erat,
1173 1450 1197 1471 et
1211 1446 1370 1471 somniorum
1384 1445 1482 1479 prinms
1500 1444 1698 1478 intelligentiam
1713 1445 1810 1471 condi-

1018 1491 1066 1522 dit,
1078 1491 1192 1526 nihilque
1206 1491 1287 1518 dit-ini
1299 1491 1369 1524 juris
1385 1490 1540 1525 humanique
1554 1491 1577 1516 ei
1593 1491 1753 1524 incognitum
1768 1491 1810 1517 vi-

1018 1536 1149 1568 debatur;
1165 1537 1229 1563 adeo
1253 1541 1281 1563 ut
1307 1537 1386 1563 etiant
1407 1537 1572 1562 sterilitatem
1595 1545 1720 1571 agrorum
1743 1543 1810 1564 ante

1017 1583 1112 1608 multos
1129 1591 1210 1608 annos
1226 1582 1364 1616 providerit
1377 1590 1384 1613 ;
1399 1582 1557 1616 perissetque
1572 1583 1657 1608 omnis
1671 1581 1809 1616 Egyptus

1018 1627 1088 1662 fame
1102 1627 1154 1654 nisi
1167 1629 1266 1653 monitu
1291 1627 1347 1661 ejus
1363 1635 1406 1654 rex
1428 1627 1512 1653 edicto
1527 1628 1627 1654 servari
1640 1635 1686 1661 per
1707 1628 1809 1655 multos

1018 1682 1101 1700 annos
1123 1673 1209 1707 fruges
1225 1673 1371 1706 jussisset,
1399 1677 1523 1706 tantaque
1545 1674 1722 1707 experimenta
1743 1674 1806 1708 ejus

1019 1719 1133 1751 fuerunt,
1150 1723 1177 1744 ut
1194 1726 1244 1744 non
1262 1717 1293 1743 ab
1311 1717 1423 1749 homine,
1437 1718 1480 1744 sed
1498 1727 1513 1743 a
1528 1717 1580 1744 Deo
1597 1726 1725 1752 responsa
1742 1718 1809 1745 dari

1020 1764 1175 1791 riderentur.
1197 1763 1249 1790 Sed
1265 1763 1328 1796 quid
1355 1763 1428 1790 aliud
1453 1763 1488 1789 ab
1505 1763 1614 1790 homine
1628 1772 1642 1789 a
1659 1763 1711 1790 ﬁde
1726 1764 1810 1791 Chri-

1019 1811 1107 1838 stiana
1126 1811 1214 1837 alit-no
1233 1809 1347 1844 fideique
1368 1809 1470 1835 lumine
1491 1809 1622 1836 destituto
1639 1814 1810 1844 exspectan-

1020 1857 1083 1883 dum
1101 1859 1169 1888 erat,
1186 1863 1266 1890 quam
1281 1854 1403 1890 prodigia
1425 1855 1515 1881 divina
1539 1855 1649 1887 virtute,
1669 1856 1809 1890 impulsi.-

1019 1909 1071 1937 qne
1086 1905 1194 1936 peracta
1208 1901 1234 1927 in
1247 1901 1379 1927 humanas
1389 1901 1596 1934 superstitiones
1609 1901 1812 1937 illusionesque

1020 1947 1172 1974 dminonuzn
1197 1945 1317 1981 referre?
1338 1944 1448 1972 Fatetur
1466 1950 1555 1972 tamen
1572 1946 1630 1980 ipse
1651 1947 1809 1980 veritatem,

1022 1992 1141 2019 veritatis
1159 1992 1278 2027 ignarus.
1295 1989 1316 2017 Ο
1334 1991 1387 2017 vim
1406 1991 1529 2017 veritatis
1547 1991 1664 2018 rationis
1682 1992 1810 2019 humane

1021 2038 1167 2065 asseclam!
1187 2039 1258 2068 quod
1275 2041 1334 2065 erat
1358 2036 1456 2063 divina:
1474 2037 1602 2070 potentiae
1619 2037 1717 2064 tribuit
1737 2038 1810 2064 invi-

1021 2087 1074 2110 tus.
1100 2082 1154 2109 Alii
1179 2082 1240 2109 aliis
1265 2081 1436 2108 somniorum
1457 2081 1700 2116 interpretationes
1721 2083 1809 2110 ascri-

1020 2129 1106 2156 bunt:
1125 2127 1203 2154 Philo
1229 2127 1348 2154 Biblieus
1364 2127 1538 2160 Abrahamo;
1558 2127 1664 2155 Plinius
1690 2128 1738 2155 lib.
1757 2137 1807 2161 ni,

1021 2175 1201 2209 Atnphitrioni
1220 2173 1392 2200 Deucalionis
1411 2173 1480 2205 lilio;
1497 2173 1623 2205 Clemens
1643 2175 1811 2202 Alexandri-

183 2225 207 2246 ει
222 2220 329 2252 altaris,
347 2221 399 2247 sive
413 2221 439 2247 in
453 2226 591 2255 portarum
607 2222 730 2253 exitibus,
749 2223 793 2256 qui
806 2222 904 2250 Siloam
919 2223 968 2249 du-
983 2227 1007 2256 D
1022 2229 1073 2248 nus
1091 2219 1261 2248 Terruissazis
1277 2220 1384 2254 pupulis
1398 2219 1496 2254 Lyciae.

184 2271 256 2297 cunt,
272 2266 352 2293 rubra
376 2274 443 2293 saxa
464 2271 657 2299 monstrantes,
683 2266 821 2295 Zachariae
843 2270 969 2304 sanguine

183 2317 276 2347 putant
287 2321 344 2340 esse
356 2314 468 2348 polluta.
490 2313 550 2340 Non
570 2313 772 2341 condemnemus
788 2323 913 2348 errarent,
926 2317 970 2351 qui

184 2359 216 2386 de
229 2359 288 2386 odio
304 2360 458 2387 Judwowm
472 2365 496 2387 et
509 2359 571 2395 ﬁdei
581 2361 677 2394 pietate
689 2360 831 2388 descendit.

220 2404 302 2443 lbid.,
314 2406 362 2432 lin.
387 2406 430 2433 58.
458 2406 553 2440 Ἀλλη
581 2405 614 2432 δέ
632 2415 676 2439 τις
702 2407 828 2440 templa.
851 2405 970 2442 Cyrillus

184 2450 396 2482 Alexandrinus,
422 2450 546 2477 adversus
572 2449 970 2486 ΑιιιΙινοροηιονρΙιίιαεῖΟὗτος

184 2496 273 2524 τοίνυν
287 2497 301 2523 ὁ
310 2496 348 2532 τῷ
363 2497 524 2532 προφητικῷ
541 2497 679 2532 Πνξύματι
694 2497 761 2532 πρὸς
774 2497 822 2532 τὴν
833 2497 886 2523 τῶν
895 2506 971 2533 1,κρυ-

186 2543 260 2568 πτῶν
266 2543 367 2577 γνῶσιν
373 2543 636 2578 χειραγωγούμενος,
647 2543 676 2569 τὺ
689 2544 835 2579 μυστήριον
842 2545 891 2579 τῆς
899 2553 970 2579 παρ-

186 2587 274 2620 θενίας
290 2589 337 2614 ἐπὶ
351 2588 396 2615 τοῦ
414 2589 532 2624 ἁφθόρου
560 2589 639 2615 τόκου
658 2591 836 2624 κατανοήσας,
855 2592 885 2621 οὺ
907 2599 972 2617 κατ-

187 2633 278 2669 έγρινε
297 2633 336 2669 τῷ
355 2634 410 2669 ναῷ
433 2635 479 2660 τοῦ
498 2636 554 2667 τοῖς
577 2633 723 2670 παρθένοις
746 2635 814 2662 κατὰ
830 2636 875 2662 τὸν
891 2637 971 2671 νόμον

186 2679 450 2715 ἀτοκεκληρωμὲνου
467 2680 550 2706 τόπου
565 2681 614 2716 τὴν
627 2680 764 2714 πάναγνον
786 2681 893 2717 μητέρα
903 2690 909 2697 ·
932 2682 968 2708 δι-

187 2723 294 2750 δάσκων
310 2725 372 2756 τοὺς
393 2726 544 2757 Ἰουδαίους,
562 2726 602 2752 ὅτι
621 2727 635 2752 ὁ
650 2727 704 2753 τῶν
723 2726 790 2753 ὅλων
808 2727 972 2763 δημιουργὸς

188 2769 235 2794 καὶ
251 2768 374 2803 βασιλεὺς
389 2770 478 2806 πάσης
495 2771 610 2803 κτίσεως
633 2772 787 2807 ὑποχείριον
812 2773 866 2807 ἔχει
884 2773 972 2808 ἑαυτῴ

191 2812 258 2847 μετὰ
283 2813 391 2840 πάντων
405 2815 456 2849 τὴν
469 2815 641 2851 ἀνθρωπίνην
655 2816 746 2851 φύσιν,
764 2817 802 2852 τῷ
820 2818 875 2852 ἰδίῳ
892 2818 971 2853 θελή-

192 2868 254 2898 μλητι
271 2859 338 2896 πρὸς
363 2860 393 2886 τδ
415 2860 507 2886 δοκοῦν
524 2861 607 2895 ἄγων,
635 2862 683 2888 οὐκ
705 2863 849 2893 sitting-51:15
872 2864 972 2898 ταύτης

1056 2266 1115 2293 Col.
1141 2265 1207 2296 777,
1236 2266 1284 2292 lin.
1306 2265 1351 2292 53.
1379 2266 1527 2299 Πρότερον
1550 2265 1693 2293 ἕκαστον.
1719 2265 1809 2293 Verba

1020 2317 1157 2348 postrema
1185 2310 1279 2338 Jacobi
1299 2311 1331 2338 ad
1355 2311 1426 2338 ﬁlios
1455 2311 1481 2338 in
1506 2311 1595 2339 vicina
1624 2316 1713 2339 morte
1734 2312 1809 2339 dicta

1020 2366 1088 2386 usus
1103 2357 1222 2384 obtinuit.
1237 2361 1266 2383 ut
1289 2357 1492 2384 heuedictiones
1514 2362 1689 2384 vocarentur.
1706 2357 1808 2384 Verum

1021 2404 1192 2435 Ambrosius,
1205 2403 1251 2432 lib.
1270 2402 1305 2429 De
1322 2403 1448 2429 benedict.
1460 2402 1619 2436 patriam/1.,
1629 2409 1656 2430 et
1671 2402 1807 2433 Bullinus.

1020 2451 1068 2478 lib.
1089 2450 1210 2484 ejusdem
1229 2450 1318 2485 tituli;
1334 2455 1360 2476 et
1375 2449 1572 2481 Theodorctus,
1588 2453 1688 2484 quaest.
1706 2450 1756 2476 ult.
1781 2451 1808 2476 in

1022 2496 1127 2527 (ἱειιεειη
1150 2503 1204 2522 non
1221 2494 1426 2522 benedictiones
1443 2494 1570 2526 illas,scd
1580 2494 1672 2530 potius
1690 2495 1810 2530 prophe-

1021 2543 1074 2570 tias
1091 2551 1144 2568 non
1161 2542 1220 2568 sine
1237 2542 1342 2568 ratione
1356 2540 1504 2575 appellant.

1059 2588 1140 2618 lbid.,
1155 2587 1202 2614 liti.
1221 2586 1264 2613 55.
1284 2586 1339 2612 Καὶ
1354 2585 1410 2619 τὴν
1423 2585 1482 2619 μὲν
1501 2586 1654 2619 εὐλογίαν.
1675 2585 1810 2622 Hierony-

1022 2641 1092 2661 tnus.
1107 2633 1251 2669 Qutvstion.
1262 2632 1397 2658 Hebraicis
1413 2632 1438 2658 in
1451 2630 1556 2663 Cenes.,
1567 2631 1646 2664 verba
1659 2630 1754 2659 Jacobi
1773 2632 1809 2659 ita

1022 2680 1138 2714 explicat
1152 2687 1158 2704 :
1174 2679 1223 2709 Tu.
1237 2678 1370 2711 Ruben,es
1380 2679 1568 2713 primogenita:
1583 2687 1667 2709 meus,
1678 2679 1768 2713 major
1783 2679 1810 2705 in

1023 2725 1122 2758 liberis,
1134 2730 1157 2751 et
1172 2725 1278 2752 sedebas
1289 2725 1373 2760 juxta
1395 2724 1512 2752 ordinem
1533 2725 1683 2753 nativitatis
1701 2730 1764 2757 tum,
1787 2730 1810 2751 et

1023 2771 1212 2803 han-editatent,
1225 2779 1283 2806 qua:
1295 2771 1473 2805 primogenitis
1482 2771 1543 2805 jure
1555 2770 1710 2803 debebatur,
1723 2779 1807 2798 sacer-

1023 2818 1124 2844 dotium
1137 2817 1234 2844 scilicet
1249 2821 1273 2844 et
1289 2825 1395 2852 regnum
1415 2817 1530 2850 accipere
1541 2816 1668 2843 debebas.
1688 2816 1738 2843 hoc
1750 2817 1807 2850 qui-

1024 2864 1080 2891 dem
1101 2865 1125 2890 in
1146 2864 1276 2898 portando
1294 2872 1380 2897 onere,
1397 2869 1421 2890 et
1435 2863 1578 2899 pravalido
1593 2865 1686 2890 robor:
1702 2863 1810 2892 denunt
