1900 3070
211 124 279 151 1017

893 125 1016 154 LEONIS
1028 127 1164 156 ALLATII

1775 132 1845 158 1048

209 193 264 218 res,
281 188 440 218 secundum,
459 186 595 214 aediﬁcare
607 187 689 215 urbes
705 187 822 219 Pithom.
835 192 861 215 et
882 188 987 216 Rames‘

1047 190 1160 225 σόμενον
1177 191 1285 219 ἄπωθεν
1311 193 1417 220 ἑστῶσα
1430 193 1476 220 τοῦ
1491 194 1584 225 παιδὸς
1603 195 1620 229 ὴ
1635 194 1757 228 ἀδελφή.
1777 195 1845 222 Ele-

210 238 264 261 ses.
284 231 393 258 tertium
414 231 504 259 Nilum
522 232 549 259 in
569 232 658 260 fossas
679 233 814 261 deducere
830 234 862 261 ad
879 235 995 270 irrigan-

209 276 273 303 dum
288 276 458 312 singulorum
475 284 567 313 agros,
583 282 610 305 et
626 284 712 313 prata,
732 279 875 314 fossasque
891 280 996 315 aggeri-

209 322 260 350 bus
279 322 399 358 cingere.
419 322 556 359 Josephus
573 324 685 352 insanas
707 325 926 353 substructiones
941 326 994 362 Py-

209 369 341 396 ramidum
355 370 450 397 tribuit
463 369 593 398 Hebraeis.
606 370 761 406 Artapanus
772 371 886 399 εΤοῦτον
900 373 928 400 δὲ
940 374 995 404 τοῖς

215 415 350 446 Ἰουδαίοις
373 415 482 450 φαύλως
502 417 720 454 προσφέρεσθαι·
744 418 790 444 καὶ
815 418 922 454 πρῶτον
945 419 994 454 μὲν

206 460 256 496 τὴν
270 461 378 488 Κεσσὰν
394 463 578 499 οἰκοδομῆσαι,
605 464 635 491 τό
648 472 677 490 τε
694 465 738 490 ἐπ’
752 465 820 500 αὐτῇ
838 465 910 501 ἱερὸν
927 465 993 493 καθα

209 506 375 542 ιδρύσασθαι,
388 505 446 534 εἶτα
461 508 506 534 τὸν
520 510 548 535 ὲν
569 509 736 536 Ἡλιουπόλει
749 511 811 537 ναὸν
824 512 994 538 κατασκευά-

208 560 262 579 σαι.
277 551 395 587 Cyrillus
411 552 607 589 Glaphyrorum
628 555 654 581 in
666 554 758 589 Exod.
769 555 815 582 lib.
830 564 838 583 ι
853 565 860 583 :
877 556 906 583 ὐ
921 556 949 583 δὲ
961 556 993 592 δὴ

207 597 357 625 κακοῦσθαι
376 599 475 634 τρόπος
492 598 525 635 ἦν
539 601 553 626 ὀ
568 601 614 627 ἐπὶ
641 601 793 633 σκαπάναις
814 601 903 637 ἱδρὼς,
918 602 994 629 πλιν-

208 641 321 677 θουργία
338 643 432 679 μακρὰ
451 645 498 671 καὶ
515 645 628 680 ἄμισθος
648 647 694 672 καὶ
713 647 766 682 μὴν
781 647 827 673 καὶ
843 647 873 673 τὸ
890 647 993 674 ἀναδεί-

208 688 309 723 μασθαι
325 689 416 721 πόλεις
439 690 539 726 ὀχυρὰς
556 690 594 726 τῷ
611 691 722 727 Φαραὼ,
742 693 865 719 τουτέστι
888 702 993 728 πεπυρ-

207 734 344 770 γωμένας,
362 735 379 771 ἦ
396 735 481 767 οὕτως
501 737 609 773 εὐρείας
632 738 678 764 καὶ
699 739 817 773 μακρὰς.
834 739 872 770 ὡς
894 739 992 775 κομιδῆ

206 781 266 812 ταῖς
281 780 373 813 ἄλλαις
399 779 467 808 εἶναι
492 782 588 816 δοκεῖν,
611 783 655 810 διὰ
677 784 781 820 πληθὺν
804 785 924 821 δηλονότι
938 785 992 812 τῶν

206 827 392 862 ἑνῳκηκότων.
406 828 494 855 Πειθὼ
507 828 535 855 δὲ
546 827 615 865 ἦσαν
625 838 672 857 και
694 830 844 867 Ῥαμεσσῆ,
857 832 904 858 καὶ
913 831 990 859 ἄλλαι

1047 236 1186 264 chielus...
1200 238 1236 264 Οὐ
1252 238 1370 265 λαθοῦσα
1383 239 1411 266 δὲ

1087 293 1276 330 ξΥπεξέθηκε.
1293 296 1408 329 κόσμον
1421 295 1581 330 ἀμφιθεῖσά
1589 305 1642 330 μοι

1079 329 1152 362 Hap‘
1166 329 1240 363 ἄκρα
1252 331 1384 363 ποταμοῦ
1399 329 1510 358 λάσιον
1519 333 1561 363 εὶς
1571 331 1642 364 ἓλος
1651 333 1750 364 βαθύ.

1080 364 1197 399 Μαριὰμ
1210 364 1235 390 δ’
1253 365 1367 401 ἀδελφή
1380 375 1440 401 μου
1455 366 1641 393 κατώπτευεν
1656 367 1769 400 πέλας.

1045 419 1145 448 Fusius
1160 421 1218 448 haec
1232 423 1322 450 omnia
1334 422 1423 451 Philo.

1079 466 1160 499 lbid.,
1176 468 1223 494 liti.
1238 469 1282 495 Η.
1299 469 1352 497 Καὶ
1364 470 1382 503 ἡ
1395 469 1523 505 θυγάτηρ
1538 471 1590 498 τοῦ
1605 472 1658 499 Φα.
1680 471 1790 499 Eadem
1805 473 1842 500 le-

1044 516 1145 547 guntur
1163 513 1233 547 apud
1245 513 1428 546 Ezechielum,
1442 515 1594 548 Philonem,
1603 515 1773 551 Josephum,
1785 517 1842 546 Cie

1044 561 1161 585 mentem
1179 559 1404 592 Alexandrinum,
1419 565 1445 588 et
1458 562 1537 590 alios.

1077 602 1156 635 lbid.,
1169 604 1216 632 liti.
1225 605 1270 633 44.
1286 606 1454 641 Ἀποροῦσα
1461 608 1746 643 παιδός.Αη3ρεηυς
1757 618 1766 636 :
1775 609 1841 636 Τοῦ-

1042 658 1087 676 τον
1095 650 1123 676 δὲ
1128 650 1255 686 γεννῆσαι
1261 650 1395 688 θυγατέρα
1403 653 1518 690 Μέρριν.
1528 654 1561 690 ἢν
1568 655 1696 691 Χενεφρῇ
1706 664 1764 682 τινι
1775 664 1841 682 κατ-

1043 697 1185 732 εΠυῆσαι,
1201 697 1255 724 τῶν
1276 698 1347 734 ὑπὲρ
1360 698 1469 734 Μέμφιν
1476 700 1564 727 τόπων
1573 701 1757 736 βασιλεύοντι.
1772 701 1840 728 [Ιολ-

1042 741 1104 774 λοὺς
1111 743 1164 777 γὰρ
1172 743 1230 769 τότε
1239 743 1289 778 τῆς
1296 744 1433 778 Αἰγύπτου
1443 745 1603 780 βασιλεύειν.
1614 747 1635 773 Τ
1637 747 1763 782 αὐτηνδὲ
1774 747 1841 773 615i-

1045 797 1093 824 ραν
1101 789 1275 825 ὑπάρχουσαν
1287 790 1468 819 ὑποϐαλέσθαι
1477 793 1550 824 τινὸς
1557 793 1610 819 τῶν
1629 793 1772 820 Ἰουδαίων
1781 802 1842 820 παιη-

1042 834 1106 863 δὶον.
1122 835 1207 863 Τοῦτο
1212 836 1240 862 δὲ
1249 836 1366 864 Μώῦσον
1373 837 1503 873 ὀνομάσαι
1512 860 1520 871 ,
1532 839 1585 866 ὑπὸ
1593 839 1621 865 δὲ
1631 839 1686 866 τῶν
1702 839 1840 874 Ἑλλήνων

206 871 307 904 πόλεις.
320 872 439 901 Tandem
448 881 495 902 eos
510 875 628 903 servisse
643 876 670 903 in
682 865 755 904 omni
771 876 901 906 famulatu
917 885 987 905 com-

1047 881 1123 907 αὑτὸν
1135 881 1304 917 ἀνδρωθέντα
1317 865 1453 911 Μουσαίου
1471 865 1739 920 προσαγορευθῆναι.
1761 865 1840 912 Γενέο

207 919 328 953 perimus
346 919 374 946 in
392 920 521 955 operibus
538 926 626 949 terrm.

240 964 363 999 Cul.780,
373 965 419 993 lin.
428 966 458 993 5i
465 986 472 993 .
482 967 535 994 Kal
547 967 582 994 τὰ
590 969 658 1003 παρ’
666 969 885 1002 αὑτοῐςςδὶιιιὶιίε
894 971 993 998 habent.

203 1009 350 1046 Iosephus,
366 1012 455 1046 Philo,
472 1017 499 1041 et
514 1014 571 1041 alii.
589 1014 654 1042 item
670 1015 830 1045 Ezechielus
845 1017 916 1052 apud
936 1017 992 1047 Eu-

205 1058 326 1086 sebium:

258 1115 381 1154 Ἔπειτα
391 1118 537 1154 κηρύσσει
544 1118 603 1153 μὲν
622 1119 761 1153 Ἐϐραίων
772 1119 851 1154 γένει

260 1150 422 1184 Τὰρσενικὰ
434 1150 553 1186 ῥίπτειῦ
563 1150 697 1189 ποταμῦν
706 1154 739 1188 ἐς
748 1150 927 1190 βαθύρροον.

240 1205 319 1239 lbid.,
335 1207 384 1235 lin.
405 1209 451 1242 55.¹
475 1209 598 1245 Ἀϐραὰμ
613 1211 743 1246 ὀνόματι.
761 1211 904 1243 Hebraice,
921 1217 948 1239 et
964 1213 991 1240 in

204 1251 299 1280 B'bliis
310 1252 415 1282 Latinis
427 1255 537 1282 Amram
553 1256 662 1291 legitur.
680 1256 766 1284 Graeci
778 1265 834 1285 suae
849 1258 992 1294 orthogra-

204 1299 274 1333 phia:
287 1306 393 1328 canone
408 1301 535 1338 Ἀμὸράμ
550 1303 764 1337 scripserunt,et
775 1304 820 1330 alii
834 1310 925 1339 postea
932 1312 992 1332 sua-

202 1345 272 1372 viori
286 1353 353 1374 sono
367 1347 490 1383 ’Δὸραάμ
503 1356 510 1380 ;
537 1349 572 1375 ita
584 1348 736 1377 Demetrius
753 1351 824 1385 apud
832 1351 990 1385 Eusebium,

204 1390 243 1418 De
251 1393 452 1426 prwparatione,
461 1393 507 1420 lib.
518 1401 544 1420 ix
554 1402 561 1427 ;
570 1393 746 1430 Epiphanius.
758 1397 805 1431 qui
819 1402 848 1424 ut
860 1405 922 1424 eum
933 1398 991 1425 dis-

203 1437 308 1472 tinguat
321 1438 356 1465 ab
372 1437 488 1465 Abraam
503 1440 656 1474 patriarcha
670 1441 793 1478 Ἀϐραὰμ
803 1442 915 1478 ἔσχατον
927 1451 989 1471 eum

205 1483 325 1518 appellat
347 1483 375 1511 in
391 1484 542 1520 Ancyroto:
559 1487 636 1513 Καὰθ
651 1487 679 1513 δὲ
700 1488 769 1523 μετὰ
788 1489 837 1524 τὴν
854 1490 894 1520 εἰς
908 1490 990 1523 Αἴγυ-

1044 926 1104 953 σθαι
1113 926 1142 953 δὲ
1151 927 1196 954 τὸν
1204 927 1318 955 Μώῦσθν
1329 929 1422 956 τοῦτον
1430 930 1549 966 Ὀρφέως
1556 931 1727 958 διδάσκαλον.
1738 931 1837 958 Mirum

1043 976 1096 1004 est,
1115 975 1144 999 ut
1161 977 1257 999 auctor
1272 973 1323 1001 iste
1343 974 1370 1001 in
1388 974 1532 1002 referenda
1548 975 1730 1003 Hebraeorum
1749 975 1838 1003 histo-

1042 1016 1084 1044 ria
1099 1017 1236 1050 decutiat,
1256 1018 1477 1055 inconcinnaque
1495 1021 1618 1053 scribat;
1635 1025 1664 1048 et
1678 1020 1773 1048 ausim
1794 1020 1837 1047 di-

1043 1069 1115 1095 cere,
1129 1069 1194 1099 quut
1208 1065 1302 1096 verba.
1319 1069 1360 1093 tot
1375 1074 1437 1093 eum
1454 1074 1562 1094 errores
1577 1067 1767 1095 commisisse.
1782 1066 1837 1094 Eo-

1042 1117 1103 1136 rum
1117 1111 1251 1138 correctio
1263 1120 1296 1139 ex
1304 1112 1405 1140 divinis
1417 1113 1515 1140 litteris
1527 1113 1553 1140 in
1564 1117 1690 1148 promptu
1702 1118 1746 1141 est
1762 1123 1770 1146 ;
1786 1121 1837 1141 nec

1042 1156 1104 1190 plus
1124 1155 1263 1192 Artapano
1288 1158 1383 1185 sanior
1400 1158 1526 1187 Justinus
1553 1159 1716 1192 historicus,
1742 1160 1837 1187 omni:

1042 1209 1144 1236 susque
1160 1202 1412 1238 deque;tran3versa
1436 1205 1502 1240 agit,
1518 1213 1579 1240 quas
1598 1213 1633 1232 ne
1661 1206 1768 1240 saepius
1795 1214 1838 1233 re.

1042 1252 1133 1282 petere
1144 1255 1314 1282 cogeremur,
1332 1249 1375 1276 hic
1386 1251 1470 1278 semel
1487 1251 1733 1285 transcripsimus:
1744 1250 1835 1278 Filias

1041 1293 1150 1328 Iosephi
1172 1293 1275 1329 Moyses
1301 1295 1362 1330 fuit,
1379 1304 1454 1330 quem
1471 1301 1567 1330 pra'ter
1580 1301 1698 1331 paterna:
1716 1298 1836 1324 scientia

1041 1338 1230 1370 hwreditatem,
1240 1341 1320 1366 etiam
1333 1340 1425 1374 [ormre
1433 1341 1600 1374 pulchritudo
1616 1342 1833 1370 commendabat.

1043 1384 1096 1412 Sed
1125 1384 1246 1420 Egyptii
1267 1394 1326 1412 cum
1349 1387 1462 1413 scabiem
1484 1392 1509 1414 et
1530 1387 1686 1422 vitiliginem
1710 1393 1834 1422 pateren-

1042 1436 1095 1463 tur,
1113 1439 1235 1466 responso
1256 1432 1359 1464 moniti,
1380 1441 1438 1459 eum
1453 1441 1511 1460 cum
1525 1434 1614 1468 agris.
1635 1442 1668 1460 ne
1692 1435 1778 1468 pestis
1800 1434 1832 1460 ad

1040 1477 1128 1511 plures
1150 1481 1271 1511 serperet,
1282 1478 1399 1504 terminis
1418 1477 1527 1513 Egypti
1543 1479 1653 1512 pellunt.
1674 1478 1738 1505 Duo:
1754 1480 1833 1513 igitur

203 1537 268 1555 πτον
293 1529 404 1557 κάθοδον
425 1531 454 1557 ὲν
475 1531 515 1566 τῷ
526 1531 662 1568 ἑξηκοστῷ
688 1523 913 1570 πέμπτῳγαὺτοῦ
935 1535 987 1562 ἔτει

1047 1523 1163 1552 exsulum
1184 1523 1282 1557 factus,
1299 1532 1378 1550 sacra
1394 1523 1580 1558 .Egyptiorum
1601 1524 1674 1558 furto
1698 1525 1832 1552 abstulit:

201 1576 282 1612 γεννᾷ
296 1576 343 1604 τὸν
359 1577 464 1615 πατέρα
478 1579 598 1611 Μωσέως
617 1580 750 1616 Ἀϐραάμ.
766 1581 886 1608 Γίνονται
901 1582 989 1609 τοίνυν

201 1622 255 1651 ἀπὸ
276 1622 322 1650 τοῦ
345 1623 453 1660 πρώτου
478 1625 602 1661 Ἀϐραὰμ
622 1625 669 1652 τοῦ
689 1627 885 1663 ἑϐδομηκοποῦ
905 1628 988 1655 αὑτοῦ

201 1668 326 1703 πέμπτου
334 1669 409 1702 ἔτους
417 1671 468 1702 ἕως
480 1672 529 1706 τῆς
538 1672 669 1706 γενέσεως
677 1673 724 1700 τοῦ
732 1674 846 1709 ἐσχάτου
864 1674 989 1710 Ἀϐραὰμ

200 1714 249 1753 ἔτη
269 1718 330 1748 eis;
348 1716 421 1750 quod
440 1717 478 1744 ita
498 1718 644 1753 separavit,
667 1719 732 1754 quia
749 1719 820 1747 idem
845 1721 988 1756 utriusque

200 1768 300 1788 nomen
315 1762 466 1791 videbatur.

236 1805 304 1839 Ibid.
319 1808 453 1838 Γυναῖκα
463 1809 528 1843 τήν.
541 1809 601 1838 Non
614 1810 708 1843 tiliam,
722 1812 768 1840 sed
784 1816 890 1847 neptem
904 1812 985 1847 Levi;

200 1861 255 1880 non
281 1855 403 1887 amitam,
427 1856 474 1883 sed
498 1857 690 1885 consobrinam
718 1858 839 1887 Amram.
864 1858 987 1895 Nugatur

199 1907 265 1935 ergo
278 1899 418 1933 Calvinus,
431 1910 494 1929 cum
509 1902 630 1938 Moysem
642 1903 798 1931 incestuoso
810 1905 986 1933 matrimonio

199 1950 360 1982 prognatum
381 1955 443 1975 esse
462 1947 586 1980 aﬂirmat,
607 1949 679 1976 sicut
699 1952 726 1976 et
750 1950 986 1984 impudentissime

199 1996 326 2026 parentes
357 1992 450 2021 {crime
473 1994 652 2022 immanitatis
687 1995 723 2023 ob
752 1996 837 2030 prolis
868 1997 984 2025 similem

197 2038 395 2072 expositionem
413 2039 586 2072 criminatur.

233 2081 315 2116 lbitl.,
331 2083 378 2111 lin.
396 2084 442 2112 57.
455 2085 509 2114 Καὶ
521 2085 678 2121 ἔκρυπτεν.
694 2087 783 2120 Philo,
795 2088 832 2117 De
844 2089 897 2115 vita
908 2088 985 2124 Moy-

196 2129 234 2156 εἰσ
243 2137 253 2156 :
262 2129 404 2165 Γεννηθεὶς
416 2128 463 2158 οὖν
476 2132 491 2159 ὀ
501 2133 565 2164 παῖς
579 2133 660 2166 εὐθὺς
673 2134 734 2169 ὄψιν
744 2136 872 2171 ἐνέφηνεν
884 2137 984 2163 ἀστειο-

195 2173 278 2210 τέραν
291 2174 307 2210 ἢ
324 2175 384 2206 κατ’
403 2175 520 2215 ἰδιώτην,
533 2177 572 2209 ὡς
586 2179 633 2205 καὶ
653 2179 708 2206 τῶν
724 2180 771 2207 τοῦ
788 2181 919 2218 τυράννου
934 2191 986 2218 κητ

1041 1575 1099 1602 qua:
1112 1573 1254 1601 repetentes
1281 1569 1364 1595 armis
1380 1567 1511 1604 Egyptii,
1533 1569 1639 1596 domum
1665 1569 1756 1597 redire
1770 1575 1831 1596 tem-

1039 1613 1183 1647 pestatibus
1199 1614 1326 1648 compulsi
1346 1619 1417 1642 sunt.
1429 1613 1524 1650 Itaque
1538 1614 1644 1650 Moyses
1665 1615 1832 1642 Damascena

1039 1659 1149 1694 antiqua
1165 1660 1253 1692 patria
1268 1662 1377 1694 repetita
1388 1665 1500 1687 montem
1513 1660 1613 1696 Synam
1628 1666 1744 1694 occupat
1759 1670 1769 1688 :
1784 1669 1832 1696 qva

1039 1710 1136 1740 septem
1143 1706 1245 1733 dierum
1259 1706 1363 1742 jejunio
1377 1715 1423 1742 per
1437 1707 1539 1735 deserta
1549 1708 1656 1735 Arabia:
1667 1716 1729 1736 cum
1737 1709 1832 1743 populo

1038 1759 1086 1777 suo
1102 1751 1241 1786 fatigatus,
1257 1759 1316 1778 cum
1339 1751 1444 1779 tandem
1460 1753 1580 1784 venisset,
1598 1754 1743 1787 septimum
1764 1753 1831 1780 diem

1038 1806 1110 1824 more
1125 1797 1209 1833 gentis
1235 1797 1382 1825 Sohbotum
1403 1799 1568 1833 appellatum
1589 1800 1617 1826 in
1645 1808 1726 1827 omne
1750 1809 1831 1827 tri-Im

1032 1842 1135 1877 jejunio
1150 1844 1263 1870 sacrauit
1276 1851 1285 1869 .‘
1300 1844 1424 1878 quoniam
1440 1844 1489 1870 illa
1496 1844 1551 1871 dies
1560 1844 1658 1879 famem
1675 1845 1746 1877 illis,
1759 1854 1831 1872 erro-

1037 1898 1141 1924 remque
1153 1890 1267 1924 finierat.
1282 1889 1315 1916 Et
1325 1889 1450 1925 quoniam
1462 1895 1531 1917 metu
1541 1890 1708 1925 contagionis
1716 1890 1795 1924 pulso
1805 1899 1830 1917 se

1036 1937 1069 1964 ab
1081 1936 1197 1972 Egypto
1212 1937 1394 1969 meminerant,
1406 1945 1438 1964 ne
1457 1937 1548 1964 eadem
1567 1945 1650 1964 causa
1663 1937 1746 1967 inuisi
1763 1936 1829 1970 apud

1035 1983 1136 2010 incolas
1150 1984 1245 2018 forent,
1255 1987 1377 2009 caverunt
1386 1991 1418 2010 ne
1428 1991 1486 2009 cum
1497 1983 1640 2017 peregrinis
1649 1984 1830 2010 communica-

1035 2035 1091 2057 rent
1105 2037 1113 2060 ;
1128 2031 1196 2065 quod
1210 2037 1242 2056 ea:
1254 2037 1335 2056 causa
1349 2028 1450 2063 factum
1460 2029 1591 2063 paulatim
1608 2029 1637 2056 in
1655 2029 1828 2064 disciplinain

1035 2076 1238 2110 religionemque
1251 2075 1388 2102 convertit.
1406 2073 1483 2108 Quod
1500 2075 1546 2101 hic
1567 2073 1696 2103 Justinus
1718 2076 1754 2103 de
1771 2077 1828 2103 viti-

1035 2122 1125 2157 ligine
1136 2121 1231 2153 refert,
1254 2121 1381 2148 nonnulli
1396 2121 1480 2149 etiam
1502 2121 1548 2148 alii
1571 2121 1695 2157 gentium
1713 2123 1828 2158 scripto-

1034 2174 1093 2203 res.
1102 2166 1264 2195 Ptolemaeus
1283 2167 1449 2202 Hephaestio,
1470 2167 1518 2195 lib.
1531 2175 1547 2194 v
1561 2168 1595 2195 de
1610 2175 1683 2195 nova
1699 2168 1826 2201 historia,

196 2221 355 2256 ρυγμάτωνα
368 2222 411 2257 ἐφ’
423 2211 551 2252 ὅσονήοῖόν
564 2234 594 2252 τε
608 2223 652 2261 ἧν,
667 2228 730 2260 τοὺς
743 2211 830 2262 γονεῖς
841 2211 984 2265 ἀλογῆσαίι

1047 2213 1106 2247 ιιωᾱ
1122 2212 1247 2245 Photium
1265 2212 1293 2240 in
1311 2212 1476 2240 Bibliotheca
1487 2221 1497 2240 .'
1515 2213 1576 2240 Ὀτι
1597 2213 1730 2249 φλυαρῶν
1756 2211 1828 2246 οὗτος

195 2267 275 2301 Τρεῖς
293 2267 357 2302 γοῦν
376 2277 441 2304 φασι
462 2270 549 2306 μῆνας
568 2271 667 2308 ἐφεξῆς
681 2273 749 2301 οἴκοι
766 2275 986 2311 γαλακτοτροφη-

195 2313 275 2348 θῆναι
291 2313 456 2346 λανθάνοντα
472 2318 534 2349 τοὺς
548 2318 671 2351 πολλούς.
683 2319 810 2348 Clemens
823 2322 985 2350 Alexandri~

194 2367 257 2390 nus.
277 2359 405 2388 Stromat.
424 2362 471 2389 lib.
484 2370 503 2395 ι,
522 2363 694 2400 Εὐπατριδην
710 2365 739 2392 δὲ
757 2365 802 2392 τὸν
824 2366 906 2393 παῖδα
920 2367 985 2393 ὅντα

193 2405 268 2438 τρεῖς
291 2406 389 2441 ἑφεξῆς
411 2407 578 2442 κρύπτοντες
601 2409 715 2444 ἔτρεφον
736 2410 822 2445 μῆνας
845 2412 869 2437 ol
884 2414 982 2446 γονεῖς,

193 2449 312 2486 νικώσης
327 2452 378 2488 τῆς
390 2452 508 2488 φυσικῆς
529 2454 635 2486 εὐνοίας
652 2455 701 2490 τὴν
724 2456 887 2491 τυραννικὴν
911 2457 984 2492 ὠμό-

192 2504 272 2531 τητα.
288 2497 449 2529 Ezechielus
464 2499 536 2535 apud
553 2502 689 2533 eumdem,
704 2506 732 2529 et
744 2501 890 2530 Eusebium
905 2513 910 2530 :

290 2565 434 2606 Ἐνταῦθα
443 2567 543 2606 μήτηρ
555 2569 574 2606 1:1
593 2569 711 2598 τεκοῦσ⁹
728 2569 858 2604 ἕκρυπτέ
874 2579 912 2606 με

283 2600 363 2634 Τρεῖς
380 2600 490 2636 μῆνας,
506 2600 546 2635 ὥς
557 2600 701 2638 ἔφασκεν.
761 2600 773 2607 ”

228 2666 308 2700 lbid.,
326 2668 374 2696 lin.
392 2669 436 2697 58.
458 2671 504 2703 Ὦς
513 2670 547 2697 δὲ
566 2669 626 2698 εἶδε
642 2672 704 2700 τόν,
721 2673 848 2702 Clemens
862 2674 982 2702 Alexan-

194 2712 301 2746 drinus,
325 2715 466 2748 Δείσαντες
481 2716 510 2743 δὲ
531 2717 642 2753 ὕστερον
659 2718 696 2754 μὴ
724 2720 925 2748 συναπόλωνται
945 2721 982 2757 τῷ

192 2757 280 2788 arata,
292 2759 323 2784 ὲκ
338 2759 428 2794 βίϐλου
445 2761 495 2795 τῆς
516 2761 662 2797 ἐπιχωρίου
677 2762 773 2796 σκεῦός
790 2772 816 2790 τι
830 2765 981 2800 ποιησάμε-

193 2811 243 2832 νοι,
260 2802 304 2828 τὸν
331 2805 411 2832 παῖδα
429 2806 566 2842 ἐνθέμενοι
581 2808 718 2836 ὲκτιθέασι
742 2811 817 2845 παρά
832 2810 881 2842 τὰς
900 2811 981 2845 ὄχθας

194 2847 240 2878 τοῦ
256 2851 375 2887 ποταμοῦ
393 2852 505 2884 ἑλώδους
519 2853 603 2886 ὄντος.
628 2855 771 2891 Ἐπετήρει
783 2855 811 2882 δὲ
830 2855 860 2882 τὸ
876 2856 980 2892 ἀποϐη-

1035 2260 1050 2286 ὁ
1065 2259 1238 2294 μυθογράφος
1250 2259 1363 2294 Μωσῆς,
1381 2259 1472 2293 φησιν,
1490 2259 1505 2285 ό
1523 2259 1578 2286 τῶν
1598 2259 1738 2294 Ἑϐραίων
1753 2269 1828 2296 νομο-

1035 2305 1116 2340 θέτης
1131 2305 1220 2339 Ἄλφα
1244 2305 1367 2331 ἐκαλεῖτο
1390 2304 1434 2331 διὰ
1457 2305 1489 2331 τὸ
1502 2305 1604 2340 ἀλφοὺς
1620 2305 1695 2340 ἔχειν
1721 2306 1771 2332 ἐπὶ
1785 2305 1826 2333 τοῦ

1036 2350 1178 2386 σώματος’
1196 2355 1223 2378 et
1244 2350 1383 2378 Helladius
1406 2350 1588 2378 Besantinous
1606 2351 1634 2378 in
1655 2350 1827 2379 Chrestoma-

1036 2397 1091 2424 t/tia
1102 2406 1111 2425 :
1123 2397 1185 2423 Ὅτι
1199 2397 1313 2433 φλυαρεῖ
1324 2397 1371 2424 καὶ
1387 2394 1463 2429 οὗτος
1482 2398 1528 2424 τὸν
1549 2397 1652 2432 Μωσῆν
1671 2397 1769 2432 Ἄλφα
1781 2407 1826 2425 κα-

1034 2443 1149 2476 λεῖσθαι,
1165 2443 1231 2471 διότι
1242 2444 1336 2478 ἀλφοῖς
1351 2444 1381 2470 τὸ
1396 2444 1475 2479 σῶμα
1491 2444 1671 2477 κατάστικτος
1684 2442 1722 2480 ἦν
1733 2453 1740 2458 ·
1755 2448 1782 2472 et
1795 2445 1825 2471 ad

1034 2491 1136 2518 dictum
1155 2499 1235 2519 suum
1254 2490 1395 2519 Philonem
1409 2495 1507 2519 testem
1535 2492 1656 2519 adhibet.
1680 2492 1764 2525 Quod
1787 2499 1824 2519 ta-

1034 2545 1096 2564 men
1110 2537 1182 2572 apud
1195 2537 1336 2567 Philonem
1348 2547 1437 2574 neque
1453 2539 1481 2566 in
1494 2539 1582 2566 tribus
1597 2539 1636 2566 De
1652 2539 1710 2565 vita
1727 2539 1823 2573 Hogsis

1033 2583 1120 2614 libris,
1136 2593 1225 2619 neque
1238 2585 1302 2612 alibi
1318 2586 1370 2619 legi
1386 2586 1542 2613 observavit
1554 2585 1639 2612 David
1662 2584 1824 2613 Heschelius

1032 2628 1263 2657 Adnotationibus
1275 2630 1303 2657 in
1313 2629 1448 2657 Photium.
1466 2629 1518 2657 Sed
1531 2630 1644 2656 minime
1655 2629 1822 2660 dubitarem.

1033 2674 1186 2702 llclladium
1213 2676 1295 2703 alium
1317 2683 1331 2703 a
1358 2675 1472 2704 Philone
1495 2675 1589 2703 iudico
1611 2676 1694 2710 cujus
1725 2677 1823 2712 scripta

1033 2720 1122 2747 adhuc
1133 2723 1253 2752 exstant,
1269 2725 1365 2749 testem
1381 2721 1556 2755 adhibuisse;
1571 2725 1598 2749 et
1612 2721 1736 2750 fortasse
1752 2729 1820 2751 eum.

1032 2766 1078 2800 qui
1091 2765 1124 2793 de
1140 2765 1327 2801 Hierosolyma
1343 2767 1465 2794 carmine
1476 2766 1586 2795 heroico
1604 2767 1733 2801 scripsit,
1744 2774 1820 2802 quem

1033 2810 1096 2838 item
1125 2811 1216 2838 laudat
1232 2811 1388 2839 Alexander
1408 2811 1562 2848 Polyhistor
1573 2812 1646 2847 apud
1662 2812 1821 2845 Eusebium,

1033 2857 1072 2885 De
1085 2858 1279 2892 prn'paratione
1291 2858 1338 2886 lib.
1354 2859 1529 2892 ix,veletiam
1542 2858 1685 2887 Philonem
1695 2859 1820 2888 biblicuut
