1900 3070
29 132 38 157 ί
45 129 96 157 M9

535 131 568 158 IN
586 130 771 159 EUSTATHII
789 130 1026 161 HEXAEMERON
1043 133 1155 164 ΝΟΤᾹΞ.

1591 128 1670 164 ιοδοδ

30 191 213 224 historicum,
230 191 307 227 quod
325 191 500 222 verisimilius
518 193 599 220 duco.
619 193 670 221 Sed
687 193 817 228 gentiliun

880 193 909 220 δὲ
932 196 1100 230 στρατηγοὺς
1117 197 1179 228 τοὺς
1205 197 1468 233 προκαθεδουμένους
1491 197 1541 233 τῆς
1558 197 1659 233 χώρας.

31 237 235 264 historicorum
253 238 370 270 fabulas,
382 242 409 266 et
422 245 584 274 nugamenta
596 246 672 266 sacra
688 239 827 274 Scriptura

31 284 140 316 refellit,
161 284 266 319 reique
280 286 422 312 veritatem
438 285 534 320 aperit.

55 329 185 362 (301.780,
198 329 252 357 lin.
263 329 357 357 “Kal
365 329 612 365 onJchoysem
622 338 764 358 mammam
775 338 827 358 non

31 380 187 408 erternam,
205 376 260 404 sed
276 376 403 412 gentilem
425 376 567 404 admisisse
577 377 672 404 scribit
681 376 826 412 Josephus,

32 423 76 449 lib.
94 430 114 449 ιι
132 422 352 458 Antiquilalum,
375 431 434 457 cap.
457 423 483 455 5,
507 431 561 450 non
586 423 727 450 dissimilia
748 423 828 451 habet

31 468 210 500 Ezechielus.
232 467 324 500 Philo,
341 468 464 496 Clemens
478 468 687 497 Alexandrinus.

64 514 146 547 lbid.,
161 513 217 542 lin.
244 514 290 542 5i.
313 513 520 548 Ἀνδρωθέντα.
544 514 581 541 De
601 515 710 541 nomine
728 514 827 550 Moysis

32 561 177 595 primaque
201 560 268 594 ejus
290 560 381 587 radice
403 560 439 587 ita
465 560 590 588 Clemens
606 560 825 587 Alexandrinus:

31 603 96 632 Εἶτα
112 606 226 632 τίθεται
254 606 293 641 τῷ
315 606 413 641 παιδίῳ
435 606 518 641 ὄνομα
539 607 556 642 ἡ
580 606 683 641 βασιλὶς
708 607 826 642 Μωῦσῆν

33 652 150 688 ἐτύμως,
171 652 220 678 διὰ
246 652 277 679 τὸ
297 652 327 684 ἐξ
350 652 442 684 ὕδατος
462 652 602 679 ἀνελέσθαι
619 653 692 679 αὑτό.
711 653 747 679 Τὸ
773 653 827 688 γὰρ

33 699 101 734 ὕδωρ
120 699 184 733 μῶῦ
207 699 389 734 ὀνομάζουσιν
415 699 567 732 Αἰγύπτιοι,
593 700 633 730 είς
650 699 664 725 ὃ
679 699 826 726 ὲκτέθειται

31 744 246 779 τεθνηξόμενος.
256 745 309 772 Καὶ
320 746 373 781 γάρ
385 754 425 772 τοι
438 745 556 780 Μωῦσῆν
567 745 611 771 τὸν
621 745 827 776 ἀποπνεύσαντα

31 791 67 826 τῷ
81 790 161 817 ίιὸατι
182 791 446 827 προσαγορεύουσιν.
463 791 635 818 Ezechielus:

101 849 220 882 ὀνομα
234 849 270 875 δὲ
283 848 394 882 Μωσῆν
406 848 544 882 ὠνόμαζε.
556 848 608 874 τοῦ
619 848 706 882 χάριν

105 883 220 917 ’Υγρᾶς
235 883 356 910 ἀνεῖλεν
365 884 509 918 ποταμίας
518 884 568 910 ἀπ’
584 883 684 917 ᾐόνος.

33 928 106 955 Philo
126 928 166 955 De
182 929 242 955 vita
259 928 359 963 Moysis
378 937 386 955 :
406 927 470 955 Εἷτα
494 929 599 956 δίδωσιν
623 929 707 964 ὄνομα
724 929 823 963 θεμένη

32 974 131 1010 Μωσῆν
157 974 284 1010 ἐτύμως,
297 974 341 1001 διὰ
355 975 386 1001 τὸ
406 975 437 1001 ὲκ
451 974 497 1001 τοῦ
520 974 613 1006 ὕδατος
628 974 707 1001 αὐτὸν
731 974 822 1001 ἀνελέ-

35 1018 101 1045 σθαι.
117 1018 156 1045 Τὸ
176 1019 236 1054 γὰρ
253 1019 324 1054 ὓδωρ
345 1019 402 1055 μῶς
421 1019 596 1055 ὀνομάζουσιν
610 1019 761 1053 Αἰγύπτιοι.
777 1019 823 1046 Jo-

33 1064 141 1098 sephus,
167 1065 308 1099 Anliquit.
332 1065 380 1092 lib.
396 1073 403 1091 I
418 1074 424 1092 :
441 1065 496 1092 Καὶ
519 1065 592 1100 αὺτῷ
614 1065 662 1100 τὴν
681 1065 822 1101 ἐπίκλησιν

33 1109 129 1145 ταύτην
152 1110 229 1137 κατά
251 1111 282 1137 τὸ
299 1111 469 1146 συμϐεϐηκὸς
489 1110 564 1138 ἔθετο
582 1112 621 1142 είς
635 1111 680 1137 τὸν
702 1111 822 1146 ποταμὸν

34 1155 186 1189 ἐμπεσόντι.
201 1155 242 1181 Τὸ
254 1155 308 1191 γὰρ
323 1156 393 1191 ὕδωρ
411 1155 602 1191 μῶΑίγύπτιοι
621 1155 741 1188 καλοῦσι,
754 1155 822 1192 ὕσης

34 1200 60 1227 δὲ
75 1201 135 1232 τοὺς
151 1200 184 1233 ἐξ
198 1201 297 1233 ὕδατος
311 1202 456 1233 σωθέντας.
472 1201 617 1233 Συνθέντες
627 1199 672 1228 οὖν
686 1201 715 1234 ὲξ
733 1203 822 1237 ἀμφο-

35 1246 115 1281 τέρων
125 1247 178 1282 τὴν
199 1247 385 1283 προσηγορίαν
401 1246 475 1282 αὐτῷ
493 1246 595 1282 ταύτην
609 1247 736 1274 τίθενται.
754 1247 821 1274 Proe

35 1291 136 1326 copias,
152 1291 300 1323 Rabanus,
312 1297 339 1319 et
353 1292 399 1319 alii
412 1291 532 1319 eamdem
546 1291 628 1326 hujus
642 1292 759 1319 nominis
770 1293 817 1319 im-

37 1338 175 1371 positionis
201 1338 339 1365 rationem
370 1339 491 1366 tradunt.
513 1337 655 1365 Cornelius
682 1346 696 1365 a
719 1338 820 1373 Lyapide

36 1391 127 1411 nomen
146 1384 174 1410 id
191 1392 252 1411 non
269 1391 330 1411 esse
348 1383 514 1419 Egyptium,
533 1384 579 1411 sed
595 1383 735 1410 Hebraeum
747 1384 818 1410 aiiir-

37 1433 96 1461 mat.
123 1430 264 1464 aliamque
281 1429 399 1457 nominis
416 1437 525 1466 causam
548 1429 635 1461 ali'ert,
651 1438 684 1457 ex
706 1429 818 1458 Hebma

37 1475 171 1503 nominum
190 1476 298 1504 radice.

69 1521 146 1555 ἰδία..
170 1521 221 1548 lin.
251 1521 295 1549 55.
331 1521 477 1549 Ἐκάλουν
504 1521 546 1549 δέ.
573 1522 665 1569 _Aliter
691 1522 816 1549 Clemens
833 1538 854 1569 ο

36 1566 301 1599 Alexandrinus,lib.
318 1575 326 1594 ι
338 1567 543 1602 8ιγοηι.;Δῆλον
557 1565 612 1599 οὖν,
627 1569 664 1598 ὡς
677 1569 705 1594 ὲν
723 1567 760 1600 τῷ
771 1567 820 1603 ἑμ-

39 1612 145 1647 προσθεν
154 1614 246 1649 χρόνῳ
253 1612 489 1649 περιτμηθέντιτῷ
498 1613 593 1648 παιδίῳ
605 1614 628 1639 οἱ
637 1614 723 1646 γονεῖς
731 1612 820 1640 ἔθεντο

37 1658 117 1693 ὄνομά
128 1668 153 1685 τι
166 1668 173 1675 ⁶
186 1659 311 1686 ἐκαλεῖτο
324 1659 352 1685 δὲ
375 1659 510 1694 Ἰωακείμ,
524 1659 607 1694 Ἔσχε
626 1658 653 1685 δὲ
669 1659 716 1685 καὶ
730 1658 819 1694 τρίτον

37 1703 115 1738 δνομα
124 1705 154 1730 ὲν
165 1704 275 1740 οὐρανῷ
293 1703 361 1739 μετά
376 1703 426 1740 τὴν
442 1703 584 1739 ἀνάληψιν,
593 1703 629 1735 ὥς
640 1711 720 1738 φασιν
729 1705 752 1730 οἱ
767 1703 818 1739 μύ-

38 1755 102 1780 σται.
116 1750 230 1785 Μελχίς.

69 1794 145 1827 lbid.,
158 1796 207 1823 lin.
220 1795 267 1823 56.
282 1793 342 1822 Ἦν
350 1795 384 1822 δὲ
394 1795 523 1828 ἀστεῖος.
540 1795 616 1823 Philo
628 1804 634 1821 :
652 1795 755 1831 Εὐγενῆ
773 1796 819 1823 καὶ

37 1839 136 1868 ἀστεῖον
151 1841 280 1876 ὀφθῆναι.
296 1841 467 1876 Τελειότερον
484 1841 512 1867 δὲ
527 1840 576 1875 τῆς
592 1840 698 1876 ἡλικίας
718 1840 818 1873 ἰδοῦσα,

39 1885 88 1911 κάκ
110 1886 159 1921 τῆς
183 1887 272 1922 “iam;
299 1887 338 1913 ἔτι
365 1888 462 1922 μᾶλλον
483 1887 499 1922 ἢ
524 1887 655 1922 πρότερον
682 1887 817 1919 σπάσασα1

38 1929 135 1962 ιῦνοίας
150 1933 208 1961 υἱὸν
223 1934 350 1965 ποιεῖται,
366 1932 401 1959 τά
413 1933 475 1968 περὶ
489 1931 533 1957 τὺν
549 1931 630 1965 όγκον
642 1932 691 1966 τῆς
701 1930 818 1966 γαστρὸς

38 1976 183 2010 τεχνάσασα
203 1979 347 2014 πρότερον,
371 1978 413 2005 ἴνα
427 1978 548 2013 γνήσιος,
575 1977 643 2004 ἀλλὰ
661 1976 698 2012 μὴ
721 1976 818 2003 ὑποϐο-

39 2019 138 2056 λιμαῖος
161 2024 289 2060 νομισθῇ.
303 2024 395 2050 Πάντα
412 2024 440 2050 δὲ
467 2023 638 2059 ὲξευμαρίζει
662 2023 728 2054 Θεὸς
747 2022 765 2050 ἃ
785 2023 817 2049 ἃν

39 2065 142 2105 θελήσῃ,
158 2070 206 2098 καὶ
222 2069 257 2097 τά
273 2069 490 2106 δυσκατόρθωτα.
508 2069 573 2104 Ejus
595 2069 773 2104 proprietates
791 2073 818 2096 et

40 2112 193 2143 lineamenta
210 2116 250 2143 ita
265 2117 398 2149 expressit
413 2116 566 2150 Artapanus
578 2116 649 2150 apud
659 2115 816 2148 Eusebium,

40 2158 270 2197 Depreparatione
280 2162 327 2190 lib.
338 2169 365 2189 lx
375 2161 528 2196 εΓεγονέναι
536 2162 564 2188 δέ
573 2171 637 2197 φησι
645 2161 690 2188 τὸν
702 2161 817 2189 Μώῡσον

41 2206 148 2241 μακρὸν,
171 2207 312 2243 πυῤῥακῆ,
339 2207 441 2239 πολιὸν,
469 2207 602 2243 κομήτηνι
622 2206 815 2242 ἀξιωματικόν.
831 2204 854 2232 D

69 2250 126 2280 Col.
152 2252 213 2285 781,
233 2252 280 2280 lin.
305 2253 330 2280 Ι.
347 2251 494 2288 Προσάγει
511 2253 614 2280 αὐτόν.
637 2251 700 2279 Haec
720 2251 814 2279 eadem

41 2293 127 2324 iisdem
147 2297 204 2326 fere
222 2299 313 2326 verbis
329 2299 453 2333 leguntur
474 2298 544 2333 apud
565 2297 722 2332 Josephum,
735 2298 814 2324 Anti-

41 2341 99 2373 quit.
118 2342 164 2370 lib.
180 2352 201 2374 ι,
223 2352 283 2379 cap.
300 2344 327 2375 5,
344 2352 423 2379 quem
436 2344 558 2371 consule.

71 2386 146 2420 lbid.,
162 2389 210 2417 lin.
232 2390 277 2417 25.
298 2391 435 2422 Λὶθ.ὀπες
449 2389 483 2416 δὲ
505 2391 541 2416 οι.
568 2388 605 2416 De
627 2389 678 2416 hac
698 2388 814 2417 Mosaica

41 2433 202 2465 expeditione
229 2434 361 2462 adversus
379 2433 522 2469 Etliiopas
545 2438 643 2468 praeter
664 2433 812 2468 Josephum

43 2475 74 2503 ita
87 2477 254 2514 Artapanus:
270 2480 325 2508 Καί
338 2489 401 2507 ποτε
420 2480 473 2506 τῶν
487 2479 622 2507 Αἰθιόπων
636 2480 811 2515 ἐπιστρατευ-

42 2523 155 2556 σαμένων
167 2527 199 2561 τῇ
215 2525 355 2561 Αἰγύπτῳ,
370 2525 415 2551 τὸν
427 2525 575 2559 Χενεφρῆν,
590 2525 756 2552 ὑπολαϐόντα
768 2526 813 2553 εὑ-

43 2567 146 2602 ρηιιέναι¹
157 2572 250 2607 καιρὸν
265 2571 383 2603 εὔθετον,
404 2570 510 2606 πέμψαι
524 2571 569 2597 τὸν
581 2570 696 2598 Μώῡσον
708 2571 751 2597 ἐπ’
766 2572 812 2599 αὐ-

42 2614 96 2645 τοὺς
111 2617 258 2653 στρατηγὸν
274 2617 342 2653 μετὰ
354 2617 505 2652 δυνάμεως,
518 2617 554 2643 Τὺ
564 2617 592 2644 δὲ
607 2617 660 2644 τῶν
674 2618 810 2652 συγγενῶν

43 2657 107 2694 αὐτῷ
121 2663 247 2698 συστῆσαι
260 2663 370 2699 πλῆθος,
383 2662 551 2690 ὑπολαϐόντα
563 2663 660 2698 ῥᾳδίως
679 2664 758 2690 αὐτὸν
767 2664 811 2691 διὰ

43 2702 84 2738 ’ἢν
101 2706 153 2734 τῶν
178 2709 348 2745 στρατιωτῶν
371 2709 513 2736 ἀσθένειαν
536 2710 588 2736 ὑπὸ
599 2709 653 2736 τῶν
674 2709 809 2746 πολεμίων

44 2748 262 2789 ἀναιρεθήσεσθαι.
280 2756 331 2783 Τὸν
352 2756 380 2783 δὲ
406 2755 531 2788 Μώῡσον,
560 2755 671 2783 ἐλθόντα
695 2757 742 2783 ἐπὶ
764 2757 809 2783 τὸν

49 2793 246 2836 Ἑρμουπολίτην
254 2802 450 2837 ὀνομαζόμενον
460 2802 550 2838 νομὸν,
565 2801 658 2837 ἔχοντα
671 2804 734 2837 περὶ
744 2802 809 2830 δέκα

48 2843 163 2877 μυριάδας
182 2848 320 2883 γεωργῶν,
341 2847 420 2875 αὑτοῦ
439 2848 681 2884 καταστρατεῦσαι.
699 2848 807 2884 Πέμψαι

878 239 923 271 οὓς
935 239 966 274 δὴ
980 239 1147 267 πλεονεκτεῖν
1162 241 1298 275 ἐπιφανῶς
1313 242 1381 269 κατά
1392 243 1440 274 τὰς
1453 242 1552 277 μάχας.
1565 241 1660 276 Λέγειν

877 285 904 312 δέ
922 294 1002 321 φησιν
1024 286 1225 319 Ἥλιον-πολίτας
1239 288 1363 321 γενέσθαι
1376 288 1420 315 τὸν
1437 289 1553 324 πόλεμον
1567 289 1660 316 τοῦτον

877 331 924 367 ἐτη
941 331 1015 359 δέκα.

912 377 992 410 lbid.,
1008 378 1056 406 lin.
1072 378 1117 405 55.
1133 378 1231 412 Ὅπως
1247 379 1339 406 αὑτὸν
1359 381 1534 415 στρατηγόν.
1545 380 1597 409 Per
1610 382 1659 409 bo-

877 431 971 451 norem
988 432 1003 451 a
1020 432 1050 452 se
1068 425 1162 460 procul
1177 425 1302 460 ablegare
1316 433 1396 459 quem
1413 427 1474 461 quis
1490 426 1658 459 reformidat,

877 469 1002 505 pluribus
1031 471 1162 505 exemplis
1190 478 1284 498 omnes
1303 470 1427 499 historici
1448 472 1657 506 conﬁrmarunt;

877 523 992 548 quorum
1009 523 1135 550 magnum
1158 523 1300 543 numerum
1318 517 1345 544 in
1360 525 1444 544 unum
1464 518 1599 553 congessit
1613 518 1658 545 Ja-

877 569 930 589 nus
956 561 1087 589 Gruterus
1107 562 1134 589 in
1153 562 1270 589 secunda
1293 567 1368 597 parte
1388 563 1562 597 prolixiorum
1582 571 1657 591 com-

877 609 1072 636 mentariorum
1098 608 1126 635 in
1142 608 1227 636 Taciti
1249 609 1399 644 insigniora
1420 609 1480 637 loca
1503 610 1530 636 in
1550 610 1614 637 illud
1631 610 1658 636 in

877 654 924 682 lib.
946 662 972 680 χι
993 654 1157 684 Annalium;
1172 654 1284 681 Δηιοίὶνὶ
1307 654 1426 689 juvenem
1447 655 1529 689 specie
1554 655 1657 682 honoris

877 699 981 727 statuit.

914 745 992 778 lbid.,
1017 745 1065 772 lin.
1085 744 1128 772 46.
1150 744 1296 777 Κιϐωτοὺς
1323 745 1464 778 πλεκτὰς.
1487 745 1583 773 Totum
1608 746 1660 774 hoc

878 790 977 826 Moysis
989 794 1153 826 stratagema
1168 791 1205 817 ita
1222 794 1332 818 enarrat
1346 790 1497 825 Iosephus:
1517 791 1599 818 Ἔνθα
1610 792 1659 828 τῆς

877 837 958 863 αὑτοῦ
972 837 1104 868 συνέσεως
1118 837 1276 872 θαυμαστὴν
1291 836 1418 870 ἐπίδειξιν
1437 837 1590 872 ἐποιήσατο.
1604 838 1659 872 Τῆς

878 882 931 917 γὰρ
951 882 1000 917 γῆς
1014 882 1131 916 χαλεπῆς
1148 881 1230 916 οὔσης
1243 882 1381 916 ὁδευθῆναι
1395 882 1439 908 διὰ
1460 882 1559 918 πλῆθος
1580 884 1660 918 ἑρπε-

877 927 941 960 τῶν,
951 927 1168 962 (παμφορωτάτη
1179 928 1233 963 γάρ
1246 928 1329 959 ἐστιν,
1342 927 1379 958 ὼς
1391 927 1436 954 καὶ
1445 927 1479 954 τὰ
1497 928 1560 964 παρ’
1570 928 1657 960 ἄλλοις,

876 972 975 999 τούτων
987 973 1037 999 οὐκ
1052 972 1116 999 ὄντα
1133 973 1199 1008 μόνη
1216 972 1334 1008 τρέφειν,
1347 973 1457 1008 δυνάμει
1469 981 1498 999 τε
1512 974 1558 1000 καὶ
1575 973 1659 1009 κακίᾳ

875 1015 914 1051 τῷ
929 1017 978 1051 τῆς
999 1016 1084 1050 ὅψεως
1101 1016 1228 1052 ἀσυνήθει
1251 1017 1419 1053 διαφέροντα.
1439 1018 1505 1044 Τινὰ
1521 1018 1549 1044 δὲ
1569 1019 1658 1048 αὐτῶν

876 1063 933 1089 ἐστι
947 1063 994 1089 καὶ
1014 1063 1134 1095 πετεινὰ,
1153 1063 1190 1095 ὡς
1203 1063 1318 1089 λαθόντα
1339 1064 1387 1099 μὲν
1407 1063 1461 1090 ἀπὸ
1477 1064 1527 1099 γῆς
1539 1073 1654 1101 κακουρ-

875 1109 942 1142 γεῖν,
958 1109 1005 1135 καὶ
1031 1109 1067 1144 μὴ
1087 1109 1277 1144 προϊδομένους
1295 1108 1395 1135 ἀδικεῖν
1422 1109 1561 1146 ὑπερπετῆ
1586 1110 1656 1144 γινό-

876 1163 945 1192 μενα
986 1156 1042 1182 νοεῖ
1057 1155 1125 1190 πρὸς
1141 1155 1289 1189 ἀσφάλειαν
1307 1155 1353 1182 καὶ
1367 1155 1470 1191 ἀϐλαϐῆ
1486 1156 1595 1190 πορείαν
1609 1155 1656 1182 τοῦ

875 1201 1076 1236 στρατεύματος
1110 1202 1289 1237 στρατήγημα
1316 1202 1480 1237 θαυμαστόν.
1510 1202 1657 1237 Πλέγματα

873 1246 926 1282 γάρ
943 1247 1047 1282 ἐμφερῆ
1072 1246 1196 1278 κιϐωτοῖς
1219 1248 1251 1273 ὲκ
1270 1247 1360 1281 βίϐλου
1381 1247 1596 1279 κατασκευάσας,
1610 1248 1657 1274 καὶ

873 1293 1019 1329 πληρώσας
1039 1293 1135 1324 ἴϐεων,
1163 1293 1283 1328 ἐκόμιζε.
1309 1292 1513 1328 Πολεμιώτατον
1538 1292 1559 1318 δ’
1583 1293 1658 1320 ἐστὶν

871 1339 947 1373 ὄφεσι
963 1338 1041 1364 τοῦτο
1057 1338 1086 1364 τὸ
1103 1337 1179 1370 ζῶον.
1195 1338 1326 1372 Φεύγουσί
1343 1346 1372 1363 τε
1386 1337 1440 1372 γάρ
1461 1337 1656 1372 ἐπερχομένας,

871 1386 918 1412 καὶ
938 1385 1115 1420 ἀφιστάμενοι
1141 1384 1264 1419 καθάπερ
1285 1383 1330 1410 ὑπ’
1346 1384 1451 1418 ἐλάφων
1472 1384 1656 1419 ἁρπαζόμενοι

871 1431 1075 1458 καταπίνονται.
1097 1431 1253 1466 Χειροήθεις
1267 1430 1289 1457 δ’
1306 1430 1373 1457 εἰσὶν
1389 1431 1417 1456 ai
1435 1429 1513 1462 ἴϐεις,
1528 1430 1574 1456 καί
1588 1430 1656 1465 πρὸς

872 1477 951 1512 μόνον
964 1476 994 1503 τὸ
1008 1476 1060 1503 τῶν
1077 1477 1164 1511 ὄφεων
1177 1476 1253 1511 γένος
1272 1476 1370 1511 ἄγριοι.
1389 1475 1443 1501 Καὶ
1455 1475 1518 1510 περὶ
1536 1474 1584 1510 μὲν
1594 1473 1656 1501 τού-

870 1530 924 1548 των
933 1522 1050 1558 παρίημι
1061 1521 1108 1549 νῦν
1117 1521 1244 1557 γράφειν,
1256 1521 1306 1547 οὐκ
1323 1520 1489 1555 ἀγνοούντων
1500 1520 1554 1546 τῶν
1563 1519 1657 1554 Ἑλλή-

871 1576 922 1594 νων
936 1568 986 1604 τῆς
1003 1567 1085 1599 ἴϐιδος
1102 1567 1131 1594 τὺ
1147 1565 1225 1598 εἶδος.
1245 1567 1287 1598 Ὡς
1300 1564 1346 1592 οὖν
1363 1567 1402 1597 εἰς
1414 1565 1463 1600 τὴν
1476 1565 1527 1600 γῆν
1546 1564 1656 1591 ἐνέϐαλε

869 1615 918 1650 τὴν
935 1614 1110 1650 θηροτρόφον,
1132 1613 1242 1644 ταύταις
1266 1612 1422 1647 ἀπεμάχετο
1436 1611 1484 1647 τὴν
1500 1611 1553 1637 τῶν
1575 1612 1656 1646 ἑρπε-

869 1660 922 1686 τίυν
948 1660 1045 1694 φύσιν,
1076 1659 1190 1692 ἐπαφεὶς
1219 1658 1320 1690 αὐτοῖς,
1348 1658 1395 1684 καὶ
1421 1656 1655 1692 προπολεμούσαις

870 1705 1017 1741 χρώμενος.
1039 1705 1139 1731 Τοῦτον
1153 1703 1198 1731 οὖν
1211 1704 1322 1735 ὁδεύσας
1335 1703 1379 1729 τὸν
1390 1702 1499 1738 τρόπον,
1514 1702 1574 1728 οὐδὲ
1590 1710 1656 1736 προ-

871 1751 985 1786 μαθοῦσι
1000 1751 1089 1786 παρῆν
1113 1752 1168 1781 τοῖς
1184 1750 1304 1784 Αἰθίοψι·
1327 1748 1374 1778 καὶ
1400 1746 1543 1783 συμϐαλὼν
1564 1747 1654 1778 αὐτοῖς

870 1798 964 1831 κρατεῖ
977 1797 1008 1831 τῇ
1024 1796 1107 1832 μάχῃ,
1122 1796 1168 1822 καὶ
1183 1794 1237 1822 τῶν
1259 1794 1372 1821 ἐλπίδων
1388 1793 1420 1824 ἃς
1436 1791 1506 1827 εῐχον
1525 1793 1571 1819 ἐπὶ
1591 1792 1655 1823 τοὺς

868 1844 1032 1877 Αἰγυπτίους
1057 1844 1226 1879 ἀφαιρεῖται·
1245 1841 1293 1872 τάς
1309 1849 1338 1867 τε
1357 1840 1447 1871 πόλεις
1471 1839 1559 1866 αὐτῶν
1575 1838 1654 1874 ἐπῄει

869 1888 1131 1924 καταστρεφόμενος,
1153 1887 1200 1914 καὶ
1226 1887 1303 1921 φόνος
1327 1886 1410 1918 πολὺς
1437 1885 1491 1911 τῶν
1517 1885 1654 1911 Αἰθιόπων

868 1934 1026 1970 ἐπράττετο.
1043 1934 1098 1960 Καὶ
1119 1933 1168 1968 τῆς
1183 1932 1226 1959 διὰ
1241 1931 1358 1966 Μωῡσῆν
1382 1930 1533 1966 εὐπραγίας
1555 1929 1654 1963 γευσά-

870 1989 948 2015 μενον
960 1979 990 2006 τὺ
999 1979 1052 2007 τῶν
1066 1979 1220 2014 Αἰγυπτίων
1234 1977 1391 2013 στράτευμα
1413 1977 1504 2003 πονεῖν
1524 1976 1572 2002 οὐκ
1591 1975 1655 2002 ἕκα-

869 2033 944 2060 μνεν,
961 2025 999 2057 ὡς
1009 2025 1071 2060 περὶ
1085 2023 1300 2059 ἀνδραποδισμοῦ
1314 2022 1360 2052 καὶ
1374 2022 1520 2053 παντελοῦς
1536 2021 1653 2049 ἀναστά-

868 2078 936 2102 σεως
951 2070 995 2097 τὸν
1007 2070 1128 2100 κίνδυνον
1149 2067 1217 2103 εἶναι
1232 2071 1287 2102 τοῖς
1302 2069 1435 2103 Αἰθίοψιν.
1451 2067 1573 2096 Meminit
1587 2068 1651 2094 item

867 2116 1021 2151 Artapanus
1034 2125 1041 2142 :
1058 2115 1127 2147 Τοὺς
1141 2113 1186 2142 οὖν
1203 2115 1266 2150 περὶ
1281 2115 1326 2141 τὸν
1335 2113 1450 2142 Μώῡσον
1469 2114 1511 2141 διὰ
1527 2113 1557 2140 τὸ
1573 2113 1653 2149 μέγε-

868 2162 913 2194 θος
928 2162 977 2196 τῆς
995 2161 1123 2198 στρατιᾶς
1147 2160 1222 2187 πόλιν
1242 2162 1270 2187 ὲν
1293 2160 1379 2196 τούτῳ
1403 2161 1495 2187 κτίσαι
1510 2160 1549 2195 τῷ
1566 2159 1652 2194 τόπῳ,

867 2208 914 2235 καὶ
927 2207 977 2243 τὴν
992 2207 1045 2233 ῖϐιν
1067 2207 1096 2233 ἐν
1111 2207 1179 2242 αὐτῇ
1197 2205 1372 2242 καθιερῶσαι,
1394 2205 1436 2231 διὰ
1460 2205 1491 2231 τὸ
1505 2204 1607 2238 ταύτην
1617 2204 1652 2231 τὰ

868 2253 1020 2289 βλάπτοντα
1032 2253 1095 2283 τοὺς
1108 2251 1266 2286 ἀνθρώπους
1282 2252 1401 2286 ἀναιρεῖν
1411 2260 1417 2265 ·
1434 2249 1652 2286 προσαγορεῦσαι

865 2299 894 2325 δὲ
917 2299 1002 2334 αὐτὴν
1018 2297 1118 2333 Ἑρμοῦ
1137 2297 1227 2330 πόλινε
1245 2296 1314 2324 Hinc
1324 2297 1382 2325 avis
1397 2296 1455 2323 haec
1471 2303 1549 2323 sacra
1567 2295 1650 2331 Εεν-

866 2344 939 2379 ptiis.
954 2343 1117 2371 Herodotus.
1137 2342 1190 2370 Sed
1205 2342 1239 2370 de
1251 2341 1302 2368 hac
1316 2341 1446 2369 nonnulla
1460 2341 1596 2376 superius.

900 2389 980 2422 lbid.,
998 2390 1046 2416 lin.
1060 2389 1105 2416 56.
1120 2387 1174 2415 Ἦν
1194 2388 1249 2423 γὰρ
1273 2387 1380 2414 αὐτῶν.
1403 2386 1499 2414 Omnia
1524 2387 1581 2414 haec
1602 2386 1650 2413 ha-

863 2436 962 2464 bentur
976 2435 1064 2463 fusius
1076 2434 1147 2470 apud
1161 2433 1321 2468 .losephum,
1338 2433 1386 2468 qui
1404 2440 1454 2460 nec
1466 2432 1592 2459 Tharmis
1604 2440 1648 2460 re-

862 2483 932 2517 ginae
947 2482 1081 2518 perditum
1098 2488 1217 2508 amorem
1232 2480 1259 2507 in
1276 2479 1393 2515 Moysen)
1409 2479 1516 2506 silentio
1536 2483 1645 2513 praeter-

861 2528 899 2558 it,
918 2535 951 2555 ex
968 2527 1066 2562 quibus
1089 2535 1138 2554 sua
1162 2526 1288 2553 videntur
1308 2524 1424 2553 mutuati
1442 2523 1528 2551 Graeci
1543 2523 1647 2551 fabula-

862 2577 935 2601 tores
951 2581 1011 2608 qua:
1027 2573 1060 2600 de
1074 2573 1164 2608 Scylla
1181 2577 1208 2600 et
1218 2572 1279 2599 aliis
1292 2575 1416 2598 narrant.

896 2619 956 2646 Col.
973 2619 1035 2650 784,
1051 2619 1099 2645 lin.
1115 2619 1159 2645 15.
1178 2618 1259 2644 Οὕτω
1275 2619 1329 2652 γὰρ
1345 2618 1414 2644 ὑπό.
1430 2616 1558 2650 Quaenam
1575 2615 1648 2651 M0};

860 2672 904 2692 ses
923 2664 1032 2691 doceret
1048 2663 1189 2699 Egyptios
1201 2663 1303 2691 indicat
1319 2663 1428 2697 Strabo,
1439 2664 1486 2691 lib.
1502 2671 1547 2691 xv:
1560 2672 1566 2690 :
1581 2662 1648 2697 Nan

861 2716 928 2738 recte
951 2711 1056 2744 sentire,
1073 2711 1117 2745 qui
1141 2710 1295 2740 bestiarum.
1324 2719 1354 2737 ac
1374 2718 1496 2745 pecorum
1516 2710 1645 2745 imagines

861 2751 921 2784 Deo.
939 2756 1094 2788 tribuerunt,
1111 2757 1221 2790 itemque
1243 2755 1332 2791 Afros,
1354 2761 1379 2783 et
1400 2755 1505 2784 Gra'cos
1527 2757 1571 2791 qui
1590 2756 1642 2783 diis

861 2803 994 2830 hominum
1017 2803 1130 2838 figuram
1157 2802 1316 2836 afﬁngerent.
1343 2801 1376 2829 Id
1400 2810 1459 2829 vero
1478 2802 1563 2830 solum
1587 2811 1642 2829 esse

861 2848 953 2882 Deum,
965 2847 1032 2883 quod
1052 2856 1107 2881 nos,
1125 2852 1148 2874 et
1167 2852 1274 2879 terram,
1293 2855 1324 2874 ac
1340 2855 1412 2874 mare
1426 2848 1556 2880 continet;
1575 2847 1643 2882 quod
