1900 3070
252 114 328 156 λιοει

948 139 1069 169 LEONIS
1090 141 1227 170 ALLATII

1811 149 1860 178 £05!

260 185 364 219 emtum,
377 191 402 213 et
416 189 541 216 mundum
551 195 576 217 et
590 199 677 219 rerum
694 195 810 222 omnium
824 202 948 224 naturam
961 204 1030 233 appet

262 230 346 242 ,ΜΨ
388 241 402 242 η
420 233 425 238 .
526 235 535 242 ,
609 238 614 242 .
682 239 687 242 .

1100 208 1166 235 φησι
1180 200 1287 237 πρῶτον
1302 201 1383 237 σοφὸν
1395 202 1531 236 γενέσθαι,
1545 204 1591 230 καὶ
1604 205 1800 241 γραμματικὴν
1810 209 1861 242 πρὸ

259 230 358 263 lamus,
381 233 456 267 cujus
472 235 590 269 profecto
606 238 748 273 imaginem
770 249 845 268 nemo
866 251 937 269 same
954 246 1046 271 mentis

259 275 374 310 alicujus
388 287 479 305 earum
496 288 595 312 rerum,
611 291 669 316 qute
686 292 763 318 penes
775 295 822 313 nos
844 293 915 321 sunt,
934 290 1048 318 similem

258 321 354 348 audeat
369 324 494 359 e/Iiugcre.
509 327 624 354 Proinde
633 331 1048 369 omnisimulacrorumeilia-tione

258 369 407 403 repudiata,
423 372 529 407 dignum
545 375 569 401 ei
592 376 727 411 templum,
744 387 773 404 ac
794 379 931 407 delubrum
950 384 1048 409 consti-

257 416 393 449 tuendum,
411 426 442 444 ac
460 420 515 446 sine
531 421 621 455 aliqua
634 423 721 457 ﬁgura
739 424 884 452 colendum.
902 426 954 459 Qui
964 433 1046 462 caste,

257 469 288 488 ac
297 462 370 496 juste
389 464 485 496 vivunt,
504 467 541 493 eis
564 467 630 494 bona
646 470 748 496 somnia
761 471 851 504 θίγεν·νί
864 480 873 498 .'
888 473 979 500 debere
994 475 1046 501 ita-

256 512 313 538 que,
327 511 351 532 et
364 514 412 538 pro
427 516 464 539 se,
487 514 511 535 et
526 518 574 543 pro
591 512 653 538 aliis
668 521 712 540 eo:
732 513 848 542 dormire
862 517 889 543 in
902 518 1006 552 templo,
1021 524 1046 546 et

257 559 274 577 a
288 550 341 578 Deo
357 553 466 581 subinde
484 555 585 590 aliquid
596 557 667 590 boui,
683 564 760 594 atque
777 561 869 589 indicii
886 550 1046 598 exspectare.

256 599 357 624 ueteris
374 599 440 625 nillil
451 602 624 634 sperandum.

291 643 349 670 Col.
367 645 427 677 785,
441 647 486 673 lin.
507 648 550 675 18.
576 649 710 685 Ἐτιμᾶτο
729 652 763 679 δὲ
777 655 839 682 καί.
855 656 932 682 Οὕτω
943 657 974 692 δὴ
983 658 1045 690 τοὺς

255 689 395 723 Αίθίοπας,
412 693 514 728 καίπερ
528 695 608 727 ὄντας
620 697 774 733 πολεμίους,
788 701 951 736 στέρξαιτὸν
965 689 1046 730 ivli-3i};

257 744 313 767 σον,
329 736 397 763 ὥστε
413 739 460 765 καὶ
478 741 527 775 τὴν
542 744 693 779 περιτομὴν
708 745 762 772 τῶν
777 747 883 774 αἰδοίων
898 750 962 784 παρ’
976 750 1046 776 ὲκεί-

255 791 301 810 νου
319 784 423 818 μαθεῖν.
440 787 476 812 Οὐ
492 786 570 821 μόνον
585 788 613 815 δὲ
624 789 734 822 τούτους
750 791 816 818 ἀλλὰ
828 794 874 820 καὶ
890 795 952 826 τοὺς
965 796 1045 831 ἱερεῖς

255 827 388 860 ἅπαντας.
406 829 493 858 Verba
511 837 575 859 sunt
593 835 743 870 Artapani;
765 837 837 865 lumc
855 839 1043 868 circumcisio-

1099 253 1145 271 τον
1161 248 1216 278 τοῖς
1236 246 1371 278 Ἰουδαίοις
1391 248 1566 284 παραδοῦναι,
1589 250 1636 276 καὶ
1657 251 1733 286 παρὰ
1753 252 1860 281 Ἰουδαίων

1097 290 1220 322 Φοίνικας
1242 291 1425 326 παραλαϐεῖν·
1442 293 1573 329 Ἕλληνας
1590 295 1619 321 δὲ
1644 296 1721 331 παρὰ
1743 297 1859 327 Φοινίκων,

1098 333 1147 361 llis
1163 343 1217 362 non
1233 338 1369 363 consentit
1384 337 1502 366 Joannes
1517 339 1704 369 Antiochenus
1716 341 1743 368 in
1761 342 1860 372 Are/ico-

1098 380 1168 415 logia
1180 388 1189 406 :
1207 382 1267 408 Ἔτι
1280 382 1332 409 τῶν
1341 383 1443 410 δώδεκα
1465 386 1640 421 πατριαρχῶν
1657 385 1692 422 ἧν
1712 387 1831 422 Ἡσίοδος,
1841 391 1860 422 7,;

1097 426 1131 452 τὰ
1151 426 1300 462 Ἀσσυρίων
1318 428 1469 464 γράμματα
1480 431 1518 461 είς
1540 431 1650 458 Ἐλλάδα
1670 432 1796 467 γλῶσσαν
1814 444 1858 469 μετ-

1097 470 1202 498 έϐαλεν.
1223 473 1289 499 Illud
1308 482 1382 505 vero,
1394 475 1499 502 litteras
1511 476 1627 510 primum
1646 485 1660 504 a
1679 477 1771 513 Moyse
1781 479 1858 509 Judzis

1096 517 1211 545 traditas
1225 526 1279 546 non
1298 520 1393 554 probat
1409 522 1587 556 Augustinus,
1604 524 1651 550 lib.
1677 532 1745 551 xvm
1767 525 1801 552 De
1814 528 1859 553 tiri-

1097 567 1151 589 tate
1167 563 1226 597 Dei,
1242 572 1302 600 cap.
1315 565 1366 598 59;
1382 572 1475 594 censet
1494 568 1576 601 enim,
1589 570 1811 604 quemadmodum
1822 573 1857 600 Iin-

1095 618 1175 646 guam
1193 611 1229 637 ita
1247 615 1274 638 et
1295 612 1409 645 litteras,
1424 617 1485 641 ante
1502 614 1620 650 Moysem
1637 616 1733 648 fuisse,
1747 621 1772 644 et
1785 626 1812 645 ex
1829 619 1858 647 his

1095 665 1156 691 qua:
1172 658 1298 692 superius
1313 667 1346 685 ex
1363 658 1480 695 Josepho
1492 661 1531 688 De
1545 662 1668 697 antiquit.
1686 663 1734 690 lib.
1755 671 1774 695 ι,
1789 666 1858 692 attuli-

1095 711 1156 732 mus
1170 703 1203 731 de
1214 704 1358 737 columnis,
1373 706 1458 733 altera
1472 707 1588 742 lapidea,
1611 709 1697 735 altera
1711 709 1826 742 lateritia,
1839 712 1857 738 in

1094 748 1195 782 quibus
1215 753 1328 784 nepotes
1351 750 1413 778 Seth
1439 755 1502 779 ante
1521 752 1679 780 illuvionem
1704 753 1776 781 illam
1795 757 1857 783 totius

1094 792 1170 819 orbis
1193 794 1334 820 scientiam
1351 802 1442 822 rerum
1469 796 1620 825 caelestium
1641 798 1676 825 ab
1701 799 1767 834 ipsis
1785 800 1856 827 inven-

1096 841 1163 868 tam,
1185 838 1284 866 litteris
1304 839 1480 875 insculptam,
1499 843 1744 879 consignatamque
1765 846 1856 881 relique-

1395 871 1403 875 .
1473 871 1478 874 .
1579 871 1593 878 υ
1699 871 1706 879 .
1734 871 1740 872 κ

255 871 298 900 nis
314 875 423 902 modum
448 877 516 904 mire
541 880 656 914 amplexi
677 886 752 912 sum.
771 883 808 910 ita
833 888 862 910 υι
888 885 968 912 etiam
997 894 1043 913 ac-
1059 879 1078 906 B
1094 886 1168 914 runt,
1183 884 1249 911 satis
1269 884 1449 913 conﬁrmatur
1464 886 1608 922 Augustini
1630 889 1735 924 opinio.
1754 889 1794 918 Sic
1811 892 1855 919 item

254 924 333 954 cepto
352 920 562 950 Christianismo
580 927 713 961 przeputia
731 927 764 955 ad
785 929 855 957 hanc
871 938 958 965 usque
971 932 1042 959 diem

253 971 375 1000 ponant;
393 969 464 1002 quod
481 978 512 997 ex
529 971 641 1006 antiqua
654 973 714 1006 ejus
739 976 826 1009 gentis
847 978 1042 1005 consuetudine

253 1012 344 1040 facere
363 1014 437 1048 ipsos
457 1016 516 1043 sine
543 1016 678 1049 Judaisgni
703 1022 898 1055 superstitione
928 1027 1042 1051 testatur

251 1057 385 1094 Joscphus
402 1061 531 1097 Scaliger.
546 1064 593 1090 lib.
610 1072 647 1091 vn
665 1065 702 1092 De
718 1067 820 1095 emend.
836 1073 923 1102 temp.,
940 1078 965 1104 p.
978 1070 1039 1098 640.

252 1105 294 1132 An
313 1111 424 1141 propter
449 1108 500 1136 hoc
518 1113 544 1136 et
566 1118 580 1137 α
606 1112 752 1146 gentilismi
776 1115 971 1149 superstitione
991 1117 1041 1143 im-

251 1153 367 1179 munes?
383 1152 513 1188 Scaliger.

285 1197 339 1224 [bid
355 1217 363 1230 ,
379 1198 426 1225 lin.
443 1200 488 1226 Ἦ.
503 1201 562 1227 Ἔτι
578 1201 612 1227 δὲ
629 1202 677 1228 καὶ
691 1202 758 1235 τήν.
776 1203 842 1236 Qua:
857 1205 891 1232 de
906 1205 1040 1234 divisione

250 1241 359 1277 Δίωνι)ιί
378 1243 535 1272 Eustathius
560 1246 644 1281 Moysi
670 1248 767 1275 tribuit
789 1250 896 1276 videtur
920 1251 1040 1278 tribuere

248 1287 366 1323 Josepho
376 1290 529 1318 Alexander
537 1291 692 1327 Polyhistor
700 1302 731 1320 ex
745 1294 883 1330 Artapano
895 1305 900 1323 :
915 1297 1039 1324 Ἐλθόντα

248 1333 277 1359 δὲ
295 1334 374 1360 αὐτὸν
391 1336 431 1367 είς
449 1337 498 1371 τὴν
519 1337 665 1372 Αἴγυπτον,
687 1340 735 1366 καὶ
753 1341 918 1368 συσταθέντα
937 1343 975 1378 τῷ
992 1344 1040 1378 βα-

249 1379 318 1406 σιλεῖ
338 1380 476 1416 διοικητὴν
489 1383 538 1418 τῆς
563 1384 627 1419 ὅλης
644 1386 770 1418 γενέσθαι
786 1387 887 1422 χώρας,
907 1389 953 1415 καὶ
972 1390 1039 1424 πρό-

248 1433 328 1461 τερον
341 1427 466 1460 ἀτάκτως
476 1429 530 1456 τῶν
545 1431 700 1464 Αἰγυπτίων
714 1433 936 1469 γεωμορούντων,
954 1435 996 1462 διὰ
1008 1436 1037 1462 τὸ

247 1472 298 1507 τὴν
314 1472 405 1508 χώραν
423 1473 574 1511 ἀδιαίρετον
587 1474 665 1508 εἶναι,
683 1479 730 1504 καὶ
745 1479 798 1505 τῶν
814 1479 965 1507 ἐλασσόνων
985 1481 1037 1507 ὑπὸ

246 1518 301 1545 τῶν
316 1521 479 1554 κρεισσόνων
495 1522 691 1558 ἀδικουμένων,
707 1524 801 1551 τοῦτον
821 1525 927 1560 πρῶτον
946 1527 994 1562 τήν
1006 1536 1035 1553 τε

246 1566 298 1600 γῆν
311 1565 417 1598 διελεῖν,
435 1569 480 1594 καὶ
499 1568 571 1604 ὅροις
590 1569 821 1606 διασημήνασθαι,
835 1572 882 1598 καὶ
901 1572 950 1608 τὴν
974 1573 1036 1599 πολ-

245 1611 293 1647 λὴν
303 1614 501 1649 χερσευομὲνην
512 1617 702 1651 γεωργήσιμον
718 1617 890 1650 ἀποτελέσαι,
905 1619 950 1644 καί
960 1627 1036 1652 τινας

245 1658 299 1684 τῶν
315 1659 438 1694 ἁρουρῶν
457 1662 512 1691 τοῖς
533 1661 651 1697 ἱερεῦσιν
666 1663 870 1699 ἀποκληρῶσαι.
889 1664 988 1691 Τοῦτον
1007 1666 1035 1692 δὲ

245 1702 292 1728 καὶ
310 1703 396 1739 μέτρα
412 1705 511 1740 εὑρεῖν,
528 1707 574 1732 καὶ
599 1708 724 1742 μεγάλως
744 1709 826 1734 αὑτὸν
849 1710 901 1735 ὑπὸ
917 1711 971 1736 τῶν
989 1711 1036 1737 Αί-

245 1749 364 1782 γυπτίων
391 1749 433 1776 διὰ
463 1751 548 1778 ταῦτα
572 1753 756 1788 ἀγαπηθῆναι.
786 1754 875 1789 Γῆμαι
899 1755 926 1781 δὲ
954 1756 1034 1783 αὑτὸν

250 1793 449 1822 Ἦλιουπολίτου
465 1796 559 1832 ἱερέως
582 1798 690 1825 Ἀσενὲθ
705 1799 851 1835 θυγατέρα,
865 1800 893 1833 ἐξ
903 1799 936 1836 ἧς
945 1802 1035 1837 γεννῆ-

246 1847 289 1865 σαι
305 1841 411 1872 παῖδας.
424 1841 604 1871 Prwfecturas
624 1843 733 1880 AEng
749 1853 763 1871 ιι
782 1845 897 1880 Memphi
912 1847 945 1873 ad
963 1846 1034 1874 The-

243 1884 350 1913 baidem
371 1895 456 1922 usque
481 1893 608 1916 numerat
629 1889 844 1924 Agatharchides
868 1892 938 1926 apud
962 1892 1033 1919 Pho-

242 1931 311 1958 tium
336 1932 363 1959 in
382 1933 465 1964 Bibl.,
483 1934 592 1967 Strabo,
615 1935 661 1962 lib.
677 1944 744 1968 xv”,
765 1936 912 1972 Egyptum
936 1939 1031 1966 scribit

242 1978 360 2012 primum
373 1979 489 2007 divisam
508 1981 536 2007 in
553 1981 739 2016 prmiacturas,
756 1982 920 2010 Thebaciam
939 1985 964 2011 in
985 1986 1032 2012 de-

242 2030 313 2054 cem,
331 2031 402 2056 eam,
417 2033 477 2060 quae
495 2025 521 2052 in
535 2026 622 2058 Delta,
639 2027 665 2054 in
685 2028 753 2055 alias
777 2029 882 2060 decem,
902 2029 1031 2057 Interme-

242 2067 314 2094 diam
331 2069 357 2095 iu
374 2070 503 2099 sedecim.
519 2070 569 2098 Tot
589 2072 661 2099 enim
677 2079 755 2100 erant
779 2073 934 2108 hujusmodi
962 2083 1030 2110 pra:-

242 2111 365 2147 fecturaa,
380 2119 447 2149 quot
459 2116 610 2152 labyrinthi
630 2119 709 2150 aulae,
723 2127 783 2153 qua:
796 2120 908 2149 circiter
918 2121 1030 2156 triginta

240 2157 362 2186 fuerunt.
376 2158 494 2187 Rursum
509 2161 687 2196 praefecturas
706 2163 808 2191 divisas
820 2165 846 2191 in
861 2166 1028 2199 toparchias.

1093 926 1262 960 explodenda
1279 933 1320 955 est
1340 927 1463 958 Philonis
1487 932 1590 966 opinio,
1618 934 1666 968 qui
1690 935 1723 961 ad
1745 935 1854 963 Abraham

1093 971 1274 999 inventionem
1294 973 1444 1002 litterarum
1462 975 1656 1005 Hebraicarum
1680 980 1773 1008 refert.

1128 1017 1206 1052 lbid.,
1223 1019 1270 1046 lin.
1285 1020 1330 1047 55.
1342 1022 1423 1047 Μετὰ
1434 1022 1468 1049 δὲ
1478 1022 1534 1056 τὴν
1544 1024 1629 1052 κατά.
1642 1025 1758 1058 Quidam
1769 1028 1855 1056 tradam

1092 1063 1211 1099 Moysem
1229 1069 1306 1100 parta
1324 1067 1439 1094 victoria
1457 1075 1520 1096 cum
1540 1070 1631 1098 redire
1647 1073 1732 1099 vellet
1752 1073 1776 1100 in
1791 1074 1854 1110 Egy-

1091 1115 1178 1145 ptum,
1197 1119 1246 1138 nec
1269 1112 1420 1141 dimitteret
1441 1121 1504 1141 eum
1522 1115 1650 1149 Tharbis,
1670 1118 1769 1152 ipsum,
1786 1121 1853 1155 utqui

1091 1156 1273 1190 peritissimus
1293 1162 1366 1185 esset
1387 1163 1534 1192 astrorum,
1552 1161 1621 1188 duas
1642 1163 1773 1198 imagines
1799 1166 1853 1192 scul-

1090 1202 1178 1236 psisse
1195 1203 1222 1229 in
1235 1204 1350 1238 gemmis
1364 1205 1425 1238 ejus
1440 1206 1559 1239 virtutis,
1573 1214 1605 1234 ac
1621 1210 1773 1242 potestatis.
1789 1215 1812 1237 ut
1825 1212 1852 1237 2i-

1090 1251 1147 1274 tera
1166 1250 1322 1276 memoriam
1337 1251 1453 1282 aﬁ'erret,
1466 1252 1550 1278 altera
1562 1253 1730 1282 oblivionem
1741 1276 1748 1287 ,
1761 1264 1852 1291 cumque

1089 1294 1200 1328 paribus
1225 1296 1333 1323 annulis
1356 1304 1403 1324 eas
1426 1297 1595 1331 inseruisset,
1626 1300 1743 1327 alterum
1769 1303 1852 1330 Scilicet

1088 1341 1226 1367 memoriae
1250 1341 1301 1367 sibi
1326 1349 1489 1375 reservasse,
1513 1345 1629 1372 alterum
1656 1347 1797 1375 oblivionis
1817 1350 1851 1375 dc-

1088 1385 1160 1412 disse
1173 1385 1300 1418 Tharbis,
1313 1395 1392 1421 quem
1406 1388 1450 1414 illa
1464 1389 1579 1417 induens
1596 1399 1658 1418 mox
1677 1392 1775 1428 Moysis
1788 1394 1850 1420 oblita

1089 1430 1156 1463 fuit;
1177 1431 1272 1466 sicque
1298 1433 1343 1460 ille
1367 1433 1394 1459 in
1417 1432 1564 1469 Egyptum
1587 1437 1679 1464 redire
1702 1440 1792 1472 potuit.
1812 1439 1850 1466 Sed

1087 1483 1175 1511 nugae.

1123 1521 1201 1555 lbid.,
1219 1522 1266 1549 lin.
1279 1522 1323 1550 36.
1340 1524 1393 1551 Kal
1416 1527 1432 1552 ό
1449 1527 1610 1560 Χενεφρῆς.
1625 1527 1779 1564 Artapanus
1794 1540 1799 1556 :
1813 1530 1849 1556 Τδι

1087 1567 1114 1594 δὲ
1129 1569 1280 1604 Χενεφρῆν,
1299 1570 1423 1603 λυθέντος
1434 1571 1480 1598 τοῦ
1493 1573 1622 1608 πολέμου,
1640 1575 1714 1611 λόγῳ
1732 1577 1776 1611 μὲν
1790 1577 1849 1603 αῡτὲν

1087 1613 1285 1646 ἀποδέξασθαι,
1311 1615 1384 1651 ἔργῳ
1413 1617 1442 1643 δὲ
1466 1618 1659 1648 ἐπιϐουλεύειν.
1690 1622 1849 1658 Παρελόμενοι

1086 1657 1150 1692 γοῦν
1168 1659 1249 1685 αὐτοῦ
1264 1660 1326 1691 τοὺς
1346 1660 1440 1694 ὄχλους
1462 1662 1524 1693 τοὺς
1551 1663 1599 1697 μὲν
1617 1664 1664 1690 ἐπὶ
1687 1665 1720 1691 τὰ
1742 1666 1796 1701 ὅρια
1813 1665 1849 1699 τῆς

1085 1703 1227 1735 Αἰθιοπίας
1244 1705 1350 1740 πέμψαι
1366 1707 1542 1742 προφυλακῆς
1557 1709 1647 1744 χάριν,
1671 1711 1735 1743 τοὺς
1748 1711 1772 1737 δὲ
1786 1720 1849 1747 apo:-

1085 1750 1163 1782 τάξαι
1179 1750 1224 1776 τὸν
1245 1751 1273 1776 ὲν
1286 1751 1346 1783 Διὸς
1363 1752 1437 1778 πόλει
1452 1753 1513 1779 ναὸν
1531 1754 1561 1785 ἐξ
1575 1755 1660 1790 ὀπτῆς
1683 1756 1786 1783 πλίνθου
1800 1764 1848 1782 κατ-

1085 1798 1285 1833 εσκευασμένον
1313 1798 1468 1834 καθαιρεῖν·
1501 1800 1594 1836 ἕτερον
1616 1801 1645 1828 δὲ
1668 1803 1764 1830 λίθινον
1785 1812 1847 1830 κατα-

1085 1843 1226 1875 σκευάσαι,
1247 1844 1277 1870 τὸ
1299 1844 1412 1879 πλησίον
1432 1845 1493 1880 ὅρος
1517 1845 1734 1882 λατομῄσαντας·
1749 1848 1846 1881 τάξαιδὲ

1083 1889 1130 1915 ἐπὶ
1143 1889 1192 1924 τῆς
1202 1890 1356 1926 οἰκοδομίας
1372 1892 1519 1928 ἐπιστάτην
1533 1894 1696 1930 Ναχέρωτα.

1120 1933 1198 1968 lbid.,
1218 1936 1266 1962 lin.
1283 1937 1328 1963 40.
1354 1938 1382 1963 Tt
1405 1937 1467 1970 τοῖς
1479 1938 1586 1972 ἀνθρώ.
1615 1941 1771 1974 Ariapamls
1794 1941 1845 1975 apud

1084 1980 1225 2007 Eusebium
1236 1990 1244 2008 .'
1254 1982 1305 2008 Τὸν
1320 1983 1358 2015 δὲ,
1374 1982 1482 2009 ἐλθόντα
1493 1985 1560 2018 μετὰ
1570 1986 1689 2012 Μωΰσου
1700 1988 1738 2018 εὶς
1749 1986 1843 2022 Μέμφιν,

1082 2026 1215 2053 πυθέσθαι
1232 2028 1298 2063 παρ’
1311 2028 1403 2061 αὑτοῦ,
1419 2029 1444 2055 εἰ
1454 2038 1479 2055 τι
1492 2030 1555 2057 ἄλλο
1566 2031 1639 2057 ἐστὶν
1652 2031 1795 2068 εὔχρηστον
1805 2033 1844 2062 tri;

1081 2072 1243 2107 ἀνθρώποις.
1259 2073 1310 2100 Τὸν
1325 2073 1354 2100 δὲ
1370 2075 1452 2108 φάναι
1469 2075 1546 2109 γένος
1569 2076 1600 2102 τὸ
1624 2076 1706 2112 βοῶν,
1721 2077 1761 2104 διὰ
1773 2078 1798 2104 τὸ
1807 2078 1843 2112 τὴν

1080 2118 1132 2153 γῆν
1147 2119 1198 2145 ὑπὸ
1217 2119 1318 2146 τούτων
1339 2119 1479 2156 ἀροῦσοαι.
1501 2120 1552 2147 Τὸν
1571 2121 1599 2147 δὲ
1614 2121 1765 2158 Χενεφρῆν,
1780 2129 1842 2156 προπε

1080 2165 1265 2201 αγορεύσαντα
1275 2165 1374 2202 ταῦρον
1387 2167 1480 2199 Ἀπιν,
1493 2167 1619 2193 κελεῦσαι
1632 2168 1706 2203 ἱερὸν
1713 2167 1788 2194 αὑτοῦ
1797 2168 1842 2197 10");

239 2205 396 2239 toparchias
416 2206 443 2233 in
456 2206 524 2235 alias
537 2209 687 2243 portiones,
704 2217 819 2244 quarum
835 2212 954 2239 minimae
963 2220 1027 2240 arva

1090 2211 1174 2246 ὶχλους
1188 2212 1411 2248 καθιδρύσασθαι,
1427 2214 1474 2240 καὶ
1486 2213 1521 2240 τὰ
1535 2212 1593 2245 ζῶα
1611 2213 1646 2240 τὰ
1664 2214 1840 2250 καθιερωθέπα

239 2254 319 2278 erant
335 2255 361 2278 et
382 2251 501 2288 [Egyptii
515 2253 566 2280 hac
582 2255 718 2289 exquisita
732 2256 890 2291 minutaque
907 2257 949 2285 usi
962 2264 1026 2285 sunt

239 2295 375 2324 divisione
402 2303 513 2333 propter
537 2300 684 2328 continuas
710 2301 804 2328 ﬁnium
833 2302 1025 2336 conlusiones,

238 2348 349 2378 propter
375 2343 427 2371 Nili
447 2345 626 2380 incrementa,
643 2347 689 2381 qui
715 2351 813 2375 auctus
835 2347 878 2375 his
899 2348 1025 2381 addebat,

238 2389 300 2417 aliis
323 2390 471 2424 adimebat,
488 2393 578 2418 omnia
601 2401 679 2420 versa
702 2393 771 2420 facie
787 2401 880 2421 rerum
905 2402 1026 2421 commu-

237 2440 310 2468 tans,
332 2436 436 2471 ﬁguris,
455 2438 594 2472 signisque
611 2439 727 2466 obrutis.
743 2439 779 2467 De
795 2439 837 2466 his
855 2439 1026 2474 praefecturis

236 2481 299 2509 vide
314 2481 474 2514 Diodorum,
491 2482 622 2516 Plinium,
637 2487 664 2511 et
679 2485 758 2511 alios.

272 2527 352 2560 Ibid,
366 2529 413 2555 lin.
429 2529 473 2555 29.
491 2528 609 2562 Πρῶτος
626 2529 681 2565 γὰρ
693 2528 791 2563 οὗτος.
805 2529 957 2559 Alexander
972 2531 1024 2559 Po-

234 2573 352 2608 lyhistor
375 2574 446 2608 apud
462 2574 628 2602 Eusebium:
652 2575 809 2611 Εὒπόλεμος
830 2577 859 2603 δέ
885 2585 951 2613 φησι
978 2578 1023 2604 τὸν

235 2619 338 2653 Μωσῆν
355 2620 461 2655 πρῶτον
475 2621 555 2655 σοφὸν
565 2620 701 2655 γενέσθαι,
714 2621 760 2647 καὶ
772 2621 922 2657 γράμματα
936 2631 1023 2658 παρα-

234 2664 326 2692 δοῦναι
353 2667 410 2698 τοῖς
436 2667 572 2699 Ἰουδαίοις
593 2668 717 2703 πρῶτονθ
743 2667 817 2704 παρὰ
842 2669 870 2695 δὲ
889 2669 1022 2695 Ἰουδαίων

234 2709 357 2742 Φοίνικας
379 2712 556 2747 παραλαϐεῖν,
577 2713 710 2748 Ἕλληνας
728 2713 756 2739 δὲ
782 2714 857 2748 παρὰ
881 2714 1019 2744 Φοινίκων,

235 2756 333 2790 νόμους
353 2766 382 2783 τε
404 2759 511 2794 πρῶτον
536 2759 640 2794 γράψαι
668 2761 770 2796 Μωαῆν
792 2762 848 2792 τοῖς
872 2760 1020 2792 Ἰουδαίοις.

235 2803 361 2831 Clemens
375 2805 586 2841 Alexandrinus,
600 2809 645 2836 lib.
661 2818 667 2836 ι
686 2809 787 2838 Slrom.
802 2807 976 2844 εΕὺπόλεμος
992 2808 1019 2834 δὲ

236 2849 264 2881 ἐν
279 2848 317 2887 τῷ
331 2850 393 2876 moi
406 2851 459 2878 τῶν
476 2853 504 2879 ὲν
515 2854 548 2888 τῇ
569 2854 677 2891 Ἰαξςλ·
697 2853 826 2888 Ξτςιλέων
841 2853 886 2880 τὸν
900 2854 1019 2889 Μωῦσῆν

1079 2258 1131 2283 ὑπὸ
1152 2258 1199 2284 τοῦ
1222 2258 1339 2285 Μωΰσου
1361 2259 1481 2286 κελεύειν
1503 2260 1561 2287 ἐκεῖ
1584 2260 1718 2296 φέροντας
1742 2261 1838 2292 θάπτειν,

1078 2302 1279 2337 κατακρύπτειν
1295 2303 1379 2330 θέλων
1392 2304 1438 2330 τοῦ
1452 2305 1568 2331 Μωΰσου
1584 2306 1764 2341 ἐπινοήματα.

1111 2346 1192 2379 lbid.,
1205 2347 1253 2374 lin.
1267 2347 1311 2375 48.
1332 2349 1387 2375 Τὸν
1398 2348 1432 2375 δὲ
1445 2349 1546 2383 ὄχλον.
1566 2349 1605 2378 De
1624 2350 1677 2378 hoc
1692 2352 1770 2378 verba
1781 2352 1838 2378 Arta-

1076 2391 1140 2426 pani
1155 2399 1236 2426 supra
1253 2393 1406 2427 posuimus.

1111 2437 1191 2468 lbid..
1207 2437 1254 2465 lin.
1267 2438 1311 2465 54.
1329 2437 1533 2472 Ἀποξενώσας
1545 2438 1588 2467 δέ.
1600 2439 1755 2474 Artapanus
1765 2439 1837 2467 :‘Am-

1075 2481 1249 2516 ξενωσάντων
1264 2483 1293 2510 δὲ
1313 2484 1394 2511 αὐτὸν
1415 2484 1468 2511 τῶν
1487 2485 1652 2518 Αἰγυπτίων,
1671 2485 1836 2521 ,ὀρκομοτῆσαι

1073 2529 1137 2561 τοὺς
1156 2530 1250 2564 φίλους
1270 2530 1306 2566 μὴ
1324 2530 1478 2564 ἐξαγγεῖλαι
1502 2530 1542 2566 τῷ
1556 2532 1668 2567 Μωῢσῳ
1685 2533 1735 2567 τὴν
1751 2533 1836 2558 ἐπισυν-

1075 2577 1222 2612 ισταμένην
1240 2576 1312 2612 αὐτῷ
1339 2577 1494 2613 ἐπιϐουλὴν,
1521 2578 1568 2604 καὶ
1593 2578 1772 2613 προὸαλέσθαι
1789 2576 1836 2606 τοὺς

1072 2623 1268 2658 ἀναιρήσοντας
1281 2623 1370 2650 αὐτόν.
1385 2623 1507 2658 Μηδενὺς
1519 2623 1542 2649 δ’
1557 2624 1770 2656 ὑπακούσαντος,
1783 2623 1834 2648 ovs:—

1072 2668 1143 2694 δίσαι
1159 2668 1204 2695 τὸν
1217 2668 1359 2703 Χενεφρῆν
1373 2668 1545 2704 Χανενώθην,
1570 2670 1616 2696 τὸν
1639 2670 1754 2706 μάλιστα
1772 2675 1835 2704 πρωί

1071 2715 1268 2749 αγορευόμενον
1289 2714 1334 2740 ὑπ’
1353 2714 1447 2741 αὑτοῦ.
1459 2715 1511 2741 Τὸν
1525 2715 1565 2747 δὲ,
1585 2715 1772 2748 ὀνειδισθέντα,
1785 2714 1834 2740 ὑπο-

1072 2759 1181 2795 σχέσθαι
1195 2760 1245 2795 τὴν
1259 2760 1390 2793 ἐπίθεσιν,
1407 2760 1523 2787 λαϐόντα
1539 2761 1645 2796 καιρόν.

1103 2804 1184 2838 lbid.,
1199 2806 1249 2834 lin.
1264 2805 1307 2834 59.
1327 2807 1394 2834 Τότε
1407 2806 1445 2841 δὴ
1457 2807 1506 2834 καὶ
1520 2807 1585 2842 τῆς,
1598 2808 1768 2843 Artapanus:
1782 2803 1832 2831 Ὑπὸ

1069 2853 1097 2879 δὲ
1118 2852 1210 2880 τοῦτον
1229 2853 1274 2880 τὸν
1296 2853 1391 2888 καιρὸν
1415 2853 1462 2888 τῆς
1486 2854 1621 2889 Μὲρῤιδος
1645 2852 1834 2888 τελευτησάσηςο.
