1900 3070
205 88 283 121 ,1055

882 81 1004 108 LEONlS
1024 76 1161 107 ALLATll

1767 73 1777 100 1
1783 73 1832 101 036

212 144 473 183 expressitJoannes
483 141 682 175 Antiochenus,
695 141 723 169 in
736 140 920 174 Archwologia
931 147 940 166 :
950 139 1000 164 Φα-
1013 144 1036 170 Α
1051 137 1135 164 fuisse
1151 135 1221 163 idem
1235 137 1388 170 peccatum»
1409 130 1470 159 tota
1485 131 1544 160 hac
1555 130 1671 159 historia
1682 129 1717 157 de
1732 130 1833 165 nuptiis

215 193 272 232 ραώ
296 201 366 223 τινος
388 190 518 226 βασιλέως
540 188 677 222 Αἰγύπτου
702 188 815 219 πολλοὺς
837 187 890 213 τῶν
914 193 999 221 προσ-

212 241 293 268 οίκων
310 236 576 271 καταγωνισαμένου,
591 236 637 261 καὶ
652 235 714 265 τοὺς
727 233 888 270 λῃστρικοὺς
901 232 999 267 ἄνδρας

215 284 480 322 μεταρρυθμίσαντος
496 283 564 318 πρὸς
580 281 610 308 τὸ
625 281 826 316 φιλάνθρωπον,
843 279 889 305 καὶ
904 279 927 305 oi
943 278 999 303 λοι-

214 334 258 359 ποὶ
273 331 389 367 βασιλεῖς
404 329 541 363 Αἰγύπτου
556 328 595 358 εἰς
611 326 693 361 τιμὴν
709 325 814 352 ἐκείνου
825 323 924 360 Φαραὼ
936 325 1000 350 ἑκα-

213 377 315 404 λοῦντο.
326 374 394 402 Vide
407 374 470 400 item
484 371 632 406 Josephum
647 371 693 397 lib.
708 377 773 396 xvnl
791 369 998 404 Antiquitatum,

214 423 258 459 qui
273 423 355 449 multa
370 421 403 448 de
419 419 528 446 nomine
541 417 691 444 Pharaonis
703 415 854 446 adnotavit,
874 414 999 449 quamvis

214 468 373 504 quibusdam
393 466 538 499 incompta,
555 464 687 498 falsaque,
700 466 726 490 et
740 462 802 496 jure
816 462 924 490 merito.
943 460 1000 487 visa

215 513 354 542 sint.,Alii
370 512 497 538 dixerunt
512 509 669 537 Pharaones
690 509 778 535 dictos
796 506 874 542 quasi
898 506 999 532 l‘haro~

215 568 275 592 nes,
300 566 314 585 a
339 557 428 584 Pharo
452 556 540 583 insula
562 563 578 582 e
601 555 712 590 regione
739 553 910 581 Alexandria:
935 552 999 579 olim

215 605 366 640 Carpathos
380 604 462 634 dicta,
476 602 521 629 ubi
533 601 656 636 regnavit
666 600 781 627 Proteus
792 608 800 633 ;
813 599 860 628 sed
873 600 931 627 bare
942 598 1001 633 opi-

215 653 261 679 nio
276 659 325 679 sua
343 651 473 677 inanitate
490 657 538 684 per
554 656 584 675 se
600 649 664 674 ruit.

249 697 309 725 Col.
317 697 380 725 768.
399 696 446 723 lin.
456 695 500 722 45.
516 693 649 721 Γυναῖκα
657 690 1000 728 ὀνόματιᾸΜιῃῃήῆὴῃ

215 743 301 771 fuisse
320 740 519 769 Melchisedech
544 739 694 780 sacerdotis
711 739 836 766 nonnulli
859 739 1001 766 existima-

217 793 290 823 runt,
313 788 385 824 quod
407 786 491 815 Judas
514 787 542 813 in
560 787 727 814 scortatione
743 785 952 820 deprehensam,
971 790 1001 814 ut

217 835 330 863 inferius
345 834 467 862 comburi
480 832 620 866 jussisset,
640 839 695 858 non
712 831 837 866 lapidari.
855 830 909 858 Lex
927 833 999 859 enim

216 882 266 910 fuit
285 881 356 917 apud
373 880 511 912 Hebraeos,
532 887 612 913 quam
631 883 724 913 postea
743 877 849 913 Moyses
862 878 999 913 repetivit,

215 932 245 955 ut
269 928 322 955 ﬁlia
343 926 492 954 sacerdotis
512 928 629 952 scortata
654 923 869 956 combureretur,
895 928 1001 951 caelane

216 975 411 1010 lapidarentur,
436 972 522 999 Levit.
547 978 583 997 xx
606 974 633 998 et
658 978 714 997 ut.
739 968 791 996 Sed
817 969 851 996 de
883 968 1002 996 Thamar

214 1021 327 1056 ejusque
358 1022 456 1055 gente,
491 1017 646 1045 conditione
676 1021 703 1042 et
728 1015 851 1043 moribus
874 1019 1001 1043 accurate

214 1066 302 1099 Philo,
313 1066 361 1093 lib.
380 1065 416 1092 De
430 1064 587 1092 nobililale:
603 1062 711 1097 Ταύτην
727 1061 864 1096 εὐγένειαν
875 1060 905 1087 οὺ
923 1062 1001 1097 μόνον

215 1112 346 1147 θεοφιλεῖς
360 1111 465 1146 ἄνδρες,
483 1109 550 1136 ἀλλὰ
566 1109 613 1136 καὶ
625 1109 753 1143 γυναῖκες
767 1108 914 1142 ἐζήλωσαν,
935 1108 1002 1134 ἀπο-

216 1159 349 1196 μαθοῦσαι
375 1158 423 1193 μὲν
446 1156 565 1192 ἀμαθίαν
589 1154 637 1190 τὴν
662 1153 809 1189 σύντροφον
833 1153 897 1187 περὶ
919 1152 1001 1187 τιμῆς

214 1206 268 1233 τῶν
288 1204 488 1241 χειροκμήτων,
510 1200 696 1228 παιδευθεῖσαι
719 1199 746 1225 δὲ
772 1199 835 1234 περὶ
854 1198 1001 1233 μοναρχίας

215 1253 381 1288 ἐπιστήμην,
435 1250 609 1285 μοναρχεῖται
625 1248 638 1273 ὁ
656 1247 768 1280 κόσμος.
788 1245 886 1280 Θάμαρ
898 1242 931 1280 ἦν
947 1243 1001 1270 τῶν

215 1297 268 1326 ἀπὺ
283 1297 332 1332 τῆς
341 1294 526 1329 Παλαιστίνης
543 1292 642 1327 Συρίας
656 1291 767 1325 γύναιον
782 1290 810 1316 ὲν
823 1289 911 1325 οἰκείᾳ
927 1289 1001 1315 πόλει

214 1343 317 1379 τραφὲν
334 1340 467 1374 πολνθέῳ,
489 1338 610 1374 γεμούσῃ
629 1336 742 1370 ξοάνων,
763 1335 810 1362 καὶ⁸
824 1335 1000 1370 ἀγαλμάτων,

215 1389 262 1418 καὶ
274 1388 390 1419 συνόλως
404 1384 611 1421 ἀφιδρυμάτων.
632 1383 701 1409 Ἀλλ’
719 1382 812 1417 ἐπειδὴ
826 1381 951 1415 καθάπερ
970 1380 1002 1406 ἐκ

217 1435 328 1465 σκότους
355 1432 450 1467 βαθέος
474 1429 590 1465 ἐδυνήθη
613 1428 742 1464 βραχεῖαν
765 1427 851 1462 αὐγὴν
874 1426 1002 1461 ἀληθείας

215 1481 311 1508 ἐνιδεῖν
327 1479 434 1513 Θανάτῳ
448 1477 587 1508 ικιιδύνου,
608 1476 676 1511 πρὸς
691 1475 830 1502 εὐσέϐειαν
846 1473 1003 1509 ηὑτομόλη-
1016 1489 1036 1517 c

215 1535 271 1557 σεν,
290 1525 368 1559 ὀλίγα
382 1523 549 1560 φροντίσασα
564 1521 611 1548 τοῦ
627 1521 686 1556 ζῇν,
707 1521 731 1547 εί
753 1520 789 1555 μὴ
808 1519 896 1555 μέλλοι
913 1518 1000 1550 καλῶς

215 1573 273 1609 ζῇν.
293 1572 329 1599 Τὸ
349 1572 377 1599 δὲ
399 1570 487 1601 καλῶς
505 1569 635 1603 ἀνέφερεν
652 1567 696 1594 ἐπ’
716 1567 792 1593 οὐδὲν
811 1565 934 1601 ἕτερονῆ
955 1565 1001 1591 ἐπὶ

213 1620 262 1654 τὴν
283 1616 430 1653 θεραπείαν
450 1616 496 1642 καὶ
515 1613 619 1640 ἱκεσίαν
639 1611 685 1638 τοῦ
705 1611 764 1643 ἐνὸς
788 1611 885 1638 αἰτίου.
904 1610 1000 1636 Καίτοι

213 1665 288 1692 δυσὶν
302 1663 425 1698 ἀδελφοῖς
440 1660 604 1697 ἀμφοτέροις
624 1659 752 1693 πονηροῖς
765 1659 794 1684 ἐν
814 1657 889 1692 μέρει
908 1665 1000 1691 γημα-

215 1710 294 1745 μένη,
311 1707 438 1744 κουριδίῳ
455 1706 504 1742 μὲν
520 1705 558 1740 τῷ
577 1703 712 1740 προτέρῳ,
726 1702 765 1738 τῷ
779 1702 800 1729 δ’
821 1702 933 1738 ὕστερον
954 1702 1000 1728 καὶ

214 1755 302 1791 ἔχοντι
322 1753 492 1784 ὲπιδικασίας
511 1751 595 1787 νόμῳ,
620 1750 716 1785 γενεὰν
735 1748 782 1775 τοῦ
806 1748 938 1783 προτέρου
962 1748 999 1783 μὴ

214 1800 417 1830 καταλιπόντος,
441 1797 497 1825 ἀλλ’
522 1797 606 1832 ὅμως,
627 1792 792 1830 ἀκηλίδωτον
815 1793 999 1828 διαφυλάξασα

213 1848 259 1875 τὸν
275 1846 374 1880 ἑαυτῆς
391 1845 458 1880 βίον,
475 1845 568 1879 ἴσχυσε
590 1843 636 1869 καὶ
652 1840 844 1878 προσηκούσης
860 1841 914 1870 τοῖς
933 1841 1000 1873 ἀγα-

214 1894 269 1925 θοῖς
281 1892 418 1927 εὐφημίας
434 1890 580 1924 ἐπιλαχεῖν,
594 1888 641 1914 καὶ
653 1888 708 1918 τοῖς
726 1886 783 1921 μεθ’
797 1886 882 1920 αὐτὴν
898 1885 1000 1911 ἅπασιν

213 1938 352 1974 εὐγενείας
365 1937 435 1972 ἀρχὴ
449 1934 574 1970 γενέσθαι
603 1933 673 1960 Ἀλλ’
689 1932 756 1967 αὕτη
771 1931 818 1967 μὲν
828 1933 851 1958 εί
867 1931 913 1958 καὶ
928 1930 1000 1958 ἁλλό-

214 1985 307 2020 φυλος,
319 1983 376 2010 ἀλλ’
395 1981 441 2009 οὖν
458 1990 489 2017 γε
501 1979 631 2017 ἐλευθέρα
649 1981 695 2006 καὶ
711 1980 740 2013 ἐξ
757 1978 905 2015 ἐλευθέρων
923 1977 998 2008 ἴσως.

214 2031 262 2057 καὶ
275 2030 325 2057 οὐκ
341 2030 466 2064 ἀσήμων.

249 2075 318 2102 Ibid.
336 2075 391 2103 Kal
408 2074 456 2101 διὰ
473 2073 628 2108 πονηρίαν.
645 2072 711 2105 Qua-
728 2071 809 2099 fuerit
825 2071 883 2098 haac
897 2071 999 2098 malitia

214 2122 256 2149 vel
284 2120 414 2156 iniquitas
432 2118 496 2151 Her,
512 2126 599 2153 neque
618 2118 760 2152 Scriptura
786 2117 931 2152 expressit,
949 2124 999 2143 nec

214 2172 319 2195 certum
344 2166 445 2202 aliquid
469 2165 552 2193 statui
573 2167 663 2200 potest
682 2163 717 2191 ob
743 2163 832 2190 varias
856 2167 998 2189 auctorum
1017 2169 1038 2198 [)

214 2214 372 2243 Sententias.
393 2213 574 2248 Augustinus,
590 2211 637 2238 lib.
660 2219 718 2238 χιιι
741 2215 834 2237 contra
858 2209 1000 2240 Faustum,

214 2268 274 2296 cap.
296 2260 341 2292 85,
359 2259 505 2294 signiﬁcat,
524 2263 665 2293 peccatum
680 2257 739 2291 ejus
755 2255 841 2284 fuisse
857 2255 1001 2283 crudelita-

214 2308 250 2335 tis
264 2311 291 2334 et
318 2306 439 2334 sevitiaz.
463 2305 518 2332 Alii
534 2305 737 2339 conjectarunt,
755 2303 842 2331 fuisse
858 2305 999 2337 peccatum

214 2357 310 2380 contra
327 2356 465 2384 naturam,
488 2351 560 2386 quod
582 2351 753 2382 admittebat,
777 2350 893 2377 abutens
917 2354 1002 2375 uxore

213 2405 289 2427 extra
305 2407 353 2426 vas
370 2398 512 2426 muliebre.
535 2397 712 2425 Hebrzeornm
735 2395 845 2423 traditio
859 2398 912 2426 est,
929 2394 1001 2421 Tha-

215 2452 273 2472 mar
292 2445 376 2472 fuisse
392 2445 601 2480 pulcherrimam
617 2445 755 2475 feminam,
768 2449 882 2477 eamque
897 2441 1002 2476 perdite

215 2492 368 2518 adamatam
390 2499 451 2518 esse
477 2491 510 2518 ab
533 2490 598 2517 ller.
623 2489 675 2522 Qui
697 2497 751 2524 quo
770 2488 874 2515 diutius
898 2487 1001 2514 illibata

216 2538 275 2572 ejus
295 2538 495 2573 pulchritudine
518 2537 570 2564 frui
586 2541 690 2572 posset,
705 2536 796 2563 sciens
812 2543 860 2570 per
879 2534 1002 2569 gravida-

216 2586 305 2612 tioues
321 2588 347 2612 et
367 2589 461 2619 partus
481 2584 660 2611 deflorescere
673 2582 810 2611 decorem,
823 2585 850 2608 et
872 2584 1000 2608 venusta-

216 2635 269 2658 tem
296 2631 470 2662 muliebrem,
494 2631 521 2657 in
545 2627 747 2664 congrediendo
773 2634 836 2654 cum
862 2627 999 2659 Thamar,

213 2677 368 2704 elfuudebat
382 2685 474 2705 semen
487 2681 563 2704 extra
577 2684 625 2703 vas
643 2675 725 2706 illitis,
741 2682 774 2701 ne
788 2674 923 2709 gravidari
938 2681 1001 2708 pos-

214 2726 264 2749 set.
283 2721 357 2748 llanc
371 2726 482 2750 secutus
495 2727 536 2749 est
550 2722 707 2755 Cajetanus,
722 2728 772 2748 nec
793 2720 899 2746 videtur
918 2720 952 2745 ab
968 2726 1000 2745 ea

214 2767 389 2794 abhorruisse
398 2766 517 2795 Joannes
527 2767 688 2799 Cassianus,
699 2766 845 2794 collatione
851 2765 877 2797 8,
885 2772 944 2798 cap.
955 2764 998 2794 11.

214 2812 246 2841 dc
259 2817 372 2847 peccato
384 2813 471 2841 Onam
483 2813 566 2841 verba
582 2813 694 2847 faciens,
711 2812 858 2840 verisimile
871 2811 943 2839 enim
956 2814 998 2838 est

1051 184 1171 210 Thamar
1196 187 1223 210 et
1249 181 1416 209 scortatione
1437 177 1513 205 Juda
1534 178 1640 212 prolixe
1665 180 1794 204 narratur
1807 177 1833 203 in

1051 229 1215 256 Testamento
1228 226 1261 253 12
1275 225 1498 261 patriarcharum,
1512 231 1572 258 cap.
1588 223 1615 250 5.

1084 283 1167 315 lbid.,
1190 283 1238 310 lin.
1264 282 1307 310 50.
1330 281 1466 315 Ἑξέχεεν
1488 279 1538 307 ἐπὶ
1565 279 1630 312 τῆς.
1654 279 1833 313 Augustinus,

1051 330 1097 358 lib.
1120 337 1177 357 un
1201 334 1294 356 contra
1310 327 1454 359 Faustum,
1473 334 1533 361 cap.
1549 326 1594 359 84,
1611 326 1731 360 pejorem
1755 325 1834 352 fuisse

1051 376 1115 408 Her,
1130 384 1212 411 quam
1235 375 1341 407 Onam;
1362 374 1438 401 illum
1457 372 1544 400 fuisse
1565 372 1728 406 malignum,
1745 375 1772 397 et
1787 377 1835 396 sae-

1051 430 1125 454 vum,
1137 427 1165 449 et
1175 429 1303 456 peccasse
1317 420 1459 452 nocendo;
1475 418 1548 445 hunc
1559 424 1698 453 peccasse,
1708 416 1835 451 prodesse

1050 473 1077 495 et
1098 469 1195 503 juvare
1211 467 1338 495 nolendo.
1362 465 1473 493 Pererio
1487 465 1642 500 oppositum
1667 462 1834 497 probabilius

1051 514 1168 547 videtur,
1180 521 1242 540 cum
1254 512 1397 547 Scriptura
1413 511 1465 538 ller
1478 510 1592 545 appellet
1605 516 1734 543 nequam,
1751 506 1834 534 Onam

1051 568 1115 588 vero
1129 560 1331 591 detestandum,
1348 557 1421 593 quod
1435 565 1491 584 rem
1515 556 1704 583 detestabilem
1726 554 1832 585 faceret,

1051 609 1124 643 quod
1149 608 1283 643 gravioris
1304 605 1429 633 criminis
1456 607 1520 631 nota
1548 607 1601 629 est.
1625 601 1728 628 Deinde
1752 600 1834 627 Onam

1050 654 1174 688 exemplo
1188 652 1340 688 punitionis
1357 651 1484 678 fraterna:
1501 649 1586 675 noluit
1598 647 1771 681 resipiscere,
1787 652 1834 672 nec

1051 700 1199 729 deterritus
1214 698 1359 730 abstinuit,
1374 696 1415 724 vel
1433 703 1448 722 a
1465 695 1558 727 simili,
1576 696 1617 721 vel
1630 701 1645 719 a
1661 693 1759 727 majori
1773 700 1834 727 pee-

1051 751 1122 774 cato.
1138 746 1271 773 Prmterea
1289 743 1342 770 llcr
1356 742 1478 778 peccavit
1491 741 1645 768 inordinata
1659 739 1772 766 libidine
1790 738 1834 765 de-

1052 791 1207 819 lectationis
1226 798 1357 821 venereae,
1372 788 1457 816 Onam
1474 787 1592 821 maligna
1608 785 1710 812 invidia
1725 784 1834 811 fraterni

1054 838 1128 870 boni,
1160 845 1194 865 ne
1228 835 1426 871 primogenitus
1453 841 1521 861 suus
1545 832 1736 866 assignaretur
1758 830 1834 857 fratri

1051 891 1111 910 SUO.

1085 948 1145 976 Col.
1160 947 1224 980 769,
1243 947 1291 974 lin.
1315 946 1358 973 12.
1379 946 1426 979 Ὧς
1447 945 1473 972 δ’
1492 945 1689 978 ἀποστείλας.
1714 943 1836 971 Historia!

1051 996 1132 1030 hujus
1148 995 1346 1030 perelegantem
1368 992 1526 1027 allegoriam
1546 992 1631 1020 habes
1652 992 1724 1027 apud
1748 991 1835 1017 Philo-

1051 1050 1124 1074 nem,
1144 1041 1193 1068 lib.
1211 1040 1279 1074 Περὶ
1293 1038 1443 1074 φυγάδων,
1460 1046 1539 1073 queui
1552 1038 1624 1065 vide.

1085 1096 1165 1127 lbid.,
1180 1096 1228 1122 lin.
1247 1095 1292 1122 55.
1319 1094 1376 1128 Τῆς
1397 1094 1548 1129 ἀχράντου
1563 1095 1689 1129 Μαρίας.
1711 1093 1836 1121 Insulsis-

1052 1143 1112 1170 sitni
1142 1142 1326 1169 Mahumelani
1354 1140 1466 1167 Mariam
1493 1141 1707 1174 sanctissimam,
1730 1146 1756 1168 et
1777 1149 1835 1176 quze

1052 1189 1189 1217 Christum
1213 1188 1295 1216 Deum
1316 1188 1430 1222 peperit,
1452 1195 1571 1214 sororem
1590 1187 1691 1222 Moysis
1713 1192 1739 1214 et
1757 1187 1838 1215 Aaro-

1052 1236 1095 1262 nis
1109 1235 1221 1262 faciunt.
1238 1233 1411 1268 Euthymius,
1430 1233 1456 1259 in
1475 1232 1624 1266 Panoplia:
1641 1233 1696 1259 Καὶ
1712 1233 1779 1259 ὅτιὸ
1791 1233 1837 1260 Λό-

1052 1289 1100 1316 γος
1114 1282 1161 1308 τοῦ
1185 1280 1262 1313 Θεοῦ,
1281 1280 1328 1307 καὶ
1347 1279 1377 1305 τὸ
1398 1279 1510 1314 Πνεῦμα
1530 1279 1623 1310 αὑτοῦ,
1647 1279 1744 1305 κτιστὰ
1766 1279 1836 1309 ὄντα,

1052 1327 1177 1363 εἰσῆλθεν
1194 1328 1234 1358 εἰς
1249 1326 1358 1362 Μαρίαν
1373 1325 1421 1361 τὴν
1444 1325 1559 1360 ἀδελφὴν
1581 1325 1703 1356 Μωσέως
1721 1325 1836 1351 καὶἊα-

1055 1371 1118 1410 ρὼν,
1144 1372 1191 1399 καὶ
1218 1372 1362 1407 ἐγέννησεν
1384 1371 1452 1406 αὕτη
1478 1371 1539 1405 δίχα
1563 1370 1720 1406 σπέρματος
1735 1369 1836 1405 Ἰησοῦν

1053 1420 1099 1446 τὸν
1125 1419 1252 1454 Χριστὸν,
1277 1419 1429 1454 προφήτην,
1457 1417 1504 1443 καὶ
1529 1416 1620 1443 δοῦλον
1646 1417 1776 1451 γεγονότα
1793 1414 1838 1443 τοῦ

1054 1464 1132 1492 Θεοῦ.
1161 1463 1194 1490 Εῑ
1215 1464 1242 1491 in
1267 1463 1362 1490 ordine
1382 1463 1428 1497 qui
1455 1466 1578 1489 servatur
1600 1470 1682 1497 super
1706 1463 1740 1489 iis
1759 1463 1804 1497 qui
1824 1471 1838 1489 ιι

1054 1510 1198 1538 Saracenis
1218 1510 1251 1537 ad
1271 1509 1488 1537 Christianorum
1507 1509 1585 1535 fidem
1610 1516 1639 1535 se
1657 1513 1838 1536 convertunt:

1060 1556 1263 1591 ’Δναθεματίζω
1275 1556 1322 1591 τὴν
1337 1554 1384 1581 τοῦ
1403 1554 1524 1588 Μωάμεδ
1537 1554 1670 1589 φλυαρίαν
1684 1555 1734 1589 τὴν
1750 1554 1840 1587 λέγου-

1054 1612 1110 1633 σαν,
1127 1603 1167 1629 ὄτι
1183 1602 1196 1627 ὁ
1220 1601 1322 1636 Κύριος
1346 1600 1393 1627 καὶ
1414 1600 1479 1631 Θεὸς
1500 1600 1602 1634 Ἰησοῦς
1623 1602 1636 1627 ὁ
1653 1600 1770 1635 Χριστὸς
1788 1597 1838 1627 (icio

1053 1647 1162 1682 Μαρίας
1174 1647 1222 1681 τῆς
1245 1645 1361 1680 ἀδελφῆς
1378 1644 1424 1671 τοῦ
1446 1645 1567 1676 Μωσέως
1582 1645 1630 1671 καὶ
1650 1644 1754 1680 Ἀαρὼν
1769 1645 1839 1677 ἐγεν-

1053 1693 1120 1728 νήθη
1135 1692 1197 1719 ἄνευ
1215 1691 1319 1726 σπορᾶς
1339 1691 1370 1717 ὲκ
1389 1689 1436 1716 τοῦ
1460 1690 1545 1724 Λόγου
1568 1689 1614 1715 τοῦ
1638 1689 1707 1716 Θεοῦ
1733 1691 1779 1716 καὶ
1795 1688 1838 1717 τοῦ

1053 1738 1220 1773 Πνεύματος.
1247 1737 1313 1770 Quis
1340 1737 1410 1763 hanc
1443 1737 1635 1772 ἁνιστορησίαν
1663 1738 1834 1765 somniasset.

1053 1784 1105 1810 nisi
1129 1782 1273 1814 Moameth,
1288 1787 1313 1811 et
1329 1786 1405 1817 pater
1426 1782 1484 1816 ejus
1499 1781 1643 1809 diabolus?
1660 1781 1783 1816 Spatium
1798 1783 1836 1809 bis

1053 1829 1127 1856 mille
1145 1836 1279 1855 annorum
1299 1828 1369 1855 inter
1394 1827 1504 1854 Mariam
1528 1835 1651 1854 sererent
1677 1828 1788 1863 Moysis.
1812 1833 1836 1856 et

1053 1874 1163 1902 Mariam
1180 1882 1240 1910 qua:
1253 1874 1392 1900 Christum
1410 1873 1521 1909 peperit,
1542 1873 1708 1901 intercessit.
1723 1874 1777 1901 Nec
1791 1876 1839 1901 mi-

1053 1930 1104 1948 nus
1120 1919 1360 1956 reprehendendus
1375 1925 1416 1947 est
1431 1917 1590 1947 ‘Fridericris
1607 1919 1781 1955 Sylburgius,
1795 1921 1837 1954 qui

1053 1968 1125 1994 notis
1139 1967 1165 1994 in
1183 1966 1357 1997 Saracenica,
1374 1966 1408 1993 de
1426 1966 1585 1992 adoratione
1605 1966 1755 2001 imaginum
1772 1967 1839 1994 male

1052 2013 1173 2040 sentiens
1188 2017 1266 2047 negat
1278 2011 1464 2039 adorationem
1476 2011 1567 2039 deberi
1581 2011 1665 2038 beatae
1681 2011 1774 2038 Mar-im
1788 2012 1839 2038 vir-

1053 2059 1119 2095 gini,
1134 2058 1213 2092 idque
1229 2057 1297 2084 locis
1318 2057 1481 2092 quibusdam
1498 2057 1584 2084 sancti
1605 2056 1750 2091 Epiphanii
1770 2058 1838 2084 male

1053 2106 1087 2132 ab
1099 2105 1158 2140 ipso
1174 2103 1328 2132 intellectis.
1341 2102 1366 2130 Is
1381 2103 1452 2130 enim
1464 2103 1502 2130 uti
1517 2102 1684 2130 Calvinianw
1700 2108 1781 2130 secta:
1793 2103 1838 2129 ad-

1053 2152 1142 2179 dictus
1157 2151 1273 2186 sparsim
1287 2149 1314 2176 in
1330 2149 1382 2176 illis
1401 2149 1474 2175 notis
1496 2149 1612 2176 latenter
1624 2152 1651 2175 et
1666 2148 1782 2176 subdole
1795 2157 1838 2176 ve-

1053 2205 1153 2225 nenum
1169 2197 1295 2228 effundit,
1319 2195 1390 2223 sicut
1412 2200 1439 2222 et
1457 2195 1584 2230 superius
1608 2194 1641 2222 de
1665 2199 1838 2222 sacramento

1053 2245 1229 2271 Encharistire
1250 2247 1342 2278 egerat
1364 2246 1391 2269 et
1411 2241 1438 2268 in
1461 2241 1520 2276 ipso
1541 2241 1643 2268 lumine
1658 2241 1799 2272 caacutire.
1813 2245 1837 2269 et

1053 2291 1141 2326 palam
1166 2289 1300 2317 mendacii
1316 2296 1397 2323 posse
1424 2287 1550 2314 convinci
1577 2295 1632 2314 non
1657 2292 1789 2320 veretur;
1814 2291 1838 2314 at

1052 2338 1116 2364 dum
1131 2343 1234 2364 venena
1246 2339 1366 2370 spargat,
1382 2343 1442 2369 quae
1458 2334 1588 2363 inliciant.
1602 2341 1700 2368 parum
1716 2335 1754 2360 illi
1769 2342 1838 2361 cura:

1052 2388 1104 2415 est,
1120 2384 1142 2411 si
1158 2390 1234 2411 suam
1251 2382 1279 2408 in
1299 2381 1482 2417 scriptoribus
1503 2379 1687 2414 intelligendis
1704 2380 1837 2407 inscitiam

1053 2429 1208 2465 patefaciat.
1224 2427 1289 2454 Vide
1304 2427 1392 2462 ipsum
1411 2434 1440 2462 p.
1458 2425 1509 2453 156
1527 2429 1554 2453 et
1569 2425 1630 2452 158.
1652 2425 1732 2458 Quod
1748 2426 1770 2453 si
1787 2433 1838 2453 non

1051 2480 1093 2503 est
1107 2476 1251 2505 invertere,
1267 2477 1491 2506 transversosque
1503 2478 1581 2505 agere
1595 2469 1692 2498 Patres
1705 2475 1838 2511 ct_eormn

1053 2521 1213 2551 sententias,
1229 2518 1293 2554 quid
1314 2518 1384 2546 erit?
1402 2517 1464 2544 Haec
1484 2517 1545 2544 ideo
1562 2516 1693 2543 adnotavi
1712 2521 1741 2544 ut
1764 2521 1840 2543 notas

1052 2568 1113 2594 illas
1129 2570 1208 2593 cattle
1223 2566 1308 2592 lector
1323 2567 1475 2600 percurrat.

1087 2622 1154 2648 ibid.
1178 2620 1234 2655 Τῆς
1253 2619 1414 2655 ἀχράντου.
1435 2619 1500 2652 Quae
1520 2623 1576 2646 tota
1593 2619 1710 2654 pulchra
1727 2623 1779 2652 est,
1792 2626 1839 2646 nec

1051 2670 1134 2696 ullam
1147 2668 1265 2694 admittit
1281 2667 1392 2693 omnino
1407 2667 1550 2693 maculam.
1565 2665 1592 2692 lu
1606 2674 1665 2692 eam
1683 2665 1803 2692 bundles
1816 2669 1839 2691 et

1051 2716 1151 2747 devoti,
1169 2715 1225 2741 haec
1240 2714 1364 2749 quamvis
1381 2713 1528 2748 incompta,
1544 2711 1640 2738 alfcctu
1657 2716 1750 2738 tamen
1764 2712 1838 2746 plena

1051 2762 1211 2789 cecinimus.
1232 2761 1298 2793 Qua:
1313 2760 1372 2791 tibi,
1386 2760 1482 2792 lector,
1501 2758 1693 2794 φιλοπαρῦένῳ
1720 2765 1776 2785 non
1798 2756 1827 2784 in

1051 2814 1125 2845 grata
1144 2809 1200 2836 fore
1216 2807 1413 2835 existimamus.
