1900 3070
226 103 295 131 1059

892 103 1014 131 LEONIS
1034 104 1170 131 ALLATll

1785 108 1846 135 105:]

225 162 338 189 Mariam
361 161 450 196 stupri
473 166 500 190 et
520 161 656 197 sacrilegii
674 165 818 190 accusatos
843 170 876 189 ex
902 164 1001 190 decreti

1064 172 1118 198 ρων
1144 163 1279 190 ἐκώλυσεν
1306 165 1479 200 ἐντυγχάνειν
1507 165 1598 198 αὐτοῖς
1620 166 1717 201 ὥσπερ
1737 167 1770 202 τῇ
1793 167 1847 203 θεία

225 210 396 238 sacerdotum
412 209 494 237 simul
513 209 598 238 fuisse
613 210 725 238 adactos
745 209 779 237 ad
794 209 942 237 bibendum
964 218 1013 245 po-

224 257 315 284 culum
330 256 531 289 redargutionis
544 263 598 291 quo
611 255 717 291 Moyses
729 256 864 291 exlilorari
877 255 960 290 jussit
976 255 1015 282 in-

224 304 378 330 nocentiam
399 302 507 330 femina:
521 303 554 330 de
571 303 706 330 adulterio
731 306 874 337 suspeette.
894 302 1013 337 Epipha-

223 350 285 376 nius
305 349 457 376 monachus
478 353 505 375 et
531 349 672 384 presbyter
689 348 780 376 libello
802 348 835 375 de
857 349 911 375 vita
928 348 1012 375 beata:

223 396 314 424 Maria:
330 395 443 431 virginis
456 395 586 422 Jacobum
600 395 673 421 hunc
690 394 756 421 dicit
777 394 862 421 fuisse
875 393 1010 424 Judaeum,

222 447 248 470 et
262 443 356 470 iisdem
368 449 430 469 cum
442 440 553 476 Virgine
566 440 734 475 temporibus
749 440 850 467 vixisse
863 450 870 467 :
887 440 923 467 ita
939 439 1011 467 enim

221 489 255 517 de
270 497 303 517 eo
319 488 494 524 pronuntiat:
512 487 590 513 Ἀλλὰ
608 487 653 513 καὶ
669 488 693 512 οἱ
718 486 940 522 ἐπιχειρήσαντες
963 486 1010 512 καὶ

222 535 293 570 μέρη
321 533 381 560 τινὰ
401 533 522 563 εἰπόντες
542 533 592 559 οὐκ
612 531 842 567 ὀρθατομήσαντες
864 532 932 566 ἀμφ’
946 532 1010 558 ἐαυ-

219 583 276 613 τοῖς
290 580 416 615 γεγόνασι
430 579 587 613 κατήγοροι,
602 575 652 604 οἷοι
664 577 790 609 Ἰάκωϐος
811 577 946 612 Ἐϐραῖος,
964 577 1010 604 καὶ

226 625 428 662 ’Δφροδισιανδς
451 625 569 660 Πέρσης,
593 624 640 650 καὶ
659 623 733 651 ἄλλοι
744 623 826 655 τινὲς,
844 623 923 658 μόνον
946 623 1010 659 περὶ

219 672 268 706 τῆς
287 671 419 706 γενέσεως
437 670 523 704 αὐτῆς
545 669 686 701 εἰπόντες,
710 668 812 700 εὐθέως
841 668 1008 704 ἐσιώπησαν.

219 717 287 752 Περὶ
300 717 328 743 δὲ
347 716 397 751 τῆς
414 716 567 751 κοιμήσεως
589 715 674 750 αὐτῆς
694 714 819 749 Ἰωάννης
837 715 852 740 ὁ
871 714 1008 741 Θεσσαλο-

218 764 326 795 νικεὺς,
352 761 565 796 πολυθρύλλητον
591 760 773 796 ποιησάμενος
796 759 873 794 λόγον
891 779 898 792 ,
929 759 1010 790 αὐτὸς

218 809 313 836 ἑαυτὸν
337 807 494 835 ὲπεσκίασε.
512 807 567 833 Kal.
593 807 686 842 ἔτερος
708 806 736 832 δὲ
766 806 906 841 Ἰωάννης,
928 805 1008 832 αὐτὸν

1064 208 1144 245 λοιπῇ
1163 210 1268 246 Γραφῇ.
1286 211 1341 237 Καὶ
1351 212 1434 246 ἡμεῖς
1449 211 1499 243 τὰς
1514 212 1731 247 περιγραφείσας
1742 213 1847 248 χρήσεις

1063 257 1133 292 ὑπὲρ
1147 256 1194 283 τοῦ
1215 256 1298 290 δεῖξαι
1316 257 1394 293 μόνον
1410 257 1459 292 τὴν
1475 257 1529 285 τῶν
1545 258 1706 294 ὲγρηγόρων
1727 258 1847 293 παράδει-

1064 310 1116 333 σιν,
1132 302 1178 328 καὶ
1192 302 1241 338 τὴν
1263 302 1317 330 τῶν
1331 303 1466 338 γιγάντων
1491 304 1629 338 ἀσέϐειαν,
1652 305 1715 340 περὶ
1728 303 1761 340 ἦς
1779 305 1846 331 καἰὸ

1063 349 1134 380 θεῖος
1147 350 1266 385 Μωῦσῆς
1283 350 1426 385 μέμνηται,
1443 349 1490 377 καὶ
1504 350 1544 376 ὅτι
1560 349 1593 376 δι’
1610 350 1708 381 αὐτοὺς
1721 351 1735 376 ὀ
1756 357 1844 384 κοσμία

1063 394 1109 426 κὸς
1129 395 1224 429 γέγονε
1245 395 1434 430 κατακλυσμὸς
1457 395 1642 431 παρεθέμεθα.
1669 396 1741 423 Bene
1758 396 1845 430 itaque

1063 444 1152 466 actum
1177 447 1238 466 cum
1264 440 1315 467 hoc
1330 444 1454 471 auctore,
1468 448 1530 466 cum
1547 439 1707 468 Eustathius
1727 441 1842 473 omissis,

1061 489 1088 513 et
1103 486 1271 513 detruncatis
1288 486 1332 517 iis.
1346 493 1407 521 quae
1424 486 1516 514 fucum
1533 486 1622 514 facere
1637 493 1759 521 possent,
1772 487 1844 514 utilia

1062 535 1167 559 tantum
1184 531 1321 568 decerpsit
1341 532 1440 560 devoto
1463 533 1568 564 lectori,
1592 532 1768 568 Virginisque
1788 537 1843 561 stu-

1062 577 1140 605 dioso
1155 586 1209 605 non
1225 579 1411 612 incommoda;
1427 579 1491 614 quin
1512 579 1580 606 tanti
1593 579 1683 606 Patris
1697 581 1843 608 auctoritas

1062 623 1169 657 pondus
1196 623 1245 656 illi,
1264 628 1291 651 et
1308 625 1498 652 auctoritatem
1521 623 1608 656 addit,
1626 625 1763 660 praecipue
1783 633 1842 653 cum

1061 669 1129 695 nihil
1146 669 1181 696 sit
1197 677 1230 696 ex
1253 670 1298 701 iis,
1316 677 1376 705 qua:
1394 671 1438 697 hic
1461 669 1627 703 referuntur,
1645 671 1718 706 quod
1734 671 1776 698 vel
1793 671 1841 698 Ec-

1060 714 1149 741 clesiae
1165 715 1206 742 vel
1219 715 1276 750 ejus
1298 716 1455 743 auctoritati
1471 717 1638 744 contrarium
1666 717 1711 748 sit.
1735 717 1790 744 imo
1804 723 1843 746 te-

1060 761 1197 788 stimoniis
1220 762 1354 797 dictisque
1378 763 1493 790 aliorum
1517 762 1630 790 Patrum
1655 767 1683 791 et
1697 764 1839 793 historico-

1060 813 1119 833 rum
1129 807 1222 833 'omnia
1247 807 1302 835 sint
1326 812 1519 835 consentanea.
1548 807 1641 843 quue
1671 809 1800 837 libentius
1815 810 1841 837 in

218 856 340 890 θεολόγον
355 853 521 890 ἐπιχρώσας,
538 853 598 880 τότε
614 852 728 887 ψεύδους
749 851 873 888 ἔγκλημα
889 851 931 886 ἐφ’
946 852 1001 877 ἑαυ-

1058 851 1127 878 hanc
1143 852 1228 879 ducor
1244 854 1417 886 sententiam,
1436 860 1496 880 eum
1513 853 1618 880 videam
1636 861 1691 880 non
1710 854 1814 881 laudari
1826 863 1840 881 ι

216 902 261 928 τὸν
287 901 470 928 ἐπεσπάσατο.
503 899 630 935 Ἀνδρέας
654 899 683 925 δὲ
704 899 718 925 ὁ
741 898 771 930 ἐξ
797 897 1004 933 Ἰεροσολύμων,

216 948 365 979 ἐπίσκοπος
382 947 505 983 Κρήτης,
528 945 606 979 ὀλίγα
628 945 689 971 τινὰ
710 943 805 975 εἰπὼν,
831 944 877 970 καὶ
899 943 1007 979 ὀρθοτο-

218 995 308 1030 μήσας
322 994 361 1024 εἰς
380 992 518 1028 ὲγκωμίου
528 990 605 1023 τάξιν
615 991 663 1026 τὴν
679 990 805 1026 διήγησιν
822 989 945 1024 ἔστησεν.
962 988 1005 1022 Et,

215 1040 354 1067 nonnullis
368 1038 517 1074 intcrjeetis
533 1047 541 1065 ι
555 1037 711 1068 Ἀθανάσιος
723 1037 750 1063 δὲ
763 1038 776 1063 ὁ
794 1036 1004 1072 Ἀλεξανδρείας,

216 1087 263 1114 καὶ
275 1086 350 1113 Λέων
362 1087 376 1112 ό
400 1085 520 1120 Ῥώμης,
538 1084 659 1116 εἰπόντες
672 1084 736 1119 περὶ
747 1083 841 1119 αὐτῆς,
857 1083 898 1109 ὅτι
911 1082 1005 1109 ἐπιου-

217 1132 281 1168 μίαν
306 1131 402 1166 ἀνδρὸς
423 1131 552 1166 ἠγνόησε,
566 1130 613 1157 καὶ
638 1130 666 1156 αἱ
696 1129 771 1163 ἆγιαι
795 1129 880 1154 πᾶσαι
903 1127 1005 1154 σύνοδοι

214 1178 348 1215 όρθόδοξοι
374 1177 405 1204 τὸ
429 1177 495 1204 αὐτὸ
513 1175 755 1212 ὲπιμαρτυροῦσιν.
784 1172 846 1201 Οἶον
878 1173 1004 1206 Ἰάκωϐος

221 1227 354 1262 Ἐϐραῖος,
372 1225 431 1251 τότε
450 1222 556 1258 παρὼν,
574 1223 621 1249 καὶ
648 1222 684 1248 τὰ
704 1221 767 1257 περὶ
789 1221 872 1257 αὐτὴν
886 1220 1003 1256 γράψας,

171 1296 173 1298 .
214 1272 299 1306 λέγει,
314 1272 365 1303 ὅτι,
383 1270 427 1296 διὰ
438 1269 468 1296 τὺ
489 1268 614 1303 γενέσθαι
628 1267 704 1301 ξένον
717 1267 764 1293 καὶ
776 1266 1005 1302 παρηλλαγμένον

214 1318 286 1345 κατὰ
311 1317 400 1344 πάντα
423 1316 470 1342 τὸν
497 1315 624 1346 τοκετὸν,
650 1313 850 1350 ψηλαφισθεῖσα
881 1313 934 1340 ὑπὸ
955 1313 1005 1347 τῆς

216 1365 309 1401 μαίας,
334 1362 433 1398 εὑρέθη
456 1361 600 1397 παρθένος,
626 1361 663 1392 ὼς
687 1360 741 1395 πρὸ
765 1359 812 1386 τοῦ
835 1359 933 1386 τόκου’
958 1358 1004 1386 καὶ

220 1409 325 1436 Ῥουϐὶν
339 1408 367 1434 δὲ
383 1409 396 1434 ὁ
412 1408 499 1442 ἱερεὺς
528 1407 606 1433 τοῦτο
622 1405 876 1441 ὲπεξεργασάμενος
900 1404 944 1432 διὰ
956 1404 1005 1440 τῆς

213 1455 323 1490 Μαρίας
340 1453 561 1489 ὲπληροφορήθη.
581 1452 719 1487 Quidquid
747 1455 838 1478 tamen
864 1451 910 1483 sit,
937 1451 1004 1478 illud

214 1501 389 1530 verissimum
413 1505 466 1531 est,
491 1500 623 1534 scriptum
640 1499 691 1525 hoc
708 1505 769 1526 esse
794 1497 950 1532 antiquum,
975 1501 1002 1524 et

215 1548 392 1576 circumcirca
426 1546 611 1576 apostolorum
644 1548 766 1579 tempora
801 1544 997 1578 conscriptum.

213 1595 269 1623 Nec
283 1594 405 1625 dubium,
422 1593 449 1620 in
465 1593 527 1624 hoc,
540 1592 611 1619 sicut
625 1594 651 1618 et
666 1591 694 1618 in
709 1590 802 1618 multis
814 1590 875 1617 aliis
890 1590 998 1621 accidit,

214 1643 248 1671 ab
270 1642 406 1670 haereticis
431 1641 515 1668 multa
533 1640 619 1667 fuisse
645 1639 746 1665 inserta
769 1637 924 1665 astruendac
940 1644 1001 1672 pro.

215 1688 281 1724 pria:
310 1688 445 1714 haereseos
462 1694 556 1719 causa,
580 1684 760 1719 veritatisque
781 1683 923 1710 catholicae
953 1682 999 1709 de-

213 1733 360 1762 struenda.
383 1733 500 1768 ideoque
514 1733 574 1766 ejus
588 1731 668 1759 lectio
681 1738 732 1758 nec
746 1729 874 1756 omnibus
889 1728 1001 1763 permit-

214 1781 304 1812 tenda,
318 1785 344 1808 et
362 1780 517 1814 quicunque
537 1777 661 1813 legerint,
676 1780 779 1804 attente
800 1774 866 1802 illud
890 1782 1000 1808 pereur-

214 1831 283 1858 rent,
302 1835 336 1853 nc
359 1833 420 1860 quae
443 1824 562 1852 haeretici
580 1822 711 1855 absurda,
727 1825 754 1849 et
778 1826 872 1848 contra
892 1820 1000 1847 divinas

214 1872 331 1899 Litteras
345 1871 426 1901 elaiu,
439 1869 588 1903 doloseque
599 1868 789 1898 disseminant,
805 1866 856 1901 ipsi
870 1870 999 1900 tanquam

212 1924 277 1944 vera
291 1915 419 1943 hauriant
435 1919 461 1942 et
477 1915 605 1950 genuina,
622 1914 656 1940 de
679 1913 778 1947 quibus
794 1917 873 1939 caute
889 1911 955 1939 satis
973 1913 1000 1937 et

213 1963 346 1997 Georgius
365 1961 526 1997 Syncellus:
544 1960 637 1986 Ταῦτα
655 1960 703 1995 μὲν
727 1960 759 1985 ὲκ
773 1958 819 1985 τοῦ
836 1957 943 1993 πρώτον
961 1956 1001 1992 βι-

213 2007 288 2032 σλίου
309 2006 394 2040 Ἑνὼχ
407 2006 471 2041 περὶ
483 2005 537 2032 τῶν
550 2004 718 2040 ὲγρηγόρων,
731 2005 754 2030 εἱ
769 2004 816 2030 καὶ
834 2002 871 2038 μὴ
891 2002 1000 2034 τελείως

212 2052 266 2089 χρὴ
286 2053 428 2088 προσέχειν
441 2051 620 2087 ἀποκρύφοις,
638 2051 754 2086 μάλιστα
774 2050 837 2080 τοὺς
852 2048 1000 2075 ἁπλουστέ-

213 2108 288 2136 ρους,
302 2099 346 2125 διά
362 2107 391 2125 τε
409 2099 439 2124 τὺ
457 2098 566 2134 κρυπτά
586 2105 647 2124 τινα
661 2096 708 2123 καὶ
726 2095 824 2131 ἀτριὸἧ
840 2095 889 2130 τῆς
903 2093 1000 2128 ἐκκλη-

213 2146 355 2181 σιαστικῆς
368 2144 540 2180 παραδόσεως
556 2143 636 2179 ἔχειν,
659 2143 706 2169 καὶ⁸
721 2142 765 2169 διὰ
777 2141 807 2168 τὸ
827 2139 999 2167 νενοοεῦσθαι

1057 898 1319 931 nostro_Eustathio
1347 903 1476 935 tanquam
1505 907 1574 934 opus
1588 899 1683 927 Jacobi
1714 903 1839 936 apostoli,

1056 944 1104 972 sed
1121 944 1234 972 alterius
1248 945 1403 980 cujusdam,
1419 945 1492 980 quod
1507 946 1660 974 clarissime
1674 947 1841 982 signiﬁcatur

1056 990 1195 1018 additione
1214 990 1259 1017 illa
1287 1000 1339 1023 τις,
1362 992 1489 1023 Ἰάκωὸός
1503 1000 1546 1023 τις
1558 1012 1565 1022 ,
1584 991 1702 1020 Jacobus
1723 993 1838 1028 quidam.

1055 1036 1133 1069 Quod
1146 1036 1168 1064 si
1183 1037 1366 1064 existimasset
1377 1045 1437 1065 esse
1452 1039 1577 1072 apostoli,
1594 1046 1735 1074 nunquam
1752 1039 1841 1066 siluis-

1055 1087 1111 1114 set;
1127 1086 1163 1115 et,
1178 1083 1250 1117 quod
1265 1090 1320 1110 non
1336 1088 1378 1111 est
1394 1084 1508 1111 minoris
1529 1085 1670 1117 momenti,
1695 1085 1842 1120 Gregorius

1057 1127 1197 1163 Nyssenus
1221 1128 1254 1156 de
1280 1129 1423 1158 nativitate
1443 1130 1561 1166 Virginis
1580 1135 1719 1164 tractans,
1743 1139 1776 1158 ex
1793 1131 1841 1158 hoc

1055 1174 1146 1202 libello
1161 1176 1247 1202 multa
1265 1180 1404 1204 mutuatus
1422 1184 1483 1205 esse
1497 1178 1605 1204 videtur
1617 1178 1702 1205 tacito
1720 1178 1840 1205 auctoris

1055 1221 1174 1253 nomine,
1189 1221 1241 1249 etsi
1261 1221 1333 1249 inter
1354 1223 1508 1258 apocrypha
1532 1224 1655 1258 rejieiat;
1674 1224 1736 1258 ejus
1763 1224 1841 1251 verba

1054 1267 1190 1296 habentur
1206 1268 1278 1304 apud
1295 1268 1455 1304 Symeonem
1470 1270 1682 1305 Metaphrastem
1698 1271 1737 1297 De
1746 1272 1841 1298 notiti-

1055 1314 1154 1341 tate'et
1182 1314 1334 1342 educatione
1359 1315 1440 1344 beatw
1466 1316 1561 1343 Maria:
1582 1316 1696 1351 Virginis
1710 1325 1719 1343 :
1739 1317 1841 1344 Αὐτίκα

1054 1359 1119 1394 γοῦν
1147 1361 1161 1387 ὁ
1188 1360 1258 1392 θεῖος
1283 1361 1431 1397 Γρηγόριος
1457 1363 1485 1388 ὲν
1511 1362 1549 1398 τῷ
1572 1362 1654 1398 λόγῳ,
1675 1363 1704 1394 ὃς
1732 1363 1771 1394 εἰς

1054 1406 1172 1441 Χριστοῦ
1191 1407 1315 1442 γέννησιν
1331 1408 1406 1443 αὐτῷ
1421 1408 1570 1444 συνετάχθη
1589 1409 1679 1435 τοιάδε
1701 1409 1766 1444 περὶ
1779 1409 1840 1435 ταὺ-

1054 1460 1103 1487 της
1116 1452 1293 1487 διαλαμϐάνει
1304 1461 1310 1467 “
1334 1453 1465 1484 Ἤκουσα,
1483 1453 1580 1487 λέγων,
1595 1454 1757 1489 ἀποκρύφου
1771 1453 1840 1485 τινος

1056 1498 1174 1533 ἱστορίας
1182 1498 1293 1525 τοιαῦτα
1307 1499 1524 1535 παρατιθεμένης
1535 1500 1569 1526 τὰ
1579 1500 1643 1536 περ).
1651 1500 1738 1535 αὐτῆς
1745 1500 1840 1535 διηγή-

1052 1553 1123 1580 ματα
1130 1552 1140 1562 ·
1154 1545 1302 1580 Ἐπίσημος
1311 1543 1353 1581 ἦν.
1361 1549 1414 1573 etc.
1427 1545 1492 1579 Qua:
1503 1547 1620 1581 pessime
1630 1549 1665 1573 ita
1674 1547 1792 1574 reddidit
1801 1547 1840 1575 in-

1050 1595 1156 1625 terpres
1165 1599 1172 1618 :
1180 1591 1274 1618 Audivi
1283 1600 1419 1625 arcanam,
1431 1597 1455 1619 et
1463 1593 1590 1620 occultam
1601 1593 1744 1628 quamdam
1758 1593 1839 1620 histo-

1051 1637 1118 1663 riam
1128 1637 1192 1664 tales
1202 1636 1233 1663 de
1244 1646 1274 1664 ea
1285 1637 1436 1671 prodentem
1449 1639 1627 1670 narrationes,
1638 1647 1688 1665 nec
1697 1639 1770 1666 enim
1779 1639 1839 1664 ἀπό-

1050 1691 1152 1719 κρυφος
1183 1683 1210 1710 in
1234 1683 1373 1716 historiis,
1396 1692 1511 1715 arcana,
1538 1688 1566 1711 et
1592 1685 1701 1711 occulta
1725 1684 1837 1711 historia

1050 1733 1101 1756 est.
1117 1729 1185 1756 Puto
1203 1729 1275 1756 hunc
1296 1737 1356 1757 esse
1371 1729 1503 1757 Jacobum
1527 1730 1606 1765 cujus
1634 1730 1759 1757 meminit
1776 1728 1834 1757 Ori-

1050 1783 1133 1811 genes
1148 1775 1222 1802 hom.
1241 1775 1275 1802 15
1289 1775 1315 1802 in
1328 1774 1495 1802 Matthazum.

1085 1820 1144 1847 Col.
1161 1819 1221 1850 772.
1237 1820 1285 1847 lin.
1312 1821 1355 1847 5i.
1374 1821 1422 1846 Ἐν
1440 1820 1505 1853 ταῖς
1515 1821 1635 1855 φυλαῖς.
1653 1821 1690 1848 De
1712 1823 1764 1849 hoc
1780 1822 1838 1849 vide

1050 1865 1181 1893 Joannem
1208 1865 1420 1898 Damascenum,
1446 1867 1485 1893 De
1513 1867 1565 1901 ﬁde
1593 1867 1701 1896 orlhod.
1728 1869 1775 1895 lib.
1803 1877 1836 1900 tv.

1051 1914 1133 1948 capit.
1151 1913 1201 1946 ‘15;
1218 1913 1412 1949 Epiphanium,
1432 1914 1527 1941 haeres.
1543 1914 1586 1946 78,
1611 1914 1745 1942 adversus
1763 1914 1837 1942 Anti-

1051 1959 1290 1993 dicomarianitas;
1315 1963 1343 1987 et
1368 1959 1465 1987 hmres.
1496 1959 1529 1992 9,
1559 1959 1692 1988 adversus
1725 1960 1838 1996 Collyri-

1051 2004 1158 2032 dianos.

1086 2050 1166 2082 lbid.,
1179 2051 1228 2078 lin.
1237 2050 1281 2078 52.
1293 2051 1404 2085 Ἀνδρα
1419 2052 1580 2078 πλούσιον.
1594 2051 1720 2079 Joachim
1730 2051 1835 2079 Patrem

1054 2096 1173 2132 Virginis
1182 2102 1208 2124 et
1217 2097 1338 2129 divitem,
1352 2101 1379 2125 et
1389 2097 1491 2124 sobolis
1498 2101 1635 2132 expertem
1648 2098 1769 2125 maximo
1777 2105 1837 2125 eum

1052 2142 1146 2170 dolore
1157 2143 1190 2170 ad
1200 2142 1285 2170 Deum
1293 2143 1449 2178 confugisse
1459 2144 1494 2170 ita
1507 2147 1600 2170 narrat
1609 2142 1760 2178 Gregorius
1770 2143 1837 2178 Nys-

211 2192 281 2219 αὺτὰ
294 2192 346 2218 ὑπὸ
364 2191 495 2218 Ἰουδαίων
504 2191 549 2218 καὶ
562 2190 716 2225 αἱρετικῶν.
733 2188 804 2223 Πλὴν
818 2187 865 2213 καὶ
879 2188 893 2213 ὁ
909 2187 997 2222 μακά-
1014 2191 1035 2218 ι)
1049 2196 1141 2220 sanus,
1149 2189 1272 2215 oratione
1279 2189 1317 2220 d.,
1327 2189 1474 2224 Ἐπίσημος
1481 2187 1550 2224 ἦνέν
1558 2190 1590 2224 τῇ
1598 2189 1668 2215 κατά
1675 2189 1757 2224 νόμω
1764 2189 1837 2224 ἀχρε-

212 2248 271 2275 ριος
285 2237 391 2269 Παῦλος
414 2237 535 2268 σπανίως
551 2235 686 2272 ἐχρήσατό
702 2242 771 2261 τισιν
785 2235 814 2266 ἐξ
831 2232 996 2267 ἀποκρύφων

211 2283 396 2320 χρήσεσιν,ὼς
408 2284 471 2310 ὅταν
482 2283 562 2318 φησὶν
575 2282 603 2308 ὲν
614 2282 646 2316 τῇ
657 2280 723 2316 πρὸς
733 2279 891 2315 Κορινθίους
901 2277 997 2312 πρώτῃ

217 2330 360 2366 Ἐπιστολῇ
369 2329 404 2357 τὰ
413 2340 422 2356 ε
434 2328 586 2364 ὀφθαλμὸς
594 2328 643 2353 οὐκ
652 2325 764 2359 εἶδε,κα“ι
771 2324 818 2357 οὓς
829 2325 878 2350 οὑκ
886 2324 996 2358 ἢκουσε,

210 2377 257 2405 καὶ
270 2377 315 2403 ἐπὶ
329 2375 442 2412 καρδίαν
456 2374 599 2411 ἀνθρώπου
621 2373 670 2399 οὐκ
687 2372 781 2406 ἀνέϐη,
798 2381 807 2396 ι
826 2370 873 2396 xal.
890 2368 922 2396 τὰ
935 2369 998 2404 ἑξῆς

216 2423 293 2450 Ἠλία
317 2421 494 2457 ἀποκρύφων.
516 2420 572 2447 Kal.
588 2419 667 2446 πάλιν
683 2419 711 2445 ὲν
733 2418 766 2452 τῇ
784 2417 852 2452 πρὸς
875 2415 998 2446 Γαλάτας

210 2470 242 2496 ὲκ
263 2469 311 2504 τῆς
332 2467 470 2499 Μωῡσέως
484 2465 689 2500 ἀποκαλύψεως·
711 2473 720 2490 ι
739 2463 807 2491 Οὔτε
822 2463 956 2499 περιτομή
971 2463 998 2489 τί

210 2516 283 2542 ἐστιν
295 2514 357 2541 οὔτε
373 2513 550 2549 ἀκροϐυστία,
566 2511 635 2539 ἀλλὰ
648 2510 728 2546 καινὴ
745 2510 843 2541 κτίσις.
868 2519 877 2535 ι
895 2510 949 2535 Καὶ
970 2510 999 2536 ἐν

210 2563 242 2597 τῇ
259 2561 326 2596 πρὸς
342 2560 481 2594 Ἐφεσίους
496 2560 527 2585 ἐκ
538 2559 591 2586 τῶν
613 2557 742 2593 Ἰερεμίου
764 2556 917 2591 λεγομένων
932 2557 999 2582 ἀπο-

210 2606 332 2642 κρύφων,
353 2616 362 2632 ‹
384 2607 521 2641 Ἐγειραι,
533 2606 547 2632 ὁ
562 2604 710 2636 καθεύδων,
726 2603 773 2630 καὶ
789 2602 892 2629 ἀνάστα
908 2603 941 2629 ὲκ
957 2611 999 2628 νε-

210 2652 294 2687 κρῶν,
312 2653 359 2679 καὶ
375 2652 521 2686 ἐπιφαύσει
535 2659 576 2677 σοι
587 2651 600 2677 ὁ
613 2649 739 2686 Χριστός.
757 2659 766 2675 ›
786 2648 877 2677 Ταῦτα
892 2649 919 2675 δὲ
933 2649 999 2683 ἡμῖν

191 2725 199 2732 _
211 2699 316 2734 εἴρηται
332 2699 362 2724 οὗ
381 2698 447 2733 πρὸς
472 2697 561 2724 ἄδειαν
586 2696 640 2723 τῶν
659 2695 827 2731 βουλομένων
844 2695 999 2729 ἀδιαφόρως

212 2743 400 2778 ἐντυγχάνειν·
418 2743 455 2779 μὴ
477 2743 597 2777 γένοιτοῑ
620 2743 715 2769 Πολλοὶ
734 2741 787 2778 γὰρ
803 2741 956 2777 ἐϐλάϐησαν
970 2741 998 2766 ὲν

214 2787 294 2815 πᾶσιν
309 2789 397 2820 αὐτοῖς
415 2789 601 2821 πιστεύοντες·
617 2788 676 2815 ὃθεν
692 2789 738 2814 καὶ
753 2789 769 2823 ὴ
792 2788 856 2821 ἁγία
869 2787 915 2813 τοῦ
930 2786 998 2813 Θεοῦ

219 2833 375 2868 Ἐκκλησία,
398 2834 445 2860 καὶ
461 2835 474 2860 ὁ
497 2834 575 2868 χορὸς
589 2834 642 2860 τῶν
657 2833 792 2869 θεοφόρων
810 2833 889 2868 ἡμῶν
911 2833 998 2859 Πατέ-

1049 2234 1091 2260 6εῖ
1097 2235 1228 2270 πολιτείᾳ,
1235 2235 1281 2261 καὶ
1289 2234 1425 2271 γνώριμος
1431 2235 1459 2261 ἐν
1465 2237 1520 2267 τοῖς
1528 2234 1682 2267 καλλίστοις
1688 2236 1756 2270 ὁτῆς
1766 2235 1837 2268 Παρ-

1049 2279 1125 2306 θένου
1139 2280 1240 2316 πατὴρ,
1255 2281 1338 2313 ἄπαις
1354 2281 1382 2308 δὲ
1405 2282 1546 2316 κατεγήρα
1562 2281 1607 2307 τὸν
1626 2281 1695 2316 βίον,
1713 2282 1755 2308 ὅτι
1765 2280 1837 2314 αὐτῷ

1049 2325 1117 2362 πρὸς
1131 2327 1303 2360 τεκνογονίαν
1329 2327 1378 2353 οὐκ
1396 2327 1552 2362 ἐπιτηδείως
1578 2324 1651 2362 εἶχεν
1669 2328 1686 2362 ἡ
1706 2326 1836 2357 σύνοικος.

1049 2369 1142 2398 Ἦνδὲ
1163 2381 1204 2404 τις
1217 2373 1249 2399 ὲκ
1261 2373 1308 2399 τοῦ
1324 2373 1405 2408 νόμου
1421 2373 1486 2408 τιμὴ
1511 2374 1571 2404 ταῖς
1592 2373 1740 2408 μητράσιν,
1758 2371 1793 2409 ἦς
1810 2372 1838 2398 οὗ

1051 2419 1174 2454 μετεῖχον
1188 2419 1211 2444 οἱ
1227 2418 1328 2453 ἄγονοι.
1338 2419 1470 2453 Μιμείται
1479 2419 1568 2446 τοίνυν
1581 2419 1627 2446 καὶ
1642 2420 1714 2454 αὑτὴ
1732 2419 1765 2445 τά
1778 2419 1838 2453 περὶ

1049 2464 1097 2499 τῆς
1113 2464 1215 2499 μητρὸς
1230 2464 1277 2490 τοῦ
1292 2464 1417 2500 Σαμουὴλ
1436 2464 1603 2500 διηγήματα,
1624 2465 1673 2491 καὶ
1693 2465 1770 2496 ὲντὺς
1794 2463 1839 2490 τοῦ

1049 2510 1114 2536 ναοῦ
1134 2511 1219 2544 ἁγίων
1244 2511 1383 2546 γινομένη,
1409 2511 1500 2547 ἱκέτης
1519 2511 1624 2545 γίνεται
1641 2511 1690 2538 τοῦ
1711 2511 1781 2538 Θεοῦ
1806 2510 1840 2546 μὴ

1050 2555 1102 2588 ἔξω
1117 2558 1210 2583 πεσεῖν
1224 2557 1273 2592 τῆς
1291 2558 1322 2583 ὲκ
1336 2557 1388 2583 τῶν
1409 2558 1498 2591 νόμων
1523 2557 1660 2591 εὐλογίας,
1683 2558 1840 2594 ἐξαμαρτά-

1050 2611 1132 2630 νουσα
1148 2603 1213 2639 περὶ
1228 2603 1273 2630 τὸν
1290 2604 1370 2639 νόμον
1387 2604 1478 2630 οὐδέν·
1495 2604 1621 2637 γενέσθαι
1633 2603 1661 2630 δὲ
1679 2605 1774 2640 μήτηρ
1797 2605 1842 2630 καὶ

1049 2648 1202 2683 ἀφιερῶσαι
1217 2649 1276 2684 Θεῷ
1292 2649 1322 2675 τὸ
1336 2650 1502 2684 τικτόμενον.
1521 2648 1589 2676 Vide
1603 2649 1789 2684 Epiphanium
1806 2648 1842 2676 De

1050 2694 1176 2721 laudibus
1195 2695 1277 2721 beatm
1305 2695 1400 2722 Maria:
1425 2695 1560 2730 Virginis,
1589 2695 1728 2723 Andream
1752 2696 1842 2723 Casa-

1051 2741 1180 2772 riensem,
1199 2740 1374 2774 Germanum,
1393 2746 1419 2767 et
1434 2742 1512 2769 alios.

1085 2786 1142 2813 Col.
1162 2786 1223 2818 775,
1245 2787 1293 2814 lin.
1313 2787 1355 2814 l5.
1380 2788 1434 2814 Καὶ
1454 2787 1543 2822 γνοὺς
1562 2787 1621 2821 τὴν
1635 2788 1775 2822 γυναῖκα.
1804 2786 1840 2813 Εἰ

1051 2833 1093 2860 his
1109 2833 1238 2861 refellitur
1257 2833 1503 2869 Collyridianorum
1527 2841 1614 2867 error,
1632 2835 1679 2869 qui
1697 2834 1743 2861 Dei
1759 2834 1840 2861 Geni-
