1900 3070
56 137 120 165 1041

570 136 604 165 1N
624 136 810 165 EUSTATHII
834 135 1072 164 HEXAEMERON
1089 134 1205 162 ΝΟΤΑΕ.

1612 135 1683 163 1062

55 196 151 223 tricem
169 193 289 222 Mariam
301 193 426 222 humana:
441 198 545 222 natura:
570 202 683 229 prorsus
698 198 846 230 expertem,
862 197 886 226 Α
898 193 936 221 Ita
946 193 1079 229 Origenes
1094 200 1173 227 super
1188 191 1214 218 Μ
1219 193 1356 225 atthteum,
1371 199 1433 228 cap.
1451 192 1502 226 l5;
1515 191 1683 228 Epiphanius

57 249 88 268 ac
105 240 210 267 divinae
226 244 334 267 tantum
352 240 514 275 participem
536 239 620 268 fuisse
636 240 772 272 dicebant,
789 247 851 266 cum

56 294 90 314 ex
105 286 158 313 hoc
173 285 340 317 habeamus,
357 285 479 312 Joachim
491 293 554 312 cum
565 285 643 312 Anna
663 285 850 315 concubitum.

58 331 177 366 indeque
194 334 355 366 generatam
370 334 397 358 et
422 334 510 358 ortam
526 330 672 365 Virginem.
691 330 771 357 Certe
785 329 851 356 illud

59 377 146 413 angeli
165 377 275 404 dictum
289 375 411 404 loachim
427 377 454 404 in
470 377 589 409 deserto,
605 383 672 403 uxor
695 380 742 402 tua
764 383 853 402 conce-

57 424 104 458 pit,
120 427 274 457 antequam
297 421 408 449 domum
430 423 546 453 veniret.
563 422 590 449 in
614 421 771 448 narratione
800 421 852 448 ista

60 477 111 496 non
127 469 246 504 legitur,
265 469 320 496 imo
334 469 400 496 satis
418 473 511 503 aperte
534 468 687 503 oppositum
705 467 850 502 colligitur.

60 515 98 543 Ex
114 523 170 551 quo
196 515 375 542 manifestum
399 517 440 542 est
461 514 495 542 ab
522 514 659 541 haereticis
681 513 780 540 librqu
805 512 852 539 de-

61 566 205 598 pravatum
222 565 344 596 tempore
364 559 519 595 Epiphanii,
541 560 587 594 qui
608 559 702 587 forsan
715 556 852 585 Eustathii

60 611 183 642 tempore
197 607 377 641 incorruptus
390 609 418 634 et
431 606 550 632 intactus
561 605 650 632 adhuc
662 604 749 632 fuerat
764 611 853 631 reser-

62 657 150 680 ValUS.

95 697 154 725 Col.
167 698 234 729 773,
248 698 294 725 lin.
309 697 351 724 Η.
370 697 422 724 Kal
437 695 580 729 ὀνομάζει.
597 694 744 727 Gregorius
751 692 852 728 Nysse—

63 743 339 779 ιιιιειΔυναμωθεῖσα
355 742 383 769 δὲ
399 741 537 777 Πνεύματι
554 740 618 775 θείῳ
632 740 698 775 πρὸς
711 739 760 775 τὴν
774 740 852 775 χάριν

63 790 94 825 ἢν
117 789 239 825 ᾔτησεν,
266 788 327 814 ἐπεὶ
351 787 444 814 ἔτεκεν
467 786 585 818 παιδίον,
608 786 748 820 ὠνόμασεν
769 785 852 820 αὐτὴν

64 835 191 871 Μαριὰμ,
207 835 247 867 ὡς
262 834 294 861 ἂν
308 834 355 860 καὶ
368 833 411 860 διὰ
427 833 475 868 τῆς
492 831 648 867 ἐπωνυμίας
672 831 701 857 τὸ
715 830 851 857 θεόσδοτον

63 881 265 917 διασημανθείη
291 881 341 916 τῆς
365 880 486 916 χάριτος.
521 878 724 914 Ἀνδρυνθεῖσαν
749 877 776 903 δὲ
804 877 853 912 ήδη

64 930 111 966 τὴν
127 929 227 965 κόρην,
244 928 281 959 ὡς
298 927 396 963 μηκέτι
412 925 514 952 δεῖσθαι
530 923 706 960 προσανέχειν
721 923 754 958 τῇ
775 922 854 958 θηλῇ,

65 974 210 1002 ἀποδοῦναι
229 972 268 1008 τῷ
286 972 355 1008 Θεῷ,
371 972 418 999 καὶ
442 970 586 1007 πληρῶσαι
611 969 661 1005 τὴν
681 967 853 1002 ἐπαγγελίαν,

66 1020 111 1047 καὶ
127 1019 316 1056 προσαγαγεῖν
337 1017 375 1053 τῷ
398 1016 460 1052 νεῴ.
478 1015 640 1051 Hippolytus
663 1018 766 1050 martyr
784 1013 854 1048 apud

67 1066 262 1100 Nicephorum,
279 1065 297 1091 ι.
308 1071 408 1098 It,cap.
421 1063 438 1090 5
451 1072 458 1089 :
476 1062 538 1089 Tres
551 1062 622 1095 fuere
636 1068 737 1088 sorores
751 1059 855 1086 Bethle-

68 1111 207 1142 hemiticaa,
226 1110 290 1145 ﬁlia:
307 1108 400 1135 Matan
416 1107 574 1139 sacerdotis,
590 1111 614 1133 et
629 1105 724 1132 Maria:
738 1105 856 1139 conjugis

68 1157 132 1191 ejus.
161 1156 210 1184 sub
241 1155 398 1188 Cleopatra',
422 1158 446 1181 et
479 1152 621 1187 Cusoparis
652 1151 740 1178 Persio
766 1158 854 1185 regno,

69 1207 126 1229 ante
142 1201 260 1228 Herodis
277 1200 412 1235 Antipatri
428 1199 477 1229 ﬁlii
494 1206 610 1233 regnum.
637 1197 736 1224 Primw
749 1195 854 1225 Mariae.

70 1247 187 1275 secunda:
221 1246 305 1278 Sabe,
334 1246 417 1272 tertiw
442 1245 527 1271 Anna:
551 1251 645 1271 nomen
671 1246 728 1269 erat
745 1249 753 1268 .'
768 1241 856 1272 nupsit

69 1295 153 1328 prima
169 1295 198 1321 in
221 1293 370 1321 Betlileltem
396 1291 497 1322 Maria,
512 1294 536 1317 et
550 1290 647 1324 peperit
660 1288 792 1315 Salomem
813 1285 858 1312 ob-

71 1340 199 1366 stetricem
217 1347 227 1366 :
244 1339 332 1373 nupsit
347 1345 446 1373 quoque
460 1335 574 1363 secunda
592 1333 686 1361 ibidem
706 1334 734 1360 in
752 1331 856 1359 Bethle-

71 1386 125 1412 Iiem
145 1385 225 1417 Sabe,
242 1389 266 1412 et
290 1384 378 1420 genuit
404 1382 552 1414 Elisabeth,
571 1381 658 1415 nupsit
681 1383 811 1413 postremo
832 1382 856 1404 et

73 1432 147 1457 ter/ia
167 1430 246 1458 Anna
274 1431 301 1456 in
327 1434 398 1457 terra
424 1427 550 1460 Galilwa,
566 1430 590 1454 et
603 1425 712 1460 protulit
741 1423 856 1450 Mariam

72 1475 118 1502 Dei
136 1477 309 1511 genitricem,
336 1482 368 1502 es:
388 1482 439 1509 qua
462 1473 536 1500 nobis
561 1477 640 1499 natus
661 1475 700 1498 est
723 1469 854 1497 Christus.

73 1522 174 1555 Quibus
182 1521 283 1549 refellit
294 1520 427 1547 Baronius
440 1527 533 1547 eorum
547 1518 708 1546 sententiam
726 1516 771 1551 qui
782 1515 858 1543 dixe-

74 1571 133 1594 runt
144 1566 173 1595 S.
185 1567 293 1593 Annam
306 1566 386 1593 tertio
394 1569 516 1600 nuptam,
525 1567 552 1591 et
567 1562 690 1598 singulas
700 1569 732 1589 ex
744 1560 857 1596 singulis

74 1613 282 1648 virisgenuisse
298 1612 377 1644 tilias,
391 1615 419 1639 et
431 1618 526 1638 eorum
541 1609 587 1644 qui
601 1608 692 1636 conati
703 1613 766 1637 sunt
782 1613 858 1634 asse-

75 1667 190 1691 rere,_ex
206 1658 302 1686 eodem
323 1658 383 1685 viro
399 1656 522 1684 Joacliim
545 1659 600 1682 tres
621 1654 759 1690 peperisse
778 1652 857 1681 filias.

108 1703 187 1735 lbid.,
214 1703 266 1730 lin.
283 1701 327 1730 16.
355 1701 527 1736 Γενομένης
550 1699 584 1726 δὲ
603 1698 706 1733 αὐτῆς.
737 1697 857 1724 Evodius

76 1749 220 1784 episcopus
245 1748 435 1776 Antiochenus
451 1745 521 1781 apud
546 1744 740 1779 Nicephorum,
757 1743 805 1770 lib.
827 1750 858 1773 ιι,

76 1802 131 1829 cap.
152 1795 169 1823 5
182 1804 189 1823 :
204 1794 326 1822 Trimuln
342 1802 401 1821 cum
421 1796 487 1820 esset
504 1792 531 1818 in
547 1790 669 1824 templum
684 1793 858 1824 prwsentata,

77 1840 111 1866 ibi
131 1841 158 1867 in
172 1840 280 1868 Sanctis
305 1843 457 1866 sanctorum
481 1837 599 1864 traduxit
627 1843 709 1862 annos
729 1834 858 1867 undecim,

77 1885 165 1916 deinde
182 1895 243 1914 uero
268 1885 435 1914 sacerdotum
456 1883 577 1910 manibus
601 1881 697 1915 Ioseph
720 1879 753 1907 ad
773 1884 860 1906 custo-

77 1930 145 1958 diam
160 1937 199 1963 est
215 1931 328 1963 tradita,
351 1929 420 1965 apud
435 1937 510 1965 quem
529 1936 588 1955 cum
604 1935 704 1954 menses
722 1925 861 1960 peregisset

77 1982 196 2011 quatuor,
216 1977 249 2004 ab
265 1977 357 2012 angelo
370 1976 458 2003 [artum
473 1973 541 2002 illud
557 1974 654 2008 accepit
671 1970 860 2000 nuntium.Pe,-

77 2024 138 2056 petit
150 2029 238 2052 autem
255 2024 328 2051 illius
346 2022 436 2049 mundi
447 2021 555 2053 Lucem,
575 2027 672 2047 annum
688 2026 765 2053 agens
785 2017 861 2052 quin-

79 2068 213 2102 decimuiri,
230 2069 352 2096 vicesima
362 2069 454 2104 quinta
469 2067 511 2094 die
522 2067 616 2093 mensis
632 2064 790 2092 Decembris.
800 2062 861 2090 Tri-

80 2115 175 2142 mulam
202 2115 258 2142 Deo
272 2115 389 2142 oblatam
404 2113 542 2149 Virginem
558 2116 656 2147 praeter
675 2109 859 2141 Eustathium,

80 2164 106 2188 et
122 2160 267 2193 Evodium,
292 2161 363 2190 idem
388 2160 509 2189 sentiunt
531 2157 679 2193 Gregorius
708 2156 746 2183 De
760 2154 861 2183 Christi

903 240 1028 267 adversus
1051 239 1350 271 Antidicomarianitas;
1367 238 1503 268 Eusebius
1522 239 1569 267 lib.
1592 248 1611 267 ιι
1632 239 1684 267 Ec-

902 286 964 312 cles.
980 285 1087 316 histor..
1100 291 1160 318 cap.
1176 283 1400 319 l;Nicepliorus,
1414 284 1461 312 lib.
1472 292 1502 318 ιι,
1518 292 1579 320 cap.
1596 285 1623 317 3,
1635 285 1682 313 ubi

901 331 983 358 etiam
998 330 1081 358 refert
1099 329 1272 365 Hippolytum
1288 329 1410 364 ejusdem
1427 331 1569 358 sententia:
1587 334 1684 358 aucto.

901 385 974 410 rem;
999 375 1147 411 Gregorius
1182 375 1332 411 Nyssenus.
1359 376 1397 404 De
1418 382 1555 404 resurrect.
1583 376 1684 404 Clu-isti

901 422 1041 454 homil.2;
1064 421 1224 457 Euthymius
1247 422 1274 448 in
1297 421 1419 448 Matt/imi
1443 430 1501 456 cap.
1519 430 1576 455 xu;
1593 422 1684 449 (Ecu-

902 468 1011 496 menius
1026 476 1104 502 super
1121 468 1168 503 Ep.
1191 469 1225 495 ad
1243 467 1302 496 Gal.
1326 476 1386 503 cap.
1403 476 1427 502 ι;
1443 468 1591 504 Theophyl.
1607 477 1685 501 super

902 514 1070 546 Manlia-um,
1089 522 1149 549 cap.
1164 521 1223 545 XIII,
1247 519 1274 541 et
1293 515 1389 549 repetit
1404 521 1429 541 ι’.
1450 522 1542 547 xxvn;
1562 514 1683 543 Hilarius

902 565 1040 588 comment.
1050 561 1075 587 in
1091 560 1199 592 Matth.,
1211 568 1274 587 can.
1293 561 1317 592 l;
1331 560 1492 588 Ambrosius
1505 561 1532 588 in
1547 559 1631 595 Epist.
1648 560 1683 587 ad

903 606 992 635 Galat.
1018 614 1078 641 cap.
1101 614 1121 638 ι,
1144 610 1170 634 et
1192 606 1347 641 Cajctanus,
1382 606 1499 634 ibidem.|
1521 606 1682 642 Oppositum

903 660 1013 680 sensere
1036 652 1216 687 Hieronymus
1230 652 1353 680 adversus
1381 652 1541 684 Helvidium,
1555 652 1685 688 Augusti-

902 705 971 729 nus,
999 705 1082 724 serm.
1108 697 1142 724 Η
1167 697 1193 723 in
1210 696 1359 724 Nativitate
1376 697 1499 729 Domini,
1517 697 1588 724 Beda
1608 704 1685 731 super

903 752 961 778 cap.
980 751 1005 770 νι
1027 742 1122 774 Marci,
1143 745 1170 770 et
1195 743 1239 770 alii
1264 743 1429 770 recentiores
1459 743 1506 778 qui
1537 742 1684 771 secundam

904 789 1065 817 sententiam
1077 809 1085 820 ,
1101 793 1230 824 tanquam
1259 789 1345 824 magis
1363 789 1530 824 probabilem
1559 793 1588 817 et
1609 796 1687 816 rece-

904 840 976 870 ptam
987 835 1147 863 defendunt.
1165 834 1223 862 Non
1242 839 1389 863 esttamen
1416 835 1521 863 silenda
1546 835 1687 863 temeritas

904 885 930 908 et
952 881 1119 916 impudentia
1143 881 1170 909 in
1195 884 1305 908 sanctos
1330 881 1426 909 Patres
1448 880 1562 909 Gerardi
1594 880 1688 909 Vossii

905 927 981 963 (quid
996 927 1068 955 enim
1085 927 1111 954 id
1126 927 1231 955 facinus
1245 926 1395 954 libertatem
1408 925 1616 962 appellem),qui
1631 926 1688 962 pri-

905 982 976 1002 mam
992 973 1172 1002 assertionem
1188 980 1271 1000 ausus
1287 972 1323 999 sit
1334 979 1444 1004 vocare,
1455 979 1511 998 non
1526 972 1593 999 satis
1608 972 1682 1006 piam

905 1028 955 1048 nec
970 1020 1159 1052 orthodoxam,
1176 1023 1372 1054 portentosam,
1395 1017 1684 1053 impudentiusculam,

905 1072 937 1092 ac
951 1064 1042 1091 minus
1064 1067 1183 1095 cautam,
1210 1068 1291 1098 prout
1318 1063 1436 1090 humana
1463 1062 1600 1090 interdum
1635 1061 1689 1089 fert

906 1111 1050 1146 fragilitas,
1065 1110 1137 1144 quod
1160 1109 1390 1144 praastantissimi,
1407 1115 1439 1136 ac
1460 1108 1612 1136 doctissimi
1630 1107 1684 1135 viri

905 1156 1068 1191 quandoque
1083 1155 1242 1188 dormitant,
1256 1154 1342 1182 fuisse
1370 1154 1411 1182 sic
1433 1154 1545 1186 dictam,
1560 1153 1603 1181 vel
1616 1153 1687 1180 scri-

906 1207 989 1238 ptam.
1003 1201 1118 1237 Ideoque
1144 1209 1296 1229 sermonem
1318 1201 1346 1228 in
1366 1200 1608 1228 Annuntiationem
1624 1207 1688 1227 san-

906 1248 1035 1276 ctissimaa
1044 1247 1089 1275 Dei
1099 1247 1242 1275 Genitricis
1253 1247 1344 1274 Mariae
1354 1247 1400 1282 qui
1410 1246 1505 1282 incipit
1521 1254 1528 1273 :
1543 1246 1628 1274 Πάλιν
1640 1254 1689 1282 χα-

907 1294 956 1328 ρᾶς
977 1293 1132 1328 εὐαγγέλια,
1152 1293 1232 1321 πάλιν
1244 1292 1398 1328 ἐλευθερίας
1417 1293 1572 1328 μηνύματα,
1589 1292 1688 1327 saepius

907 1340 958 1367 sub
972 1338 1086 1368 Joannis
1107 1339 1294 1374 ChrySOstomi
1324 1338 1435 1366 nomine
1455 1338 1619 1373 evulgatum,
1631 1341 1659 1365 ct
1672 1344 1689 1364 ιι

907 1382 1085 1419 Lipomannd,
1099 1383 1200 1411 Davide
1219 1383 1384 1415 Hmschelio,
1409 1386 1437 1411 et
1464 1383 1533 1415 aliis,
1550 1382 1608 1418 ipse
1624 1389 1689 1418 pro-

907 1434 966 1466 pter
978 1431 1048 1458 hanc
1064 1430 1221 1465 opinionem
1232 1429 1265 1458 de
1276 1429 1404 1465 Josepho,
1417 1432 1445 1457 et
1457 1436 1487 1456 re
1498 1429 1594 1456 uxoria
1602 1429 1689 1464 ipsius

907 1480 1043 1504 anteacta
1071 1479 1200 1511 tanquam
1226 1475 1366 1511 indignam
1389 1475 1596 1510 Chrysostomo.
1620 1473 1688 1501 Gre-

909 1522 985 1557 gorio
1018 1521 1222 1557 Thaumaturgo
1254 1521 1377 1548 ascribit.
1406 1519 1567 1552 Considera,
1591 1519 1688 1550 lector,

909 1572 1026 1596 mentem
1057 1568 1175 1596 hominis
1203 1575 1336 1601 aversam,
1359 1574 1525 1603 perversam.
1551 1566 1689 1594 Assertio-

909 1622 982 1646 nem,
999 1621 1079 1649 quam
1095 1614 1203 1649 dignam
1218 1617 1310 1641 censet
1336 1616 1376 1640 tot
1400 1620 1432 1640 ac
1452 1612 1535 1640 tantis
1562 1612 1690 1640 Patribus

909 1660 1010 1689 Graecis
1028 1664 1054 1688 et
1078 1660 1191 1693 Latinis,
1222 1660 1361 1695 indignam
1379 1663 1458 1687 vocat
1481 1658 1687 1694 Chrysostomo.

910 1706 944 1736 Si,
952 1707 1005 1734 hoc
1019 1714 1142 1734 asserere
1171 1713 1226 1733 non
1258 1710 1300 1733 est
1324 1705 1518 1738 orthodoxum,
1531 1705 1578 1733 sed
1592 1712 1688 1740 parum

909 1753 994 1787 pium,
1012 1756 1211 1787 portentosum,
1242 1751 1531 1786 impudentiusculum,
1548 1758 1580 1778 ac
1597 1751 1690 1779 minus

909 1803 1018 1827 cautum
1046 1799 1073 1826 in
1102 1798 1307 1833 Chrysostomo,
1333 1797 1469 1832 quomodo
1491 1797 1575 1832 pium,
1595 1796 1690 1824 ortho-

909 1844 1019 1875 doxum,
1039 1843 1169 1879 prudens.
1185 1848 1305 1876 cautum,
1326 1851 1358 1870 ac
1374 1842 1484 1870 minime
1500 1845 1689 1878 portentosum

910 1890 937 1916 in
953 1889 1170 1925 Gregorio?ego,
1186 1897 1219 1917 ne
1232 1890 1259 1916 in
1276 1893 1316 1916 tot
1331 1888 1427 1916 Patres
1438 1888 1554 1923 injurius
1573 1896 1633 1916 esse
1649 1888 1690 1915 vi-

909 1935 999 1966 derer,
1014 1935 1154 1962 redderem
1168 1934 1266 1963 Vossio
1294 1934 1376 1962 verba
1392 1941 1457 1967 sua;
1473 1934 1520 1962 sed
1545 1934 1628 1969 quid?
1652 1934 1690 1962 ita

909 1989 983 2009 nunc
1003 1989 1062 2008 mos
1082 1981 1169 2016 viget;
1185 1981 1221 2007 ita
1248 1988 1322 2008 nunc
1342 1980 1482 2008 servitium
1493 1984 1545 2012 est,
1568 1979 1691 2015 profecto

910 2027 1006 2055 modus
1023 2027 1116 2054 haberi
1132 2034 1187 2054 non
1206 2030 1305 2062 potest.

944 2071 1024 2102 lbid.,
1041 2072 1089 2099 lin.
1100 2072 1144 2098 55.
1161 2073 1215 2098 Kal
1227 2073 1243 2098 ὀ
1253 2071 1416 2106 ἀρχιερεύς.
1432 2070 1580 2107 Gregorius
1592 2070 1692 2107 Nysse-

910 2128 978 2148 nus:
995 2119 1063 2150 Τοὺς
1073 2119 1101 2145 δὲ
1112 2120 1192 2153 ἱερεῖς
1204 2118 1272 2150 τέως
1286 2119 1335 2154 μὲν
1345 2119 1405 2145 καθ’
1419 2119 1563 2155 ὁμοιότητα
1578 2118 1625 2145 τοῦ
1641 2119 1693 2146 Ea-

912 2165 996 2201 μουὴλ
1009 2166 1036 2192 ὲν
1046 2166 1101 2195 τοῖς
1119 2164 1206 2198 ἁγίοις
1220 2164 1382 2200 ἀνατρέφειν
1392 2164 1440 2201 τὴν
1459 2164 1552 2193 παῖδα’
1568 2163 1693 2200 αὐξηθεί-

81 2206 222 2239 nativitate,
239 2206 358 2234 Joannes
384 2205 568 2232 Damascenus
581 2203 619 2229 De
635 2201 687 2236 [ide
701 2200 858 2232 orthodoxa,

911 2200 962 2247 σης
980 2211 1018 2243 δὲ,
1042 2210 1138 2246 βουλὴν
1159 2211 1282 2244 ἀγαγεῖν,
1307 2211 1321 2236 ὅ
1343 2219 1370 2237 τι
1391 2211 1550 2246 ποιήσαντες
1570 2210 1599 2237 τὸ
1622 2209 1693 2244 ἱερὸν

81 2253 159 2286 capit.
177 2254 222 2286 t5.
238 2252 363 2280 Andreas
386 2250 524 2279 Cretensis
541 2256 666 2277 sermone
682 2247 721 2275 De
737 2247 860 2281 Deipara,

82 2297 227 2327 Germanus
244 2306 370 2326 sermone
383 2297 422 2324 De
438 2295 653 2326 Prtesentatione,
667 2293 800 2328 Georgius
816 2291 863 2319 Ni-

83 2343 258 2371 comediensis
279 2343 316 2369 De
331 2341 558 2373 Prwsentatione,
579 2339 719 2367 Cedrenus
743 2339 771 2365 in
785 2337 863 2365 Com-

83 2388 170 2420 pendia
185 2387 312 2415 Historiae
325 2392 352 2415 et
365 2387 421 2414 alii.
436 2385 641 2414 Observandum
661 2388 688 2412 et
702 2383 778 2415 illud,
789 2384 863 2412 beat.

86 2430 218 2469 Virginem
253 2442 285 2461 ex
315 2437 410 2461 nostro
444 2432 587 2463 Eustathio
613 2432 697 2458 multo
724 2430 862 2466 iuniorem

85 2478 216 2507 Christum
233 2480 381 2515 peperisse.
399 2486 479 2515 quant
494 2478 610 2506 voluerit
625 2476 744 2505 Evodius
764 2480 791 2503 ct
803 2476 865 2510 alii,

85 2521 116 2552 de
128 2525 226 2560 quibus
240 2525 283 2552 hic
302 2533 382 2560 agere
396 2532 451 2552 non
469 2528 511 2552 est
526 2526 668 2560 praesentis
680 2525 792 2560 negotii.

118 2567 193 2602 lbid.,
207 2570 255 2597 lin.
271 2570 316 2598 22.
340 2570 394 2597 Τοῦ
406 2569 483 2596 λαοῦ
497 2570 577 2603 τούς.
595 2569 732 2605 Josephus
744 2569 862 2598 sanctis-

87 2613 159 2642 simae
170 2615 290 2652 Virginis
302 2624 420 2651 sponsus
432 2616 592 2651 bigamusne
601 2616 692 2649 fuerit,
708 2624 744 2644 an
754 2616 862 2648 caelebs,

88 2661 194 2696 antiqua
209 2667 250 2690 est
265 2663 293 2690 in
310 2662 434 2690 Ecclesia
449 2662 582 2690 catholica
607 2663 733 2698 quaestio,
747 2663 779 2689 ad
793 2663 864 2690 hanc

88 2711 169 2740 usque
192 2707 263 2735 diem
288 2708 372 2736 variis
398 2708 426 2735 in
449 2711 594 2743 utramque
623 2712 728 2744 partem
751 2707 863 2735 Patrum

89 2751 247 2781 testimoniis
262 2753 373 2789 agitata.
389 2753 512 2781 Celebris
525 2753 596 2788 apud
607 2753 726 2785 Graecos,
743 2761 794 2781 nec
807 2761 863 2781 non

90 2793 240 2827 Latinorum
251 2800 398 2827 nOnnullos
413 2799 464 2827 fuit
485 2799 578 2835 opinio
600 2808 661 2827 eum
687 2800 772 2828 fuisse
788 2800 863 2836 biga-

92 2848 168 2878 mum,
186 2849 212 2873 et
227 2846 307 2874 aliam
332 2850 394 2873 ante
422 2845 561 2881 Virginem
577 2845 707 2874 habuisse
735 2853 859 2874 uxorem.

912 2258 1000 2285 έκεῖνο
1018 2256 1105 2292 σῶμα,
1129 2256 1188 2283 οὺκτ
1202 2257 1234 2283 ἂν
1255 2257 1294 2286 εἰς
1310 2255 1353 2282 τὸν
1371 2256 1436 2283 Θεὸν
1453 2256 1639 2293 ἐξαμάρτοιέν.
1657 2255 1694 2282 Τὸ

914 2303 962 2338 μὲν
979 2303 1032 2338 γὰρ
1050 2301 1195 2336 ὑποζεῦξαι
1209 2301 1249 2337 τῷ
1263 2301 1337 2337 νόμῳ
1351 2302 1400 2336 τῆς
1417 2302 1534 2335 φύσεως,
1548 2303 1601 2329 καὶ·
1611 2310 1694 2329 κατασ

912 2348 1043 2375 δουλῶσαι
1056 2348 1140 2384 αὐτὴν
1156 2348 1198 2375 διὰ
1216 2347 1260 2374 τοῦ
1272 2347 1360 2383 γάμου
1375 2347 1413 2382 τῷ
1430 2347 1555 2383 ἀγομένῳ
1565 2347 1618 2374 τῶν
1634 2348 1696 2374 ἀτο-

913 2395 1043 2422 πωτάτων
1061 2395 1157 2421 ἐδόκει.
1185 2393 1405 2430 Ἰεροσυλίαγὰρ
1424 2392 1552 2429 ἄντικρυς
1566 2393 1694 2429 ἐνομίσθη

913 2439 984 2467 θείου
998 2439 1171 2475 ἀναθήματος
1181 2439 1322 2474 ἄνθρωπον
1333 2438 1457 2472 γενέσθαι
1467 2438 1571 2473 κύριον.
1586 2438 1695 2473 Ἐπειδὴ

912 2484 1048 2520 κυριεύειν
1064 2486 1096 2511 ὲκ
1106 2484 1160 2511 τῶν
1174 2483 1261 2518 νόμων
1272 2484 1286 2510 ὸ
1297 2483 1366 2518 ἀνὴρ
1383 2482 1484 2517 ἐτάχθη
1495 2482 1545 2517 τῆς
1555 2483 1695 2516 γυναικός.

913 2530 949 2556 Τὸ
963 2530 991 2556 δὲ
1004 2531 1059 2562 τοῖς
1076 2529 1194 2565 ἱερεῦσιν
1206 2529 1281 2561 ἐντὸς
1290 2529 1344 2557 τῶν
1354 2528 1510 2564 ἀνακτόρων
1522 2529 1697 2563 συναναστρέ-

913 2575 1009 2610 φεσθαι
1022 2577 1163 2610 γυναῖκας,
1180 2576 1227 2603 καὶ
1240 2576 1269 2602 έν
1279 2577 1335 2607 τοῖς
1351 2576 1438 2610 ἁγίοις
1454 2575 1567 2611 ὁρᾶσθαι
1577 2574 1638 2601 οὔτε
1651 2575 1696 2601 νό-

914 2628 996 2655 μιμον
1005 2619 1049 2655 ἦν,
1061 2621 1107 2647 καὶ
1118 2621 1175 2655 ἃμα
1184 2620 1223 2655 τῷ
1234 2621 1376 2656 πράγματι
1387 2620 1426 2655 τῷ
1435 2620 1533 2656 σεμνὸν
1543 2620 1573 2646 οὐ
1582 2619 1695 2655 προσῆν.

913 2662 1121 2698 Βουλευομένοις
1141 2663 1168 2689 δὲ
1185 2664 1275 2694 αὐτοῖς
1295 2663 1359 2698 περὶ
1370 2663 1472 2689 τούτων
1489 2662 1579 2688 θεόθεν
1592 2661 1697 2696 γίνεται

914 2708 1051 2743 συμϐουλὴ
1065 2707 1155 2735 δοῦναι
1172 2707 1220 2742 μὲν
1231 2707 1314 2743 αὐτὴν
1327 2708 1404 2743 ἀνδρὶ
1417 2707 1562 2743 μνηστείας
1574 2706 1695 2741 ὀνόματι’

913 2753 1006 2781 τοῦτον
1021 2753 1049 2780 δὲ
1065 2753 1183 2781 τοιοῦτον
1195 2752 1274 2786 εἶναι,
1291 2750 1346 2780 οἷον
1359 2753 1426 2789 πρὸς
1439 2752 1561 2788 φυλακὴν
1573 2752 1622 2786 τῆς
1632 2760 1699 2787 παρ-

913 2799 1004 2831 θενίας
1025 2798 1184 2835 ἐπιτηδείως
1206 2798 1289 2834 ἔχειν,
1314 2798 1420 2835 Εὑρέθη
1439 2798 1528 2825 τοίνυν
1547 2798 1560 2824 ὁ
1588 2796 1697 2833 Ἰωσὴφ,

913 2842 967 2872 οἷον
986 2845 1110 2881 ἐπεζήτει
1130 2846 1143 2872 ὁ
1159 2845 1247 2879 λόγος,
1272 2846 1303 2872 ὲκ
1324 2845 1375 2880 τῆς
1396 2844 1480 2880 αὐτῆς
1503 2843 1589 2879 φυλῆς
1605 2852 1635 2870 τι
1653 2842 1698 2870 καὶ
