1900 3070
183 146 255 176 ’1015

850 143 971 171 ΗΣΟΝΙΒ
988 141 1124 169 ALLATlI

1735 140 1810 168 10M

185 205 303 240 πατριᾶς
312 205 345 240 τῇ
361 204 498 239 Παρθένῳ,
514 204 560 230 καὶ
576 203 721 239 μνηστεύει
735 202 805 229 κατὰ
816 202 968 237 συμϐουλὴν
983 202 1006 230 Α
1019 200 1253 241 δυναστευόμενος,
1262 202 1298 233 ὡς
1312 203 1341 228 ὲν
1352 203 1385 237 τῇ
1397 201 1510 236 δυνάμει
1523 201 1605 228 αὑτοῦ
1621 197 1692 227 εἶναι
1709 198 1811 233 καινὴν

184 250 238 276 τῶν
256 250 348 284 ἱερέων
363 248 451 284 ἐαυτῷ
464 248 512 284 τὴν
529 248 620 277 παῖδα.
642 249 674 276 Ἦ
693 249 720 275 δὲ
738 248 869 282 συνάφεια
889 248 969 283 μέχρι

187 295 331 331 μνηστείας
355 292 400 330 ἦν.
426 294 492 321 Τότε
517 296 734 330 μυπαγωγεῖται
755 294 830 330 παρὰ
847 294 894 320 τοῦ
916 294 969 320 Γα-

185 341 265 377 ϐριὴλ
279 342 296 376 ἡ
309 340 454 376 Παρθένος.
473 340 532 367 Non
548 341 691 368 dissimilia
707 341 787 368 habet
798 339 968 375 Epiphanius

185 387 308 414 adversus
324 387 615 419 Antidieomarianitas,
632 390 658 414 et
674 387 747 414 alibi.

220 434 343 466 Col.775,
354 434 403 462 lin.
413 434 457 461 55.
469 433 524 460 Καὶ
535 432 716 460 καταλιπών.
724 432 775 459 Alii
784 440 840 459 rem
854 432 968 459 hancita

185 485 307 506 narrant.
323 479 490 513 Desponsata
502 477 584 513 Virgo
600 477 759 513 parentibus
771 477 903 509 redditur,
918 477 966 512 qui

184 531 244 552 eam
269 524 378 552 domum
402 524 542 555 reducant,
555 528 581 551 et
596 531 655 559 quae
679 524 711 550 ad
730 523 837 550 futuras
858 524 966 558 nuptias

185 574 250 598 sunt
274 570 429 598 necessaria
453 574 613 604 pra-parent.
637 569 717 596 Eram
739 569 875 604 sponsalia
892 569 967 603 ejus-

185 615 258 642 modi
275 616 346 650 apud
364 615 502 648 llebrmos,
525 624 578 642 non
597 616 711 643 minoris
732 616 859 642 momenti
884 623 965 650 quam

184 661 250 695 ipsa:
269 662 381 697 nuptiae,
398 666 427 688 ut
442 665 537 689 auctor
551 665 593 688 est
617 661 704 694 Philo,
719 661 740 688 si
756 661 864 696 quidem
880 661 906 688 in
921 669 966 688 so-

184 706 268 733 lemni
298 707 448 734 amicorum
471 710 604 733 conventu
634 706 724 732 mariti
746 706 891 743 uxorisque
917 714 966 732 no-

184 752 257 779 mina
273 752 462 779 scribebantur
483 752 509 778 in
526 751 636 783 tabulis,
649 756 676 778 et
691 751 714 778 si
730 752 794 786 quid
824 760 922 786 sponsa
938 752 965 778 in

182 799 264 826 domo
274 803 385 834 paterna
410 806 523 826 manens
550 798 720 833 deliquisset,
736 806 811 833 atque
829 798 965 832 plecteba-

182 849 237 876 tur,
256 852 287 871 ac
304 848 401 880 nupta;
419 848 447 871 ut
464 845 598 878 lapidibus
617 844 788 875 obrueretur,
805 844 828 870 si
839 844 963 871 adulterii

182 897 228 917 rea
237 891 344 918 inventa
357 894 438 918 esset.
451 890 561 917 Mariam
582 894 672 918 autem
687 891 810 928 nuntium
825 890 858 916 ab
869 890 964 924 angelo

181 937 344 972 suscepisse,
361 937 424 964 dum
451 937 539 964 adhuc
560 942 679 964 maneret
700 937 727 963 in
746 937 826 963 domo
842 942 963 970 paterna.

217 982 275 1010 Col.
290 983 351 1016 776,
366 983 412 1010 lin.
423 983 450 1010 5.
467 983 517 1010 ἐν
528 981 573 1016 οἷς
586 983 634 1010 καὶ
648 984 710 1010 τόν,
721 982 824 1010 Similia
836 983 869 1010 de
881 991 963 1010 causa

180 1029 256 1056 necis
271 1028 410 1056 Zachariae
426 1029 553 1064 leguntur
573 1029 644 1064 apud
669 1028 780 1057 Petrum
805 1030 963 1066 episwputn

180 1075 393 1102 Alexandrinum
409 1079 435 1102 et
459 1080 603 1111 martyrem
622 1075 650 1102 in
666 1075 725 1103 suis
751 1075 857 1110 Regalis
882 1075 964 1102 eccle-

180 1120 311 1152 siasticis,
333 1128 400 1155 quas
417 1121 517 1155 recepit
541 1125 621 1156 atque
640 1120 764 1156 probavit
785 1124 861 1147 sexta
885 1127 962 1155 syno-

179 1167 241 1198 dus,
259 1173 319 1201 cap.
337 1166 362 1199 i,
375 1166 445 1200 apud
461 1165 633 1194 Theodorum
650 1165 850 1193 Balsamonem.

214 1212 295 1244 ΗΜ..
311 1213 359 1239 litt.
377 1212 420 1239 5i.
436 1214 497 1239 οὐκ
512 1211 604 1245 εἶδον,
616 1213 642 1238 εὶ
653 1212 696 1247 μὴ
713 1212 745 1238 τὸ
763 1210 802 1238 al.
820 1211 964 1238 Tertullia-

181 1266 243 1290 nus,
260 1259 286 1285 in
303 1258 456 1291 Scorpiaca,
473 1267 533 1293 cap.
556 1259 573 1286 8
590 1268 596 1285 ε
620 1257 765 1285 Zacharias
785 1258 857 1284 intra
879 1257 964 1284 altare

179 1309 204 1330 et
222 1303 303 1330 (adem
324 1303 485 1336 trucidatur,
512 1311 634 1338 perennes
657 1304 758 1330 cruoris
782 1304 824 1329 sui
846 1305 963 1330 maculas

180 1349 298 1376 silicibus
310 1350 471 1384 assignans;
484 1353 510 1376 et
525 1350 658 1376 Baronius
675 1349 782 1381 scribit,
798 1357 827 1377 se
841 1349 964 1384 aliquan—

181 1397 217 1422 tlo
234 1395 362 1422 incidisse
377 1396 403 1422 in
426 1395 567 1430 antiquum
591 1395 710 1422 codicem
728 1403 809 1422 manu
830 1395 962 1430 scriptum

183 1441 301 1476 positum
324 1441 350 1468 in
368 1440 530 1468 bibliotheca
547 1440 677 1467 Vaticana
694 1440 733 1468 De
755 1441 964 1475 peregrinatione

182 1487 216 1514 ad
241 1487 299 1514 loca
318 1491 410 1514 sancta
426 1495 435 1514 :
459 1487 486 1514 in
503 1494 556 1522 quo
572 1487 666 1514 cadent
692 1486 725 1514 de
747 1487 885 1514 Zachariae
900 1495 963 1514 san«

180 1533 263 1569 guine
279 1533 415 1568 lapidibus
437 1534 529 1568 templi
555 1533 690 1560 indelebili
715 1536 778 1560 nota
804 1534 961 1565 inhmrente,
976 1550 998 1579 c

181 1583 255 1606 certa
276 1579 327 1616 llde
342 1579 501 1613 consignata
521 1583 609 1606 erant.
628 1577 798 1606 ltinerarium
815 1580 878 1606 item
894 1578 962 1605 Bur-

180 1625 344 1659 t-zgalense:
363 1624 395 1651 In
416 1633 547 1651 marmore
562 1630 622 1651 ante
643 1633 717 1651 arant
731 1625 883 1659 sanguinein
903 1624 964 1650 Za—

181 1669 289 1702 chariw,
303 1669 340 1696 ibi
352 1670 425 1696 dicas
440 1669 516 1696 hodie
530 1670 629 1704 fusum,
645 1670 725 1696 etiam
748 1675 839 1703 parent
857 1670 963 1705 vestigia

181 1714 308 1746 militum,
323 1715 367 1748 qui
381 1723 439 1741 eum
455 1715 620 1741 trucidarunt
633 1716 659 1741 in
678 1720 758 1742 totam
775 1723 862 1742 arcam
877 1720 964 1750 utpote

182 1761 208 1786 in
222 1768 281 1787 cera
290 1759 373 1794 ﬁxum
385 1769 450 1788 esse.
462 1760 623 1797 Hippolytus
639 1761 784 1789 Thebanus
797 1761 823 1787 in
836 1760 964 1789 Chronico

182 1806 262 1834 aliter
273 1806 307 1834 de
319 1811 404 1834 morte
417 1807 568 1840 Zachariae;
587 1809 624 1834 ait
634 1808 705 1835 cuitu
716 1816 789 1839 eum,
803 1809 866 1835 dum
880 1809 964 1836 sacris

182 1857 340 1886 operaretur
347 1853 380 1880 de
387 1861 461 1880 more
470 1854 604 1888 lapidibus
611 1854 691 1888 jactis
700 1854 861 1881 trucidatum
869 1855 962 1886 fuisse,

182 1905 352 1938 corporeque
373 1904 478 1933 raptato
501 1901 529 1926 in
546 1900 616 1927 valle
631 1899 762 1935 Josaphat
777 1909 938 1939 suspensum
955 1909 962 1926 :

189 1944 232 1970 Ἑν
249 1945 303 1978 γὰρ
316 1945 355 1979 τῷ
372 1945 519 1980 ἱερατεύειν
534 1945 613 1972 αὑτὸν
637 1946 708 1972 κατὰ
733 1946 763 1972 τὸ
785 1946 878 1978 εἰωθὸς
891 1946 965 1981 αὐτῷ

182 1989 402 2025 λιθοϐολῆσαντες
420 1991 510 2023 αὑτὸν,
529 1992 576 2018 καὶ
596 1993 815 2027 κροταψήσαντες
837 1992 964 2019 ἀπέκτει-

182 2043 244 2061 ναν·
261 2035 308 2061 καὶ
325 2035 456 2070 σύραντες
477 2036 631 2072 ἐκρέμασαν
644 2037 724 2063 αὐτὸν
737 2038 776 2068 είς
790 2037 839 2073 τὴν
855 2038 965 2064 κοιλάδα

181 2080 228 2107 τοῦ
250 2079 392 2114 Ἰωσαφάτ.
409 2080 590 2117 Hieronymus
604 2083 654 2109 hoc
673 2083 841 2117 simplicitati
855 2084 966 2111 creden-

181 2127 249 2154 tium
268 2126 357 2162 potius
369 2127 473 2158 tribuit,
488 2135 569 2161 quam
591 2128 696 2155 veritati
717 2129 837 2156 historias
853 2130 878 2156 in
893 2129 965 2156 Mat-

181 2173 244 2200 lhmi
258 2181 326 2200 xxttt
341 2183 348 2201 :
368 2173 545 2207 Simpliciores
561 2174 657 2208 fratres
676 2175 744 2202 inter
760 2177 851 2202 ruinas
865 2177 963 2211 templi,

982 873 1003 898 Β

1019 246 1144 282 γέννησιν
1157 247 1188 282 δη
1193 249 1366 284 μιουργῆσαι,
1372 249 1432 283 ἥτις
1439 249 1488 284 τὴν
1496 247 1644 283 γενομένην
1658 246 1726 282 μητέ
1730 254 1768 281 pa.
1775 245 1810 271 τὸ

1019 291 1088 319 εἶναι
1113 293 1243 329 παρθένον
1257 294 1305 320 οὐκ
1332 294 1522 329 ἀφαιρήσεται,
1547 293 1596 319 Διὰ
1614 292 1693 318 τοῦτο
1717 292 1812 326 αὐτὴν

1018 339 1068 364 οὐκ
1081 339 1211 374 ἀπέκρινε
1227 339 1265 374 τῷ
1280 339 1335 374 ναῷ
1353 339 1399 365 τοῦ
1415 339 1503 375 χώρου
1517 339 1570 365 τῶν
1583 337 1733 373 παρθένων.
1747 335 1810 363 *Ην

1017 384 1046 410 δὲ
1064 385 1078 411 ὁ
1094 385 1174 416 τόπος
1190 382 1266 416 οὗτος
1281 386 1312 411 τὸ
1330 385 1428 419 μεταξὺ
1450 385 1496 411 τοῦ
1511 384 1575 411 ναοῦ
1595 384 1642 410 καὶ
1656 383 1811 418 Bumasti;-

1021 429 1077 464 ρίου
1094 429 1238 464 διάστημα.
1259 429 1366 465 Ἐπειδὴ
1382 429 1428 456 οὖν
1442 431 1538 465 ἢκουον
1555 429 1666 464 βασιλέα
1678 429 1724 464 τῆς
1739 429 1793 455 κτί
1802 442 1810 449 -

1020 482 1087 506 σεως
1103 475 1141 506 είς
1149 475 1272 510 γέννησιν
1280 475 1450 511 ἀνθρωπίνην
1461 475 1637 510 οἰκονομικῶς
1648 474 1809 510 προελθεῖν,

1018 520 1093 554 φόϐῳ
1109 520 1139 546 τὸ
1160 521 1196 556 μὴ
1216 520 1339 554 γενέσθαι
1363 521 1465 555 βασιλεῖ
1481 520 1640 556 ὑποχείριοι,
1660 521 1704 547 τὸν
1728 529 1810 556 μαρ-

1016 566 1148 600 τυροῦντα
1163 566 1248 593 ταῦτα
1263 568 1326 603 περὶ
1341 567 1386 593 τοῦ
1404 567 1481 592 τόκου
1503 566 1718 602 διαχειρίζονται,

1017 611 1091 646 αὐτῷ
1115 611 1298 648 θυσιαστηρίῳ
1319 613 1364 639 τὸν
1386 613 1461 646 ίερέα
1489 613 1723 647 ίερουργήσαντες.
1751 611 1811 638 Ea-

1017 655 1077 682 dem
1100 657 1180 685 habet
1197 656 1340 690 Origenes,
1357 657 1384 684 in
1403 656 1501 684 Matth.
1523 661 1604 684 tract.
1630 657 1675 687 26,
1696 657 1810 691 Grego-

1016 701 1074 728 rius
1088 700 1236 735 Nysscnus,
1261 701 1377 728 Basilius
1400 706 1426 728 et
1443 702 1497 727 alii.
1513 701 1546 727 Et
1567 701 1600 728 de
1615 709 1647 728 co
1668 701 1805 736 intelligit

1016 746 1230 782 Hicronymusin
1239 746 1336 774 Matth.
1348 755 1408 782 cap.
1421 755 1498 779 mn,
1510 747 1570 774 libr.
1584 755 1610 773 tv
1620 756 1626 773 :
1636 746 1810 773 AliiZacha—

1015 794 1084 819 riam
1099 798 1199 827 patrem
1219 793 1331 820 Joannis
1356 793 1468 827 intelligi
1484 793 1571 819 uolunt
1586 801 1618 819 ex
1637 793 1803 827 quibusdam

1016 838 1229 873 Apocrypltorum
1244 839 1353 866 somniis
1373 838 1555 873 approbantes,
1572 839 1640 873 quod
1663 843 1808 873 propterea

1017 884 1119 911 occisus
1141 885 1185 917 sit,
1200 885 1263 919 quia
1285 884 1432 912 Saluatoris
1446 885 1629 920 prtcdicaverit
1648 885 1808 912 adventum.

1020 930 1076 957 lloc
1092 931 1153 966 quia
1167 931 1198 958 de
1214 931 1359 965 Scripturis
1373 939 1424 957 non
1448 930 1523 958 habet
1546 932 1739 957 auctoritatem.
1758 939 1810 958 etz-

1017 975 1073 1002 dem
1098 975 1227 1010 facilitate
1249 976 1434 1007 contemnitur,
1454 984 1506 1010 qua
1520 976 1658 1008 probatur.
1680 975 1809 1003 (Σουδαία

1017 1027 1147 1056 prmterea
1165 1022 1356 1057 Epiphanium,
1385 1022 1424 1049 De
1449 1022 1495 1049 vit.
1516 1027 1540 1048 et
1560 1022 1636 1048 inter.
1662 1021 1807 1055 Prophet.,

1017 1075 1076 1102 cap.
1096 1067 1141 1094 ‘25.

1057 1123 1141 1156 lbid.,
1169 1125 1216 1152 litt.
1247 1124 1290 1152 50.
1315 1124 1468 1158 Διακρίνας
1490 1124 1635 1158 dret’pata.
1665 1123 1807 1156 Justinus.

1018 1170 1119 1197 Histor.
1138 1170 1198 1197 libr.
1214 1178 1294 1197 xxxvt
1307 1179 1313 1197 :
1332 1169 1456 1197 Minimus
1472 1174 1549 1196 a'lutc
1564 1170 1631 1196 inter
1642 1169 1737 1203 fratres
1752 1169 1809 1196 1,-

1017 1216 1077 1250 seph
1101 1216 1173 1250 fuit:
1189 1216 1263 1249 cujus
1287 1217 1415 1242 excellens
1443 1216 1573 1251 ingenium
1592 1216 1667 1242 veriti
1693 1216 1807 1249 fratres,

1017 1262 1085 1289 clam
1111 1262 1282 1295 interceptum
1305 1262 1449 1296 peregrinis
1475 1260 1665 1287 ntetcatoribus
1682 1262 1808 1288 uendide-

1017 1312 1086 1334 runt.
1099 1308 1119 1333 Α
1136 1308 1227 1343 quibus
1239 1307 1389 1342 deportatus
1403 1312 1439 1334 est
1454 1308 1479 1334 in
1492 1307 1657 1341 ngyptum;
1674 1315 1731 1333 cum
1744 1317 1809 1334 ma-

1015 1354 1087 1389 gicas
1107 1354 1142 1380 ibi
1160 1359 1228 1381 artes
1257 1354 1347 1380 solerti
1367 1354 1468 1388 ingenio
1487 1355 1652 1387 percepisset,
1667 1353 1735 1379 brevi
1751 1354 1807 1387 ipsi

1017 1400 1070 1434 regi
1091 1400 1231 1434 perc/tarus
1248 1399 1306 1433 fuit.
1331 1398 1401 1425 Nam
1415 1406 1436 1425 et
1455 1399 1635 1432 prodigiorum
1658 1401 1807 1433 sagacissi-

1017 1454 1074 1472 ntus
1090 1451 1158 1476 erat,
1171 1450 1195 1471 et
1209 1446 1368 1472 somniorum
1381 1445 1480 1479 primus
1498 1445 1697 1479 intelligentiam
1712 1446 1809 1472 candi-

1016 1491 1065 1522 dil,
1076 1491 1190 1526 nihilque
1204 1491 1285 1518 divini
1297 1491 1367 1525 juris
1384 1490 1539 1525 humanique
1552 1492 1575 1517 ei
1591 1491 1751 1525 incognitum
1767 1492 1810 1518 oi—

1015 1536 1147 1568 debatur;
1163 1537 1227 1563 adeo
1251 1542 1279 1564 ut
1305 1537 1384 1563 etiam
1405 1537 1571 1563 sterilitatem
1593 1545 1718 1572 agrorum
1741 1545 1809 1564 ante

1015 1582 1111 1608 multos
1127 1591 1208 1609 annos
1224 1582 1362 1616 providerit
1375 1590 1383 1614 ;
1397 1583 1555 1617 perissetque
1570 1583 1655 1608 omnis
1669 1582 1808 1617 Egypt“

1015 1627 1086 1662 fame
1101 1627 1152 1654 nisi
1165 1629 1263 1654 monitu
1289 1628 1345 1662 ejus
1361 1636 1404 1654 rex
1426 1628 1510 1654 cdlclo
1525 1629 1625 1654 servari
1638 1636 1684 1661 per
1705 1629 1809 1656 multo:

1016 1682 1099 1700 annos
1121 1673 1207 1708 fruges
1223 1673 1369 1707 jussissct,
1397 1678 1521 1707 tantaque
1543 1675 1719 1707 experimenta
1741 1675 1805 1709 ejus

1017 1719 1131 1751 filerunt,
1148 1723 1175 1744 ut
1192 1726 1242 1744 non
1260 1717 1291 1744 ab
1308 1718 1421 1750 homine,
1434 1719 1478 1744 sed
1496 1727 1511 1744 a
1526 1718 1578 1745 Deo
1596 1727 1723 1753 responsa
1740 1719 1809 1746 dari

1018 1764 1174 1791 viderentur.
1195 1763 1247 1790 Sed
1263 1763 1326 1797 quid
1352 1764 1427 1790 aliud
1451 1764 1486 1790 ab
1503 1763 1611 1791 homine
1626 1772 1640 1790 a
1657 1764 1709 1791 [ide
1723 1765 1810 1792 Chri-

1017 1811 1105 1838 stiana
1124 1811 1211 1837 alieno
1230 1809 1344 1844 lilcique
1366 1810 1468 1836 lutninc
1489 1809 1620 1836 destituto
1637 1815 1810 1844 exspectau-

1017 1857 1081 1883 dutn
1099 1860 1167 1888 erat,
1183 1863 1264 1890 quam
1279 1855 1401 1890 prodigia
1423 1855 1513 1882 divina
1537 1856 1646 1887 virtute,
1667 1857 1808 1890 impulsi.-

1017 1909 1069 1937 quc
1084 1905 1192 1936 peracta
1206 1901 1231 1927 in
1245 1901 1376 1927 lnnnanas
1387 1902 1593 1935 superstitiones
1607 1902 1811 1937 illusionesque

1017 1947 1170 1974 dmmonum
1194 1945 1315 1981 referre?
1335 1944 1445 1972 Fatetur
1464 1950 1553 1973 tamen
1570 1947 1627 1981 ipse
1649 1948 1808 1981 veritatem,

1019 1993 1139 2020 veritatis
1157 1992 1276 2027 ignarus.
1292 1990 1313 2017 Ο
1332 1991 1384 2017 vim
1404 1991 1527 2018 veritatis
1544 1992 1662 2018 rationis
1680 1993 1809 2020 humana:

1019 2038 1165 2065 asseclam!
1185 2039 1256 2068 quod
1273 2041 1332 2065 erat
1355 2036 1454 2063 divina:
1471 2037 1599 2071 potentiae
1617 2038 1715 2065 tribuit
1734 2039 1809 2065 invi-

1019 2088 1072 2110 tus.
1098 2082 1151 2109 Alii
1177 2082 1238 2110 aliis
1263 2081 1434 2108 somniorum
1455 2081 1698 2116 interpretationes
1719 2084 1808 2110 ascri-

1017 2129 1104 2156 bunt:
1123 2127 1200 2154 Philo
1226 2127 1346 2154 Biblicus
1361 2127 1535 2161 Abraltamo;
1556 2127 1661 2156 Plinius
1688 2129 1735 2156 lib.
1755 2137 1806 2162 vn,

1018 2175 1198 2209 Amphitrioni
1218 2173 1390 2201 Deucalionis
1408 2174 1478 2206 lilio;
1494 2174 1620 2205 Clemens
1641 2175 1810 2203 Alexandri-

181 2224 205 2246 ει
219 2220 327 2252 altaris,
344 2221 397 2247 sive
411 2221 436 2247 in
451 2225 588 2254 portarum
604 2222 728 2253 exitibus,
746 2223 790 2257 qui
804 2222 902 2250 Siloem
917 2223 966 2249 du-
981 2227 1005 2256 ι)
1019 2229 1071 2248 nus
1089 2220 1258 2248 Termisszeis
1275 2220 1382 2254 populis
1397 2220 1493 2255 Lyciae,

181 2271 254 2296 cunt.
269 2266 350 2293 rubra
373 2274 440 2293 saxa
462 2271 654 2299 monstrantes,
680 2267 818 2295 lac/toria
841 2269 967 2304 sanguine

181 2317 274 2346 putant
285 2321 342 2340 esse
354 2314 465 2348 polluta.
487 2313 548 2340 Non
568 2313 769 2341 condemnemus
786 2323 910 2348 errorem,
923 2317 968 2350 qui

181 2359 214 2385 de
227 2359 286 2386 odio
301 2359 455 2387 Judazorum
470 2365 493 2387 et
506 2359 568 2394 ﬁdei
579 2361 674 2394 pietate
687 2360 828 2388 descendit.

218 2404 300 2443 Ibid.,_
312 2405 359 2432 lin.
384 2406 427 2432 58.
455 2406 550 2440 ’Λλλη
578 2406 611 2433 δέ
629 2414 674 2439 τις
699 2406 825 2440 templa.
848 2405 967 2442 Cyrillus

182 2450 393 2482 Alexandrinus,
419 2450 543 2478 adversus
569 2451 871 2486 Anthropomorphitas:
885 2449 968 2484 Οὗτος

182 2496 271 2523 τοίνυν
285 2497 298 2522 ὀ
307 2497 346 2531 τῷ
361 2497 522 2533 προφητικῷ
538 2497 676 2532 Πνεύματι
691 2497 758 2532 πρὸς
771 2497 819 2532 τὴν
830 2497 884 2523 τῶν
893 2506 968 2533 ικρυ-

183 2542 257 2568 πτῶν
264 2542 364 2576 γνῶσιν
371 2543 633 2578 χειραγωγούμενος,
644 2543 674 2570 τὸ
686 2544 832 2579 μυστήριον
839 2545 889 2579 τῆς
897 2553 934 2571 πα
938 2553 968 2580 ρ-

184 2587 272 2620 θενίας
288 2589 334 2614 ἐπὶ
348 2588 393 2614 τοῦ
411 2589 529 2624 ἀφθόρου
557 2589 636 2616 τόκου
654 2591 833 2624 κατανοήσας,
852 2591 882 2621 ob
904 2599 969 2617 κατ-

183 2633 275 2668 έγρινε
294 2633 333 2668 τῷ
352 2634 407 2669 ναῷ
429 2635 475 2660 τοῦ
495 2637 551 2667 τοῖς
574 2634 720 2670 παρθένοις
743 2635 811 2662 κατὰ
827 2636 872 2662 τὸν
888 2637 968 2671 νόμον

184 2679 447 2715 ἀτοκεκ).ηρωμένου
464 2681 547 2707 τόπου
562 2681 611 2716 τὴν
624 2680 761 2715 πάναγνον
783 2681 889 2717 μητέρα
899 2690 906 2698 ⁸
929 2682 966 2709 δι-

184 2724 291 2750 δάσκων
307 2725 369 2756 τοὺς
390 2725 541 2757 Ἰουδαίους,
558 2727 599 2752 ὅτι
618 2727 631 2753 ὁ
647 2727 700 2754 τῶν
720 2727 787 2753 ὅλων
805 2727 969 2764 δημιουργὸς

185 2769 233 2794 καὶ
249 2767 371 2802 βασιλεὺς
386 2771 475 2806 πάσης
492 2771 606 2803 κτίσεως
629 2773 783 2808 ὑποχείριον
809 2773 863 2808 ἔχει
881 2773 969 2808 ἐαυτῷ

188 2811 256 2847 μετὰ
280 2813 388 2840 πάντων
403 2815 452 2849 τὴν
465 2815 638 2852 ἀνθρωπίνην
652 2817 743 2851 φύσιν,
761 2817 799 2852 τῷ
817 2818 873 2852 [δίῳ
889 2818 968 2853 eam-

190 2867 251 2897 μέτε
269 2859 335 2895 πρὸς
360 2860 390 2886 τὸ
412 2860 504 2887 δοκοῦν
520 2861 604 2895 ἄγων,
631 2863 680 2888 οὐκ
702 2863 779 2894 aito;
795 2863 846 2889 ὑπὸ
869 2864 968 2899 ταύτης

1053 2267 1112 2294 Col.
1138 2266 1204 2296 ⁵177,
1234 2266 1282 2292 lin.
1304 2265 1348 2292 35.
1376 2266 1524 2300 Πρότερον
1548 2266 1690 2294 ἕκαστον.
1716 2266 1808 2294 Verba

1018 2317 1155 2348 postrema
1182 2311 1278 2348 Jacobi
1296 2311 1328 2338 ad
1353 2312 1423 2339 lilios
1452 2312 1478 2338 in
1503 2312 1592 2340 vicina
1621 2317 1711 2340 morte
1732 2313 1808 2340 dicta

1017 2367 1085 2386 usus
1101 2358 1219 2384 obtinuit
1235 2362 1263 2383 ut
1285 2357 1489 2384 henedictiones
1511 2363 1686 2385 vocarentur.
1704 2357 1807 2385 Verum

1019 2404 1189 2435 Ambrosius,
1202 2403 1248 2431 lib.
1267 2403 1303 2430 De
1319 2403 1445 2430 benedict.
1458 2403 1616 2437 patriam/1.,
1627 2409 1653 2431 et
1668 2403 1807 2434 Bullinus,

1018 2451 1066 2478 lib.
1087 2451 1208 2485 ejusdem
1226 2450 1315 2485 tituli;
1331 2454 1357 2476 et
1372 2449 1570 2481 Tlteodorctus,
1586 2454 1686 2485 quiest.
1703 2451 1754 2477 ult.
1779 2452 1807 2477 in

1019 2496 1124 2527 Ccues.,
1148 2503 1201 2522 non
1217 2495 1424 2522 benedictiones
1440 2494 1567 2527 illas,sed
1577 2495 1670 2530 potius
1687 2496 1809 2531 prophe-

1018 2543 1071 2570 tias
1088 2551 1142 2569 non
1159 2542 1218 2569 sine
1234 2542 1340 2568 ratione
1354 2541 1502 2576 appellant.

1056 2588 1137 2618 lliid.,
1152 2588 1199 2614 lin.
1219 2587 1262 2614 55.
1281 2587 1336 2613 Καὶ
1351 2585 1408 2619 τὴν
1421 2586 1479 2620 μὲν
1499 2587 1650 2620 εὐλογίαν.
1672 2585 1810 2622 Hierony-

1019 2641 1089 2662 mus.
1105 2634 1248 2666 Quwstiun.
1259 2632 1394 2659 Hebraicis
1410 2633 1436 2658 in
1449 2631 1553 2664 Cenes.,
1564 2632 1644 2659 verba
1656 2631 1752 2660 Jacobi
1771 2633 1808 2660 ita

1019 2680 1135 2714 explicat
1149 2688 1155 2705 ε
1171 2679 1221 2709 Tu.
1234 2679 1367 2712 Ruben,es
1377 2679 1565 2714 primogenita:
1581 2687 1664 2710 meus,
1676 2680 1765 2714 major
1782 2680 1810 2706 iu

1020 2726 1119 2758 liberis,
1131 2731 1154 2752 et
1169 2725 1276 2753 sedebas
1286 2725 1369 2760 juxta
1392 2724 1509 2752 ordinem
1530 2725 1680 2754 nativitatis
1698 2731 1762 2758 tua,
1784 2731 1809 2753 et

1020 2771 1210 2803 Ita'redilatem,
1222 2779 1280 2806 qua:
1292 2772 1470 2806 primogenitis
1479 2771 1540 2805 jure
1552 2771 1707 2804 debebatur,
1720 2780 1807 2798 sacer-

1020 2818 1120 2845 dotium
1134 2818 1232 2844 scilicet
1246 2822 1270 2844 et
1286 2825 1392 2852 regnum
1412 2818 1527 2850 accipere
1538 2817 1648 2844 debebas
1658 2837 1665 2844 .
1686 2817 1735 2844 hoc
1748 2818 1807 2852 qui-

1021 2865 1078 2891 dem
1097 2865 1122 2891 in
1143 2864 1273 2898 portando
1292 2872 1378 2897 onere,
1394 2869 1418 2891 et
1433 2864 1575 2900 prttvalido
1590 2866 1683 2891 robor:
1699 2864 1809 2893 deuitat
