1900 3070
223 119 292 147 1047

905 120 1028 149 LEONlS
1041 122 1177 150 ALLATII

1778 127 1838 154 1068

223 188 277 213 res,
294 183 453 213 secundum,
472 181 608 209 mdilicare
621 182 702 210 urbes
717 182 835 214 Pithom,
848 187 874 210 et
895 183 1000 211 Rames-

1060 184 1172 220 σύμενον
1190 187 1298 214 ἄπωθεν
1325 187 1429 215 ἑστῶσα
1443 188 1489 219 τοῦ
1504 188 1597 220 παιδὸς
1616 189 1633 224 ὴ
1648 188 1762 223 ἀδελφή.
1780 190 1839 218 Eze-

223 233 277 256 ses.
297 226 407 253 tertium
427 226 517 254 Nilum
535 227 562 254 in
582 227 670 255 fossas
692 228 827 256 deducere
843 229 875 255 ad
892 229 1009 264 irrigan-

222 271 286 298 dum
301 271 471 306 singulorum
488 279 579 308 agros,
596 277 623 300 et
638 279 725 308 prata,
745 274 888 309 fossasque
904 274 1009 309 aggeri~

222 317 273 345 bus
292 317 411 353 cingere.
432 317 569 354 Iosephus
585 319 698 347 insanas
720 320 939 348 subSIructiones
954 321 1007 356 Py-

222 364 354 392 ramidum
368 365 463 392 tribuit
475 364 606 393 Hebraeis.
619 365 774 401 Artapanus
785 366 900 394 εΤοῦτον
913 367 941 395 δὲ
953 369 1008 399 τοῖς

228 410 363 441 Ἰουδαίοις
386 411 495 445 φαύλως
516 412 733 449 προσφέρεσθαι·
757 413 803 439 καὶ
828 412 936 448 πρῶτον
958 414 1007 449 μὲν

219 455 269 492 τὴν
282 456 391 483 Κεσσὰν
407 458 592 494 οἰκοδομῆσαι,
618 459 648 485 τό
661 467 690 485 τε
707 460 750 485 ἐπ’
765 459 833 495 αὐτῇ
851 460 923 496 ἱερὸν
940 460 1006 487 καθ-

222 501 388 537 ιδρύσασθαι,
401 500 460 529 εἶτα
474 503 520 530 τὸν
533 505 562 530 ὲν
583 504 749 531 Ἡλιουπόλει
763 505 824 532 ναὸν
837 507 1007 533 κατασκευά-

221 555 276 574 σαι.
291 546 408 582 Cyrillus
424 543 621 584 Glaphyrorum
641 550 667 576 in
684 549 771 577 Exod.
781 550 828 577 lib.
843 558 850 577 ι
866 559 873 577 :
890 551 919 577 '0
934 551 962 577 δὲ
975 551 1006 587 δὴ

220 592 370 620 κακοῦσθαι
389 593 488 629 τρόπος
505 593 538 633 ἦν
552 595 566 621 ὁ
581 595 628 621 ἐπὶ
654 596 806 628 σκαπάναις
827 595 916 632 ἱδρὼς,
932 597 1007 624 πλιν-

221 636 334 672 θουργία
351 638 445 674 μακρὰ
465 639 512 666 καὶ
528 640 642 675 ἄμισθος
661 642 707 667 καὶ
726 642 779 677 μὴν
794 642 840 668 καὶ
856 642 887 668 τὸ
903 642 1007 669 ἀναδεί-

221 683 322 718 μασθαι
338 684 429 716 πόλεις
453 685 553 720 ὀχυρὰς
569 685 607 721 τῷ
625 686 735 722 Φαραὼ,
755 687 878 714 τουτέστι
901 697 1006 723 πεπυρ-

221 729 357 764 γωμένας,
375 730 392 766 ἢ
409 730 494 762 οὕτως
514 732 622 767 εὐρείας
645 733 691 759 καὶ
712 733 831 768 μακρὰς,
847 734 885 765 ὡς
908 734 1005 770 κομιδῆ

219 776 279 807 ταῖς
294 775 386 808 ἄλλαις
412 774 480 803 εἶναι
505 777 601 810 δοκεῖν,
625 778 668 805 διὰ
691 779 794 815 πληθὺν
817 779 937 815 δηλονότι
952 780 1005 807 τῶν

219 821 405 857 ὲνῳκηκότων.
418 823 507 850 Πειθὼ
521 823 549 850 δὲ
559 822 628 859 ἦσαν
639 833 685 851 και
707 825 857 865 Ῥαμεσσῆ,
871 827 918 853 καὶ
926 826 1004 853 ἄλλαι

220 866 320 899 πόλεις.
333 867 452 896 Tandem
461 876 508 897 eos
523 870 641 898 servisse
656 870 683 898 in
695 860 769 898 omni
783 860 915 900 famulatu
931 880 1003 900 com-
1022 860 1043 890 Β

221 913 341 948 perimus
359 913 387 941 in
405 915 534 950 operibus
551 921 640 944 teme.

254 959 376 994 €01,780,
385 960 432 988 lin.
442 961 471 988 5i
478 981 485 988 .
495 962 548 988 Kal
561 962 596 989 τὰ
604 964 672 998 παρ’
679 963 898 997 αὐτοῖςκὸἱηιὶἰὶο
907 965 1006 993 habent

217 1004 363 1040 Josephus,
379 1007 468 1041 Philo,
485 1012 512 1036 et
528 1009 585 1039 alii,
601 1009 667 1037 Item
683 1010 843 1039 Ezechiclus
858 1012 929 1046 apud
950 1012 1004 1041 Eu-

218 1053 321 1082 sebium
333 1063 340 1080 :

272 1110 394 1148 Έπειτα
405 1113 550 1148 κηρύσσει
558 1113 617 1147 μὲν
635 1113 775 1148 Ἐϐραίων
785 1114 864 1148 γένει

273 1145 435 1179 Τὰρσενικὰ
447 1145 566 1181 ῥίπτειῦ
576 1145 710 1184 ποταμῦν
719 1149 752 1182 ἐς
761 1145 941 1184 βαθύρῤοον.

253 1199 332 1234 lbid.,
349 1202 398 1230 lin.
418 1203 465 1236 35.
489 1204 611 1239 Ἀϐραὰμ
626 1206 756 1240 ὀνόματι.
774 1205 917 1238 Hebraice,
934 1211 961 1234 et
977 1207 1005 1234 in

219 1245 313 1275 Biliis
324 1247 429 1282 Latinis
441 1249 551 1277 Amram
566 1251 676 1287 legitur.
693 1251 779 1279 Graeci
792 1260 848 1280 suae
862 1253 1006 1288 orthogra-

219 1294 287 1328 phia:
301 1301 406 1322 canone
422 1295 549 1333 Ἀμὸρόιμ
564 1297 743 1332 scripserunt,
751 1302 778 1326 et
789 1299 833 1326 alii
847 1304 939 1333 postea
945 1307 1005 1327 sua-

216 1341 285 1367 viori
300 1348 367 1369 sono
380 1341 503 1378 ’Δϐραάμ
516 1351 523 1376 ;
550 1344 586 1370 ita
597 1343 749 1372 Demetrius
767 1345 838 1380 apud
845 1345 1004 1379 Eusebium,

218 1386 257 1414 De
265 1388 466 1421 prwparatione,
474 1388 521 1416 lib.
531 1396 558 1415 ιι
567 1398 574 1422 ;
583 1388 759 1425 Epiphanius,
772 1391 819 1426 qui
833 1397 861 1419 ut
873 1399 935 1420 eum
947 1392 1005 1420 dis-

216 1433 321 1468 tingunt
334 1433 369 1461 ab
385 1433 501 1461 Abraam
516 1435 670 1470 patriarcha
683 1436 806 1473 Ἀϐραὰμ
816 1437 928 1473 ἔσχατον
941 1446 1002 1465 eum

219 1479 338 1514 appellat
360 1479 388 1506 in
404 1479 556 1515 Ancyroto:
572 1481 649 1509 Καὰθ
664 1482 693 1508 δὲ
714 1483 782 1517 μετὰ
802 1484 851 1519 τὴν
867 1485 906 1515 εἰς
922 1485 1004 1518 Myu-

217 1533 282 1551 mov
306 1525 418 1552 κάθοδον
438 1525 467 1552 ὲν
489 1526 528 1561 τῷ
539 1526 676 1562 ἑξηκοστῷ
701 1530 818 1565 πέμπτῳ
845 1530 927 1556 αὑτοῦ
948 1530 1002 1557 ἔτει
1017 1533 1039 1564 C

214 1571 296 1607 γεννᾷ
310 1572 356 1599 τὸν
373 1573 477 1610 πατέρα
491 1574 612 1606 Μωσέως
631 1575 764 1611 Ἀϐραάμ.
779 1576 900 1603 Γίνονται
914 1577 1003 1604 τοίνυν

215 1617 269 1646 ἀπὸ
290 1618 336 1645 τοῦ
359 1619 466 1655 πρώτου
492 1620 615 1656 Ἀϐραὰμ
636 1620 682 1647 τοῦ
703 1622 899 1657 ὲῦδομηκοστοῦ
919 1623 1002 1650 αὑτοῦ

215 1663 340 1699 πέμπτου
348 1665 423 1697 ἔτους
430 1666 482 1698 ἕως
494 1667 543 1702 τῆς
552 1667 683 1701 γενέσεως
691 1668 737 1695 τοῦ
746 1668 860 1704 ἐσχάτου
878 1668 1002 1705 ’Λᾶραὰμ

214 1710 264 1748 ἔτη
283 1713 344 1743 sic;
363 1711 435 1746 quod
454 1712 492 1739 ita
513 1713 658 1748 separavit,
680 1714 746 1749 quia
763 1714 834 1742 idem
859 1715 1002 1750 utriusque

214 1763 314 1783 nomen
329 1756 481 1786 videbatur.

250 1801 318 1834 Ibid.
333 1804 468 1834 Γυναῖκα
478 1804 542 1838 τήν.
555 1804 615 1833 Non
628 1805 722 1838 filiam,
735 1807 783 1834 sed
797 1811 904 1842 neptem
918 1807 1000 1842 Levi;

214 1857 269 1876 non
295 1850 417 1882 amitam,
441 1851 488 1878 sed
512 1852 704 1882 consobrinam
732 1853 853 1883 Amram.
877 1853 1000 1890 Nugatur

213 1903 279 1930 ergo
292 1895 432 1928 Calvinus,
445 1905 508 1924 cum
524 1897 644 1933 Moysetn
656 1898 812 1926 incestuoso
825 1900 1000 1928 matrimonio

213 1945 374 1977 prognatum
396 1949 457 1971 esse
476 1942 600 1975 adimat,
622 1944 693 1972 sicut
713 1948 740 1971 et
764 1944 1000 1979 impudentissime

214 1991 340 2020 parentes
371 1987 464 2016 ferinae
487 1989 666 2017 immanitatis
701 1990 737 2018 ob
766 1991 851 2026 prolis
882 1992 998 2020 similem

212 2033 410 2066 expositionem
427 2034 600 2067 criminatur.

247 2076 329 2111 lbid.,
345 2078 392 2106 lin.
411 2079 456 2108 57,
469 2080 524 2110 Καὶ
535 2081 692 2116 ἔκρυπτεν.
708 2082 796 2115 Philo,
809 2082 846 2112 De
858 2083 911 2110 vita
922 2083 998 2119 Moy-

211 2124 248 2151 si:
257 2132 267 2152 :
275 2124 418 2160 Γεννηθεὶς
431 2123 477 2153 οὖν
490 2127 504 2154 ὸ
515 2129 580 2159 παῖς
593 2128 674 2161 εὐθὺς
687 2129 748 2164 ὄψιν
758 2130 886 2166 ἐνέφηνεν
898 2131 998 2158 ἀστειο-

209 2168 292 2205 τέραν
305 2169 322 2205 ἢ
339 2170 399 2201 κατ’
417 2170 534 2209 ἰδιώτην,
547 2172 586 2205 ὡς
600 2174 647 2206 καὶ
667 2174 722 2201 τῶν
738 2175 785 2202 τοῦ
802 2176 933 2213 τυράννου
948 2186 999 2213 κητ

1060 231 1199 259 chielus...
1213 232 1249 259 Οὐ
1266 233 1383 260 λαϐοῦσα
1395 234 1424 260 δὲ

1100 288 1289 325 ᾉΥπεξέθηκε.
1306 291 1422 324 κόσμον
1433 290 1593 325 ἀμφιθεῖσά
1602 300 1654 325 μοι

1093 324 1165 357 Παρ⁹
1179 324 1253 358 ἄκρα
1265 325 1396 358 ποταμοῦ
1412 325 1523 352 λάσιον
1531 327 1573 358 εὶς
1583 326 1654 358 ἕλος
1663 327 1756 359 βαθύ.

1093 359 1210 393 Μαριὰμ
1223 359 1248 385 δ’
1266 359 1380 395 ἀδελφή
1393 370 1453 395 μου
1467 360 1654 388 κατώπτευεν
1667 361 1774 395 πέλας.

1059 413 1159 443 Fusius
1174 416 1231 443 haec
1245 417 1335 444 omnia
1348 416 1436 445 Philo.

1092 461 1173 494 Ibid.,
1189 462 1236 489 lin.
1251 463 1295 490 41,
1311 464 1365 492 Καὶ
1377 465 1394 498 ἡ
1407 464 1536 499 θυγάτηρ
1550 465 1602 493 τοῦ
1617 466 1670 494 Φα.
1692 465 1791 494 Eadem
1804 468 1836 495 le-

1057 511 1158 541 guntur
1176 507 1246 542 apud
1258 507 1441 541 Ezechielum,
1455 509 1606 542 Philonem,
1616 509 1777 545 Josephum,
1788 512 1836 540 Cie

1057 556 1174 580 mentem
1192 553 1417 586 Alexandrinum,
1432 559 1459 583 et
1471 556 1549 584 alios.

1090 597 1169 630 Ibid.,
1182 599 1229 626 lin.
1239 600 1283 627 44.
1299 601 1588 635 Ἀποροῦσαπαιδός.
1596 603 1754 637 Artapanus
1764 604 1835 630 :Toi-

1055 653 1100 671 τον
1109 644 1136 671 δὲ
1142 645 1268 681 γεννῆσαι
1274 645 1408 682 θυγατέρα
1417 647 1530 684 Μέρῤιν,
1541 648 1574 684 ἢν
1581 649 1708 685 Χενεφρῇ
1716 658 1770 676 τινι
1779 659 1836 676 κατ-

1056 691 1198 726 εγγυτὴσαι,
1214 692 1268 718 τῶν
1289 692 1359 728 ὑπὲρ
1373 693 1482 729 Μέμφιν
1488 694 1577 721 τόπων
1586 695 1764 730 βασιλεύοντι.
1776 696 1835 722 Πολ-

1056 736 1117 768 λοὺς
1124 737 1177 772 γὰρ
1185 737 1244 764 τότε
1252 737 1302 773 τῆς
1309 738 1446 773 Αἰγύπτου
1456 739 1616 774 βασιλεύειν.
1627 741 1737 776 Ταύτην
1743 741 1770 767 δὲ
1779 742 1835 768 στεὶ-

1058 792 1106 818 ραν
1114 783 1289 820 ὑπάρχουσαν
1300 785 1482 814 ὑποϐαλέσθαι
1490 787 1563 819 τινὸς
1569 787 1623 814 τῶν
1642 787 1777 814 Ἰουδαίων
1785 797 1836 814 παι-

1055 828 1120 858 δίον.
1136 829 1253 858 Τοῦτοδὲ
1262 831 1379 859 Μώῦσον
1386 832 1516 867 ὀνομάσαι
1526 854 1533 865 ,
1545 834 1597 860 ὑπο
1605 833 1633 859 δὲ
1644 833 1700 860 τῶν
1715 833 1835 868 Ἑλλήνων

1056 875 1137 902 αὑτὸν
1148 875 1316 912 ἀνδρωθέντα
1330 878 1466 906 Μουσαῖον
1485 879 1750 915 προσαγορευθῆναι..
1768 880 1834 906 Γενέ-

1057 921 1118 948 σθαι
1127 921 1155 947 δὲ
1165 921 1209 948 τὸν
1217 921 1331 950 Μώῦσον
1341 924 1435 951 τοῦτον
1443 924 1562 960 Ὀρφέως
1568 925 1738 952 διδάσκαλον.
1749 925 1832 952 Mirum

1056 970 1109 998 est,
1128 970 1157 994 ut
1173 971 1270 994 auctor
1285 968 1337 996 iste
1356 969 1383 996 in
1401 968 1545 997 referenda
1561 968 1741 997 Hebraeorum
1759 969 1833 997 histo-

1056 1010 1097 1038 ria
1113 1011 1249 1044 ctecutiat,
1269 1013 1490 1049 inconcinnaque
1508 1015 1631 1047 scribat;
1649 1019 1678 1042 et
1692 1014 1778 1043 ausim
1797 1014 1832 1041 di-

1056 1064 1128 1089 cere.
1142 1063 1207 1093 quot
1221 1059 1315 1090 verba,
1333 1063 1373 1087 tot
1388 1068 1450 1087 eum
1467 1068 1575 1088 errores
1590 1061 1774 1089 commisisse.
1786 1061 1832 1088 Eo-

1056 1111 1116 1131 rum
1131 1106 1264 1133 correctio
1276 1114 1308 1135 ex
1317 1106 1418 1134 divinis
1429 1107 1527 1134 litteris
1540 1108 1566 1134 in
1577 1111 1705 1142 promptu
1716 1112 1757 1135 est
1769 1117 1776 1140 ;
1790 1115 1832 1135 nec

1056 1150 1117 1185 plus
1137 1150 1276 1186 Artapauo
1301 1153 1395 1180 sanior
1413 1152 1539 1181 Justinus
1566 1153 1728 1186 historicus,
1753 1154 1832 1181 omni}

1056 1203 1158 1231 susque
1173 1196 1425 1232 dequﬁtransversa
1449 1199 1514 1234 agit,
1531 1207 1592 1234 qua;
1611 1207 1646 1227 ne
1675 1200 1775 1235 saepius
1797 1208 1833 1226 re-

1055 1247 1146 1277 petere
1157 1250 1327 1277 cogeremur,
1345 1244 1388 1270 hic
1399 1245 1483 1272 semel
1500 1245 1744 1280 transcripsimus:
1755 1245 1830 1272 Ρίίίιι

1054 1287 1164 1323 Iosephi
1185 1288 1288 1324 Moyses
1314 1290 1375 1324 fuit,
1391 1298 1467 1325 quem
1484 1296 1580 1325 prazler
1593 1295 1713 1325 paterna:
1729 1291 1831 1318 scientia

1054 1332 1244 1365 hereditatem,
1254 1335 1333 1360 etiant
1346 1335 1438 1369 [arma
1446 1335 1612 1369 pulchritudo
1630 1335 1829 1363 commendabat.

1056 1379 1109 1406 Sed
1139 1379 1259 1414 Egyptii
1280 1389 1340 1407 cum
1363 1381 1475 1407 scabiem
1497 1386 1521 1408 et
1543 1381 1700 1416 vitiliginem
1723 1386 1830 1416 pateren-

1055 1431 1108 1458 tur,
1126 1434 1248 1460 responso
1269 1426 1372 1458 moniti,
1393 1435 1451 1454 eum
1466 1435 1525 1454 cum
1539 1428 1627 1462 aegris,
1649 1436 1682 1454 ne
1708 1428 1783 1462 pestis
1801 1427 1829 1454 ad

1054 1471 1141 1506 plures
1164 1476 1285 1506 serperet,
1296 1472 1413 1498 terminis
1431 1471 1540 1507 Egypti
1556 1473 1667 1507 pellunt.
1688 1472 1749 1500 Dux
1762 1473 1830 1506 igitur

1055 1518 1177 1545 exsulum
1197 1518 1295 1552 factus,
1313 1527 1391 1545 sacra
1407 1517 1593 1553 .Egyptiorum
1615 1519 1689 1552 furto
1712 1518 1828 1545 abstulit:

1054 1570 1112 1596 qua:
1126 1567 1267 1596 repetentes
1295 1563 1378 1589 armis
1393 1561 1524 1598 zEgyptii,
1546 1563 1652 1590 domum
1679 1564 1764 1590 redire
1776 1568 1828 1590 tem-

1053 1608 1196 1642 pestatibus
1212 1608 1340 1642 compulsi
1360 1613 1430 1636 sunt.
1443 1608 1537 1644 Itaque
1551 1608 1657 1644 Moyses
1679 1609 1829 1636 Damascum

1053 1654 1163 1689 antiqua
1178 1655 1266 1686 patrio
1282 1656 1391 1688 repetita
1402 1659 1513 1682 montem
1526 1654 1626 1690 Synam
1641 1660 1753 1689 occupat
1767 1663 1775 1682 :
1788 1663 1829 1689 qn

1052 1705 1149 1735 septem
1156 1700 1259 1728 dierum
1272 1701 1376 1736 jejunio
1390 1709 1436 1736 per
1450 1701 1553 1730 deserta
1563 1702 1669 1729 Arabia:
1680 1711 1740 1730 cum
1747 1702 1828 1736 popula

1052 1753 1100 1772 suo
1115 1745 1255 1781 fatigatus,
1270 1753 1329 1772 eum
1353 1745 1457 1773 tandem
1473 1747 1594 1778 venisset,
1612 1748 1752 1781 septimum
1770 1747 1828 1773 diem

1051 1800 1123 1819 more
1139 1792 1222 1828 gentis
1249 1792 1395 1820 Sabbatum
1417 1794 1582 1828 appellatum
1603 1795 1631 1820 in
1659 1802 1737 1821 omne
1759 1801 1828 1821 avum

1045 1837 1149 1872 jejunio
1163 1838 1277 1865 sacravit
1290 1846 1299 1863 .'
1314 1838 1438 1872 quoniam
1453 1838 1502 1865 illa
1510 1838 1564 1865 dies
1574 1838 1672 1873 famem
1689 1839 1755 1870 illis,
1766 1846 1828 1865 erro-

1051 1892 1154 1919 remque
1166 1884 1282 1919 ﬁnierat.
1295 1883 1329 1910 Et
1338 1884 1463 1919 quoniam
1475 1889 1545 1911 metu
1554 1885 1721 1919 contagionis
1728 1884 1797 1919 pulto
1807 1891 1827 1909 se

1050 1932 1082 1959 ab
1095 1931 1210 1967 {Egypto
1226 1931 1407 1963 meminerant,
1420 1939 1451 1958 ne
1471 1931 1562 1958 eadem
1581 1939 1664 1958 causa
1678 1931 1755 1960 invisi
1770 1929 1827 1963 apud

1049 1978 1150 2005 incolas
1163 1978 1259 2012 forent.
1269 1981 1390 2004 cauerunt
1400 1985 1431 2004 ne
1441 1985 1499 2003 cum
1511 1977 1654 2011 peregrinis
1663 1976 1827 2004 communica-

1049 2029 1105 2051 rent
1119 2032 1127 2055 ;
1142 2025 1210 2059 quod
1224 2031 1256 2051 ea:
1268 2032 1350 2050 causa
1363 2023 1464 2058 factum
1474 2023 1605 2057 paulatim
1623 2023 1651 2049 in
1669 2023 1826 2059 disciplinam

1048 2070 1251 2105 religionemque
1265 2069 1402 2096 convertit.
1420 2068 1496 2102 Quod
1514 2069 1560 2095 hic
1581 2068 1710 2097 Justinus
1731 2070 1762 2097 de
1776 2069 1826 2095 viti-

1049 2116 1139 2151 ligine.
1150 2115 1245 2147 refert,
1268 2115 1395 2143 nonnulli
1410 2116 1494 2143 etiam
1516 2115 1562 2142 alii
1585 2116 1710 2151 gentium
1725 2117 1825 2150 scripto-

1048 2169 1103 2189 res.
1116 2160 1279 2190 Ptolemaeus
1297 2161 1463 2197 Hephaestio,
1484 2161 1532 2189 lib.
1545 2170 1561 2188 v
1575 2162 1609 2189 de
1624 2169 1697 2190 nova
1713 2161 1824 2192 historia.

211 2204 370 2251 ρυγμάτων·
382 2217 426 2252 ἐφ’
437 2204 566 2246 ὅσον-οἷόν
577 2204 608 2247 τε
622 2205 666 2256 ἦν,
681 2223 744 2254 τοὺς
756 2204 844 2257 γονεῖς
855 2204 999 2260 ἀλογῆσαίέ

1053 2207 1120 2242 apud
1136 2207 1262 2240 Photium
1280 2207 1307 2234 in
1326 2206 1511 2234 Bibliotheca:
1529 2207 1590 2234 ’Ότι
1611 2207 1740 2244 φλυαρῶν
1764 2204 1825 2237 οὗτος

209 2262 289 2296 Τρεῖς
307 2262 372 2297 γοῦν
390 2272 455 2299 φασι
476 2265 563 2301 μῆνας
583 2267 681 2303 ἐφεξῆς
695 2268 763 2295 οἴκοι
779 2269 1000 2306 γαλακτοτροφη-

210 2307 289 2343 θῆναι
305 2309 470 2341 λανθάνοντα
486 2313 548 2344 τοὺς
562 2313 685 2346 πολλούς.
697 2314 824 2343 Clemens
837 2317 999 2344 Alexandri-

208 2362 272 2385 nus,
292 2354 420 2383 Stromat.
439 2357 485 2384 lib.
499 2365 517 2390 ι,
536 2358 708 2395 Εὐπατρίδην
724 2360 753 2387 δὲ
771 2360 816 2386 τὸν
838 2361 920 2388 παῖδα
935 2361 1000 2388 ὄντα

208 2400 282 2434 τρεῖς
305 2400 404 2436 ἐφεξῆς
425 2402 592 2437 κρύπτοντες
615 2404 729 2439 ἔτρεφον
751 2406 836 2440 μῆνας
859 2407 883 2432 οί
899 2409 996 2441 γονεῖς,

208 2444 326 2481 νικώσης
342 2447 392 2482 τῆς
405 2448 522 2483 φυσικῆς
543 2449 649 2481 εὐνοίας
666 2450 715 2485 τὴν
738 2451 901 2487 τυραννικὴν
925 2452 998 2487 ὠμό-

207 2499 286 2526 τητα.
303 2491 463 2523 Ezechielus
478 2495 550 2530 apud
567 2497 703 2528 eumdem,
718 2501 745 2524 et
759 2496 904 2525 Eusebium
919 2508 924 2524 :

305 2559 449 2600 Ἐνταῦθα
458 2561 557 2600 μήτηρ
607 2564 726 2592 textorio”
743 2564 872 2599 ἔκρυπτέ
888 2574 926 2600 με

298 2595 378 2628 Τρεῖς
395 2595 505 2630 μῆνας,
521 2595 560 2630 ὡς
571 2598 716 2633 ἔφασκεν.
775 2595 786 2602 ”

243 2661 323 2694 lbid.,
341 2663 389 2691 lin.
407 2663 450 2692 58.
473 2665 519 2698 Ὡς
528 2665 562 2692 δὲ
580 2664 641 2693 εἶδε
657 2667 719 2694 τόν.
736 2668 862 2696 Clemens
877 2669 997 2696 Alexan-

209 2707 316 2740 drinus,
340 2709 481 2742 Δείσαντες
496 2711 525 2738 δὲ
545 2711 657 2748 ὕστερον
673 2713 710 2749 μὴ
739 2715 940 2742 συναπόλωνται
960 2715 996 2751 τῷ

207 2751 294 2783 ιεαιδὶ,
307 2753 339 2779 ἐκ
353 2753 443 2788 βίϐλου
460 2755 510 2790 τῆς
531 2756 677 2791 ἐπιχωρίου
692 2757 787 2790 σκεῦός
804 2767 831 2784 τι
845 2759 995 2794 ποιησάμε-

208 2805 258 2827 vat,
276 2797 320 2823 τὸν
346 2800 426 2826 παῖδα
443 2801 580 2836 ἐνθέμενοι
597 2803 733 2830 exustas:
757 2805 832 2840 παρὰ
846 2805 895 2836 τὰς
915 2805 996 2840 ὄχθας

209 2842 256 2873 τοῦ
271 2845 391 2885 ποταμοῦ
408 2846 520 2878 ἑλώδους
535 2848 618 2880 δντος.
643 2849 786 2885 Ἐπετήρει
797 2850 825 2877 δὲ
845 2850 875 2877 τὸ
891 2850 995 2887 ἀποϐη-

1049 2254 1064 2281 ὁ
1080 2253 1252 2289 μυθογράφος
1264 2254 1377 2288 Μωσῆς,
1394 2253 1486 2288 φησὶν,
1504 2253 1519 2279 ό
1538 2253 1592 2280 τῶν
1612 2252 1747 2288 Ἑϐραίων
1760 2260 1825 2288 νομο-

1050 2299 1130 2335 θέτης
1145 2299 1234 2334 ’Ἄλφα
1258 2299 1381 2325 ἐκαλεῖτο
1404 2298 1448 2325 διὰ
1471 2299 1503 2326 τὺ
1516 2299 1618 2334 ἀλφοὺς
1635 2299 1710 2334 ἔχειν
1733 2299 1776 2325 ἐπὶ
1787 2296 1823 2324 τοῦ

1050 2344 1192 2380 σώματος·
1210 2349 1237 2372 et
1258 2344 1397 2372 Helladius
1421 2345 1602 2373 Besantinous
1621 2345 1648 2372 in
1670 2344 1824 2373 Chrestama-

1050 2392 1105 2418 illia
1116 2400 1125 2419 :
1138 2392 1199 2418 Ὅτι
1214 2391 1328 2427 φλυαρεῖ
1338 2391 1386 2418 καὶ
1401 2388 1478 2423 οὗτος
1496 2392 1542 2418 ’τὸν
1564 2391 1666 2427 Μωσῆν
1685 2391 1774 2425 ’Δλφα
1784 2398 1823 2417 κα-

1048 2438 1163 2470 λεῖσθαι,
1180 2438 1245 2465 διότι
1257 2437 1351 2472 ἀλφοῖς
1365 2438 1395 2464 τὸ
1410 2438 1489 2473 σῶμα
1505 2438 1686 2472 κατάστικτος
1698 2436 1748 2474 ἦν·
1761 2440 1785 2464 et
1796 2435 1821 2462 ad

1048 2486 1150 2513 dictum
1170 2493 1250 2513 suum
1268 2485 1410 2513 Philonem
1424 2490 1521 2513 testem
1549 2486 1670 2513 adhibet.
1694 2485 1769 2519 Quod
1789 2490 1821 2510 la-

1048 2540 1109 2559 men
1125 2532 1197 2567 apud
1209 2531 1351 2562 Philonem
1362 2541 1452 2569 neque
1468 2534 1495 2560 in
1507 2533 1597 2560 tribus
1611 2533 1651 2560 De
1666 2534 1722 2559 vita
1737 2530 1820 2565 Moysi:

1047 2578 1135 2610 libris,
1150 2587 1239 2613 neque
1252 2579 1316 2606 alibi
1333 2580 1384 2613 legi
1400 2580 1556 2608 observavit
1568 2579 1653 2606 David
1676 2577 1821 2606 Heschelius

1047 2623 1278 2651 Adnolalionibus
1290 2624 1317 2651 in
1327 2624 1462 2651 Photium.
1481 2623 1533 2651 Sed
1546 2624 1658 2650 minime
1670 2623 1820 2651 dubitarem.

1047 2668 1201 2697 llelladium
1227 2670 1309 2697 alium
1331 2678 1346 2697 a
1374 2669 1486 2698 Philone
1509 2669 1603 2697 Judteo
1626 2670 1707 2704 cujus
1734 2668 1820 2702 scripta

1048 2713 1137 2741 adhuc
1148 2718 1267 2746 exstant,
1283 2719 1380 2743 testem
1395 2716 1570 2749 adhibuisse;
1585 2720 1613 2743 et
1627 2715 1744 2743 fortasse
1757 2719 1818 2741 eum.

1047 2760 1093 2794 qui
1106 2759 1139 2787 de
1155 2759 1342 2795 Hierosolyma
1358 2761 1480 2788 carmine
1491 2760 1601 2788 heroico
1619 2761 1741 2795 scripsit,
1751 2763 1818 2794 quem

1048 2805 1111 2832 item
1139 2805 1231 2832 laudat
1247 2806 1402 2833 Alexander
1423 2806 1576 2842 Polyhistor
1587 2806 1660 2841 apud
1676 2804 1819 2834 Eusebium.

1047 2851 1086 2879 De
1100 2853 1294 2886 pra’paralione
1306 2852 1352 2880 lib.
1368 2860 1405 2886 Ix,
1415 2853 1543 2885 vcletiam
1557 2852 1697 2881 Philonem
1706 2850 1819 2881 biblicum
