1900 3070
34 129 102 157 1M9

539 129 571 157 IN
589 129 775 159 EUSTATHII
792 129 1030 160 HEXAEMERON
1047 132 1159 165 NOTAE.

1595 126 1674 162 40503

36 191 220 223 historicum,
237 190 311 226 quod
329 191 504 221 verisimilius
522 192 602 219 duco.
623 191 674 219 Sed
691 192 822 226 gentiliun

884 192 912 219 δὲ
936 194 1103 229 στρατηγοὺς
1121 195 1183 226 τοὺς
1209 195 1472 231 προκαθεδουμένους
1494 195 1545 231 τῆς
1562 195 1663 231 χώρας,

37 237 242 264 historicorum
259 236 374 269 fabulas,
386 241 412 265 et
426 244 588 272 nugamenta
600 245 676 265 sacra
691 237 831 272 Scriptura

37 284 146 316 refellit,
167 284 270 318 reique
284 285 426 312 veritatem
442 284 538 318 aperit.

61 328 192 361 (201.780,
204 329 257 355 lin.
267 328 300 356 ιι
308 329 361 356 Καὶ
369 329 616 364 πολλάςΜογεθιη
626 336 768 356 mammam
779 337 830 356 non

37 379 193 407 esternam,
212 375 264 403 sed
280 375 406 410 gentilem
429 375 571 403 admisisse
581 375 676 402 scribit
684 375 829 410 Josephus.

38 422 83 448 lib.
100 429 120 448 ιι
138 421 356 456 Antiquitatum,
379 429 438 456 cap.
461 421 486 454 5,
511 430 565 449 non
589 422 731 449 dissimilia
752 422 832 450 habet

37 467 216 500 Ezechielus,
239 466 328 499 Philo,
345 467 468 494 Clemens
482 467 691 494 Alexandrinus.

70 513 152 546 lbid.,
167 513 223 541 lin.
250 513 294 541 5L
317 512 525 547 Ἀνδρωθέντα.
548 513 585 540 De
605 514 714 540 nomine
732 512 831 548 Moysis

38 560 184 594 primaque
208 559 272 594 ejus
293 559 385 586 radice
407 559 443 586 ita
469 559 594 586 Clemens
609 559 829 586 Alexandrinus:

38 602 102 631 Εἶτα
118 605 232 631 τίθεται
258 605 296 640 τῷ
320 604 417 640 παιδίῳ
439 605 523 640 ὄνομα
543 605 560 641 ἡ
584 604 687 640 βασιλὶς
712 605 830 640 Μωῡσῆν

38 651 156 686 ἐτύμως,
177 651 227 678 διὰ
251 651 281 678 τὸ
301 651 331 683 ἐξ
354 651 447 683 ὓδατος
466 651 605 678 ἀνελέσθαι
623 651 697 678 αὑτό.
715 651 751 678 Τὸ
777 651 831 687 γὰρ

39 697 106 733 ὕδωρ
126 698 191 732 μῶῦ
213 698 393 732 ὀνομάζουσιν
419 697 571 731 Αἰγύπτιοι,
598 698 637 729 είς
654 697 667 723 ὃ
682 697 830 724 ἑκτέθειται

37 743 251 778 τεθνηξόμενος.
260 743 314 770 Καὶ
324 745 377 780 γάρ
390 753 429 770 τοι
442 744 560 778 Μωϋσῆν
571 743 615 770 τὸν
625 744 831 774 ἀποπνεύσαντα

37 790 73 824 τῷ
87 789 167 816 ὕδατι
189 790 450 826 προσαγορεύουσιν.
467 789 639 817 Ezechielus:

107 848 226 881 ὀνομα
241 847 275 873 δὲ
287 846 398 880 Μωσῆν
411 846 548 881 ὠνόμαζε,
560 846 612 873 τοῦ
623 847 710 881 χάριν

111 882 227 916 ’Υῃοᾶς
241 882 361 909 ἀνεῖλεν
369 883 513 916 ποταμίας
523 883 573 909 ἀπ’
587 882 688 916 ᾐόνος.

39 927 112 954 Philo
131 927 172 954 De
188 928 247 954 vita
264 927 363 962 Moysis
382 936 391 954 :
410 925 475 954 Εἶτα
498 928 603 954 δίδωσιν
627 927 712 962 ὄνομα
728 927 828 962 θεμένη

38 973 137 1008 Μωσῆν
163 972 288 1008 ἐτύμως,
302 973 345 1000 διὰ
360 973 391 999 τὸ
410 974 442 1000 ὲκ
455 973 502 1000 τοῦ
524 973 618 1005 ὕδατος
632 973 712 1000 αὐτὸν
736 973 827 1000 ἀνελέ-

41 1017 107 1044 σθαι.
123 1017 162 1044 Τὸ
181 1017 242 1053 γὰρ
257 1017 329 1053 ὕδωρ
350 1018 407 1054 μῶς
426 1018 601 1053 ὀνομάζουσιν
614 1018 765 1052 Αίγύπτιοι.
782 1018 828 1045 Jo-

39 1064 147 1098 sepltus,
173 1064 312 1099 Antiquit.
336 1064 384 1091 lib.
400 1071 407 1090 |
423 1073 429 1090 :
446 1064 500 1090 Καὶ
523 1063 596 1099 αὐτῷ
618 1063 666 1098 τὴν
685 1064 827 1099 ἐπίκλησιν

39 1109 135 1145 ταύτην
157 1109 235 1136 κατὰ
255 1109 286 1136 τὸ
304 1109 474 1145 συμϐεϐηκὸς
494 1109 568 1136 ἔθετο
587 1111 625 1141 είς
640 1109 684 1136 τὸν
706 1110 826 1144 ποταμὸν

40 1155 192 1189 ἐμπεσόντι.
207 1154 246 1181 Τὸ
258 1154 313 1190 γὰρ
328 1155 398 1190 ὕδωρ
416 1154 458 1190 μῶ
465 1154 606 1188 Αἰγύπτιοι
626 1154 746 1186 καλοῦσι,
759 1154 826 1190 ΰσης

39 1199 65 1226 δὲ
80 1201 142 1231 τοὺς
158 1200 189 1232 ἐξ
204 1200 301 1232 ὕδατος
316 1201 460 1232 σωθέντας.
476 1200 620 1231 Συνθέντες
631 1198 677 1227 οὖν
691 1200 719 1233 ἑξ
738 1202 826 1235 ἀμφοε

41 1245 121 1280 τὲρων
131 1246 184 1281 τὴν
204 1246 390 1282 προσηγορίαν
406 1246 480 1281 αὐτῷ
497 1245 599 1281 ταύτην
613 1245 741 1272 τίθενται.
759 1245 825 1273 Pro-

41 1291 142 1325 copius,
158 1290 305 1322 Babanus.
316 1296 343 1318 et
358 1291 404 1318 alii
417 1291 537 1318 eamdem
550 1290 632 1325 hujus
646 1291 764 1318 nominis
774 1291 822 1317 im-

43 1337 181 1370 positionis
207 1337 344 1364 rationem
375 1337 496 1364 tradunt.
517 1336 660 1364 Cornelius
686 1345 700 1364 ιι
724 1337 824 1372 Lapide

42 1390 133 1410 nomen
152 1383 180 1410 id
197 1391 256 1410 non
274 1390 335 1410 esse
353 1381 518 1418 IEgyptium,
537 1383 583 1410 sed
600 1382 740 1409 Hebraeum
751 1382 823 1409 allir-

43 1433 102 1460 mat,
128 1429 269 1463 aliamque
285 1428 404 1456 nominis
420 1436 530 1465 causam
553 1428 640 1460 aﬂ‘ert,
655 1436 688 1456 ex
710 1428 823 1458 Hebraea

43 1475 177 1502 nominum
196 1475 303 1502 radice.

74 1520 152 1554 lbid.,
175 1521 227 1547 lin.
256 1521 300 1548 55.
336 1520 481 1548 Ἐκάλουν
508 1520 550 1548 δέ.
578 1520 669 1567 _A|iter
696 1521 821 1567 Clemens
838 1537 859 1567 ο

42 1565 250 1598 Alexandrinus.
260 1566 306 1593 lib.
323 1573 330 1592 ι
343 1566 441 1593 Strom.
450 1566 548 1601 ;Δῆλον
561 1564 617 1599 οὖν,
631 1567 669 1597 ὡς
682 1567 710 1592 ὲν
727 1565 764 1598 τῷ
776 1566 825 1602 ἐμο

44 1611 151 1646 προσθεν
159 1612 251 1648 χρόνῳ
257 1611 493 1648 περιτμηθέντιτῷ
503 1612 597 1646 παιδίῳ
609 1613 632 1638 οἱ
641 1613 728 1645 γονεῖς
735 1611 825 1638 ἔθεντο

43 1657 123 1692 ὕνομά
133 1667 159 1684 τι
171 1666 179 1674 ·
192 1658 316 1684 ἐκαλεῖτο
329 1657 357 1684 δὲ
379 1658 515 1692 Ἰωακείμ.
529 1658 611 1692 Ἔσχε
631 1657 658 1683 δὲ
674 1657 721 1683 καὶ
734 1657 824 1692 τρίτον

44 1702 120 1737 ὃνομα
130 1704 159 1729 ὲν
171 1702 280 1739 οὐρανῷ
297 1702 366 1738 μετὰ
381 1702 431 1738 τὴν
447 1701 588 1737 ἀνάληψιν,
597 1702 633 1734 ὡς
644 1710 724 1737 φασιν
734 1703 757 1728 οἱ
772 1702 823 1738 μύ-

44 1755 108 1779 σται,
122 1749 236 1784 Μελχίς.

74 1793 150 1826 Ibid.,
164 1795 212 1822 lin.
225 1794 272 1822 56.
287 1792 347 1821 Ἷιγ
355 1794 389 1820 δὲ
399 1794 528 1827 ἀστεῖος.
544 1793 639 1821 Philo:
657 1794 760 1830 Εὐγενῆ
778 1795 824 1822 καὶ

44 1838 141 1866 ἀστεῖον
157 1840 285 1875 ὀφθῆναι.
301 1839 471 1874 Τελειότερον
489 1839 516 1865 δὲ
532 1839 581 1873 τῆς
597 1839 703 1874 ἡλικίας
723 1839 822 1872 ἰδοῦσα,

44 1885 93 1910 κὰκ
116 1885 164 1921 τῆς
188 1886 278 1921 ὂψεως
304 1886 343 1912 ἔτι
370 1886 467 1921 μᾶλλον
488 1885 504 1921 ἢ
529 1885 660 1921 πρότερον
687 1885 822 1917 σπάσασα,

44 1929 141 1960 εὐνοίας
156 1932 214 1960 υῑὺν
229 1933 355 1963 ποιεῖται,
372 1930 406 1957 τὰ
418 1931 480 1967 περὶ
493 1930 538 1956 τὸν
554 1930 635 1964 ὄγκον
647 1931 696 1965 τῆς
706 1929 823 1964 γαστρὸς

44 1976 188 2010 τεχνάσασα
209 1978 352 2013 πρότερον,
376 1977 418 2003 ἵνα
432 1977 553 2011 γνήσιος,
580 1975 648 2002 ἀλλὰ
666 1975 703 2011 μὴ
726 1975 823 2001 ὑποϐο-

45 2019 143 2055 λιμαῖος
167 2023 294 2059 νομισθῇ.
309 2023 400 2049 Πάντα
417 2023 445 2049 δὲ
472 2022 643 2057 ὲξευμαρίζει
667 2021 733 2053 Θεὸς
752 2021 770 2048 ἃ
789 2021 823 2048 ἃν

46 2064 148 2104 θελήσῃ,
164 2070 212 2097 καὶ
228 2068 262 2095 τὰ
279 2069 496 2104 δυσκατόρθωτα.
512 2067 578 2102 Ejus
600 2067 778 2103 proprietates
796 2071 824 2094 et

46 2112 199 2142 lineamenta
216 2115 255 2142 ita
270 2115 403 2148 expressit
418 2115 572 2149 Artapanus
583 2114 654 2149 apud
664 2113 821 2146 Eusebium,

47 2157 79 2185 De
85 2161 275 2196 preparation
286 2161 332 2188 lib.
343 2168 371 2188 Ix
380 2170 386 2188 ε
395 2160 534 2195 Γεγονέναι
541 2161 569 2187 δέ
578 2169 643 2196 φησι
650 2160 695 2187 τὸν
707 2159 822 2187 Μώῦσον

847 860 868 887 Β

882 237 927 270 οὓς
938 238 970 273 δὴ
984 239 1151 265 πλεονεκτεῖν
1166 240 1302 273 ἐπιφανῶς
1317 240 1385 267 κατὰ
1396 241 1443 272 τὰς
1458 240 1556 275 μάχας.
1568 240 1664 274 Λέγειν

881 284 908 310 δέ
925 293 1005 319 φησιν
1028 285 1229 317 Ἡλιουπολίτας
1243 286 1367 320 γενέσθαι
1380 287 1424 313 τὸν
1441 287 1557 322 πόλεμον
1570 287 1663 314 τοῦτον

881 329 927 366 ἔτη
945 330 1019 357 δέκα.

916 375 995 408 Ibid.,
1012 376 1061 404 lin.
1076 377 1120 404 55.
1137 377 1235 410 Ὅπως
1250 377 1343 405 αὐτὸν
1363 379 1538 414 στρατηγόν.
1550 378 1601 406 Per
1614 379 1663 407 ho-

881 429 975 450 norem
992 430 1007 450 a
1024 431 1054 451 se
1071 424 1166 458 procul
1181 423 1305 459 ablegare
1320 432 1400 458 quem
1416 425 1478 460 quis
1493 424 1662 457 reformidat,

881 468 1006 503 pluribus
1035 469 1165 504 exemplis
1193 476 1288 496 omnes
1307 469 1430 498 historici
1452 470 1661 504 conﬁrmarunt;

881 521 997 546 quorum
1013 522 1140 549 magnum
1162 522 1304 541 numerum
1322 515 1350 542 in
1364 523 1448 542 unum
1468 517 1603 552 congessit
1617 516 1662 543 Ja-

881 568 933 588 nus
960 560 1090 587 Gruterus
1111 561 1138 587 in
1156 560 1274 588 secunda
1297 565 1371 596 parte
1392 561 1567 596 prolixiorum
1587 570 1661 589 com-

881 607 1076 634 mentariorum
1102 607 1130 634 in
1146 606 1231 634 Taciti
1253 608 1402 642 insigniora
1424 608 1483 635 loca
1507 609 1533 634 in
1554 608 1619 635 illud
1635 609 1662 635 in

880 653 928 680 lib.
950 661 976 679 ιιι
998 652 1161 683 Annalium:
1176 653 1288 680 Amoliri
1311 653 1430 687 juvenem
1451 654 1533 688 specie
1558 654 1662 681 honoris

881 698 986 725 statuit.

917 743 996 776 lbid.,
1021 743 1069 770 lin.
1089 742 1133 770 46.
1154 743 1301 776 Κιϐωτοὺς
1328 743 1468 776 πλεκταὶς.
1491 743 1587 771 Τοιιιιη
1611 744 1664 772 hoc

882 788 981 825 Moysis
994 792 1157 824 stratagema
1173 789 1210 815 ita
1226 793 1336 816 enarrat
1350 789 1502 823 Iosephus:
1521 790 1604 816 Ἔνθα
1614 791 1664 826 τῆς

882 835 962 862 αὑτοῦ
977 835 1108 866 συνέσεως
1123 835 1280 870 θαυμαστὴν
1295 835 1422 868 ἐπίδειξιν
1440 836 1594 870 ἐποιήσατο.
1608 836 1664 871 Τῆς

882 880 935 915 γὰρ
954 881 1004 916 γῆς
1018 880 1135 915 χαλεπῆς
1153 879 1235 915 οὔσης
1248 880 1385 914 ὁδευθῆναι
1400 880 1444 907 διὰ
1464 881 1563 916 πλῆθος
1584 883 1664 916 ἑρπε-

881 926 946 959 τῶν,
956 926 1173 961 (παμφορωτάτη
1184 926 1237 961 γάρ
1251 927 1334 958 ἐστιν,
1346 925 1383 957 ὼς
1395 925 1440 952 καὶ
1449 925 1483 952 τὰ
1501 927 1563 962 παρ’
1574 926 1662 958 ἄλλοις

881 971 979 998 τούτων
991 971 1041 997 οὐκ
1057 971 1120 997 ὄντα
1137 971 1203 1006 μόνη
1220 971 1339 1006 τρέφειν,
1351 971 1462 1006 δυνάμει
1473 980 1502 997 τε
1517 972 1563 998 καὶ
1579 971 1663 1008 κακία

880 1014 918 1049 τῷ
934 1016 982 1050 τῆς
1003 1014 1089 1049 ὅψεως
1105 1015 1233 1050 ἀσυνήθει
1256 1015 1424 1051 διαφέροντα.
1443 1016 1509 1042 Τινὰ
1525 1016 1553 1042 δὲ
1574 1017 1663 1046 αὐτῶν

880 1062 937 1088 ἐστι
951 1061 998 1088 καὶ
1019 1061 1138 1094 πετεινὰ,
1158 1061 1194 1093 ὡς
1208 1061 1322 1087 λαθόντα
1343 1062 1391 1097 μὲν
1411 1061 1465 1089 ἀπὸ
1481 1063 1531 1098 γῆς
1544 1071 1659 1099 κακουρ-

879 1107 946 1140 γεῖν,
962 1107 1009 1134 καὶ
1035 1107 1072 1142 μὴ
1091 1107 1282 1143 προϊδομένους
1299 1106 1399 1134 ἀδικεῖν
1426 1107 1566 1144 ὑπερπετῆ
1590 1108 1661 1142 γινό-

881 1161 949 1189 μενα
960 1153 978 1188 ·)
991 1155 1047 1180 νοεῖ
1062 1153 1130 1188 πρὸς
1146 1153 1293 1187 ἀσφάλειαν
1311 1153 1357 1180 καὶ
1372 1153 1474 1189 ἀϐλαϐῆ
1490 1154 1600 1188 πορείαν
1613 1154 1661 1180 τοῦ

880 1199 1080 1235 στρατεύματος
1114 1200 1294 1235 στρατήγημα
1321 1200 1485 1235 θαυμαστόν.
1514 1200 1661 1235 Πλέγματα

878 1245 931 1281 γὰρ
947 1246 1052 1281 ἐμφερῆ
1077 1245 1201 1277 κιϐωτοῖς
1224 1246 1255 1272 ἐκ
1274 1245 1365 1280 βίϐλου
1386 1246 1600 1277 κατασκευάσας,
1615 1246 1662 1272 καὶ

878 1291 1023 1327 πληρώσας
1043 1291 1140 1323 ἴϐεων,
1167 1291 1287 1326 ἐκόμιζε.
1313 1290 1517 1326 Πολεμιώτατον
1542 1290 1564 1316 δ’
1588 1291 1662 1317 ἐστὶν

876 1338 952 1371 ὄφεσι
968 1337 1045 1363 τοῦτο
1061 1336 1090 1363 τὸ
1108 1336 1184 1369 ζῶον.
1199 1336 1330 1370 Φεύγουσί
1348 1344 1377 1362 τε
1391 1336 1445 1371 γὰρ
1465 1335 1660 1371 ὲπερχομένσς,

876 1385 923 1411 καὶ
942 1384 1120 1418 ἀφιστάμενοι
1146 1383 1269 1417 καθάπερ
1290 1382 1334 1408 ὑπ’
1350 1382 1456 1416 ἐλάφων
1477 1382 1661 1418 ἁρπαζόμενοι

876 1429 1079 1456 καταπίνονται.
1101 1429 1258 1465 Χειροήθεις
1272 1429 1294 1455 δ’
1311 1428 1378 1455 εἰσὶν
1394 1429 1422 1454 αί
1440 1428 1518 1460 ἴϐεις,
1533 1428 1579 1454 καὶ
1593 1428 1661 1463 πρὸς

877 1475 956 1511 μόνον
969 1474 998 1501 τὸ
1012 1475 1065 1502 τῶν
1082 1475 1169 1509 ὄφεων
1182 1475 1258 1509 γένος
1277 1474 1375 1510 ἄγριοι.
1395 1473 1448 1499 Καὶ
1459 1473 1523 1508 περὶ
1541 1473 1588 1508 μὲν
1599 1471 1660 1498 τού-

875 1529 929 1547 των
938 1521 1054 1556 παρίημι
1066 1520 1113 1547 νῦν
1122 1520 1248 1556 γράφειν,
1261 1519 1310 1545 οὐκ
1328 1518 1494 1553 ἀγνοούντων
1504 1518 1558 1544 τῶν
1568 1517 1662 1552 Ἐλλή-

875 1575 927 1592 νων
941 1567 990 1602 τῆς
1008 1566 1089 1598 ἴϐιδος
1107 1566 1136 1592 τὸ
1152 1563 1230 1597 εἶδος.
1249 1564 1292 1596 Ὠς
1305 1563 1351 1591 οὖν
1367 1566 1407 1596 εἰς
1419 1564 1468 1599 τὴν
1481 1563 1531 1598 γῆν
1551 1562 1661 1589 ἐνέϐαλε

874 1613 923 1649 τὴν
940 1613 1114 1648 θηροτρόφον,
1137 1611 1246 1643 ταύταις
1271 1611 1427 1646 ἀπεμάχετο
1441 1609 1489 1646 τὴν
1504 1609 1557 1635 τῶν
1579 1610 1661 1644 ἑρπε-

874 1659 927 1685 των
953 1659 1050 1692 φύσιν,
1081 1657 1195 1691 ἐπαφεὶς
1223 1657 1324 1688 αὐτοῖς,
1352 1657 1399 1682 καὶ
1426 1654 1660 1691 προπολεμούσαις

874 1704 1022 1739 χρώμενος.
1044 1703 1143 1730 Τοῦτον
1158 1701 1202 1730 οὖν
1215 1702 1327 1733 ὁδεύσας
1340 1701 1384 1728 τὸν
1395 1700 1504 1736 τρόπον,
1519 1700 1579 1727 οὐδὲ
1594 1708 1661 1735 προ-

876 1749 989 1784 μαθοῦσι
1005 1749 1094 1785 παρῆν
1117 1750 1173 1780 rei;
1189 1748 1309 1783 Αἰθίοψι·
1332 1747 1379 1774 καὶ
1404 1745 1548 1782 συμϐαλὼν
1568 1746 1659 1777 αὐτοῖς

875 1796 969 1830 κρατεῖ
982 1796 1014 1830 τῇ
1029 1795 1112 1830 μάχῃ,
1127 1794 1173 1820 καὶ
1188 1793 1242 1820 τῶν
1263 1792 1377 1819 ἐλπίδων
1393 1791 1425 1822 ἃς
1440 1789 1511 1826 εἶχον
1530 1791 1576 1817 ἐπὶ
1596 1791 1659 1822 τοὺς

873 1842 1037 1876 Αἰγυπτίους
1062 1843 1231 1877 ἀφαιρεῖται·
1249 1839 1298 1871 τάς
1313 1848 1343 1865 τε
1361 1839 1453 1870 πόλεις
1476 1837 1564 1864 αὺτῶν
1580 1837 1658 1872 ἐπῄει

874 1886 1136 1922 καταστρεφόμενος,
1158 1886 1205 1912 καὶ
1231 1885 1308 1920 φόνος
1332 1885 1415 1916 πολὺς
1442 1884 1496 1910 τῶν
1521 1883 1659 1910 Alendus.»

874 1933 1031 1968 ἐπράττετο.
1048 1932 1103 1958 Καὶ
1124 1931 1173 1967 τῆς
1188 1931 1231 1957 διὰ
1245 1930 1363 1964 Μωῦσῆν
1387 1929 1537 1964 εὐπραγίας
1560 1927 1659 1962 γευσά-

875 1987 953 2014 μενον
965 1978 995 2004 τὸ
1003 1977 1057 2005 τῶν
1071 1977 1225 2012 Αἰγυπτίων
1239 1976 1396 2012 στράτευμα
1418 1976 1509 2002 πονεῖν
1528 1974 1577 2000 οὑκ
1596 1973 1659 2000 ἔκα-

875 2031 948 2058 μνεν,
966 2023 1003 2054 ὡς
1014 2023 1076 2058 περὶ
1090 2021 1305 2057 ἀνδραποδισμοῦ
1319 2021 1365 2050 καλ
1379 2020 1525 2052 παντελοῦς
1540 2020 1658 2047 ἀναστά-

873 2077 942 2100 σεως
956 2068 1000 2095 τὸν
1013 2068 1133 2098 κίνδυνον
1154 2066 1222 2101 εἶναι
1237 2069 1292 2099 τοῖς
1307 2067 1440 2102 Αἰθίοψιν.
1456 2066 1577 2093 Meminit
1591 2065 1655 2093 item

872 2114 1026 2149 Artapanus
1039 2123 1046 2141 :
1063 2114 1132 2146 Τοὺς
1146 2111 1191 2139 οὖν
1208 2113 1271 2148 περὶ
1286 2113 1331 2140 τὸν
1340 2112 1456 2140 Μώῡσον
1473 2112 1516 2139 διὰ
1531 2112 1561 2138 τὸ
1577 2111 1658 2147 μέγεσ

874 2160 918 2192 θος
933 2160 983 2195 τῆς
1001 2160 1128 2196 στρατιᾶς
1152 2159 1228 2186 πόλιν
1247 2160 1275 2185 ὲν
1298 2159 1385 2194 τούτῳ
1408 2159 1500 2186 κτίσαι
1515 2158 1553 2194 τῷ
1571 2157 1656 2192 τόπῳ,

47 2205 153 2240 μακρὸν,
177 2207 317 2242 ωῤῥακῆ,
345 2205 446 2238 πολιὸν,
474 2206 608 2241 κομήτην,1
627 2204 820 2240 ἀξιωματικόν.
837 2203 859 2230 D
872 2207 919 2234 καὶ
932 2206 982 2241 τὴν
997 2205 1050 2232 ῐϐιν
1072 2206 1101 2231 ὲν
1116 2205 1184 2240 αὐτῇ
1202 2203 1378 2239 καθιερῶσαι,
1399 2203 1442 2230 διὰ
1465 2203 1496 2230 τὸ
1511 2202 1611 2237 ταύτην
1622 2202 1656 2229 τὰ

76 2245 136 2279 Col.
158 2251 219 2284 781,
238 2252 286 2279 lin.
310 2252 335 2279 1.
352 2250 499 2286 Προσάγει
517 2251 620 2278 αὐτόν.
643 2249 705 2278 Haec
725 2250 819 2278 eadem

48 2293 134 2323 iisdem
153 2296 209 2325 fere
227 2297 318 2325 verbis
334 2297 459 2332 leguntur
479 2296 549 2332 apud
570 2296 727 2331 Josephum,
741 2296 819 2322 Anti—

47 2340 105 2372 quit.
124 2341 170 2369 lib.
186 2351 207 2372 ι.
228 2351 289 2377 cap.
306 2343 333 2374 5,
350 2350 429 2378 quem
442 2343 564 2370 consule.

77 2386 152 2419 lbid.,
167 2388 215 2416 lin.
237 2388 283 2416 25.
303 2389 441 2420 Αἰθίοπες
455 2387 489 2414 δὲ
511 2389 547 2415 οἱ.
573 2387 611 2415 De
632 2387 683 2415 hac
704 2387 819 2415 Mosaica

47 2432 208 2464 expeditione
235 2433 367 2460 adversus
385 2432 529 2468 Ethiopas
550 2436 648 2467 praeter
670 2432 818 2467 Joscphutn

49 2475 80 2502 ila
93 2477 259 2513 Artapanus:
275 2479 331 2506 Καί
344 2487 408 2505 ποτε
426 2479 479 2504 τῶν
493 2478 627 2505 Αἰθιόπων
641 2479 817 2514 ἐπιστρατευ-

49 2521 160 2555 σαμένων
173 2526 205 2560 τῇ
221 2523 361 2559 Αἰγύπτῳ,
376 2523 421 2550 τὸν
433 2524 581 2558 Χενεφρῆν,
596 2524 762 2550 ὑπολαϐόντα
774 2524 818 2552 εὑ-

49 2567 152 2601 ρηκέναι,
163 2570 255 2606 καιρὸν
271 2569 389 2602 εὔθετον,
410 2568 516 2604 πέμψαι
530 2569 575 2595 τὸν
587 2569 702 2596 Μώῠσον
714 2569 757 2596 ἐπ’
772 2570 817 2597 αὐ-

49 2613 102 2644 τοὺς
117 2616 263 2652 στρατηγὸν
280 2615 348 2652 μετὰ
360 2615 511 2651 δυνάμεως.
524 2615 560 2642 Τὸ
570 2616 598 2642 δὲ
613 2615 666 2642 τῶν
680 2616 816 2650 συγγενῶν

49 2656 113 2693 αὑτῷ
127 2662 253 2698 συστῆσαι
265 2662 376 2697 πλῆθος,
389 2661 557 2689 ὑπολαϐόντα
569 2661 666 2697 ῥᾳδίως
685 2662 764 2689 αὑτὸν
773 2662 816 2689 διὰ

49 2701 90 2737 ’ὴν
108 2705 158 2733 τῶν
183 2708 354 2744 στρατιωτῶν
377 2707 519 2735 ἀσθένειαν
542 2708 594 2734 ὑπὸ
605 2707 659 2734 τῶν
680 2708 815 2744 πολεμίων

51 2747 269 2788 ἀναιρεθήσεσθαι.
286 2754 337 2782 Τὸν
358 2754 387 2781 δὲ
412 2753 537 2786 Μώῦσον,
566 2753 677 2781 ἐλθόντα
701 2755 747 2781 ἐπὶ
770 2755 815 2781 τὸν

55 2793 251 2835 Ἐρμουπολίτην
260 2800 456 2835 ὀνομαζόμενον
466 2800 557 2836 νομὸν,
571 2799 664 2835 ἔχοντα
677 2803 740 2835 περὶ
750 2801 814 2828 δέκα

55 2842 169 2876 μυριάδας
188 2846 326 2881 γεωργῶν,
347 2846 427 2873 αὺτοῦ
445 2846 687 2883 καταστρατεῦσαι.
705 2846 813 2882 Πέμψαι

873 2252 1025 2287 βλάπτοντα
1037 2251 1100 2282 τοὺς
1113 2249 1272 2285 ἀνθρώπους
1287 2249 1406 2284 ἀναιρεῖν
1416 2258 1422 2264 ·
1439 2247 1656 2285 προσαγορεῦσαι

871 2298 899 2324 δὲ
922 2297 1007 2332 αὐτὴν
1023 2295 1123 2332 Ἑρμοῦ
1143 2295 1231 2329 πόλιν,
1250 2294 1319 2322 Hinc
1329 2295 1387 2322 avis
1402 2295 1460 2322 hanc
1477 2303 1555 2322 sacra
1573 2293 1655 2330 Egy-

871 2343 945 2378 ptiis.
959 2341 1122 2369 Herodotus.
1143 2340 1195 2368 Sed
1210 2340 1244 2368 de
1255 2340 1307 2367 hac
1321 2340 1452 2367 nonnulla
1466 2340 1601 2375 superius.

906 2388 985 2420 ιδιά..
1003 2388 1051 2415 lin.
1065 2387 1111 2415 56.
1125 2385 1179 2413 Ἦν
1199 2386 1253 2421 γὰρ
1279 2385 1386 2413 αὐτῶν.
1408 2385 1504 2413 Omnia
1529 2386 1587 2413 lucc
1608 2385 1655 2412 ha-

869 2434 968 2462 bentur
981 2434 1069 2462 fusius
1082 2432 1153 2468 apud
1167 2431 1326 2466 Josephum,
1344 2431 1391 2466 qui
1409 2438 1459 2458 nec
1471 2431 1598 2458 Tharmis
1610 2439 1654 2459 re-

868 2481 938 2516 ginae
953 2480 1086 2516 perditum
1103 2487 1222 2507 amorem
1238 2479 1264 2506 in
1282 2478 1399 2513 Moysem
1415 2477 1522 2504 silentio
1541 2482 1652 2511 praeter-

866 2526 905 2557 it,
924 2533 956 2553 ex
973 2526 1072 2560 quibus
1095 2533 1144 2553 sua
1167 2524 1294 2552 videntur
1313 2522 1429 2551 mutuati
1448 2521 1533 2549 Gricci
1549 2521 1653 2549 fabula-

868 2576 941 2599 tores
957 2579 1017 2607 quae
1033 2571 1066 2598 de
1079 2571 1170 2606 Scylla
1186 2575 1214 2598 et
1224 2571 1285 2598 aliis
1298 2573 1421 2597 narrant.

902 2617 961 2645 Col.
978 2617 1040 2648 "184,
1057 2617 1105 2644 lin.
1121 2617 1164 2644 15.
1184 2616 1264 2643 Οὕτω
1280 2617 1335 2651 γὰρ
1350 2616 1419 2642 ὑπό.
1435 2615 1563 2647 Ουαιηεη]
1581 2613 1654 2649 Μος,

866 2670 910 2690 scs
929 2663 1038 2690 doceret
1054 2662 1194 2698 Egyptios
1207 2661 1309 2690 indicat
1324 2661 1433 2696 Strabo,
1444 2662 1491 2689 lib.
1507 2669 1552 2689 xvt
1565 2670 1572 2688 ι
1587 2660 1653 2695 Non

867 2714 934 2736 recte
957 2709 1061 2743 sentire,
1078 2710 1123 2743 qui
1147 2708 1300 2738 bestiarum.
1329 2717 1359 2735 ac
1379 2717 1501 2744 pecorum
1522 2708 1651 2744 imagines

867 2749 927 2782 Deo.
945 2754 1100 2786 tribuerunt,
1117 2755 1227 2789 itemque
1249 2754 1338 2788 Afros,
1360 2759 1385 2781 et
1406 2754 1510 2782 ercos
1532 2755 1577 2790 qui
1596 2754 1648 2782 diis

867 2801 1000 2828 hominum
1023 2801 1136 2836 ﬁguram
1163 2801 1322 2835 alfingerent.
1348 2799 1382 2827 Id
1406 2809 1464 2828 vero
1484 2801 1569 2828 solum
1593 2809 1648 2828 esse

867 2847 959 2880 Deum,
971 2845 1038 2882 quod
1058 2855 1114 2879 nos,
1131 2850 1154 2873 et
1173 2851 1280 2878 terram,
1299 2854 1330 2872 ac
1346 2853 1417 2872 num
1432 2846 1562 2878 continet;
1580 2845 1649 2881 quod
