1900 3070
34 84 106 110 i057

560 88 593 115 IN
608 87 795 116 EUSTATHII
812 87 1048 116 HEXAEMERON
1070 87 1184 116 ΝΟΤΑΕ.

1630 93 1640 118 Ι
1647 93 1699 120 058

32 143 67 171 iis
76 143 128 178 qui
144 151 162 171 e
176 145 311 180 regione
324 146 375 174 sub
388 145 492 173 bruma:
503 146 607 174 circulo
618 147 730 182 degunt,
742 147 842 175 hiemet

912 155 958 177 τος
987 146 1114 181 μέγιστον
1129 144 1244 181 ὤρυξαν·
1266 146 1384 182 ὖπιγμος
1398 147 1452 182 γάρ
1479 146 1552 173 ἐστιν
1577 148 1592 173 ὁ
1605 148 1698 180 τόπος.

30 197 106 220 esse.
127 197 145 216 ει
165 190 289 225 quibus
304 196 359 219 tum
373 192 516 220 exundans
530 200 600 227 aqua
615 193 783 228 prorumpit;
798 201 858 228 qua:

32 234 84 262 fuit
111 235 208 262 etiam
234 237 341 271 opinio
358 237 508 271 Plutarchi,
528 237 577 265 lib.
596 238 665 271 Περὶ
683 237 791 270 Ἴσιδος
808 238 857 265 καὶ
877 234 879 237 ’

37 281 206 316 Ὀσίριδος¹
224 283 309 311 hanc
323 283 394 311 forte
415 285 570 320 opinionem
587 284 719 312 Martialis
731 292 794 312 cum
810 285 859 311 ha-

32 327 115 355 beret
144 328 176 355 in
205 329 325 362 animo,
348 330 413 358 dum
438 331 496 358 haec
523 330 666 362 scriberet,
690 331 858 366 nuncupavit

31 373 127 401 Nilum
149 375 358 410 imbriferum,
374 385 429 404 non
445 377 519 412 quod
536 377 597 405 loco
612 377 741 404 imbrium
755 380 782 404 et
796 377 857 412 plu-

33 421 149 448 viarum
170 421 226 454 sit,
252 423 308 451 sed
327 423 400 458 quod
414 424 524 457 imbres,
540 427 568 451 et
582 424 689 459 pluvias
705 424 806 458 quibus
819 424 859 451 ἱιι·

34 467 175 494 tumescit
192 468 415 505 eﬂ'unditurque
427 473 504 497 extra
520 470 604 505 ripas.
622 474 650 496 et
662 469 789 497 eluvione
802 473 859 497 tan-

34 519 120 547 quam
133 513 216 540 mari
229 514 360 549 quodam
374 514 521 550 Egyptum
534 515 661 550 operiens
677 514 795 542 adventu
808 522 859 542 suo

35 557 191 591 fecundat,
223 559 315 588 ferat.
336 560 373 588 De
390 560 442 587 Nili
460 566 549 588 autem
567 560 749 592 incremento.
771 565 798 588 et
812 561 860 589 dc-

36 607 202 636 cremento,
222 609 255 632 et.
273 605 335 639 ejus
351 606 442 632 causis
457 605 622 633 Plutarchus
634 606 667 633 de
679 605 787 640 placitis
801 605 858 640 phi-

35 647 237 683 losophorum
255 649 308 676 lib.
323 658 359 680 iv.
373 658 433 685 cap.
451 650 482 683 i;
499 649 772 682 DiodorusSiculus,
786 651 832 677 lib.
850 653 857 672 1

37 693 173 721 Biblioth.
188 694 265 722 hist.
278 704 287 727 ;
298 695 442 729 Aristides,
462 696 580 722 oratione
595 695 772 731 Egyptiaca;
785 695 860 723 Stra-

38 740 86 772 bo,
98 741 152 768 lib.
163 749 230 768 xvu
243 751 252 775 ;
263 741 384 769 Joannes
390 741 547 777 Xiphilinus
555 742 582 768 in
591 741 663 776 Epit.
672 741 796 777 Dionys.;
810 741 859 770 He-

38 787 186 819 liodorus,
213 787 346 823 ίΕιΙιὶορ.
367 788 415 815 lib.
439 795 475 821 ll;
498 787 688 815 Theodorctus
705 787 743 815 De
769 792 856 814 curat.

909 191 1000 217 Ταῦτα
1017 191 1045 218 δὲ
1061 191 1149 217 πάντα
1177 192 1308 227 ἐποίησαν
1325 192 1482 225 ἐλπίζοντες
1509 193 1578 228 μετὰ
1590 193 1641 229 τὴν
1654 194 1699 222 ὲν-

907 237 1004 264 τεῦθεν
1018 238 1107 264 ἐκεῖσε
1121 237 1211 272 ἄφιξιν
1225 239 1253 264 ὲν
1266 238 1352 273 τούτῳ
1362 238 1400 274 τῷ
1411 239 1567 275 παραδείσῳ
1580 241 1697 277 τρυφᾷν.

909 284 941 311 Ει
953 284 1066 312 inferius
1079 294 1086 312 :
1106 284 1218 318 Ἔλεγεν
1232 284 1260 311 δὲ
1276 285 1290 311 ὁ
1307 285 1392 319 ἅγιος,
1406 285 1456 318 ὃτι,
1472 286 1630 320 ὲγγίσαντός
1646 295 1697 322 μου

910 332 989 367 μόνον
1003 331 1042 367 τῷ
1065 331 1236 368 κηποταφίῳ,
1250 332 1297 359 ἀπ’
1313 332 1396 359 αὑτοῦ
1417 333 1527 369 ἐξῆλθον
1545 336 1584 366 εἰς
1602 335 1698 362 συνάν-

907 379 986 413 τησίν
1000 386 1049 412 μου
1057 378 1240 413 ἐϐδομήκοντα
1246 378 1371 414 δαίμονες
1383 379 1500 414 παντοίῳ
1509 380 1548 415 τῷ
1562 382 1692 416 σχήματι,

907 423 988 458 οἱμὲν
997 422 1122 458 βοῶντες,
1135 423 1191 450 aliis
1199 423 1345 458 πηδῶντες,
1353 425 1377 450 οἱ
1385 424 1413 450 δὲ
1424 424 1491 460 μετὰ
1505 426 1622 459 μεγάλου
1637 427 1698 463 βρυ-

908 468 979 503 γμοῦ
993 468 1136 504 τρύξοντες
1154 471 1214 496 κατ’
1228 469 1295 504 ἐμοῦ
1311 470 1374 500 τοὺς
1388 470 1495 503 ὀδόντας
1504 480 1510 486 ·
1526 471 1613 508 ’ἑτεροι
1622 473 1649 499 δε
1659 473 1697 505 ὡς

909 514 1026 549 κόρακες
1041 515 1253 551 πτερυσσόμενοι
1266 516 1385 551 ἐτόλμων
1396 516 1466 543 κατὰ
1476 517 1525 552 τῆς
1544 517 1630 552 ὃψεώς
1644 528 1695 554 μου

908 559 1041 594 λέγοντες.
1061 560 1093 587 Et
1116 562 1255 589 nonnullis
1287 563 1437 597 interjectis
1455 573 1462 590 ε
1481 564 1615 591 Εἰσελθὼν
1637 564 1694 596 οὖν,

909 606 1002 641 φησὶν,
1015 606 1172 642 ἐθεασάμην
1191 607 1226 633 τὰ
1240 608 1337 640 πάντα,
1355 609 1384 636 ἐν
1408 607 1449 641 οἷς
1464 606 1542 645 εὗρον
1556 611 1602 637 καὶ
1616 611 1696 638 κάδον

908 651 1025 687 χαλκοῦν
1042 651 1135 679 ἁλύσει
1157 653 1254 689 σιδηρᾷ
1273 656 1446 690 κρεμάμενον
1464 656 1535 683 κατὰ
1550 657 1597 683 τοῦ
1614 658 1696 693 (ρρέα-

908 706 953 729 τος
969 697 1061 724 λοιπὸν
1072 699 1111 734 τῷ
1131 699 1218 734 χρόνῳ
1231 700 1412 733 ἁναλωθέντα,
1428 702 1474 728 καὶ
1492 703 1597 738 καρπὸν
1615 703 1696 738 ῥοιῶν

908 744 957 770 οὐκ
973 744 1091 778 ἐχουσῶν
1103 744 1175 771 ἔνδον
1188 745 1275 772 οὐδέν·
1285 746 1415 781 ἐξήραντο
1426 747 1480 783 γὰρ
1493 748 1545 774 ὑπὸ
1553 747 1599 774 τοῦ
1610 748 1695 784 ἡλίου.

943 787 1024 820 ibid,
1041 789 1088 815 lin.
1110 789 1155 816 2h.
1173 790 1227 816 Καὶ
1247 790 1386 823 πένθους.
1403 791 1556 826 Artapanus
1571 802 1577 819 :
1600 793 1697 820 Τελευ-

40 833 128 860 (ἓινεο.
140 834 303 868 affectuum
312 835 331 861 l.
341 842 367 861 Iv
377 842 384 866 ;
393 833 493 861 Herod.
513 834 532 860 l.
546 841 577 866 ll;
587 833 806 869 Theophylactus
816 833 842 860 Si

907 834 981 860 ταῖον
997 833 1136 866 τοιαύταις
1151 837 1303 872 συμφοραῖς
1324 837 1505 871 περιπεσόντα
1518 837 1564 865 τὸν
1585 838 1695 872 βασιλέα

38 884 183 912 mocatus,
197 879 280 907 Hist.
291 880 337 908 lib.
347 887 395 913 vu,
405 883 466 915 cap.
476 880 520 912 17,
530 880 577 915 qui
586 880 678 907 omnia
689 887 738 907 sua
748 880 842 915 scripsi

907 880 969 911 τοὺς
986 879 1128 912 Ἰουδαίους
1143 880 1359 912 άπολῦσαι.Τοὺς
1372 881 1399 907 δὲ
1415 883 1605 918 χρησαμένους
1619 885 1694 920 παρὰ

40 926 97 954 fere
107 926 269 960 αὑτολεξεὶ
283 935 316 954 ex
325 926 443 954 Diodoro
453 925 546 953 Siculo
554 927 626 954 bono
635 926 681 954 illo
694 927 753 954 viro
763 935 796 954 ne
806 935 856 954 no-

40 972 148 1000 minato
161 973 300 1007 quidem;
316 972 430 1004 Seneca,
444 972 562 1000 Joannes
575 972 640 1006 Leo,
652 978 678 1000 et
690 974 783 1008 plures
796 973 852 1000 alii.

67 1018 202 1046 (101.788.
214 1019 269 1046 lin.
284 1019 325 1046 10.
333 1019 360 1045 ’0
370 1019 443 1054 γοῦν
450 1018 562 1053 Φαραὼ.
572 1018 726 1054 Artapanus
736 1028 742 1044 :
753 1018 853 1045 Τούτου

41 1063 68 1090 δὲ
81 1065 258 1100 γενομένου,
269 1065 314 1091 τὸν
331 1064 442 1099 βασιλέα
452 1065 515 1096 τοὺς
523 1064 594 1100 ὑπὲρ
607 1065 718 1099 Μέμφιν
728 1065 851 1097 καλέσαι,

43 1111 89 1136 καὶ
98 1110 188 1144 φάναι
198 1110 305 1143 αὐτοὺς
314 1111 483 1146 ἀναιρήσειν,
493 1110 580 1138 καὶτὰ
591 1111 650 1148 ἱερὰ
656 1111 851 1146 κατασκάψειν,

44 1157 91 1183 ἐὰν
106 1158 146 1193 μὴ
164 1159 218 1185 καὶ
235 1158 315 1185 αὐτοὶ
329 1158 581 1194 τερατουργήσωσι.
601 1158 670 1189 Τοὺς
687 1157 715 1184 δὲ
729 1158 790 1184 τότε
807 1157 852 1184 διά

45 1210 126 1229 τινων
146 1204 308 1238 μαγγάνων
317 1204 364 1231 καὶ
374 1203 507 1230 ὲπαοιδῶν
522 1203 656 1239 δράκοντα
671 1204 792 1239 ποιῆσαι,
803 1204 850 1230 καὶ

45 1248 90 1274 τὸν
109 1250 245 1284 ποταμὸν
263 1249 447 1285 μεταχρῶσαι.
462 1250 513 1276 Τὺν
524 1249 553 1276 δὲ
568 1249 689 1284 βασιλέα,
717 1258 850 1285 φρονιμα-

47 1295 177 1322 τισθέντα
197 1296 250 1323 ἐπὶ
259 1295 298 1331 τῷ
310 1296 444 1330 γεγονότι,
459 1295 533 1332 πάσῃ
545 1296 665 1332 τιμωρίᾳ
677 1296 724 1322 καὶ
740 1296 848 1323 κολάσει

48 1343 227 1374 καταιχίςειν
245 1343 310 1374 τοὺς
326 1343 478 1374 Ἰουδαίους.
504 1342 555 1369 Τὸν
571 1342 600 1368 δὲ
614 1343 740 1374 Μώῦσον,
761 1342 848 1369 ταῦτα

49 1387 167 1422 ὁρῶντα,
181 1388 257 1415 ἄλλα
271 1397 301 1415 τε
313 1389 414 1424 σημεῖα
428 1389 549 1424 ποιῆσαι,
567 1389 614 1415 καὶ
630 1388 788 1420 πατάξαντα
798 1388 847 1422 τὴν

48 1431 98 1467 γῆν
113 1434 147 1468 τῇ
167 1433 276 1469 ράὃδῳ,
286 1433 354 1466 ζῶόν
365 1442 391 1460 τι
404 1433 505 1468 πτηνὸν
518 1434 632 1464 ἀνεῖναι,
646 1433 660 1459 ὃ
674 1433 846 1468 λυμήνασθαι

51 1478 111 1510 τοὺς
129 1479 317 1514 Αἰγυπτίους,
334 1480 421 1507 πάντα
434 1488 464 1506 τε
478 1479 660 1515 ὲξελκωθῆναι
674 1479 709 1506 τὰ
722 1479 844 1514 σώματα.

51 1524 109 1551 Τῶν
128 1525 158 1552 δὲ
176 1526 283 1562 ἰατρῶν
305 1526 342 1562 μὴ
366 1525 522 1562 δυναμένων
545 1525 634 1552 ἰᾶσθαι
651 1525 714 1557 τοὺς
730 1525 847 1561 κάμνον-

52 1578 109 1602 τας,
128 1570 203 1598 οὕτω
222 1571 304 1598 πάλιν
316 1571 433 1603 ἀνέσεως
447 1572 537 1606 τυχεῖν
547 1571 610 1603 τοὺς
624 1570 776 1603 Ἰουδαίους.
794 1570 848 1596 110-

52 1623 110 1642 rum
131 1617 314 1644 sacerdotum
336 1616 473 1651 principes
501 1615 576 1643 fuere
593 1616 694 1644 Janncs
712 1619 738 1643 et
763 1615 848 1642 Mam-

52 1662 111 1693 bre.
124 1662 146 1689 ll
161 1663 334 1694 TianlllJIl,
349 1662 382 1690 de
398 1670 513 1697 quorum
529 1662 655 1697 sepulcro
671 1663 738 1689 inira
754 1666 847 1689 narrat

54 1706 193 1735 Palladius
211 1709 238 1735 in
256 1708 378 1734 Historia
394 1707 528 1734 Lausiaca
543 1707 571 1734 in
594 1706 713 1734 Macario
726 1707 845 1733 Alexan-

55 1753 143 1786 drlno,
157 1755 194 1782 ab
208 1762 243 1782 eo
254 1754 312 1781 visa
324 1757 352 1781 et
367 1756 505 1788 comperta
518 1761 525 1786 ;
542 1753 647 1780 scilicet
663 1752 784 1787 sepultos
799 1759 846 1779 eos

59 1807 118 1828 esse
133 1801 161 1827 in
180 1801 283 1834 hortis,
298 1800 324 1827 in
344 1799 445 1834 quibus
460 1799 511 1833 ipsi
532 1798 598 1825 dum
612 1798 745 1829 viverent,
757 1798 846 1825 omnis

56 1846 161 1878 generis
189 1847 305 1874 arbores
330 1846 530 1880 plantaverant,
553 1849 694 1879 sperantes
719 1843 788 1876 fore,
817 1849 846 1870 ut

58 1896 116 1925 post
129 1897 249 1920 mortem
260 1892 288 1918 in
304 1891 350 1919 illo
363 1891 441 1926 quasi
455 1889 585 1917 Paradiso
601 1890 705 1917 deliciis
722 1890 846 1917 frueren-

58 1941 110 1966 tur.
129 1939 178 1966 Hic
193 1943 286 1966 autem
304 1939 380 1965 locus
400 1938 542 1965 tenebatur
563 1945 578 1963 a
592 1936 771 1968 daemonibus,
798 1936 844 1970 qui

57 1985 168 2018 proinde
190 1985 341 2018 Macarium
366 1991 428 2010 eum
454 1981 651 2017 ingredientem
676 1982 843 2013 invaserunt,

59 2031 104 2057 scd
119 2031 152 2058 ab
165 2039 199 2059 eo
214 2031 294 2066 signo
309 2029 414 2062 crucis,
428 2028 511 2063 fugati
529 2032 604 2055 sunt.
632 2026 768 2054 Macarius
782 2034 845 2054 vero

60 2075 162 2111 singula
178 2077 301 2104 lustrans
320 2075 423 2103 invenit
448 2075 566 2102 fructum
583 2074 716 2101 malorum
731 2073 844 2108 punien-

61 2128 128 2153 rum,
138 2130 199 2156 quze
211 2122 277 2149 nihil
290 2122 364 2149 intus
380 2120 532 2153 habebant;
546 2124 625 2146 erant
638 2119 709 2145 enim
726 2117 844 2145 arefacta

905 926 960 952 τῶν
972 926 1128 960 Αἰγυπτίων
1145 927 1231 953 πολλὰ
1251 928 1299 962 μὲν
1314 927 1474 963 ἐκπώματα,
1492 929 1542 955 οὐκ
1563 929 1651 965 ὀλίγον
1665 931 1694 957 δὲ

906 972 1063 1008 ἱματισμὸν,
1073 972 1155 1008 ἄλλην
1163 981 1192 999 τε
1205 973 1355 1008 παμπληθῆ
1369 974 1464 1008 γάζαν,
1473 975 1619 1007 διαϐάντας
1629 977 1693 1007 τοὺς

904 1018 975 1045 κατὰ
996 1018 1046 1054 τὴν
1065 1018 1189 1054 Ἀραϐίαν
1206 1021 1356 1054 ποταμοὺς,
1376 1021 1423 1046 καὶ
1443 1020 1587 1053 διαϐάντας
1600 1023 1692 1050 ἱκανὸν

903 1065 994 1098 τόπον,
1010 1065 1056 1092 ἐπὶ
1070 1065 1119 1101 τὴν
1131 1065 1263 1101 Ἐρυθρὰν
1281 1066 1418 1101 τριταίους
1441 1066 1525 1094 ἐλθεῖν
1543 1067 1690 1096 θάλασσαν.

938 1110 1018 1142 Ibid.,
1036 1109 1083 1137 lin.
1097 1110 1141 1138 55.
1170 1111 1282 1144 Μηδεὶς
1296 1110 1322 1137 δ’
1335 1111 1484 1147 ὑπολάϐῃ.
1509 1111 1563 1140 Res
1580 1113 1636 1140 haec
1651 1116 1692 1140 al-

902 1155 999 1182 tiorem
1019 1156 1134 1190 requirit
1151 1156 1316 1191 indaginem,
1340 1165 1425 1192 quare
1446 1158 1490 1185 hic
1513 1159 1591 1193 plura
1606 1159 1692 1186 addu-

901 1209 963 1228 cere
977 1201 1154 1236 supersedeo.
1170 1201 1238 1229 Vide
1250 1203 1435 1237 expositiones
1459 1211 1528 1238 quas
1542 1204 1618 1231 alfert
1629 1203 1692 1232 Ori-

901 1255 983 1282 genes
996 1247 1029 1274 ad
1046 1247 1118 1274 hunc
1142 1248 1232 1275 locum
1246 1250 1273 1275 in
1288 1248 1451 1280 Philacalia,
1478 1250 1561 1285 capit.
1581 1251 1688 1278 ultimo.

936 1291 1014 1324 Ibid.,
1032 1292 1081 1318 lin.
1098 1292 1142 1319 37.
1164 1292 1253 1320 Ἀλλὰ
1279 1293 1454 1328 γινωσκέτω.
1478 1293 1555 1326 Quod
1573 1302 1604 1322 ea
1629 1304 1689 1330 qua:

900 1337 932 1364 ile
945 1337 999 1364 Deo
1012 1337 1142 1364 dicuntur
1153 1338 1181 1365 in
1196 1338 1337 1373 Scriptura
1353 1339 1454 1366 absona
1469 1348 1591 1375 congruo
1605 1349 1688 1369 sensu

898 1383 952 1411 dici
969 1384 1136 1412 censendum
1153 1384 1198 1416 sit,
1220 1385 1274 1411 late
1291 1385 1388 1420 probat
1403 1385 1534 1420 Origenes
1548 1387 1688 1415 homilJ9

899 1430 924 1456 in
947 1429 1013 1456 illud
1028 1429 1163 1462 Jeremizc,
1175 1429 1365 1464 Decepistime.
1378 1431 1499 1463 Domine,
1515 1436 1540 1459 et
1566 1433 1687 1467 deceptus

898 1484 967 1507 sum,
985 1484 1066 1511 quam
1083 1484 1136 1502 una
1159 1484 1221 1503 cum
1237 1477 1298 1503 aliis
1327 1484 1340 1503 a
1358 1477 1437 1505 nobis
1464 1477 1576 1507 Latinas
1601 1479 1688 1507 factas

899 1521 984 1548 edidit
1007 1521 1120 1549 Michael
1135 1521 1286 1550 Ghislerius
1305 1524 1362 1550 suis
1387 1523 1414 1550 in
1442 1523 1583 1551 Jeremiam
1604 1525 1687 1553 Com-

899 1568 1055 1594 mcntariis.

932 1612 989 1639 Col.
1006 1612 1068 1644 789,
1085 1613 1133 1640 lin.
1146 1613 1172 1639 8.
1184 1614 1215 1639 Ol
1230 1612 1274 1644 δὲ,
1292 1612 1501 1647 διαιρεθείσης.
1511 1614 1664 1649 Artapanus
1677 1625 1684 1642 ;

903 1658 1108 1690 Ἦλιουπολίτας
1118 1659 1147 1685 δὲ
1165 1658 1253 1694 λέγειν
1267 1659 1497 1694 ἐπικαταδραμεῖν
1513 1660 1558 1687 τὸν
1574 1660 1686 1695 βασιλέα

898 1703 966 1738 μετὰ
985 1703 1085 1739 πολλῆς
1104 1704 1243 1739 δυνάμεως
1263 1703 1320 1739 ἅμα
1335 1705 1382 1730 καὶ
1397 1705 1454 1736 τοῖς
1472 1704 1685 1741 καθιερωμένοις

897 1749 987 1782 ζώοις,
1001 1749 1046 1776 διὰ
1061 1750 1092 1776 τὸ
1116 1749 1165 1784 τὴν
1189 1749 1305 1785 ὓπαρξιν
1322 1751 1384 1782 τοὺς
1404 1750 1546 1782 Ἰουδαίους
1569 1751 1622 1778 τῶν
1635 1753 1684 1778 Αἰ-

896 1796 1021 1830 γυπτίων
1038 1796 1227 1832 χρησαμένους
1240 1796 1415 1832 διακομίζειν.
1427 1797 1472 1832 Τῷ
1485 1797 1594 1833 Μωΰσῳ
1610 1798 1684 1824 θείαν

895 1843 987 1878 φωνὴν
996 1843 1122 1877 γενέσθαι
1139 1843 1257 1874 πατάξαι
1269 1844 1317 1879 τὴν
1330 1843 1465 1870 θάλασσαν
1478 1845 1510 1879 τῇ
1523 1843 1623 1880 ῥάϐδῳ.
1632 1845 1684 1871 Τὸν

895 1888 923 1915 δὲ
932 1888 1048 1915 Μώῡσον
1059 1888 1212 1916 ἀκούσαντα
1226 1889 1359 1923 ὲπιθίγειν
1369 1891 1402 1924 τῇ
1416 1889 1504 1925 ῥάϐδῳ
1515 1889 1562 1916 τοῦ
1577 1889 1682 1921 ὕδατος,

895 1935 942 1962 καὶ
956 1935 1027 1961 οὕτω
1041 1935 1072 1961 τὸ
1081 1935 1129 1970 μὲν
1144 1936 1218 1970 νᾶμα
1236 1935 1388 1969 διαστῆναι,
1404 1936 1452 1971 τὴν
1468 1936 1495 1962 δὲ
1509 1935 1623 1970 δύναμιν
1639 1936 1683 1962 διὰ

895 1980 980 2017 ξηρᾶς
996 1980 1054 2007 ὁδοῦ
1077 1981 1249 2016 πορεύεσθαι.
1281 1982 1474 2016 Συνεμϐάντων
1496 1982 1524 2008 δὲ
1552 1982 1606 2008 τῶν
1634 1983 1681 2008 Αἰ-

894 2027 1015 2061 γυπτίων
1031 2027 1077 2053 καὶ
1091 2027 1253 2059 διωκόντων,
1268 2028 1334 2063 φησὶ
1348 2027 1403 2063 πῦρ
1422 2028 1512 2059 αὐτοῖς
1521 2029 1552 2054 ἐκ
1566 2027 1619 2054 τῶν
1633 2028 1681 2063 ἒμ-

895 2073 1011 2108 προσθεν
1027 2073 1175 2108 ἐκλάμψαι,
1188 2074 1238 2109 τὴν
1254 2073 1282 2099 δὲ
1302 2073 1438 2100 θάλασσαν
1455 2073 1536 2101 πάλιν
1561 2074 1609 2109 τὴν
1624 2075 1683 2101 ὁδὸν

895 2117 1050 2144 ἐπικλύσαι.
1079 2119 1149 2150 Τοὺς
1177 2118 1206 2145 δὲ
1232 2118 1394 2153 Αἰγυπτίους
1415 2119 1466 2145 ὑπό
1483 2128 1512 2145 τε
1531 2119 1577 2146 τοῦ
1598 2120 1680 2155 πυρὺ,

61 2173 76 2192 a
95 2167 160 2198 sole,
184 2168 302 2203 plurima
329 2167 391 2194 item
413 2173 495 2193 aurea
519 2165 655 2192 donaria:
674 2163 842 2199 Ἐπεθύμησέ

902 2165 942 2191 καὶ
963 2164 1012 2199 τῆς
1028 2164 1217 2200 πλημμυρίδος
1235 2165 1338 2196 πάντας
1352 2164 1543 2201 διαῳοαρῆναι.
1559 2165 1680 2192 Gentiles

61 2221 122 2240 ποτε
139 2212 216 2246 οὗτος
240 2216 253 2241 ὁ
270 2214 362 2245 αὐτὸς,
381 2213 419 2245 ὡς
441 2213 522 2244 αὐτὸς
543 2213 608 2247 ἡμῖν
631 2212 788 2247 διηγήσατο,
804 2211 843 2241 εἰς

62 2260 91 2286 τὸ
106 2261 274 2296 κηποτάφιον
294 2259 424 2286 εἰσελθεῖν
445 2259 492 2285 τοῦ
523 2258 623 2285 Ἰαννοῦ
641 2258 687 2283 καὶ
717 2256 843 2291 Ἰαμϐροῦ

63 2306 113 2333 τῶν
129 2309 223 2342 μάγων
238 2308 292 2334 τῶν
308 2307 353 2333 ἐπὶ
367 2305 413 2333 τοῦ
425 2303 525 2340 Φαραὼ
539 2304 618 2339 χάριν
633 2303 751 2337 ἱστορίας
765 2302 782 2337 ἢ
797 2301 843 2327 καὶ

65 2352 201 2386 συντυχίας
217 2351 271 2377 τῶν
293 2352 381 2377 ἐκεῖσε
402 2349 545 2384 δαιμόνων.
562 2347 685 2381 Ἐλέγετο
699 2346 752 2381 γὰρ
768 2355 842 2380 παμ-

65 2396 172 2429 πόλλους
192 2398 240 2424 καὶ
259 2396 391 2432 χαλεποὺς
410 2392 654 2429 ἁποκεκληρῶσθαι
678 2392 741 2429 παρ’
755 2391 843 2418 αὐτῶν

67 2440 169 2469 ἐκείνων
175 2442 213 2478 τῷ
220 2442 295 2476 τόπῳ
302 2441 397 2476 ἐκείνῳ
403 2439 529 2474 δαίμονας
535 2439 567 2465 δι’
576 2439 626 2464 ὑπε
631 2437 726 2473 ρϐολὴν
735 2436 820 2471 τῆςὰτ
826 2437 844 2462 ί-

67 2495 112 2521 μου
121 2489 215 2524 τέχνης
225 2486 410 2514 αὐτῶν.Τοῦτο
419 2486 447 2512 δὲ
457 2485 487 2511 τὸ
495 2493 529 2520 κη
534 2485 662 2518 ποτάφιον
670 2483 763 2517 γέγονε
777 2482 841 2517 παρ’

68 2533 142 2560 αὐτοῦ
151 2534 197 2561 τοῦ
205 2532 305 2560 Ἰαννοῦ
315 2533 362 2558 καὶ
375 2530 502 2566 Ἰαμϐροῦ
515 2529 569 2556 τῶν
583 2528 754 2563 ἀδελφῶν,δι’
763 2528 842 2562 ὑπερ-

67 2577 140 2615 ϐολὴν
155 2581 202 2616 τῆς
222 2579 342 2615 μαγικῆς
361 2578 458 2612 τέχνης
477 2576 511 2603 τὰ
532 2575 627 2612 πρῶτα
647 2575 761 2610 ἑχόντων
781 2573 841 2600 κατ’

68 2624 160 2653 ἐκεῖνον
168 2626 264 2662 καιροῦ
275 2625 349 2662 παρὰ
359 2625 396 2660 τῷ
406 2624 514 2660 Φαραὼ.
523 2622 621 2658 πολλὴν
627 2630 709 2657 κεκτη
714 2621 788 2656 μένοι
798 2621 842 2647 δυ-

68 2672 183 2699 ναστείαν
192 2673 241 2708 τὴν
250 2673 278 2699 ὲν
291 2671 420 2706 Αἰγύπτῳ
425 2669 498 2704 ὲντῷ
508 2670 556 2703 τῆς
569 2667 641 2703 ζωῆς
649 2667 736 2694 αὐτῶν
743 2667 839 2702 χρόνῳ.

74 2716 117 2742 Ἐκ
123 2718 289 2754 τετραπέδων
296 2717 375 2743 λίθων
385 2716 493 2742 ἔκτισαν
500 2714 530 2740 τὺ
539 2713 618 2749 ἔργον
627 2714 722 2744 ἐκεῖνο,
730 2713 758 2738 ὲν
767 2711 840 2746 αὑτῷ

71 2761 154 2796 μνῆμα
170 2763 358 2797 πεποιηκότες,
378 2761 425 2787 καὶ
446 2759 545 2796 χρυσὸν
562 2758 644 2785 πολὺν
665 2758 838 2793 ἀποθέμενοι.

77 2805 231 2842 Ὲφύτευσαν
241 2807 286 2835 οὖν
298 2809 344 2834 καὶ
360 2807 453 2842 δένδρα
468 2807 591 2838 παντοῖα,
615 2806 660 2833 καὶ
675 2806 762 2840 φρέαρ
778 2805 839 2832 ὕδα-

895 2210 968 2236 hunc
995 2210 1140 2237 transitum
1160 2210 1333 2237 llebrteorum
1356 2210 1430 2237 sicco
1447 2210 1513 2244 pede
1540 2218 1589 2244 per
1606 2218 1681 2238 uiarc

894 2255 1047 2289 ascripsere
1060 2263 1116 2282 non
1133 2255 1275 2288 miraculo,
1292 2255 1339 2283 scd
1356 2255 1565 2290 recipi-ucationi
1583 2256 1677 2283 maris.

893 2300 966 2328 Idem
984 2300 1114 2328 dixerunt
1141 2300 1287 2336 Memphite
1305 2301 1399 2328 eodem
1422 2303 1561 2336 Artapano
1590 2307 1676 2330 teste:

893 2347 947 2373 Καὶ
958 2347 1101 2383 Μεμφίτας
1116 2348 1164 2382 μὲν
1177 2347 1265 2381 λέγειν
1286 2347 1415 2382 ἔμπειρον
1427 2346 1491 2373 ὅντα
1505 2347 1549 2373 τὶν
1564 2347 1679 2375 Μώῡσον

892 2393 943 2427 τῆς
960 2392 1060 2429 χώρας,
1072 2393 1120 2429 τὴν
1135 2393 1260 2429 ἄμπωτιν
1274 2394 1442 2429 τηρήσαντα,
1468 2392 1512 2419 διὰ
1527 2393 1611 2428 ξηρᾶς
1628 2395 1678 2430 τῆς

893 2439 1030 2475 θαλάσσης
1045 2439 1075 2466 τὸ
1090 2439 1192 2474 πλῆθος
1202 2439 1365 2475 περαιῶσαι.
1383 2439 1458 2466 Hanc
1466 2440 1606 2474 gentilium
1618 2440 1677 2474 opi—

893 2484 1001 2512 nionem
1021 2485 1114 2512 multis
1132 2484 1231 2512 refellit
1248 2485 1383 2512 Diodorus
1400 2484 1501 2511 Catena
1516 2485 1542 2511 in
1560 2484 1651 2513 ϐεηιιε.
1666 2493 1676 2511 :

899 2531 1006 2566 Ἐπειδὴ
1028 2531 1088 2566 ἴχνη
1105 2530 1153 2557 τοῦ
1169 2530 1230 2557 τότε
1244 2529 1425 2565 γεγενημένου
1441 2530 1576 2565 θαύματος
1593 2530 1676 2557 είσέτι

893 2577 940 2603 καὶ
959 2575 1005 2602 νῦν
1024 2576 1160 2603 δείκνυται
1173 2576 1222 2612 τῆς
1245 2575 1376 2612 Ἐρυθρᾶς
1394 2576 1612 2611 άμπωτιζούσης,
1628 2577 1675 2603 καὶ

892 2622 942 2657 τῆς
953 2622 1131 2658 ὖπηργμὲνης
1142 2623 1217 2658 παρὰ
1226 2622 1272 2649 τοῦ
1280 2621 1346 2648 Θεοῦ
1359 2622 1461 2659 δωρεᾶς
1472 2623 1528 2654 τοῖς
1540 2622 1676 2657 Ἐϐραίςηις

892 2667 1044 2703 ἀνάμνησιν
1069 2667 1387 2703 παρεχούσης.’Έλληνες
1408 2668 1438 2694 τὸ
1451 2667 1590 2703 γινόμενον
1607 2668 1675 2703 πρό-

892 2722 973 2749 φασιν
988 2713 1170 2749 λαμϐάνουσιν
1188 2713 1328 2745 εὐσεϐείας
1344 2714 1372 2740 ἐν
1390 2713 1494 2740 πλείοσι
1504 2713 1553 2748 τῆς
1574 2713 1675 2740 θαλάσ-

893 2768 941 2795 σης
957 2759 1048 2791 τόποις
1064 2758 1216 2790 δεικνύντες
1231 2759 1436 2794 ἁμπωτισμοὺς,
1456 2758 1562 2793 φύσεως
1583 2758 1674 2793 ἔργον,

892 2806 922 2832 οὐ
945 2805 1015 2832 θείου
1030 2805 1178 2841 θαύματος.
1198 2805 1290 2840 Ἡμεῖς
1310 2805 1532 2841 συγχωρήσαντες
1547 2805 1636 2837 αὐτοῖς
1659 2803 1674 2829 ὅ
