1900 3070
222 68 289 94 1059

880 60 1003 88 LEONIS
1021 59 1159 86 ALLATII

1776 57 1853 84 1060

222 127 360 162 βούλονται
376 128 455 158 νοεῖν,
471 126 518 153 καὶ
536 126 584 159 τῆς
607 125 711 160 φύσεως
735 122 803 150 εἶναι
817 123 862 150 τὸν
877 123 1000 158 ἀμιτωτι-

1068 127 1112 147 um
1125 122 1176 147 hoc
1191 120 1352 147 miraculum
1371 124 1491 154 tempore
1501 118 1648 146 Theodosii
1663 118 1853 153 imperatoris

223 173 291 209 σμὺν
304 172 373 200 κατὰ
386 173 448 203 τοὺς
464 172 571 204 τόπους,
596 172 624 196 ὲν
643 168 683 201 οἷς
703 170 842 196 ἀπώλοντο
857 169 906 204 μὲν
918 169 943 194 οἱ
959 168 1003 193 Al-

221 219 340 255 γύπτιοι,
360 214 527 253 διεσώθησαν
543 218 570 244 δὲ
589 218 613 243 ot
627 217 755 252 Ἑϐραῖοι,
783 214 930 250 πυθώμεθα
955 214 1003 240 αὺ-

221 266 275 292 τῶν
291 265 317 291 εῐ
329 273 379 291 που
394 265 443 299 τῆς
458 263 594 298 θαλάσσης
611 260 792 297 ἁμπωτισμὺς
816 260 895 295 μέσον
910 256 1002 294 τέμνει

221 311 268 338 καὶ
285 311 393 341 κόλπον,
412 309 459 336 καὶ
481 308 573 335 τοῦτον
597 307 780 343 σχοινοτενῶς,
796 306 865 332 ὥστε
885 303 1004 340 γυμνοῦν

219 355 264 382 τὸν
277 356 462 391 κρυπτόμενον
479 355 570 385 αὐτοῖς
583 354 675 384 τόπον,
695 353 741 379 καὶ
763 352 848 378 ποιεῖν
865 350 923 377 ὁδὸν
941 350 1005 376 πλα-

219 402 304 433 τεῖαν,
319 401 454 436 μᾶλλονδὲ
467 400 541 431 ὀδοὺς
551 398 667 429 εὐθείας,
681 399 748 433 ὅπερ
761 396 823 428 τοῦς
836 395 1004 432 Ἰσραηλίτας

225 445 345 480 παρέσχε
364 444 429 476 Θεὸς
451 444 521 471 κατὰ
547 443 591 469 τὸν
613 443 665 469 Δὰδ
683 442 808 476 λέγοντα·
829 450 838 466 ι
858 440 902 475 Τῷ
925 443 1006 466 κατα-

220 490 332 516 διελόντι
348 488 397 524 τὴν
415 489 546 525 Ἐρυθρὰν
557 488 690 515 θάλασσαν
706 487 746 518 εἰς
760 486 904 522 διαιρέσεις
914 495 920 502 ·
933 495 941 510 ι
959 485 1005 512 καὶ

222 537 261 567 εἰς
280 535 309 562 τὸ
323 535 462 562 θαλάττιον
479 534 565 570 ὕδωρ,
586 534 691 569 σχισοὲεν
714 534 746 559 ἐκ
761 533 853 565 δεξιῶν
872 542 900 560 τε
914 535 959 559 καὶ
977 532 1006 565 ἐξ

221 581 377 616 εὐωνύμων,
396 581 475 615 φύσιν
489 581 544 616 ἕχει
561 581 655 615 στῆναι
675 579 751 614 δίκην
768 579 862 614 τειχῶν
876 578 1005 614 ἁρῥαγὲς,

222 627 289 662 ὅπερ
301 627 346 652 ἐπὶ
357 627 410 653 τῶν
427 627 598 662 Ἰσραηλιτῶν
608 625 718 660 γέγονεν
729 625 780 658 ὀδῷ
791 626 845 656 τοῖς
856 624 1007 655 θαλαττίοις

221 673 314 705 τόποις
340 673 495 708 χρωμένων.
525 674 555 699 Εἰ
574 674 601 700 δὲ
619 674 756 700 ἀπιστεῐεν
780 673 820 698 ὅτι
839 671 926 698 ταῦτά
942 679 1007 697 ποτε

223 718 329 752 γέγονε,
339 718 381 744 διὰ
392 719 417 744 τί
433 719 478 753 μὴ,
492 719 536 753 τῆς
549 718 618 745 κατὰ
630 718 711 754 μέρος
720 717 871 751 ἀντιλογίας
882 717 1006 751 ἀφέντες,

224 764 289 790 αὐτὸ
302 764 380 790 τοῦτο
400 764 511 798 ζητοῦσι
528 764 595 799 πρὸς
608 766 680 799 ἡμᾶς
705 764 857 799 διδασκάλῳ
873 762 1008 798 χρώμενοι

223 811 258 846 τῇ
278 809 400 845 ἀληθείᾳ.
427 810 533 836 Μᾶλλον
559 810 587 836 δὲ
604 809 651 844 τὴν
667 810 793 845 ἀλήθειαν
816 810 847 835 ὲκ
872 809 925 835 τῶν
944 809 1009 835 ἀπο-

226 856 407 891 δεικνυμένων
424 856 592 892 πραγμάτων
610 855 805 890 διδασκόμενοι.
820 856 950 889 Ἑγχωρεῖ
959 855 1008 890 τὴν

231 901 364 936 Ἐρυθρὰν
383 901 560 935 ἀμπωτίζειν,
580 901 616 935 πὴ
635 901 682 936 μὲν
698 900 901 935 ἐπιτρέχουσαν,
981 899 1008 926 δὲ

226 947 434 982 ἀναχωροῦσαν;
453 946 520 973 Ἀλλ’
535 947 580 973 ἐπὶ
593 947 645 973 τῶν
662 946 831 982 Ἰτραηλιτῶν
847 947 895 973 οὐκ
905 944 938 981 ἦν
954 947 1007 981 ἅμ-

225 992 374 1027 πωτισμὸς.
403 991 464 1024 Πῶς
489 992 542 1028 γὰρ
566 992 596 1018 τὸ
623 991 762 1027 σχισθῆναι
790 992 838 1026 τὴν
859 991 1007 1023 Θάλασσαν,

224 1038 271 1064 καὶ
298 1038 417 1073 παγῆναι
443 1039 481 1069 εἰς
509 1037 603 1072 τειχῶν
635 1037 728 1064 στάσιν
758 1038 800 1072 εἰή
825 1037 856 1064 ἂν
883 1038 1007 1072 ἁμπωτι-

226 1084 311 1118 σμός;
339 1083 474 1118 Joseplius
503 1083 619 1114 dubitat,
643 1091 677 1110 an
707 1083 805 1110 divisio
839 1085 894 1110 licrc
929 1083 1009 1110 fuerit

226 1130 399 1160 inirarulosa,
420 1131 460 1156 vel
484 1130 626 1157 naturalis.
651 1128 722 1156 Nam
750 1136 773 1156 et
792 1129 936 1156 Alexandri
956 1138 1009 1155 nta-

225 1175 270 1210 gni
283 1175 373 1206 ductu,
391 1175 488 1210 inquit.
505 1183 576 1202 mare
594 1175 792 1210 Pamp/tylicunt
807 1176 894 1205 cessit,
913 1180 936 1201 et
959 1176 1008 1202 iter

227 1221 340 1255 aperuit,
360 1229 418 1247 cum
438 1221 506 1248 Deus
525 1221 579 1255 ejus
596 1228 672 1254 opera
689 1222 722 1247 ad
739 1220 923 1248 destruendum
945 1221 1006 1247 Per-

226 1274 318 1292 sarum
342 1267 480 1300 imperium
509 1267 548 1293 uti
573 1266 736 1294 decrevisset.
770 1267 874 1294 Hebraei
899 1272 1007 1302 negant,

227 1319 294 1339 suos
314 1313 431 1344 majores
447 1317 532 1339 totum
550 1321 624 1340 mare
639 1313 760 1339 Rubrum
777 1317 909 1345 tranasse,
925 1314 982 1341 sive
994 1322 1007 1340 a

226 1359 317 1386 littore
335 1358 462 1394 {Egyptio
478 1360 503 1385 in
520 1360 596 1386 littus
612 1359 767 1390 Arabicum,
784 1360 828 1387 scd
847 1361 917 1395 quod
928 1369 1009 1396 gran-

227 1403 289 1431 dius
306 1409 357 1433 eSt.
378 1407 408 1430 ut
435 1404 519 1430 refert
536 1404 736 1436 Genebrardus,
767 1406 939 1437 miraculum,
975 1407 1006 1434 ad

1052 166 1152 193 imitari
1167 166 1300 193 volentem
1320 166 1412 193 multis
1428 164 1545 192 Hebraeis
1557 165 1664 192 excidio
1678 164 1781 197 fuisse,
1797 163 1854 192 So.

1053 215 1153 244 crates,
1168 212 1213 238 lib.
1229 220 1266 239 vn
1285 212 1370 244 Μελ,
1384 219 1443 246 cap.
1459 211 1502 238 58.

1088 258 1144 285 Col.
1158 258 1220 290 789,
1234 259 1282 285 lin.
1297 258 1339 285 19.
1356 257 1410 284 Καὶ
1421 259 1437 284 ό
1450 255 1640 291 Ῥαγουῆλος.
1658 256 1695 283 De
1704 254 1851 290 Raguelo,

1053 308 1080 331 et
1094 303 1153 338 ejus
1167 304 1324 338 parentibus
1340 304 1416 338 plura
1432 303 1564 330 Eusebius
1591 303 1629 329 De
1643 303 1853 336 prwparatione

1054 355 1155 383 erang.,
1166 349 1213 375 lib.
1225 356 1263 380 Ix,
1285 357 1316 375 ex
1329 348 1471 375 Ezechielo
1482 353 1507 375 et
1521 348 1667 380 Demetrio,
1682 349 1726 382 qui
1743 348 1853 375 Jothor

1055 398 1081 420 et
1101 393 1251 428 Raguelum
1267 394 1390 421 diversos
1412 393 1487 426 facit,
1515 394 1596 420 tradit
1610 394 1683 421 enim
1700 394 1852 422 Abraham

1055 447 1088 466 ex
1103 439 1221 466 Cetlmra
1235 440 1360 474 genuisse
1375 439 1470 472 Jexan,
1479 447 1512 467 ex
1523 447 1576 474 quo
1588 444 1669 467 natus
1679 445 1721 468 est
1734 441 1852 474 Dadan,

1057 490 1140 518 aquo
1155 482 1293 518 Raguelus
1315 488 1390 518 pater
1403 483 1492 515 Jellio,
1520 484 1598 518 cujus
1623 483 1705 510 ﬁliam
1732 483 1853 519 Moyses

1057 530 1160 564 accepit
1178 537 1298 557 uxorem.
1313 529 1426 560 Hebraei,
1443 529 1566 564 Lyranus
1580 533 1607 556 et
1622 529 1774 557 Abulensis
1790 534 1851 557 tra-

1057 573 1136 604 dunt.
1151 574 1300 609 Ragnelum
1315 575 1398 601 fuisse
1415 575 1646 608 quadrinomium.
1662 575 1757 603 Primo
1771 576 1851 602 enim

1057 621 1206 647 vocabatur
1231 621 1340 656 Raguel,
1361 621 1445 647 Exod.
1461 628 1479 647 ιι
1496 624 1522 647 et
1550 628 1589 651 Ill,
1616 620 1721 654 Jetbro,
1747 621 1778 648 id
1805 626 1851 649 est

1057 666 1172 697 Addens,
1191 666 1249 701 ipse
1265 667 1336 693 cuitu
1352 667 1455 693 addi-lit
1471 674 1553 693 unum
1569 670 1648 701 caput
1660 666 1732 702 Legi,
1751 667 1789 694 de
1802 675 1854 694 or—

1058 712 1197 740 dinatione
1222 713 1312 748 populi
1336 721 1382 748 per
1401 713 1536 744 tribunos,
1560 714 1746 743 centuriones,
1761 714 1852 748 quin-

1059 765 1197 793 quagenos
1211 763 1238 786 et
1249 760 1377 791 decanos,
1387 759 1471 786 Exod.
1494 767 1571 786 xvtu.
1583 759 1703 786 Vocatur
1722 760 1851 791 Cinmus,

1024 791 1044 820 Β
1059 791 1149 830 .ludic.
1173 813 1209 831 ιν.
1226 803 1345 832 Tandem
1363 809 1476 832 vocatur
1502 804 1607 837 Hobab,
1628 805 1654 832 id
1669 810 1712 833 est
1730 806 1850 838 Amans,

1059 850 1122 884 quia
1145 849 1237 877 dilexit
1258 851 1341 885 legem
1366 851 1423 884 Dei,
1438 855 1464 878 et
1481 853 1513 878 ad
1529 851 1698 879 Judaismum
1719 857 1764 879 est
1781 860 1851 880 con-

1058 903 1164 927 versus,
1176 895 1301 923 utExod.
1320 905 1392 923 xvut.
1413 897 1464 923 Alii
1481 897 1649 931 probabilius
1667 903 1775 932 putant,
1792 898 1851 926 H.0-

1058 942 1112 969 bal)
1136 951 1191 970 non
1213 951 1273 970 esse
1294 943 1455 979 Raguelum,
1482 943 1595 979 Ragucli
1620 945 1717 973 lilium.
1739 946 1776 973 de
1794 953 1851 981 quo

1059 987 1168 1015 Numer.
1178 996 1205 1015 x.

1094 1035 1174 1067 lliid.,
1200 1035 1247 1062 lin.
1273 1035 1317 1063 20.
1334 1036 1541 1072 Ἐπαγόμενος.
1573 1037 1679 1073 Moyses
1704 1039 1791 1070 enim,
1819 1043 1851 1066 ut

1059 1079 1236 1115 Epiphanius,
1253 1081 1349 1108 lueres.
1370 1082 1413 1112 78,
1435 1083 1526 1113 tradit.
1543 1086 1685 1117 postquam
1709 1085 1851 1118 propheta

1058 1134 1158 1154 munus
1175 1128 1304 1161 suscepit,
1321 1128 1413 1154 uxoris
1434 1128 1529 1154 notitia
1543 1129 1688 1158 abstinuit.
1715 1134 1745 1156 ut
1763 1138 1849 1164 purus

1058 1176 1112 1198 tam
1128 1176 1229 1198 sanrtzc
1243 1171 1375 1198 lunctioni
1393 1177 1516 1204 vacaret;
1534 1173 1606 1207 quod
1626 1174 1742 1200 totidem
1760 1176 1850 1201 verbis

1059 1225 1088 1244 se
1112 1222 1204 1251 postea
1220 1218 1354 1252 reperisse
1370 1218 1398 1244 in
1417 1217 1616 1244 Traditionibus
1631 1217 1754 1246 Hebr-(eis
1767 1220 1850 1246 tradit

1059 1261 1260 1289 Genebrardus.

1093 1307 1172 1339 lbid.,
1188 1309 1235 1334 lin.
1250 1308 1293 1335 50.
1303 1308 1329 1334 '0
1340 1309 1468 1343 Μωϋσῆς
1477 1309 1666 1343 ἐτελεύτησε.
1674 1311 1847 1342 Ambrosius,

1059 1354 1106 1380 lib.
1121 1362 1128 1380 ι
1143 1354 1178 1380 De
1191 1354 1256 1382 Cain
1270 1359 1294 1381 et
1308 1354 1382 1388 Abel,
1398 1363 1424 1382 c.
1436 1355 1462 1387 2,
1478 1356 1574 1382 asserit
1594 1356 1716 1392 Moysem
1729 1357 1846 1384 nondum

1058 1406 1194 1428 mortuum
1210 1410 1280 1434 esse,
1300 1403 1345 1429 sed
1360 1403 1522 1429 translatum
1536 1404 1568 1430 ad
1585 1405 1728 1431 meliorem
1746 1405 1825 1431 vitam
1839 1414 1846 1435 ;

229 1450 296 1477 idem
323 1450 410 1482 littus,
440 1450 521 1478 ducto
551 1451 620 1477 intra
638 1459 711 1478 mare
738 1452 817 1486 longo
841 1453 967 1484 circuitu,
983 1457 1008 1480 et

1066 1451 1087 1474 3t
1102 1455 1163 1474 cum
1184 1448 1313 1481 scriptum
1329 1451 1380 1478 est,
1397 1456 1458 1474 eum
1476 1455 1536 1475 esse
1557 1452 1709 1480 mortuum,
1736 1445 1847 1483 intelligi

228 1496 306 1530 quasi
325 1497 506 1527 semicirculo,
523 1497 594 1524 unde
608 1497 723 1531 ingressi
745 1498 850 1525 fuerant
866 1500 1011 1526 revertisse

228 1542 352 1577 probant.
384 1542 451 1575 Quia
474 1543 612 1570 liairebant
636 1544 673 1570 sin
699 1544 806 1571 deserto
840 1544 924 1571 Etlian
950 1550 1011 1572 ante

228 1587 385 1618 transitum,
407 1588 503 1615 deinde
525 1592 586 1622 post
610 1589 754 1616 transitum
774 1590 800 1616 in
817 1590 909 1616 eodem
926 1598 954 1617 se
969 1598 1013 1617 re-

228 1633 354 1667 periunt;
370 1633 416 1660 ubi
435 1641 481 1667 per
499 1638 554 1660 tres
567 1633 624 1661 dies
639 1634 726 1668 vagati
750 1640 839 1661 castra
854 1640 957 1669 ponunt
985 1635 1012 1662 in

228 1677 314 1709 Marti,
326 1678 411 1705 Exod.
420 1687 475 1705 ιιιιι.
487 1679 588 1706 Deinde
599 1688 674 1707 mare
690 1679 810 1706 Imbrum
827 1680 920 1706 dividit
930 1679 1012 1716 {Egy-

228 1727 303 1759 ptum
320 1725 353 1750 ab
372 1724 482 1755 Arabia,
498 1733 551 1752 non
564 1733 578 1752 a
594 1729 667 1753 terra
683 1729 786 1753 sancta.
816 1725 871 1752 lmo
883 1734 945 1753 vero
958 1734 1011 1753 non

229 1768 278 1795 fuit
299 1777 409 1796 necesse
430 1774 458 1796 ut
483 1770 690 1804 ingrederentur
716 1778 799 1799 mare.
816 1771 867 1797 nisi
894 1774 923 1797 ut
948 1772 1010 1798 sub-

229 1820 398 1849 mergeretur
411 1814 528 1842 Pharao.
544 1815 678 1850 Joseplius
696 1821 720 1842 et
735 1817 819 1842 nostri
838 1817 870 1843 de
882 1817 971 1843 littore
984 1817 1012 1844 in

228 1858 315 1886 littus.
341 1860 404 1891 Alii,
436 1868 505 1894 quos
532 1861 656 1895 sequitur
683 1860 814 1895 Origenes
839 1861 932 1889 lmmil.
950 1863 966 1890 5
987 1864 1012 1890 in

228 1903 359 1935 Exodum.
378 1905 568 1932 Genebrardus
586 1907 611 1932 in
628 1906 829 1940 psalin.cxxxv,
846 1907 1013 1942 Epiphanius

229 1950 325 1977 ha-res.
336 1951 379 1984 61,
396 1951 540 1984 allirmant,
557 1960 632 1979 mare
654 1951 775 1980 Rubrum
797 1953 881 1981 fuisse
897 1955 1012 1981 divisum

227 1995 256 2022 in
273 1996 414 2023 duodecim
431 1998 578 2029 sectiones,
593 1998 626 2024 ita
645 1999 702 2033 pari
719 2007 812 2034 gressu
830 2008 878 2034 per
894 2000 959 2027 illud
973 2002 1013 2027 in—

228 2041 355 2068 cederent
387 2042 528 2069 duodecim
561 2044 664 2077 lrilms,
703 2045 828 2079 quislibet
861 2047 932 2073 enim
964 2055 1013 2074 sua

229 2086 350 2114 sectione
364 2086 518 2116 incedebat.
538 2088 616 2117 Philo
631 2096 731 2121 tamen,
745 2091 942 2123 Tlteodoretus,
959 2093 1013 2120 Eu-

1063 1501 1117 1520 non
1133 1493 1166 1520 de
1181 1493 1289 1520 interitu
1306 1494 1350 1528 qui
1380 1493 1407 1520 lit
1428 1502 1474 1528 per
1501 1495 1701 1529 separationem
1717 1494 1814 1521 animm
1831 1502 1846 1520 ι

1063 1547 1188 1573 corpore,
1206 1539 1252 1566 scd
1270 1539 1303 1566 de
1319 1540 1496 1567 translatione
1514 1540 1547 1566 ad
1567 1539 1674 1567 felicem
1696 1543 1725 1567 et
1742 1540 1846 1567 beatam

1063 1585 1155 1611 vitam.
1176 1583 1215 1610 llli
1241 1585 1390 1611 assentitur
1405 1585 1522 1612 Hilarius
1540 1585 1724 1613 Pictaviensis
1738 1586 1764 1612 in
1777 1585 1847 1612 Mat-

1065 1631 1170 1661 tlurum,
1187 1638 1247 1658 can.
1263 1630 1308 1657 20.
1325 1630 1396 1657 Idem
1410 1639 1443 1658 ex
1464 1631 1662 1659 recentioribus
1683 1631 1767 1658 tradit
1785 1632 1847 1658 Am—

1064 1675 1172 1715 brosius
1182 1675 1345 1704 Catberinus
1360 1677 1386 1703 in
1398 1677 1461 1704 illud
1473 1676 1517 1708 111,
1527 1676 1561 1703 Ξιί
1571 1676 1671 1705 Cenes.
1685 1687 1691 1704 :
1703 1677 1847 1704 Collocari!

1064 1728 1123 1748 ante
1149 1722 1301 1755 paradisum
1330 1721 1470 1756 voluptatis
1502 1723 1635 1750 cherubin.
1670 1723 1702 1750 Et
1731 1725 1757 1751 in
1783 1724 1846 1751 illud

1063 1766 1164 1801 Genu,
1176 1768 1191 1793 8
1202 1767 1385 1795 :Plautat'erat
1398 1769 1526 1796 Dominus
1536 1769 1689 1803 paradisum
1701 1769 1785 1797 Eden.
1799 1770 1847 1798 He-

1066 1814 1144 1846 br:ei,
1173 1821 1233 1840 cum
1258 1814 1421 1841 translatum
1444 1817 1535 1842 vivum
1559 1817 1730 1847 existimant,
1764 1825 1845 1850 quare

1064 1858 1142 1885 l‘ltilo
1164 1861 1318 1894 sepulcrum
1343 1860 1403 1894 ejus
1429 1869 1483 1887 non
1499 1862 1616 1889 inveniri
1643 1863 1740 1889 srribit
1763 1863 1846 1898 ιΠερὶ

1064 1902 1101 1931 ὧν
1120 1906 1303 1941 ἱερουργοῦσιν
1317 1907 1399 1933 Ἀϐελ
1415 1916 1444 1933 τε
1457 1907 1503 1934 καὶ
1518 1908 1588 1934 Κάῖν
1604 1908 1700 1943 δίδωμί
1716 1916 1756 1938 σε,
1770 1908 1843 1943 φησὶ,

1064 1951 1128 1977 Θεὸν
1141 1951 1249 1987 Φαραώ.
1268 1952 1332 1983 Θεὸς
1355 1952 1382 1978 δὲ
1398 1952 1513 1987 ἔλλειψιν
1532 1952 1548 1987 ἢ
1575 1953 1720 1988 πρόσθεσιν
1738 1953 1788 1979 οὐκ
1803 1953 1846 1979 ἀν-

1064 1996 1153 2032 έχεται
1163 1997 1332 2033 πλήρης,κα“ι
1347 1998 1481 2029 ὶσαίτατης
1491 1998 1527 2024 ὢν
1536 1998 1634 2033 ἑαυτῷ.
1645 1999 1714 2033 Παρ¹
1722 1999 1737 2025 ὃ
1748 1999 1793 2026 καὶ
1801 1999 1843 2033 τὴν

1064 2043 1150 2077 ταῳὴν
1163 2042 1269 2076 λέγεται
1291 2043 1356 2078 μηδὲ
1379 2041 1418 2074 εἷς
1432 2044 1527 2070 εἰδέναι
1544 2044 1650 2070 τούτου.
1675 2045 1724 2076 Τίς
1745 2044 1799 2080 γὰρ
1814 2045 1844 2071 ἂν

1065 2086 1167 2121 γένοιτο
1182 2087 1272 2119 ἱκανὸς
1287 2089 1334 2124 τὴν
1347 2088 1413 2123 πρὸς
1427 2088 1461 2115 τὰ
1471 2088 1535 2115 ὄντα
1550 2089 1751 2124 μετανάστασιν
1762 2090 1844 2124 duxi:

229 2131 349 2166 tbymius
361 2132 386 2158 in
404 2133 499 2166 psalm.
515 2141 603 2160 cxxxv
619 2136 727 2161 unicam
739 2140 842 2162 tantum
857 2136 941 2164 fuisse
958 2142 1009 2164 tra-

1066 2133 1168 2164 τελείας
1180 2135 1343 2169 κατανοῆσαι
1357 2143 1363 2166 ;
1379 2134 1449 2161 Idem
1462 2136 1560 2169 repetit
1573 2136 1599 2162 in
1616 2135 1669 2162 ﬁne
1685 2137 1733 2163 lib.
1751 2136 1787 2163 De
1797 2137 1844 2163 rita

229 2176 307 2204 dunt.
321 2177 366 2204 Sic
381 2178 461 2205 etiam
478 2178 651 2207 Hebraeorum
668 2181 712 2208 illa
726 2182 836 2209 traditio
845 2187 895 2214 est,
912 2184 1011 2210 tribum

228 2221 309 2254 Iuda,
324 2223 502 2259 ejusdemque
517 2225 612 2252 ducem
626 2227 788 2259 Aminadab,
808 2230 913 2257 exteris
927 2231 1012 2265 trepi-

228 2269 368 2302 dantibus,
397 2271 513 2305 primuni
539 2272 691 2307 ingressum
708 2283 768 2301 esse
794 2283 879 2306 mare,
899 2276 1012 2311 ideoque

231 2315 332 2341 tribum
347 2314 416 2342 Juda
425 2316 551 2350 deinceps
569 2316 654 2344 fuisse
669 2318 795 2352 primam.
811 2324 837 2346 et
851 2319 947 2347 ducem
963 2320 1013 2347 ali-

231 2367 320 2392 arum,
330 2362 574 2397 mcritamqueesse
589 2371 712 2398 regnum,
725 2368 751 2391 et
767 2364 818 2391 huc.
835 2366 917 2392 alludi
931 2367 1011 2395 Cant.

229 2414 267 2440 νι,
277 2407 306 2433 11
325 2408 436 2434 :Anima
448 2417 504 2435 mea
514 2409 678 2436 conturbavit
693 2419 732 2436 me
745 2415 849 2444 propter
868 2412 1011 2447 quadrigas

229 2453 389 2485 Aminadub;
403 2458 429 2481 et
443 2453 518 2482 Osem
535 2463 573 2486 ιιι,
591 2456 623 2482 12
640 2465 646 2483 :
667 2455 753 2483 ludas
775 2462 861 2483 autem
880 2458 1012 2486 descendit

231 2499 304 2525 testis
321 2507 379 2525 cum
399 2499 460 2531 Deo,
479 2504 504 2527 et
523 2509 581 2527 cum
599 2502 697 2529 sanctis
712 2501 807 2537 ﬁdelis.
830 2503 1012 2539 Hieronymus

230 2545 403 2573 traditionem
428 2547 498 2574 hanc
517 2547 634 2574 fabulam
659 2552 747 2576 vocat.
777 2550 863 2584 llujus
880 2552 1012 2579 transitus

230 2592 357 2626 vestigia,
377 2596 404 2618 et
428 2596 532 2620 tractus
560 2602 689 2621 curruum
714 2600 890 2631 rotarumque
908 2598 1012 2625 orbitas

231 2645 352 2669 manere.
379 2640 554 2674 repararique
580 2645 636 2667 tnui
653 2650 679 2668 ιιι
700 2642 797 2673 littore,
818 2647 873 2669 tum
902 2643 928 2670 in
954 2644 1012 2678 ipso

231 2683 299 2710 mari
325 2683 418 2711 Rubro
439 2686 522 2713 tradit
536 2686 659 2719 Orosius,
681 2689 726 2716 lib.
753 2697 779 2720 ι,
793 2697 852 2723 cap.
869 2689 918 2723 10;
942 2690 1013 2718 idem

232 2727 351 2755 insinuat
375 2729 509 2758 Diodorus
529 2732 555 2758 in
569 2732 677 2760 Catena.
698 2733 764 2761 lllud
781 2734 843 2761 item
869 2735 1013 2762 ridiculum

231 2776 283 2804 est,
309 2773 543 2810 pseudo-Moysem
563 2778 706 2812 quemdam
726 2778 894 2813 Cretensem,
915 2780 1014 2809 Mosai-

1063 2178 1164 2214 Moysis
1175 2199 1181 2208 ν
1195 2185 1220 2206 et
1236 2180 1313 2207 rabbi
1329 2180 1437 2207 Samuel
1460 2181 1666 2208 Marrochianus
1681 2182 1730 2209 lib.
1749 2182 1784 2209 De
1801 2182 1844 2209 ad-

1062 2231 1138 2252 ventu
1160 2225 1274 2256 Messiat.
1292 2234 1371 2260 quem
1386 2226 1470 2253 Judaei
1491 2232 1592 2254 temere
1607 2234 1779 2262 exspectant.
1793 2229 1843 2256 haec

1063 2271 1143 2298 habet
1157 2279 1216 2305 cap.
1231 2272 1263 2298 12
1281 2281 1287 2298 :
1307 2272 1341 2298 De
1354 2272 1444 2307 Moyse
1456 2273 1534 2299 etiam
1550 2279 1646 2300 nonest
1663 2273 1842 2305 dubitandum,

1062 2318 1123 2352 quin
1135 2318 1167 2343 sit
1189 2318 1215 2344 in
1235 2318 1298 2344 cmla
1315 2319 1341 2344 in
1365 2326 1472 2353 corpore
1489 2323 1513 2345 et
1528 2321 1627 2350 anima,
1648 2325 1676 2346 ut
1698 2320 1762 2346 dicit
1782 2321 1843 2348 Deu-

1064 2367 1111 2389 ter.
1127 2370 1219 2396 xxxw,
1232 2363 1267 2390 6:
1288 2373 1296 2388 ι
1310 2364 1384 2390 Dixit
1393 2364 1462 2391 Deus
1476 2365 1510 2391 ad
1531 2364 1648 2399 Maysem
1667 2373 1677 2391 :
1693 2367 1807 2393 Attende
1819 2367 1841 2393 in

1063 2415 1176 2436 montem
1188 2415 1273 2441 nocte,
1284 2415 1309 2437 et
1321 2419 1420 2437 morere
1431 2411 1476 2442 ibi,
1485 2415 1509 2438 ιιι
1520 2412 1638 2438 ascendit
1649 2412 1677 2438 in
1687 2418 1807 2444 montem,
1820 2418 1840 2440 et

1063 2459 1180 2481 mortuus
1191 2460 1228 2482 cst
1238 2455 1273 2481 ibi
1286 2463 1295 2487 ;
1306 2461 1330 2482 et
1344 2457 1532 2483 nescivit/mmo
1544 2458 1694 2492 sepulcrum
1705 2459 1761 2492 ejus
1771 2467 1841 2492 usque

1062 2501 1089 2527 in
1105 2501 1259 2528 hodiernum
1276 2502 1355 2528 diem.
1371 2512 1379 2527 )
1397 2501 1428 2528 Et
1446 2502 1508 2537 quid
1521 2503 1668 2537 significat,
1685 2505 1755 2538 quod
1764 2504 1842 2537 sepul-

1062 2554 1135 2573 crum
1147 2547 1202 2580 ejus
1216 2551 1253 2573 est
1267 2547 1382 2581 ignotum
1392 2548 1417 2573 in
1431 2552 1510 2578 terra.
1523 2556 1581 2574 cum
1594 2549 1648 2582 ipse
1660 2549 1712 2582 fuit
1729 2550 1842 2583 propheta

1063 2593 1159 2627 major,
1181 2598 1204 2620 et
1220 2594 1337 2620 sanctior
1352 2594 1423 2626 aliis,
1445 2595 1496 2621 nisi
1516 2594 1584 2626 quod
1601 2595 1670 2622 Deus
1687 2596 1841 2623 resuscitarit

1063 2647 1131 2672 eum,
1147 2644 1171 2665 et
1192 2641 1333 2673 assumpsit
1352 2648 1411 2667 cum
1432 2641 1456 2667 in
1479 2649 1597 2675 corpore,
1621 2646 1647 2668 et
1670 2643 1772 2674 anima,
1783 2643 1842 2669 sicut

1064 2685 1131 2711 alios
1141 2685 1227 2718 justas
1244 2687 1394 2720 assumpsit,
1411 2691 1434 2713 et
1449 2686 1556 2714 elevavit
1568 2687 1602 2713 ad
1616 2688 1706 2714 locum
1717 2689 1761 2715 ubi
1773 2689 1842 2715 sunt?

1099 2731 1178 2762 lbid.,
1205 2732 1253 2759 lin.
1270 2733 1314 2759 5‘3.
1343 2733 1397 2760 Kal.
1415 2733 1514 2768 ἐξάγει
1535 2735 1599 2761 τόν.
1627 2735 1785 2769 Artapanus
1799 2733 1841 2761 He-

1065 2779 1151 2807 braeos
1169 2788 1216 2815 per
1234 2780 1342 2816 triginta
1359 2789 1445 2809 annos
1468 2782 1494 2809 in
1513 2783 1622 2810 deserto
1636 2787 1754 2818 vagatus
1767 2783 1841 2810 fuisse
