1900 3070
63 54 139 83 ίοδι

587 55 620 83 ΙΝ
640 56 825 84 EUSTATHH
841 56 1077 84 HEXAEMERON
1096 57 1211 86 NOTAE.

1636 59 1704 86 1062

62 111 168 139 scribit
185 122 192 140 :
208 112 279 144 Τοὺς
296 112 326 139 δὲ
344 112 495 144 Ἰουδαίους,
525 112 707 148 διαφυγόντας
738 115 784 143 τὺν
809 116 837 142 xi

917 123 1042 150 superior
1052 115 1184 148 substitit,
1193 119 1220 144 et
1233 116 1374 148 intumuit,
1383 117 1495 145 assidue
1504 118 1584 153 aquis
1594 117 1706 146 alﬂuen'

61 157 160 190 δυνον,
180 158 329 194 τριάκοντα
345 158 392 193 ἔτη
416 158 445 183 ἐν
459 159 492 193 τῇ
517 158 614 194 ὲρήμῳ
629 158 779 195 διατρῖψαι,
803 159 866 196 βρέ-

62 212 165 239 χοντος
177 205 270 236 αὺτοῖς
280 204 326 230 τοῦ
341 203 408 230 Θεοῦ
424 204 538 239 κρίμνον
555 205 647 240 ὅμοιον
665 204 767 241 ὲλύμῳ,
795 205 865 240 χιόνι

62 251 266 286 παραπλήσιον
281 250 330 286 τὴν
347 251 440 285 χρόαν.

104 295 165 322 Col.
178 296 240 328 789,
254 296 292 323 lin
316 296 361 323 54.
373 298 405 323 οι
419 297 474 332 γὰρ
482 297 580 331 χάριν.
591 298 739 333 Antiquam
752 307 864 334 peregre

62 341 210 376 proﬁciscr
239 342 381 377 religionis
409 350 474 378 ergo
505 344 628 371 meminit
663 348 690 372 et
717 344 863 380 Gregorius

64 388 213 424 Nyssenus
235 389 274 416 De
292 389 353 416 Vita
367 389 396 417 S.
411 389 540 418 Macrinw
562 391 671 427 virginis
683 400 692 419 :
704 392 816 424 Πάντως
835 393 862 419 δὲ

62 434 118 461 οὐκ
139 435 311 470 ὰμνημονεῐς
334 435 384 471 τῆς
404 436 561 471 συντυχίας,
587 437 631 464 ὅτε
657 438 718 464 κατ’
731 438 813 474 εὐχὴν
833 440 863 466 ὲν

69 479 284 516 Ἱεροσολύμοις,
310 481 452 517 ἐπιφοιτᾷν
476 482 591 518 μέλλων,
607 481 682 517 ὲφ’ᾧ
705 483 740 510 τὰ
762 486 861 520 σημεῖα

62 525 116 560 τῆς
131 525 179 552 τοῦ
192 526 296 561 Κυρίου
315 526 360 552 διὰ
376 527 477 562 σαρκὸς
493 527 639 563 ἐπιδημίας
653 530 682 556 ὲν
695 529 750 561 τοῖς
765 529 861 561 τύποις

63 570 133 597 ιεείν
154 571 322 607 συνέδραμόν
339 580 379 598 σοι
395 572 466 599 κατὰ
479 572 528 608 τὴν
547 573 684 608 Ἀντιόχου
699 574 787 600 πόλιν.

97 615 184 648 lbid.,
200 617 248 644 lin.
266 616 310 645 57.
330 617 366 643 Td
379 625 410 643 τε
425 618 547 645 Σιναῖον
561 617 639 652 ὄρος.
659 618 697 646 De
711 623 804 647 monte
821 619 860 647 Si-

60 662 121 694 nai,
145 662 263 698 ejusque
286 663 354 690 locis
372 664 459 691 sacris
487 664 565 698 plura
588 663 686 692 Petrus
707 664 857 696 Bcllonius.

61 708 288 736 Observationum
301 709 348 736 lib.
367 717 464 744 u,cap.
481 709 515 736 62
527 713 554 737 et
570 718 640 745 seq.,
653 711 687 738 de
703 718 759 746 quo
773 712 858 739 multa

59 762 151 782 sacrae
163 755 393 790 litterze,insignis
406 756 452 783 ille
464 756 571 790 quidem
585 759 611 784 et
629 755 676 784 Dei
689 765 751 783 cum
765 756 858 792 Moyse

916 161 1006 194 tibus;
1022 169 1084 189 cum
1097 169 1162 189 vero
1176 163 1341 190 transissent
1353 162 1458 190 Hebraei
1470 171 1526 190 non
1539 164 1642 196 subito,
1656 165 1704 192 sed

916 207 1018 234 sensim
1043 207 1189 239 delumuit,
1209 211 1236 235 et
1262 207 1384 241 deﬂuxit,
1407 216 1442 236 ne
1464 216 1538 244 ripas
1550 214 1704 246 etjcampes

914 253 1059 286 obrueret;
1085 253 1177 286 tertio,
1196 253 1224 280 in
1246 255 1314 281 mari
1335 254 1471 282 submersi
1487 260 1551 282 sunt
1567 255 1700 291 Egyptii.

914 298 1006 326 nullus
1020 305 1084 326 vero
1097 306 1205 327 mersus
1222 303 1264 326 est
1281 299 1309 326 in
1323 298 1458 333 Iordane;
1471 305 1579 335 quarto,
1594 302 1619 328 in
1633 301 1702 328 mari

915 342 985 372 Deus
1000 344 1113 372 immisit
1130 349 1252 379 ventum,
1269 345 1303 373 ad
1322 345 1435 372 fundum
1450 346 1575 373 limosum
1592 347 1701 374 siccan-

913 390 987 423 dum,
1000 391 1026 418 id
1040 399 1104 419 vero
1116 399 1170 419 non
1186 391 1251 419 fecit
1266 391 1293 419 in
1309 390 1438 424 Iordane,
1451 392 1516 426 quia
1531 393 1591 427 ejus
1606 394 1701 422 alveus

912 441 954 464 est
971 445 1086 472 parvus,
1100 442 1127 465 el
1144 445 1287 466 arenosus.

947 482 1026 516 lbid.,
1053 484 1102 510 lin.
1132 484 1156 511 7.
1189 484 1325 518 Ἐπὶτὴν
1342 484 1462 519 ’1εριχώ.
1478 483 1611 520 Iosephus
1622 485 1700 513 Anti-

911 529 976 563 quil.
993 528 1040 555 lib.
1061 536 1098 562 tv,
1118 537 1178 565 cap.
1193 530 1209 557 5
1222 539 1229 557 :
1247 530 1328 561 Πόλις
1338 529 1366 555 δέ
1379 531 1452 556 ἐστιν
1465 530 1598 565 εὐδαίμων
1619 531 1698 567 αὕτη,

911 573 1034 608 φοίνικάς
1055 583 1085 601 τε
1101 575 1193 610 φέρειν
1222 575 1321 611 ἀγαθὴ,
1337 576 1383 602 καὶ
1400 575 1538 610 βάλσαμον
1551 576 1698 612 νεμομένη.

909 619 1037 655 Ejusdem
1067 622 1273 657 topographiam
1300 622 1385 650 babes
1414 622 1485 657 apud
1509 624 1633 650 eumdem
1661 623 1699 650 De

910 666 976 694 bello
986 666 1051 694 Jud.
1068 667 1086 695 1.
1097 676 1123 700 ν,
1139 676 1166 696 c.
1185 667 1237 699 9.6;
1252 667 1406 695 brocardus
1432 668 1582 696 monachus
1605 668 1631 695 in
1650 668 1698 696 De-

908 712 1049 746 scriptione
1073 712 1160 739 Terra:
1172 717 1272 739 sancta
1289 721 1299 739 :
1316 712 1383 740 Item
1402 721 1418 739 a
1431 711 1543 748 Calgala
1561 721 1606 747 per
1619 707 1697 741 unum

909 757 1009 785 [eutam
1022 763 1114 786 contra
1130 760 1256 786 orientem
1272 764 1309 785 est
1325 760 1378 786 sila
1392 758 1509 791 Jericlio,
1524 761 1617 787 ciuitas
1635 761 1698 788 olim

58 801 224 836 colloquiis,
240 806 263 828 et
274 801 341 829 locis
357 802 408 837 piis
433 803 576 837 sacrisque
592 802 627 830 ad
643 803 716 829 hunc
727 803 797 831 diem
810 803 858 830 llo-
874 789 893 817 Β
909 804 1025 838 fanwsa,
1052 813 1120 832 nunc
1147 809 1234 832 autem
1250 804 1327 832 habet
1341 809 1399 832 acta
1419 805 1524 840 domos,
1541 807 1583 833 vix
1603 815 1697 834 nomen

59 847 206 879 rentibus,
225 854 276 874 nec
290 854 345 874 non
360 848 459 875 nobilis
474 848 543 875 diva:
559 848 712 876 Calherinze
731 856 855 884 corpore,

57 896 88 919 et
107 893 228 919 aliorum
242 897 398 920 sanctorum
417 893 525 921 duobus
552 894 742 922 cacuminibus
760 894 856 923 divisis

57 940 187 974 assurgit
203 939 290 967 solido
302 948 382 972 saxo,
394 944 421 968 et
435 941 572 968 variorum
584 942 706 969 colorum
722 942 854 976 granulis,

56 993 126 1022 quas
147 986 272 1014 diversas
293 986 394 1021 ﬁguras
411 986 531 1024 efficiunt
554 986 695 1019 distincto,
721 988 856 1015 excelsior

58 1040 129 1067 pars
151 1040 252 1060 nomen
281 1033 368 1066 Sinai,
385 1033 542 1068 depressior
567 1032 656 1061 lloreb
673 1037 798 1069 occupat.
824 1033 854 1061 In

58 1078 158 1106 llorcb
174 1077 259 1114 Moysi
280 1079 322 1106 lex
338 1079 412 1113 data,
430 1079 458 1106 in
474 1086 529 1114 quo
549 1083 576 1106 et
591 1080 680 1107 adhuc
695 1080 723 1107 in
736 1088 855 1108 marmo-

57 1130 110 1150 reo
127 1123 217 1158 lapide
242 1123 342 1159 Moysis
363 1123 463 1159 elIigies
486 1124 654 1159 conspicitur
666 1125 700 1151 ad
721 1126 853 1152 amussim

57 1169 211 1203 impressa.
230 1170 257 1196 ln
274 1168 339 1196 Sina
355 1177 455 1204 corpus
476 1174 578 1197 sancta:
593 1169 748 1197 Catherinae
759 1170 793 1197 ab
805 1178 854 1197 an-

56 1216 131 1249 gelis
146 1215 318 1249 deportatum
334 1219 385 1247 est,
402 1215 473 1250 quod
490 1223 635 1250 progressu
651 1216 780 1250 temporis
794 1224 853 1243 mo-

56 1260 144 1287 nachi
159 1261 260 1288 montis
276 1261 376 1287 accolae
389 1261 417 1287 in
432 1262 513 1287 imam
528 1266 633 1295 partem
647 1261 746 1288 montis
763 1260 852 1289 Horeb

55 1307 243 1342 deportarunt
269 1311 298 1334 ut
312 1311 401 1334 tutum
430 1307 465 1334 ab
485 1307 612 1335 hostibus
634 1311 848 1334 conservarent:

55 1355 151 1380 multa
165 1358 230 1381 sunt
248 1354 274 1380 in
292 1354 343 1380 hoc
366 1358 458 1381 monte
480 1353 648 1380 admirabilia
669 1353 715 1380 illa
730 1354 849 1388 quidem,

56 1400 237 1435 maximaque
256 1407 309 1426 non
331 1400 441 1435 indigna
463 1400 709 1428 animadversione.
731 1399 793 1427 llam
813 1401 850 1428 le-

55 1451 120 1473 ctor
143 1447 192 1473 tibi
219 1447 391 1473 communico
422 1449 485 1481 typo
508 1446 619 1479 montis,
644 1454 724 1481 quem
752 1447 817 1474 olim
833 1453 848 1473 a
863 1466 883 1494 Ο

55 1493 206 1519 monachis
225 1492 287 1519 inde
306 1492 419 1519 Romam
437 1491 606 1519 venientibus
621 1493 724 1527 accepi,
740 1496 766 1520 et
781 1492 848 1519 alio-

55 1546 121 1565 rum
145 1538 311 1569 testimonio,
335 1538 381 1573 qui
401 1538 460 1565 loca
476 1539 520 1565 illa
542 1539 702 1570 inviserunt,
727 1540 847 1574 apprime

56 1584 134 1615 ﬁdo;
159 1585 217 1611 loca
237 1585 464 1619 quemadmodum
487 1585 529 1612 his
550 1585 717 1620 temporibus
741 1593 846 1612 nuncu-

54 1634 161 1664 pantur
179 1628 205 1655 in
224 1629 298 1656 calce
314 1629 437 1664 exposui.

93 1674 179 1704 lbid.,
197 1674 244 1700 lin.
262 1674 305 1701 57.
330 1675 401 1708 llap'
415 1670 438 1706 ᾧ
458 1673 512 1707 τὰς
526 1674 714 1709 νομοθεσίας.
729 1674 845 1702 Crassus

54 1727 139 1747 error
166 1720 311 1746 Alexandri
339 1720 530 1755 Polyhistoris,
554 1721 599 1755 qui
626 1721 672 1752 ait,
695 1722 766 1755 apud
793 1721 845 1748 lle-

54 1765 148 1793 braaos
169 1765 308 1791 mulierem
329 1764 473 1799 quamdam
496 1764 578 1800 μωσὼ
598 1764 692 1796 fuisse.
709 1773 769 1800 quze
785 1773 844 1793 eam

54 1810 145 1845 legem
167 1809 286 1844 scripsit.
305 1816 358 1843 qua
382 1807 468 1836 Iudati
494 1814 619 1840 utuntur,
640 1809 691 1836 hoc
717 1814 758 1837 est
787 1809 844 1837 Mo-

54 1857 160 1882 saicam
173 1855 257 1890 legem
273 1853 428 1881 Iudaeorum
450 1861 503 1880 non
519 1853 646 1889 aMoyse,
658 1861 737 1888 quem
754 1854 844 1881 nullus

55 1902 98 1927 vel
115 1901 149 1928 de
165 1901 242 1935 plebe
261 1901 400 1930 minimus,
426 1900 471 1935 qui
490 1899 598 1934 quidem
618 1899 725 1926 Iudaeos
741 1905 842 1931 nosset,

54 1947 187 1982 ignorare
202 1947 300 1981 potuit,
316 1947 363 1974 sed
380 1947 413 1974 ab
434 1947 485 1973 hac
504 1946 618 1973 muliere
632 1945 730 1973 dictam
747 1946 841 1973 fuisse.

90 1991 173 2026 ibid.,
193 1993 242 2020 lin.
262 1993 308 2021 40.
332 1993 482 2028 Ζητητέον
501 1992 535 2019 δὲ
552 1994 579 2020 οὶ
592 1992 618 2020 ἐ.
634 1991 715 2019 Plura
740 1993 774 2020 de
794 1993 843 2019 hac

53 2039 255 2071 controversia,
279 2043 307 2066 et
334 2048 466 2067 annorum
494 2039 690 2075 supputatione
714 2038 842 2065 eruditis-

53 2086 124 2113 sime
149 2085 246 2113 scribit
269 2085 395 2112 Pererius
415 2086 442 2112 iu
461 2094 519 2121 cap.
550 2094 584 2113 xv
616 2085 706 2112 Gener.
733 2085 759 2111 in
789 2092 841 2120 qua

909 850 979 877 villa:
997 851 1104 878 sortita.

942 895 1023 928 lbid.,
1039 897 1088 924 lin.
1107 897 1149 924 Η.
1173 896 1227 924 Καὶ
1241 896 1325 924 πᾶσα
1346 896 1386 929 τῷ
1410 897 1517 931 Κυρίῳ.
1545 896 1693 932 Iosephus,

906 942 995 978 Antiq.
1015 943 1062 970 lib.
1077 951 1103 974 v,
1122 951 1182 978 cap.
1199 944 1211 970 1
1229 943 1379 979 εἈπειρον
1392 942 1419 969 δέ
1440 951 1466 970 τι
1481 943 1582 978 πλῆθος
1599 945 1630 970 ἐκ
1645 943 1695 978 τῆς

905 987 1031 1019 ἁλώσεως
1043 987 1248 1024 συναθροίζεται
1267 988 1387 1024 ἀργύρου
1408 997 1437 1015 τε
1454 988 1501 1015 καὶ
1517 988 1628 1024 χρυσοῦ,
1647 989 1694 1015 καὶ

905 1033 1016 1067 προσέτι
1033 1033 1143 1068 χαλκοῦ,
1167 1033 1279 1069 μηδενὸς
1296 1033 1468 1069 παραϐάντος
1487 1033 1521 1061 τὰ
1545 1033 1694 1069 δεδογμένα

906 1077 966 1113 μηδ’
995 1078 1035 1109 εἷς
1056 1078 1122 1105 ἰδίαν
1145 1078 1278 1113 ὠφέλειαν
1298 1079 1367 1107 αὐτὰ
1390 1079 1622 1115 διαπερσαμένων.
1638 1081 1693 1107 Καὶ

903 1123 990 1150 ταῦτα
1008 1123 1057 1158 μὲν
1073 1123 1177 1160 Ἰησοῦς
1192 1126 1249 1156 τοῖς
1266 1125 1382 1161 ἱερεῦσιν
1405 1126 1444 1157 εἰς
1461 1126 1525 1157 τοὺς
1537 1125 1691 1161 Θησαυροὺς

903 1169 1070 1204 παραδίδωσι
1085 1169 1260 1197 καταθέσθαι.

937 1213 1017 1247 lhid.,
1036 1215 1084 1242 lin.
1101 1215 1144 1242 15.
1164 1215 1224 1250 Τὴν
1238 1217 1327 1243 πόλιν
1343 1217 1423 1244 Οῠαῑῐ
1443 1216 1513 1245 Fuse
1527 1217 1583 1244 hzec
1599 1217 1689 1244 omnia

901 1261 1076 1295 prosequitur
1089 1259 1235 1296 Iosephus,
1249 1263 1349 1296 Antiq.,
1367 1262 1425 1288 loco
1442 1262 1469 1289 d.

936 1305 1016 1337 lbid.,
1028 1305 1129 1333 lin.2l.
1141 1308 1173 1332 Οἱ
1187 1306 1220 1332 δὲ
1236 1306 1535 1334 ΓαϐαωνῖταιΈοάριῐι
1551 1307 1631 1334 habet
1641 1306 1688 1334 Io-

902 1351 1016 1385 sophus,
1032 1352 1117 1378 latius
1133 1355 1222 1379 tamen
1239 1360 1270 1379 ea
1285 1357 1389 1379 narrat.
1417 1343 1419 1345 ί

935 1396 1015 1430 lbid.,
1030 1397 1078 1424 lin.
1091 1398 1135 1425 40.
1146 1399 1308 1433 ὀργισθεὶς
1321 1398 1365 1426 δέ.
1379 1397 1478 1425 Eadem
1485 1398 1618 1434 Iosephus
1629 1399 1688 1426 loco

900 1440 983 1468 dicto.

933 1486 1016 1520 lhid.,
1026 1487 1075 1514 lin.
1087 1487 1130 1515 5‘2.
1145 1488 1251 1516 Ἰναὸὲ
1259 1489 1372 1516 τέλεον.
1385 1489 1535 1524 Iosephus:
1546 1489 1629 1516 Ἔνθα
1642 1491 1687 1516 καὶ

897 1532 947 1568 τὴν
963 1534 1008 1560 τοῦ
1026 1533 1093 1560 Θεοῦ
1103 1535 1263 1570 συνεργείαν
1278 1535 1388 1570 ἔμαθεν,
1400 1536 1584 1571 ἐπιμήναντος
1598 1535 1684 1562 αὐτοῦ

898 1579 1020 1615 βρονταῖς
1035 1589 1063 1607 τε
1078 1580 1124 1607 καὶ
1138 1581 1279 1616 κεραυνῶν
1296 1582 1401 1615 ἀφέσει,
1415 1582 1460 1607 καὶ
1471 1582 1592 1617 χαλάζης
1604 1591 1686 1608 κατα-

898 1625 966 1660 φορᾷ
977 1625 1097 1660 μείζονος
1108 1626 1158 1661 τῆς
1173 1627 1377 1662 συνήθους.“Έτι
1390 1635 1421 1661 γε
1435 1627 1487 1662 μὴν
1503 1628 1549 1654 καὶ
1560 1628 1607 1662 τὴν
1619 1629 1685 1663 ἡμέ-

897 1679 946 1706 ραν
959 1670 1106 1706 αὐξηθῆναι
1121 1672 1211 1704 πλέον,
1223 1673 1295 1698 ώσὰν
1315 1671 1350 1708 μὴ
1362 1673 1548 1700 καταλαϐοῦσα
1562 1674 1610 1707 νὺξ
1625 1675 1684 1700 ἐπι-

896 1718 969 1752 σχεῖν
985 1716 1033 1751 τὴν
1048 1717 1102 1743 τῶν
1114 1717 1246 1753 Ἐὸραίων
1262 1718 1416 1754 προθυμίαν
1430 1720 1584 1747 συνέπεσεν.
1604 1720 1683 1746 Ὥστε

895 1763 941 1789 καὶ
958 1762 1088 1797 λαμϐάνει
1111 1763 1160 1790 οὒκ
1177 1763 1303 1797 βασιλέας
1325 1764 1427 1799 Ἰησοῦς
1443 1764 1471 1791 ἓν
1495 1774 1547 1791 τινι
1562 1774 1681 1800 κρυπτο-

895 1808 992 1843 μένους
1007 1808 1132 1843 σπηλαίῳ
1145 1808 1214 1835 κατὰ
1229 1809 1365 1844 Μακχιδὰ,
1378 1809 1424 1836 καὶ
1443 1809 1550 1842 κολάζει
1568 1809 1680 1842 πάντας.

895 1853 955 1879 ’Ότι
975 1854 1004 1880 δὲ
1019 1853 1049 1879 τὸ
1065 1855 1150 1889 μῆκος
1170 1854 1219 1888 τῆς
1240 1854 1347 1889 ἡμέρας
1367 1854 1486 1881 ἐπέδωκε
1502 1855 1560 1880 τότε
1574 1855 1621 1881 κα).
1634 1855 1681 1881 τοῦ

895 1900 1027 1935 συνήθους
1048 1899 1194 1926 ἐπλεόνασε
1210 1898 1336 1935 δηλοῦται
1357 1900 1400 1927 διὰ
1424 1899 1477 1926 τῶν
1496 1900 1680 1936 ἀνακειμένων

893 1945 922 1971 ὲν
932 1944 970 1980 τῷ
985 1945 1050 1980 ἱερῷ
1068 1945 1250 1980 γραμμάτων.

928 1991 1007 2023 lbid.,
1036 1992 1082 2018 liti.
1098 1991 1141 2018 54.
1161 1991 1280 2025 Στήσας
1299 1991 1352 2018 τὸν
1368 1991 1465 2026 ἣλιον.
1481 1991 1602 2020 Ioannes
1623 1992 1677 2020 Ke~

892 2037 984 2072 plerus
1001 2038 1027 2064 in
1045 2037 1247 2065 iutroductioue
1261 2037 1294 2065 ad
1312 2045 1390 2065 suam
1411 2038 1606 2066 Astranomiam
1629 2048 1676 2066 no-

892 2091 960 2115 vam,
972 2087 1000 2110 ut
1020 2084 1147 2118 probaret
1168 2087 1269 2111 terram
1284 2085 1396 2116 moveri,
1408 2085 1491 2112 solem
1502 2089 1585 2116 stare,
1601 2085 1676 2117 dicit,

53 2131 176 2165 reliquas
199 2131 313 2158 aliorum
336 2132 485 2158 sententias
504 2131 685 2158 examinando
701 2130 739 2157 uti
758 2130 840 2157 falsas
858 2137 878 2163 ι)
892 2129 1013 2164 quotidie
1029 2137 1078 2157 nos
1092 2129 1176 2156 multa
1195 2129 1267 2164 loqui
1283 2137 1344 2156 cum
1359 2131 1499 2157 oculorum
1512 2139 1605 2162 sensu,
1618 2139 1677 2166 quae

51 2182 79 2204 et
105 2177 141 2204 ad
164 2176 348 2204 dillicultatem
369 2176 422 2203 loci
444 2176 516 2203 illius
542 2175 729 2211 explicandam
746 2183 842 2211 parum

52 2225 167 2252 idoneas
187 2225 295 2257 refellit,
318 2230 345 2252 et
368 2225 440 2252 hanc
455 2224 542 2252 nostri
558 2225 681 2252 auctoris
695 2225 734 2252 uti
755 2225 841 2260 legiti-

53 2272 160 2303 timam,
184 2279 331 2305 veramque
354 2270 485 2302 defendit,
509 2270 606 2298 solidis
632 2270 794 2299 rationibus.
815 2274 842 2298 et

51 2321 212 2344 sanctorum
239 2316 349 2343 Patrum
375 2316 586 2343 auctoritatibus
614 2315 748 2343 adductis.
773 2314 840 2343 Vide

51 2363 132 2390 etiam
149 2361 365 2396 Genebrardum,
381 2366 408 2389 et
426 2362 544 2388 Delrium
566 2362 593 2388 in
608 2370 664 2396 cap.
683 2369 719 2387 xv
746 2359 836 2388 Cenes.

83 2408 144 2436 Col.
161 2408 222 2440 792,
244 2408 293 2435 lin.
317 2408 344 2436 5.
368 2407 420 2435 Διὰ
433 2407 486 2434 τοῦ
497 2406 659 2441 Ἰορδάνου.
674 2406 836 2434 Divisionem

52 2456 137 2481 maris
152 2453 238 2480 Rubri
258 2458 377 2488 quatuor
394 2453 548 2480 rationibus
559 2453 718 2480 dissimilem
737 2460 752 2478 a
766 2451 837 2478 divi-

52 2499 131 2526 sione
155 2499 206 2525 hac
226 2506 358 2533 aquarum
386 2497 514 2525 Iordanis
539 2498 624 2524 tradit
652 2495 796 2524 Cornelius
821 2503 837 2522 a

51 2543 153 2580 Lapide
168 2545 194 2570 in
210 2551 256 2571 xtv
270 2552 328 2578 cap.
344 2543 429 2571 Exod.
441 2543 551 2570 :Primo
567 2543 636 2570 ineo
646 2541 718 2577 quod
737 2541 836 2569 divisio

50 2591 135 2618 maris
158 2590 230 2617 facta
252 2595 294 2617 est
311 2597 359 2625 per
377 2589 494 2625 Moysem
517 2588 708 2615 extendentem
725 2588 752 2614 in
769 2587 834 2614 illud

49 2644 127 2664 suam
156 2636 278 2671 virgam;
295 2636 393 2662 divisio
416 2643 480 2662 vero
494 2633 622 2661 Iordanis
644 2633 714 2660 facta
731 2638 772 2661 est
787 2641 835 2667 per

49 2682 222 2718 praesentiam
247 2689 317 2708 arcae
337 2681 461 2713 Domini;
479 2679 611 2711 secundo,
627 2680 654 2706 in
680 2679 748 2705 mari
765 2679 834 2705 diri-

48 2738 84 2757 διν
102 2735 179 2763 aqua:
192 2727 320 2762 utrinque
333 2727 411 2762 quasi
425 2726 495 2754 muri
516 2726 714 2757 constiterunt;
736 2725 763 2751 in
776 2723 834 2751 Ior-

46 2777 117 2803 dane
138 2782 203 2803 vero
223 2773 336 2801 inferior
349 2781 412 2808 pars
432 2772 542 2800 deﬂuxit
554 2772 580 2798 in
595 2779 669 2798 mare
685 2770 830 2804 Mortuum,

893 2179 968 2202 certo
982 2175 1084 2203 scimus
1099 2175 1180 2202 aliter
1195 2183 1225 2202 se
1240 2175 1339 2203 habere
1353 2185 1361 2208 ς
1377 2180 1404 2203 et
1419 2176 1490 2203 hunc
1513 2176 1621 2202 modum
1636 2176 1676 2202 lo-

892 2221 993 2256 quendi
1010 2221 1092 2248 etiam
1108 2228 1169 2248 esse
1181 2220 1301 2252 Christo,
1315 2225 1342 2247 et
1354 2220 1452 2248 divinae
1466 2221 1614 2256 Scriptum
1635 2222 1676 2248 fa—

891 2266 1039 2299 miliarem;
1055 2267 1205 2301 loquuntur
1221 2267 1293 2293 enim
1305 2274 1367 2294 cum
1381 2266 1538 2294 hominibus
1555 2267 1676 2293 humano

891 2313 982 2346 modo,
998 2317 1027 2340 ut
1040 2313 1073 2340 ab
1086 2312 1243 2339 hominibus
1257 2312 1454 2346 percipiantur,
1471 2316 1499 2340 et
1511 2316 1624 2339 utuntur
1641 2313 1674 2340 iis

891 2366 951 2393 quae
964 2363 1028 2386 sunt
1043 2358 1115 2393 apud
1129 2358 1251 2385 homines
1265 2357 1293 2384 in
1308 2357 1444 2389 confesso,
1460 2358 1492 2384 ad
1510 2357 1673 2385 insinuanda

890 2405 943 2431 alia
971 2405 1130 2432 sublimiora
1151 2409 1177 2431 et
1193 2403 1295 2436 divitia,
1311 2407 1338 2430 et
1354 2403 1485 2438 exemplis
1497 2411 1580 2431 sacrae
1600 2403 1675 2430 Scri-

888 2453 975 2483 pturae
992 2450 1180 2477 demonstrare
1203 2453 1336 2482 conatur;
1351 2449 1422 2476 inter
1446 2457 1477 2476 ea
1505 2449 1542 2475 ita
1558 2450 1674 2484 explicat

888 2495 961 2522 hunc
984 2495 1085 2526 locum,
1100 2500 1128 2522 ut
1141 2495 1231 2530 potius
1247 2495 1413 2522 contrarium
1426 2502 1487 2521 esse
1500 2494 1617 2529 quisque
1629 2494 1672 2521 in-

887 2541 1007 2575 telligat;
1027 2542 1165 2569 concludit
1183 2541 1256 2569 enim
1273 2531 1455 2568 tunc.tcrram
1474 2542 1592 2571 stetisse.
1611 2549 1671 2577 qua.

886 2587 998 2621 perenni
1012 2592 1087 2614 motu
1109 2588 1278 2619 movebatur,
1293 2595 1348 2615 non
1370 2587 1432 2614 item
1462 2588 1557 2614 soletn.
1583 2586 1670 2614 Verba

885 2633 944 2667 ejus
960 2637 1043 2660 sunt:
1061 2632 1152 2660 Facile
1169 2638 1255 2660 autem
1268 2633 1337 2660 Deus
1356 2641 1388 2661 ex
1402 2633 1484 2660 Iosue
1508 2633 1670 2667 verbis,qu:‘f.’

885 2679 908 2705 is
925 2678 1009 2708 relict.
1030 2679 1160 2705 intellexit
1178 2681 1372 2714 :prwslilitque
1392 2679 1500 2706 inhibito
1522 2684 1592 2705 motu
1616 2683 1669 2705 ter-

884 2733 931 2756 τω,
949 2730 976 2751 ut
995 2724 1036 2751 illi
1049 2729 1121 2752 stare
1133 2725 1263 2752 videretur
1275 2726 1325 2752 sol.
1343 2726 1482 2753 Petilianis
1495 2726 1561 2752 enim
1579 2723 1670 2751 Josun:

885 2778 988 2798 summa
1014 2770 1062 2797 huc
1077 2770 1189 2803 redibat,
1205 2775 1233 2797 ut
1260 2771 1308 2798 hoc
1335 2772 1372 2798 sic
1399 2771 1450 2798 sibi
1471 2770 1553 2798 videri
1570 2775 1667 2805 posset,
