1900 3070
244 103 313 130 1065

901 101 1023 129 LEONIS
1044 102 1183 128 ALLATll

1803 98 1866 125 ιῡδι

240 160 367 195 quidquid
382 161 486 187 interim
503 167 588 194 esset;
603 162 696 196 quippe
712 161 759 187 hoc
779 161 860 187 uideri
873 168 979 192 vanum,
1001 164 1026 186 et
1041 167 1064 194 Α
1079 159 1122 185 ubi
1157 158 1307 193 prodigiosa
1339 157 1494 192 Adargartis
1526 156 1665 192 [emendat
1694 154 1866 181 Ramiresins

241 207 346 233 irritum
357 214 408 233 non
422 206 484 240 fuit,
505 206 549 233 sed
565 207 734 242 conjunctum
751 215 809 233 cum
820 206 912 240 e/fectu
922 210 1023 240 optato.

242 252 314 278 Dura
330 259 395 279 sane
420 251 574 279 divinarum
588 252 741 279 litterarum
765 252 910 287 expositio,
928 256 956 278 et
969 251 1025 278 dis-

241 300 327 331 torta;
354 298 480 332 quamvis
508 299 581 326 enim
614 299 755 330 sciamus,
786 298 936 332 saepissime
967 305 1024 328 eas,

242 350 318 370 more
332 343 471 370 hominum
487 345 572 370 multa
588 343 722 379 proferre.
736 351 797 379 qua:
820 342 898 370 aliter
913 349 974 370 esse
997 349 1027 369 re

243 393 317 416 certa
341 389 534 424 comperimus,
561 394 651 417 tamen
668 389 803 417 sententia
823 395 930 423 semper
949 388 1026 414 iirma

243 437 390 472 ﬁgurarum
411 445 442 464 ac
459 437 626 464 schematum
639 436 734 464 modos
746 436 920 472 exponimus,
932 435 1026 469 sicque

242 483 325 510 rebus
338 490 399 510 esse
415 482 612 509 conformatam
623 481 863 517 deprehendimus,
877 485 905 507 at
916 481 943 507 in
960 488 1026 507 con-

243 529 357 556 trarium
371 536 481 556 sensum
497 528 658 563 detorquere
669 529 730 563 quis
743 536 816 555 sana:
828 527 928 555 mentis
940 525 1024 554 aude-

241 574 299 601 bit?
315 574 360 602 Sol
376 578 440 606 stat,
459 574 484 601 id
499 577 550 605 est,
563 578 636 601 terra
649 577 713 606 stat,
731 574 792 608 quis
814 573 841 600 id
852 572 960 601 credet?
976 571 1025 599 Sa-

241 621 355 648 nissima
367 628 475 655 semper
490 624 645 647 sanctorum
664 619 776 646 Patrum
791 619 935 654 expositio,
944 626 1025 653 quam

241 667 314 694 sicut
335 669 362 692 et
387 666 416 692 in
440 665 502 699 hoc,
516 665 552 692 ita
563 668 590 692 et
608 664 635 691 in
651 664 713 692 aliis
729 671 836 692 summa
851 663 1025 692 veneratione

241 711 442 745 amplectimur.

276 757 335 784 Col.
349 757 409 788 794,
429 757 476 783 lin.
492 757 517 783 7.
538 755 632 791 Ἀσὼρ
647 755 681 783 δὲ
698 757 714 783 ὁ
726 756 778 788 βα.
789 755 826 783 De
840 755 882 783 his
897 755 1024 782 omnibus

241 801 301 829 vide
313 801 460 836 Josephum
481 802 555 828 dicto
572 802 632 828 loco
645 809 652 834 ;
668 801 701 828 de
716 801 850 828 divisione
862 804 942 827 terra:
954 799 1026 827 Cha-

1078 202 1232 238 Adargatis]
1250 202 1350 228 ercis
1370 207 1457 228 autent
1473 200 1583 227 Dercelo
1598 200 1672 226 dicta
1687 199 1799 225 colitur.
1819 198 1867 225 Sa-

1077 250 1189 281 natque,
1203 250 1233 273 ut
1261 247 1319 281 ipse
1347 245 1495 276 existimat,
1510 245 1600 271 locum
1614 243 1689 270 Petri
1705 241 1806 269 Crinili
1823 242 1866 267 lib.

1077 299 1123 318 xtv
1154 290 1193 317 De
1228 290 1338 316 honesta
1360 289 1466 322 discip.,
1491 296 1549 323 cap.
1573 287 1607 319 8,
1647 286 1792 322 Syriarum
1822 285 1868 312 dea

1077 337 1231 372 Adagartis,
1255 334 1386 362 mutando
1408 335 1436 362 in
1461 333 1613 369 Adargatis.
1638 332 1705 365 Quae
1729 331 1868 358 correctio

1077 383 1202 419 quamvis
1229 386 1319 414 acuta,
1342 381 1424 408 nimis
1446 388 1513 408 sane
1535 380 1729 415 superstitiosa
1744 377 1866 405 videtur.

1078 428 1123 456 Sic
1146 429 1218 456 enim
1233 432 1322 455 textus
1340 435 1434 455 omnes
1457 427 1631 462 antiquorum
1656 429 1751 453 essent
1774 424 1866 451 inver-

1076 475 1162 507 tendi,
1182 477 1212 502 ut
1240 482 1325 502 unum
1351 474 1395 501 vel
1415 474 1530 501 alterum
1554 472 1778 504 emendaremus,
1805 477 1867 497 cum

1076 523 1168 547 tamen
1184 519 1259 546 nulla
1272 518 1425 547 necessitas
1453 522 1559 553 urgeat.
1584 517 1686 544 Demus
1701 516 1776 543 enim
1797 515 1867 549 apud

1077 564 1171 601 Syrios
1185 564 1329 599 Adardaga
1344 564 1398 591 dici
1410 564 1523 599 piscem,
1539 563 1636 591 ideone
1648 566 1676 590 et
1695 562 1767 589 hanc
1787 562 1865 588 deam

1075 611 1113 638 ita
1136 614 1320 646 nuncupatam
1345 609 1554 641 afﬁrmabimus,
1571 608 1646 635 nulla
1666 607 1768 639 littera,
1791 606 1865 633 nulla

1076 657 1178 692 syllaba
1206 656 1369 683 immutata?
1393 655 1447 682 Sed
1468 658 1527 682 esto
1548 654 1602 686 ita;
1622 653 1721 681 ideone
1744 657 1771 680 et
1795 652 1865 687 apud

1075 700 1194 734 Graecos,
1213 701 1270 728 sive
1285 701 1367 728 etiam
1383 699 1521 727 Romanos
1536 700 1611 734 ipsos
1626 699 1664 726 ita
1681 698 1785 726 debere
1803 706 1865 734 pro—

1076 747 1197 774 nuntiari
1218 747 1391 774 evincemur?
1414 746 1502 774 Verba
1523 746 1597 773 dura
1610 753 1643 773 ac
1663 753 1762 781 aspera
1779 745 1866 772 emol—

1076 793 1145 820 liunt
1163 791 1260 825 Graeci,
1277 791 1458 827 Romanique,
1474 795 1502 818 et
1527 791 1669 818 barbarica
1693 791 1741 817 illa
1763 790 1794 817 in
1808 798 1863 818 me-

241 854 312 873 naan
324 846 452 874 distincte
467 847 558 873 omnia
581 847 708 881 leguntur
724 846 751 873 in
767 846 854 873 sacris
875 846 995 873 Litteris.
1034 850 1055 877 Β
1069 840 1164 867 liorem
1184 838 1287 874 frugem
1317 839 1461 871 ΐθάιιοιιῐιῑ»
1490 837 1731 872 politioribusque.
1754 841 1785 863 ιιι
1813 837 1861 871 iPSi

276 891 410 923 lbid.,llin.
420 891 464 919 45.
480 891 519 925 Τῇ
527 891 680 926 Ἀστάρτη.
691 891 1024 923 Astarte.vetustissnnum

242 937 326 972 Syria:
353 945 454 964 numen
482 936 568 964 fuisse
588 940 663 963 notat
675 936 871 968 Tertullianus,
888 936 1023 971 Apologet.

239 991 300 1019 cap.
313 984 357 1016 24,
377 983 520 1018 Unicuique
544 984 624 1010 etiam
650 983 791 1017 provincia:
806 988 829 1009 et
847 983 947 1010 ciuitati
961 991 1024 1010 suus

240 1032 303 1057 deus
327 1035 377 1062 est,
401 1034 430 1056 ut
454 1029 540 1064 Syr-ite
562 1030 693 1057 Astartes.
707 1029 898 1057 Artemidorus
915 1029 1025 1057 Oneiro-

241 1078 300 1104 crit.
327 1077 376 1104 lib.
398 1085 416 1109 ι,
433 1084 483 1111 cap
515 1076 543 1108 9,
565 1075 671 1111 Ἰχθύας
696 1076 794 1107 πάντες
818 1075 936 1102 ἐσθίουσι
956 1075 1024 1111 πλὴν

239 1123 332 1159 Σύρων
348 1123 428 1149 τινῶν
440 1123 494 1148 τῶν
516 1122 564 1158 τὴν
579 1123 729 1157 Ἀστάρτην
740 1121 902 1157 σεϐομένων.
913 1122 1025 1150 Constat

241 1176 273 1194 ex
286 1168 441 1201 Plutarcho,
458 1167 542 1203 Syros
563 1167 668 1203 Syriam
685 1167 762 1194 deam
788 1167 918 1198 coluisse,
946 1168 1024 1202 cujus

240 1214 293 1241 [ilia
321 1222 383 1241 cum
406 1214 463 1241 haec
484 1214 649 1245 crederetur,
666 1214 735 1241 nihil
751 1214 850 1240 mirum
868 1214 952 1250 Syros
966 1222 1024 1242 eam

240 1260 366 1287 coluisse.
403 1259 576 1287 thnicibus
603 1264 631 1287 et
655 1259 774 1298 Sidoniis
806 1259 852 1287 alii
891 1260 1024 1288 tribuunt.

240 1306 357 1332 Achilles
374 1305 470 1333 Tatius
483 1306 560 1332 initio
573 1305 620 1333 lib.
636 1314 643 1332 ι
665 1315 671 1332 :
688 1305 819 1332 Ἐνταῦθα
833 1314 907 1341 ηκων
918 1307 950 1332 ἐκ
964 1306 1027 1333 πολ-

239 1351 284 1378 λοῦ
303 1351 445 1386 χειμῶνος,
462 1350 615 1386 Σώστρατε,
634 1351 710 1378 ἔθυον
724 1352 832 1387 ἐμαυτῷ
849 1354 881 1388 τῇ
895 1352 949 1380 τῶν
964 1353 1026 1379 Φοι-

241 1397 330 1423 νίκων·
351 1396 477 1423 καλοῦσιν
500 1396 584 1432 αὐτὴν
605 1397 753 1433 Ἀστάρτην
769 1399 793 1424 oi
810 1397 939 1426 Σιδώνιοι.
964 1398 1026 1425 Sui-

239 1442 288 1468 das
305 1451 311 1468 :
329 1441 462 1476 Ἀστὰρτη
481 1443 497 1476 ἡ
511 1442 577 1477 παρ’
588 1442 713 1477 ’Ἓλλησιν
730 1442 870 1478 Ἀφροδίτη
881 1443 1024 1479 λεγομένη.

239 1486 299 1518 θεὸς
317 1486 459 1513 Σιδωνίων.
473 1485 591 1514 Joannes
605 1486 759 1522 Xiphilinus
775 1488 899 1515 oratione
913 1488 951 1515 De
961 1489 1025 1515 ado-

1076 885 1247 920 politissimis
1270 888 1335 912 sunt
1361 884 1503 916 moribus,
1534 884 1705 911 vestimentis
1735 883 1862 913 induunt.

1076 936 1188 958 accentu
1214 931 1328 962 scilicet,
1359 937 1439 963 sono,
1463 929 1697 965 pronuntiatione,
1726 928 1861 955 numeris.

1076 976 1146 1010 Quid
1171 977 1270 1003 mirum
1296 976 1319 1004 si
1337 975 1470 1012 Syrorum
1495 975 1649 1010 Adardaga,
1666 975 1694 1001 in
1711 975 1862 1009 Atargatint

1076 1023 1184 1057 abierit,
1203 1022 1353 1058 praesertim
1382 1023 1419 1050 ita
1441 1022 1578 1049 scribente
1593 1021 1681 1048 l‘linio
1696 1021 1758 1048 loco
1779 1021 1861 1054 dicto,

1076 1072 1103 1096 et
1118 1073 1182 1096 ante
1204 1076 1265 1096 eum
1281 1068 1416 1096 Strabone
1441 1068 1488 1095 lib.
1507 1075 1563 1098 xw,
1577 1075 1611 1095 ex
1632 1075 1688 1102 quo
1702 1075 1754 1094 sua
1772 1067 1864 1094 habuit

1075 1114 1179 1143 Plinius
1189 1125 1195 1141 :
1205 1114 1378 1151 ’Υπέρκειται
1395 1115 1422 1141 δὲ
1438 1115 1484 1141 τοῦ
1498 1113 1620 1150 ποταμοῦ
1639 1114 1762 1149 σχοίνους
1774 1113 1864 1140 τέττα-

1077 1170 1126 1197 ρας
1143 1161 1268 1196 διέχουσα
1278 1162 1294 1196 ἡ
1306 1160 1448 1196 Βαμϐύκη,
1460 1161 1492 1196 ἦν
1511 1161 1557 1187 καὶ
1569 1160 1712 1191 Ἔδεσσαν,
1729 1161 1777 1186 καὶ
1792 1160 1863 1195 ἱερὰν

1076 1206 1152 1232 πόλιν
1178 1205 1316 1237 καλοῦσιν,
1339 1206 1369 1232 ἐν
1429 1205 1529 1241 τιμῶσι
1549 1206 1594 1232 τὸν
1607 1206 1707 1241 Συρίαν
1734 1205 1796 1231 θεὸν

1081 1251 1252 1287 Ἀταργάτιν,
1266 1260 1316 1278 nec
1328 1251 1456 1279 dissimili
1473 1253 1579 1278 ratione
1596 1259 1698 1279 nomen
1709 1252 1793 1279 etiam
1814 1252 1863 1286 ipsi

1075 1305 1109 1325 ex
1125 1297 1236 1333 Syriaco
1253 1297 1415 1331 deﬂectunt;
1433 1305 1466 1325 ex
1480 1297 1623 1333 Adardaga
1646 1306 1766 1332 namque
1783 1298 1860 1324 Atar-

1075 1344 1158 1378 gatim
1172 1343 1286 1375 faciunt,
1305 1343 1409 1370 meliori
1424 1351 1493 1371 sono
1512 1349 1592 1379 atque
1611 1344 1788 1371 formatione.
1810 1343 1861 1371 Nec

1076 1389 1128 1416 alia
1156 1390 1263 1417 ratione
1289 1390 1420 1423 voluisse,
1436 1391 1479 1417 vel
1495 1391 1616 1426 potuisse
1634 1391 1757 1418 scribere
1777 1390 1861 1418 Crini-

1076 1439 1146 1470 tum,
1170 1440 1196 1464 et
1225 1437 1304 1469 alios,
1321 1438 1368 1472 qui
1384 1438 1412 1464 in
1427 1437 1473 1465 illo
1489 1438 1580 1473 capite
1602 1438 1761 1471 laudantur,
1774 1439 1817 1465 vel
1830 1447 1860 1466 cx

1076 1490 1110 1510 eo
1134 1483 1195 1510 solo
1222 1483 1395 1511 manifestum
1423 1487 1475 1515 est.
1493 1484 1565 1519 quod
1592 1484 1740 1512 Strabonis
1763 1485 1857 1514 lorum.

239 1532 341 1557 ratione
354 1531 458 1562 crucis,
484 1531 537 1558 Καὶ
561 1532 786 1568 προσκυνήσασαν
808 1534 841 1568 τῇ
871 1533 1021 1569 Ἀστάρτῃ,

1075 1536 1155 1563 quem
1168 1536 1250 1564 supra
1266 1530 1438 1564 scripsimus,
1451 1529 1514 1557 dum
1529 1529 1574 1556 illa
1586 1530 1751 1563 scriberent,
1763 1530 1859 1557 habueo

238 1577 285 1603 καὶ
298 1577 336 1611 τῷ
348 1576 460 1611 Χαμὼς,
476 1577 490 1603 ὃ
510 1577 567 1603 ἐστι
582 1577 715 1604 Σιδωνίων
731 1577 877 1613 βδέλυγμα.
891 1578 1022 1614 Augusti-

238 1630 290 1649 nus
317 1622 423 1652 asserit,
443 1622 534 1657 lingua
556 1621 669 1654 Punica,
684 1630 744 1657 quae
757 1631 791 1651 ex
810 1623 922 1651 Hebr-ana
947 1629 1021 1656 nata,

237 1667 369 1695 Junoneu.
391 1668 449 1695 sine
460 1668 629 1696 dubitatione
641 1669 732 1696 vocari
747 1669 893 1702 Astartem,
908 1669 955 1697 lib.
973 1678 1021 1702 vn,

237 1717 333 1748 quaest.
349 1713 391 1740 16.
405 1713 494 1740 Multa:
507 1713 629 1742 Iunones
647 1714 797 1749 veteribus,
808 1714 878 1741 sicut
893 1719 919 1742 et
930 1714 1021 1748 Joves,

237 1762 264 1786 ct
279 1758 405 1792 Veneres,
426 1760 488 1787 inde
505 1759 617 1792 factum,
636 1764 666 1787 ut
691 1764 788 1794 quarta
816 1760 933 1788 Vcnusa
947 1761 1023 1796 Syris

237 1806 354 1838 Astarte,
369 1814 417 1833 seu
437 1806 564 1833 Astareth
577 1806 662 1842 Syria:
676 1811 703 1834 et
715 1805 779 1842 Tyri
797 1807 851 1834 ﬁlia
868 1812 1021 1840 vocaretur,

238 1857 306 1881 teste
320 1852 451 1879 Cicerone
466 1852 513 1879 lib.
526 1860 554 1879 ιιι
571 1852 609 1879 De
619 1858 674 1878 nat.
686 1853 758 1880 deor.
778 1853 951 1886 Quibusdam
965 1854 1022 1881 haec

238 1898 324 1931 Luna,
339 1906 386 1926 seu
399 1899 483 1925 Diana
495 1899 606 1926 credita.
621 1898 690 1925 Sunt
702 1900 748 1934 qui
765 1904 860 1934 putant
876 1908 934 1927 eam
950 1908 1021 1933 esse,

237 1950 297 1977 quae
319 1943 347 1969 in
371 1943 458 1970 sacris
473 1943 585 1970 Litteris
600 1946 625 1970 et
647 1944 783 1978 praecipue
798 1944 924 1972 Jutlicum
945 1954 972 1978 ι,
994 1947 1021 1978 6,

237 1989 366 2015 Astaroth
381 1988 491 2021 dicitur,
510 1992 536 2015 et
556 1988 602 2015 ubi
622 1988 655 2015 1V
672 1988 736 2024 Reg.
750 1998 816 2017 xxnt
828 2010 835 2021 ,
849 1991 881 2018 15
903 1991 1020 2026 legitur:

239 2033 304 2065 Qua.-
321 2033 497 2067 wdiﬁcaverat
511 2033 635 2060 Salomon
649 2042 695 2061 rex
706 2034 792 2061 Israel
806 2035 933 2063 Astarotlt
950 2037 1022 2065 idolo

238 2077 421 2110 Sidaniorum,
440 2078 616 2114 Septuaginta
634 2080 790 2112 vertunt,8v
802 2081 957 2117 ᾠκοδόμησε
971 2083 1023 2109 Σα-

238 2123 326 2158 λομὼν
342 2123 466 2158 βασιλεὺς
485 2124 590 2160 Ἰσραὴλ
610 2126 643 2160 τῇ
666 2125 810 2162 Ἀστάρτη,
825 2127 865 2154 sic
879 2128 951 2154 enim
972 2137 1021 2163 pu-

237 2172 295 2195 tant
311 2168 464 2204 legendum,
481 2177 534 2196 non
552 2169 676 2206 ’Λσάλτῃ.
692 2171 733 2204 Et,
744 2172 754 2198 Ι
766 2171 831 2207 Reg.
843 2181 918 2204 χχιιι,
930 2174 1022 2201 1οεΕι

235 2219 377 2248 posuerunt
401 2222 476 2241 arma
499 2215 555 2246 eius
574 2216 600 2242 in
621 2218 714 2250 te-nplo
731 2217 883 2246 Astharoth.
903 2219 1014 2254 Septua~

236 2260 322 2294 ginta,
335 2259 390 2285 Kal.
406 2259 540 2296 ἀνέθηκαν
552 2260 585 2286 τὰ
597 2261 680 2297 σκεύη
693 2263 775 2290 αὐτοῦ
796 2264 835 2295 εἰς
852 2264 882 2290 τὸ
906 2265 1020 2301 ’Λσταρ-

237 2305 318 2336 τεῖον,
332 2304 377 2330 ubi
395 2303 486 2331 Schol.
502 2305 541 2336 εἰς
555 2305 584 2331 τὸ
602 2306 672 2341 ἱερὸν
686 2307 735 2342 τῆς
756 2307 914 2344 ’Δστάρτης.
938 2309 1023 2337 Sonat

237 2349 396 2377 Phoenicum
424 2350 515 2386 lingua
541 2350 646 2387 Greges,
666 2352 747 2387 μῆλα,
761 2357 788 2380 et
807 2354 878 2388 apud
894 2354 1022 2384 Hebraeos

237 2395 330 2422 eadem
346 2403 411 2422 voce
425 2395 612 2430 proferuntur,
625 2397 730 2432 Greges,
742 2403 769 2426 et
783 2401 926 2432 Astarath;
938 2409 1022 2436 quare

238 2439 321 2466 David
340 2439 442 2472 Kimhi,
469 2444 496 2467 et
517 2440 639 2469 Marinus
667 2441 813 2470 Brixianus
845 2446 1022 2479 suspicantur

237 2485 339 2512 idolum
359 2485 443 2512 fuisse
461 2485 546 2520 ﬁgura
564 2487 634 2518 Ovis,
653 2488 690 2514 ita
710 2488 845 2517 referente
859 2489 963 2519 Joanne
977 2492 1021 2519 Pi-

236 2529 305 2556 neda
321 2530 366 2557 lib.
378 2539 414 2558 vn
424 2530 462 2557 De
471 2531 546 2558 rebus
557 2531 676 2564 Solam,
691 2541 716 2560 c.
729 2534 773 2566 Η,
785 2543 859 2562 num.
877 2536 904 2565 2.
920 2537 1020 2567 Graecis

237 2575 347 2602 Dei-ceto
373 2575 427 2603 dici
452 2577 558 2608 volunt,
585 2585 652 2605 voce
670 2579 798 2607 nimiruln
814 2581 917 2609 detorta
936 2592 950 2611 a
971 2585 1020 2620 Sy-

237 2622 309 2647 riaca
337 2621 493 2657 Adardaga,
521 2630 574 2658 qua
612 2624 650 2650 illi
689 2625 788 2659 piscem
816 2628 1017 2661 signiﬁcabant.

236 2665 326 2698 Quare
348 2666 512 2695 Laurentius
536 2668 703 2698 Rantiresius
727 2672 754 2698 in
783 2672 1017 2710 Pentecoularclto,

236 2719 296 2745 cap.
310 2712 356 2744 2|,
375 2714 486 2749 corrigit
505 2714 684 2747 Macrobium.
704 2718 750 2745 lib.
766 2727 783 2751 ι,
802 2727 862 2754 cap.
879 2722 923 2754 2i,
942 2724 1018 2757 Apud

237 2765 299 2790 quos
316 2757 420 2786 Veneris
438 2760 593 2792 Architidis,
607 2767 632 2789 et
645 2762 743 2791 Adonis
761 2767 885 2799 maxime,
902 2772 955 2795 ctc.
980 2770 1017 2796 lix

237 2800 316 2828 Plinii
329 2802 376 2829 lib.
391 2811 418 2830 vt
437 2804 503 2832 Nat.
520 2805 594 2840 hish,
612 2815 636 2835 c.
658 2809 703 2843 ‘23,
725 2810 811 2845 Syriis
828 2821 887 2840 vero
907 2813 1015 2851 Magng,

1073 1574 1128 1600 rint
1139 1581 1194 1609 pra:
1206 1575 1310 1608 oculis;
1324 1576 1360 1602 ibi
1375 1576 1446 1603 enim
1453 1575 1590 1610 Atargatis
1599 1576 1708 1611 legitur.
1716 1576 1758 1603 En
1770 1577 1857 1611 singu-

1072 1620 1130 1647 lare
1141 1620 1174 1648 de
1188 1620 1240 1648 hac
1253 1622 1402 1649 mutatione
1413 1621 1555 1650 Strabonis
1565 1623 1754 1650 testimonium
1772 1623 1798 1649 in
1812 1623 1857 1650 fine

1072 1665 1137 1692 dicti
1152 1665 1227 1697 libri,
1243 1667 1276 1692 Ai.
1288 1667 1315 1693 δὲ
1326 1667 1379 1693 τῶν
1388 1667 1524 1702 ὀνομάτων
1539 1668 1740 1703 μεταπτώσεις,
1751 1669 1798 1695 καὶ
1813 1670 1858 1704 μά-

1072 1710 1150 1738 λιστα
1157 1711 1210 1738 τῶν
1224 1712 1395 1749 βαρὸαρικὼν
1414 1714 1519 1745 πολλαὶ,
1532 1714 1658 1750 καθάπερ
1667 1715 1714 1742 τὸν
1725 1717 1858 1751 Δαριήκην

1072 1757 1182 1793 Δαρεῖον
1196 1758 1338 1792 ἐκάλεσαν,
1352 1759 1401 1794 τὴν
1412 1759 1440 1786 δὲ
1455 1760 1582 1796 Πάρζιλιν
1591 1761 1761 1797 Παρυσάτιν,
1770 1762 1858 1797 Ἀταρ-

1073 1802 1158 1838 γατὴν
1168 1803 1196 1829 δὲ
1212 1803 1282 1838 (lego
1299 1804 1472 1839 Ἀταργάτιν,
1487 1806 1529 1832 vel
1554 1806 1730 1841 Ἀτεργάτιν,
1744 1811 1774 1833 ιιι
1783 1814 1856 1841 supe-

1072 1847 1130 1874 rius
1156 1848 1214 1882 ipse
1237 1849 1394 1884 scripserat,
1419 1851 1472 1879 nisi
1496 1852 1565 1879 velis
1594 1852 1782 1888 Ἀταργάτην)
1812 1854 1855 1887 τήν

1078 1892 1207 1928 Ἀθάραν,
1218 1894 1343 1930 Δερκετὼ
1356 1895 1383 1922 δὲ
1397 1896 1481 1931 αὐτὴν
1499 1897 1622 1932 Κτησίας
1639 1898 1726 1924 καλεῖ.
1739 1899 1854 1925 Astartes

1073 1937 1136 1965 item
1156 1939 1305 1966 meminere
1331 1939 1468 1972 Elianus,
1490 1940 1586 1968 Cicero
1608 1941 1648 1969 De
1671 1947 1765 1969 natur.
1777 1943 1852 1974 deat,

1072 1982 1256 2011 Tertullianus
1284 1985 1311 2011 in
1335 1985 1444 2021 Apolog.
1460 1994 1520 2021 cap.
1542 1986 1589 2017 24.
1603 1986 1744 2022 Iosephus
1769 1993 1851 2014 contra

1072 2028 1366 2062 Appionem,Eusebius
1380 2031 1418 2058 De
1436 2033 1628 2067 praeparatione
1650 2034 1769 2069 evangel.
1782 2035 1851 2065 lih.t,

1072 2081 1133 2108 cap.
1159 2074 1185 2102 2.
1222 2074 1389 2110 Epiphanius
1414 2085 1447 2104 ex
1473 2078 1587 2105 aliorum
1613 2079 1746 2113 opinione
1772 2080 1852 2114 prodit

1073 2125 1176 2154 patrem
1191 2120 1387 2148 Melchisedech
1406 2122 1508 2150 dictum
1532 2123 1616 2151 fuisse
1631 2123 1788 2157 Heraclam,
1803 2132 1852 2152 nia-

1073 2170 1140 2192 trem
1153 2173 1216 2193 vero
1235 2167 1375 2194 Astaroth.

1109 2211 1188 2244 lbid.,
1218 2213 1267 2239 lin.
1291 2213 1336 2240 45.
1365 2214 1413 2247 Ὠς
1438 2215 1487 2241 ἐπὶ
1506 2217 1671 2243 mmmam.
1685 2217 1715 2244 lu
1731 2218 1811 2245 malis
1829 2223 1849 2243 et

1073 2257 1273 2286 calamitatibus
1294 2259 1328 2286 ad
1348 2259 1431 2286 Deum
1453 2261 1634 2296 ccelestesque
1658 2263 1756 2289 auxilii
1777 2270 1849 2290 causa

1073 2303 1256 2338 confugimus,
1273 2305 1378 2340 hocque
1393 2306 1513 2334 solemne
1524 2311 1566 2334 est
1578 2308 1719 2336 omnibus.
1729 2308 1849 2345 Virgilius

1072 2349 1180 2377 lEneid.
1193 2351 1239 2379 lib.
1255 2359 1262 2378 t
1274 2361 1281 2379 :

1074 2404 1180 2444 [nterea
1194 2406 1368 2444 aditemplum
1385 2418 1436 2436 non
1453 2418 1534 2444 (aqua:
1549 2409 1673 2436 Palladis
1697 2411 1773 2438 ibant

1073 2439 1197 2479 Qrinibus
1214 2439 1314 2479 Iliades
1327 2445 1424 2478 passis,
1444 2439 1596 2479 peplumque
1611 2445 1745 2479 ferebant,

1072 2474 1230 2509 Suppliciter
1250 2474 1348 2512 tristes,
1363 2484 1389 2505 et
1406 2474 1490 2507 tulisti:
1505 2474 1616 2514 peciare.
1626 2481 1737 2514 palmis.

1072 2520 1105 2546 Et
1120 2521 1157 2548 lib
1181 2529 1200 2548 ιι
1217 2531 1223 2549 :

1072 2565 1128 2606 Ijee
1143 2575 1195 2606 non
1209 2567 1243 2593 ad
1259 2570 1392 2603 templum.
1405 2579 1572 2606 summasque
1588 2571 1623 2598 ad
1645 2572 1772 2600 Palladis
1786 2582 1848 2600 artes

1070 2600 1226 2641 Subt-e/titur
1241 2600 1336 2641 magna
1352 2611 1465 2632 matrum
1483 2600 1572 2641 regina
1586 2612 1695 2634 caterua

1070 2635 1146 2678 ροηα
1160 2637 1256 2678 ferens,
1271 2635 1400 2678 jitajtaque
1417 2649 1501 2668 comes
1510 2635 1627 2669 "Lavinia
1650 2643 1723 2678 uirgo

1070 2669 1165 2697 σανίδα
1176 2673 1240 2700 ntali
1254 2669 1331 2702 tunti.

1071 2726 1216 2756 Sallustius
1240 2729 1266 2755 in
1284 2729 1421 2766 Conjurat.
1434 2731 1558 2760 Catilinw
1575 2742 1584 2760 :
1601 2734 1644 2761 Ad
1659 2735 1709 2762 hoc
1723 2737 1844 2763 multem.

1068 2772 1160 2806 quibus
1177 2782 1223 2808 pro
1242 2777 1419 2809 magnitudine
1436 2778 1497 2805 belli
1522 2779 1600 2806 timor
1621 2781 1750 2808 insolitus
1773 2782 1844 2808 inces-

1068 2824 1148 2852 serat,
1163 2821 1293 2855 afﬂictare
1308 2833 1372 2858 sese,
1386 2833 1478 2853 rnanus
1494 2827 1622 2861 supplices
1639 2828 1675 2855 ad
1689 2830 1780 2856 ctrlum
1797 2834 1830 2855 tm
