1900 3070
230 91 294 118 Η)ϋῖ

830 90 897 117 Tl'l‘l
919 88 1134 117 BOS’I‘RENSIS
1153 89 1305 117 EPISCGPI

1789 93 1851 121 1068

227 155 254 178 ct
268 158 389 178 errorem
405 150 564 177 idololatrian
576 149 708 177 recoleret
722 157 753 177 ac
765 155 918 180 renovaret.
932 161 941 176 ι
954 155 1008 178 etc.
1025 154 1048 182 Α
1062 159 1124 178 nam
1148 156 1174 179 et
1196 158 1257 178 cum
1278 149 1354 177 Novo
1378 149 1552 177 Testamento
1584 157 1737 186 congruere
1762 150 1849 182 docet,

265 196 305 223 lll.
340 196 425 223 Porro
455 196 483 222 in
514 201 630 230 quatuor
655 196 741 223 libros
769 196 919 231 dispescuit
944 204 1012 231 opus

227 249 307 269 Suum
321 241 476 269 Bostrensis
490 240 614 273 antistes,
630 248 698 275 quos
720 241 800 275 [artes
817 242 935 276 appellat
951 241 1014 269 Hie-

228 294 358 322 ronymus
372 286 422 322 (a),
435 291 461 314 et
475 286 573 322 legisse
596 287 703 314 videtur
719 286 888 322 Epiphanius
905 287 943 322 (b)
967 287 1014 322 qui

228 333 364 360 scribebat
379 340 452 359 anno
467 332 537 365 576,
562 335 590 359 ut
611 332 728 360 advertit
757 332 950 359 Tillemontius
967 331 1012 367 (τ).

228 380 280 407 Eos
305 380 368 406 item
394 381 527 405 memorat
555 378 626 412 apud
652 377 777 405 Photium
799 377 837 412 (τι)
861 376 1014 412 Stephanus

227 425 351 452 Gobarus
365 424 507 455 tritheita,
530 423 577 458 qui
604 426 631 450 et
660 423 790 450 nonnulla
812 423 875 450 inde
893 423 1013 458 profert;

227 477 333 496 necnon
351 468 528 496 Heraclianus
551 466 781 496 Chalcedonensis
800 468 959 503 episcopus,
986 472 1016 495 ut

227 521 323 543 auctor
336 521 379 543 est
399 515 470 542 idem
487 514 599 542 Photius
617 514 662 549 (e).
687 513 789 542 Verum
819 522 871 541 non
898 519 940 542 cst
971 515 1015 542 hic

227 562 295 589 illud
323 561 521 592 omittendum,
548 560 619 593 quod
647 560 758 587 adnotat
778 560 935 596 \Basnagius
958 561 1014 596 (f):

227 609 300 636 hunc
316 607 444 634 nimirum
455 607 597 641 praesulem
606 606 869 639 Chalcedonensem,
880 607 927 641 qui
941 607 1015 634 circa

225 659 348 689 tempora
363 653 502 680 Anastasii
523 652 698 688 imperatoris
713 653 846 680 claruisse
865 652 952 679 fertur
966 652 1014 687 (9‘),

226 704 254 727 et
268 699 348 734 cujus
363 699 495 726 doctrina:
509 699 608 734 placita
622 703 716 726 saneto
731 698 849 725 Maximo
862 698 935 725 haud
953 705 1015 733 pro-

227 746 289 772 bata
306 745 392 772 fuisse
407 745 590 779 comperimus
606 744 655 779 (It),
670 743 761 771 Titum
779 744 952 771 Bostrensem
973 751 1016 771 re-

227 793 368 827 darguere,
385 791 457 825 quod
475 790 598 817 scribens
613 790 743 818 adversus
771 788 875 816 Addam
900 796 948 817 seu
967 796 1015 824 po-

226 837 281 864 tius
300 836 431 867 Buddam,
447 844 476 863 se
500 835 663 863 Mauichaaos
689 835 812 862 refelle-re
835 833 1010 863 existimarit.
1028 830 1049 857 Β

227 882 322 917 Iniqua
348 881 429 916 plane
453 888 579 908 censura.
606 880 660 908 Fac
681 881 753 908 enim
767 900 774 912 ,
797 871 918 907 Budd'am
947 883 1009 907 ante

226 929 316 962 ipsum
327 926 460 954 Manetem
478 926 612 953 haereseos
624 925 799 952 Manichaicaa
812 925 950 953 exstitisse
960 931 1010 951 au-

227 978 342 1006 ctorem,
354 978 401 1000 aut
415 973 439 1000 si
462 972 560 1006 mavis,
576 979 660 999 unum
678 979 711 1000 ex
726 971 870 1000 duodecim
885 969 1008 1006 ejusdem

228 1018 340 1045 litanetis
357 1017 499 1052 discipulis
514 1015 608 1047 fuisse,
627 1020 655 1043 ut
669 1024 702 1044 ex
723 1015 804 1044 Petro
816 1016 910 1043 Siculo
932 1016 965 1050 (i)
982 1019 1009 1042 et

226 1064 322 1092 Photio
348 1064 380 1098 (j)
404 1063 545 1091 erudimur
560 1073 566 1090 :
584 1071 646 1090 cum
665 1069 754 1090 tamen
772 1062 898 1097 discipuli
915 1070 1009 1089 erran-

226 1115 280 1138 tem
294 1109 421 1137 assectati
440 1109 616 1144 magistrum,
649 1109 676 1135 in
703 1108 847 1143 praecipuis
874 1107 1009 1142 capitibus

225 1155 398 1188 conveniant,
411 1154 534 1190 adeoque
555 1154 648 1182 Manes
673 1162 726 1181 nou
753 1161 832 1181 secus
851 1161 883 1180 ac
900 1153 1008 1180 Buddus

224 1201 364 1232 docuerit;
384 1208 437 1227 non
462 1205 520 1228 erat
543 1201 682 1228 enimvero
697 1207 746 1227 cur
761 1199 839 1227 Titus
853 1207 886 1228 eo
901 1200 1009 1227 nomine

224 1247 489 1282 reprehenderetur,
521 1247 567 1281 qui
597 1246 661 1273 dum
686 1245 806 1272 Diuidam
831 1246 1008 1281 perstrinxit,

225 1292 357 1320 Manetem
375 1300 482 1328 quoque
509 1292 595 1326 ipsum
613 1292 726 1327 ejusque
743 1297 890 1320 scitatores
913 1293 1009 1320 confu-

223 1343 296 1366 resse
310 1339 372 1374 jure
387 1339 489 1373 optimo
502 1338 682 1365 existimatur.

260 1383 304 1410 IV.
324 1383 364 1409 Ad
387 1383 534 1411 editionem
559 1382 631 1417 quod
657 1383 754 1411 attinet
776 1383 829 1410 Titi
854 1383 1009 1411 Bostrensis

224 1430 314 1464 operis
334 1429 457 1456 adversus
474 1429 645 1462 Manichwor,
663 1429 746 1457 libros
759 1433 814 1457 tres
829 1430 933 1464 priores
947 1437 1009 1456 cum

224 1475 337 1509 integris
352 1475 481 1501 librorum
499 1478 616 1508 quatuor
633 1475 811 1509 argumentis,
828 1475 934 1510 primus
949 1474 1006 1502 edi-

223 1520 264 1547 dit
280 1527 312 1547 ex
328 1520 455 1548 versione
474 1519 614 1547 Francisci
629 1519 757 1546 Turriani
774 1519 909 1547 Henricus
923 1519 1006 1546 Cani-

224 1566 282 1593 sius
302 1566 338 1601 (k)
359 1575 365 1592 :
382 1564 474 1592 Graaca
495 1573 560 1592 vero
576 1564 695 1593 Jacobus
712 1565 864 1600 Basnagius
882 1565 933 1601 (Ι),
958 1565 1005 1600 qui

222 1620 254 1639 ea
268 1620 301 1639 ex
311 1611 480 1639 bibliotheca:
493 1611 675 1638 Holsteniauaz
689 1611 900 1646 llamburgensis
912 1611 1005 1639 codice

223 1659 370 1694 descripta,
394 1658 491 1685 Juanui
515 1657 654 1685 Friderico
682 1657 838 1684 Wincklero
859 1657 942 1685 refert
957 1665 1004 1685 ac-

223 1708 320 1739 cepta:
343 1712 398 1739 quo
420 1704 530 1739 quidem
552 1703 580 1731 in
599 1704 693 1732 codice
711 1703 782 1731 haud
800 1704 877 1738 plura
895 1707 1005 1731 exstare

223 1749 357 1781 novim‘us,
375 1757 455 1784 quam
472 1757 531 1784 qua:
547 1750 627 1777 vertit
645 1749 770 1776 laudatus
783 1748 957 1782 Turrianus;
975 1754 1005 1776 ut

223 1800 364 1830 propterea
381 1796 515 1831 interpres
529 1796 571 1824 vel
586 1804 619 1823 eo
632 1795 692 1830 ipso
711 1795 874 1830 exenlplari,
895 1796 940 1823 vel
965 1795 1004 1823 ei-

221 1842 282 1868 dem
299 1842 381 1869 simili
399 1851 465 1869 usus
480 1843 563 1870 fuisse
579 1842 713 1870 videatur.
727 1842 847 1875 Quartus
868 1849 950 1877 porro
972 1842 1005 1868 li-

221 1887 269 1914 her
282 1891 355 1916 totus
374 1889 524 1916 intercidit.
551 1888 626 1916 Hanc
642 1893 732 1916 autem
754 1887 879 1923 Basnagii
905 1887 1004 1915 editio-

221 1942 282 1960 nem
296 1934 386 1962 minus
401 1939 528 1962 accurate
543 1934 627 1962 fuisse
644 1934 813 1966 adornatam,
830 1933 928 1960 merito
940 1941 1004 1961 cen—

220 1981 276 2008 suit
301 1980 397 2008 Petrus
417 1980 613 2016 Wesselingius
634 1980 666 2008 V.
691 1981 721 2007 C.
743 1981 785 2008 his
810 1980 900 2008 verbis
919 1980 967 2015 (m)
994 1989 1001 2007 :

223 2035 232 2051 α
256 2025 353 2053 lnserti
368 2031 442 2056 sunt.
458 2027 561 2061 inquit,
580 2026 736 2054 Canisianis
758 2025 925 2053 Lectionibus
948 2025 1002 2053 Titi

216 2071 386 2105 Ttostrensis,
412 2073 462 2100 viri
481 2073 517 2107 pii
534 2077 561 2100 et
571 2074 677 2109 egregie
692 2073 781 2105 docti,
797 2073 825 2099 in
840 2071 1001 2099 Manichaee:

220 2117 315 2152 scripti
332 2118 411 2150 libri;
428 2118 490 2150 sed.
511 2119 582 2154 quod
601 2119 734 2151 dolemus,
759 2118 841 2146 laceri
864 2123 889 2146 et
905 2118 1001 2153 spissis

1064 203 1126 224 esse
1152 196 1279 228 alienam,
1308 195 1459 230 referrique
1489 202 1613 231 oportere
1644 195 1678 223 ad
1699 204 1761 223 eam
1794 195 1851 223 libri

1064 241 1145 276 primi
1164 246 1280 276 partem,
1301 247 1354 275 qua
1375 241 1430 268 duo
1453 240 1572 275 ingenita
1592 241 1741 276 principia,
1772 241 1853 268 duas«

1064 294 1118 322 que
1134 286 1251 317 radices.
1268 286 1367 312 bonam
1383 285 1508 318 alteram,
1526 285 1639 321 alteram
1654 286 1767 317 malam.
1785 286 1853 313 unde

1065 332 1156 360 omnia
1176 331 1248 359 bona
1262 331 1386 366 malaque
1403 331 1563 365 prodierint,
1581 337 1731 367 oppugnat,
1752 332 1853 359 obiter-

1064 385 1117 413 que
1133 377 1270 405 hominem
1288 377 1334 404 Dei
1351 377 1444 412 optimi
1462 378 1573 404 maximi
1594 386 1656 405 esse
1672 386 1745 413 opus
1762 382 1853 405 osten-

1065 424 1114 451 dit.
1144 423 1213 451 Addi
1229 424 1312 451 etiam
1331 427 1358 452 et
1379 423 1525 451 editionem
1545 424 1733 451 condecorare
1748 425 1853 459 potuis-

1065 475 1127 499 sent
1150 471 1301 506 l‘ragmenta
1316 478 1347 498 ex
1370 470 1421 497 hoc
1443 468 1497 496 Titi
1516 478 1598 505 opere
1617 478 1632 497 a
1648 470 1753 498 Grauis
1776 470 1854 498 nobis

1065 521 1172 545 servata
1190 526 1197 544 :
1213 516 1366 552 cujusmodi
1384 520 1447 543 sunt
1468 516 1495 543 in
1511 516 1606 551 primis
1625 523 1656 543 ea
1674 524 1736 552 qu:e
1751 518 1853 543 exscri-

1064 563 1119 599 psit
1149 567 1246 590 auctor
1273 563 1469 590 Parallelorum
1499 571 1653 597 sacrorum,
1680 571 1743 598 qua:
1777 564 1853 599 vulgo

1064 607 1163 636 Joanni
1175 608 1341 636 Damasccno
1352 609 1520 640 tribuuntur,
1547 614 1573 636 et
1599 617 1614 636 e
1632 608 1852 644 Rupefucaldiuo

1065 655 1160 682 codice
1177 655 1286 690 vulgata
1305 659 1368 682 sunt
1391 662 1406 681 a
1423 653 1452 681 Ι).
1471 654 1601 682 Michacle
1618 655 1752 690 Lequiun.
1772 677 1778 682 .
1801 677 1808 683 .
1820 675 1829 683 .
1845 676 1851 682 .

1066 700 1133 728 Esse
1156 705 1246 729 autem
1262 701 1289 728 in
1306 700 1445 729 Parallelis
1465 701 1587 736 quaedam
1602 702 1777 729 emendatius
1793 710 1852 736 per-

1065 747 1178 781 scripta,
1203 755 1257 773 non
1272 750 1313 774 est
1327 750 1356 773 ut
1374 754 1497 775 moneam
1511 756 1516 774 :
1532 747 1589 782 ipsa
1605 747 1729 775 locorum
1744 748 1852 775 collatio

1066 800 1122 820 rem
1135 792 1328 825 manifestabit,
1351 802 1361 818 ι
1378 795 1431 820 etc.

1099 856 1131 884 V.
1152 857 1217 884 Viro
1232 857 1313 884 docto
1327 857 1449 884 monenti
1463 865 1566 885 morem
1583 859 1732 893 gessimus.
1749 859 1782 886 Et
1799 860 1853 894 pri-

1059 910 1133 930 mum
1154 903 1261 938 quidem
1276 903 1369 930 omnia
1383 904 1579 939 exscripsimus
1597 913 1658 939 qua:
1681 905 1708 932 in
1731 905 1852 932 Paralle-

1061 948 1094 975 lis
1112 947 1338 984 Rupel'ucaldinis
1359 953 1518 983 occurrunt,
1546 950 1579 977 ad
1597 954 1702 978 textum
1721 951 1777 978 Titi
1803 951 1852 978 Bo-

1060 995 1176 1022 strensis
1198 993 1323 1021 adversus
1340 993 1503 1022 Manirhmos
1521 996 1675 1031 evulgatum
1696 996 1755 1023 sive
1772 997 1852 1023 casti-

1061 1040 1178 1075 gandum
1195 1040 1252 1068 sive
1271 1041 1467 1075 supplendum;
1481 1049 1567 1076 eaque
1580 1041 1613 1068 ad
1629 1043 1735 1069 calcent
1757 1043 1851 1077 rejeci-

1061 1095 1122 1115 mus
1140 1097 1146 1114 :
1166 1095 1220 1122 quo
1234 1087 1341 1115 scilicet
1355 1088 1472 1123 quisque
1489 1088 1610 1115 locorum
1635 1088 1785 1115 collatione
1809 1089 1851 1116 in-

1061 1133 1167 1166 stituta,
1177 1134 1210 1161 de
1219 1133 1365 1160 lectionum
1378 1134 1492 1161 veritate
1505 1133 1638 1168 judicium
1653 1133 1736 1161 ferat.
1749 1133 1851 1160 Deinde

1060 1180 1169 1206 uotulas
1189 1180 1275 1206 textui
1298 1179 1475 1214 subjecimus,
1498 1179 1597 1214 quibus
1617 1182 1676 1206 tum
1700 1178 1852 1206 Parallelo-

1061 1231 1119 1249 rum
1144 1223 1203 1250 loca
1231 1223 1396 1257 iudicantur,
1421 1227 1477 1250 tum
1495 1224 1577 1251 etiam
1598 1223 1666 1251 locis
1682 1224 1790 1250 vexatis
1805 1229 1851 1250 aut

1060 1269 1198 1304 corruptis
1221 1269 1265 1296 lux
1283 1269 1443 1300 al‘fuuditur,
1465 1274 1510 1296 aut
1523 1269 1666 1304 integritas
1680 1270 1848 1297 restituitur.

1061 1313 1088 1341 lu
1114 1314 1184 1341 idem
1215 1319 1343 1349 pranerea
1366 1315 1511 1342 consilium
1533 1315 1666 1341 nonnulla
1698 1323 1797 1342 sumus
1819 1323 1850 1342 ex

1060 1359 1157 1387 Photio
1172 1360 1296 1387 mutuati.
1322 1360 1364 1387 Ad
1385 1360 1443 1387 haec
1458 1364 1577 1395 quatuor
1591 1360 1728 1387 librorum
1750 1361 1850 1396 integri

1061 1406 1153 1440 operis
1173 1405 1227 1432 Titi
1245 1410 1407 1440 argumenta
1429 1405 1610 1432 subdidimus.
1627 1405 1753 1441 Denique
1769 1407 1849 1433 trium

1061 1450 1237 1485 superstitum
1262 1450 1392 1477 librorum
1415 1450 1540 1477 lemmata
1563 1451 1778 1484 contexuimus,
1793 1451 1849 1486 qui.

1022 1497 1046 1527 (ι
1062 1496 1112 1523 bus
1129 1499 1292 1531 conspectus
1305 1496 1388 1523 totius
1404 1496 1495 1531 operis
1513 1496 1668 1524 exhibetur.

1092 1563 1136 1592 Vl.
1157 1563 1206 1592 His
1228 1571 1310 1599 porro
1336 1563 1428 1591 addita
1445 1566 1487 1591 est
1510 1563 1604 1594 Oratio
1617 1564 1644 1591 in
1665 1563 1769 1591 Ramos
1789 1566 1847 1598 pal-

1057 1617 1171 1642 marum,
1197 1617 1258 1645 quae
1281 1609 1333 1637 sub
1350 1609 1404 1636 Titi
1421 1608 1577 1637 Bostrensis
1593 1611 1707 1637 nomine
1729 1610 1848 1638 circum-

1055 1655 1151 1683 fertur.
1180 1655 1232 1688 Qui
1254 1663 1288 1683 ex
1311 1655 1406 1683 codice
1430 1655 1504 1691 regio
1520 1663 1580 1683 eam
1606 1655 1694 1683 edidit
1713 1656 1848 1684 Combeti-

1056 1701 1113 1728 sius
1130 1700 1167 1735 (u)
1183 1721 1190 1733 ,
1209 1701 1317 1728 dubitat
1334 1701 1395 1736 ejus
1410 1708 1444 1728 ne
1462 1701 1498 1729 sit
1512 1701 1545 1729 de
1558 1709 1613 1736 quo
1628 1701 1673 1729 hic
1693 1710 1800 1735 sermo,
1815 1711 1847 1730 an

1056 1754 1120 1774 vero
1138 1747 1250 1774 alterius
1268 1747 1399 1782 junioris.
1423 1748 1503 1783 cujus
1526 1746 1722 1776 Commentarii
1748 1750 1777 1776 in
1795 1749 1846 1777 Ls-

1054 1800 1113 1819 cam
1138 1801 1200 1821 esse
1222 1793 1359 1822 feruntur.
1384 1793 1519 1820 Nimirum
1538 1793 1608 1822 duos
1627 1794 1674 1822 ille
1693 1794 1777 1823 Titos
1799 1796 1846 1822 Bo-

1055 1843 1210 1866 strenorum
1232 1839 1376 1886 epjscopos
1394 1842 1564 1867 commentus
1583 1845 1647 1873 est;
1671 1848 1738 1867 cum
1757 1846 1845 1868 tamen

1054 1888 1160 1912 veteres
1176 1892 1259 1912 unum
1279 1889 1384 1912 tantum
1399 1889 1559 1920 agnoscant.
1571 1886 1644 1913 Alibi
1665 1890 1765 1914 autem
1778 1888 1843 1914 idem

1054 1929 1142 1958 editor
1159 1930 1226 1958 nihil
1244 1934 1337 1958 vetare
1349 1931 1388 1958 ait
1405 1931 1441 1966 (ο
1454 1931 1474 1967 )⁷
1490 1931 1530 1959 uti
1546 1939 1596 1959 nec
1611 1932 1720 1967 aliquid
1735 1940 1842 1969 cogere,

1055 1976 1121 2011 quin
1140 1976 1197 2004 hac
1212 1976 1271 2012 ipsa
1291 1977 1380 2004 oratio
1392 1978 1493 2005 seniori
1509 1978 1599 2006 detur.
1615 1977 1767 2014 Simulque
1784 1980 1843 2008 sub-

1053 2023 1093 2050 dit
1114 2032 1120 2050 :
1147 2032 1156 2048 ‹
1180 2022 1374 2059 Cujuscuuque
1397 2031 1461 2051 vero
1480 2024 1526 2056 sit,
1542 2031 1612 2059 opus
1631 2028 1674 2051 est
1693 2026 1840 2057 eruditum,

1053 2069 1169 2104 egregiis
1191 2069 1320 2097 refertum
1342 2070 1442 2101 sensis,
1462 2077 1494 2097 ac
1515 2070 1652 2105 dogmatis
1668 2077 1839 2103 accuratum,

1053 2118 1083 2141 ut
1108 2114 1225 2150 quisque
1242 2115 1384 2151 theologus
1401 2116 1459 2151 ipsa
1477 2116 1569 2144 statim
1587 2116 1708 2145 lectione
1732 2119 1838 2146 videbit.

220 2163 336 2191 maculis
352 2163 498 2198 deturpati.
513 2164 602 2192 Facile
615 2165 713 2193 fuisset
732 2165 767 2192 ad
785 2164 1003 2192 animadverten-
1018 2159 1040 2186 D
1054 2159 1141 2188 Locos
1162 2160 1312 2196 Scriptum
1326 2162 1396 2189 scite
1410 2162 1556 2189 admodum
1569 2163 1684 2197 exponit
1705 2171 1740 2191 ac
1760 2164 1840 2199 appli-

219 2210 295 2241 dum,
316 2210 397 2237 modo
408 2211 467 2238 viro
482 2211 564 2238 docto
579 2212 623 2238 cui
639 2211 733 2238 Graeca
750 2211 891 2242 debemus,
907 2210 1004 2238 libuis-

219 2259 272 2287 set,
291 2255 421 2283 intextam
448 2260 569 2284 extremo
594 2257 664 2285 libro
683 2257 766 2284 tertio
791 2257 1002 2291 disputationem

218 2300 252 2327 de
269 2299 387 2327 hominis
402 2302 550 2332 creatione,
565 2308 646 2335 quam
662 2301 714 2328 Titi
727 2302 876 2330 adversarii
893 2301 1001 2329 diabolo

217 2350 356 2382 acceptam
377 2347 507 2380 ferebant,
534 2347 569 2375 ab
582 2355 615 2375 eo
632 2348 691 2376 loco
710 2356 764 2384 quo
779 2349 864 2384 legem
878 2356 939 2376 esse
953 2348 1001 2376 bo-

252 2436 290 2469 (a)
302 2435 417 2472 llieron.
432 2435 469 2463 De
483 2437 533 2464 uir.
550 2437 661 2469 illustr.,
674 2445 735 2472 cap.
752 2438 812 2465 102.

251 2471 287 2506 (b)
301 2470 398 2507 Epiph.
415 2472 480 2507 hair.
498 2480 570 2503 Lxrt.
586 2480 646 2507 cap.
663 2473 707 2499 2i.

250 2510 285 2542 (σγ)
307 2506 417 2542 Tillem:
428 2506 508 2534 Mem.
523 2508 586 2534 eccl.
601 2506 667 2535 tum.
685 2507 739 2539 Vli,
756 2515 817 2542 pag.
833 2507 895 2536 585.

250 2541 288 2578 (ri)
308 2539 385 2568 Phot.
401 2541 468 2569 Bibl.
485 2543 546 2570 cod.
570 2549 689 2575 ccxxx",
704 2539 764 2578 pag:
780 2539 832 2570 894
853 2551 910 2578 seq.
931 2544 997 2571 edit.

213 2575 340 2603 Ruthotn.
704 2575 711 2577 ”
740 2575 752 2578 ⁷

250 2613 283 2645 (e)
304 2611 343 2647 id.
362 2612 429 2639 ibid.
445 2612 505 2639 cod.
523 2620 622 2643 Lxxxv,
636 2620 698 2647 pag.
711 2612 774 2640 205.

249 2647 282 2680 ([2)
304 2646 417 2682 Basnag.
446 2648 478 2674 ad
505 2647 580 2674 Thes.
608 2646 702 2675 Canis.
726 2652 792 2675 tom.
811 2648 838 2680 l,
865 2657 924 2685 pag.
942 2651 995 2683 57,

214 2681 230 2716 5
250 2690 291 2750 :g'll).
305 2715 495 2753 chtiicn.A()r.
511 2718 607 2745 Christ.
622 2722 687 2746 tom.
705 2719 726 2749 1,
737 2727 796 2753 pag,
809 2719 872 2747 ϐοὶ.

248 2752 288 2784 Ut)
310 2751 416 2779 Maxim.
434 2751 503 2787 Opp.
522 2758 587 2780 tom.
604 2753 636 2787 ll,
659 2762 719 2788 pag.
738 2751 783 2782 65.

1054 2210 1108 2238 cat,
1131 2210 1162 2233 ut
1178 2207 1245 2234 nihil
1260 2207 1410 2235 desiderari
1431 2208 1566 2236 videatur.
1584 2218 1593 2234 ι
1613 2207 1667 2235 Sed
1694 2209 1756 2237 haec
1779 2211 1837 2238 satis

1053 2251 1088 2279 de
1109 2250 1172 2279 Tito
1195 2252 1346 2281 Bostrensi.
1370 2253 1506 2281 Ceterum
1530 2254 1564 2281 de
1585 2252 1796 2282 Commentariis
1815 2256 1837 2281 iu

1052 2296 1152 2324 Lucam
1171 2297 1232 2333 ejus
1257 2300 1368 2327 nomine
1393 2299 1550 2334 inscriptis,
1579 2307 1633 2328 nos
1654 2300 1728 2328 alias
1744 2308 1837 2336 oppor-

1052 2344 1147 2372 tunius

1139 2431 1211 2471 Eetr.
1302 2432 1374 2471 "ist.
1399 2433 1517 2471 Μαηῑςῂ.
1532 2455 1539 2468 ,
1554 2443 1615 2471 pag.
1633 2435 1678 2471 50.

1140 2467 1218 2507 Pliot.
1234 2469 1296 2507 lib“.
1325 2476 1332 2495 l
1353 2468 1445 2507 Contr.
1474 2467 1610 2507 Μαηξξζιῖ,
1634 2470 1648 2505 §
1686 2478 1744 2503 xlv,
1769 2471 1832 2507 apud

1051 2499 1316 2540 Wdll._itiiecd._Gr.
1335 2507 1400 2531 tom.
1418 2503 1437 2536 1,
1460 2513 1521 2540 pag.
1534 2505 1586 2540 754.

1085 2536 1122 2576 tlr)
1137 2537 1235 2576 gauis.
1252 2537 1322 2576 Left.
1348 2536 1513 2576 αηέῐφιὸηῖ.
1533 2539 1555 2564 V
1567 2560 1575 2576 ἶ
1588 2547 1668 2574 pagg.
1686 2540 1723 2568 36
1744 2549 1816 2576 seqq.

1086 2571 1258 2611 (I)‘B_u_snag.
1282 2573 1357 2611 (lies.
1376 2571 1467 2611 Canis.
1485 2580 1551 2602 tom.
1568 2571 1596 2605 l,‘
1611 2571 1694 2609 p'a'gg.
1712 2576 1748 2603 59

1085 2607 1132 2640 (m)
1153 2606 1270 2636 Wcsscl.
1286 2608 1401 2635 Probab.
1413 2609 1456 2636 lib.
1476 2612 1543 2645 sing.
1560 2606 1622 2645 cap:
1634 2606 1682 2642 20',
1693 2619 1773 2646 pagg.
1788 2606 1831 2638 ibi}

1049 2647 1126 2668 seua.

1084 2649 1126 2707 ill?)-
1142 2676 1265 2717 Combef.
1281 2678 1357 2705 Auct.
1374 2687 1433 2706 nou.
1451 2683 1518 2706 tom.
1535 2678 1555 2710 1.
1574 2687 1636 2742 pag.
1657 2680 1714 2708 635
1729 2679 1811 2707 -659,

1084 2711 1120 2742 (ο)
1141 2711 1179 2738 Id.
1205 2720 1232 2740 ιιι
1244 2721 1349 2741 recens.
1375 2718 1447 2741 auct.
1467 2712 1501 2741 ad
1522 2718 1588 2742 tom.
1646 2715 1722 2742 Bibl.
1744 2723 1811 2742 cost.

1084 2711 1179 2774 (Roj‘lgd.
1205 2712 1232 2740 in
1244 2721 1349 2741 recens.
1375 2718 1447 2741 auct.
1467 2712 1501 2741 ad
1522 2711 1588 2742 tom'.
1610 2711 1623 2742 Ι
1646 2715 1722 2743 Bibl.
1744 2723 1827 2746 coria.

1048 2752 1109 2781 pag.
1126 2752 1170 2774 ea.
