1900 3070
92 103 151 132 NG?

611 108 794 136 ADVERSUS
813 108 1024 136 MANICIUEOS
1045 109 1107 135 LIB.
1128 106 1148 136 Ι.

1631 107 1700 135 19Ἶο

96 174 1690 188 vid—“mw

243 251 437 334 TITI
476 249 1062 329 BOSTRENSIS
1094 218 1525 330 EPISCOPI

195 388 382 445 LIBRI
453 387 1044 447 TRESADVERSUS
1109 389 1570 448 MANICH/EOS.

497 484 699 530 «summ
722 498 945 532 FRANCISCO
964 501 1170 532 manune
1189 502 1219 531 s.
1242 501 1271 531 J.

655 638 836 684 LIBER
872 639 1114 685 PRIMUD.

677 769 738 797 CAP.
759 770 778 798 Ι.
798 771 878 808 Origo
898 771 1099 800 Manichwismi.

118 839 181 856 “ib;
197 828 244 864 μὲν
261 825 300 859 οἷς
316 828 409 862 γέγονε
433 827 478 854 διὰ
498 827 615 864 σπουδῆς
632 829 685 856 τῶν
704 831 733 857 ἐν
753 831 858 867 ἀνθρώ·
875 863 876 866 η

946 833 1050 866 Quibus
1066 831 1187 859 studium
1202 834 1244 857 est
1260 837 1358 857 causas
1375 837 1469 856 eorum
1492 837 1552 864 quae
1575 829 1699 857 homines

88 884 140 906 ποις
153 874 380 910 ἁμαρτανομένων
397 873 446 906 τὰς
465 874 552 906 αἰτίας
569 874 670 907 ἐξελεῖν
693 876 771 910 Θεοῦ,
791 877 862 909 ὅσιός

87 930 112 947 τε
127 922 169 948 καὶ
187 921 288 956 ἀληθὴς
311 921 407 954 γέγονε
433 920 504 947 κατὰ
527 921 606 948 τοῦτο
629 921 684 949 τῶν
706 922 832 950 τοιούτων
849 925 864 950 ὁ

87 967 193 999 σκοπός·
207 967 264 1001 εἴγε
287 966 325 1002 μὴ
339 966 516 1002 διαφυγόντες
537 968 568 994 τὸ
585 969 708 1004 προνοεῖν
732 969 786 996 τῶν
803 970 862 997 καθ’

86 1013 152 1048 ἡμᾶς
166 1013 209 1039 τὸν
229 1013 306 1046 Θεὸν,
327 1013 447 1047 εὐλόγως
469 1014 516 1040 καὶ
539 1014 692 1050 φιλαλήθως
711 1015 863 1050 ἀνθρώποις

87 1060 211 1095 ἀνέθηκαν
234 1060 269 1086 τὰ
291 1060 365 1094 σφῶν
389 1060 479 1087 αὐτῶν
503 1061 705 1096 ἁμαρτήματα·
730 1062 864 1097 ὲπείτοιγε

87 1106 174 1142 μικρὸν
194 1107 285 1133 ἰᾶσθαί
301 1116 327 1133 τι
353 1107 539 1142 βουληθέντες,
557 1107 661 1143 μείζονι
684 1110 731 1135 καὶ
755 1109 864 1145 χαλεπῷ

87 1153 208 1188 νοσήματι
225 1154 276 1188 τῆς
291 1154 418 1185 ἀσεϐείας
434 1154 607 1189 περιέπεσον,
624 1156 664 1186 εἰς
684 1155 799 1190 ἄρνησιν
815 1155 864 1189 τῆς

87 1199 111 1225 ὲν
126 1200 204 1226 παντὶ
218 1200 384 1235 φαινομένης
397 1199 443 1226 τοῦ
461 1199 528 1226 Θεοῦ
546 1201 674 1236 προνοίας
688 1201 863 1236 ἐμπεσόντες.

92 1245 117 1271 '0
141 1246 168 1272 δὲ
185 1246 280 1281 μανεὶς
301 1247 334 1272 ἐκ
355 1245 500 1281 βαρϐάρων
520 1247 567 1274 καὶ
588 1247 636 1281 τῆς
661 1247 758 1281 μανίας
781 1247 865 1282 αὐτῆς

86 1290 227 1327 ἐπώνυμος,
242 1291 283 1317 ἐτι
297 1291 364 1326 πρὸς
376 1292 503 1319 ἀσέϐειαν
517 1292 712 1328 βλαϐερωτέρῳ
727 1293 865 1328 φαρμάκῳ

87 1338 282 1374 κατεχρήσατο·
311 1337 408 1369 κακίας
433 1338 489 1374 γὰρ
513 1338 632 1366 ἀναίτιον
659 1339 797 1371 ἀποδεῖξαι
819 1338 865 1365 τὸν

85 1382 145 1409 Θεὸν
168 1382 319 1418 βουληθεὶς,
338 1383 436 1409 κακίαν
459 1383 563 1419 προῖὼν
589 1384 752 1418 ἀντέστησεν
775 1384 863 1420 αὐτῷ’

87 1430 234 1466 ἀγέννητον,
243 1429 281 1461 ὥς
289 1439 381 1465 φησιν,
397 1430 546 1465 ἁγεννήτῳ,
558 1430 647 1462 ζῶσαν
659 1431 752 1463 ζῶντι,
760 1431 804 1457 ἀεὶ
817 1431 866 1466 μὶν

86 1477 296 1512 ὲπανισταμένην
313 1477 360 1503 καὶ
377 1477 543 1512 μαχομένην,
560 1477 608 1511 κα)τ
630 1476 727 1504 οὔποτε
751 1477 788 1512 μὴ
805 1478 866 1513 οὐχὶ

914 881 1045 913 peccant,
1062 883 1077 903 a
1093 876 1147 903 Deo
1163 883 1317 907 removere,
1334 875 1411 902 aiunt
1425 880 1550 902 sanctum
1566 880 1592 903 et
1606 883 1699 903 verum

914 932 974 952 esse
989 924 1073 952 Deum
1089 933 1095 950 :
1113 923 1166 950 huc
1183 926 1307 957 spectant
1322 922 1391 949 tales
1402 941 1409 954 ,
1424 927 1450 949 et
1466 921 1518 948 hoc
1539 922 1579 949 eis
1602 930 1701 957 propo-

914 971 997 997 situm
1010 974 1053 998 est
1069 969 1151 996 tueri.
1167 969 1234 996 Cum
1254 969 1327 995 enim
1350 975 1404 995 non
1427 972 1528 1003 negant
1552 976 1702 1003 procurare

915 1015 998 1043 Deum
1013 1023 1057 1043 res
1071 1019 1181 1042 nostras
1190 1035 1197 1047 ,
1210 1018 1283 1041 recte
1297 1021 1328 1040 ac
1342 1021 1404 1040 vere
1418 1013 1575 1043 hominibus
1587 1019 1701 1049 peccata

915 1069 1009 1089 eorum
1025 1061 1187 1096 assignant;
1201 1059 1310 1095 [alioqui
1331 1068 1426 1094 parum
1448 1060 1513 1094 quid
1536 1068 1634 1088 sanare
1655 1061 1702 1094 qui

915 1108 1060 1145 voLuerunt
1071 1128 1077 1140 ,
1095 1107 1121 1134 in
1137 1107 1290 1142 graviorem
1306 1110 1333 1133 et
1354 1105 1532 1134 difﬁciliorem
1554 1107 1702 1141 impietatis

915 1154 1101 1189 aegritudinem
1119 1152 1291 1184 inciderunt,
1309 1151 1354 1179 Dei
1370 1152 1584 1186 providentiam,
1601 1161 1660 1188 qum
1675 1153 1703 1180 in

916 1200 1093 1228 universitate
1107 1207 1197 1226 rerum
1213 1199 1346 1230 cernitur,
1371 1203 1513 1234 negantes.
1536 1199 1702 1227 Manichqu

916 1253 996 1279 vero,
1010 1246 1057 1281 qui
1072 1253 1088 1272 a
1100 1245 1227 1272 barbarie
1241 1249 1269 1272 et
1284 1244 1375 1272 furore
1386 1252 1484 1272 nomen
1499 1245 1592 1278 ducit,
1606 1253 1703 1274 nocen-

915 1292 985 1319 tiore
997 1291 1087 1319 adhuc
1100 1294 1196 1318 contra
1212 1290 1378 1326 impietatem
1392 1290 1512 1319 remedio
1523 1290 1626 1319 abusus
1642 1295 1704 1319 est:

916 1346 978 1366 cum
999 1338 1070 1365 enim
1091 1339 1281 1365 demonstrare
1301 1338 1433 1365 voluisset
1455 1345 1510 1365 non
1534 1346 1595 1366 esse
1619 1337 1703 1366 Deum

917 1388 1054 1411 auctorem
1071 1383 1151 1415 mali,
1167 1383 1270 1410 malum
1284 1383 1309 1410 ei
1325 1384 1470 1418 opposuit,
1488 1384 1639 1420 ingenitum
1651 1403 1658 1416 ,
1677 1390 1706 1412 ut

916 1431 969 1463 ait,
985 1430 1106 1465 ingenito
1116 1450 1123 1462 ,
1140 1430 1231 1456 vivum
1245 1430 1307 1457 vivo
1317 1450 1326 1459 ,
1341 1438 1449 1465 semper
1464 1431 1603 1467 obsistens
1618 1439 1649 1459 ac
1662 1439 1706 1459 re-

917 1484 1057 1512 pugnans,
1073 1480 1100 1503 et
1120 1483 1259 1511 nunquam
1283 1483 1336 1503 non
1355 1477 1496 1511 negotium
1519 1481 1546 1504 et
1567 1477 1706 1505 molestias

87 1522 227 1558 πράγματα
252 1522 423 1558 παρέχουσαν
444 1522 534 1558 αὐτῷ·
557 1521 731 1558 ἀναιρεθῆναι
747 1522 776 1548 δὲ
797 1522 865 1558 πρὸς

918 1523 1038 1551 inferens
1052 1532 1059 1556 ;
1075 1522 1202 1557 quodque
1217 1522 1252 1549 ah
1266 1529 1300 1549 eo
1320 1522 1444 1550 funditus
1463 1523 1601 1558 exstingui
1616 1527 1643 1550 et
1664 1524 1707 1550 in—

86 1567 159 1594 αὑτοῦ
172 1568 312 1600 παντελῶς
326 1567 363 1603 μὴ
374 1568 537 1604 δυναμένην,
547 1569 585 1600 ὡς
596 1568 681 1596 ἀΐδιόν
693 1577 723 1595 τε
735 1569 782 1595 καὶ
797 1578 866 1605 συμ-

87 1613 297 1650 πεπληρωμένην
312 1614 362 1650 τὴν
383 1615 477 1641 οὐσίαν
501 1615 549 1641 καὶ
574 1615 721 1650 ἀγένητονο
745 1615 792 1643 καὶ
814 1624 866 1643 κα-

86 1660 166 1693 πνὸν,
179 1661 216 1692 ὦς
233 1669 311 1695 φασι,
331 1661 458 1696 φεύγων,
476 1661 667 1696 ἐμπέπτωκεν
685 1663 728 1695 εἰς
747 1662 779 1688 τὸ
793 1663 864 1697 πῦρ.

87 1705 138 1733 Ἵνα
152 1707 203 1743 γὰρ
225 1708 264 1743 μὴ
280 1707 335 1734 τῶν
349 1708 413 1743 παρ’
430 1708 507 1743 ἡμῖν,
521 1707 558 1739 ὡς
576 1707 672 1741 οἴεται,
695 1708 787 1734 κακῶν
813 1709 864 1735 ὑπ-

85 1751 150 1791 έχειν
166 1753 229 1790 δοκῇ
248 1754 298 1786 τὰς
310 1754 399 1786 αἰτίας
410 1755 424 1780 6
432 1754 507 1787 Θεὸς,
519 1754 601 1786 αὐτὸς
614 1763 646 1789 γε
661 1754 724 1790 ὅλης
737 1755 808 1787 τινὸς
819 1755 866 1781 καὶ

85 1798 222 1836 ὁλοκλήρου
240 1801 305 1836 παρ’
326 1800 399 1836 αὑτῷ
411 1799 509 1832 κακίας
528 1800 741 1836 παραπολαύειν.
760 1802 792 1827 Τί
811 1801 865 1836 γὰρ

85 1844 107 1869 εἱ
121 1845 302 1881 μακροθύμως
315 1846 362 1872 καῖ
375 1845 475 1880 σοφῶς,
488 1845 525 1877 ὥς
539 1853 615 1880 φησι,
632 1846 863 1881 μεταχειρίζεταις

85 1889 136 1916 ἀλλ’
148 1891 220 1926 ὅμως
229 1892 281 1918 οὐκ
294 1891 465 1927 ἀπολέμητος
481 1891 514 1918 ἂν
529 1892 570 1927 εἴη
588 1892 658 1918 κατά
665 1900 697 1926 γε
711 1892 760 1927 τὴν
773 1892 865 1919 τοιαύ-

86 1943 130 1971 την
146 1937 287 1964 ὑπόθεσιν·
303 1934 332 1964 οὗ
348 1937 374 1963 τί
386 1937 418 1965 ἄν
433 1937 537 1972 γένοιτο
556 1938 610 1963 τῶν
626 1940 787 1973 πρεπόντων
801 1938 867 1974 περὶ

85 1980 146 2008 Θεοῦ
157 1982 292 2018 λογισμῶν
305 1983 514 2019 ἀλλοτριώτερον
524 1992 532 2016 ;ι

919 1569 1002 1596 terire
1018 1572 1151 1603 nequeat,
1166 1571 1259 1601 utpote
1273 1572 1374 1595 aeterna
1388 1573 1416 1595 et
1426 1569 1561 1603 completa
1576 1569 1707 1597 substan-

918 1616 974 1647 tia,
990 1620 1118 1650 tanquam
1132 1613 1254 1648 ingenita
1269 1623 1275 1640 :
1292 1614 1332 1641 sic
1344 1613 1445 1648 fugiens
1469 1613 1570 1645 fumum
1583 1634 1590 1645 ,
1615 1618 1644 1641 ut
1663 1619 1707 1642 est

917 1661 946 1689 in
961 1660 1123 1692 Proverbio,
1141 1661 1168 1687 in
1184 1661 1270 1695 ignem
1290 1659 1394 1687 incidit.
1409 1659 1514 1686 Etenim
1537 1668 1572 1687 ne
1583 1660 1706 1688 videatur

917 1707 1006 1740 Deus,
1029 1711 1059 1733 ut
1079 1706 1245 1733 Manichacus
1267 1706 1423 1738 existimat,
1447 1711 1605 1734 nostrorum
1621 1707 1707 1734 malo-

918 1761 977 1781 rum
989 1760 1050 1781 esse
1063 1753 1090 1780 in
1105 1759 1189 1780 causa
1202 1771 1209 1783 ,
1223 1759 1256 1779 ex
1270 1754 1328 1779 toto
1340 1751 1458 1786 quodam
1474 1755 1501 1779 cl.
1516 1752 1621 1787 integro
1634 1753 1706 1780 malo

919 1800 991 1835 apud
1006 1807 1036 1827 se
1051 1799 1168 1826 fructum
1183 1798 1259 1833 lingit
1272 1798 1421 1833 percipere.
1437 1798 1509 1830 Quid
1522 1799 1594 1825 enim
1605 1818 1612 1831 ,
1624 1799 1647 1826 si
1661 1806 1707 1826 res

920 1850 1019 1873 tractat
1033 1845 1122 1876 Deus.
1140 1849 1168 1872 ut
1183 1844 1348 1872 Manichacus
1370 1844 1423 1875 ait,
1447 1844 1596 1872 toleranter
1618 1849 1646 1871 et
1662 1852 1707 1872 sa-

919 1892 1045 1927 pienter?
1062 1897 1088 1918 at
1104 1899 1259 1926 nunquam,
1274 1890 1402 1925 opinione
1419 1890 1516 1924 hujus,
1532 1891 1602 1918 bello
1613 1896 1641 1918 et
1656 1899 1707 1926 pu-

919 1944 972 1972 gna
993 1937 1117 1964 carebit:
1135 1945 1190 1972 quo
1210 1936 1277 1971 quid
1299 1940 1386 1971 potest
1401 1937 1434 1964 de
1447 1936 1501 1964 Deo
1519 1936 1590 1972 quod
1614 1937 1706 1965 minus

920 1990 982 2010 cum
999 1982 1111 2014 deceat,
1128 1982 1243 2017 cogitari
1257 1983 1268 2008 ?

644 2042 707 2068 CAP.
730 2041 761 2068 ll.
777 2041 975 2069 Callia/iceram
990 2041 1128 2067 sententia.

117 2086 174 2114 Ὀτι
198 2088 248 2123 μὲν
270 2087 324 2123 γὰρ
345 2087 456 2120 εὐσεϐὲς
471 2088 524 2114 τῶν
545 2088 621 2123 παρὰ
643 2087 796 2124 ἀνθρώποις
809 2087 866 2114 ἀδι-

951 2085 1030 2120 Quod
1048 2086 1122 2121 pium
1139 2086 1249 2120 quidem
1264 2087 1300 2113 sit
1315 2086 1386 2121 apud
1403 2087 1528 2114 homines
1540 2107 1546 2118 ,
1563 2087 1628 2115 totis
1642 2087 1706 2114 viri—

86 2133 207 2168 κημάτων
224 2133 344 2161 ἀναίτιον
367 2134 447 2161 παντὶ
461 2133 550 2160 σθένει
568 2133 614 2160 τὸν
634 2134 699 2160 Θεὸν
716 2134 865 2168 ὁμολογεῖν,

87 2177 186 2212 πρῶτος
199 2179 360 2214 πρεσϐεύειν
372 2178 521 2206 ἐσπούδακε
533 2179 583 2214 τῆς
593 2179 740 2214 καθολικῆς
757 2178 868 2214 Ἐκκλη-

88 2224 141 2256 σίας
153 2226 168 2251 ὁ
180 2225 259 2260 λόγος
268 2224 450 2261 ’ζητουμένου
460 2226 498 2257 δὲ,
511 2226 572 2252 τίνα
583 2226 682 2261 τρόπον
693 2225 869 2262 πλημμελοῦ-

88 2279 133 2304 μεν
149 2272 240 2306 ἡμεῖς,
253 2271 300 2298 τοῦ
317 2272 383 2298 Θεοῦ
402 2272 438 2307 μὴ
457 2271 629 2307 βουλομένου,
642 2272 672 2298 οὐ
695 2273 760 2307 περὶ
776 2271 867 2307 μειζό-

87 2325 134 2343 νων
155 2317 362 2353 κατηγοροῦμεν
383 2317 461 2349 Θεοῦ,
487 2318 550 2353 περὶ
574 2318 752 2353 μικροτέρων,
774 2317 868 2354 ὥσπερ

86 2362 191 2394 ἐκεῖνος,
201 2362 394 2397 ἀπολογεῖσθαι
411 2363 565 2398 βουλόμενοι
575 2363 622 2398 (Ι).

125 2407 189 2433 Ἀλλ’
205 2407 289 2443 αὐτὴν
301 2407 349 2442 τῆς
361 2407 488 2442 ἀληθείας
500 2408 549 2442 τὴν
560 2407 628 2439 ὁδὸν,
645 2407 676 2434 ἐκ
684 2415 711 2434 τε
720 2406 773 2433 τῶν
783 2406 868 2441 ἁγίων

86 2452 196 2488 Γραφῶν
216 2455 263 2480 καὶ
283 2453 337 2480 τῶν
360 2453 457 2480 κοινῶν
480 2453 588 2480 ἐννοιῶν
605 2452 721 2488 ἔχοντες,
741 2452 868 2488 ἀσφαλῶς

86 2498 206 2534 ὀδεύομεν
217 2499 266 2534 (Γ)
277 2499 345 2534 πρὸς
354 2499 401 2534 τὴν
410 2498 535 2533 τοιαύτην
547 2498 671 2534 ζήτησιν,
682 2498 721 2533 τῷ
732 2507 763 2532 γε
777 2498 869 2528 αὐτοῖς

88 2542 234 2579 φιλαλήθως
253 2544 460 2580 προσεγκαλεῖν,
479 2544 577 2578 εὐσεϐῆ
603 2544 651 2579 τὴν
673 2543 809 2576 ἀπόδειξιν
819 2542 868 2578 τὴν

88 2588 153 2624 ὑπὲρ
171 2589 237 2615 Θεοῦ
260 2589 435 2624 ποιούμενοι·
462 2590 491 2616 οὺ
512 2589 566 2625 γὰρ
590 2590 634 2616 ἵνα
657 2589 695 2625 τῷ
720 2589 791 2624 λόγῳ
813 2589 869 2615 δια-

87 2632 236 2668 φεύγωμεν,
248 2631 285 2660 ὧν
299 2635 338 2666 εἰς
351 2634 483 2670 ἀλλήλουςΓ
495 2633 708 2669 πλημμελοῦμεν
723 2633 757 2660 τὰ
772 2633 870 2668 ἐγκλή-

89 2686 166 2712 ματα,
198 2681 335 2716 προσῆκεν
361 2682 401 2712 εἰς
428 2680 493 2706 Θεὸν
520 2679 637 2712 ἀτεϐεῖν,
666 2680 868 2715 πραττομένους

88 2726 148 2759 παρ’
162 2726 243 2752 αὐτοῦ
259 2726 293 2753 τὰ
313 2727 421 2754 πάντων
436 2726 652 2763 ὺϐριστικώτερα
672 2728 719 2754 καὶ
737 2726 869 2763 μηδαμῶς

87 2778 147 2797 οντα

122 2826 157 2861 (1)
172 2827 260 2864 ναις,
275 2830 450 2866 Βουλόμενος.
471 2832 546 2858 Eon.

918 2132 970 2161 bus
985 2132 1107 2159 conﬁteri
1118 2153 1125 2164 ,
1142 2132 1225 2159 Deum
1240 2140 1293 2160 non
1309 2141 1371 2160 esse
1386 2133 1549 2167 injuriarum
1563 2137 1589 2160 et
1603 2133 1706 2161 maleﬁ-

917 2179 1023 2206 ciorum
1039 2183 1180 2205 auctorem
1191 2200 1198 2211 ,
1216 2179 1303 2213 prima
1320 2179 1447 2207 doctrina
1463 2179 1593 2207 Ecclesia),
1613 2181 1708 2207 catho-

917 2224 978 2252 licae
1000 2224 1107 2252 studuit
1122 2224 1256 2259 proﬁteri.
1274 2225 1342 2253 Cum
1358 2230 1450 2253 autem
1467 2226 1616 2260 quaerimus
1637 2234 1706 2261 quo-
1746 2215 1748 2221 I

918 2271 1000 2298 modo
1023 2278 1073 2298 nos
1093 2278 1238 2305 peccemus
1259 2272 1369 2300 nolente
1389 2271 1462 2304 Deo,
1490 2276 1518 2298 ut
1544 2279 1706 2306 peccemus,

918 2315 952 2342 de
968 2316 1142 2350 gravioribus
1158 2323 1210 2343 non
1227 2315 1498 2350 Deumgccusamus,
1515 2325 1577 2346 cum
1594 2326 1608 2345 a
1623 2319 1708 2346 levio-

918 2362 994 2389 ribus
1007 2369 1086 2394 eum,
1103 2362 1175 2389 sicut
1190 2362 1251 2393 ille,
1267 2362 1413 2391 dﬂendere
1426 2364 1564 2393 volumus.

955 2408 983 2435 Si
998 2408 1045 2443 qui
1058 2408 1131 2435 viam
1148 2408 1271 2436 veritatis
1285 2416 1317 2436 ex
1333 2410 1438 2437 sanctis
1460 2409 1611 2446 Scripturis
1631 2415 1658 2438 et
1673 2420 1706 2439 ex

919 2453 1110 2482 communibus
1126 2454 1285 2481 nolionibus
1300 2455 1436 2490 cognitam
1451 2456 1594 2487 habemus,
1607 2464 1706 2492 perga-

919 2507 980 2526 mus
996 2499 1072 2526 ﬁrme
1086 2498 1120 2525 ad
1135 2499 1216 2526 talem
1232 2500 1423 2534 quaestionem,
1440 2495 1521 2535 piam‘
1533 2506 1708 2536 argumenta—

920 2546 1020 2572 tionem
1045 2552 1095 2579 pro
1119 2544 1174 2571 Deo
1199 2546 1413 2579 concludentes,
1440 2554 1490 2574 nos
1515 2547 1590 2582 ipsos
1615 2546 1707 2574 studio

919 2590 1046 2618 veritatis
1061 2590 1219 2618 accusando
1234 2600 1241 2617 :
1258 2599 1313 2618 non
1326 2593 1399 2619 enim
1416 2597 1445 2619 ut
1458 2593 1539 2620 verbo
1552 2594 1707 2621 accusatio—

919 2643 980 2663 nem
995 2643 1090 2663 eorum
1102 2655 1109 2667 ,
1125 2643 1186 2670 qum
1203 2636 1229 2663 in
1245 2644 1296 2664 nos
1311 2638 1382 2665 inter
1403 2647 1454 2666 nos
1476 2647 1638 2674 peccamus.
1659 2640 1707 2667 de-

919 2683 1068 2714 clinemus,
1083 2682 1197 2710 decebat
1210 2684 1237 2710 in
1253 2684 1336 2712 Deum
1353 2685 1452 2720 impios
1465 2694 1526 2714 esse
1536 2706 1544 2719 ,
1560 2691 1705 2721 poscentes

920 2728 954 2755 ab
973 2735 1006 2754 eo
1026 2735 1087 2761 qtue
1107 2734 1172 2755 sunt
1186 2730 1428 2759 contumeliosiora
1442 2733 1569 2761 omnibus
1579 2753 1586 2767 ,
1603 2737 1630 2761 et
1645 2741 1705 2768 quas

919 2781 1088 2809 nequaquam
1103 2779 1174 2802 sunt.
1279 2776 1281 2778 ’

956 2832 1003 2867 (l’)
1022 2832 1111 2866 Forte,
1131 2833 1275 2868 ὁδεὺωμεν.
1294 2834 1368 2863 Eon.
