1900 3070
194 103 260 132 1οἲ1

754 96 822 123 TiTi
839 93 1054 122 BOSTRENSIS
1074 91 1227 121 EPISCOPI

1745 90 1816 118 107‘).

227 159 362 188 Praeterea
377 158 424 193 qui
441 157 630 185 existimamus
642 159 755 190 peccata
769 155 840 189 apud
855 153 978 180 homines
992 180 993 183 η

1064 151 1136 186 Πρὸς
1149 151 1178 177 δὲ
1194 150 1297 181 τούτοις
1313 150 1408 185 ἰάσιμα
1423 149 1457 176 τὰ
1470 149 1544 185 παρὰ
1560 149 1714 184 ἀνθρώποις
1727 149 1818 183 ἁμαρ-

197 206 328 235 sanabilia
343 212 420 235 esse,
437 206 532 238 utpote
546 209 606 236 qua:
620 209 674 228 non
688 208 703 227 a
716 200 849 235 principio
862 198 979 234 quodam

197 255 292 279 contra
309 257 355 277 eos
369 248 495 279 ellluant.
512 247 561 274 sed
584 246 637 273 alio
664 246 744 273 modo
769 253 784 272 a
810 245 889 272 nobis
915 244 980 270 [iant

199 299 298 332 (quem
320 295 469 331 disputatio
489 301 539 321 suo
563 298 683 327 tempore
706 290 903 326 explanabit),
927 297 979 317 non

198 343 285 371 solum
304 350 358 369 non
380 348 475 369 sumus
496 340 525 366 in
547 339 632 366 Deum
656 338 748 373 impii,
770 345 825 364 non
844 336 981 362 audentes

199 390 384 424 conjecturam
401 387 505 419 facere,
520 393 574 413 non
590 392 671 420 posse
686 383 770 411 Deum
785 387 897 418 propter
912 381 981 408 diﬂi-

200 437 328 464 cuitatem
343 434 472 461 resistere
484 432 549 459 vitio
564 431 636 466 quod
651 430 675 457 ei
689 437 743 456 nou
757 429 845 460 inest,
862 428 909 455 sed
921 434 982 462 qua:

202 492 217 510 ιι
240 481 320 509 nobis
347 480 443 507 vitiose
467 482 595 513 aguntur,
619 476 732 503 nitimur
748 475 774 501 in
795 475 835 501 eis
852 481 980 506 cessare;

202 535 263 555 cum
274 527 308 554 iis
323 525 368 561 qui
383 525 542 555 advertunt,
555 522 792 551 demonstramus,
805 527 865 555 qua:
876 527 891 546 a
902 519 981 546 nobis

201 572 366 608 principium
389 571 509 603 ducunt,
532 572 560 596 ut
578 568 660 600 ﬁant,
683 575 731 602 per
753 573 803 593 nos
827 566 926 597 etiam,
948 573 982 592 ne

203 619 282 650 ﬁant,
298 618 378 644 tinem
392 615 516 650 assequi,
532 615 639 640 tametsi
651 621 704 639 non
716 613 786 647 apud
799 619 894 639 omnes
906 621 914 645 ;
929 619 981 638 non

203 665 276 691 enim
291 663 344 690 hoc
358 662 484 698 generale
498 661 526 688 in
541 659 656 695 singulis
671 663 713 686 cst
724 679 730 690 ,
748 658 794 686 sed
820 658 846 684 in
869 658 983 693 singulis

196 717 297 738 eorum
311 709 358 743 qui
373 707 492 735 studium
515 705 697 733 adhibuerunt
718 704 871 738 (judicium
894 709 982 730 tamen

205 755 325 782 universi
338 759 399 785 est,
416 760 497 788 posse
509 759 571 779 esse
587 752 614 778 in
630 750 775 785 singulis).
790 750 983 777 Verumtamen

205 802 252 837 qui
265 801 379 828 barbare
401 807 462 826 curn
487 798 650 833 impietatem
675 796 856 832 excogitavit,
881 795 984 830 [ingens

206 847 308 874 malum
326 846 385 873 sine
401 844 536 879 principio
546 863 553 875 ,
568 847 662 870 contra
675 842 759 869 Deum
773 850 836 870 vere
850 842 985 876 principio

207 896 362 924 carentem,
379 898 410 918 ac
425 890 513 917 solum
524 910 531 921 ,
547 893 573 916 et
590 889 641 916 hoc
657 888 806 916 secundum
823 888 986 922 principium

207 940 303 967 insane
318 937 502 967 constituens,
519 943 573 962 non
596 936 683 962 solum
708 934 808 960 malum
830 933 945 960 collocat
961 933 987 959 in

208 984 303 1012 ordine
324 982 421 1018 mquali
445 981 516 1013 Deo,
539 985 666 1015 tanquam
690 980 742 1006 hoc
757 980 892 1006 honorare
905 979 988 1010 velit,

208 1029 280 1065 quod
294 1028 398 1056 scilicet
413 1027 491 1060 odit;
507 1026 554 1053 sed
578 1026 660 1057 mala,
681 1033 741 1060 qua;
765 1033 799 1052 ex
824 1025 895 1051 malo
917 1024 990 1059 quod

208 1074 342 1111 principio
358 1077 450 1105 caret,
467 1071 630 1099 insanabilia
647 1071 756 1105 penitus
772 1077 849 1102 esse,
866 1076 927 1096 cum
945 1076 991 1095 ne-

209 1119 329 1147 cessario
342 1117 459 1145 aillrmat
468 1137 475 1149 ,
491 1116 555 1143 facit
567 1115 716 1148 insidiose,
731 1118 761 1142 ut
773 1115 931 1142 existiment
944 1114 991 1148 qui

209 1167 233 1195 ei
254 1166 388 1197 credunt,
410 1163 571 1199 iniustitiam
593 1170 646 1190 non
669 1170 749 1197 posse
771 1161 842 1196 apud
865 1161 991 1188 homines

210 1211 320 1246 corrigi.
332 1210 370 1236 ita
381 1213 411 1237 ut
426 1209 572 1243 anticipata
587 1207 726 1241 voluptate
739 1211 910 1241 peccatorum
923 1225 929 1237 ,
942 1212 993 1240 pro

211 1256 390 1285 conversione
406 1254 559 1289 desperatio
574 1252 740 1287 objiciatur;
757 1251 835 1286 quasi
859 1251 916 1278 ﬁeri
939 1258 993 1277 non

211 1303 315 1338 possit,
332 1306 361 1329 ut
375 1302 492 1337 impetus
506 1300 564 1326 vitii
577 1299 649 1334 quod
666 1298 800 1333 principio
813 1302 903 1330 caret,
918 1304 995 1324 coeo-

212 1355 316 1378 ceatur.
331 1349 514 1383 Praeterquam
529 1348 551 1374 si
563 1347 624 1381 quis
635 1345 783 1380 cupiditate
796 1345 888 1380 gloria
898 1364 906 1376 ,
920 1345 993 1380 quod

213 1396 275 1430 plus
295 1394 377 1425 boni,
403 1397 433 1420 ut
454 1392 498 1419 isti
521 1392 640 1426 tingunt.
663 1390 762 1417 habere
784 1389 919 1420 videatur,
936 1392 995 1416 stu-

214 1441 289 1468 dium
306 1439 449 1471 adhibeat,
463 1441 493 1464 ut
503 1457 510 1468 ,
523 1436 612 1472 quoad
627 1436 683 1463 ﬁeri
698 1439 805 1470 potest,
819 1443 872 1462 non
886 1438 994 1469 peccet,

215 1489 245 1513 ut
262 1485 436 1512 manifestum
452 1483 549 1515 faciat,
566 1490 620 1509 non
636 1481 746 1508 aliunde
761 1488 844 1516 quam
859 1488 874 1507 a
889 1488 919 1508 se
933 1487 997 1514 pec-

1030 200 1139 235 τήματα
1161 198 1325 233 νομίζοντες,
1344 197 1390 223 ἆτε
1407 196 1438 232 δὴ
1455 196 1491 232 μὴ
1509 197 1546 227 ὡς
1559 195 1614 221 ἀπό
1633 203 1706 225 τινος
1728 193 1816 229 ἀρχῆς

1030 245 1091 272 καθ’
1114 244 1192 280 ἡμῶν
1213 244 1327 279 ῥέοντα,
1351 243 1407 269 ἀλλ’
1428 242 1519 278 ἕτερόν
1540 249 1599 267 τινα
1623 240 1725 276 τρόπον
1747 238 1817 274 πρὸς

1031 290 1108 326 ἡμῶν
1130 290 1301 326 πραττόμενα
1319 289 1357 323 (δν
1377 289 1392 314 ὁ
1412 287 1490 326 λόγος
1511 286 1602 321 σαφῶς
1627 285 1699 312 κατὰ
1720 283 1817 320 καιρὸν

1034 324 1220 372 ἑρμηνεύσει),
1241 335 1271 362 οὐ
1287 335 1365 370 μόνον
1386 335 1426 365 εἰς
1442 324 1507 360 Θεὸν
1527 334 1577 359 οὐκ
1593 331 1759 366 ἀσεϐοῧμεν,
1781 329 1817 365 μὴ

1031 381 1182 416 τολμῶντες
1207 379 1288 406 αὐτοῦ
1308 378 1553 413 καταστοχάζεσθαι
1575 375 1695 412 χαλεπὴν
1719 375 1817 401 ἀδυνα-

1035 426 1108 462 μίαν,
1123 426 1171 452 τοῦ
1186 425 1349 452 ἀνθεστάναι
1372 424 1455 459 κακίᾳ
1474 425 1505 458 τῇ
1528 423 1564 458 μὴ
1586 422 1663 456 οῠσῃ,
1681 420 1751 447 ἀλλὰ
1773 419 1819 446 καὶ

1033 472 1066 498 τὰ
1077 471 1249 508 πραττόμενα
1262 471 1329 506 πρὸς
1342 469 1419 505 ἡμῶν
1433 469 1530 500 κακίας
1541 468 1633 503 τρόπῳ
1647 467 1746 493 παύειν
1759 466 1820 491 ἑπι-

1033 518 1176 554 χειροῦμεν
1189 539 1196 551 ,
1216 518 1254 552 τῷ
1278 526 1303 551 (ε
1321 517 1414 551 σαφῶς
1437 517 1492 546 τοῖς
1516 514 1695 550 προσέχουσιν
1712 511 1821 538 ἀποδει-

1033 568 1138 600 κνῦναι,
1154 567 1191 598 ὡς
1214 566 1247 592 τὰ
1265 566 1333 601 πρὸς
1357 564 1436 599 ἡμῶν
1454 562 1582 598 ἀλήθειαν
1605 562 1701 596 ἔχοντα
1715 559 1763 585 τοῦ
1778 559 1820 593 γί-

1033 613 1143 648 γνεσθαι
1162 612 1211 648 τὴν
1228 612 1325 647 ἀρχὴν,
1349 609 1471 645 δι’ζὴμῶν
1486 608 1518 635 ἂν
1543 607 1590 634 καὶ
1612 606 1688 637 τέλος
1712 603 1761 631 τοῦ
1785 605 1821 639 μὴ

1033 659 1173 693 γίγνεσθαι
1188 657 1277 689 λάϐοι,
1293 657 1317 683 εἰ
1334 657 1380 683 καὶ
1399 655 1435 691 μὴ
1458 654 1532 690 παρὰ
1546 655 1628 680 πᾶσιν
1639 661 1646 667 -
1660 653 1691 678 οὐ
1713 651 1769 686 γὰρ
1781 651 1821 684 ἐφ’

1034 705 1140 740 ἑκάστῳ
1154 705 1183 731 τὸ
1195 703 1318 734 καθόλου,
1335 702 1402 729 ἀλλά
1414 710 1444 736 γε
1461 701 1524 736 παρ’
1538 700 1646 734 ἑκάστῳ
1659 699 1713 725 τῶν
1727 698 1823 723 ἐσπου-

1034 751 1154 778 δακότων
1175 750 1282 786 (δεῖγμα
1307 749 1397 784 μέντοι
1422 747 1468 773 τοῦ
1491 746 1616 777 καθόλου,
1642 744 1673 771 τὸ
1698 743 1740 777 ἐφ’
1762 743 1823 769 ἑκὰ-

1037 805 1099 823 στου
1124 793 1318 830 ἐνδεχόμενον).
1344 793 1374 820 '0
1392 792 1481 827 μέντοι
1505 789 1674 825 βαρϐαρικὴν
1698 787 1824 814 ἀσέϐειαν

1003 831 1022 860 Β
1036 841 1193 876 ἐπινοήσας,
1211 840 1327 874 ἄναρχον
1351 837 1449 864 κακίαν
1475 835 1545 862 κατὰ
1568 833 1613 860 τοῦ
1634 832 1703 859 Θεοῦ
1720 831 1825 867 ἀληθῶς

1038 887 1154 922 ἀνάρχου
1166 886 1212 913 καὶ
1228 885 1306 920 μόνου
1322 883 1505 918 πλασάμενος,
1522 880 1569 907 καὶ
1585 879 1714 915 δευτέραν
1739 877 1824 912 ἀρχὴν

1038 934 1139 968 ταύτην
1162 931 1281 968 μανικῶς
1303 930 1475 965 ὁρισάμενος,
1493 928 1522 954 οὺ
1542 927 1620 962 μόνον
1641 926 1670 952 ὲν
1694 925 1741 961 ῐσῃ
1753 923 1825 955 τάξει

1038 979 1129 1014 τίθησι
1145 977 1243 1004 κακίαν
1267 975 1337 1011 Θεῷ,
1359 974 1452 1009 ὥσπερ
1467 973 1580 1009 τιμῆσαι
1596 972 1699 1006 ταύτην
1722 971 1736 997 ὁ
1748 969 1826 1004 δῆθεν

1042 1024 1127 1061 μισῶν
1151 1023 1340 1059 προελόμενος,
1363 1020 1430 1048 ἀλλὰ
1449 1020 1496 1047 καὶ
1517 1020 1615 1047 ἀνίατα
1632 1017 1720 1052 πάντη
1742 1016 1776 1041 τὰ
1796 1016 1826 1041 ἐκ

1040 1059 1089 1107 τῆς
1105 1071 1223 1106 ἁνάρχου
1237 1069 1332 1105 ῥέοντα
1344 1067 1417 1094 κακὰ
1430 1067 1583 1099 ἐπάναγκες
1594 1064 1720 1098 φάσκων,
1732 1059 1827 1095 ἀδιώρο

1042 1117 1125 1143 θωτον
1151 1115 1225 1152 παρὰ
1243 1113 1395 1150 ἀνθρώποις
1417 1113 1465 1147 τὴν
1483 1111 1588 1138 ἀδικίαν
1604 1108 1756 1139 ἐπιϐούλως
1776 1107 1826 1133 οἶες

1043 1162 1104 1189 σθαι
1122 1163 1193 1188 ποιεῖ
1215 1162 1278 1192 τοὺς
1298 1158 1473 1194 πειθομένους
1492 1155 1583 1191 αὐτῷ·
1602 1154 1672 1181 ὣστε
1697 1151 1828 1188 προλήψει

1041 1208 1091 1243 τῆς
1104 1207 1158 1233 τῶν
1171 1205 1375 1242 ἁμαρτημάτων
1390 1203 1485 1238 ἡδονῆς
1498 1199 1696 1237 προϐάλλεσθαι
1709 1198 1770 1224 ἀντὶ
1783 1196 1828 1230 τῆς

1043 1253 1211 1288 ἐπιστροφῆς
1227 1252 1275 1287 τὴν
1295 1250 1489 1285 ἀπαγόρευσιν.
1505 1248 1541 1279 ὡς
1562 1246 1691 1272 ἀδύνατον
1713 1243 1826 1278 ἁνάρχου

1044 1300 1140 1331 κακίας
1163 1299 1283 1333 ἐπισχεῖν
1304 1296 1353 1332 τὴν
1374 1295 1472 1330 φοράν·
1492 1294 1560 1328 πλὴν
1582 1293 1606 1318 εἰ
1625 1291 1662 1326 μή
1678 1298 1722 1321 τις
1737 1287 1828 1315 ἐπιθυ-

1047 1346 1095 1381 μία
1109 1345 1186 1379 δόξης
1208 1343 1253 1369 τοῦ
1270 1343 1358 1369 δοκεῖν
1375 1342 1404 1367 τὸ
1425 1340 1505 1366 πλέον
1522 1339 1553 1364 ἐκ
1567 1336 1613 1363 τοῦ
1629 1335 1734 1370 ἀγαθοῦ
1750 1334 1827 1368 ἔχειν,

1044 1380 1082 1422 ὧς
1105 1390 1136 1425 δὴ
1166 1387 1350 1424 μυθολογοῦσι,
1378 1386 1528 1416 σπουδάσας
1552 1383 1611 1419 μὲν,
1635 1380 1829 1416 κατορθώσειεν

1045 1436 1084 1468 ὼς
1099 1435 1155 1463 οἶόν
1177 1444 1208 1461 τε
1230 1435 1259 1461 τὸ
1281 1435 1317 1470 μὴ
1339 1433 1514 1469 ἁμαρτάνειν,
1533 1430 1571 1461 ὡς
1593 1428 1707 1455 αὐτόθεν
1722 1425 1828 1460 ποιῆσαι

1045 1483 1134 1518 δῆλον,
1157 1482 1195 1513 ὼς
1205 1482 1253 1516 οὐχ
1270 1479 1412 1515 ἑτέρωθεν,
1427 1477 1494 1505 ἀλλὰ
1508 1476 1572 1512 παρ’
1590 1474 1673 1501 αὐτοῦ
1689 1471 1828 1507 ὲττλημμέ·

215 1535 305 1560 catum
321 1529 468 1566 proﬁcisci.
485 1528 692 1556 Existimabitur
713 1531 803 1554 tamen
828 1527 898 1562 apud
922 1527 993 1561 ipsos

1047 1529 1103 1555 λεν
1129 1529 1203 1564 ὅμως
1226 1527 1248 1554 δ’
1271 1525 1454 1560 ἀπενέγκηταί
1469 1531 1529 1550 τινα
1547 1521 1625 1554 δόξαν
1644 1521 1710 1555 παρ’
1731 1519 1828 1550 αὐτοῖς,

215 1576 310 1604 melior
325 1583 386 1603 esse
401 1578 512 1610 propter
526 1574 714 1601 admistionem
730 1576 852 1602 naturae,
875 1571 921 1606 qui
941 1579 995 1598 non

216 1627 313 1650 natura
324 1642 330 1654 ,
347 1622 393 1649 sed
407 1622 500 1648 labore
514 1624 541 1647 et
553 1619 653 1647 sudore
669 1626 736 1646 usus
751 1621 810 1651 est,
826 1617 871 1652 qui
887 1616 996 1651 quidem

217 1668 321 1705 putabit
336 1675 365 1695 se
380 1667 484 1694 laudari
495 1686 502 1697 ,
519 1673 579 1693 cuin
596 1665 696 1699 alioqui
721 1671 783 1691 vera
807 1663 886 1689 laude
909 1663 999 1697 prive-

217 1721 272 1744 tur.
289 1715 387 1742 Veram
402 1714 473 1741 enim
488 1713 600 1747 gloriam
619 1719 652 1738 ex
674 1711 767 1737 labore
786 1716 818 1735 ac
840 1708 931 1735 studio
946 1709 1000 1736 vir-

211 1762 284 1789 ttutis
306 1760 522 1796 proﬁciscentem
541 1757 709 1791 relinquens,
735 1755 757 1782 si
774 1755 883 1790 quidem
906 1754 999 1789 pietati

218 1815 281 1843 erga
296 1806 378 1833 Deum
392 1804 535 1835 studebat,
550 1802 741 1829 necessitatem
757 1805 861 1828 naturae
875 1800 998 1835 rapinam

219 1861 280 1881 eSse
294 1852 363 1880 falso
375 1851 451 1877 ducit
463 1871 469 1883 ,
484 1849 531 1884 qui
547 1848 691 1875 utilitatem
705 1846 845 1874 industriae
858 1847 892 1874 ad
906 1847 1001 1881 impie-

220 1903 306 1926 tatem
322 1898 350 1924 in
365 1896 449 1924 Deum
465 1894 574 1921 adhibet
588 1902 595 1926 ;
613 1897 643 1918 ut
659 1900 710 1919 nec
726 1892 833 1918 animus
848 1891 961 1927 ignavia:
975 1897 1001 1918 et

220 1943 326 1971 inertiae
340 1942 464 1973 deditus,
478 1946 539 1966 cum
555 1937 626 1964 male
640 1937 713 1971 agit,
730 1941 875 1972 pungatur,
897 1937 919 1964 si
938 1937 1001 1971 qui-

220 1989 283 2016 dem
311 1987 390 2014 alteri
416 1985 524 2012 cuidam
555 1983 691 2018 principio
718 1983 839 2010 actiones
868 1982 1000 2009 ascribit:

223 2041 310 2068 neque
334 2033 379 2067 qui
405 2030 495 2058 studio
517 2029 613 2060 utitur,
636 2028 717 2055 laude
738 2028 836 2063 dignus
858 2028 1001 2061 habeatur,

223 2080 322 2114 quippe
341 2078 387 2113 qui
408 2077 435 2103 in
456 2076 483 2103 id
505 2074 668 2110 cogitatione
689 2075 845 2107 incumbat,
871 2075 941 2109 quod
962 2078 1004 2101 est

223 2124 344 2151 omnium
362 2120 580 2150 atrocissimum.
599 2118 706 2146 institui
724 2118 830 2146 scilicet
847 2118 880 2146 ad
907 2119 1003 2154 impie-

223 2174 306 2197 tatem
321 2168 451 2195 adversus
466 2165 561 2192 Deum.

1048 1575 1085 1606 ὡς
1100 1574 1149 1609 τὴν
1163 1574 1261 1609 κρᾶσιν
1277 1572 1318 1608 εῐη
1335 1570 1446 1606 βελτίων
1457 1569 1507 1605 τῆς
1520 1567 1637 1602 φύσεως,
1655 1567 1670 1592 ὸ
1689 1565 1728 1600 μὴ
1744 1563 1828 1598 φύσει,

1048 1621 1122 1656 πόνῳ
1145 1619 1173 1645 δὲ
1195 1619 1241 1645 καὶ
1265 1618 1358 1653 ἱδρῶτι
1378 1615 1534 1652 χρώμενος·
1559 1613 1589 1645 ὃς
1604 1612 1636 1647 δὴ
1653 1611 1702 1638 καὶ
1718 1609 1830 1637 ἐπαινεῖ-

1050 1666 1112 1693 σθαι
1127 1665 1200 1692 οἴοιτ’
1214 1664 1257 1696 ἃν,
1270 1663 1316 1689 τοῦ
1327 1661 1442 1698 ἀληθοῦς
1453 1660 1563 1687 ἐπαίνου
1579 1657 1771 1693 στερούμενος.
1780 1655 1830 1689 Τὴν

1049 1711 1103 1747 γὰρ
1120 1709 1240 1741 εὐδοξίαν
1255 1707 1302 1735 τοῦ
1326 1707 1406 1734 πόνου
1425 1707 1474 1741 τῆς
1495 1704 1605 1741 ἀρετῆς,
1625 1703 1682 1736 εῐγε
1701 1701 1752 1735 τῆς
1762 1700 1832 1726 εὐσε-

1051 1746 1126 1788 ϐείας
1141 1755 1189 1790 τῆς
1201 1754 1267 1790 πρὸς
1276 1753 1340 1779 Θεὸν
1351 1752 1456 1786 ἠνύετο,
1465 1748 1690 1784 καταλιμπάνων,
1703 1746 1832 1781 ἅρπαγμα

1050 1801 1154 1837 ψευδῶς
1168 1801 1197 1827 τὸ
1211 1800 1358 1834 ἀναγκαῖον
1374 1798 1422 1832 τῆς
1444 1795 1550 1831 φύσεως
1564 1795 1682 1829 ἡγεῖται,
1700 1792 1731 1819 τὺ
1743 1792 1833 1826 χρήσι-

1054 1857 1102 1884 μον
1114 1847 1164 1882 τῆς
1177 1844 1330 1880 φιλοπονίας
1345 1843 1412 1878 πρὸς
1425 1842 1550 1869 ἀσέϐειαν
1565 1840 1635 1866 κατὰ
1652 1837 1722 1865 Θεοῦ
1741 1846 1832 1873 μετερ-

1052 1895 1176 1929 χόμενος·
1190 1892 1227 1923 ὡς
1241 1891 1308 1926 μήτε
1329 1890 1373 1916 τὸν
1401 1887 1525 1925 ῥᾳστώνῃ
1540 1886 1739 1922 προσκείμενον
1756 1883 1834 1918 πλήτ-

1052 1937 1145 1964 τεσθαι
1167 1937 1212 1962 τὸν
1231 1935 1291 1962 νοῦν
1306 1932 1542 1969 κακοπραγοῦντα,
1562 1931 1619 1964 εἴγε
1636 1930 1705 1966 ἄλλῃ
1719 1931 1752 1964 τῇ
1767 1930 1831 1964 ἀρχῇ

1053 1984 1183 2017 λογίζοιτο
1202 1983 1236 2008 τὰ
1255 1980 1436 2016 πραττόμενα,
1458 1978 1525 2013 μήτε
1540 1977 1584 2003 τὸν
1608 1975 1710 2010 σπουδῇ
1733 1975 1832 2010 χρώμε-

1055 2038 1097 2056 νον
1114 2029 1188 2060 ἄξιον
1205 2026 1273 2054 εἶναι
1296 2024 1498 2061 θαυμάζεσθαι,
1528 2022 1614 2050 καίτοι
1641 2020 1765 2056 λογισμῷ
1790 2028 1832 2046 πο-

1054 2075 1150 2102 νοῦντα
1165 2074 1231 2109 πρὸς
1247 2073 1277 2099 τὸ
1289 2073 1342 2099 τῶν
1360 2071 1466 2098 πάντων
1479 2068 1680 2104 χαλεπώτατον,
1696 2066 1765 2103 πρὸς
1778 2065 1832 2092 ἀσέ-

1055 2120 1130 2146 ϐειαν
1146 2119 1216 2146 κατὰ
1229 2117 1295 2145 Θεοῦ
1311 2115 1562 2151 παιδαγωγηθῆναι.

676 2221 740 2250 CAP.
762 2221 806 2248 ill.
824 2220 891 2247 Mali
908 2221 1026 2255 deﬁnitio
1046 2221 1186 2248 secundant
1203 2220 1373 2247 Manicltwos.

259 2285 326 2313 Cum
342 2291 405 2311 vero
420 2282 559 2310 Manichzei
575 2281 707 2308 rationem
722 2280 868 2307 creationis
881 2279 973 2306 mundi
988 2287 993 2306 :

1088 2280 1134 2314 Μὴ
1153 2278 1287 2309 συνιέντες
1304 2278 1331 2304 δὲ
1350 2278 1374 2303 οἱ
1396 2277 1441 2303 ἀπ’
1462 2275 1565 2302 ἐκείνου
1583 2274 1632 2309 τῆς
1644 2273 1691 2300 τοῦ
1715 2274 1781 2300 Θεοῦ
1794 2274 1832 2308 δη-

223 2333 278 2360 Deo
294 2331 358 2359 facti
375 2339 427 2357 non
443 2329 640 2364 intelligerent,
655 2334 710 2354 non
722 2327 809 2354 solum
825 2327 946 2353 actiones
960 2326 1007 2352 ho-

223 2378 328 2404 minum
352 2384 368 2403 a
392 2376 497 2402 ratione
525 2381 635 2401 aversas
660 2373 845 2403 exeutientes,
870 2379 902 2398 eo
925 2371 1005 2398 modo

223 2430 305 2458 quem
335 2421 473 2452 diximus,
499 2420 566 2454 lapsi
591 2422 676 2450 sunt,
699 2417 745 2444 scd
768 2417 848 2444 etiam
875 2417 1006 2451 plurimas

223 2473 366 2495 creaturas
378 2487 385 2499 ,
402 2467 456 2494 imo
474 2465 529 2492 fere
543 2464 632 2490 omnia
654 2464 681 2490 in
701 2462 803 2489 crimen
823 2466 1005 2495 vocaverunt,

224 2521 284 2549 quae
298 2513 400 2540 nullam
416 2516 504 2538 tamen
520 2509 745 2545 vituperationem
762 2515 823 2535 vere
838 2508 1004 2541 admittunt;

225 2557 296 2583 mala
309 2560 399 2583 autem
412 2555 468 2582 hare
478 2554 695 2590 appellaverunt,
711 2553 738 2579 in
752 2552 812 2579 aliis
826 2551 936 2587 quidem
952 2552 1004 2579 mi-

225 2604 342 2630 stionem
357 2601 576 2632 contrariorum,
600 2599 664 2627 boni
687 2599 793 2626 scilicet
817 2605 844 2626 et
868 2600 952 2632 mali,
977 2605 1007 2626 ut

224 2648 382 2682 loquuntur,
400 2647 583 2678 mentientes;
599 2645 626 2672 in
649 2645 710 2672 aliis
733 2652 796 2672 vero
821 2645 920 2671 malum
941 2645 1007 2672 sim-

226 2694 286 2728 plex
302 2699 329 2721 et
343 2694 425 2721 unius
443 2693 536 2719 forma:
551 2691 780 2726 reprehendentes
796 2700 802 2718 :
827 2696 854 2718 et
875 2695 1007 2725 quantum

226 2739 252 2765 in
266 2739 332 2772 ipsis
347 2739 396 2766 fuit
407 2759 414 2770 ,
429 2739 519 2765 omnia
534 2737 725 2769 confuderunt,
740 2737 907 2772 appellantes
922 2737 1003 2768 mala,

227 2792 286 2820 quae
301 2785 409 2812 minime
424 2785 493 2812 mala
508 2788 581 2812 sunt.
599 2783 628 2811 Si
644 2784 717 2812 enim
731 2783 893 2818 injustitiam
909 2783 936 2810 in
951 2790 1004 2817 qua

1057 2325 1198 2361 μιουργίας
1220 2324 1265 2351 τὸν
1288 2324 1375 2358 λόγον,
1391 2323 1420 2348 οὑ
1437 2322 1516 2357 μόνον
1537 2320 1591 2347 τῶν
1615 2320 1769 2356 ἀνθρώπων
1791 2320 1831 2350 τὶς

1056 2371 1225 2408 παραλόγους
1240 2371 1351 2406 πράξεις
1363 2370 1548 2401 ἐξετάσαντες,
1560 2367 1606 2394 τὸν
1625 2367 1772 2402 εἰρημένον
1784 2366 1832 2401 τρό-

1057 2427 1106 2444 πον
1121 2417 1286 2451 ἐσφάλησαν,
1305 2415 1371 2442 ἀλλὰ
1386 2416 1432 2441 καὶ
1445 2414 1556 2440 πλεῖστα
1568 2413 1621 2439 τῶν
1633 2412 1832 2449 δημιουργημά-

1056 2473 1110 2490 των
1120 2472 1127 2479 ⁵
1145 2463 1244 2498 μᾶλλον
1261 2463 1307 2488 καὶ
1330 2461 1421 2497 σχεδον
1437 2461 1553 2492 ἅπαντα,
1567 2459 1649 2494 ψόγον
1663 2458 1761 2484 οὐδένα
1773 2457 1833 2484 κατὰ

1058 2510 1089 2537 τὺ
1113 2510 1210 2545 ἀληθὲς
1235 2508 1422 2543 ὲπιδεχόμενα,
1440 2506 1580 2533 διέϐαλον·
1604 2504 1679 2531 κακὰ
1704 2504 1732 2531 δὲ
1759 2503 1835 2530 ταῦτα

1060 2557 1219 2592 προσεῖπον,
1232 2555 1285 2581 τῶν
1307 2554 1355 2589 μὲν
1370 2554 1467 2589 κρᾶσιν
1490 2553 1543 2579 τῶν
1556 2551 1695 2581 ἐναντίων,
1717 2550 1754 2582 ὥς
1767 2557 1835 2584 φασι,

1060 2602 1144 2628 κακοῦ
1160 2610 1190 2628 τε
1210 2601 1257 2627 καὶ
1277 2599 1378 2634 ἀγαθοῦ
1400 2598 1645 2633 καταψευσάμενοι,
1666 2596 1722 2623 τῶν
1742 2596 1772 2622 δὲ
1795 2604 1835 2630 μο-

1059 2647 1147 2682 νοειδῆ
1165 2646 1263 2674 κακίαν
1286 2646 1469 2676 κατειπόντες,
1494 2644 1541 2670 καὶ
1566 2643 1695 2678 συνέχεάν
1718 2642 1781 2676 τόγε
1800 2641 1835 2667 ἐπ’

1056 2693 1151 2730 ἀὐτοῖς
1165 2691 1198 2718 τὰ
1209 2691 1306 2721 πάντα,
1320 2690 1392 2717 κακὰ
1405 2689 1438 2716 τὰ
1453 2688 1585 2725 μηδαμῶς
1597 2687 1670 2714 κακὰ
1687 2686 1837 2722 προσειπάνο

1057 2745 1113 2769 τες.
1130 2738 1161 2764 Εἰ
1177 2737 1224 2772 μὲν
1241 2736 1295 2772 γὰρ
1308 2735 1357 2771 τὴν
1372 2735 1446 2771 παρὰ
1460 2734 1614 2770 ἀνθρώποις
1633 2732 1744 2759 ἀδικίαν
1765 2732 1836 2767 μόνην

1058 2779 1140 2808 οὖσαν
1161 2780 1266 2808 ἀδικίαν
1287 2780 1408 2807 διέϐαλον
1429 2781 1469 2812 εἰς
1490 2779 1599 2811 κακίαν,
1624 2778 1711 2814 ἐχρῆν
1733 2778 1782 2813 μὲν
1800 2776 1836 2803 καὶ
