1900 3070
86 143 148 172 Ιοῖδ

614 141 798 169 ADVERSUS
817 139 1025 168 MANICIIEOS
1045 139 1107 166 LIB.
1131 140 1149 166 l.

1628 139 1698 166 1074

83 199 164 228 οὕτως
178 196 377 231 ἀσφαλίζεσθαι
391 197 414 223 τ’
430 197 515 232 ὄνομα
531 197 578 224 καὶ
590 197 639 233 τὴν
652 198 715 233 περὶ
730 198 814 232 αὐτῆς
827 197 867 223 δό-

921 196 1043 223 bomines
1058 199 1137 226 sunt.
1153 201 1212 229 quae
1227 194 1285 221 sola
1300 198 1342 222 est.
1363 193 1496 229 iujustitia
1510 213 1516 225 ,
1537 199 1698 222 accusarent

83 245 138 278 ξαν,
152 243 190 274 ὡς
199 242 376 279 ὑπαρχούσης
386 243 432 269 καὶ
450 243 487 279 μὴ
497 243 682 278 ὑπαρχούσης,
695 243 723 270 ἕν
733 252 762 270 τε
775 244 812 279 (‘2)
828 243 865 279 τῷ

84 290 259 325 πράττεσθαι,
283 289 329 316 καὶ
353 290 391 325 μὴ
410 289 593 324 πράττεσθαι·
614 290 713 324 ἥκιστα
731 290 759 316 δὲ
779 290 866 325 ἀρχὴν

85 336 235 369 ἐπεισάγειν
260 335 344 370 αὐτὴν
358 334 444 370 Δκατὰ
471 334 554 361 Θεοῦ·
583 335 658 370 ὅμως
681 335 702 361 δ’
724 334 757 361 ἂν
775 335 866 365 αὐτοῖς

84 381 299 417 εὐπερίγραπτον
321 378 355 415 ἧν
368 381 397 407 τὸ
419 380 537 416 σφάλμα.
559 381 627 408 Νυνὶ
645 381 673 407 δὲ
691 380 781 415 σχεδὸν
797 380 867 407 ἃπα-

85 436 130 454 σαν
151 427 202 462 τὴν
227 426 408 462 δημιουργίαν
435 427 610 459 κακίσαντες,
640 427 790 462 ὑπέρογκον
818 426 865 462 τὴν

86 472 256 507 βλασφημίαν
273 471 342 498 κατὰ
358 471 424 498 Θεοῦ
441 472 613 506 πεποίηνται,
631 472 678 498 καὶ
699 473 866 507 παράγουσιν

85 518 332 553 ὼςομολογούμενα
349 517 386 551 τῷ
405 518 476 553 λόγῳ
498 519 544 545 καὶ
566 519 652 545 πάντα
670 518 703 545 τὰ
720 518 800 554 θηρία
819 519 866 545 καὶ

86 563 116 590 τὰ
126 563 261 595 κνώδαλα,
275 563 323 588 οὐκ
342 564 457 598 οἰόμενοι
472 563 570 599 χρῆναι
581 563 649 599 πρὸς
663 563 764 598 ἀγαθοῦ
780 565 866 590 ταῦτα

86 609 255 644 γεγενῆσθαι,
284 609 333 635 οὐκ
356 609 479 645 ἄχρηστοι
505 609 594 644 μόνον,
619 609 657 641 ὼς
688 610 865 645 ὑπειλήφασιν

86 655 155 686 ὄντα,
168 654 238 680 ἀλλὰ
252 655 298 681 καὶ
310 654 368 680 λίαν
380 654 531 690 ἀνθρώποις
547 654 746 690 βλαϐερώτατα·
762 656 864 682 καίτοι-

86 709 114 734 γε
128 700 267 734 δειχθῆναι
281 700 427 734 δυνάμενα,
444 699 482 731 ὡς
498 699 596 735 μᾶλλον
610 700 804 736 ὠφελιμώτερα
820 702 866 728 καὶ

86 745 278 780 χρησιμώτερα
301 745 444 780 τυγχάνει,
464 745 536 779 ἥπερ
553 744 588 770 τὰ
608 744 690 776 ὅντως
715 745 866 780 ἀνθρώποις

86 790 228 816 λυσιτελεῖν
248 790 377 816 δοκοῦντα
389 799 395 805 ·
417 791 463 817 καὶ
480 790 564 816 πολλὰ
581 790 628 825 μὲν
643 791 690 817 καὶ
706 791 785 826 ἕτερα
807 800 866 818 συν-

86 835 200 870 είρουσιν
216 835 258 866 είς
272 834 396 870 διαϐολὴν
413 834 466 862 τῶν
480 834 573 866 ὅντων,
591 835 637 860 καὶ
656 835 705 870 τῆς
724 835 778 862 τῶν
798 836 865 863 ὅλων

85 881 248 915 διοικήσεως.

879 883 899 910 Β

918 246 1046 275 tanquatn
1061 241 1161 267 malum
1175 249 1182 272 ;
1197 240 1237 266 sic
1248 239 1328 266 etiam
1341 240 1481 274 oportebat
1491 247 1589 267 nomen
1600 245 1626 267 et
1640 241 1699 275 opi-

916 288 1025 314 nionem
1040 287 1073 314 de
1085 293 1116 313 ea
1131 287 1247 317 munire,
1263 289 1390 320 tanquam
1405 293 1464 320 quae
1478 291 1566 319 esset,
1578 286 1642 313 dum
1657 290 1698 314 est

917 334 1005 367 actio;
1022 337 1068 360 aut
1079 339 1133 359 non
1146 336 1233 362 esset,
1247 331 1310 357 dum
1322 338 1376 358 non
1391 335 1432 358 cst
1445 331 1526 358 actio:
1540 339 1593 358 non
1608 335 1697 359 autem

916 380 1062 416 oportebat
1096 379 1270 406 introducere
1300 378 1463 412 principium
1486 379 1575 413 ipsum
1602 383 1697 406 contra

916 426 1000 454 Deum
1016 437 1022 453 :
1040 426 1136 454 fuisset
1150 429 1239 452 tamen
1258 431 1350 451 eorum
1366 431 1443 451 error
1461 424 1562 452 aﬁatim
1581 425 1698 452 circum-

917 473 1036 507 scriptus
1049 476 1076 499 et
1089 471 1261 499 terminatus.
1276 469 1353 496 Nunc
1368 474 1455 496 autem
1469 478 1528 497 cum
1543 470 1597 497 fere
1607 470 1698 497 omnia

916 526 976 552 quze
989 517 1120 544 fabricata
1133 520 1211 548 sunt,
1226 516 1296 542 mala
1309 523 1369 542 csse
1380 516 1470 542 dicant
1484 535 1490 547 ,
1504 516 1698 550 blasphemiam

917 564 944 590 in
959 563 1043 590 Deum
1057 563 1085 589 in
1100 562 1234 589 inﬁnitum
1248 567 1399 592 auxerunt,
1421 565 1446 588 et
1469 561 1620 595 producunt
1639 567 1699 588 tan—

916 618 997 645 quam
1020 614 1094 637 certa
1114 613 1141 636 et
1160 609 1265 636 ratione
1287 615 1318 634 ac
1337 607 1442 642 judicio
1457 607 1570 642 probata
1582 628 1589 638 ,
1605 615 1699 634 omnes

917 657 1019 684 bestias
1035 661 1061 683 et
1076 655 1163 686 feras,
1179 662 1234 681 non
1250 658 1377 688 putantes
1399 657 1526 688 oportere
1546 652 1616 679 facta
1640 660 1699 680 esse

916 703 973 729 haec
989 704 1007 729 a'
1019 702 1107 733 bono,
1124 708 1178 728 non
1194 701 1281 728 solum
1303 707 1398 727 eorum
1421 698 1549 734 opinione
1572 698 1678 725 inutilia
1690 719 1697 728 .

920 748 968 776 sed
982 747 1138 774 hominibus
1154 746 1359 774 nocentissima.
1372 745 1503 778 Quamvis
1518 744 1699 772 demonstrari

917 792 1021 828 possint
1036 792 1145 819 utiliora
1159 795 1186 819 et
1200 791 1384 819 commodiora
1404 797 1464 817 esse
1485 797 1566 824 quam
1588 798 1620 817 ea
1640 797 1700 824 quae

916 846 979 865 vere
991 836 1147 864 hominibus
1159 836 1312 864 conducere
1325 836 1469 862 videantur
1482 844 1488 866 ;
1504 842 1536 862 ac
1548 836 1634 862 multa
1645 837 1701 870 qui-

915 887 974 910 dem
990 884 1040 910 alia
1057 887 1221 910 connectunt
1236 881 1268 908 ad
1285 881 1486 908 accusationem
1503 888 1593 908 rerum
1609 885 1636 908 et
1649 890 1700 917 gu-

911 928 1086 955 bernationis
1103 927 1235 954 universi.

661 981 725 1008 Car.
749 981 792 1010 IV.
814 982 953 1012 Met/todus
969 984 1132 1018 disputandi.

124 1027 150 1054 '0
169 1027 198 1053 δὲ
224 1027 304 1062 λόγος
329 1027 404 1054 οὐδὲν
426 1027 618 1054 ἀναπόδεικτον
634 1027 687 1054 τῶν
707 1037 737 1054 τε
757 1029 868 1064 εἰρημέ-

86 1081 134 1100 νων
157 1073 203 1100 καὶ
227 1073 421 1109 ῥηθησομένων
441 1073 598 1100 καταλιπεῖν
623 1073 798 1109 πειράσεταΨ
823 1074 869 1101 δύο

87 1118 136 1154 γὰρ
151 1119 280 1146 ἐναντίων
295 1119 401 1154 φύσεων
422 1121 520 1155 κρᾶσιν
541 1120 570 1146 ὲν
585 1120 641 1151 τοῖς
661 1118 720 1146 οὖσι
738 1120 870 1154 φανταζόσ

89 1173 168 1199 μενοι,
178 1165 336 1200 διανέμουσι
356 1165 467 1197 ταύταις
487 1164 522 1192 τὰ
547 1165 610 1193 ὅντα
633 1165 703 1192 κατὰ
723 1166 754 1192 τὸ
775 1166 869 1193 δοκοῦν

88 1210 182 1242 αὐτοῖς.
201 1211 299 1243 Πόθεν,
313 1211 446 1245 λέγοντες,
461 1210 496 1238 τὰ
509 1211 591 1243 κακὰ,
600 1212 624 1239 εί
640 1212 676 1248 μὴ
689 1212 720 1240 ἐκ
733 1221 805 1243 τινος
817 1213 866 1248 ἀρ-

88 1255 134 1291 χῆς
146 1256 191 1282 καὶ
207 1256 295 1283 ταῦτα
308 1256 450 1292 τυγχάνει;
464 1257 494 1283 Εί
510 1257 537 1283 δέ
550 1266 592 1289 τις
606 1258 763 1294 ἐρωτήσειευ
782 1259 863 1291 Ποῖα;

89 1302 233 1338 συνείρουσι
252 1302 288 1329 τὰ
307 1304 361 1330 τῶν
386 1303 535 1340 ἀνθρώπων
557 1305 740 1340 ἁμαρτήματα
764 1306 810 1332 καὶ
831 1305 866 1331 τὰ

87 1347 129 1374 τοῦ
141 1347 206 1375 Θεοῦ
223 1349 461 1385 δημιουργήματα,
471 1350 518 1377 καὶ
532 1350 616 1385 αὐτὴν
627 1350 690 1386 ὃλην
707 1351 755 1385 τὴν
768 1351 866 1377 πάνσο-

88 1402 132 1428 φον
147 1395 301 1430 οἰκονομίαν
318 1396 489 1428 κακίζουσιν·
510 1397 548 1428 ὼς
569 1396 596 1422 εἴ
611 1404 652 1429 τις
671 1396 764 1429 δείξειε
782 1397 869 1423 πάντα

89 1439 171 1470 καλῶς
189 1441 236 1467 καὶ
256 1441 411 1475 ἀναγκαίως
431 1442 569 1476 γεγονέναι
593 1442 640 1469 καὶ
660 1442 808 1476 γίγνεσθαι,
829 1444 868 1469 οῖ-

89 1493 156 1519 χεται
171 1487 263 1518 αὐτοῖς
277 1486 306 1519 ἐξ
320 1486 440 1523 ἀνάγκης
461 1487 476 1513 ὁ
496 1488 558 1523 περὶ
578 1487 627 1522 τῆς
645 1488 768 1520 ἐναντίας
782 1489 868 1524 ἀρχῆς

89 1529 168 1564 λόγος.
184 1531 230 1567 Μὴ
242 1532 297 1567 γὰρ
311 1533 455 1565 συνιέντες,
472 1533 545 1565 ὅπως
563 1533 618 1568 ἔχει
631 1533 665 1560 τὰ
687 1534 771 1566 κάτω,
787 1534 869 1561 ἐπλά-

89 1583 162 1602 σαντυ
178 1578 241 1612 περὶ
257 1577 291 1604 τὰ
309 1577 365 1604 ἄνω
375 1586 381 1593 ·
402 1579 468 1614 μηδὲ
485 1578 680 1610 καταλαϐόντες
693 1579 752 1606 τίνα
768 1579 868 1615 τρόπον

88 1619 213 1649 διάκειται
227 1622 260 1649 τὰ
276 1622 410 1658 ὁρώμενα,
425 1624 646 1659 ὲσυκοφάντησαν
662 1624 692 1650 τὸ
713 1623 749 1660 μὴ
764 1623 869 1660 ὁρώμε-

89 1673 144 1692 νον·
169 1669 215 1694 καὶ
238 1665 340 1703 γνῶναι
364 1669 564 1702 σπουδάσαντες
588 1669 631 1696 διὰ
651 1670 681 1696 τὸ
705 1669 741 1705 μὴ
757 1669 867 1704 γνῶναι,

89 1711 178 1749 ἀγνοίᾳ
195 1713 298 1749 μείζονι
317 1715 479 1750 περιέπεσον
492 1724 500 1730 ·
521 1715 559 1747 ὡς
579 1715 634 1750 γὰρ
655 1716 683 1741 ὲν
709 1716 798 1754 σκότει
820 1716 869 1751 τὴν

89 1760 146 1794 περὶ
162 1760 216 1787 τῶν
242 1761 411 1796 φαινομένων
440 1761 541 1788 ἔννοιαν
564 1761 716 1797 ζητοῦντες,
739 1762 768 1788 οὐ
791 1762 869 1797 μόνον

88 1804 132 1839 οὐχ
147 1803 232 1841 εὗρον,
248 1807 262 1833 ὃ
274 1806 363 1842 ζητεῖν
377 1807 495 1840 ἐδόκουν,
511 1807 578 1834 ἀλλὰ
595 1807 641 1834 καὶ
660 1807 748 1843 μεῖζον
765 1808 869 1839 ἑαυτοῖς

89 1849 115 1875 τὸ
131 1851 221 1884 σκότος
233 1852 284 1887 τῆς
297 1853 407 1886 ἀγνοίας
422 1854 611 1889 πεποιήκασιν.
627 1855 720 1889 Ἡμεῖς
738 1854 776 1887 δὲ,
795 1853 869 1889 πρῶ-

89 1903 130 1922 τον
153 1898 281 1932 περὶτῶν
307 1898 353 1924 δύο
377 1898 504 1925 ἐναντίων
531 1899 621 1935 ἀρχῶν
642 1899 674 1930 ἃς
699 1899 868 1926 ὑποτίθενται

89 1940 263 1976 διαλαϐόντες,
279 1944 364 1975 οὕτως
379 1944 479 1979 ἥξομεν
499 1946 567 1980 προς
587 1946 636 1980 τὴν
650 1945 718 1981 ὑπὲρ
735 1945 786 1971 τῶν
802 1945 869 1971 ὅλων

89 1986 225 2020 ἀπόδειξιν,
241 1989 279 2020 ὡς
290 1988 378 2015 καλῶν
392 1990 438 2015 καὶ
459 1989 612 2023 ἀναγκαίων
625 1989 708 2015 ὄντων
728 1989 865 2021 ἁπάντων,

90 2034 132 2059 καὶ
143 2034 262 2067 ἐκείνων,
271 2036 307 2066 ὡς
325 2035 466 2071 προλαῦὼν
483 2035 559 2070 ἔφην,
574 2036 689 2070 μάλιστα
701 2035 761 2062 καθ’
777 2033 867 2070 ὦνπερ

91 2077 210 2115 πλείστην
231 2081 403 2117 καταδρομὴν
421 2082 569 2113 ποιοῦνται,
591 2083 628 2114 ὡς
648 2082 868 2118 ὁμολογουμένων

91 2125 190 2152 κακῶν·
208 2126 292 2153 ἔτιδὲ
318 2128 364 2153 καὶ
388 2127 436 2162 τῆς
465 2127 518 2153 τῶν
543 2128 610 2154 ὅλων
630 2128 796 2164 διοικήσεως,
823 2128 869 2155 καὶ

90 2169 120 2196 δι’
138 2168 173 2198 ὧν
197 2174 309 2208 πικρίαν
333 2174 416 2209 αὐτῆς
437 2173 600 2208 ἀγνωμόνως
626 2173 867 2210 καταψηφίζονται,

90 2216 120 2242 τὰ
144 2218 339 2255 ἀναγκαιότερα
363 2219 566 2254 οίκονομούσης,
597 2220 626 2246 οὐ
657 2220 709 2255 μὴν
731 2219 798 2246 ἀλλὰ
821 2219 868 2246 καὶ

91 2262 214 2297 περὶτῶν
231 2265 306 2300 παρὰ
320 2265 473 2301 ἀνθρώποις
495 2265 679 2300 ἀδικημάτων,
698 2265 735 2296 ὡς
753 2265 812 2291 οὐδὲ
825 2265 870 2291 διὰ

91 2307 168 2335 ’ταῦτα
186 2311 306 2346 προσῆκε
331 2311 428 2343 κακίας
448 2311 533 2347 ἀρχὴν
559 2310 628 2337 κατὰ.
652 2310 718 2337 Θεοῦ
739 2310 870 2344 φαντάζε-

92 2352 161 2379 σθαι·
178 2356 346 2392 δειχθήσεται
363 2357 416 2393 γὰρ
432 2358 468 2388 ὡς
484 2357 531 2384 καὶ
555 2356 640 2383 ταῦτα
660 2356 706 2383 τοῦ
725 2358 869 2392 πεποιηκό-

91 2405 131 2429 τος
150 2400 219 2435 ἡμᾶς
240 2403 365 2437 ἐμφαίνει
389 2404 437 2438 τὴν
462 2403 631 2438 ἀγαθότητα·
655 2403 700 2429 καὶ
724 2402 785 2429 οὔτε
799 2403 868 2430 κατὰ

93 2442 208 2480 βούλησιν
231 2447 313 2473 αὑτοῦ
339 2447 405 2483 πρὸς
428 2447 576 2483 ἀνθρώπων
599 2448 729 2482 γίγνεται,
753 2446 813 2474 οὔτε
836 2447 867 2473 ἐκ

91 2495 156 2521 τινος
171 2493 258 2524 αἰτίας
277 2494 390 2529 ἦάρχῆς
406 2493 465 2520 καθ’
485 2494 563 2529 ἡμῶν
579 2494 699 2530 φέρεται.

882 1555 903 1584 C

955 1030 1069 1058 Dabitur
1085 1037 1149 1057 vero
1164 1036 1255 1064 opera,
1275 1033 1303 1056 ut
1321 1028 1388 1056 nihil
1408 1032 1463 1055 tam
1477 1035 1571 1055 eorum
1584 1035 1643 1062 qua;
1658 1027 1700 1054 di—

920 1082 974 1110 cta,
994 1085 1074 1112 quam
1094 1084 1154 1111 qum
1171 1075 1286 1103 dicenda
1314 1079 1399 1105 sunt,
1420 1073 1569 1108 disputatio
1585 1081 1639 1100 non
1657 1080 1701 1100 ra-

921 1123 994 1150 tione
1017 1122 1176 1148 conclusum
1203 1120 1357 1154 relinquat:
1375 1118 1479 1152 lingunt
1498 1118 1570 1145 enim
1593 1117 1698 1152 cogita-

919 1168 992 1195 tione
1016 1167 1131 1194 duarum
1155 1171 1315 1193 naturarum
1331 1165 1530 1192 contrariarum
1559 1163 1701 1190 admistio-

919 1221 992 1247 netu,
1004 1217 1031 1241 et
1042 1213 1096 1245 bis,
1111 1216 1141 1240 ut
1154 1213 1194 1240 eis
1209 1213 1325 1245 videtur,
1341 1220 1385 1240 res
1410 1218 1504 1238 omnes
1520 1209 1699 1237 distribuunt.

919 1259 1070 1292 Undenam,
1083 1259 1218 1294 inquiunt,
1237 1259 1325 1290 mala,
1349 1259 1371 1285 si
1396 1258 1453 1284 haec
1478 1264 1531 1283 non
1556 1263 1589 1283 ex
1610 1255 1700 1290 ali‘quo

919 1306 1052 1341 principio
1067 1306 1147 1333 sunt?
1176 1304 1204 1331 Si
1226 1305 1287 1339 quis
1305 1304 1377 1331 vero
1393 1306 1583 1338 percontetur,
1610 1301 1700 1336 qualia

920 1355 1030 1386 peccata
1046 1351 1072 1378 in
1098 1351 1223 1378 homines
1246 1349 1396 1376 confertis?
1419 1348 1592 1382 Quacunque
1616 1347 1700 1374 fabri-

919 1401 996 1424 catus
1010 1401 1051 1424 est
1067 1396 1147 1427 Deus,
1163 1400 1190 1422 et
1211 1399 1293 1422 totam
1311 1395 1397 1430 ipsam
1412 1402 1503 1422 rerum
1530 1392 1701 1428 sapientissi-

920 1451 992 1470 mam
1023 1442 1247 1477 compositionem
1279 1449 1311 1468 ac
1342 1440 1565 1476 gubernationem
1594 1439 1700 1473 vitupe—

918 1493 998 1516 rant:
1018 1493 1046 1516 ut
1067 1489 1122 1523 jam
1154 1489 1177 1515 si
1195 1488 1257 1522 quis
1280 1487 1449 1514 demonstret
1473 1486 1563 1513 omnia
1590 1485 1659 1511 bene
1675 1488 1702 1510 et

920 1536 1076 1564 necessario
1092 1534 1162 1561 facta
1175 1541 1236 1562 esse
1252 1537 1278 1560 ct
1296 1532 1372 1565 fieri,
1399 1539 1510 1559 necesse
1534 1535 1575 1558 est
1595 1531 1702 1558 excidat

919 1582 958 1609 eis
971 1585 998 1608 et
1009 1581 1097 1608 avolet
1108 1580 1177 1607 ratio
1193 1578 1323 1606 contrarii
1346 1577 1485 1612 principii.
1498 1577 1565 1604 Cum
1580 1576 1652 1603 enim
1670 1583 1701 1601 ea

918 1635 979 1663 quae
1005 1627 1075 1654 intra
1097 1631 1171 1657 sunt,
1195 1632 1249 1652 non
1267 1623 1477 1654 intellexissent,
1490 1621 1626 1657 quomodo
1654 1621 1702 1648 ha-

918 1675 1001 1702 beant
1014 1674 1048 1701 de
1062 1674 1095 1701 iis
1107 1680 1166 1708 quae
1177 1675 1241 1700 sunt
1255 1678 1347 1706 supra,
1361 1674 1424 1698 sunt
1440 1669 1598 1700 commenti,
1613 1675 1702 1703 neque

919 1720 1105 1756 percepissent
1120 1718 1254 1754 quomodo
1270 1726 1301 1745 ea
1324 1725 1384 1753 qua),
1398 1716 1523 1743 videntur
1535 1736 1542 1748 ,
1569 1715 1701 1750 disposita

919 1767 984 1798 sint,
997 1766 1023 1793 id
1039 1765 1111 1801 quod
1127 1772 1180 1792 non
1192 1765 1307 1802 videtur,
1322 1762 1481 1791 calumniati
1497 1764 1581 1794 sunt;
1598 1765 1625 1789 et
1638 1768 1700 1788 cum

919 1811 1028 1838 studere
1039 1811 1206 1842 viderentur,
1218 1814 1248 1837 ut
1259 1811 1454 1845 cognoscerent
1463 1826 1470 1839 ,
1497 1806 1560 1842 quia
1585 1813 1640 1833 non
1656 1813 1702 1833 co-

918 1860 1084 1893 gnoverunt,
1114 1857 1140 1885 iu
1163 1857 1293 1892 maiorem
1323 1854 1506 1891 ignorantiam
1526 1852 1700 1880 inciderunt:

919 1904 1018 1931 ctenim
1030 1904 1113 1931 veluti
1131 1903 1156 1930 in
1169 1903 1288 1931 tenebris
1304 1905 1466 1937 quaererent,
1479 1907 1539 1934 qua:
1554 1899 1586 1926 de
1598 1899 1630 1926 iis
1643 1906 1703 1933 qua:

919 1953 1062 1984 apparent,
1076 1948 1249 1983 ignorabant,
1273 1955 1328 1975 non
1346 1946 1434 1975 solum
1450 1953 1503 1972 non
1521 1945 1701 1974 invenerunt,

919 1993 993 2030 quod
1010 2002 1132 2029 quaarere
1158 1994 1341 2026 videbantur;
1373 1992 1439 2027 quin
1469 1991 1560 2026 potius
1583 1989 1702 2023 majores

919 2041 1080 2076 ignorantiae
1097 2041 1223 2068 tenebras
1246 2040 1297 2067 sibi
1314 2038 1478 2066 otiuderunt.
1503 2036 1558 2064 Nos
1571 2044 1636 2063 vero
1650 2035 1704 2071 pri-

921 2093 966 2113 mo
979 2085 1013 2112 de
1028 2085 1135 2112 duobus
1160 2085 1303 2119 principiis
1323 2083 1485 2114 contrariis,
1503 2089 1563 2117 quae
1589 2084 1702 2116 ponunt,

919 2132 1096 2164 disserentes,
1117 2132 1149 2158 ad
1174 2131 1376 2158 conclusionem
1406 2129 1648 2166 argumentationis
1671 2127 1704 2154 de

921 2177 1049 2204 universo
1063 2177 1223 2204 veniemus:
1242 2183 1302 2204 esse
1325 2176 1428 2203 scilicet
1443 2176 1515 2202 bona
1533 2178 1560 2201 et
1578 2180 1704 2200 necessa-

884 2233 906 2260 ι)
919 2223 959 2249 ria
975 2223 1076 2254 omnia,
1091 2226 1118 2249 et
1136 2222 1181 2248 illa
1197 2221 1324 2251 maxime,
1339 2225 1369 2247 ut
1383 2220 1509 2255 superius
1525 2219 1591 2249 dixi,
1605 2218 1632 2244 in
1644 2226 1704 2252 qua:

921 2269 1068 2296 maximum
1083 2268 1212 2303 impetum
1227 2272 1254 2294 et
1266 2268 1406 2294 incursum
1421 2266 1534 2298 faciunt,
1550 2264 1629 2300 quasi
1644 2271 1703 2290 om-

919 2315 994 2342 nium
1011 2322 1142 2342 concessu
1159 2313 1229 2340 mala
1246 2313 1314 2345 sint;
1330 2316 1458 2346 praeterea
1477 2311 1557 2338 etiam
1581 2308 1702 2336 omnium

920 2368 1010 2387 rerum
1028 2359 1263 2394 gubernationem,
1282 2363 1362 2392 atque
1383 2358 1428 2384 illa
1449 2357 1476 2383 in
1487 2356 1588 2390 quibus
1600 2353 1704 2381 severi-

921 2409 1003 2433 tatem
1022 2404 1213 2439 providentiaa,
1241 2412 1314 2438 qua.
1344 2410 1404 2437 qum
1431 2402 1518 2435 magis
1548 2398 1703 2427 necessaria

921 2454 996 2481 sunt,
1014 2456 1205 2485 procurantur,
1222 2449 1393 2484 improbant;
1414 2452 1440 2474 et
1464 2455 1516 2473 non
1533 2445 1620 2473 solum
1633 2444 1700 2475 haec,

920 2495 967 2523 sed
976 2496 1008 2524 de
1019 2497 1053 2524 iis
1062 2497 1142 2523 etiam
1150 2504 1209 2530 qum
1221 2496 1290 2530 apud
1308 2494 1430 2521 homines
1445 2493 1545 2527 injuste
1560 2491 1638 2521 ﬁunt,
1655 2497 1703 2516 ne-

93 2542 140 2568 ‘llle
153 2544 260 2574 propter
274 2541 330 2567 haec
343 2540 504 2575 principium
518 2541 580 2567 mali
597 2545 691 2568 contra
706 2541 789 2568 Deum
809 2545 934 2576 oportere
953 2543 1073 2578 cogitare
1086 2553 1092 2570 :
1111 2543 1269 2570 docebimus
1283 2542 1354 2569 enim
1380 2541 1436 2568 haec
1451 2541 1531 2567 ctiam
1554 2537 1701 2566 bonitatem

95 2579 136 2608 υεί
154 2585 198 2618 qui
213 2580 265 2614 nos'
280 2586 356 2619 fecit,
376 2586 531 2619 declarare;
557 2592 582 2614 et
600 2595 687 2622 neque
701 2587 735 2614 ab
748 2587 902 2615 hominibus

94 2630 212 2664 ‘l'lopiam
229 2633 368 2660 contrario
382 2634 409 2660 in
425 2641 475 2660 nos
489 2632 564 2660 ferri.

923 2589 978 2616 fieri
993 2590 1142 2617 secundum
1168 2590 1334 2618 voluntatem
1355 2587 1421 2619 Dei,
1445 2594 1493 2614 nec
1510 2594 1544 2613 ex
1568 2582 1702 2620 principio

629 2679 692 2706 Car.
714 2678 744 2705 ν.
762 2680 800 2705 An
817 2679 867 2705 duo
887 2679 1014 2713 principia
1032 2679 1161 2712 opposita.

124 2734 267 2771 Τοιγαροῦν
290 2739 381 2765 λοιπὸν
407 2740 452 2765 ἐπὶ
475 2739 523 2774 τὴν
549 2739 633 2774 ἀρχὴν
656 2739 704 2773 τῆς
731 2739 867 2773 μυθώδους

94 2777 210 2814 ἀσεϐείας
228 2783 316 2810 αὐτῶν
337 2784 467 2820 ἔλθωμεν,
493 2785 678 2818 ἐξετάζοντες,
703 2787 726 2812 εί
753 2786 868 2822 παραδὲ-

128 2835 162 2870 (ἳ)
174 2836 254 2873 Edili,
270 2840 339 2867 εὖτε.
359 2841 436 2868 Ent'r.

956 2738 1040 2774 igitur
1064 2738 1253 2774 aggrediamur
1270 2735 1397 2772 deinceps
1417 2736 1448 2762 ad
1472 2734 1632 2770 principium
1652 2734 1704 2761 im-

923 2785 1029 2820 pietatis
1044 2784 1152 2812 illorum
1163 2784 1353 2812 commentitiae
1364 2803 1371 2816 ,
1399 2783 1569 2817 inquirontes
1580 2801 1586 2813 ,
1614 2783 1703 2808 utrum
