  <div class='ocr_page' id='page_1' title='image "/cluster/home/n/w/nwhite01/storage/ocr_20150623/18/njp.32101077772455/865.png"; bbox 0 0 1900 3070; ppageno 0'>
   <div class='ocr_carea' id='block_1_1' title="bbox 198 134 323 162">
    <p class='ocr_par' dir='ltr' id='par_1_1' title="bbox 198 134 323 162">
     <span class='ocr_line' id='line_1_1' title="bbox 198 134 323 162; baseline 0.008 -1"><span class='ocrx_word' id='word_1_1' title='bbox 198 134 267 162; x_wconf 76' lang='grc'><strong>1075</strong></span> <span class='ocrx_word' id='word_1_2' title='bbox 315 148 323 156; x_wconf 63' lang='grc' dir='ltr'><strong>ι</strong></span> 
     </span>
    </p>
   </div>
   <div class='ocr_carea' id='block_1_2' title="bbox 764 134 1244 165">
    <p class='ocr_par' dir='ltr' id='par_1_2' title="bbox 764 134 1244 165">
     <span class='ocr_line' id='line_1_2' title="bbox 764 134 1244 165; baseline 0.006 -4"><span class='ocrx_word' id='word_1_3' title='bbox 764 134 834 162; x_wconf 84' lang='lat' dir='ltr'><strong>TITI</strong></span> <span class='ocrx_word' id='word_1_4' title='bbox 856 135 1071 164; x_wconf 81' lang='lat' dir='ltr'><strong>BOSTRENSIS</strong></span> <span class='ocrx_word' id='word_1_5' title='bbox 1088 135 1244 165; x_wconf 82' lang='lat' dir='ltr'><strong>EPISCOPI</strong></span> 
     </span>
    </p>
   </div>
   <div class='ocr_carea' id='block_1_3' title="bbox 1756 133 1824 161">
    <p class='ocr_par' dir='ltr' id='par_1_3' title="bbox 1756 133 1824 161">
     <span class='ocr_line' id='line_1_3' title="bbox 1756 133 1824 161; baseline 0.015 -1"><span class='ocrx_word' id='word_1_6' title='bbox 1756 133 1824 161; x_wconf 69' lang='lat'><strong>1076</strong></span> 
     </span>
    </p>
   </div>
   <div class='ocr_carea' id='block_1_4' title="bbox 198 193 1007 233">
    <p class='ocr_par' dir='ltr' id='par_1_4' title="bbox 198 193 1007 231">
     <span class='ocr_line' id='line_1_4' title="bbox 198 193 1007 231; baseline 0.004 -9"><span class='ocrx_word' id='word_1_7' title='bbox 198 193 324 222; x_wconf 71' lang='lat' dir='ltr'><strong>notiones</strong></span> <span class='ocrx_word' id='word_1_8' title='bbox 340 193 477 221; x_wconf 80' lang='lat' dir='ltr'><strong>naturales</strong></span> <span class='ocrx_word' id='word_1_9' title='bbox 491 194 545 221; x_wconf 87' lang='lat' dir='ltr'><strong>duo</strong></span> <span class='ocrx_word' id='word_1_10' title='bbox 570 195 709 229; x_wconf 78' lang='lat' dir='ltr'><strong>contraria</strong></span> <span class='ocrx_word' id='word_1_11' title='bbox 731 195 865 231; x_wconf 87' lang='lat' dir='ltr'><strong>principia</strong></span> <span class='ocrx_word' id='word_1_12' title='bbox 892 205 985 224; x_wconf 87' lang='lat' dir='ltr'><strong>rerum</strong></span> <span class='ocrx_word' id='word_1_13' title='bbox 1002 218 1007 230; x_wconf 74' lang='lat'><strong>,</strong></span> 
     </span>
    </p>
   </div>
   <div class='ocr_carea' id='block_1_5' title="bbox 1038 193 1824 233">
    <p class='ocr_par' dir='ltr' id='par_1_5' title="bbox 1039 194 1824 233">
     <span class='ocr_line' id='line_1_5' title="bbox 1039 194 1824 233; baseline -0.005 -9"><span class='ocrx_word' id='word_1_14' title='bbox 1039 207 1131 233; x_wconf 84' lang='grc' dir='ltr'>χονται</span> <span class='ocrx_word' id='word_1_15' title='bbox 1156 198 1220 231; x_wconf 75' lang='grc' dir='ltr'>γοῦν</span> <span class='ocrx_word' id='word_1_16' title='bbox 1241 198 1269 224; x_wconf 87' lang='grc' dir='ltr'><strong>αί</strong></span> <span class='ocrx_word' id='word_1_17' title='bbox 1285 196 1356 224; x_wconf 84' lang='grc' dir='ltr'><strong>κατὰ</strong></span> <span class='ocrx_word' id='word_1_18' title='bbox 1372 196 1450 231; x_wconf 76' lang='grc' dir='ltr'>φύσιν</span> <span class='ocrx_word' id='word_1_19' title='bbox 1465 196 1562 223; x_wconf 84' lang='grc' dir='ltr'>ἔννοιαι</span> <span class='ocrx_word' id='word_1_20' title='bbox 1573 195 1619 222; x_wconf 79' lang='grc' dir='ltr'><strong>δύο</strong></span> <span class='ocrx_word' id='word_1_21' title='bbox 1635 194 1687 230; x_wconf 72' lang='grc'><strong>(2⁸)</strong></span> <span class='ocrx_word' id='word_1_22' title='bbox 1703 194 1824 225; x_wconf 70' lang='grc' dir='ltr'>ἐναντίας</span> 
     </span>
    </p>
   </div>
   <div class='ocr_carea' id='block_1_6' title="bbox 198 239 987 276">
    <p class='ocr_par' dir='ltr' id='par_1_6' title="bbox 198 239 987 276">
     <span class='ocr_line' id='line_1_6' title="bbox 198 239 987 276; baseline 0.004 -9"><span class='ocrx_word' id='word_1_23' title='bbox 198 240 360 267; x_wconf 70' lang='lat' dir='ltr'><strong>admittant:</strong></span> <span class='ocrx_word' id='word_1_24' title='bbox 376 239 399 266; x_wconf 82' lang='lat' dir='ltr'><strong>si</strong></span> <span class='ocrx_word' id='word_1_25' title='bbox 426 240 497 267; x_wconf 87' lang='lat' dir='ltr'><strong>enim</strong></span> <span class='ocrx_word' id='word_1_26' title='bbox 521 247 556 268; x_wconf 85' lang='lat' dir='ltr'><strong>ne</strong></span> <span class='ocrx_word' id='word_1_27' title='bbox 579 241 780 268; x_wconf 84' lang='lat' dir='ltr'><strong>consentientia</strong></span> <span class='ocrx_word' id='word_1_28' title='bbox 801 242 910 276; x_wconf 87' lang='lat' dir='ltr'><strong>quidem</strong></span> <span class='ocrx_word' id='word_1_29' title='bbox 939 243 987 270; x_wconf 81' lang='lat' dir='ltr'><strong>atl-</strong></span> 
     </span>
    </p>
   </div>
   <div class='ocr_carea' id='block_1_7' title="bbox 197 286 986 322">
    <p class='ocr_par' dir='ltr' id='par_1_7' title="bbox 197 286 986 322">
     <span class='ocr_line' id='line_1_7' title="bbox 197 286 986 322; baseline 0.001 -9"><span class='ocrx_word' id='word_1_30' title='bbox 197 286 319 318; x_wconf 88' lang='lat' dir='ltr'><strong>mittunt,</strong></span> <span class='ocrx_word' id='word_1_31' title='bbox 335 286 422 312; x_wconf 85' lang='lat' dir='ltr'><strong>multo</strong></span> <span class='ocrx_word' id='word_1_32' title='bbox 438 286 530 313; x_wconf 90' lang='lat' dir='ltr'><strong>minus</strong></span> <span class='ocrx_word' id='word_1_33' title='bbox 554 288 715 321; x_wconf 76' lang='lat' dir='ltr'><strong>pugnantia.</strong></span> <span class='ocrx_word' id='word_1_34' title='bbox 744 288 876 315; x_wconf 81' lang='lat' dir='ltr'><strong>Scribens</strong></span> <span class='ocrx_word' id='word_1_35' title='bbox 902 288 986 322; x_wconf 82' lang='lat' dir='ltr'><strong>igitur</strong></span> 
     </span>
    </p>
   </div>
   <div class='ocr_carea' id='block_1_8' title="bbox 197 331 986 368">
    <p class='ocr_par' dir='ltr' id='par_1_8' title="bbox 197 331 986 368">
     <span class='ocr_line' id='line_1_8' title="bbox 197 331 986 368; baseline 0.003 -10"><span class='ocrx_word' id='word_1_36' title='bbox 197 331 242 358; x_wconf 90' lang='lat' dir='ltr'><strong>ille</strong></span> <span class='ocrx_word' id='word_1_37' title='bbox 259 331 318 366; x_wconf 45' lang='lat' dir='ltr'><strong>ipse:</strong></span> <span class='ocrx_word' id='word_1_38' title='bbox 333 331 428 360; x_wconf 73' lang='lat' dir='ltr'><strong>furens</strong></span> <span class='ocrx_word' id='word_1_39' title='bbox 442 333 607 361; x_wconf 65' lang='lat' dir='ltr'><strong>Manichacus</strong></span> <span class='ocrx_word' id='word_1_40' title='bbox 620 353 628 365; x_wconf 86' lang='lat'><strong>,</strong></span> <span class='ocrx_word' id='word_1_41' title='bbox 655 334 755 368; x_wconf 91' lang='lat' dir='ltr'><strong>ubique</strong></span> <span class='ocrx_word' id='word_1_42' title='bbox 776 333 890 368; x_wconf 82' lang='lat' dir='ltr'><strong>incipit:</strong></span> <span class='ocrx_word' id='word_1_43' title='bbox 920 333 986 360; x_wconf 83' lang='lat' dir='ltr'><strong>Erat</strong></span> 
     </span>
    </p>
   </div>
   <div class='ocr_carea' id='block_1_9' title="bbox 197 377 986 412">
    <p class='ocr_par' dir='ltr' id='par_1_9' title="bbox 197 377 986 412">
     <span class='ocr_line' id='line_1_9' title="bbox 197 377 986 412; baseline 0.004 -8"><span class='ocrx_word' id='word_1_44' title='bbox 197 377 268 405; x_wconf 77' lang='lat' dir='ltr'><strong>Deus</strong></span> <span class='ocrx_word' id='word_1_45' title='bbox 297 385 322 405; x_wconf 68' lang='lat' dir='ltr'><strong>et</strong></span> <span class='ocrx_word' id='word_1_46' title='bbox 339 380 469 412; x_wconf 81' lang='lat' dir='ltr'><strong>materia,</strong></span> <span class='ocrx_word' id='word_1_47' title='bbox 498 380 602 411; x_wconf 84' lang='lat' dir='ltr'><strong>lumen,</strong></span> <span class='ocrx_word' id='word_1_48' title='bbox 625 385 650 407; x_wconf 79' lang='lat' dir='ltr'><strong>et</strong></span> <span class='ocrx_word' id='word_1_49' title='bbox 674 379 800 411; x_wconf 72' lang='lat' dir='ltr'><strong>tenebm,</strong></span> <span class='ocrx_word' id='word_1_50' title='bbox 830 380 926 406; x_wconf 78' lang='lat' dir='ltr'><strong>bonum</strong></span> <span class='ocrx_word' id='word_1_51' title='bbox 960 385 986 407; x_wconf 83' lang='lat' dir='ltr'><strong>et</strong></span> 
     </span>
    </p>
   </div>
   <div class='ocr_carea' id='block_1_10' title="bbox 196 424 984 456">
    <p class='ocr_par' dir='ltr' id='par_1_10' title="bbox 196 424 984 456">
     <span class='ocr_line' id='line_1_10' title="bbox 196 424 984 456; baseline 0.004 -6"><span class='ocrx_word' id='word_1_52' title='bbox 196 424 306 455; x_wconf 87' lang='lat' dir='ltr'><strong>malum,</strong></span> <span class='ocrx_word' id='word_1_53' title='bbox 320 426 346 452; x_wconf 79' lang='lat' dir='ltr'><strong>in</strong></span> <span class='ocrx_word' id='word_1_54' title='bbox 367 426 487 453; x_wconf 81' lang='lat' dir='ltr'><strong>omnibus</strong></span> <span class='ocrx_word' id='word_1_55' title='bbox 514 435 614 454; x_wconf 81' lang='lat' dir='ltr'><strong>summe</strong></span> <span class='ocrx_word' id='word_1_56' title='bbox 637 427 791 456; x_wconf 80' lang='lat' dir='ltr'><strong>contraria:</strong></span> <span class='ocrx_word' id='word_1_57' title='bbox 812 431 841 453; x_wconf 88' lang='lat' dir='ltr'><strong>ut</strong></span> <span class='ocrx_word' id='word_1_58' title='bbox 863 427 890 453; x_wconf 92' lang='lat' dir='ltr'><strong>in</strong></span> <span class='ocrx_word' id='word_1_59' title='bbox 910 427 984 454; x_wconf 90' lang='lat' dir='ltr'><strong>nulla</strong></span> 
     </span>
    </p>
   </div>
   <div class='ocr_carea' id='block_1_11' title="bbox 197 469 984 499">
    <p class='ocr_par' dir='ltr' id='par_1_11' title="bbox 197 469 984 499">
     <span class='ocr_line' id='line_1_11' title="bbox 197 469 984 499; baseline 0.004 -4"><span class='ocrx_word' id='word_1_60' title='bbox 197 476 226 496; x_wconf 89' lang='lat' dir='ltr'><strong>re</strong></span> <span class='ocrx_word' id='word_1_61' title='bbox 241 469 355 497; x_wconf 90' lang='lat' dir='ltr'><strong>alterum</strong></span> <span class='ocrx_word' id='word_1_62' title='bbox 368 478 430 497; x_wconf 92' lang='lat' dir='ltr'><strong>cum</strong></span> <span class='ocrx_word' id='word_1_63' title='bbox 448 472 533 498; x_wconf 85' lang='lat' dir='ltr'><strong>altero</strong></span> <span class='ocrx_word' id='word_1_64' title='bbox 548 471 768 498; x_wconf 88' lang='lat' dir='ltr'><strong>communionem</strong></span> <span class='ocrx_word' id='word_1_65' title='bbox 784 476 811 497; x_wconf 86' lang='lat' dir='ltr'><strong>et</strong></span> <span class='ocrx_word' id='word_1_66' title='bbox 824 471 984 499; x_wconf 85' lang='lat' dir='ltr'><strong>societatem</strong></span> 
     </span>
    </p>
   </div>
   <div class='ocr_carea' id='block_1_12' title="bbox 196 514 984 552">
    <p class='ocr_par' dir='ltr' id='par_1_12' title="bbox 196 514 984 552">
     <span class='ocr_line' id='line_1_12' title="bbox 196 514 984 552; baseline 0.006 -12"><span class='ocrx_word' id='word_1_67' title='bbox 196 514 319 547; x_wconf 76' lang='lat' dir='ltr'><strong>haberet,</strong></span> <span class='ocrx_word' id='word_1_68' title='bbox 336 517 416 543; x_wconf 87' lang='lat' dir='ltr'><strong>ambo</strong></span> <span class='ocrx_word' id='word_1_69' title='bbox 433 517 553 552; x_wconf 80' lang='lat' dir='ltr'><strong>ingenita</strong></span> <span class='ocrx_word' id='word_1_70' title='bbox 573 521 600 545; x_wconf 88' lang='lat' dir='ltr'><strong>et</strong></span> <span class='ocrx_word' id='word_1_71' title='bbox 616 518 751 545; x_wconf 84' lang='lat' dir='ltr'><strong>viventia:</strong></span> <span class='ocrx_word' id='word_1_72' title='bbox 771 518 853 552; x_wconf 75' lang='lat' dir='ltr'><strong>igitur</strong></span> <span class='ocrx_word' id='word_1_73' title='bbox 867 521 913 544; x_wconf 91' lang='lat' dir='ltr'><strong>aut</strong></span> <span class='ocrx_word' id='word_1_74' title='bbox 927 518 984 545; x_wconf 89' lang='lat' dir='ltr'><strong>dis-</strong></span> 
     </span>
    </p>
   </div>
   <div class='ocr_carea' id='block_1_13' title="bbox 193 561 983 598">
    <p class='ocr_par' dir='ltr' id='par_1_13' title="bbox 193 561 983 598">
     <span class='ocr_line' id='line_1_13' title="bbox 193 561 983 598; baseline 0.004 -11"><span class='ocrx_word' id='word_1_75' title='bbox 193 561 309 596; x_wconf 81' lang='lat' dir='ltr'><strong>juugent</strong></span> <span class='ocrx_word' id='word_1_76' title='bbox 325 569 373 594; x_wconf 90' lang='lat' dir='ltr'><strong>se;</strong></span> <span class='ocrx_word' id='word_1_77' title='bbox 390 566 437 589; x_wconf 91' lang='lat' dir='ltr'><strong>aut</strong></span> <span class='ocrx_word' id='word_1_78' title='bbox 450 564 472 590; x_wconf 89' lang='lat' dir='ltr'><strong>si</strong></span> <span class='ocrx_word' id='word_1_79' title='bbox 489 563 590 591; x_wconf 80' lang='lat' dir='ltr'><strong>iuerint</strong></span> <span class='ocrx_word' id='word_1_80' title='bbox 603 564 700 595; x_wconf 84' lang='lat' dir='ltr'><strong>simul,</strong></span> <span class='ocrx_word' id='word_1_81' title='bbox 723 563 809 590; x_wconf 87' lang='lat' dir='ltr'><strong>amica</strong></span> <span class='ocrx_word' id='word_1_82' title='bbox 827 567 854 590; x_wconf 90' lang='lat' dir='ltr'><strong>et</strong></span> <span class='ocrx_word' id='word_1_83' title='bbox 880 571 983 598; x_wconf 82' lang='lat' dir='ltr'><strong>nequa-</strong></span> 
     </span>
    </p>
   </div>
   <div class='ocr_carea' id='block_1_14' title="bbox 195 608 983 645">
    <p class='ocr_par' dir='ltr' id='par_1_14' title="bbox 195 608 983 645">
     <span class='ocr_line' id='line_1_14' title="bbox 195 608 983 645; baseline 0.009 -13"><span class='ocrx_word' id='word_1_84' title='bbox 195 615 276 641; x_wconf 90' lang='lat' dir='ltr'><strong>quam</strong></span> <span class='ocrx_word' id='word_1_85' title='bbox 302 608 439 634; x_wconf 88' lang='lat' dir='ltr'><strong>contraria</strong></span> <span class='ocrx_word' id='word_1_86' title='bbox 466 616 528 636; x_wconf 88' lang='lat' dir='ltr'><strong>esse</strong></span> <span class='ocrx_word' id='word_1_87' title='bbox 554 610 705 644; x_wconf 78' lang='lat' dir='ltr'><strong>apparebit.</strong></span> <span class='ocrx_word' id='word_1_88' title='bbox 733 611 766 637; x_wconf 88' lang='lat' dir='ltr'><strong>At</strong></span> <span class='ocrx_word' id='word_1_89' title='bbox 791 615 866 645; x_wconf 85' lang='lat' dir='ltr'><strong>patet</strong></span> <span class='ocrx_word' id='word_1_90' title='bbox 891 612 983 639; x_wconf 82' lang='lat' dir='ltr'><strong>dicere</strong></span> 
     </span>
    </p>
   </div>
   <div class='ocr_carea' id='block_1_15' title="bbox 195 653 982 691">
    <p class='ocr_par' dir='ltr' id='par_1_15' title="bbox 195 653 982 691">
     <span class='ocr_line' id='line_1_15' title="bbox 195 653 982 691; baseline 0.008 -13"><span class='ocrx_word' id='word_1_91' title='bbox 195 660 268 684; x_wconf 83' lang='lat' dir='ltr'><strong>eum,</strong></span> <span class='ocrx_word' id='word_1_92' title='bbox 287 653 411 687; x_wconf 83' lang='lat' dir='ltr'><strong>sejuncta</strong></span> <span class='ocrx_word' id='word_1_93' title='bbox 429 662 490 681; x_wconf 88' lang='lat' dir='ltr'><strong>esse</strong></span> <span class='ocrx_word' id='word_1_94' title='bbox 509 654 576 682; x_wconf 63' lang='lat' dir='ltr'><strong>haec.</strong></span> <span class='ocrx_word' id='word_1_95' title='bbox 596 654 680 690; x_wconf 86' lang='lat' dir='ltr'><strong>Igitur</strong></span> <span class='ocrx_word' id='word_1_96' title='bbox 694 660 842 691; x_wconf 88' lang='lat' dir='ltr'><strong>utrumque</strong></span> <span class='ocrx_word' id='word_1_97' title='bbox 858 664 921 684; x_wconf 91' lang='lat' dir='ltr'><strong>cum</strong></span> <span class='ocrx_word' id='word_1_98' title='bbox 943 657 982 683; x_wconf 86' lang='lat' dir='ltr'><strong>al-</strong></span> 
     </span>
    </p>
   </div>
   <div class='ocr_carea' id='block_1_16' title="bbox 195 695 982 729">
    <p class='ocr_par' dir='ltr' id='par_1_16' title="bbox 195 695 982 729">
     <span class='ocr_line' id='line_1_16' title="bbox 195 695 982 729; baseline 0.008 -6"><span class='ocrx_word' id='word_1_99' title='bbox 195 702 254 724; x_wconf 80' lang='lat' dir='ltr'><strong>tero</strong></span> <span class='ocrx_word' id='word_1_100' title='bbox 271 698 376 725; x_wconf 86' lang='lat' dir='ltr'><strong>ﬁnitum</strong></span> <span class='ocrx_word' id='word_1_101' title='bbox 390 702 418 726; x_wconf 90' lang='lat' dir='ltr'><strong>et</strong></span> <span class='ocrx_word' id='word_1_102' title='bbox 429 700 605 727; x_wconf 86' lang='lat' dir='ltr'><strong>terminatum</strong></span> <span class='ocrx_word' id='word_1_103' title='bbox 618 701 671 728; x_wconf 90' lang='lat' dir='ltr'><strong>erit</strong></span> <span class='ocrx_word' id='word_1_104' title='bbox 688 701 840 729; x_wconf 87' lang='lat' dir='ltr'><strong>secundum</strong></span> <span class='ocrx_word' id='word_1_105' title='bbox 852 695 982 729; x_wconf 86' lang='lat' dir='ltr'><strong>substan-</strong></span> 
     </span>
    </p>
   </div>
   <div class='ocr_carea' id='block_1_17' title="bbox 194 743 980 781">
    <p class='ocr_par' dir='ltr' id='par_1_17' title="bbox 194 743 980 781">
     <span class='ocr_line' id='line_1_17' title="bbox 194 743 980 781; baseline 0.009 -13"><span class='ocrx_word' id='word_1_106' title='bbox 194 743 271 771; x_wconf 88' lang='lat' dir='ltr'><strong>tiam.</strong></span> <span class='ocrx_word' id='word_1_107' title='bbox 287 747 314 770; x_wconf 87' lang='lat' dir='ltr'><strong>ct</strong></span> <span class='ocrx_word' id='word_1_108' title='bbox 330 746 458 771; x_wconf 89' lang='lat' dir='ltr'><strong>neutrum</strong></span> <span class='ocrx_word' id='word_1_109' title='bbox 482 745 749 781; x_wconf 87' lang='lat' dir='ltr'><strong>incircumscriptum</strong></span> <span class='ocrx_word' id='word_1_110' title='bbox 777 752 805 774; x_wconf 83' lang='lat' dir='ltr'><strong>et</strong></span> <span class='ocrx_word' id='word_1_111' title='bbox 822 747 958 775; x_wconf 83' lang='lat' dir='ltr'><strong>inﬁnitum</strong></span> <span class='ocrx_word' id='word_1_112' title='bbox 973 757 980 775; x_wconf 75' lang='grc' dir='ltr'><strong>ε</strong></span> 
     </span>
    </p>
   </div>
   <div class='ocr_carea' id='block_1_18' title="bbox 194 788 982 822">
    <p class='ocr_par' dir='ltr' id='par_1_18' title="bbox 194 788 982 822">
     <span class='ocr_line' id='line_1_18' title="bbox 194 788 982 822; baseline 0.01 -8"><span class='ocrx_word' id='word_1_113' title='bbox 194 788 421 817; x_wconf 83' lang='lat' dir='ltr'><strong>circumscribere</strong></span> <span class='ocrx_word' id='word_1_114' title='bbox 448 793 536 818; x_wconf 86' lang='lat' dir='ltr'><strong>autem</strong></span> <span class='ocrx_word' id='word_1_115' title='bbox 569 791 653 818; x_wconf 88' lang='lat' dir='ltr'><strong>Deum</strong></span> <span class='ocrx_word' id='word_1_116' title='bbox 681 794 830 821; x_wconf 86' lang='lat' dir='ltr'><strong>secundum</strong></span> <span class='ocrx_word' id='word_1_117' title='bbox 855 794 982 822; x_wconf 86' lang='lat' dir='ltr'><strong>substan-</strong></span> 
     </span>
    </p>
   </div>
   <div class='ocr_carea' id='block_1_19' title="bbox 194 834 980 872">
    <p class='ocr_par' dir='ltr' id='par_1_19' title="bbox 194 834 980 872">
     <span class='ocr_line' id='line_1_19' title="bbox 194 834 980 872; baseline 0.01 -13"><span class='ocrx_word' id='word_1_118' title='bbox 194 834 260 860; x_wconf 78' lang='lat' dir='ltr'><strong>tiam</strong></span> <span class='ocrx_word' id='word_1_119' title='bbox 273 854 280 864; x_wconf 85' lang='lat'><strong>,</strong></span> <span class='ocrx_word' id='word_1_120' title='bbox 301 838 328 861; x_wconf 85' lang='lat' dir='ltr'><strong>et</strong></span> <span class='ocrx_word' id='word_1_121' title='bbox 346 843 398 862; x_wconf 91' lang='lat' dir='ltr'><strong>non</strong></span> <span class='ocrx_word' id='word_1_122' title='bbox 415 843 497 863; x_wconf 90' lang='lat' dir='ltr'><strong>nosse</strong></span> <span class='ocrx_word' id='word_1_123' title='bbox 526 841 553 864; x_wconf 80' lang='lat' dir='ltr'><strong>et</strong></span> <span class='ocrx_word' id='word_1_124' title='bbox 577 837 700 865; x_wconf 82' lang='lat' dir='ltr'><strong>conﬁteri</strong></span> <span class='ocrx_word' id='word_1_125' title='bbox 727 839 864 866; x_wconf 77' lang='lat' dir='ltr'><strong>inﬁnitum</strong></span> <span class='ocrx_word' id='word_1_126' title='bbox 897 847 959 867; x_wconf 87' lang='lat' dir='ltr'><strong>esse</strong></span> <span class='ocrx_word' id='word_1_127' title='bbox 972 861 980 872; x_wconf 83' lang='grc'><strong>,</strong></span> 
     </span>
    </p>
   </div>
   <div class='ocr_carea' id='block_1_20' title="bbox 1038 239 1824 278">
    <p class='ocr_par' dir='ltr' id='par_1_20' title="bbox 1038 239 1824 278">
     <span class='ocr_line' id='line_1_20' title="bbox 1038 239 1824 278; baseline -0.004 -10"><span class='ocrx_word' id='word_1_128' title='bbox 1038 243 1126 278; x_wconf 80' lang='grc' dir='ltr'>ἀρχὰς</span> <span class='ocrx_word' id='word_1_129' title='bbox 1149 242 1203 268; x_wconf 81' lang='grc' dir='ltr'><strong>τῶν</strong></span> <span class='ocrx_word' id='word_1_130' title='bbox 1222 243 1322 268; x_wconf 75' lang='grc' dir='ltr'>ὄντων·</span> <span class='ocrx_word' id='word_1_131' title='bbox 1342 243 1366 268; x_wconf 87' lang='grc' dir='ltr'>εἱ</span> <span class='ocrx_word' id='word_1_132' title='bbox 1383 241 1437 276; x_wconf 83' lang='grc' dir='ltr'>γὰρ</span> <span class='ocrx_word' id='word_1_133' title='bbox 1459 240 1524 276; x_wconf 80' lang='grc' dir='ltr'>μηδὲ</span> <span class='ocrx_word' id='word_1_134' title='bbox 1555 239 1754 275; x_wconf 81' lang='grc' dir='ltr'>συμφωνούσας</span> <span class='ocrx_word' id='word_1_135' title='bbox 1783 239 1824 265; x_wconf 81' lang='grc' dir='ltr'>δέ·</span> 
     </span>
    </p>
   </div>
   <div class='ocr_carea' id='block_1_21' title="bbox 1038 285 1825 323">
    <p class='ocr_par' dir='ltr' id='par_1_21' title="bbox 1038 285 1825 323">
     <span class='ocr_line' id='line_1_21' title="bbox 1038 285 1825 323; baseline -0.006 -8"><span class='ocrx_word' id='word_1_136' title='bbox 1038 290 1122 321; x_wconf 72' lang='grc' dir='ltr'>ξαιντ¹</span> <span class='ocrx_word' id='word_1_137' title='bbox 1132 289 1170 323; x_wconf 82' lang='lat'><strong>(5)</strong></span> <span class='ocrx_word' id='word_1_138' title='bbox 1179 288 1222 319; x_wconf 85' lang='grc' dir='ltr'><strong>ἂν,</strong></span> <span class='ocrx_word' id='word_1_139' title='bbox 1232 286 1250 323; x_wconf 77' lang='grc' dir='ltr'><strong>ἦ</strong></span> <span class='ocrx_word' id='word_1_140' title='bbox 1259 287 1309 314; x_wconf 87' lang='grc' dir='ltr'>πού</span> <span class='ocrx_word' id='word_1_141' title='bbox 1319 295 1350 321; x_wconf 86' lang='grc' dir='ltr'><strong>γε</strong></span> <span class='ocrx_word' id='word_1_142' title='bbox 1363 286 1526 322; x_wconf 68' lang='grc' dir='ltr'>μαχομένας.</span> <span class='ocrx_word' id='word_1_143' title='bbox 1536 286 1651 321; x_wconf 80' lang='grc' dir='ltr'>Γράφων</span> <span class='ocrx_word' id='word_1_144' title='bbox 1659 285 1748 311; x_wconf 84' lang='grc' dir='ltr'><strong>τοίνυν</strong></span> <span class='ocrx_word' id='word_1_145' title='bbox 1756 285 1825 311; x_wconf 79' lang='grc' dir='ltr'>ἐκεῖ-</span> 
     </span>
    </p>
   </div>
   <div class='ocr_carea' id='block_1_22' title="bbox 1036 329 1822 367">
    <p class='ocr_par' dir='ltr' id='par_1_22' title="bbox 1036 329 1822 367">
     <span class='ocr_line' id='line_1_22' title="bbox 1036 329 1822 367; baseline -0.005 -8"><span class='ocrx_word' id='word_1_146' title='bbox 1036 342 1081 365; x_wconf 83' lang='grc' dir='ltr'><strong>νος</strong></span> <span class='ocrx_word' id='word_1_147' title='bbox 1092 333 1182 366; x_wconf 78' lang='grc' dir='ltr'>αὐτὸς,</span> <span class='ocrx_word' id='word_1_148' title='bbox 1197 334 1211 359; x_wconf 77' lang='grc' dir='ltr'><strong><em>ὁ</em></strong></span> <span class='ocrx_word' id='word_1_149' title='bbox 1223 332 1402 367; x_wconf 80' lang='grc' dir='ltr'><strong>χαλεπώτατα</strong></span> <span class='ocrx_word' id='word_1_150' title='bbox 1419 331 1523 366; x_wconf 71' lang='grc' dir='ltr'>μανεὶς,</span> <span class='ocrx_word' id='word_1_151' title='bbox 1542 330 1656 365; x_wconf 75' lang='grc' dir='ltr'>ἄρχεται</span> <span class='ocrx_word' id='word_1_152' title='bbox 1670 329 1822 364; x_wconf 73' lang='grc' dir='ltr'>πανταχοῦ·</span> 
     </span>
    </p>
   </div>
   <div class='ocr_carea' id='block_1_23' title="bbox 1035 375 1823 411">
    <p class='ocr_par' dir='ltr' id='par_1_23' title="bbox 1035 375 1823 411">
     <span class='ocr_line' id='line_1_23' title="bbox 1035 375 1823 411; baseline -0.006 -5"><span class='ocrx_word' id='word_1_153' title='bbox 1035 377 1092 406; x_wconf 81' lang='grc' dir='ltr'>Ἦν</span> <span class='ocrx_word' id='word_1_154' title='bbox 1107 379 1189 411; x_wconf 81' lang='grc' dir='ltr'>Θεὸς,</span> <span class='ocrx_word' id='word_1_155' title='bbox 1216 377 1267 405; x_wconf 79' lang='grc' dir='ltr'>καὶ</span> <span class='ocrx_word' id='word_1_156' title='bbox 1290 378 1367 411; x_wconf 77' lang='grc' dir='ltr'><strong>ῦλη”</strong></span> <span class='ocrx_word' id='word_1_157' title='bbox 1397 377 1470 411; x_wconf 64' lang='grc' dir='ltr'><strong>φῶς.</strong></span> <span class='ocrx_word' id='word_1_158' title='bbox 1485 376 1534 403; x_wconf 80' lang='grc' dir='ltr'>καὶ</span> <span class='ocrx_word' id='word_1_159' title='bbox 1555 376 1679 408; x_wconf 82' lang='grc' dir='ltr'><em>σκότος·</em></span> <span class='ocrx_word' id='word_1_160' title='bbox 1700 375 1823 409; x_wconf 60' lang='grc' dir='ltr'>ἀγαθὸν,</span> 
     </span>
    </p>
   </div>
   <div class='ocr_carea' id='block_1_24' title="bbox 1035 422 1824 457">
    <p class='ocr_par' dir='ltr' id='par_1_24' title="bbox 1035 422 1824 457">
     <span class='ocr_line' id='line_1_24' title="bbox 1035 422 1824 457; baseline -0.005 -5"><span class='ocrx_word' id='word_1_161' title='bbox 1035 426 1084 452; x_wconf 77' lang='grc' dir='ltr'>καὶ</span> <span class='ocrx_word' id='word_1_162' title='bbox 1112 425 1222 451; x_wconf 79' lang='grc' dir='ltr'>κακόν·</span> <span class='ocrx_word' id='word_1_163' title='bbox 1247 425 1283 451; x_wconf 75' lang='grc' dir='ltr'><strong>ἐν</strong></span> <span class='ocrx_word' id='word_1_164' title='bbox 1310 423 1371 457; x_wconf 85' lang='grc' dir='ltr'>τοῖς</span> <span class='ocrx_word' id='word_1_165' title='bbox 1394 422 1488 451; x_wconf 81' lang='grc' dir='ltr'>πᾶσιν</span> <span class='ocrx_word' id='word_1_166' title='bbox 1506 422 1602 456; x_wconf 79' lang='grc' dir='ltr'>ἄκρως</span> <span class='ocrx_word' id='word_1_167' title='bbox 1622 423 1763 453; x_wconf 73' lang='grc' dir='ltr'>ἐναντία,</span> <span class='ocrx_word' id='word_1_168' title='bbox 1787 423 1824 454; x_wconf 86' lang='grc' dir='ltr'>ὼς</span> 
     </span>
    </p>
   </div>
   <div class='ocr_carea' id='block_1_25' title="bbox 1035 465 1825 506">
    <p class='ocr_par' dir='ltr' id='par_1_25' title="bbox 1035 465 1825 506">
     <span class='ocr_line' id='line_1_25' title="bbox 1035 465 1825 506; baseline -0.006 -9"><span class='ocrx_word' id='word_1_169' title='bbox 1035 470 1106 498; x_wconf 83' lang='grc' dir='ltr'>κατὰ</span> <span class='ocrx_word' id='word_1_170' title='bbox 1125 470 1207 506; x_wconf 79' lang='grc' dir='ltr'>μηδὲν</span> <span class='ocrx_word' id='word_1_171' title='bbox 1225 469 1408 495; x_wconf 76' lang='grc' dir='ltr'><strong>ἐπικοινωνεῖν</strong></span> <span class='ocrx_word' id='word_1_172' title='bbox 1427 467 1538 503; x_wconf 72' lang='grc' dir='ltr'>θάτερον</span> <span class='ocrx_word' id='word_1_173' title='bbox 1553 466 1668 502; x_wconf 78' lang='grc' dir='ltr'>θατέρῳ,</span> <span class='ocrx_word' id='word_1_174' title='bbox 1691 465 1825 501; x_wconf 71' lang='grc' dir='ltr'>ἀγέννητί</span> 
     </span>
    </p>
   </div>
   <div class='ocr_carea' id='block_1_26' title="bbox 1033 511 1824 550">
    <p class='ocr_par' dir='ltr' id='par_1_26' title="bbox 1033 511 1824 550">
     <span class='ocr_line' id='line_1_26' title="bbox 1033 511 1824 550; baseline -0.008 -7"><span class='ocrx_word' id='word_1_175' title='bbox 1033 525 1063 542; x_wconf 78' lang='grc' dir='ltr'><strong>τε</strong></span> <span class='ocrx_word' id='word_1_176' title='bbox 1079 517 1125 543; x_wconf 79' lang='grc' dir='ltr'><strong>καὶ</strong></span> <span class='ocrx_word' id='word_1_177' title='bbox 1136 516 1224 549; x_wconf 83' lang='grc' dir='ltr'>ζῶντα</span> <span class='ocrx_word' id='word_1_178' title='bbox 1238 515 1334 550; x_wconf 80' lang='grc' dir='ltr'>ἄμφω·</span> <span class='ocrx_word' id='word_1_179' title='bbox 1357 513 1453 541; x_wconf 75' lang='grc' dir='ltr'>οὐκοῦν</span> <span class='ocrx_word' id='word_1_180' title='bbox 1466 513 1483 548; x_wconf 81' lang='grc' dir='ltr'>ἢ</span> <span class='ocrx_word' id='word_1_181' title='bbox 1496 513 1607 548; x_wconf 79' lang='grc' dir='ltr'><strong>χωρίσει</strong></span> <span class='ocrx_word' id='word_1_182' title='bbox 1626 521 1658 546; x_wconf 89' lang='grc' dir='ltr'><strong>γε</strong></span> <span class='ocrx_word' id='word_1_183' title='bbox 1671 511 1760 538; x_wconf 72' lang='grc' dir='ltr'>ταῦτα</span> <span class='ocrx_word' id='word_1_184' title='bbox 1777 511 1824 537; x_wconf 78' lang='grc' dir='ltr'><strong>ἀπ’</strong></span> 
     </span>
    </p>
   </div>
   <div class='ocr_carea' id='block_1_27' title="bbox 1035 558 1824 597">
    <p class='ocr_par' dir='ltr' id='par_1_27' title="bbox 1035 558 1824 597">
     <span class='ocr_line' id='line_1_27' title="bbox 1035 558 1824 597; baseline -0.006 -9"><span class='ocrx_word' id='word_1_185' title='bbox 1035 562 1171 597; x_wconf 86' lang='grc' dir='ltr'>ἀλλήλων,</span> <span class='ocrx_word' id='word_1_186' title='bbox 1195 561 1211 596; x_wconf 82' lang='grc' dir='ltr'>ἢ</span> <span class='ocrx_word' id='word_1_187' title='bbox 1236 561 1285 588; x_wconf 80' lang='grc' dir='ltr'><strong>σὺν</strong></span> <span class='ocrx_word' id='word_1_188' title='bbox 1308 560 1430 595; x_wconf 85' lang='grc' dir='ltr'>ἀλλήλοις</span> <span class='ocrx_word' id='word_1_189' title='bbox 1453 559 1517 586; x_wconf 77' lang='grc' dir='ltr'>ὂντα</span> <span class='ocrx_word' id='word_1_190' title='bbox 1544 558 1607 592; x_wconf 82' lang='grc' dir='ltr'><strong>φίλα</strong></span> <span class='ocrx_word' id='word_1_191' title='bbox 1629 558 1676 584; x_wconf 79' lang='grc' dir='ltr'>καὶ</span> <span class='ocrx_word' id='word_1_192' title='bbox 1700 558 1824 592; x_wconf 52' lang='lat' dir='ltr'><strong>ossam},-</strong></span> 
     </span>
    </p>
   </div>
   <div class='ocr_carea' id='block_1_28' title="bbox 1034 603 1823 642">
    <p class='ocr_par' dir='ltr' id='par_1_28' title="bbox 1034 603 1823 642">
     <span class='ocr_line' id='line_1_28' title="bbox 1034 603 1823 642; baseline -0.006 -8"><span class='ocrx_word' id='word_1_193' title='bbox 1034 608 1143 634; x_wconf 78' lang='grc' dir='ltr'>ἐναντία</span> <span class='ocrx_word' id='word_1_194' title='bbox 1160 606 1319 642; x_wconf 71' lang='grc' dir='ltr'>φανήσεται.</span> <span class='ocrx_word' id='word_1_195' title='bbox 1342 605 1421 632; x_wconf 78' lang='grc' dir='ltr'>Ἀλλὰ</span> <span class='ocrx_word' id='word_1_196' title='bbox 1432 605 1569 640; x_wconf 79' lang='grc' dir='ltr'>δῆλον,ὂτι</span> <span class='ocrx_word' id='word_1_197' title='bbox 1581 605 1664 639; x_wconf 72' lang='grc' dir='ltr'>χωρὶς</span> <span class='ocrx_word' id='word_1_198' title='bbox 1679 604 1728 630; x_wconf 80' lang='grc' dir='ltr'><strong>ἀπ’</strong></span> <span class='ocrx_word' id='word_1_199' title='bbox 1743 603 1823 638; x_wconf 75' lang='grc' dir='ltr'>ἀλλή-</span> 
     </span>
    </p>
   </div>
   <div class='ocr_carea' id='block_1_29' title="bbox 1034 648 1824 686">
    <p class='ocr_par' dir='ltr' id='par_1_29' title="bbox 1034 648 1824 686">
     <span class='ocr_line' id='line_1_29' title="bbox 1034 648 1824 686; baseline -0.005 -6"><span class='ocrx_word' id='word_1_200' title='bbox 1034 654 1087 680; x_wconf 87' lang='grc' dir='ltr'><strong>λων</strong></span> <span class='ocrx_word' id='word_1_201' title='bbox 1107 654 1155 680; x_wconf 77' lang='grc' dir='ltr'>καὶ</span> <span class='ocrx_word' id='word_1_202' title='bbox 1179 653 1260 684; x_wconf 80' lang='grc' dir='ltr'>αὐτὸς</span> <span class='ocrx_word' id='word_1_203' title='bbox 1281 651 1366 678; x_wconf 82' lang='grc' dir='ltr'>ταῦτα</span> <span class='ocrx_word' id='word_1_204' title='bbox 1388 651 1457 678; x_wconf 86' lang='grc' dir='ltr'>εἶναί</span> <span class='ocrx_word' id='word_1_205' title='bbox 1480 659 1577 686; x_wconf 76' lang='grc' dir='ltr'>φησιν·</span> <span class='ocrx_word' id='word_1_206' title='bbox 1592 651 1636 686; x_wconf 78' lang='grc' dir='ltr'><strong>ἄρ’</strong></span> <span class='ocrx_word' id='word_1_207' title='bbox 1653 648 1701 677; x_wconf 75' lang='grc' dir='ltr'><strong>οὖν</strong></span> <span class='ocrx_word' id='word_1_208' title='bbox 1719 658 1824 684; x_wconf 74' lang='grc' dir='ltr'>συμπε-</span> 
     </span>
    </p>
   </div>
   <div class='ocr_carea' id='block_1_30' title="bbox 1033 696 1825 735">
    <p class='ocr_par' dir='ltr' id='par_1_30' title="bbox 1033 696 1825 735">
     <span class='ocr_line' id='line_1_30' title="bbox 1033 696 1825 735; baseline -0.006 -9"><span class='ocrx_word' id='word_1_209' title='bbox 1033 699 1204 735; x_wconf 80' lang='grc' dir='ltr'>περασμένον</span> <span class='ocrx_word' id='word_1_210' title='bbox 1217 699 1346 734; x_wconf 76' lang='grc' dir='ltr'>ἑκάτερον</span> <span class='ocrx_word' id='word_1_211' title='bbox 1363 697 1468 733; x_wconf 81' lang='grc' dir='ltr'>θατέρῳ</span> <span class='ocrx_word' id='word_1_212' title='bbox 1487 697 1535 732; x_wconf 82' lang='grc' dir='ltr'><strong>τὴν</strong></span> <span class='ocrx_word' id='word_1_213' title='bbox 1552 697 1646 723; x_wconf 79' lang='grc' dir='ltr'>οὐσίαν</span> <span class='ocrx_word' id='word_1_214' title='bbox 1667 696 1760 728; x_wconf 74' lang='grc' dir='ltr'>ἔσται,</span> <span class='ocrx_word' id='word_1_215' title='bbox 1775 700 1825 722; x_wconf 70' lang='grc' dir='ltr'><strong>καί</strong></span> 
     </span>
    </p>
   </div>
   <div class='ocr_carea' id='block_1_31' title="bbox 1032 743 1823 780">
    <p class='ocr_par' dir='ltr' id='par_1_31' title="bbox 1032 743 1823 780">
     <span class='ocr_line' id='line_1_31' title="bbox 1032 743 1823 780; baseline -0.005 -8"><span class='ocrx_word' id='word_1_216' title='bbox 1032 746 1174 780; x_wconf 86' lang='grc' dir='ltr'>οὐδέτερον</span> <span class='ocrx_word' id='word_1_217' title='bbox 1189 745 1396 779; x_wconf 82' lang='grc' dir='ltr'>ἀπεριόριστον·</span> <span class='ocrx_word' id='word_1_218' title='bbox 1422 743 1586 779; x_wconf 72' lang='grc' dir='ltr'>περιορίζειν</span> <span class='ocrx_word' id='word_1_219' title='bbox 1607 743 1636 769; x_wconf 81' lang='grc' dir='ltr'>δὲ</span> <span class='ocrx_word' id='word_1_220' title='bbox 1657 743 1718 770; x_wconf 80' lang='grc' dir='ltr'>κατ’</span> <span class='ocrx_word' id='word_1_221' title='bbox 1731 743 1823 770; x_wconf 71' lang='grc' dir='ltr'>οὐσίαν</span> 
     </span>
    </p>
   </div>
   <div class='ocr_carea' id='block_1_32' title="bbox 1033 789 1825 826">
    <p class='ocr_par' dir='ltr' id='par_1_32' title="bbox 1033 789 1825 826">
     <span class='ocr_line' id='line_1_32' title="bbox 1033 789 1825 826; baseline -0.004 -8"><span class='ocrx_word' id='word_1_222' title='bbox 1033 792 1079 818; x_wconf 79' lang='grc' dir='ltr'><strong>τὸν</strong></span> <span class='ocrx_word' id='word_1_223' title='bbox 1094 791 1171 824; x_wconf 84' lang='grc' dir='ltr'>Θεὸν,</span> <span class='ocrx_word' id='word_1_224' title='bbox 1195 792 1241 818; x_wconf 69' lang='grc' dir='ltr'>καὶ</span> <span class='ocrx_word' id='word_1_225' title='bbox 1264 791 1300 826; x_wconf 86' lang='grc' dir='ltr'>μὴ</span> <span class='ocrx_word' id='word_1_226' title='bbox 1325 791 1476 826; x_wconf 80' lang='grc' dir='ltr'>ἀπέραντον</span> <span class='ocrx_word' id='word_1_227' title='bbox 1494 790 1591 816; x_wconf 78' lang='grc' dir='ltr'>ειδέναι</span> <span class='ocrx_word' id='word_1_228' title='bbox 1612 798 1643 815; x_wconf 82' lang='grc' dir='ltr'><strong>τε</strong></span> <span class='ocrx_word' id='word_1_229' title='bbox 1667 789 1716 816; x_wconf 78' lang='grc' dir='ltr'><strong>καὶ</strong></span> <span class='ocrx_word' id='word_1_230' title='bbox 1732 789 1825 823; x_wconf 73' lang='grc' dir='ltr'>ὁμολο-</span> 
     </span>
    </p>
   </div>
   <div class='ocr_carea' id='block_1_33' title="bbox 1033 835 1822 872">
    <p class='ocr_par' dir='ltr' id='par_1_33' title="bbox 1033 835 1822 872">
     <span class='ocr_line' id='line_1_33' title="bbox 1033 835 1822 872; baseline -0.003 -9"><span class='ocrx_word' id='word_1_231' title='bbox 1033 839 1103 872; x_wconf 84' lang='grc' dir='ltr'>γεῖν,</span> <span class='ocrx_word' id='word_1_232' title='bbox 1120 837 1177 868; x_wconf 79' lang='grc' dir='ltr'>πῶς</span> <span class='ocrx_word' id='word_1_233' title='bbox 1194 837 1224 863; x_wconf 78' lang='grc' dir='ltr'><strong>οὑ</strong></span> <span class='ocrx_word' id='word_1_234' title='bbox 1239 837 1298 864; x_wconf 86' lang='grc' dir='ltr'>λίαν</span> <span class='ocrx_word' id='word_1_235' title='bbox 1312 836 1426 868; x_wconf 49' lang='grc' dir='ltr'>ἀσεϐές</span> <span class='ocrx_word' id='word_1_236' title='bbox 1444 836 1524 862; x_wconf 81' lang='grc' dir='ltr'>ὁπότε</span> <span class='ocrx_word' id='word_1_237' title='bbox 1538 835 1568 861; x_wconf 77' lang='grc' dir='ltr'><strong>οὐ</strong></span> <span class='ocrx_word' id='word_1_238' title='bbox 1598 835 1678 870; x_wconf 77' lang='grc' dir='ltr'>μόνον</span> <span class='ocrx_word' id='word_1_239' title='bbox 1702 835 1822 870; x_wconf 78' lang='grc' dir='ltr'>περιορί-</span> 
     </span>
    </p>
   </div>
   <div class='ocr_carea' id='block_1_34' title="bbox 194 879 1007 921">
    <p class='ocr_par' dir='ltr' id='par_1_34' title="bbox 194 881 1007 921">
     <span class='ocr_line' id='line_1_34' title="bbox 194 881 1007 921; baseline 0.009 -15"><span class='ocrx_word' id='word_1_240' title='bbox 194 881 331 915; x_wconf 89' lang='lat' dir='ltr'><strong>quomodo</strong></span> <span class='ocrx_word' id='word_1_241' title='bbox 346 889 399 908; x_wconf 88' lang='lat' dir='ltr'><strong>non</strong></span> <span class='ocrx_word' id='word_1_242' title='bbox 416 886 458 910; x_wconf 89' lang='lat' dir='ltr'><strong>est</strong></span> <span class='ocrx_word' id='word_1_243' title='bbox 479 883 626 910; x_wconf 85' lang='lat' dir='ltr'><strong>admodum</strong></span> <span class='ocrx_word' id='word_1_244' title='bbox 647 884 778 919; x_wconf 83' lang='lat' dir='ltr'><strong>impium?</strong></span> <span class='ocrx_word' id='word_1_245' title='bbox 805 885 983 921; x_wconf 84' lang='lat' dir='ltr'><strong>Quandoqui-</strong></span> <span class='ocrx_word' id='word_1_246' title='bbox 999 891 1007 918; x_wconf 85' lang='grc'><strong>1</strong></span> 
     </span>
    </p>
   </div>
   <div class='ocr_carea' id='block_1_35' title="bbox 1038 879 1823 921">
    <p class='ocr_par' dir='ltr' id='par_1_35' title="bbox 1038 879 1823 918">
     <span class='ocr_line' id='line_1_35' title="bbox 1038 879 1823 918; baseline -0.004 -9"><span class='ocrx_word' id='word_1_247' title='bbox 1038 883 1128 915; x_wconf 78' lang='grc' dir='ltr'>ζεσθαι</span> <span class='ocrx_word' id='word_1_248' title='bbox 1155 882 1224 915; x_wconf 81' lang='grc' dir='ltr'><strong>δόξει</strong></span> <span class='ocrx_word' id='word_1_249' title='bbox 1247 882 1296 918; x_wconf 84' lang='grc' dir='ltr'><strong>τὴν</strong></span> <span class='ocrx_word' id='word_1_250' title='bbox 1319 881 1412 908; x_wconf 79' lang='grc' dir='ltr'>οὐσίαν</span> <span class='ocrx_word' id='word_1_251' title='bbox 1431 881 1477 907; x_wconf 82' lang='grc' dir='ltr'><strong>καὶ</strong></span> <span class='ocrx_word' id='word_1_252' title='bbox 1503 879 1734 915; x_wconf 72' lang='grc' dir='ltr'>περιγρὰφεσθαι,</span> <span class='ocrx_word' id='word_1_253' title='bbox 1758 880 1823 906; x_wconf 79' lang='grc' dir='ltr'>ἀλλὰ</span> 
     </span>
    </p>
   </div>
   <div class='ocr_carea' id='block_1_36' title="bbox 193 926 969 959">
    <p class='ocr_par' dir='ltr' id='par_1_36' title="bbox 193 926 969 959">
     <span class='ocr_line' id='line_1_36' title="bbox 193 926 969 959; baseline 0.008 -6"><span class='ocrx_word' id='word_1_254' title='bbox 193 926 254 954; x_wconf 89' lang='lat' dir='ltr'><strong>dem</strong></span> <span class='ocrx_word' id='word_1_255' title='bbox 274 935 327 954; x_wconf 91' lang='lat' dir='ltr'><strong>non</strong></span> <span class='ocrx_word' id='word_1_256' title='bbox 344 928 431 955; x_wconf 88' lang='lat' dir='ltr'><strong>solum</strong></span> <span class='ocrx_word' id='word_1_257' title='bbox 443 929 634 956; x_wconf 80' lang='lat' dir='ltr'><strong>circumscribi</strong></span> <span class='ocrx_word' id='word_1_258' title='bbox 655 934 682 958; x_wconf 88' lang='lat' dir='ltr'><strong>et</strong></span> <span class='ocrx_word' id='word_1_259' title='bbox 697 931 838 958; x_wconf 88' lang='lat' dir='ltr'><strong>terminari</strong></span> <span class='ocrx_word' id='word_1_260' title='bbox 855 931 969 959; x_wconf 86' lang='lat' dir='ltr'><strong>substan</strong></span> 
     </span>
    </p>
   </div>
   <div class='ocr_carea' id='block_1_37' title="bbox 193 972 983 1008">
    <p class='ocr_par' dir='ltr' id='par_1_37' title="bbox 193 972 983 1008">
     <span class='ocr_line' id='line_1_37' title="bbox 193 972 983 1008; baseline 0.009 -11"><span class='ocrx_word' id='word_1_261' title='bbox 193 973 230 998; x_wconf 82' lang='lat' dir='ltr'><strong>tia</strong></span> <span class='ocrx_word' id='word_1_262' title='bbox 248 972 293 1000; x_wconf 86' lang='lat' dir='ltr'><strong>Dei</strong></span> <span class='ocrx_word' id='word_1_263' title='bbox 308 973 454 1006; x_wconf 86' lang='lat' dir='ltr'><strong>videbitur,</strong></span> <span class='ocrx_word' id='word_1_264' title='bbox 474 974 520 1002; x_wconf 83' lang='lat' dir='ltr'><strong>sed</strong></span> <span class='ocrx_word' id='word_1_265' title='bbox 538 982 551 1001; x_wconf 86' lang='lat' dir='ltr'><strong>a</strong></span> <span class='ocrx_word' id='word_1_266' title='bbox 569 976 650 1007; x_wconf 83' lang='lat' dir='ltr'><strong>malo,</strong></span> <span class='ocrx_word' id='word_1_267' title='bbox 667 979 695 1003; x_wconf 87' lang='lat' dir='ltr'><strong>ut</strong></span> <span class='ocrx_word' id='word_1_268' title='bbox 712 977 758 1003; x_wconf 89' lang='lat' dir='ltr'><strong>ille</strong></span> <span class='ocrx_word' id='word_1_269' title='bbox 775 977 822 1008; x_wconf 84' lang='lat' dir='ltr'><strong>ait,</strong></span> <span class='ocrx_word' id='word_1_270' title='bbox 838 977 889 1004; x_wconf 88' lang='lat' dir='ltr'><strong>hoc</strong></span> <span class='ocrx_word' id='word_1_271' title='bbox 911 977 983 1004; x_wconf 85' lang='lat' dir='ltr'><strong>acci-</strong></span> 
     </span>
    </p>
   </div>
   <div class='ocr_carea' id='block_1_38' title="bbox 193 1017 981 1058">
    <p class='ocr_par' dir='ltr' id='par_1_38' title="bbox 193 1017 981 1058">
     <span class='ocr_line' id='line_1_38' title="bbox 193 1017 981 1058; baseline 0.009 -15"><span class='ocrx_word' id='word_1_272' title='bbox 193 1025 266 1051; x_wconf 80' lang='lat' dir='ltr'><strong>pere.</strong></span> <span class='ocrx_word' id='word_1_273' title='bbox 284 1017 361 1051; x_wconf 85' lang='lat' dir='ltr'><strong>Quod</strong></span> <span class='ocrx_word' id='word_1_274' title='bbox 376 1020 484 1054; x_wconf 84' lang='lat' dir='ltr'><strong>quidem</strong></span> <span class='ocrx_word' id='word_1_275' title='bbox 501 1025 577 1048; x_wconf 80' lang='lat' dir='ltr'><strong>extra</strong></span> <span class='ocrx_word' id='word_1_276' title='bbox 595 1029 757 1049; x_wconf 84' lang='lat' dir='ltr'><strong>communes</strong></span> <span class='ocrx_word' id='word_1_277' title='bbox 773 1023 900 1051; x_wconf 87' lang='lat' dir='ltr'><strong>notiones</strong></span> <span class='ocrx_word' id='word_1_278' title='bbox 920 1027 962 1051; x_wconf 85' lang='lat' dir='ltr'><strong>est</strong></span> <span class='ocrx_word' id='word_1_279' title='bbox 973 1045 981 1058; x_wconf 91' lang='lat'><strong>,</strong></span> 
     </span>
    </p>
   </div>
   <div class='ocr_carea' id='block_1_39' title="bbox 192 1062 981 1102">
    <p class='ocr_par' dir='ltr' id='par_1_39' title="bbox 192 1062 981 1102">
     <span class='ocr_line' id='line_1_39' title="bbox 192 1062 981 1102; baseline 0.011 -16"><span class='ocrx_word' id='word_1_280' title='bbox 192 1068 252 1093; x_wconf 59' lang='lat' dir='ltr'><strong>qua;</strong></span> <span class='ocrx_word' id='word_1_281' title='bbox 264 1062 346 1088; x_wconf 88' lang='lat' dir='ltr'><strong>menti</strong></span> <span class='ocrx_word' id='word_1_282' title='bbox 363 1069 521 1098; x_wconf 78' lang='lat' dir='ltr'><strong>suggerunt,</strong></span> <span class='ocrx_word' id='word_1_283' title='bbox 539 1069 568 1092; x_wconf 86' lang='lat' dir='ltr'><strong>ut</strong></span> <span class='ocrx_word' id='word_1_284' title='bbox 586 1074 647 1093; x_wconf 88' lang='lat' dir='ltr'><strong>eum</strong></span> <span class='ocrx_word' id='word_1_285' title='bbox 664 1067 764 1102; x_wconf 88' lang='lat' dir='ltr'><strong>ubique</strong></span> <span class='ocrx_word' id='word_1_286' title='bbox 783 1074 844 1094; x_wconf 84' lang='lat' dir='ltr'><strong>esse</strong></span> <span class='ocrx_word' id='word_1_287' title='bbox 864 1072 981 1101; x_wconf 77' lang='lat' dir='ltr'><strong>noscat,</strong></span> 
     </span>
    </p>
   </div>
   <div class='ocr_carea' id='block_1_40' title="bbox 192 1108 618 1144">
    <p class='ocr_par' dir='ltr' id='par_1_40' title="bbox 192 1108 618 1144">
     <span class='ocr_line' id='line_1_40' title="bbox 192 1108 618 1144; baseline 0.016 -12"><span class='ocrx_word' id='word_1_288' title='bbox 192 1110 219 1132; x_wconf 81' lang='lat' dir='ltr'><strong>et</strong></span> <span class='ocrx_word' id='word_1_289' title='bbox 234 1111 331 1134; x_wconf 87' lang='lat' dir='ltr'><strong>natura</strong></span> <span class='ocrx_word' id='word_1_290' title='bbox 347 1108 618 1144; x_wconf 82' lang='lat' dir='ltr'><strong>incompreltensum.</strong></span> 
     </span>
    </p>
   </div>
   <div class='ocr_carea' id='block_1_41' title="bbox 1035 924 1820 963">
    <p class='ocr_par' dir='ltr' id='par_1_41' title="bbox 1035 924 1820 963">
     <span class='ocr_line' id='line_1_41' title="bbox 1035 924 1820 963; baseline -0.006 -8"><span class='ocrx_word' id='word_1_291' title='bbox 1035 930 1082 956; x_wconf 66' lang='grc' dir='ltr'><strong>καὶ</strong></span> <span class='ocrx_word' id='word_1_292' title='bbox 1106 928 1175 963; x_wconf 76' lang='grc' dir='ltr'>πρὸς</span> <span class='ocrx_word' id='word_1_293' title='bbox 1190 927 1238 962; x_wconf 83' lang='grc' dir='ltr'>τῆς</span> <span class='ocrx_word' id='word_1_294' title='bbox 1258 927 1367 958; x_wconf 77' lang='grc' dir='ltr'><strong>κακίας,</strong></span> <span class='ocrx_word' id='word_1_295' title='bbox 1391 926 1429 957; x_wconf 81' lang='grc' dir='ltr'>ὡς</span> <span class='ocrx_word' id='word_1_296' title='bbox 1451 925 1553 957; x_wconf 80' lang='grc' dir='ltr'>ἐκεῖνός</span> <span class='ocrx_word' id='word_1_297' title='bbox 1575 933 1653 959; x_wconf 78' lang='grc' dir='ltr'>φησι,</span> <span class='ocrx_word' id='word_1_298' title='bbox 1673 924 1753 950; x_wconf 74' lang='grc' dir='ltr'>τοῦτο</span> <span class='ocrx_word' id='word_1_299' title='bbox 1771 925 1820 951; x_wconf 81' lang='grc' dir='ltr'><strong>πά-</strong></span> 
     </span>
    </p>
   </div>
   <div class='ocr_carea' id='block_1_42' title="bbox 1031 970 1821 1012">
    <p class='ocr_par' dir='ltr' id='par_1_42' title="bbox 1031 970 1821 1010">
     <span class='ocr_line' id='line_1_42' title="bbox 1031 970 1821 1010; baseline -0.006 -10"><span class='ocrx_word' id='word_1_300' title='bbox 1031 983 1118 1010; x_wconf 76' lang='grc' dir='ltr'>σχειν.</span> <span class='ocrx_word' id='word_1_301' title='bbox 1129 974 1217 1009; x_wconf 84' lang='grc' dir='ltr'>Ὅπερ</span> <span class='ocrx_word' id='word_1_302' title='bbox 1231 973 1336 1008; x_wconf 87' lang='grc' dir='ltr'>πρῶτον</span> <span class='ocrx_word' id='word_1_303' title='bbox 1357 971 1406 1007; x_wconf 84' lang='grc' dir='ltr'>μὲν</span> <span class='ocrx_word' id='word_1_304' title='bbox 1429 971 1483 997; x_wconf 83' lang='grc' dir='ltr'><strong>τῶν</strong></span> <span class='ocrx_word' id='word_1_305' title='bbox 1502 971 1597 997; x_wconf 84' lang='grc' dir='ltr'>κοινῶν</span> <span class='ocrx_word' id='word_1_306' title='bbox 1611 970 1723 997; x_wconf 78' lang='grc' dir='ltr'>ἐννοιῶν</span> <span class='ocrx_word' id='word_1_307' title='bbox 1737 970 1821 1001; x_wconf 70' lang='grc' dir='ltr'>ἐκτὸς,</span> 
     </span>
    </p>
   </div>
   <div class='ocr_carea' id='block_1_43' title="bbox 1031 1014 1822 1052">
    <p class='ocr_par' dir='ltr' id='par_1_43' title="bbox 1031 1014 1822 1052">
     <span class='ocr_line' id='line_1_43' title="bbox 1031 1014 1822 1052; baseline -0.005 -6"><span class='ocrx_word' id='word_1_308' title='bbox 1031 1020 1137 1051; x_wconf 65' lang='grc' dir='ltr'>αἵτινες</span> <span class='ocrx_word' id='word_1_309' title='bbox 1152 1018 1345 1046; x_wconf 79' lang='grc' dir='ltr'>ὑποϐάλλουσιν</span> <span class='ocrx_word' id='word_1_310' title='bbox 1362 1018 1442 1045; x_wconf 82' lang='grc' dir='ltr'>αὑτὸν</span> <span class='ocrx_word' id='word_1_311' title='bbox 1469 1017 1611 1052; x_wconf 85' lang='grc' dir='ltr'>γινώσκειν</span> <span class='ocrx_word' id='word_1_312' title='bbox 1630 1014 1702 1044; x_wconf 81' lang='grc' dir='ltr'>εἷναί</span> <span class='ocrx_word' id='word_1_313' title='bbox 1716 1024 1745 1042; x_wconf 90' lang='grc' dir='ltr'><strong>τε</strong></span> <span class='ocrx_word' id='word_1_314' title='bbox 1760 1024 1822 1042; x_wconf 75' lang='grc' dir='ltr'>παν-</span> 
     </span>
    </p>
   </div>
   <div class='ocr_carea' id='block_1_44' title="bbox 1034 1062 1705 1101">
    <p class='ocr_par' dir='ltr' id='par_1_44' title="bbox 1034 1062 1705 1101">
     <span class='ocr_line' id='line_1_44' title="bbox 1034 1062 1705 1101; baseline -0.006 -8"><span class='ocrx_word' id='word_1_315' title='bbox 1034 1065 1129 1101; x_wconf 76' lang='grc' dir='ltr'>ταχοῦ,</span> <span class='ocrx_word' id='word_1_316' title='bbox 1145 1065 1193 1092; x_wconf 74' lang='grc' dir='ltr'>καὶ</span> <span class='ocrx_word' id='word_1_317' title='bbox 1206 1064 1390 1100; x_wconf 78' lang='grc' dir='ltr'>ἀπερίληπτον</span> <span class='ocrx_word' id='word_1_318' title='bbox 1404 1064 1534 1099; x_wconf 81' lang='grc' dir='ltr'>ὑπάρχειν</span> <span class='ocrx_word' id='word_1_319' title='bbox 1548 1062 1596 1099; x_wconf 83' lang='grc' dir='ltr'><strong>τὴν</strong></span> <span class='ocrx_word' id='word_1_320' title='bbox 1610 1062 1705 1097; x_wconf 76' lang='grc' dir='ltr'>φύσιν.</span> 
     </span>
    </p>
   </div>
   <div class='ocr_carea' id='block_1_45' title="bbox 631 1171 1417 1208">
    <p class='ocr_par' dir='ltr' id='par_1_45' title="bbox 631 1171 1417 1208">
     <span class='ocr_line' id='line_1_45' title="bbox 631 1171 1417 1208; baseline -0.004 -9"><span class='ocrx_word' id='word_1_321' title='bbox 631 1172 696 1200; x_wconf 70' lang='lat' dir='ltr'><strong>Car.</strong></span> <span class='ocrx_word' id='word_1_322' title='bbox 718 1172 764 1201; x_wconf 84' lang='lat' dir='ltr'><strong>Vl.</strong></span> <span class='ocrx_word' id='word_1_323' title='bbox 778 1173 850 1201; x_wconf 82' lang='lat' dir='ltr'><strong>Deus</strong></span> <span class='ocrx_word' id='word_1_324' title='bbox 860 1175 1004 1201; x_wconf 71' lang='lat' dir='ltr'><strong>secundum</strong></span> <span class='ocrx_word' id='word_1_325' title='bbox 1020 1173 1120 1208; x_wconf 77' lang='lat' dir='ltr'><strong>placita</strong></span> <span class='ocrx_word' id='word_1_326' title='bbox 1136 1171 1304 1199; x_wconf 65' lang='lat' dir='ltr'><strong>lanio/mica</strong></span> <span class='ocrx_word' id='word_1_327' title='bbox 1317 1171 1417 1205; x_wconf 78' lang='lat' dir='ltr'><strong>ﬁnitus.</strong></span> 
     </span>
    </p>
   </div>
   <div class='ocr_carea' id='block_1_46' title="bbox 229 1213 979 1254">
    <p class='ocr_par' dir='ltr' id='par_1_46' title="bbox 229 1213 979 1254">
     <span class='ocr_line' id='line_1_46' title="bbox 229 1213 979 1254; baseline 0.013 -15"><span class='ocrx_word' id='word_1_328' title='bbox 229 1213 362 1243; x_wconf 78' lang='lat' dir='ltr'><strong>Praeterea</strong></span> <span class='ocrx_word' id='word_1_329' title='bbox 375 1217 468 1249; x_wconf 89' lang='lat' dir='ltr'><strong>etiam,</strong></span> <span class='ocrx_word' id='word_1_330' title='bbox 486 1219 509 1245; x_wconf 88' lang='lat' dir='ltr'><strong>si</strong></span> <span class='ocrx_word' id='word_1_331' title='bbox 526 1218 582 1245; x_wconf 65' lang='lat' dir='ltr'><strong>haec</strong></span> <span class='ocrx_word' id='word_1_332' title='bbox 594 1220 750 1247; x_wconf 86' lang='lat' dir='ltr'><strong>necessario</strong></span> <span class='ocrx_word' id='word_1_333' title='bbox 764 1227 778 1247; x_wconf 87' lang='lat' dir='ltr'><strong>a</strong></span> <span class='ocrx_word' id='word_1_334' title='bbox 790 1228 820 1248; x_wconf 90' lang='lat' dir='ltr'><strong>se</strong></span> <span class='ocrx_word' id='word_1_335' title='bbox 833 1221 979 1254; x_wconf 84' lang='lat' dir='ltr'><strong>dissident,</strong></span> 
     </span>
    </p>
   </div>
   <div class='ocr_carea' id='block_1_47' title="bbox 191 1262 980 1299">
    <p class='ocr_par' dir='ltr' id='par_1_47' title="bbox 191 1262 980 1299">
     <span class='ocr_line' id='line_1_47' title="bbox 191 1262 980 1299; baseline 0.009 -13"><span class='ocrx_word' id='word_1_336' title='bbox 191 1268 245 1286; x_wconf 89' lang='lat' dir='ltr'><strong>non</strong></span> <span class='ocrx_word' id='word_1_337' title='bbox 261 1262 349 1288; x_wconf 89' lang='lat' dir='ltr'><strong>solum</strong></span> <span class='ocrx_word' id='word_1_338' title='bbox 363 1262 446 1295; x_wconf 81' lang='lat' dir='ltr'><strong>Deus.</strong></span> <span class='ocrx_word' id='word_1_339' title='bbox 463 1264 590 1298; x_wconf 85' lang='lat' dir='ltr'><strong>opinione</strong></span> <span class='ocrx_word' id='word_1_340' title='bbox 602 1265 675 1292; x_wconf 89' lang='lat' dir='ltr'><strong>illius</strong></span> <span class='ocrx_word' id='word_1_341' title='bbox 692 1266 798 1299; x_wconf 89' lang='lat' dir='ltr'><strong>insana,</strong></span> <span class='ocrx_word' id='word_1_342' title='bbox 808 1271 912 1294; x_wconf 64' lang='lat' dir='ltr'><strong>naturae</strong></span> <span class='ocrx_word' id='word_1_343' title='bbox 926 1267 980 1293; x_wconf 88' lang='lat' dir='ltr'><strong>cir-</strong></span> 
     </span>
    </p>
   </div>
   <div class='ocr_carea' id='block_1_48' title="bbox 191 1303 980 1347">
    <p class='ocr_par' dir='ltr' id='par_1_48' title="bbox 191 1303 980 1347">
     <span class='ocr_line' id='line_1_48' title="bbox 191 1303 980 1347; baseline 0.009 -14"><span class='ocrx_word' id='word_1_344' title='bbox 191 1303 365 1343; x_wconf 61' lang='lat' dir='ltr'><strong>cumscripta</strong></span> <span class='ocrx_word' id='word_1_345' title='bbox 387 1317 448 1336; x_wconf 87' lang='lat' dir='ltr'><strong>esse</strong></span> <span class='ocrx_word' id='word_1_346' title='bbox 475 1310 630 1343; x_wconf 85' lang='lat' dir='ltr'><strong>videbitur,</strong></span> <span class='ocrx_word' id='word_1_347' title='bbox 659 1311 707 1339; x_wconf 82' lang='lat' dir='ltr'><strong>sed</strong></span> <span class='ocrx_word' id='word_1_348' title='bbox 735 1312 762 1339; x_wconf 93' lang='lat' dir='ltr'><strong>in</strong></span> <span class='ocrx_word' id='word_1_349' title='bbox 789 1312 895 1347; x_wconf 84' lang='lat' dir='ltr'><strong>privato</strong></span> <span class='ocrx_word' id='word_1_350' title='bbox 919 1313 980 1341; x_wconf 89' lang='lat' dir='ltr'><strong>loco</strong></span> 
     </span>
    </p>
   </div>
   <div class='ocr_carea' id='block_1_49' title="bbox 190 1354 979 1391">
    <p class='ocr_par' dir='ltr' id='par_1_49' title="bbox 190 1354 979 1391">
     <span class='ocr_line' id='line_1_49' title="bbox 190 1354 979 1391; baseline 0.009 -12"><span class='ocrx_word' id='word_1_351' title='bbox 190 1361 262 1384; x_wconf 78' lang='lat' dir='ltr'><strong>esse.</strong></span> <span class='ocrx_word' id='word_1_352' title='bbox 278 1357 305 1381; x_wconf 90' lang='lat' dir='ltr'><strong>et</strong></span> <span class='ocrx_word' id='word_1_353' title='bbox 319 1354 439 1382; x_wconf 72' lang='lat' dir='ltr'><strong>residere</strong></span> <span class='ocrx_word' id='word_1_354' title='bbox 455 1363 538 1391; x_wconf 86' lang='lat' dir='ltr'><strong>prope</strong></span> <span class='ocrx_word' id='word_1_355' title='bbox 552 1358 733 1385; x_wconf 84' lang='lat' dir='ltr'><strong>contrarium.</strong></span> <span class='ocrx_word' id='word_1_356' title='bbox 752 1358 818 1391; x_wconf 66' lang='lat' dir='ltr'><strong>Quae</strong></span> <span class='ocrx_word' id='word_1_357' title='bbox 828 1359 901 1386; x_wconf 91' lang='lat' dir='ltr'><strong>enim</strong></span> <span class='ocrx_word' id='word_1_358' title='bbox 920 1366 935 1386; x_wconf 87' lang='lat' dir='ltr'><strong>a</strong></span> <span class='ocrx_word' id='word_1_359' title='bbox 950 1367 979 1387; x_wconf 88' lang='lat' dir='ltr'><strong>se</strong></span> 
     </span>
    </p>
   </div>
   <div class='ocr_carea' id='block_1_50' title="bbox 191 1401 980 1437">
    <p class='ocr_par' dir='ltr' id='par_1_50' title="bbox 191 1401 980 1437">
     <span class='ocr_line' id='line_1_50' title="bbox 191 1401 980 1437; baseline 0.006 -12"><span class='ocrx_word' id='word_1_360' title='bbox 191 1402 286 1425; x_wconf 86' lang='lat' dir='ltr'><strong>tuntuo</strong></span> <span class='ocrx_word' id='word_1_361' title='bbox 299 1403 439 1432; x_wconf 83' lang='lat' dir='ltr'><strong>arcentur,</strong></span> <span class='ocrx_word' id='word_1_362' title='bbox 456 1401 576 1436; x_wconf 85' lang='lat' dir='ltr'><strong>propriis</strong></span> <span class='ocrx_word' id='word_1_363' title='bbox 595 1407 621 1429; x_wconf 89' lang='lat' dir='ltr'><strong>et</strong></span> <span class='ocrx_word' id='word_1_364' title='bbox 640 1403 754 1437; x_wconf 82' lang='lat' dir='ltr'><strong>privatis</strong></span> <span class='ocrx_word' id='word_1_365' title='bbox 778 1403 846 1431; x_wconf 91' lang='lat' dir='ltr'><strong>locis</strong></span> <span class='ocrx_word' id='word_1_366' title='bbox 860 1404 980 1431; x_wconf 85' lang='lat' dir='ltr'><strong>circum-</strong></span> 
     </span>
    </p>
   </div>
   <div class='ocr_carea' id='block_1_51' title="bbox 191 1445 980 1483">
    <p class='ocr_par' dir='ltr' id='par_1_51' title="bbox 191 1445 980 1483">
     <span class='ocr_line' id='line_1_51' title="bbox 191 1445 980 1483; baseline 0.008 -12"><span class='ocrx_word' id='word_1_367' title='bbox 191 1445 327 1472; x_wconf 80' lang='lat' dir='ltr'><strong>scribunt.</strong></span> <span class='ocrx_word' id='word_1_368' title='bbox 340 1445 508 1474; x_wconf 79' lang='lat' dir='ltr'><strong>Excutienda</strong></span> <span class='ocrx_word' id='word_1_369' title='bbox 521 1447 603 1483; x_wconf 79' lang='lat' dir='ltr'><strong>igitur</strong></span> <span class='ocrx_word' id='word_1_370' title='bbox 613 1453 677 1475; x_wconf 89' lang='lat' dir='ltr'><strong>sunt</strong></span> <span class='ocrx_word' id='word_1_371' title='bbox 694 1449 762 1481; x_wconf 78' lang='lat' dir='ltr'><strong>haec,</strong></span> <span class='ocrx_word' id='word_1_372' title='bbox 779 1450 802 1477; x_wconf 90' lang='lat' dir='ltr'><strong>si</strong></span> <span class='ocrx_word' id='word_1_373' title='bbox 818 1450 900 1477; x_wconf 89' lang='lat' dir='ltr'><strong>ambo</strong></span> <span class='ocrx_word' id='word_1_374' title='bbox 914 1457 980 1477; x_wconf 89' lang='lat' dir='ltr'><strong>con-</strong></span> 
     </span>
    </p>
   </div>
   <div class='ocr_carea' id='block_1_52' title="bbox 191 1491 978 1530">
    <p class='ocr_par' dir='ltr' id='par_1_52' title="bbox 191 1491 978 1530">
     <span class='ocr_line' id='line_1_52' title="bbox 191 1491 978 1530; baseline 0.009 -13"><span class='ocrx_word' id='word_1_375' title='bbox 191 1491 276 1518; x_wconf 83' lang='lat' dir='ltr'><strong>traria</strong></span> <span class='ocrx_word' id='word_1_376' title='bbox 298 1496 428 1527; x_wconf 83' lang='lat' dir='ltr'><strong>tanquam</strong></span> <span class='ocrx_word' id='word_1_377' title='bbox 459 1494 578 1528; x_wconf 75' lang='lat' dir='ltr'><strong>ingenita</strong></span> <span class='ocrx_word' id='word_1_378' title='bbox 603 1496 759 1530; x_wconf 85' lang='lat' dir='ltr'><strong>antiquiora</strong></span> <span class='ocrx_word' id='word_1_379' title='bbox 784 1497 852 1524; x_wconf 90' lang='lat' dir='ltr'><strong>locis</strong></span> <span class='ocrx_word' id='word_1_380' title='bbox 879 1500 978 1528; x_wconf 82' lang='lat' dir='ltr'><strong>erant,</strong></span> 
     </span>
    </p>
   </div>
   <div class='ocr_carea' id='block_1_53' title="bbox 1070 1214 1820 1253">
    <p class='ocr_par' dir='ltr' id='par_1_53' title="bbox 1070 1214 1820 1253">
     <span class='ocr_line' id='line_1_53' title="bbox 1070 1214 1820 1253; baseline -0.007 -8"><span class='ocrx_word' id='word_1_381' title='bbox 1070 1220 1130 1246; x_wconf 85' lang='grc' dir='ltr'><strong>Ἔτι</strong></span> <span class='ocrx_word' id='word_1_382' title='bbox 1151 1219 1198 1253; x_wconf 86' lang='grc' dir='ltr'>μὲν</span> <span class='ocrx_word' id='word_1_383' title='bbox 1213 1219 1237 1244; x_wconf 88' lang='grc' dir='ltr'>εἰ</span> <span class='ocrx_word' id='word_1_384' title='bbox 1261 1217 1347 1244; x_wconf 82' lang='grc' dir='ltr'>ταῦτα</span> <span class='ocrx_word' id='word_1_385' title='bbox 1365 1217 1504 1251; x_wconf 76' lang='grc' dir='ltr'>διέστηκεν</span> <span class='ocrx_word' id='word_1_386' title='bbox 1524 1214 1680 1249; x_wconf 80' lang='grc' dir='ltr'>ἀναγκαίως</span> <span class='ocrx_word' id='word_1_387' title='bbox 1692 1214 1820 1251; x_wconf 61' lang='grc' dir='ltr'>ἀλλήλων,</span> 
     </span>
    </p>
   </div>
   <div class='ocr_carea' id='block_1_54' title="bbox 1033 1261 1822 1300">
    <p class='ocr_par' dir='ltr' id='par_1_54' title="bbox 1033 1261 1822 1300">
     <span class='ocr_line' id='line_1_54' title="bbox 1033 1261 1822 1300; baseline -0.008 -7"><span class='ocrx_word' id='word_1_388' title='bbox 1033 1266 1062 1293; x_wconf 85' lang='grc' dir='ltr'>οὺ</span> <span class='ocrx_word' id='word_1_389' title='bbox 1078 1266 1158 1300; x_wconf 88' lang='grc' dir='ltr'>μόνον</span> <span class='ocrx_word' id='word_1_390' title='bbox 1178 1263 1246 1290; x_wconf 85' lang='grc' dir='ltr'>Θεοῦ</span> <span class='ocrx_word' id='word_1_391' title='bbox 1271 1263 1343 1291; x_wconf 77' lang='grc' dir='ltr'>κατὰ</span> <span class='ocrx_word' id='word_1_392' title='bbox 1361 1263 1410 1299; x_wconf 84' lang='grc' dir='ltr'><strong>τὴν</strong></span> <span class='ocrx_word' id='word_1_393' title='bbox 1431 1262 1535 1290; x_wconf 78' lang='grc' dir='ltr'>ἐκείνου</span> <span class='ocrx_word' id='word_1_394' title='bbox 1557 1261 1656 1297; x_wconf 81' lang='grc' dir='ltr'>μανίαν</span> <span class='ocrx_word' id='word_1_395' title='bbox 1681 1261 1753 1294; x_wconf 77' lang='grc' dir='ltr'>δόξει</span> <span class='ocrx_word' id='word_1_396' title='bbox 1777 1262 1822 1297; x_wconf 78' lang='grc' dir='ltr'><strong>τὴν</strong></span> 
     </span>
    </p>
   </div>
   <div class='ocr_carea' id='block_1_55' title="bbox 1033 1307 1821 1346">
    <p class='ocr_par' dir='ltr' id='par_1_55' title="bbox 1033 1307 1821 1346">
     <span class='ocr_line' id='line_1_55' title="bbox 1033 1307 1821 1346; baseline -0.005 -8"><span class='ocrx_word' id='word_1_397' title='bbox 1033 1312 1114 1346; x_wconf 67' lang='grc' dir='ltr'>φύσιν</span> <span class='ocrx_word' id='word_1_398' title='bbox 1130 1309 1343 1346; x_wconf 72' lang='grc' dir='ltr'>περιορίξεσθαι,</span> <span class='ocrx_word' id='word_1_399' title='bbox 1360 1307 1428 1335; x_wconf 80' lang='grc' dir='ltr'>ἀλλὰ</span> <span class='ocrx_word' id='word_1_400' title='bbox 1445 1309 1492 1335; x_wconf 70' lang='grc' dir='ltr'><strong>καὶ</strong></span> <span class='ocrx_word' id='word_1_401' title='bbox 1513 1309 1542 1334; x_wconf 82' lang='grc' dir='ltr'>ὲν</span> <span class='ocrx_word' id='word_1_402' title='bbox 1562 1308 1618 1343; x_wconf 72' lang='grc' dir='ltr'>[δίῳ</span> <span class='ocrx_word' id='word_1_403' title='bbox 1636 1308 1713 1343; x_wconf 84' lang='grc' dir='ltr'>τόπῳ</span> <span class='ocrx_word' id='word_1_404' title='bbox 1727 1309 1821 1344; x_wconf 81' lang='grc' dir='ltr'>τυγχά-</span> 
     </span>
    </p>
   </div>
   <div class='ocr_carea' id='block_1_56' title="bbox 1034 1353 1821 1392">
    <p class='ocr_par' dir='ltr' id='par_1_56' title="bbox 1034 1353 1821 1392">
     <span class='ocr_line' id='line_1_56' title="bbox 1034 1353 1821 1392; baseline -0.005 -7"><span class='ocrx_word' id='word_1_405' title='bbox 1034 1368 1099 1389; x_wconf 85' lang='grc' dir='ltr'>νειν,</span> <span class='ocrx_word' id='word_1_406' title='bbox 1117 1357 1163 1384; x_wconf 72' lang='grc' dir='ltr'>καὶ</span> <span class='ocrx_word' id='word_1_407' title='bbox 1186 1356 1350 1392; x_wconf 70' lang='grc' dir='ltr'>καταμένειν</span> <span class='ocrx_word' id='word_1_408' title='bbox 1372 1354 1569 1390; x_wconf 83' lang='grc' dir='ltr'>παραπλησίως</span> <span class='ocrx_word' id='word_1_409' title='bbox 1588 1353 1627 1389; x_wconf 86' lang='grc' dir='ltr'><strong>τῷ</strong></span> <span class='ocrx_word' id='word_1_410' title='bbox 1642 1355 1766 1389; x_wconf 81' lang='grc' dir='ltr'>ἐναντίῳ.</span> <span class='ocrx_word' id='word_1_411' title='bbox 1785 1355 1821 1381; x_wconf 74' lang='grc' dir='ltr'><strong>Τὰ</strong></span> 
     </span>
    </p>
   </div>
   <div class='ocr_carea' id='block_1_57' title="bbox 1034 1400 1821 1439">
    <p class='ocr_par' dir='ltr' id='par_1_57' title="bbox 1034 1400 1821 1439">
     <span class='ocr_line' id='line_1_57' title="bbox 1034 1400 1821 1439; baseline -0.005 -9"><span class='ocrx_word' id='word_1_412' title='bbox 1034 1405 1088 1439; x_wconf 77' lang='grc' dir='ltr'><strong>γὰρ</strong></span> <span class='ocrx_word' id='word_1_413' title='bbox 1109 1404 1154 1430; x_wconf 85' lang='grc' dir='ltr'>ὑπ’</span> <span class='ocrx_word' id='word_1_414' title='bbox 1177 1403 1298 1438; x_wconf 84' lang='grc' dir='ltr'>ἀλλήλων</span> <span class='ocrx_word' id='word_1_415' title='bbox 1325 1401 1480 1436; x_wconf 81' lang='grc' dir='ltr'>εἰργόμενα,</span> <span class='ocrx_word' id='word_1_416' title='bbox 1505 1401 1597 1433; x_wconf 79' lang='grc' dir='ltr'>τόποις</span> <span class='ocrx_word' id='word_1_417' title='bbox 1625 1400 1704 1433; x_wconf 80' lang='grc' dir='ltr'>ἰδίοις</span> <span class='ocrx_word' id='word_1_418' title='bbox 1726 1401 1821 1436; x_wconf 74' lang='grc' dir='ltr'>δηλαδὴ</span> 
     </span>
    </p>
   </div>
   <div class='ocr_carea' id='block_1_58' title="bbox 1034 1445 1822 1486">
    <p class='ocr_par' dir='ltr' id='par_1_58' title="bbox 1034 1445 1822 1486">
     <span class='ocr_line' id='line_1_58' title="bbox 1034 1445 1822 1486; baseline -0.006 -9"><span class='ocrx_word' id='word_1_419' title='bbox 1034 1450 1242 1486; x_wconf 79' lang='grc' dir='ltr'>περιγράφεται.</span> <span class='ocrx_word' id='word_1_420' title='bbox 1258 1449 1351 1474; x_wconf 85' lang='grc' dir='ltr'>Ἔστιν</span> <span class='ocrx_word' id='word_1_421' title='bbox 1364 1445 1410 1474; x_wconf 81' lang='grc' dir='ltr'><strong>οὖν</strong></span> <span class='ocrx_word' id='word_1_422' title='bbox 1425 1447 1592 1480; x_wconf 79' lang='grc' dir='ltr'>ἐξεταστέον,</span> <span class='ocrx_word' id='word_1_423' title='bbox 1607 1448 1631 1473; x_wconf 78' lang='grc' dir='ltr'>εἰ</span> <span class='ocrx_word' id='word_1_424' title='bbox 1647 1447 1698 1482; x_wconf 79' lang='grc' dir='ltr'>μὲν</span> <span class='ocrx_word' id='word_1_425' title='bbox 1712 1447 1822 1482; x_wconf 70' lang='grc' dir='ltr'>πρεσϐύ-</span> 
     </span>
    </p>
   </div>
   <div class='ocr_carea' id='block_1_59' title="bbox 1034 1490 1822 1533">
    <p class='ocr_par' dir='ltr' id='par_1_59' title="bbox 1034 1490 1822 1533">
     <span class='ocr_line' id='line_1_59' title="bbox 1034 1490 1822 1533; baseline -0.01 -8"><span class='ocrx_word' id='word_1_426' title='bbox 1034 1507 1100 1533; x_wconf 83' lang='grc' dir='ltr'>τερα</span> <span class='ocrx_word' id='word_1_427' title='bbox 1114 1497 1167 1524; x_wconf 86' lang='grc' dir='ltr'><strong>τῶν</strong></span> <span class='ocrx_word' id='word_1_428' title='bbox 1183 1497 1273 1523; x_wconf 84' lang='grc' dir='ltr'>τόπων</span> <span class='ocrx_word' id='word_1_429' title='bbox 1294 1496 1377 1530; x_wconf 74' lang='grc' dir='ltr'>ἄμφω</span> <span class='ocrx_word' id='word_1_430' title='bbox 1399 1493 1435 1520; x_wconf 82' lang='grc' dir='ltr'>τὰ</span> <span class='ocrx_word' id='word_1_431' title='bbox 1459 1493 1566 1520; x_wconf 75' lang='grc' dir='ltr'>ἐναντία</span> <span class='ocrx_word' id='word_1_432' title='bbox 1585 1492 1623 1524; x_wconf 85' lang='grc' dir='ltr'>ὼς</span> <span class='ocrx_word' id='word_1_433' title='bbox 1646 1492 1779 1528; x_wconf 74' lang='grc' dir='ltr'>ἀγένητα,</span> <span class='ocrx_word' id='word_1_434' title='bbox 1792 1490 1822 1527; x_wconf 73' lang='grc' dir='ltr'>ἦν</span> 
     </span>
    </p>
   </div>
   <div class='ocr_carea' id='block_1_60' title="bbox 191 1536 1007 1578">
    <p class='ocr_par' dir='ltr' id='par_1_60' title="bbox 191 1536 1007 1577">
     <span class='ocr_line' id='line_1_60' title="bbox 191 1536 1007 1577; baseline 0.009 -15"><span class='ocrx_word' id='word_1_435' title='bbox 191 1536 338 1571; x_wconf 80' lang='lat' dir='ltr'><strong>aliquando</strong></span> <span class='ocrx_word' id='word_1_436' title='bbox 357 1545 455 1566; x_wconf 90' lang='lat' dir='ltr'><strong>rursus</strong></span> <span class='ocrx_word' id='word_1_437' title='bbox 472 1540 549 1574; x_wconf 86' lang='lat' dir='ltr'><strong>prius</strong></span> <span class='ocrx_word' id='word_1_438' title='bbox 565 1545 645 1567; x_wconf 88' lang='lat' dir='ltr'><strong>erant</strong></span> <span class='ocrx_word' id='word_1_439' title='bbox 658 1542 841 1569; x_wconf 87' lang='lat' dir='ltr'><strong>communiter</strong></span> <span class='ocrx_word' id='word_1_440' title='bbox 855 1549 868 1568; x_wconf 85' lang='lat' dir='ltr'><strong>a</strong></span> <span class='ocrx_word' id='word_1_441' title='bbox 891 1549 981 1577; x_wconf 78' lang='lat' dir='ltr'><strong>pugna</strong></span> <span class='ocrx_word' id='word_1_442' title='bbox 996 1542 1007 1571; x_wconf 86' lang='lat'><strong>(</strong></span> 
     </span>
    </p>
   </div>
   <div class='ocr_carea' id='block_1_61' title="bbox 1038 1536 1822 1578">
    <p class='ocr_par' dir='ltr' id='par_1_61' title="bbox 1038 1538 1822 1578">
     <span class='ocr_line' id='line_1_61' title="bbox 1038 1538 1822 1578; baseline -0.01 -7"><span class='ocrx_word' id='word_1_443' title='bbox 1038 1545 1077 1571; x_wconf 71' lang='grc' dir='ltr'>Ξτε</span> <span class='ocrx_word' id='word_1_444' title='bbox 1090 1544 1170 1570; x_wconf 74' lang='grc' dir='ltr'>πάλιν</span> <span class='ocrx_word' id='word_1_445' title='bbox 1188 1542 1318 1578; x_wconf 83' lang='grc' dir='ltr'>πρότερον</span> <span class='ocrx_word' id='word_1_446' title='bbox 1337 1540 1465 1575; x_wconf 80' lang='grc' dir='ltr'>ἐτύγχανε</span> <span class='ocrx_word' id='word_1_447' title='bbox 1482 1540 1558 1574; x_wconf 84' lang='grc' dir='ltr'>κοινῇ</span> <span class='ocrx_word' id='word_1_448' title='bbox 1571 1539 1621 1573; x_wconf 83' lang='grc' dir='ltr'>τῆς</span> <span class='ocrx_word' id='word_1_449' title='bbox 1639 1538 1822 1573; x_wconf 77' lang='grc' dir='ltr'>ἐναντιότητος</span> 
     </span>
    </p>
   </div>
   <div class='ocr_carea' id='block_1_62' title="bbox 191 1582 980 1620">
    <p class='ocr_par' dir='ltr' id='par_1_62' title="bbox 191 1582 980 1620">
     <span class='ocr_line' id='line_1_62' title="bbox 191 1582 980 1620; baseline 0.006 -13"><span class='ocrx_word' id='word_1_450' title='bbox 191 1582 262 1609; x_wconf 90' lang='lat' dir='ltr'><strong>inter</strong></span> <span class='ocrx_word' id='word_1_451' title='bbox 288 1590 319 1609; x_wconf 89' lang='lat' dir='ltr'><strong>se</strong></span> <span class='ocrx_word' id='word_1_452' title='bbox 342 1583 437 1611; x_wconf 79' lang='lat' dir='ltr'><strong>libera.</strong></span> <span class='ocrx_word' id='word_1_453' title='bbox 470 1583 518 1611; x_wconf 92' lang='lat' dir='ltr'><strong>Sin</strong></span> <span class='ocrx_word' id='word_1_454' title='bbox 547 1592 613 1612; x_wconf 91' lang='lat' dir='ltr'><strong>vero</strong></span> <span class='ocrx_word' id='word_1_455' title='bbox 641 1586 789 1620; x_wconf 88' lang='lat' dir='ltr'><strong>disjunctio</strong></span> <span class='ocrx_word' id='word_1_456' title='bbox 821 1586 980 1614; x_wconf 74' lang='lat' dir='ltr'><strong>substantia:</strong></span> 
     </span>
    </p>
   </div>
   <div class='ocr_carea' id='block_1_63' title="bbox 189 1629 980 1667">
    <p class='ocr_par' dir='ltr' id='par_1_63' title="bbox 189 1629 980 1667">
     <span class='ocr_line' id='line_1_63' title="bbox 189 1629 980 1667; baseline 0.006 -14"><span class='ocrx_word' id='word_1_457' title='bbox 189 1629 335 1664; x_wconf 87' lang='lat' dir='ltr'><strong>utriusque</strong></span> <span class='ocrx_word' id='word_1_458' title='bbox 358 1629 439 1657; x_wconf 91' lang='lat' dir='ltr'><strong>simul</strong></span> <span class='ocrx_word' id='word_1_459' title='bbox 453 1638 487 1657; x_wconf 80' lang='lat' dir='ltr'><strong>ex</strong></span> <span class='ocrx_word' id='word_1_460' title='bbox 503 1632 655 1660; x_wconf 63' lang='lat' dir='ltr'><strong>aeternitate</strong></span> <span class='ocrx_word' id='word_1_461' title='bbox 680 1632 741 1665; x_wconf 83' lang='lat' dir='ltr'><strong>fuit,</strong></span> <span class='ocrx_word' id='word_1_462' title='bbox 759 1632 899 1667; x_wconf 87' lang='lat' dir='ltr'><strong>antiquior</strong></span> <span class='ocrx_word' id='word_1_463' title='bbox 921 1636 980 1660; x_wconf 87' lang='lat' dir='ltr'><strong>erat</strong></span> 
     </span>
    </p>
   </div>
   <div class='ocr_carea' id='block_1_64' title="bbox 189 1674 979 1713">
    <p class='ocr_par' dir='ltr' id='par_1_64' title="bbox 189 1674 979 1713">
     <span class='ocr_line' id='line_1_64' title="bbox 189 1674 979 1713; baseline 0.006 -13"><span class='ocrx_word' id='word_1_464' title='bbox 189 1674 268 1702; x_wconf 83' lang='lat' dir='ltr'><strong>locus</strong></span> <span class='ocrx_word' id='word_1_465' title='bbox 285 1676 448 1704; x_wconf 65' lang='lat' dir='ltr'><strong>substantia:</strong></span> <span class='ocrx_word' id='word_1_466' title='bbox 461 1678 614 1713; x_wconf 78' lang='lat' dir='ltr'><strong>utriusque.</strong></span> <span class='ocrx_word' id='word_1_467' title='bbox 631 1679 672 1706; x_wconf 88' lang='lat' dir='ltr'><strong>vel</strong></span> <span class='ocrx_word' id='word_1_468' title='bbox 692 1679 773 1706; x_wconf 90' lang='lat' dir='ltr'><strong>simul</strong></span> <span class='ocrx_word' id='word_1_469' title='bbox 787 1686 849 1706; x_wconf 89' lang='lat' dir='ltr'><strong>cum</strong></span> <span class='ocrx_word' id='word_1_470' title='bbox 866 1678 921 1706; x_wconf 84' lang='lat' dir='ltr'><strong>illis</strong></span> <span class='ocrx_word' id='word_1_471' title='bbox 936 1678 979 1705; x_wconf 93' lang='lat' dir='ltr'><strong>in-</strong></span> 
     </span>
    </p>
   </div>
   <div class='ocr_carea' id='block_1_65' title="bbox 189 1720 981 1759">
    <p class='ocr_par' dir='ltr' id='par_1_65' title="bbox 189 1720 981 1759">
     <span class='ocr_line' id='line_1_65' title="bbox 189 1720 981 1759; baseline 0.008 -13"><span class='ocrx_word' id='word_1_472' title='bbox 189 1720 308 1754; x_wconf 74' lang='lat' dir='ltr'><strong>genitus.</strong></span> <span class='ocrx_word' id='word_1_473' title='bbox 328 1721 355 1748; x_wconf 91' lang='lat' dir='ltr'><strong>Si</strong></span> <span class='ocrx_word' id='word_1_474' title='bbox 369 1726 461 1749; x_wconf 87' lang='lat' dir='ltr'><strong>autem</strong></span> <span class='ocrx_word' id='word_1_475' title='bbox 483 1724 631 1759; x_wconf 78' lang='lat' dir='ltr'><strong>antiquior,</strong></span> <span class='ocrx_word' id='word_1_476' title='bbox 644 1728 674 1751; x_wconf 93' lang='lat' dir='ltr'><strong>ut</strong></span> <span class='ocrx_word' id='word_1_477' title='bbox 693 1725 749 1759; x_wconf 84' lang='lat' dir='ltr'><strong>jam</strong></span> <span class='ocrx_word' id='word_1_478' title='bbox 767 1724 850 1752; x_wconf 79' lang='lat' dir='ltr'><strong>ambo</strong></span> <span class='ocrx_word' id='word_1_479' title='bbox 872 1725 981 1753; x_wconf 80' lang='lat' dir='ltr'><strong>videan-</strong></span> 
     </span>
    </p>
   </div>
   <div class='ocr_carea' id='block_1_66' title="bbox 189 1767 981 1806">
    <p class='ocr_par' dir='ltr' id='par_1_66' title="bbox 189 1767 981 1806">
     <span class='ocr_line' id='line_1_66' title="bbox 189 1767 981 1806; baseline 0.009 -15"><span class='ocrx_word' id='word_1_480' title='bbox 189 1769 236 1792; x_wconf 87' lang='lat' dir='ltr'><strong>tur</strong></span> <span class='ocrx_word' id='word_1_481' title='bbox 251 1767 394 1802; x_wconf 88' lang='lat' dir='ltr'><strong>utriusquc</strong></span> <span class='ocrx_word' id='word_1_482' title='bbox 410 1768 461 1795; x_wconf 92' lang='lat' dir='ltr'><strong>loci</strong></span> <span class='ocrx_word' id='word_1_483' title='bbox 476 1769 650 1804; x_wconf 80' lang='lat' dir='ltr'><strong>propagines,</strong></span> <span class='ocrx_word' id='word_1_484' title='bbox 669 1777 725 1797; x_wconf 91' lang='lat' dir='ltr'><strong>non</strong></span> <span class='ocrx_word' id='word_1_485' title='bbox 739 1774 803 1797; x_wconf 90' lang='lat' dir='ltr'><strong>sunt</strong></span> <span class='ocrx_word' id='word_1_486' title='bbox 823 1770 880 1797; x_wconf 55' lang='lat' dir='ltr'><strong>haec</strong></span> <span class='ocrx_word' id='word_1_487' title='bbox 895 1767 981 1806; x_wconf 80' lang='lat' dir='ltr'><strong>&#39;ingc-</strong></span> 
     </span>
    </p>
   </div>
   <div class='ocr_carea' id='block_1_67' title="bbox 189 1812 981 1851">
    <p class='ocr_par' dir='ltr' id='par_1_67' title="bbox 189 1812 981 1851">
     <span class='ocr_line' id='line_1_67' title="bbox 189 1812 981 1851; baseline 0.008 -14"><span class='ocrx_word' id='word_1_488' title='bbox 189 1812 257 1842; x_wconf 79' lang='lat' dir='ltr'><strong>uita.</strong></span> <span class='ocrx_word' id='word_1_489' title='bbox 269 1821 318 1839; x_wconf 80' lang='lat' dir='ltr'><strong>nec</strong></span> <span class='ocrx_word' id='word_1_490' title='bbox 329 1818 430 1842; x_wconf 74' lang='lat' dir='ltr'><strong>mter-na</strong></span> <span class='ocrx_word' id='word_1_491' title='bbox 443 1824 450 1841; x_wconf 83' lang='lat'><strong>:</strong></span> <span class='ocrx_word' id='word_1_492' title='bbox 468 1815 540 1849; x_wconf 93' lang='lat' dir='ltr'><strong>quod</strong></span> <span class='ocrx_word' id='word_1_493' title='bbox 554 1815 663 1850; x_wconf 87' lang='lat' dir='ltr'><strong>quidem</strong></span> <span class='ocrx_word' id='word_1_494' title='bbox 681 1816 751 1843; x_wconf 88' lang='lat' dir='ltr'><strong>locis</strong></span> <span class='ocrx_word' id='word_1_495' title='bbox 767 1824 799 1843; x_wconf 81' lang='lat' dir='ltr'><strong>ex</strong></span> <span class='ocrx_word' id='word_1_496' title='bbox 814 1816 913 1851; x_wconf 90' lang='lat' dir='ltr'><strong>quibus</strong></span> <span class='ocrx_word' id='word_1_497' title='bbox 924 1817 981 1844; x_wconf 75' lang='lat' dir='ltr'><strong>htec</strong></span> 
     </span>
    </p>
   </div>
   <div class='ocr_carea' id='block_1_68' title="bbox 189 1858 982 1890">
    <p class='ocr_par' dir='ltr' id='par_1_68' title="bbox 189 1858 982 1890">
     <span class='ocr_line' id='line_1_68' title="bbox 189 1858 982 1890; baseline 0.005 -6"><span class='ocrx_word' id='word_1_498' title='bbox 189 1858 364 1890; x_wconf 74' lang='lat' dir='ltr'><strong>exstiterunt,</strong></span> <span class='ocrx_word' id='word_1_499' title='bbox 383 1859 519 1887; x_wconf 82' lang='lat' dir='ltr'><strong>videbitur</strong></span> <span class='ocrx_word' id='word_1_500' title='bbox 537 1861 637 1889; x_wconf 86' lang='lat' dir='ltr'><strong>inesse.</strong></span> <span class='ocrx_word' id='word_1_501' title='bbox 661 1860 689 1888; x_wconf 90' lang='lat' dir='ltr'><strong>Si</strong></span> <span class='ocrx_word' id='word_1_502' title='bbox 710 1869 776 1888; x_wconf 86' lang='lat' dir='ltr'><strong>vero</strong></span> <span class='ocrx_word' id='word_1_503' title='bbox 789 1862 866 1890; x_wconf 90' lang='lat' dir='ltr'><strong>locus</strong></span> <span class='ocrx_word' id='word_1_504' title='bbox 892 1866 933 1890; x_wconf 85' lang='lat' dir='ltr'><strong>est</strong></span> <span class='ocrx_word' id='word_1_505' title='bbox 948 1863 982 1890; x_wconf 87' lang='lat' dir='ltr'><strong>si-</strong></span> 
     </span>
    </p>
   </div>
   <div class='ocr_carea' id='block_1_69' title="bbox 189 1903 980 1944">
    <p class='ocr_par' dir='ltr' id='par_1_69' title="bbox 189 1903 980 1944">
     <span class='ocr_line' id='line_1_69' title="bbox 189 1903 980 1944; baseline 0.01 -15"><span class='ocrx_word' id='word_1_506' title='bbox 189 1903 246 1930; x_wconf 79' lang='lat' dir='ltr'><strong>mul</strong></span> <span class='ocrx_word' id='word_1_507' title='bbox 262 1912 325 1931; x_wconf 87' lang='lat' dir='ltr'><strong>cum</strong></span> <span class='ocrx_word' id='word_1_508' title='bbox 342 1905 396 1932; x_wconf 88' lang='lat' dir='ltr'><strong>illis</strong></span> <span class='ocrx_word' id='word_1_509' title='bbox 417 1906 553 1940; x_wconf 80' lang='lat' dir='ltr'><strong>ingenitus</strong></span> <span class='ocrx_word' id='word_1_510' title='bbox 565 1926 572 1936; x_wconf 90' lang='lat'><strong><em>.</em></strong></span> <span class='ocrx_word' id='word_1_511' title='bbox 590 1910 669 1934; x_wconf 88' lang='lat' dir='ltr'><strong>erant</strong></span> <span class='ocrx_word' id='word_1_512' title='bbox 695 1907 771 1942; x_wconf 86' lang='lat' dir='ltr'><strong>plura</strong></span> <span class='ocrx_word' id='word_1_513' title='bbox 790 1908 926 1944; x_wconf 81' lang='lat' dir='ltr'><strong>ingenita,</strong></span> <span class='ocrx_word' id='word_1_514' title='bbox 953 1913 980 1937; x_wconf 87' lang='lat' dir='ltr'><strong>ct</strong></span> 
     </span>
    </p>
   </div>
   <div class='ocr_carea' id='block_1_70' title="bbox 189 1951 979 1985">
    <p class='ocr_par' dir='ltr' id='par_1_70' title="bbox 189 1951 979 1985">
     <span class='ocr_line' id='line_1_70' title="bbox 189 1951 979 1985; baseline 0.009 -10"><span class='ocrx_word' id='word_1_515' title='bbox 189 1957 243 1976; x_wconf 85' lang='lat' dir='ltr'><strong>non</strong></span> <span class='ocrx_word' id='word_1_516' title='bbox 259 1951 314 1984; x_wconf 86' lang='lat' dir='ltr'><strong>jam</strong></span> <span class='ocrx_word' id='word_1_517' title='bbox 345 1951 400 1978; x_wconf 90' lang='lat' dir='ltr'><strong>duo</strong></span> <span class='ocrx_word' id='word_1_518' title='bbox 415 1961 421 1978; x_wconf 76' lang='grc' dir='ltr'>ε</span> <span class='ocrx_word' id='word_1_519' title='bbox 450 1960 562 1979; x_wconf 62' lang='lat' dir='ltr'><strong>necesse</strong></span> <span class='ocrx_word' id='word_1_520' title='bbox 584 1953 655 1980; x_wconf 89' lang='lat' dir='ltr'><strong>enim</strong></span> <span class='ocrx_word' id='word_1_521' title='bbox 672 1958 724 1985; x_wconf 79' lang='lat' dir='ltr'><strong>est,</strong></span> <span class='ocrx_word' id='word_1_522' title='bbox 743 1958 771 1980; x_wconf 90' lang='lat' dir='ltr'><strong>ut</strong></span> <span class='ocrx_word' id='word_1_523' title='bbox 785 1952 840 1981; x_wconf 79' lang='lat' dir='ltr'><strong>&#39;alia</strong></span> <span class='ocrx_word' id='word_1_524' title='bbox 865 1957 919 1982; x_wconf 89' lang='lat' dir='ltr'><strong>sint</strong></span> <span class='ocrx_word' id='word_1_525' title='bbox 934 1956 979 1982; x_wconf 89' lang='lat' dir='ltr'><strong>illa</strong></span> 
     </span>
    </p>
   </div>
   <div class='ocr_carea' id='block_1_71' title="bbox 189 1994 979 2035">
    <p class='ocr_par' dir='ltr' id='par_1_71' title="bbox 189 1994 979 2035">
     <span class='ocr_line' id='line_1_71' title="bbox 189 1994 979 2035; baseline 0.011 -15"><span class='ocrx_word' id='word_1_526' title='bbox 189 1994 249 2021; x_wconf 80' lang='lat' dir='ltr'><strong>loca</strong></span> <span class='ocrx_word' id='word_1_527' title='bbox 264 2000 362 2030; x_wconf 65' lang='lat' dir='ltr'><strong>prmter</strong></span> <span class='ocrx_word' id='word_1_528' title='bbox 377 1996 432 2023; x_wconf 62' lang='lat' dir='ltr'><strong>haec</strong></span> <span class='ocrx_word' id='word_1_529' title='bbox 448 2005 507 2032; x_wconf 81' lang='lat' dir='ltr'><strong>quae</strong></span> <span class='ocrx_word' id='word_1_530' title='bbox 522 1997 549 2024; x_wconf 91' lang='lat' dir='ltr'><strong>in</strong></span> <span class='ocrx_word' id='word_1_531' title='bbox 572 1997 626 2025; x_wconf 92' lang='lat' dir='ltr'><strong>illis</strong></span> <span class='ocrx_word' id='word_1_532' title='bbox 647 2004 722 2030; x_wconf 83' lang='lat' dir='ltr'><strong>sunt,</strong></span> <span class='ocrx_word' id='word_1_533' title='bbox 741 2001 800 2027; x_wconf 90' lang='lat' dir='ltr'><strong>slnc</strong></span> <span class='ocrx_word' id='word_1_534' title='bbox 815 2001 915 2035; x_wconf 88' lang='lat' dir='ltr'><strong>quibus</strong></span> <span class='ocrx_word' id='word_1_535' title='bbox 930 2009 979 2029; x_wconf 84' lang='lat' dir='ltr'><strong>nec</strong></span> 
     </span>
    </p>
   </div>
   <div class='ocr_carea' id='block_1_72' title="bbox 189 2046 390 2076">
    <p class='ocr_par' dir='ltr' id='par_1_72' title="bbox 189 2046 390 2076">
     <span class='ocr_line' id='line_1_72' title="bbox 189 2046 390 2076; baseline 0 -8"><span class='ocrx_word' id='word_1_536' title='bbox 189 2048 251 2068; x_wconf 84' lang='lat' dir='ltr'><strong>esse</strong></span> <span class='ocrx_word' id='word_1_537' title='bbox 266 2046 390 2076; x_wconf 84' lang='lat' dir='ltr'><strong>possunt.</strong></span> 
     </span>
    </p>
   </div>
   <div class='ocr_carea' id='block_1_73' title="bbox 1033 1585 1822 1625">
    <p class='ocr_par' dir='ltr' id='par_1_73' title="bbox 1033 1585 1822 1625">
     <span class='ocr_line' id='line_1_73' title="bbox 1033 1585 1822 1625; baseline -0.009 -8"><span class='ocrx_word' id='word_1_538' title='bbox 1033 1589 1241 1625; x_wconf 81' lang='grc' dir='ltr'>ἀπηλλαγμένα.</span> <span class='ocrx_word' id='word_1_539' title='bbox 1260 1588 1291 1614; x_wconf 86' lang='grc' dir='ltr'>Εἰ</span> <span class='ocrx_word' id='word_1_540' title='bbox 1308 1587 1336 1614; x_wconf 80' lang='grc' dir='ltr'>δὲ</span> <span class='ocrx_word' id='word_1_541' title='bbox 1354 1586 1487 1617; x_wconf 77' lang='grc' dir='ltr'>συναῖδιος</span> <span class='ocrx_word' id='word_1_542' title='bbox 1506 1585 1637 1621; x_wconf 75' lang='grc' dir='ltr'>ἐκατέρου</span> <span class='ocrx_word' id='word_1_543' title='bbox 1659 1585 1711 1620; x_wconf 83' lang='grc' dir='ltr'>τῆς</span> <span class='ocrx_word' id='word_1_544' title='bbox 1735 1585 1822 1616; x_wconf 75' lang='grc' dir='ltr'>οὐσίας</span> 
     </span>
    </p>
   </div>
   <div class='ocr_carea' id='block_1_74' title="bbox 1032 1630 1822 1670">
    <p class='ocr_par' dir='ltr' id='par_1_74' title="bbox 1032 1630 1822 1670">
     <span class='ocr_line' id='line_1_74' title="bbox 1032 1630 1822 1670; baseline -0.008 -8"><span class='ocrx_word' id='word_1_545' title='bbox 1032 1634 1215 1670; x_wconf 74' lang='grc' dir='ltr'>ὁχωρισμὺς,</span> <span class='ocrx_word' id='word_1_546' title='bbox 1239 1631 1451 1669; x_wconf 83' lang='grc' dir='ltr'>προγενέστερος</span> <span class='ocrx_word' id='word_1_547' title='bbox 1475 1631 1604 1665; x_wconf 76' lang='grc' dir='ltr'>ἐκατέρου</span> <span class='ocrx_word' id='word_1_548' title='bbox 1628 1630 1679 1665; x_wconf 77' lang='grc' dir='ltr'>τῆς</span> <span class='ocrx_word' id='word_1_549' title='bbox 1702 1631 1822 1662; x_wconf 76' lang='grc' dir='ltr'>οὐσίαςὸ</span> 
     </span>
    </p>
   </div>
   <div class='ocr_carea' id='block_1_75' title="bbox 1031 1671 1820 1715">
    <p class='ocr_par' dir='ltr' id='par_1_75' title="bbox 1031 1671 1820 1715">
     <span class='ocr_line' id='line_1_75' title="bbox 1031 1671 1820 1715; baseline -0.003 -8"><span class='ocrx_word' id='word_1_550' title='bbox 1031 1681 1122 1712; x_wconf 81' lang='grc' dir='ltr'>τόπος,</span> <span class='ocrx_word' id='word_1_551' title='bbox 1140 1680 1156 1715; x_wconf 82' lang='grc' dir='ltr'>ἢ</span> <span class='ocrx_word' id='word_1_552' title='bbox 1173 1679 1377 1714; x_wconf 76' lang='grc' dir='ltr'>συναγέννητος.</span> <span class='ocrx_word' id='word_1_553' title='bbox 1405 1671 1474 1704; x_wconf 75' lang='grc' dir='ltr'>Ἀλλ’</span> <span class='ocrx_word' id='word_1_554' title='bbox 1499 1677 1523 1703; x_wconf 78' lang='grc' dir='ltr'>εἰ</span> <span class='ocrx_word' id='word_1_555' title='bbox 1537 1677 1585 1712; x_wconf 78' lang='grc' dir='ltr'><strong>μὲν</strong></span> <span class='ocrx_word' id='word_1_556' title='bbox 1601 1676 1820 1712; x_wconf 75' lang='grc' dir='ltr'>προγενέστερος.</span> 
     </span>
    </p>
   </div>
   <div class='ocr_carea' id='block_1_76' title="bbox 1032 1720 1821 1761">
    <p class='ocr_par' dir='ltr' id='par_1_76' title="bbox 1032 1720 1821 1761">
     <span class='ocr_line' id='line_1_76' title="bbox 1032 1720 1821 1761; baseline -0.006 -8"><span class='ocrx_word' id='word_1_557' title='bbox 1032 1727 1069 1758; x_wconf 84' lang='grc' dir='ltr'>ὼς</span> <span class='ocrx_word' id='word_1_558' title='bbox 1082 1726 1213 1761; x_wconf 77' lang='grc' dir='ltr'>ἐκατέρου</span> <span class='ocrx_word' id='word_1_559' title='bbox 1235 1725 1316 1751; x_wconf 79' lang='grc' dir='ltr'>τόπου</span> <span class='ocrx_word' id='word_1_560' title='bbox 1333 1724 1476 1760; x_wconf 79' lang='grc' dir='ltr'>βλάστημα</span> <span class='ocrx_word' id='word_1_561' title='bbox 1491 1723 1578 1750; x_wconf 84' lang='grc' dir='ltr'>δοκεῖν</span> <span class='ocrx_word' id='word_1_562' title='bbox 1595 1720 1666 1749; x_wconf 76' lang='grc' dir='ltr'>εἶναι</span> <span class='ocrx_word' id='word_1_563' title='bbox 1684 1723 1821 1758; x_wconf 76' lang='grc' dir='ltr'>ἑκάτερον,</span> 
     </span>
    </p>
   </div>
   <div class='ocr_carea' id='block_1_77' title="bbox 1031 1769 1822 1807">
    <p class='ocr_par' dir='ltr' id='par_1_77' title="bbox 1031 1769 1822 1807">
     <span class='ocr_line' id='line_1_77' title="bbox 1031 1769 1822 1807; baseline -0.004 -8"><span class='ocrx_word' id='word_1_564' title='bbox 1031 1772 1087 1798; x_wconf 79' lang='grc' dir='ltr'>οὔτ’</span> <span class='ocrx_word' id='word_1_565' title='bbox 1103 1772 1238 1807; x_wconf 84' lang='grc' dir='ltr'>ἀγέννητα</span> <span class='ocrx_word' id='word_1_566' title='bbox 1253 1771 1348 1803; x_wconf 77' lang='grc' dir='ltr'>ταῦτα,</span> <span class='ocrx_word' id='word_1_567' title='bbox 1364 1770 1426 1797; x_wconf 71' lang='grc' dir='ltr'>οὔτε</span> <span class='ocrx_word' id='word_1_568' title='bbox 1448 1770 1533 1796; x_wconf 62' lang='grc' dir='ltr'>ἀῖδιακ</span> <span class='ocrx_word' id='word_1_569' title='bbox 1548 1770 1617 1804; x_wconf 61' lang='lat' dir='ltr'><strong>amp</strong></span> <span class='ocrx_word' id='word_1_570' title='bbox 1629 1769 1767 1804; x_wconf 76' lang='grc' dir='ltr'>ὑπάρχειν</span> <span class='ocrx_word' id='word_1_571' title='bbox 1783 1769 1822 1796; x_wconf 66' lang='grc' dir='ltr'><strong>δά-</strong></span> 
     </span>
    </p>
   </div>
   <div class='ocr_carea' id='block_1_78' title="bbox 1032 1813 1822 1851">
    <p class='ocr_par' dir='ltr' id='par_1_78' title="bbox 1032 1813 1822 1851">
     <span class='ocr_line' id='line_1_78' title="bbox 1032 1813 1822 1851; baseline -0.004 -7"><span class='ocrx_word' id='word_1_572' title='bbox 1032 1818 1072 1850; x_wconf 57' lang='lat' dir='ltr'><strong>gs:</strong></span> <span class='ocrx_word' id='word_1_573' title='bbox 1094 1819 1149 1849; x_wconf 82' lang='grc' dir='ltr'>τοῖς</span> <span class='ocrx_word' id='word_1_574' title='bbox 1174 1818 1265 1848; x_wconf 78' lang='grc' dir='ltr'>τόποις</span> <span class='ocrx_word' id='word_1_575' title='bbox 1297 1816 1326 1849; x_wconf 73' lang='grc' dir='ltr'><strong>ἐξ</strong></span> <span class='ocrx_word' id='word_1_576' title='bbox 1351 1813 1388 1843; x_wconf 82' lang='grc' dir='ltr'>ὧν</span> <span class='ocrx_word' id='word_1_577' title='bbox 1411 1816 1514 1843; x_wconf 76' lang='grc' dir='ltr'>ταῦτα’</span> <span class='ocrx_word' id='word_1_578' title='bbox 1534 1816 1559 1842; x_wconf 80' lang='grc' dir='ltr'><strong>εί</strong></span> <span class='ocrx_word' id='word_1_579' title='bbox 1586 1815 1615 1842; x_wconf 80' lang='grc' dir='ltr'>δὲ</span> <span class='ocrx_word' id='word_1_580' title='bbox 1645 1815 1822 1851; x_wconf 74' lang='grc' dir='ltr'>συναγένητος</span> 
     </span>
    </p>
   </div>
   <div class='ocr_carea' id='block_1_79' title="bbox 1032 1862 1822 1897">
    <p class='ocr_par' dir='ltr' id='par_1_79' title="bbox 1032 1862 1822 1897">
     <span class='ocr_line' id='line_1_79' title="bbox 1032 1862 1822 1897; baseline -0.001 -8"><span class='ocrx_word' id='word_1_581' title='bbox 1032 1864 1119 1896; x_wconf 77' lang='grc' dir='ltr'>ἔσται,</span> <span class='ocrx_word' id='word_1_582' title='bbox 1135 1864 1228 1896; x_wconf 84' lang='grc' dir='ltr'>πλείω,</span> <span class='ocrx_word' id='word_1_583' title='bbox 1243 1864 1289 1890; x_wconf 77' lang='grc' dir='ltr'>καὶ</span> <span class='ocrx_word' id='word_1_584' title='bbox 1302 1864 1392 1890; x_wconf 80' lang='grc' dir='ltr'>οὐκέτι</span> <span class='ocrx_word' id='word_1_585' title='bbox 1405 1863 1451 1889; x_wconf 82' lang='grc' dir='ltr'>δύο</span> <span class='ocrx_word' id='word_1_586' title='bbox 1465 1863 1497 1889; x_wconf 81' lang='grc' dir='ltr'>τὰ</span> <span class='ocrx_word' id='word_1_587' title='bbox 1510 1863 1639 1897; x_wconf 81' lang='grc' dir='ltr'>ἀγένητα·</span> <span class='ocrx_word' id='word_1_588' title='bbox 1652 1862 1761 1896; x_wconf 71' lang='grc' dir='ltr'>ἀνάγκη</span> <span class='ocrx_word' id='word_1_589' title='bbox 1773 1862 1822 1897; x_wconf 80' lang='grc' dir='ltr'>γὰρ</span> 
     </span>
    </p>
   </div>
   <div class='ocr_carea' id='block_1_80' title="bbox 1032 1905 1820 1945">
    <p class='ocr_par' dir='ltr' id='par_1_80' title="bbox 1032 1905 1820 1945">
     <span class='ocr_line' id='line_1_80' title="bbox 1032 1905 1820 1945; baseline -0.004 -9"><span class='ocrx_word' id='word_1_590' title='bbox 1032 1909 1114 1945; x_wconf 73' lang='grc' dir='ltr'>ἕτερα</span> <span class='ocrx_word' id='word_1_591' title='bbox 1142 1910 1285 1944; x_wconf 78' lang='grc' dir='ltr'>τυγχάνειν</span> <span class='ocrx_word' id='word_1_592' title='bbox 1312 1910 1403 1935; x_wconf 78' lang='grc' dir='ltr'>ἐκεῖνα</span> <span class='ocrx_word' id='word_1_593' title='bbox 1429 1908 1505 1943; x_wconf 80' lang='grc' dir='ltr'>παρὰ</span> <span class='ocrx_word' id='word_1_594' title='bbox 1530 1907 1627 1939; x_wconf 77' lang='grc' dir='ltr'>ταῦτα,</span> <span class='ocrx_word' id='word_1_595' title='bbox 1653 1908 1683 1933; x_wconf 78' lang='grc' dir='ltr'>ὲν</span> <span class='ocrx_word' id='word_1_596' title='bbox 1707 1905 1748 1939; x_wconf 69' lang='grc' dir='ltr'>οἷς</span> <span class='ocrx_word' id='word_1_597' title='bbox 1769 1909 1820 1933; x_wconf 66' lang='grc' dir='ltr'>ἐστι</span> 
     </span>
    </p>
   </div>
   <div class='ocr_carea' id='block_1_81' title="bbox 1032 1951 1590 1989">
    <p class='ocr_par' dir='ltr' id='par_1_81' title="bbox 1032 1951 1590 1989">
     <span class='ocr_line' id='line_1_81' title="bbox 1032 1951 1590 1989; baseline -0.005 -7"><span class='ocrx_word' id='word_1_598' title='bbox 1032 1955 1127 1988; x_wconf 78' lang='grc' dir='ltr'>ταῦτα,</span> <span class='ocrx_word' id='word_1_599' title='bbox 1145 1951 1182 1982; x_wconf 87' lang='grc' dir='ltr'>ὧν</span> <span class='ocrx_word' id='word_1_600' title='bbox 1200 1955 1263 1982; x_wconf 83' lang='grc' dir='ltr'>ἄνευ</span> <span class='ocrx_word' id='word_1_601' title='bbox 1279 1954 1339 1982; x_wconf 67' lang='grc' dir='ltr'>οὐδὲ</span> <span class='ocrx_word' id='word_1_602' title='bbox 1355 1952 1423 1981; x_wconf 71' lang='grc' dir='ltr'>εἶναι</span> <span class='ocrx_word' id='word_1_603' title='bbox 1440 1953 1590 1989; x_wconf 79' lang='grc' dir='ltr'>δυνήσεται.</span> 
     </span>
    </p>
   </div>
   <div class='ocr_carea' id='block_1_82' title="bbox 623 2090 1378 2128">
    <p class='ocr_par' dir='ltr' id='par_1_82' title="bbox 623 2090 1378 2128">
     <span class='ocr_line' id='line_1_82' title="bbox 623 2090 1378 2128; baseline 0.003 -12"><span class='ocrx_word' id='word_1_604' title='bbox 623 2090 688 2117; x_wconf 63' lang='grc' dir='ltr'><strong>ΟΜ».</strong></span> <span class='ocrx_word' id='word_1_605' title='bbox 704 2090 760 2118; x_wconf 79' lang='grc' dir='ltr'><strong>νη.</strong></span> <span class='ocrx_word' id='word_1_606' title='bbox 776 2091 899 2126; x_wconf 77' lang='lat' dir='ltr'><strong>Spatium</strong></span> <span class='ocrx_word' id='word_1_607' title='bbox 914 2093 982 2119; x_wconf 82' lang='lat' dir='ltr'><strong>inter</strong></span> <span class='ocrx_word' id='word_1_608' title='bbox 995 2093 1048 2122; x_wconf 87' lang='lat' dir='ltr'><strong>duo</strong></span> <span class='ocrx_word' id='word_1_609' title='bbox 1068 2092 1200 2128; x_wconf 81' lang='lat' dir='ltr'><strong>principia</strong></span> <span class='ocrx_word' id='word_1_610' title='bbox 1220 2091 1378 2127; x_wconf 76' lang='lat' dir='ltr'><strong>quodnam?</strong></span> 
     </span>
    </p>
   </div>
   <div class='ocr_carea' id='block_1_83' title="bbox 225 2133 1007 2182">
    <p class='ocr_par' dir='ltr' id='par_1_83' title="bbox 225 2133 1007 2182">
     <span class='ocr_line' id='line_1_83' title="bbox 225 2133 1007 2182; baseline 0.009 -22"><span class='ocrx_word' id='word_1_611' title='bbox 225 2134 264 2160; x_wconf 80' lang='lat' dir='ltr'><strong>Ad</strong></span> <span class='ocrx_word' id='word_1_612' title='bbox 279 2133 336 2160; x_wconf 70' lang='lat' dir='ltr'><strong>hmc</strong></span> <span class='ocrx_word' id='word_1_613' title='bbox 352 2135 517 2168; x_wconf 90' lang='lat' dir='ltr'><strong>poscendum</strong></span> <span class='ocrx_word' id='word_1_614' title='bbox 532 2140 574 2163; x_wconf 87' lang='lat' dir='ltr'><strong>est</strong></span> <span class='ocrx_word' id='word_1_615' title='bbox 594 2137 627 2164; x_wconf 88' lang='lat' dir='ltr'><strong>ab</strong></span> <span class='ocrx_word' id='word_1_616' title='bbox 651 2137 712 2166; x_wconf 86' lang='lat' dir='ltr'><strong>istis</strong></span> <span class='ocrx_word' id='word_1_617' title='bbox 725 2139 927 2179; x_wconf 80' lang='lat' dir='ltr'><strong>intermedium,</strong></span> <span class='ocrx_word' id='word_1_618' title='bbox 949 2145 976 2167; x_wconf 92' lang='lat' dir='ltr'><strong>ct</strong></span> <span class='ocrx_word' id='word_1_619' title='bbox 994 2154 1007 2182; x_wconf 65' lang='grc' dir='ltr'>ε</span> 
     </span>
    </p>
   </div>
   <div class='ocr_carea' id='block_1_84' title="bbox 1038 2133 1820 2182">
    <p class='ocr_par' dir='ltr' id='par_1_84' title="bbox 1065 2137 1820 2177">
     <span class='ocr_line' id='line_1_84' title="bbox 1065 2137 1820 2177; baseline -0.007 -9"><span class='ocrx_word' id='word_1_620' title='bbox 1065 2141 1137 2177; x_wconf 83' lang='grc' dir='ltr'>Πρὸς</span> <span class='ocrx_word' id='word_1_621' title='bbox 1154 2141 1182 2167; x_wconf 82' lang='grc' dir='ltr'><strong>δὲ</strong></span> <span class='ocrx_word' id='word_1_622' title='bbox 1195 2141 1301 2172; x_wconf 84' lang='grc' dir='ltr'>τούτοις</span> <span class='ocrx_word' id='word_1_623' title='bbox 1318 2140 1363 2166; x_wconf 66' lang='grc' dir='ltr'>καὶ</span> <span class='ocrx_word' id='word_1_624' title='bbox 1386 2138 1510 2175; x_wconf 77' lang='grc' dir='ltr'>μεθόριον</span> <span class='ocrx_word' id='word_1_625' title='bbox 1525 2137 1690 2173; x_wconf 82' lang='grc' dir='ltr'>ἀμφοτέρων</span> <span class='ocrx_word' id='word_1_626' title='bbox 1708 2137 1820 2172; x_wconf 75' lang='grc' dir='ltr'>ἀπαιτη-</span> 
     </span>
    </p>
   </div>
   <div class='ocr_carea' id='block_1_85' title="bbox 188 2177 976 2217">
    <p class='ocr_par' dir='ltr' id='par_1_85' title="bbox 188 2177 976 2217">
     <span class='ocr_line' id='line_1_85' title="bbox 188 2177 976 2217; baseline 0.009 -11"><span class='ocrx_word' id='word_1_627' title='bbox 188 2181 312 2215; x_wconf 84' lang='lat' dir='ltr'><strong>utrisquc</strong></span> <span class='ocrx_word' id='word_1_628' title='bbox 342 2180 532 2215; x_wconf 82' lang='lat' dir='ltr'><strong>intcrjcclum,</strong></span> <span class='ocrx_word' id='word_1_629' title='bbox 561 2183 633 2217; x_wconf 89' lang='lat' dir='ltr'><strong>quod</strong></span> <span class='ocrx_word' id='word_1_630' title='bbox 658 2184 772 2212; x_wconf 86' lang='lat' dir='ltr'><strong>alterius</strong></span> <span class='ocrx_word' id='word_1_631' title='bbox 796 2192 857 2212; x_wconf 91' lang='lat' dir='ltr'><strong>cum</strong></span> <span class='ocrx_word' id='word_1_632' title='bbox 889 2177 976 2213; x_wconf 83' lang='lat' dir='ltr'><strong>altero</strong></span> 
     </span>
    </p>
   </div>
   <div class='ocr_carea' id='block_1_86' title="bbox 188 2226 976 2263">
    <p class='ocr_par' dir='ltr' id='par_1_86' title="bbox 188 2226 976 2263">
     <span class='ocr_line' id='line_1_86' title="bbox 188 2226 976 2263; baseline 0.008 -11"><span class='ocrx_word' id='word_1_633' title='bbox 188 2226 412 2254; x_wconf 79' lang='lat' dir='ltr'><strong>communitatem</strong></span> <span class='ocrx_word' id='word_1_634' title='bbox 425 2231 516 2255; x_wconf 84' lang='lat' dir='ltr'><strong>arceat</strong></span> <span class='ocrx_word' id='word_1_635' title='bbox 530 2232 557 2255; x_wconf 88' lang='lat' dir='ltr'><strong>et</strong></span> <span class='ocrx_word' id='word_1_636' title='bbox 569 2229 721 2263; x_wconf 81' lang='lat' dir='ltr'><strong>prohibeat,</strong></span> <span class='ocrx_word' id='word_1_637' title='bbox 737 2238 771 2258; x_wconf 91' lang='lat' dir='ltr'><strong>ne</strong></span> <span class='ocrx_word' id='word_1_638' title='bbox 782 2230 881 2259; x_wconf 88' lang='lat' dir='ltr'><strong>ﬁnibus</strong></span> <span class='ocrx_word' id='word_1_639' title='bbox 906 2231 976 2258; x_wconf 90' lang='lat' dir='ltr'><strong>inter</strong></span> 
     </span>
    </p>
   </div>
   <div class='ocr_carea' id='block_1_87' title="bbox 188 2272 976 2305">
    <p class='ocr_par' dir='ltr' id='par_1_87' title="bbox 188 2272 976 2305">
     <span class='ocr_line' id='line_1_87' title="bbox 188 2272 976 2305; baseline 0.004 -6"><span class='ocrx_word' id='word_1_640' title='bbox 188 2279 218 2299; x_wconf 84' lang='lat' dir='ltr'><strong>se</strong></span> <span class='ocrx_word' id='word_1_641' title='bbox 234 2272 388 2305; x_wconf 85' lang='lat' dir='ltr'><strong>contmista,</strong></span> <span class='ocrx_word' id='word_1_642' title='bbox 404 2280 501 2301; x_wconf 85' lang='lat' dir='ltr'><strong>rursus</strong></span> <span class='ocrx_word' id='word_1_643' title='bbox 520 2274 653 2302; x_wconf 85' lang='lat' dir='ltr'><strong>rationem</strong></span> <span class='ocrx_word' id='word_1_644' title='bbox 677 2282 708 2302; x_wconf 85' lang='lat' dir='ltr'><strong>ac</strong></span> <span class='ocrx_word' id='word_1_645' title='bbox 727 2279 852 2303; x_wconf 87' lang='lat' dir='ltr'><strong>naturam</strong></span> <span class='ocrx_word' id='word_1_646' title='bbox 868 2281 976 2304; x_wconf 80' lang='lat' dir='ltr'><strong>contra-</strong></span> 
     </span>
    </p>
   </div>
   <div class='ocr_carea' id='block_1_88' title="bbox 187 2318 975 2356">
    <p class='ocr_par' dir='ltr' id='par_1_88' title="bbox 187 2318 975 2356">
     <span class='ocr_line' id='line_1_88' title="bbox 187 2318 975 2356; baseline 0.008 -12"><span class='ocrx_word' id='word_1_647' title='bbox 187 2318 291 2345; x_wconf 89' lang='lat' dir='ltr'><strong>riorum</strong></span> <span class='ocrx_word' id='word_1_648' title='bbox 309 2319 414 2347; x_wconf 91' lang='lat' dir='ltr'><strong>tollant.</strong></span> <span class='ocrx_word' id='word_1_649' title='bbox 438 2319 508 2352; x_wconf 85' lang='lat' dir='ltr'><strong>Quid</strong></span> <span class='ocrx_word' id='word_1_650' title='bbox 522 2320 605 2355; x_wconf 77' lang='lat' dir='ltr'><strong>igitur</strong></span> <span class='ocrx_word' id='word_1_651' title='bbox 622 2321 675 2348; x_wconf 87' lang='lat' dir='ltr'><strong>erit</strong></span> <span class='ocrx_word' id='word_1_652' title='bbox 701 2321 785 2354; x_wconf 82' lang='lat' dir='ltr'><strong>istud,</strong></span> <span class='ocrx_word' id='word_1_653' title='bbox 805 2322 877 2356; x_wconf 90' lang='lat' dir='ltr'><strong>quod</strong></span> <span class='ocrx_word' id='word_1_654' title='bbox 895 2322 975 2350; x_wconf 89' lang='lat' dir='ltr'><strong>ambo</strong></span> 
     </span>
    </p>
   </div>
   <div class='ocr_carea' id='block_1_89' title="bbox 187 2364 976 2402">
    <p class='ocr_par' dir='ltr' id='par_1_89' title="bbox 187 2364 976 2402">
     <span class='ocr_line' id='line_1_89' title="bbox 187 2364 976 2402; baseline 0.006 -12"><span class='ocrx_word' id='word_1_655' title='bbox 187 2364 234 2390; x_wconf 85' lang='lat' dir='ltr'><strong>illa</strong></span> <span class='ocrx_word' id='word_1_656' title='bbox 245 2364 427 2397; x_wconf 74' lang='lat' dir='ltr'><strong>disterminat,</strong></span> <span class='ocrx_word' id='word_1_657' title='bbox 443 2369 470 2392; x_wconf 87' lang='lat' dir='ltr'><strong>et</strong></span> <span class='ocrx_word' id='word_1_658' title='bbox 495 2365 673 2401; x_wconf 80' lang='lat' dir='ltr'><strong>iutersepiat?</strong></span> <span class='ocrx_word' id='word_1_659' title='bbox 702 2375 770 2402; x_wconf 90' lang='lat' dir='ltr'><strong>opus</strong></span> <span class='ocrx_word' id='word_1_660' title='bbox 798 2368 868 2395; x_wconf 92' lang='lat' dir='ltr'><strong>enim</strong></span> <span class='ocrx_word' id='word_1_661' title='bbox 895 2368 976 2396; x_wconf 92' lang='lat' dir='ltr'><strong>babet</strong></span> 
     </span>
    </p>
   </div>
   <div class='ocr_carea' id='block_1_90' title="bbox 187 2409 973 2445">
    <p class='ocr_par' dir='ltr' id='par_1_90' title="bbox 187 2409 973 2445">
     <span class='ocr_line' id='line_1_90' title="bbox 187 2409 973 2445; baseline 0.004 -9"><span class='ocrx_word' id='word_1_662' title='bbox 187 2409 259 2444; x_wconf 87' lang='lat' dir='ltr'><strong>apud</strong></span> <span class='ocrx_word' id='word_1_663' title='bbox 271 2410 338 2437; x_wconf 91' lang='lat' dir='ltr'><strong>istos</strong></span> <span class='ocrx_word' id='word_1_664' title='bbox 348 2409 491 2445; x_wconf 85' lang='lat' dir='ltr'><strong>cujusdam</strong></span> <span class='ocrx_word' id='word_1_665' title='bbox 506 2411 578 2438; x_wconf 87' lang='lat' dir='ltr'><strong>tertii</strong></span> <span class='ocrx_word' id='word_1_666' title='bbox 599 2416 783 2439; x_wconf 86' lang='lat' dir='ltr'><strong>commentum</strong></span> <span class='ocrx_word' id='word_1_667' title='bbox 800 2411 908 2440; x_wconf 72' lang='lat' dir='ltr'><strong>fabulae.</strong></span> <span class='ocrx_word' id='word_1_668' title='bbox 932 2413 973 2440; x_wconf 80' lang='lat' dir='ltr'><strong>An</strong></span> 
     </span>
    </p>
   </div>
   <div class='ocr_carea' id='block_1_91' title="bbox 187 2455 975 2489">
    <p class='ocr_par' dir='ltr' id='par_1_91' title="bbox 187 2455 975 2489">
     <span class='ocr_line' id='line_1_91' title="bbox 187 2455 975 2489; baseline 0.005 -8"><span class='ocrx_word' id='word_1_669' title='bbox 187 2455 284 2482; x_wconf 89' lang='lat' dir='ltr'><strong>dicturi</strong></span> <span class='ocrx_word' id='word_1_670' title='bbox 298 2459 362 2482; x_wconf 90' lang='lat' dir='ltr'><strong>sunt</strong></span> <span class='ocrx_word' id='word_1_671' title='bbox 374 2455 464 2487; x_wconf 82' lang='lat' dir='ltr'><strong>nobis,</strong></span> <span class='ocrx_word' id='word_1_672' title='bbox 478 2463 539 2483; x_wconf 86' lang='lat' dir='ltr'><strong>esse</strong></span> <span class='ocrx_word' id='word_1_673' title='bbox 553 2464 661 2483; x_wconf 91' lang='lat' dir='ltr'><strong>murum</strong></span> <span class='ocrx_word' id='word_1_674' title='bbox 681 2457 886 2484; x_wconf 84' lang='lat' dir='ltr'><strong>adamantinum</strong></span> <span class='ocrx_word' id='word_1_675' title='bbox 897 2479 903 2489; x_wconf 82' lang='grc'><strong>,</strong></span> <span class='ocrx_word' id='word_1_676' title='bbox 928 2463 975 2485; x_wconf 87' lang='lat' dir='ltr'><strong>aut</strong></span> 
     </span>
    </p>
   </div>
   <div class='ocr_carea' id='block_1_92' title="bbox 187 2500 974 2537">
    <p class='ocr_par' dir='ltr' id='par_1_92' title="bbox 187 2500 974 2537">
     <span class='ocr_line' id='line_1_92' title="bbox 187 2500 974 2537; baseline 0.004 -10"><span class='ocrx_word' id='word_1_677' title='bbox 187 2501 258 2528; x_wconf 80' lang='lat' dir='ltr'><strong>aliud</strong></span> <span class='ocrx_word' id='word_1_678' title='bbox 270 2500 334 2535; x_wconf 85' lang='lat' dir='ltr'><strong>quid</strong></span> <span class='ocrx_word' id='word_1_679' title='bbox 350 2501 486 2528; x_wconf 86' lang='lat' dir='ltr'><strong>delirum?</strong></span> <span class='ocrx_word' id='word_1_680' title='bbox 501 2500 650 2536; x_wconf 69' lang='lat' dir='ltr'><strong>Cuiusnam</strong></span> <span class='ocrx_word' id='word_1_681' title='bbox 661 2503 909 2537; x_wconf 84' lang='lat' dir='ltr'><strong>vero.providcntia</strong></span> <span class='ocrx_word' id='word_1_682' title='bbox 923 2504 974 2531; x_wconf 92' lang='lat' dir='ltr'><strong>boc</strong></span> 
     </span>
    </p>
   </div>
   <div class='ocr_carea' id='block_1_93' title="bbox 186 2547 974 2584">
    <p class='ocr_par' dir='ltr' id='par_1_93' title="bbox 186 2547 974 2584">
     <span class='ocr_line' id='line_1_93' title="bbox 186 2547 974 2584; baseline 0.003 -11"><span class='ocrx_word' id='word_1_683' title='bbox 186 2547 318 2581; x_wconf 88' lang='lat' dir='ltr'><strong>quidquid</strong></span> <span class='ocrx_word' id='word_1_684' title='bbox 334 2547 380 2580; x_wconf 86' lang='lat' dir='ltr'><strong>sit,</strong></span> <span class='ocrx_word' id='word_1_685' title='bbox 397 2548 577 2582; x_wconf 86' lang='lat' dir='ltr'><strong>interseptum</strong></span> <span class='ocrx_word' id='word_1_686' title='bbox 599 2555 661 2575; x_wconf 86' lang='lat' dir='ltr'><strong>esse</strong></span> <span class='ocrx_word' id='word_1_687' title='bbox 680 2548 793 2575; x_wconf 80' lang='lat' dir='ltr'><strong>dicent?</strong></span> <span class='ocrx_word' id='word_1_688' title='bbox 811 2549 974 2584; x_wconf 90' lang='lat' dir='ltr'><strong>utricunque</strong></span> 
     </span>
    </p>
   </div>
   <div class='ocr_carea' id='block_1_94' title="bbox 186 2592 970 2630">
    <p class='ocr_par' dir='ltr' id='par_1_94' title="bbox 186 2592 970 2630">
     <span class='ocr_line' id='line_1_94' title="bbox 186 2592 970 2630; baseline 0.004 -11"><span class='ocrx_word' id='word_1_689' title='bbox 186 2592 257 2620; x_wconf 84' lang='lat' dir='ltr'><strong>enim</strong></span> <span class='ocrx_word' id='word_1_690' title='bbox 279 2593 479 2620; x_wconf 85' lang='lat' dir='ltr'><strong>contrariorum</strong></span> <span class='ocrx_word' id='word_1_691' title='bbox 502 2593 554 2620; x_wconf 92' lang='lat' dir='ltr'><strong>boc</strong></span> <span class='ocrx_word' id='word_1_692' title='bbox 572 2593 715 2628; x_wconf 81' lang='lat' dir='ltr'><strong>assignare</strong></span> <span class='ocrx_word' id='word_1_693' title='bbox 732 2594 816 2621; x_wconf 87' lang='lat' dir='ltr'><strong>velint</strong></span> <span class='ocrx_word' id='word_1_694' title='bbox 842 2599 970 2630; x_wconf 78' lang='lat' dir='ltr'><strong>tanquam</strong></span> 
     </span>
    </p>
   </div>
   <div class='ocr_carea' id='block_1_95' title="bbox 185 2640 972 2675">
    <p class='ocr_par' dir='ltr' id='par_1_95' title="bbox 185 2640 972 2675">
     <span class='ocr_line' id='line_1_95' title="bbox 185 2640 972 2675; baseline 0.004 -9"><span class='ocrx_word' id='word_1_695' title='bbox 185 2644 277 2673; x_wconf 84' lang='lat' dir='ltr'><strong>pnstca</strong></span> <span class='ocrx_word' id='word_1_696' title='bbox 304 2640 477 2672; x_wconf 77' lang='lat' dir='ltr'><strong>immissum,</strong></span> <span class='ocrx_word' id='word_1_697' title='bbox 502 2647 557 2667; x_wconf 91' lang='lat' dir='ltr'><strong>non</strong></span> <span class='ocrx_word' id='word_1_698' title='bbox 587 2640 723 2675; x_wconf 89' lang='lat' dir='ltr'><strong>reperient</strong></span> <span class='ocrx_word' id='word_1_699' title='bbox 749 2641 849 2667; x_wconf 79' lang='lat' dir='ltr'><strong>exitum</strong></span> <span class='ocrx_word' id='word_1_700' title='bbox 872 2642 899 2668; x_wconf 92' lang='lat' dir='ltr'><strong>in</strong></span> <span class='ocrx_word' id='word_1_701' title='bbox 921 2642 972 2669; x_wconf 88' lang='lat' dir='ltr'><strong>bac</strong></span> 
     </span>
    </p>
   </div>
   <div class='ocr_carea' id='block_1_96' title="bbox 185 2686 971 2722">
    <p class='ocr_par' dir='ltr' id='par_1_96' title="bbox 185 2686 971 2722">
     <span class='ocr_line' id='line_1_96' title="bbox 185 2686 971 2722; baseline 0.008 -13"><span class='ocrx_word' id='word_1_702' title='bbox 185 2692 281 2718; x_wconf 83' lang='lat' dir='ltr'><strong>causa,</strong></span> <span class='ocrx_word' id='word_1_703' title='bbox 295 2694 384 2721; x_wconf 79' lang='lat' dir='ltr'><strong>neque</strong></span> <span class='ocrx_word' id='word_1_704' title='bbox 412 2694 441 2714; x_wconf 89' lang='lat' dir='ltr'><strong>se</strong></span> <span class='ocrx_word' id='word_1_705' title='bbox 460 2686 524 2714; x_wconf 88' lang='lat' dir='ltr'><strong>hinc</strong></span> <span class='ocrx_word' id='word_1_706' title='bbox 544 2687 700 2722; x_wconf 77' lang='lat' dir='ltr'><strong>expedient.</strong></span> <span class='ocrx_word' id='word_1_707' title='bbox 728 2686 865 2714; x_wconf 78' lang='lat' dir='ltr'><strong>Rcvocata</strong></span> <span class='ocrx_word' id='word_1_708' title='bbox 897 2688 971 2715; x_wconf 89' lang='lat' dir='ltr'><strong>enim</strong></span> 
     </span>
    </p>
   </div>
   <div class='ocr_carea' id='block_1_97' title="bbox 222 2763 974 2800">
    <p class='ocr_par' dir='ltr' id='par_1_97' title="bbox 222 2763 974 2800">
     <span class='ocr_line' id='line_1_97' title="bbox 222 2763 974 2800; baseline 0.003 -10"><span class='ocrx_word' id='word_1_709' title='bbox 222 2763 272 2797; x_wconf 64' lang='grc' dir='ltr'>ιε’)</span> <span class='ocrx_word' id='word_1_710' title='bbox 287 2765 355 2791; x_wconf 83' lang='grc' dir='ltr'>Δύο,</span> <span class='ocrx_word' id='word_1_711' title='bbox 373 2764 401 2791; x_wconf 91' lang='lat' dir='ltr'><strong>ln</strong></span> <span class='ocrx_word' id='word_1_712' title='bbox 415 2765 476 2791; x_wconf 91' lang='lat' dir='ltr'><strong>cod.</strong></span> <span class='ocrx_word' id='word_1_713' title='bbox 496 2769 622 2800; x_wconf 26' lang='lat' dir='ltr'><strong>msterat</strong></span> <span class='ocrx_word' id='word_1_714' title='bbox 632 2765 682 2796; x_wconf 80' lang='grc' dir='ltr'>διό,</span> <span class='ocrx_word' id='word_1_715' title='bbox 695 2765 771 2792; x_wconf 75' lang='lat' dir='ltr'><strong>nullo</strong></span> <span class='ocrx_word' id='word_1_716' title='bbox 783 2766 861 2800; x_wconf 84' lang='lat' dir='ltr'><strong>plane</strong></span> <span class='ocrx_word' id='word_1_717' title='bbox 875 2774 956 2794; x_wconf 80' lang='lat' dir='ltr'><strong>sensu</strong></span> <span class='ocrx_word' id='word_1_718' title='bbox 968 2775 974 2798; x_wconf 86' lang='lat'><strong>;</strong></span> 
     </span>
    </p>
   </div>
   <div class='ocr_carea' id='block_1_98' title="bbox 185 2798 971 2835">
    <p class='ocr_par' dir='ltr' id='par_1_98' title="bbox 185 2798 971 2835">
     <span class='ocr_line' id='line_1_98' title="bbox 185 2798 971 2835; baseline 0.003 -10"><span class='ocrx_word' id='word_1_719' title='bbox 185 2798 302 2833; x_wconf 73' lang='lat' dir='ltr'><strong>ilicoque</strong></span> <span class='ocrx_word' id='word_1_720' title='bbox 319 2799 382 2826; x_wconf 85' lang='lat' dir='ltr'><strong>illud</strong></span> <span class='ocrx_word' id='word_1_721' title='bbox 397 2801 527 2826; x_wconf 79' lang='lat' dir='ltr'><strong>omiserat</strong></span> <span class='ocrx_word' id='word_1_722' title='bbox 539 2799 707 2833; x_wconf 81' lang='lat' dir='ltr'><strong>Turrianns;</strong></span> <span class='ocrx_word' id='word_1_723' title='bbox 722 2798 895 2835; x_wconf 67' lang='lat' dir='ltr'><strong>reposuimus</strong></span> <span class='ocrx_word' id='word_1_724' title='bbox 910 2801 971 2833; x_wconf 55' lang='grc' dir='ltr'>δίνη</span> 
     </span>
    </p>
   </div>
   <div class='ocr_carea' id='block_1_99' title="bbox 188 2835 867 2871">
    <p class='ocr_par' dir='ltr' id='par_1_99' title="bbox 188 2835 867 2871">
     <span class='ocr_line' id='line_1_99' title="bbox 188 2835 867 2871; baseline 0.003 -11"><span class='ocrx_word' id='word_1_725' title='bbox 188 2835 241 2861; x_wconf 80' lang='lat' dir='ltr'><strong>duo</strong></span> <span class='ocrx_word' id='word_1_726' title='bbox 257 2835 356 2871; x_wconf 79' lang='lat' dir='ltr'><strong>quippe</strong></span> <span class='ocrx_word' id='word_1_727' title='bbox 373 2836 499 2861; x_wconf 73' lang='lat' dir='ltr'><strong>tuebatur</strong></span> <span class='ocrx_word' id='word_1_728' title='bbox 518 2835 650 2869; x_wconf 61' lang='lat' dir='ltr'><strong>principia</strong></span> <span class='ocrx_word' id='word_1_729' title='bbox 670 2836 770 2862; x_wconf 82' lang='lat' dir='ltr'><strong>Mancs.</strong></span> <span class='ocrx_word' id='word_1_730' title='bbox 787 2836 867 2862; x_wconf 67' lang='lat' dir='ltr'><strong>Bass.</strong></span> 
     </span>
    </p>
   </div>
   <div class='ocr_carea' id='block_1_100' title="bbox 1027 2183 1820 2222">
    <p class='ocr_par' dir='ltr' id='par_1_100' title="bbox 1027 2183 1820 2222">
     <span class='ocr_line' id='line_1_100' title="bbox 1027 2183 1820 2222; baseline -0.005 -9"><span class='ocrx_word' id='word_1_731' title='bbox 1027 2187 1099 2219; x_wconf 87' lang='grc' dir='ltr'>τέον,</span> <span class='ocrx_word' id='word_1_732' title='bbox 1119 2187 1235 2222; x_wconf 85' lang='grc' dir='ltr'>διεῖργον</span> <span class='ocrx_word' id='word_1_733' title='bbox 1250 2186 1297 2213; x_wconf 77' lang='grc' dir='ltr'>καὶ</span> <span class='ocrx_word' id='word_1_734' title='bbox 1313 2184 1461 2212; x_wconf 84' lang='grc' dir='ltr'>διακωλῦον</span> <span class='ocrx_word' id='word_1_735' title='bbox 1482 2184 1606 2219; x_wconf 84' lang='grc' dir='ltr'>ἑκατέρῳ</span> <span class='ocrx_word' id='word_1_736' title='bbox 1620 2183 1672 2219; x_wconf 84' lang='grc' dir='ltr'><strong>τὴν</strong></span> <span class='ocrx_word' id='word_1_737' title='bbox 1690 2183 1759 2219; x_wconf 71' lang='grc' dir='ltr'>πρὸς</span> <span class='ocrx_word' id='word_1_738' title='bbox 1778 2183 1820 2210; x_wconf 75' lang='grc' dir='ltr'><strong>θά-</strong></span> 
     </span>
    </p>
   </div>
   <div class='ocr_carea' id='block_1_101' title="bbox 1027 2226 1818 2267">
    <p class='ocr_par' dir='ltr' id='par_1_101' title="bbox 1027 2226 1818 2267">
     <span class='ocr_line' id='line_1_101' title="bbox 1027 2226 1818 2267; baseline -0.005 -9"><span class='ocrx_word' id='word_1_739' title='bbox 1027 2240 1106 2267; x_wconf 81' lang='grc' dir='ltr'>τερον</span> <span class='ocrx_word' id='word_1_740' title='bbox 1128 2231 1279 2264; x_wconf 83' lang='grc' dir='ltr'>κοινωνίαν,</span> <span class='ocrx_word' id='word_1_741' title='bbox 1299 2231 1342 2257; x_wconf 86' lang='grc' dir='ltr'><strong>ἴνα</strong></span> <span class='ocrx_word' id='word_1_742' title='bbox 1367 2230 1414 2266; x_wconf 80' lang='grc' dir='ltr'>μὴ,</span> <span class='ocrx_word' id='word_1_743' title='bbox 1434 2229 1477 2256; x_wconf 80' lang='grc' dir='ltr'>διὰ</span> <span class='ocrx_word' id='word_1_744' title='bbox 1499 2228 1552 2255; x_wconf 86' lang='grc' dir='ltr'>τῶν</span> <span class='ocrx_word' id='word_1_745' title='bbox 1576 2228 1723 2263; x_wconf 75' lang='grc' dir='ltr'>τερμάτων</span> <span class='ocrx_word' id='word_1_746' title='bbox 1747 2226 1818 2259; x_wconf 82' lang='grc' dir='ltr'>αὖθις</span> 
     </span>
    </p>
   </div>
   <div class='ocr_carea' id='block_1_102' title="bbox 1027 2274 1817 2312">
    <p class='ocr_par' dir='ltr' id='par_1_102' title="bbox 1027 2274 1817 2312">
     <span class='ocr_line' id='line_1_102' title="bbox 1027 2274 1817 2312; baseline -0.006 -8"><span class='ocrx_word' id='word_1_747' title='bbox 1027 2277 1152 2312; x_wconf 81' lang='grc' dir='ltr'>ἀλλήλοις</span> <span class='ocrx_word' id='word_1_748' title='bbox 1174 2276 1408 2312; x_wconf 84' lang='grc' dir='ltr'>καταμιγνύμενα,</span> <span class='ocrx_word' id='word_1_749' title='bbox 1431 2275 1476 2302; x_wconf 78' lang='grc' dir='ltr'><strong>τὸν</strong></span> <span class='ocrx_word' id='word_1_750' title='bbox 1498 2275 1547 2310; x_wconf 79' lang='grc' dir='ltr'>τῆς</span> <span class='ocrx_word' id='word_1_751' title='bbox 1561 2275 1752 2309; x_wconf 77' lang='grc' dir='ltr'>ἐναντιότητος</span> <span class='ocrx_word' id='word_1_752' title='bbox 1767 2274 1817 2300; x_wconf 83' lang='grc' dir='ltr'>δια-</span> 
     </span>
    </p>
   </div>
   <div class='ocr_carea' id='block_1_103' title="bbox 1029 2320 1817 2359">
    <p class='ocr_par' dir='ltr' id='par_1_103' title="bbox 1029 2320 1817 2359">
     <span class='ocr_line' id='line_1_103' title="bbox 1029 2320 1817 2359; baseline -0.006 -9"><span class='ocrx_word' id='word_1_753' title='bbox 1029 2324 1127 2359; x_wconf 80' lang='grc' dir='ltr'>φθείρῃ</span> <span class='ocrx_word' id='word_1_754' title='bbox 1146 2323 1235 2357; x_wconf 88' lang='grc' dir='ltr'>λόγον.</span> <span class='ocrx_word' id='word_1_755' title='bbox 1261 2323 1292 2349; x_wconf 89' lang='grc' dir='ltr'>Τί</span> <span class='ocrx_word' id='word_1_756' title='bbox 1319 2323 1407 2349; x_wconf 83' lang='grc' dir='ltr'>τοίνυν</span> <span class='ocrx_word' id='word_1_757' title='bbox 1427 2321 1503 2348; x_wconf 78' lang='grc' dir='ltr'>ἔσται</span> <span class='ocrx_word' id='word_1_758' title='bbox 1525 2321 1554 2347; x_wconf 76' lang='grc' dir='ltr'>τὸ</span> <span class='ocrx_word' id='word_1_759' title='bbox 1580 2321 1748 2356; x_wconf 77' lang='grc' dir='ltr'>διαφράττον</span> <span class='ocrx_word' id='word_1_760' title='bbox 1776 2320 1817 2346; x_wconf 68' lang='grc' dir='ltr'><strong>καὶ</strong></span> 
     </span>
    </p>
   </div>
   <div class='ocr_carea' id='block_1_104' title="bbox 1028 2365 1816 2405">
    <p class='ocr_par' dir='ltr' id='par_1_104' title="bbox 1028 2365 1816 2405">
     <span class='ocr_line' id='line_1_104' title="bbox 1028 2365 1816 2405; baseline -0.008 -9"><span class='ocrx_word' id='word_1_761' title='bbox 1028 2369 1144 2405; x_wconf 84' lang='grc' dir='ltr'>διεῖργον</span> <span class='ocrx_word' id='word_1_762' title='bbox 1159 2370 1260 2403; x_wconf 80' lang='grc' dir='ltr'>ἄμφω;</span> <span class='ocrx_word' id='word_1_763' title='bbox 1281 2369 1372 2405; x_wconf 83' lang='grc' dir='ltr'>τρίτου</span> <span class='ocrx_word' id='word_1_764' title='bbox 1389 2368 1443 2403; x_wconf 81' lang='grc' dir='ltr'><strong>γάρ</strong></span> <span class='ocrx_word' id='word_1_765' title='bbox 1454 2375 1527 2398; x_wconf 86' lang='grc' dir='ltr'>τινος</span> <span class='ocrx_word' id='word_1_766' title='bbox 1546 2367 1606 2392; x_wconf 76' lang='grc' dir='ltr'>κατ’</span> <span class='ocrx_word' id='word_1_767' title='bbox 1618 2366 1717 2392; x_wconf 67' lang='grc' dir='ltr'>οὐσίαν</span> <span class='ocrx_word' id='word_1_768' title='bbox 1730 2365 1816 2401; x_wconf 68' lang='grc' dir='ltr'>χρείαν</span> 
     </span>
    </p>
   </div>
   <div class='ocr_carea' id='block_1_105' title="bbox 1026 2409 1815 2450">
    <p class='ocr_par' dir='ltr' id='par_1_105' title="bbox 1026 2409 1815 2450">
     <span class='ocr_line' id='line_1_105' title="bbox 1026 2409 1815 2450; baseline -0.006 -9"><span class='ocrx_word' id='word_1_769' title='bbox 1026 2414 1081 2449; x_wconf 76' lang='grc' dir='ltr'>ἔχει</span> <span class='ocrx_word' id='word_1_770' title='bbox 1107 2412 1172 2450; x_wconf 78' lang='grc' dir='ltr'>παρ’</span> <span class='ocrx_word' id='word_1_771' title='bbox 1194 2415 1285 2446; x_wconf 79' lang='grc' dir='ltr'>αὐτοῖς</span> <span class='ocrx_word' id='word_1_772' title='bbox 1308 2414 1357 2448; x_wconf 81' lang='grc' dir='ltr'>τῆς</span> <span class='ocrx_word' id='word_1_773' title='bbox 1383 2412 1543 2448; x_wconf 87' lang='grc' dir='ltr'>μυθολογίας</span> <span class='ocrx_word' id='word_1_774' title='bbox 1564 2411 1594 2437; x_wconf 84' lang='grc' dir='ltr'><strong>τὸ</strong></span> <span class='ocrx_word' id='word_1_775' title='bbox 1622 2409 1815 2446; x_wconf 71' lang='grc' dir='ltr'>πλάσμα.⁷Αρ“</span> 
     </span>
    </p>
   </div>
   <div class='ocr_carea' id='block_1_106' title="bbox 1025 2457 1814 2495">
    <p class='ocr_par' dir='ltr' id='par_1_106' title="bbox 1025 2457 1814 2495">
     <span class='ocr_line' id='line_1_106' title="bbox 1025 2457 1814 2495; baseline -0.008 -8"><span class='ocrx_word' id='word_1_776' title='bbox 1025 2458 1071 2487; x_wconf 79' lang='grc' dir='ltr'><strong>οὖν</strong></span> <span class='ocrx_word' id='word_1_777' title='bbox 1085 2460 1114 2486; x_wconf 79' lang='grc' dir='ltr'>τὸ</span> <span class='ocrx_word' id='word_1_778' title='bbox 1128 2460 1305 2495; x_wconf 81' lang='grc' dir='ltr'>ἀδαμάντινον</span> <span class='ocrx_word' id='word_1_779' title='bbox 1329 2461 1416 2493; x_wconf 87' lang='grc' dir='ltr'>τεῖχος</span> <span class='ocrx_word' id='word_1_780' title='bbox 1431 2457 1536 2492; x_wconf 78' lang='grc' dir='ltr'>ἐροῦσιν</span> <span class='ocrx_word' id='word_1_781' title='bbox 1551 2458 1626 2492; x_wconf 83' lang='grc' dir='ltr'>ἡμῖν.</span> <span class='ocrx_word' id='word_1_782' title='bbox 1643 2457 1659 2492; x_wconf 69' lang='grc' dir='ltr'>ἡ</span> <span class='ocrx_word' id='word_1_783' title='bbox 1681 2466 1706 2483; x_wconf 84' lang='grc' dir='ltr'><strong>τι</strong></span> <span class='ocrx_word' id='word_1_784' title='bbox 1719 2457 1814 2491; x_wconf 57' lang='grc' dir='ltr'>ἐτέων,</span> 
     </span>
    </p>
   </div>
   <div class='ocr_carea' id='block_1_107' title="bbox 1025 2500 1815 2540">
    <p class='ocr_par' dir='ltr' id='par_1_107' title="bbox 1025 2500 1815 2540">
     <span class='ocr_line' id='line_1_107' title="bbox 1025 2500 1815 2540; baseline -0.006 -9"><span class='ocrx_word' id='word_1_785' title='bbox 1025 2505 1227 2540; x_wconf 80' lang='grc' dir='ltr'>παραπαίοντες</span> <span class='ocrx_word' id='word_1_786' title='bbox 1242 2513 1249 2536; x_wconf 90' lang='grc'>;</span> <span class='ocrx_word' id='word_1_787' title='bbox 1269 2503 1307 2539; x_wconf 86' lang='grc' dir='ltr'>Τῇ</span> <span class='ocrx_word' id='word_1_788' title='bbox 1326 2503 1397 2535; x_wconf 84' lang='grc' dir='ltr'>τίνος</span> <span class='ocrx_word' id='word_1_789' title='bbox 1412 2503 1440 2528; x_wconf 77' lang='grc' dir='ltr'>δὲ</span> <span class='ocrx_word' id='word_1_790' title='bbox 1457 2502 1569 2537; x_wconf 73' lang='grc' dir='ltr'>προνοίᾳ</span> <span class='ocrx_word' id='word_1_791' title='bbox 1585 2501 1659 2528; x_wconf 74' lang='grc' dir='ltr'>τοῦθ’</span> <span class='ocrx_word' id='word_1_792' title='bbox 1671 2502 1686 2527; x_wconf 82' lang='grc' dir='ltr'><strong>ὃ</strong></span> <span class='ocrx_word' id='word_1_793' title='bbox 1698 2500 1815 2535; x_wconf 74' lang='grc' dir='ltr'>πατε(3”)</span> 
     </span>
    </p>
   </div>
   <div class='ocr_carea' id='block_1_108' title="bbox 1026 2546 1816 2585">
    <p class='ocr_par' dir='ltr' id='par_1_108' title="bbox 1026 2546 1816 2585">
     <span class='ocr_line' id='line_1_108' title="bbox 1026 2546 1816 2585; baseline -0.005 -9"><span class='ocrx_word' id='word_1_794' title='bbox 1026 2551 1140 2585; x_wconf 72' lang='grc' dir='ltr'>φήσουσι</span> <span class='ocrx_word' id='word_1_795' title='bbox 1159 2549 1373 2585; x_wconf 71' lang='grc' dir='ltr'>παρεγκεῖσθαι;</span> <span class='ocrx_word' id='word_1_796' title='bbox 1395 2547 1532 2583; x_wconf 82' lang='grc' dir='ltr'>Ὀποτέρῳ</span> <span class='ocrx_word' id='word_1_797' title='bbox 1547 2547 1602 2582; x_wconf 74' lang='grc' dir='ltr'>γὰρ</span> <span class='ocrx_word' id='word_1_798' title='bbox 1620 2546 1676 2573; x_wconf 85' lang='grc' dir='ltr'><strong>τῶν</strong></span> <span class='ocrx_word' id='word_1_799' title='bbox 1693 2546 1816 2573; x_wconf 77' lang='grc' dir='ltr'>ἐναντίων</span> 
     </span>
    </p>
   </div>
   <div class='ocr_carea' id='block_1_109' title="bbox 1027 2593 1817 2631">
    <p class='ocr_par' dir='ltr' id='par_1_109' title="bbox 1027 2593 1817 2631">
     <span class='ocr_line' id='line_1_109' title="bbox 1027 2593 1817 2631; baseline -0.006 -9"><span class='ocrx_word' id='word_1_800' title='bbox 1027 2595 1180 2631; x_wconf 74' lang='grc' dir='ltr'>βουληθεῖεν</span> <span class='ocrx_word' id='word_1_801' title='bbox 1195 2595 1333 2622; x_wconf 83' lang='grc' dir='ltr'>ἀναθεῖναι</span> <span class='ocrx_word' id='word_1_802' title='bbox 1346 2595 1433 2626; x_wconf 80' lang='grc' dir='ltr'>τοῦτο,</span> <span class='ocrx_word' id='word_1_803' title='bbox 1449 2594 1487 2625; x_wconf 78' lang='grc' dir='ltr'>ὡς</span> <span class='ocrx_word' id='word_1_804' title='bbox 1499 2593 1611 2628; x_wconf 71' lang='grc' dir='ltr'>ὕστερον</span> <span class='ocrx_word' id='word_1_805' title='bbox 1635 2601 1701 2618; x_wconf 80' lang='grc' dir='ltr'>ποτε</span> <span class='ocrx_word' id='word_1_806' title='bbox 1715 2601 1817 2627; x_wconf 82' lang='grc' dir='ltr'>παρεμ-</span> 
     </span>
    </p>
   </div>
   <div class='ocr_carea' id='block_1_110' title="bbox 1026 2638 1816 2678">
    <p class='ocr_par' dir='ltr' id='par_1_110' title="bbox 1026 2638 1816 2678">
     <span class='ocr_line' id='line_1_110' title="bbox 1026 2638 1816 2678; baseline -0.005 -10"><span class='ocrx_word' id='word_1_807' title='bbox 1026 2642 1133 2677; x_wconf 74' lang='grc' dir='ltr'>ϐληθὲν,</span> <span class='ocrx_word' id='word_1_808' title='bbox 1151 2642 1253 2678; x_wconf 80' lang='grc' dir='ltr'>ἄπορος</span> <span class='ocrx_word' id='word_1_809' title='bbox 1266 2642 1358 2672; x_wconf 76' lang='grc' dir='ltr'>αὐτοῖς</span> <span class='ocrx_word' id='word_1_810' title='bbox 1372 2642 1388 2676; x_wconf 84' lang='grc' dir='ltr'>ἡ</span> <span class='ocrx_word' id='word_1_811' title='bbox 1407 2640 1533 2671; x_wconf 75' lang='grc' dir='ltr'>ὑπόθεσις</span> <span class='ocrx_word' id='word_1_812' title='bbox 1546 2639 1737 2674; x_wconf 79' lang='grc' dir='ltr'>εὑρεθήσεται.</span> <span class='ocrx_word' id='word_1_813' title='bbox 1750 2638 1816 2674; x_wconf 65' lang='grc' dir='ltr'>Πρὸς</span> 
     </span>
    </p>
   </div>
   <div class='ocr_carea' id='block_1_111' title="bbox 1026 2683 1816 2724">
    <p class='ocr_par' dir='ltr' id='par_1_111' title="bbox 1026 2683 1816 2724">
     <span class='ocr_line' id='line_1_111' title="bbox 1026 2683 1816 2724; baseline -0.006 -9"><span class='ocrx_word' id='word_1_814' title='bbox 1026 2689 1080 2723; x_wconf 81' lang='grc' dir='ltr'>γὰρ</span> <span class='ocrx_word' id='word_1_815' title='bbox 1094 2689 1124 2715; x_wconf 83' lang='grc' dir='ltr'>τὸ</span> <span class='ocrx_word' id='word_1_816' title='bbox 1140 2688 1316 2724; x_wconf 78' lang='grc' dir='ltr'>ἀρχαιότερον</span> <span class='ocrx_word' id='word_1_817' title='bbox 1340 2687 1443 2718; x_wconf 77' lang='grc' dir='ltr'>ἀναϐὰς</span> <span class='ocrx_word' id='word_1_818' title='bbox 1461 2688 1475 2712; x_wconf 89' lang='grc' dir='ltr'>ὀ</span> <span class='ocrx_word' id='word_1_819' title='bbox 1498 2686 1574 2720; x_wconf 82' lang='grc' dir='ltr'>λόγος</span> <span class='ocrx_word' id='word_1_820' title='bbox 1595 2683 1674 2716; x_wconf 75' lang='grc' dir='ltr'>αὖθις</span> <span class='ocrx_word' id='word_1_821' title='bbox 1700 2685 1816 2720; x_wconf 59' lang='lat' dir='ltr'><strong>quipith</strong></span> 
     </span>
    </p>
   </div>
   <div class='ocr_carea' id='block_1_112' title="bbox 1067 2766 1437 2801">
    <p class='ocr_par' dir='ltr' id='par_1_112' title="bbox 1067 2766 1437 2801">
     <span class='ocr_line' id='line_1_112' title="bbox 1067 2766 1437 2801; baseline 0 -9"><span class='ocrx_word' id='word_1_822' title='bbox 1067 2767 1104 2801; x_wconf 74' lang='grc'><strong>(5)</strong></span> <span class='ocrx_word' id='word_1_823' title='bbox 1116 2766 1208 2801; x_wconf 69' lang='lat' dir='ltr'><strong>\‘ulg.,</strong></span> <span class='ocrx_word' id='word_1_824' title='bbox 1219 2766 1343 2798; x_wconf 71' lang='grc' dir='ltr'>δόξαιντ“.</span> <span class='ocrx_word' id='word_1_825' title='bbox 1358 2766 1437 2793; x_wconf 77' lang='lat' dir='ltr'><strong>Eutr.</strong></span> 
     </span>
    </p>
   </div>
   <div class='ocr_carea' id='block_1_113' title="bbox 1064 2798 1812 2837">
    <p class='ocr_par' dir='ltr' id='par_1_113' title="bbox 1064 2798 1812 2837">
     <span class='ocr_line' id='line_1_113' title="bbox 1064 2798 1812 2837; baseline -0.009 -7"><span class='ocrx_word' id='word_1_826' title='bbox 1064 2798 1113 2837; x_wconf 62' lang='grc'><strong>(3³)</strong></span> <span class='ocrx_word' id='word_1_827' title='bbox 1130 2798 1220 2833; x_wconf 66' lang='lat' dir='ltr'><strong>I’oi‘tc,</strong></span> <span class='ocrx_word' id='word_1_828' title='bbox 1237 2802 1314 2828; x_wconf 68' lang='grc' dir='ltr'>τοίτό</span> <span class='ocrx_word' id='word_1_829' title='bbox 1333 2810 1406 2834; x_wconf 75' lang='grc' dir='ltr'>ποτε,</span> <span class='ocrx_word' id='word_1_830' title='bbox 1420 2801 1460 2827; x_wconf 70' lang='lat' dir='ltr'><strong>vel</strong></span> <span class='ocrx_word' id='word_1_831' title='bbox 1480 2799 1562 2831; x_wconf 70' lang='grc' dir='ltr'>τοῦθ’,</span> <span class='ocrx_word' id='word_1_832' title='bbox 1578 2800 1591 2825; x_wconf 72' lang='grc' dir='ltr'><strong>ὅ</strong></span> <span class='ocrx_word' id='word_1_833' title='bbox 1610 2799 1635 2825; x_wconf 85' lang='grc' dir='ltr'><strong>τί</strong></span> <span class='ocrx_word' id='word_1_834' title='bbox 1650 2807 1727 2826; x_wconf 69' lang='grc' dir='ltr'>ποτε.</span> <span class='ocrx_word' id='word_1_835' title='bbox 1743 2798 1812 2825; x_wconf 77' lang='lat' dir='ltr'><strong>Enn.</strong></span> 
     </span>
    </p>
   </div>
  </div>
