1900 3070
79 110 175 139 1077

633 108 817 139 ADVERSUS
836 111 1046 140 MANlCHzEOS
1065 111 1129 138 LIB.
1152 111 1171 139 l.

1657 109 1723 136 1'078

78 170 126 196 τὰ
145 170 261 198 ὲγαντία
277 171 398 206 ἀλλήλων
419 170 568 206 ἀχώριστα,
582 171 619 202 ὡς
635 171 759 206 οὐδαμῶς
774 171 892 199 ἐναντία.

946 169 1119 198 ascendendo
1136 169 1168 196 ad
1187 169 1326 204 antiquius
1349 167 1498 203 disputatio
1518 174 1614 194 rursus
1629 166 1725 201 depre-

79 217 122 243 Εἰ
137 217 176 244 δὲ
187 217 331 252 μηδετέρου
342 217 454 252 προνοίᾳ.
463 218 492 243 τὸ
501 218 634 253 μεθόριον,
641 217 656 244 ὃ
664 217 798 252 δηλοῦσιν,
808 218 891 252 ὑπάρ-

81 261 140 294 ξαι
160 263 303 298 φήσουσιν,
313 263 403 298 ἕτερον
414 263 558 298 ἀγέννητον
569 263 758 297 ἐπεισάγοντες
766 263 795 295 ἐξ
808 264 891 298 ἀνάγ-

81 316 151 343 κης
176 307 352 343 ὁμολογοῦσι,
379 309 526 346 μηδετέρου
549 309 603 335 τῶν
626 309 754 336 ἐναντίων
780 310 829 345 τῆς
847 311 892 336 οὺ-

83 354 167 386 σίας
193 354 321 389 μετέχον,
345 354 388 381 ἵνα
411 355 450 390 τῷ
481 355 568 390 πάντη
596 354 763 382 διαλλάττειν
788 355 892 392 χωρίζῃ

82 399 190 427 ταῦτα
201 408 211 420 ε
228 398 275 427 κάὶ
286 400 476 437 εὑρεθήσονται
490 400 566 436 ὄχλον
579 401 731 437 ἀγεννήτων
745 401 891 436 τιθέμενοι,

82 444 145 471 δύο
164 446 300 482 φήσαντες
317 443 393 472 εἶναι.

133 591 182 618 Τὰ
195 591 324 627 ἀγένητα,
345 590 375 618 τὸ
391 591 481 627 μέντοι
495 591 612 626 διεῖργον
624 591 671 618 καὶ
689 591 822 627 μεθόριον,
838 591 893 618 εἴτε

85 637 129 673 δὴ
151 639 252 672 τεῖχος,
266 638 320 664 εἴτε
337 637 372 672 γῆ
388 637 488 670 ἄοικος,
503 636 558 664 εἴτε
577 637 623 664 καὶ
640 637 708 673 ὅπερ
721 637 754 664 ἂν
773 637 872 666 θέλοιεν
884 646 892 652 -

88 683 156 709 ποῦ
173 684 222 718 μὲν
238 681 282 719 ἄρ’
296 683 351 718 ἔχει
377 682 425 718 τὴν
447 683 538 719 ἕδραν,
562 683 613 710 ποῦ
638 683 667 709 δὲ
682 684 731 719 τὴν
752 684 891 719 κορυφήν;

96 730 193 757 Ἀλλὰ
213 730 351 765 δῆλονοώς
376 729 451 756 κάτω
474 730 522 765 μὲν
547 729 595 765 τὴν
611 729 704 766 ἕδραν·
724 729 776 756 ποῦ
795 729 827 764 δὴ
847 730 894 757 καὶ

88 777 209 809 πόσον;
227 778 299 803 ’Δνω
312 777 340 803 δὲ
363 776 412 812 τὴν
431 777 569 812 κορυφήν
585 776 636 803 ποῦ
661 776 708 802 καὶ
728 776 773 805 ἐπὶ
791 775 872 803 πόσον
887 785 894 809 ;

942 217 1042 244 hendet
1063 206 1200 243 c'ontraria
1217 215 1288 242 inter
1311 222 1341 242 se
1354 217 1490 248 separata,
1507 218 1636 247 tanquam
1650 212 1724 240 nullo

942 262 1023 289 modo
1035 261 1180 289 contraria.
1199 260 1247 288 Sin
1272 267 1337 287 vero
1357 260 1480 286 neutrius
1496 258 1666 294 providentia
1683 257 1726 284 in-

942 313 1100 344 terscptum,
1111 308 1184 344 quod
1200 307 1350 339 declarant,
1372 314 1432 334 esse
1452 306 1582 338 dixerim,
1599 312 1726 332 necessa-

942 355 984 382 rio
999 354 1118 382 fatentur
1131 354 1304 381 introducere
1319 360 1348 380 se
1364 353 1464 387 aliquid
1477 353 1636 387 ingenitum,
1652 349 1726 385 quod

942 401 1068 428 neutrius
1085 400 1266 428 substantiam
1293 399 1452 434 partieipet,
1479 403 1510 425 ut
1525 398 1636 425 omnino
1658 396 1725 423 diri-

942 447 1042 475 mendo
1060 451 1167 482 separet
1187 446 1260 479 haec;
1276 451 1358 480 atque
1374 445 1411 472 ita
1428 445 1484 477 ﬁet,
1502 449 1530 471 ut
1556 444 1726 479 reperiantur

943 492 1051 520 turbam
1066 492 1247 528 ingenitorum
1267 500 1381 527 ponere,
1400 492 1445 526 qui
1459 491 1513 518 duo
1528 491 1646 526 ingenita
1665 497 1726 517 esse

943 540 1078 566 dixerunt.

979 596 1105 624 Attamen
1121 596 1172 623 hoc
1191 596 1262 630 quod
1286 595 1476 626 disterminat,
1496 598 1521 622 et
1548 594 1725 628 interseptum

943 647 993 674 est,
1011 642 1068 670 sive
1078 649 1174 669 murus
1188 646 1246 674 est,
1271 641 1327 669 sive
1343 645 1416 668 terra
1434 641 1493 668 sine
1507 640 1649 671 domibus,
1669 639 1726 666 sire

943 688 1016 715 aliud
1042 688 1180 723 quodlibet
1202 697 1208 715 :
1238 688 1358 723 nunquid
1387 687 1485 714 alicubi
1512 686 1621 721 quidem
1646 685 1727 712 habet

944 734 1042 766 basim,
1054 734 1153 762 alicubi
1168 741 1234 762 vero
1251 734 1379 762 culmen?
1392 734 1474 768 Atqui
1488 733 1660 768 perspicuum
1674 735 1726 763 est,

943 781 1014 808 infra
1031 780 1140 816 quidem
1157 780 1256 808 habere
1277 780 1362 807 basim
1377 789 1382 806 :
1402 779 1448 807 sed
1465 779 1522 810 ubi,
1540 783 1567 806 et
1581 778 1728 814 quantam?

89 823 139 849 Τὸ
164 823 218 858 γὰρ
241 822 296 849 ἄνω
323 823 368 848 καὶ
387 822 462 849 κάτω
485 822 666 858 δημιουργίας
688 821 817 857 ὀνόματα,
841 822 892 856 πρὸ

946 826 1035 861 Supra
1051 834 1117 854 vero
1131 826 1249 859 culmen,
1265 825 1310 853 sed
1327 826 1393 857 ubi,
1423 830 1450 852 et
1465 825 1612 860 quantum?
1640 824 1727 859 Supra

87 868 303 904 δημιουργίαςο
317 868 357 895 δεῖ
372 868 462 904 μέντοι
484 869 529 894 καί
551 868 696 903 βαθύτερον
717 868 763 894 καὶ
792 867 892 902 ὑψηλό-

89 923 183 951 τερον
195 913 263 942 εἷναι
274 914 304 941 τὺ
322 914 446 950 μεθόριον
458 914 509 949 τῆς
521 914 575 941 τῶν
590 915 778 950 χωριζομένων
789 914 891 946 οὐσίας·

90 961 149 988 ἶνα
173 961 210 997 μὴ
231 961 354 988 κάτωθεν
377 960 393 996 ἢ
416 960 517 987 ἄνωθεν
541 960 675 995 ὲλλεῖψαν,
697 961 812 996 πάροδον
837 962 894 992 τοῖς

93 1006 236 1038 ἐναντίοις
249 1006 377 1041 παράσχῃ
398 1006 465 1041 πρὸς
481 1005 592 1041 ἄλληλα.
607 1007 638 1032 Εἰ
648 1006 676 1032 δὲ
693 1007 756 1041 σκιᾷ
768 1007 814 1033 καὶ
827 1006 893 1042 ἡλίῳ

94 1052 305 1097 παραϐάλλοιεν
322 1052 336 1078 ὃ
349 1051 459 1079 καλοῦσι
482 1051 614 1087 μεθόριον,
631 1051 766 1087 οἰήσονται
783 1052 841 1087 μὲν,
857 1051 894 1083 ὡς

93 1098 182 1125 οὐδὲν
199 1099 368 1125 ἐπικοινωνεῖ
390 1097 428 1132 τῷ
446 1097 513 1133 ἡλίῳ
534 1099 551 1132 ἡ
571 1097 643 1128 σκιὰ,
662 1097 894 1133 διελεγχθήσονται

93 1145 131 1171 δὲ
156 1144 282 1180 χαλεπῶς
305 1144 373 1179 πρὸς
395 1143 442 1170 τοῦ
468 1143 606 1175 Μάνεντος
628 1144 812 1178 ἠπατημένοι·
831 1144 895 1169 σκιὰ

95 1191 160 1227 γὰρ
178 1191 254 1227 ἡλίου
277 1190 402 1226 κοινωνίᾳ
424 1190 472 1218 καὶ
492 1190 525 1217 δι’
556 1189 615 1216 ὂλου
640 1189 777 1224 παρουσίᾳ
797 1189 894 1223 γένοιτ’

96 1237 149 1268 ἂν,
166 1237 249 1271 ὄγκου
267 1237 338 1268 τινὸς
351 1237 492 1272 ἀνέχοντος
505 1237 533 1262 ὲν
550 1235 625 1271 μέσῳ
640 1235 686 1261 καὶ
702 1234 769 1270 πρὸς
784 1234 894 1269 θάτερον

98 1284 191 1319 μέρος
202 1284 287 1319 αὐτὴν
302 1283 547 1318 παραπέμποντος·
570 1282 617 1308 καὶ
640 1281 702 1307 σκιὰ
715 1280 758 1315 εἴη
772 1279 803 1306 ἂν
819 1280 894 1306 οὐδὲν

95 1331 209 1366 ἕτερον,
227 1331 243 1366 ἢ
259 1330 407 1365 τεκμήριον
419 1328 516 1363 φωτὸς,
533 1328 578 1354 διά
592 1336 664 1358 τινος
679 1325 894 1362 παρεγκειμένου

98 1376 233 1410 σώματος
247 1374 459 1411 ὲμποδιζομένου
469 1383 476 1389 ·
490 1374 551 1400 ἐπεί
565 1382 605 1400 τοι
618 1373 705 1407 φωτὸς
720 1374 748 1399 ὲν
764 1374 841 1400 νυκτὶ
858 1374 894 1409 μὴ

97 1421 250 1458 παρόντος,
277 1420 331 1447 οὐδ’
350 1419 382 1448 ἂν
408 1419 472 1446 σκιὰ
497 1419 596 1455 μερικὴ
621 1420 733 1454 γένοιτο.
756 1420 815 1456 Ἆρ’
837 1419 893 1452 οὖν,

98 1467 157 1502 ὅπη
176 1465 249 1498 σκιά,
271 1467 330 1492 ἐκεῖ
356 1465 432 1500 φῶς·
458 1464 492 1491 τὰ
513 1464 567 1500 γὰρ
592 1465 719 1491 ἐπέκεινα
737 1465 786 1500 τῆς
804 1467 892 1499 σκιᾶς,

99 1513 176 1548 φωτὶ
197 1512 419 1547 καταλάμπεται·
443 1510 512 1546 πλὴν
528 1512 552 1537 εί
567 1512 603 1546 μή
617 1519 649 1545 γε
662 1511 693 1537 τὸ
709 1511 819 1543 σκιάζον
833 1512 895 1546 ὕψει

97 1560 132 1586 τδ
149 1559 267 1593 φωτίζον
283 1557 442 1593 παμπληθεὶ
467 1557 642 1592 ὑπερῦαίνει’
667 1557 718 1584 κᾶν
740 1557 777 1593 μὴ
800 1558 830 1584 τὸ
851 1567 897 1592 γε-

98 1606 240 1634 λοιότατον
260 1605 348 1640 τεῖχος
371 1603 409 1640 τῷ
434 1603 580 1640 παραλόγῳ
602 1603 683 1639 τεθῇ,
703 1604 760 1639 φῶς
776 1606 804 1631 ἐν
827 1605 896 1639 φωτὶ

98 1651 269 1687 διαιτωμένη
281 1651 430 1686 φανήσεται
444 1651 461 1685 ή
483 1649 578 1676 κακία,
595 1649 655 1681 Πῶς
674 1650 728 1685 γὰρ
744 1650 776 1677 ἂν
792 1651 895 1685 γένοιτο

100 1698 181 1731 σκιὰ,
196 1698 243 1724 τοῦ
253 1697 340 1732 φωτὸς
360 1697 392 1724 δι’
404 1697 465 1723 ὅλου
484 1695 555 1723 κατὰ
568 1695 619 1731 τῆς
635 1695 701 1731 ὖλης
717 1696 803 1729 όντος,
818 1698 842 1723 εἰ
858 1698 894 1733 μή

99 1756 129 1773 τι
150 1746 180 1771 ὲν
200 1745 276 1780 μέσῳ
291 1753 322 1777 γε
341 1744 442 1779 ἀνέχοι,
465 1743 512 1770 καὶ
533 1743 675 1769 ἀωκλεῖον
691 1743 725 1769 δι’
742 1743 802 1770 ὅλου
825 1745 897 1770 ποιοῖ

100 1791 213 1826 αὑτήν;
246 1787 275 1817 οὗ
304 1790 340 1825 μὴ
367 1790 405 1824 (ὁ)
434 1787 671 1823 παρεγκειμένου,
703 1789 749 1815 καὶ
773 1788 897 1815 πλεῖστον

100 1838 168 1863 ὅσον
182 1836 331 1871 ἀνέχοντος,
344 1835 432 1862 κοινὸν
453 1834 545 1866 άῐδίως
564 1833 639 1860 ἔσται
654 1834 700 1861 καὶ
711 1835 746 1870 τῇ
770 1835 853 1870 κακίᾳ
867 1834 896 1861 τὸ

100 1891 176 1918 φως.

943 873 1014 900 enim
1029 876 1056 899 et
1068 872 1139 899 infra
1152 871 1263 899 nomina
1275 871 1464 899 fabricationis
1479 871 1589 903 mundi,
1610 874 1672 897 ante
1688 870 1726 897 fa-

943 918 1121 946 bricationem
1139 923 1203 946 sunt
1217 918 1291 954 apud
1314 919 1381 946 istos
1398 927 1404 944 :
1428 917 1501 952 atqui
1517 920 1623 951 oportet
1644 917 1725 944 etiam

944 964 1121 999 interseptum
1134 964 1299 999 profundius
1314 967 1340 990 et
1356 963 1438 990 altius
1453 970 1514 990 esse
1528 969 1608 996 quam
1621 969 1653 990 ea
1667 969 1727 996 quze

943 1010 1188 1044 disterminantur;
1203 1017 1237 1037 ne
1252 1010 1275 1037 si
1300 1009 1366 1044 quid
1390 1017 1422 1036 ex
1442 1012 1518 1044 parte
1535 1007 1657 1035 inferiori
1680 1011 1727 1034 aut

944 1057 1086 1091 superiore
1105 1055 1229 1088 deﬁciat,
1254 1055 1356 1082 aditum
1382 1055 1526 1082 contrariis
1544 1053 1676 1088 praebeat,
1696 1057 1727 1079 ut

945 1102 1026 1130 simul
1037 1102 1102 1130 sint.
1120 1101 1148 1129 Si
1161 1107 1250 1129 autem
1265 1109 1326 1128 cum
1342 1101 1440 1128 umbra
1457 1104 1484 1131 ω
1500 1101 1555 1127 sole
1569 1103 1728 1134 comparent

945 1148 1022 1180 illud,
1029 1148 1100 1184 quod
1108 1148 1283 1183 interseptum
1290 1151 1397 1179 vocant,
1405 1146 1538 1182 putabunt
1544 1145 1652 1180 quidem
1661 1144 1727 1172 nihil

945 1194 1044 1222 habere
1059 1202 1204 1222 commune
1223 1194 1346 1221 umbram
1370 1200 1431 1220 cum
1457 1193 1532 1224 sole;
1550 1192 1727 1219 convincelur

944 1244 1048 1272 tamen,
1077 1240 1207 1276 deceptos
1222 1247 1284 1268 esse
1314 1247 1361 1267 eos
1385 1239 1500 1274 turpiter
1522 1246 1536 1265 a
1555 1237 1725 1266 Manichaeo:

944 1287 1040 1314 umbra
1056 1287 1128 1315 enim
1151 1287 1345 1314 communione
1367 1286 1433 1314 solis
1452 1289 1479 1313 et
1503 1284 1647 1320 prtesentia
1668 1284 1725 1311 ﬁeri

945 1333 1014 1360 solet
1028 1332 1097 1360 mole
1111 1332 1228 1367 quadam
1250 1332 1421 1367 interposita,
1432 1339 1492 1366 qua:
1507 1331 1727 1358 communionem

945 1383 971 1407 et
986 1380 1157 1414 praesentiam
1175 1379 1241 1406 solis
1266 1379 1298 1406 ad
1325 1379 1436 1405 alteram
1463 1382 1569 1413 partem
1587 1377 1728 1404 transmit-

945 1425 994 1457 tit;
1011 1425 1132 1459 nihilque
1156 1424 1230 1451 aliud
1248 1424 1345 1451 umbra
1365 1427 1511 1458 est.quam
1541 1422 1671 1450 indicium
1687 1422 1729 1448 lu-

945 1471 1027 1498 minis
1046 1478 1162 1505 corpore
1174 1472 1300 1505 quopiam
1322 1463 1466 1503 interject'o
1480 1468 1622 1504 impediti:
1649 1472 1729 1495 nocte

909 1527 930 1556 ο
947 1517 1031 1548 enim,
1048 1524 1110 1543 eum
1127 1524 1180 1543 non
1195 1516 1271 1543 adest
1289 1516 1389 1549 lumen,
1405 1522 1454 1543 nec
1471 1522 1534 1550 pars
1551 1515 1653 1541 umbra:
1668 1521 1729 1541 esse

947 1564 1045 1594 potest.
1063 1559 1113 1586 Ubi
1129 1559 1210 1594 igitur
1225 1559 1320 1587 umbra
1337 1565 1389 1591 est,
1403 1559 1440 1586 ibi
1457 1559 1565 1591 lumen;
1582 1566 1642 1593 quae
1656 1558 1729 1585 enim

947 1606 1016 1632 ultra
1033 1605 1156 1632 umbram
1180 1609 1253 1638 sunt,
1269 1606 1370 1632 lumine
1385 1605 1530 1637 collucent,
1548 1609 1729 1639 praeterquam

947 1659 1009 1679 cum
1026 1652 1051 1679 id
1065 1653 1141 1687 quod
1153 1652 1274 1680 umbram
1302 1652 1384 1684 facit,
1410 1651 1495 1678 multa
1510 1651 1667 1678 altitudine“
1684 1659 1730 1678 su-

947 1701 1024 1732 perat
1038 1697 1064 1724 id
1079 1697 1152 1732 quod
1167 1697 1302 1724 illuminat
1315 1707 1323 1731 ;
1339 1701 1366 1724 et
1381 1697 1481 1724 malum
1505 1697 1531 1724 in
1553 1697 1655 1724 lumine
1678 1696 1728 1724 ha-

945 1742 1035 1770 bitans
1052 1743 1142 1770 lumen
1158 1750 1219 1771 esse
1231 1743 1381 1779 apparebit,
1397 1743 1451 1771 nisi
1478 1750 1586 1770 murum
1612 1742 1729 1770 maxime

945 1788 1091 1816 ridiculum
1107 1790 1224 1824 positum
1241 1790 1350 1817 habent.
1377 1789 1519 1823 Quomodo
1534 1790 1606 1817 enim
1633 1789 1730 1816 umbra

945 1842 1007 1862 esse
1025 1837 1126 1870 poterit
1150 1836 1252 1864 lumine
1277 1837 1419 1864 materiam
1442 1844 1476 1863 ex
1488 1835 1561 1862 omni
1578 1839 1656 1870 parte
1670 1835 1729 1862 col-

947 1881 1091 1914 lustrante,
1109 1882 1162 1909 nisi
1181 1882 1245 1917 quid
1268 1883 1295 1909 in
1316 1882 1403 1909 medio
1425 1881 1577 1917 prohibeat,
1595 1886 1621 1909 et
1637 1881 1729 1908 lumen

99 1928 219 1955 omnino
257 1928 291 1955 ab
313 1935 345 1955 ea
379 1928 527 1956 excludens
549 1928 673 1954 umbram
701 1926 824 1954 elIiciat?‘
841 1925 869 1953 ln
890 1927 993 1955 lumine
1024 1937 1078 1955 non
1102 1929 1237 1956 videbitur
1261 1930 1385 1964 posuisse
1406 1936 1454 1964 pro
1493 1936 1572 1956 murc
1598 1928 1729 1961 ridiculo;

100 1976 181 2012 quod
201 1976 391 2010 interpositum
408 1975 430 2004 si
445 1983 500 2003 non
532 1976 579 2007 sit,
606 1979 633 2002 et
661 1982 742 2010 quam
760 1974 877 2012 maxime
907 1974 1099 2008 disterminet,
1130 1980 1257 2012 perpetua
1289 1977 1341 2003 erit
1365 1976 1547 2005 communitas
1574 1976 1646 2003 malo
1667 1982 1729 2003 cum

100 2024 221 2054 lumine.

143 2081 225 2115 Αὖθις
246 2083 276 2110 τὸ
300 2083 483 2119 μεσημϐρινὸν
506 2085 586 2120 μέρος
607 2086 639 2120 τῇ
665 2084 748 2120 κακίᾳ
769 2085 894 2118 διδόντες,

100 2131 144 2161 ὡς
159 2129 226 2165 ὄναρ
237 2131 286 2164 τῆς
302 2129 480 2164 δημιουργίας
503 2129 698 2166 διαγράφουσι·
717 2130 768 2157 ποῦ
793 2131 847 2166 γὰρ
862 2129 896 2166 ἦν

102 2175 265 2212 μεσημϐρία
289 2175 342 2210 πρὸ
364 2175 554 2212 μεσημϐρίαςς
576 2176 748 2212 Ἀτιμότερος
767 2177 795 2203 δὲ
815 2177 896 2209 τόπος

100 2222 184 2253 ἄλλος
200 2221 279 2249 ἄλλου
297 2222 346 2256 τῆς
364 2221 542 2257 δημιουργίας
554 2222 603 2248 οὐχ
619 2222 781 2256 ἂνγένοιτο·
800 2225 831 2250 τὸ
844 2225 897 2260 γὰρ

101 2267 243 2302 εὐώνυμον
255 2267 352 2302 ὁρῶντι
367 2267 435 2302 πρὸς
452 2266 537 2298 δύσιν,
551 2267 635 2300 δεξιὸν
649 2265 725 2298 αὖθις
742 2267 895 2304 εὑρίσκεται

100 2314 174 2349 πρὸς
199 2312 330 2344 ἀνατολὰς
357 2312 446 2339 ἰδόντι.
470 2312 548 2338 Ἀλλὰ
578 2312 689 2348 πλείστη
715 2313 763 2348 μὲν
778 2315 794 2348 ἡ
819 2314 894 2340 τοῦδε

99 2359 151 2387 τοῦ
170 2358 335 2396 βαρόαρικοῦ
349 2358 481 2394 δόγματος
496 2359 611 2385 ἀτοπία·
628 2358 674 2385 δύο
688 2358 742 2394 γὰρ
760 2359 828 2391 ὅλως
844 2361 895 2395 ἀρ-

101 2407 161 2442 χαὶ,
177 2405 234 2437 πῶς
249 2405 282 2432 ἂν
301 2403 366 2437 εἷεν,
379 2405 396 2440 ἢ
414 2404 537 2440 κληθεῖεν
552 2405 649 2441 ἀρχαί;
667 2405 737 2441 ἀρχὴ
752 2405 805 2441 γάρ
820 2407 894 2432 ἐστιν

100 2453 119 2487 ἦ
130 2461 161 2478 τε
174 2451 228 2478 τῶν
242 2451 309 2478 ὅλων
321 2451 494 2486 πρεσϐυτέρα
512 2451 558 2477 καὶ
574 2451 626 2477 τῶν
638 2451 763 2478 ἁπάντων
780 2451 893 2486 κρατοῦ-

100 2506 137 2524 σα
148 2506 154 2512 ·
172 2494 210 2524 ὧν
226 2498 364 2533 οὐδέτερον
380 2498 525 2533 ὑπάρξειεν
540 2498 573 2524 ἂν
588 2498 729 2534 οὐδετέρῳ.
754 2497 892 2534 Σύγχρονα

101 2543 158 2578 γὰρ
186 2543 270 2578 ἄμξρω
291 2543 336 2569 καὶ
355 2543 548 2578 συναγέννητα,
568 2543 631 2570 ὄντα
650 2543 694 2570 τὸν
722 2543 769 2569 τοῦ
796 2552 892 2579 προτε-

104 2589 195 2624 ρεύειν
209 2588 331 2624 ἀλλήλοις
349 2588 498 2624 διαφθείρει
513 2588 600 2622 λόγον.
622 2589 700 2615 Ἀλλὰ
715 2590 761 2616 καὶ
778 2590 826 2624 τῆς
842 2591 891 2625 ἁρ-

91 2636 183 2670 ·χικῆ;
209 2633 329 2666 ἐξουσίας
352 2634 382 2660 οὐ
411 2633 490 2668 μόνον
517 2633 638 2669 ἀλλήλων
665 2634 702 2666 ὡς
728 2635 835 2661 ἐναντία
860 2644 891 2669 γε

101 2680 189 2707 ταῦτα
215 2679 381 2715 ἐξῃρημένα.
405 2679 472 2705 ἀλλὰ
494 2679 540 2705 καὶ
562 2679 640 2713 φύσει
663 2680 813 2715 μαχόμενα,
833 2680 891 2712 πῶς

103 2727 136 2753 ἂν
148 2726 220 2762 ἔχειν
235 2726 321 2753 διόλου
337 2726 366 2752 τὺ
385 2726 476 2761 ἄρχειν
494 2725 632 2761 νομισθείη
647 2735 652 2758 ς
669 2727 699 2753 Et
721 2727 809 2755 τοίνυν
827 2727 892 2762 μηδ-

986 2085 1093 2112 Rursus
1105 2104 1112 2116 ,
1134 2083 1312 2111 meridianam
1329 2087 1435 2119 partem
1460 2085 1532 2111 malo
1561 2085 1710 2112 tribuentes
1723 2104 1729 2116 ,

949 2131 1085 2159 somnium
1104 2130 1215 2158 fabrica:
1231 2129 1412 2157 describunt:
1431 2129 1478 2157 ubi
1498 2130 1570 2157 enim
1588 2134 1647 2157 erat
1672 2137 1730 2158 me-

949 2178 1032 2206 ridies
1047 2181 1110 2205 ante
1126 2177 1288 2204 meridiem?
1312 2176 1400 2204 Locus
1419 2180 1508 2204 autem
1527 2177 1555 2205 in
1578 2176 1671 2203 mutuli
1691 2175 1731 2202 fa-

949 2221 1024 2251 brica
1039 2223 1108 2252 alius
1123 2223 1176 2250 alio
1191 2223 1379 2250 inhonoratior
1392 2231 1445 2250 non
1461 2227 1550 2257 potest
1564 2229 1623 2249 esse
1636 2230 1643 2249 :
1658 2221 1730 2256 quod

949 2271 1022 2297 enim
1038 2269 1073 2299 ad
1091 2270 1184 2297 laevam
1200 2273 1242 2296 est
1258 2269 1284 2296 in
1297 2276 1425 2296 oceasum
1447 2268 1599 2304 aspicienti,
1614 2268 1646 2295 ad
1662 2268 1729 2295 dex-

945 2319 1017 2343 tram
1035 2323 1131 2344 rursus
1142 2321 1183 2342 est
1196 2315 1338 2350 aspicienti
1361 2315 1387 2341 in
1409 2315 1553 2342 orientem.
1570 2313 1668 2341 Verum
1683 2314 1731 2341 ab-

948 2362 1140 2389 surdissimum
1154 2366 1194 2388 est
1213 2361 1263 2387 hoc
1279 2360 1451 2387 barbaricum
1467 2359 1581 2395 dogma;
1593 2359 1647 2386 duo
1657 2360 1729 2387 enim

947 2414 1060 2441 prorsus
1080 2405 1210 2440 principia
1227 2403 1363 2439 quomodo
1380 2404 1514 2438 principia
1529 2404 1583 2431 sint
1596 2424 1603 2436 ,
1620 2408 1666 2429 aut
1683 2410 1730 2437 ap-

947 2452 1100 2488 pellentur?
1115 2451 1248 2487 siquidem
1265 2451 1430 2485 principium
1447 2454 1499 2481 est,
1516 2449 1587 2484 quod
1604 2448 1731 2476 omnibus

945 2502 987 2526 est
998 2498 1148 2533 antiquius,
1162 2501 1189 2524 et
1201 2497 1322 2523 omnium
1350 2499 1421 2523 tenet
1441 2495 1623 2530 principatum
1639 2499 1666 2522 et
1680 2494 1731 2520 iiu-

945 2545 1050 2580 perium
1064 2553 1071 2577 ;
1093 2551 1209 2579 quorum
1235 2548 1362 2570 neutrum
1379 2542 1406 2568 in
1423 2545 1520 2569 neutro
1537 2541 1652 2568 duorum
1670 2549 1732 2568 esse

947 2595 1045 2626 potest.
1063 2590 1130 2618 Esse
1151 2591 1224 2618 enim
1240 2590 1321 2617 ambo
1347 2589 1467 2623 ejusdem
1486 2589 1618 2623 temporis
1635 2591 1662 2615 et
1684 2595 1732 2614 co-

945 2640 1037 2672 gnata,
1053 2637 1184 2664 rationem
1199 2643 1293 2664 eorum
1317 2636 1387 2663 inter
1404 2643 1432 2663 se
1447 2635 1618 2670 principatus
1635 2639 1661 2661 et
1683 2641 1731 2660 ex-

946 2680 1078 2708 cellentiae
1092 2681 1172 2708 tollit.
1191 2681 1247 2708 lmo
1262 2688 1321 2716 qua:
1342 2688 1396 2707 non
1424 2679 1510 2707 solum
1538 2686 1552 2704 a
1577 2677 1729 2712 principatu

947 2725 1089 2762 potestatis
1112 2727 1182 2754 inter
1207 2734 1236 2754 se
1253 2727 1336 2754 libera
1355 2730 1435 2759 sunt,
1462 2729 1554 2760 utpote
1571 2723 1709 2751 contraria
1723 2743 1729 2753 ,

140 2817 179 2850 (ι)
196 2815 236 2844 0}
248 2817 300 2852 μή.
318 2817 414 2844 Deessv
431 2817 473 2845 hic
499 2818 598 2851 aliquid
628 2817 731 2844 titletur
750 2826 780 2845 ex
805 2818 959 2852 interprete.
