1900 3070
198 130 268 158 1079

779 131 847 159 TITI
868 131 1085 160 BOSTRENSlS
1099 132 1251 161 EPISCOPI

1754 134 1772 158 Ἰ
1779 133 1825 159 ῧὸἢ

195 189 244 216 sed
272 193 368 217 natura
395 192 532 224 pugnant;
559 189 697 224 quomodo
725 190 847 230 cogitari.
867 196 983 226 possunt

1040 194 1120 228 ετέρῳ
1143 191 1244 218 τούτων
1272 190 1432 223 διασώζεται
1458 191 1506 226 τῆς
1529 190 1616 226 ἀρχῆς
1633 191 1648 217 ὁ
1666 187 1756 223 λόγος,
1773 191 1826 219 πιίς

196 234 296 262 habere
311 233 424 261 omnino
434 235 637 270 principatum?
653 235 757 268 Quodsi
769 237 839 264 ratio
849 238 985 272 principa-

196 283 241 306 tus
257 282 385 306 neutrum
416 279 514 306 horum
540 280 678 308 incolume
706 286 816 313 servat,
846 283 984 312 quomodo

195 324 328 359 principia
347 325 517 352 vocabuntur
530 325 542 351 ?

1038 239 1070 265 ἂν
1084 239 1167 274 ἁρχαὶ
1183 238 1304 273 κληθεῖεν

665 382 729 411 CAP.
755 383 820 410 Vili.
840 384 917 412 i'latio
935 385 987 413 duo
999 385 1131 420 principia
1145 392 1195 411 non
1209 383 1335 411 admittit.

231 442 374 474 Quomodo
396 443 517 469 rationes
539 443 678 469 naturales
697 443 852 476 admittent,
879 448 907 470 ut
929 445 985 472 sint

196 489 249 515 duo
268 489 419 516 secundum
444 489 627 515 substantiam
651 490 801 522 contraria,
826 490 872 517 ubi
896 490 984 524 primo

195 535 305 569 quidem
325 541 424 561 nomen
441 535 601 562 substantia1
619 542 764 563 commune
778 539 820 563 est
837 536 984 570 utriSque?

195 580 317 607 Primum
330 581 425 616 igitur,
442 586 579 615 quatenus
595 587 741 616 utrumque
760 582 914 609 substantia
929 587 982 615 est,

195 626 374 660 perspicuum
396 631 448 656 cst.
474 627 621 654 convenire
636 628 708 654 inter
731 635 770 658 se,
800 632 827 654 et
850 636 904 655 non
922 636 984 656 esse

195 672 344 698 contraria.
371 671 472 698 Deinde
497 673 576 699 ambo
599 676 663 699 sunt
687 672 826 704 animalia,
851 678 982 708 praeterea

195 717 337 751 zequaliter
350 717 480 752 ingenita.
497 718 616 751 Quorum
633 722 722 744 autem
739 718 833 745 eadem
857 725 919 746 sunt
934 727 984 746 no-

195 763 282 794 mina,
302 766 329 790 et
344 763 437 790 eadem
458 763 616 798 descriptio,
638 764 734 790 horum
749 764 901 791 substantia
916 773 984 800 quo-

195 808 278 834 modo
290 809 428 835 contraria
446 813 493 836 aut
510 817 634 844 pugnans
648 817 709 836 esse
721 811 829 844 potest?
844 809 983 845 Siquidem

197 855 307 881 nomina
334 862 378 882 res
402 855 558 890 signiﬁcant
574 856 693 883 :dicitur
717 857 789 884 enim
808 857 841 884 de
862 864 986 891 unoquo-

197 907 249 934 que
262 900 335 933 quod
354 901 567 936 unumquodque
581 905 633 933 est,
653 905 682 928 ut
698 909 759 929 esse
775 905 875 935 potest.
893 900 985 935 Itaque

197 944 390 978 cognoscimus
417 945 470 971 vim
498 945 640 972 nominum
661 952 723 973 esse
750 953 805 972 res.
834 945 985 979 Utrumque

197 991 281 1024 igitur
291 998 385 1018 eorum
406 999 466 1026 qua:
480 991 646 1018 Manichacus
661 992 800 1018 contraria
816 995 903 1026 putat,
921 991 986 1019 sub-

197 1036 299 1063 stantia
313 1037 407 1063 vivens
422 1041 449 1063 et
465 1037 585 1071 ingenita
609 1037 781 1070 nominatur;
798 1036 985 1063 manifestum-

196 1090 249 1116 que
265 1086 317 1112 est.
333 1090 394 1109 cum
409 1083 471 1109 talis
484 1090 561 1109 error
576 1082 739 1117 principium
753 1083 835 1109 ducat
851 1090 866 1109 a
887 1082 986 1109 barba-

196 1129 245 1159 ris.
261 1136 322 1156 esse
335 1129 417 1155 etiam
434 1128 505 1163 apud
520 1136 570 1155 eos
582 1129 717 1156 sublatam
732 1129 917 1156 communium
935 1135 985 1155 no-

196 1173 303 1201 tionum
335 1174 559 1201 consecutionem
577 1183 583 1202 :
599 1175 706 1210 integra
729 1175 802 1202 enim
831 1178 913 1209 atque
940 1181 983 1201 ea-

196 1220 258 1246 dem
280 1223 324 1247 est
342 1220 485 1254 utriusque
505 1227 537 1246 ex
557 1227 635 1255 aquo
659 1220 818 1255 descriptio,
845 1228 905 1255 qua:
928 1227 983 1246 non

196 1265 278 1292 modo
289 1272 396 1293 omnem
413 1266 615 1293 contrariorum
636 1267 819 1301 suspicionem
836 1266 920 1301 ejicit.
938 1265 985 1294 sed

196 1318 286 1345 neque
300 1311 483 1338 diil'ercntiam
505 1313 586 1339 ullam
604 1313 631 1339 in
647 1312 680 1339 iis
696 1320 756 1347 qua:
768 1312 910 1340 nominant
925 1320 987 1340 esse

196 1357 340 1391 permittit.

1071 444 1133 475 Πῶς
1152 444 1174 470 δ’
1199 443 1231 470 ἂν
1245 444 1268 469 οἱ
1302 442 1410 476 φυσικοὶ
1433 441 1557 476 λογισμοὶ
1581 440 1775 477 παραδέξαιντ*
1795 441 1826 467 ἂν

1036 491 1168 525 ὑπάρχειν
1196 490 1304 516 ἐναντία
1316 489 1362 515 δύο
1385 489 1443 515 κατ’
1466 488 1569 519 οὐσίαν,
1587 488 1655 513 ὅπου
1670 495 1703 521 γε
1720 487 1826 522 πρῶτον

1037 537 1086 571 μὲν
1104 535 1134 561 τὸ
1155 535 1204 570 τῆς
1218 535 1311 566 οὐσίας
1339 535 1504 570 ἀμφοτέροις
1518 534 1602 568 ὄνομα
1626 533 1732 563 κοινόν;
1754 533 1826 559 K103i-

1035 580 1125 606 τοίνυν
1141 580 1246 614 πρῶτον
1259 580 1389 614 ἑκάτερον
1402 579 1491 608 οὐσία.
1510 579 1598 613 δῆλον,
1608 578 1646 609 ὡς
1661 578 1825 613 ὁμονοοῦντα

1037 626 1083 652 καὶ
1099 627 1148 652 οὐκ
1163 626 1287 652 ἐναντία·
1300 625 1393 652 ἔπειτα
1412 625 1469 657 ζῶα
1484 626 1579 660 ἄμφω·
1596 624 1664 659 πρὸς
1682 624 1711 650 δὲ
1724 624 1826 655 τούτοις

1036 672 1133 707 ἐπίσης
1148 673 1290 707 ἀγέννητοι.
1310 669 1358 698 Ὧν
1373 671 1400 698 δὲ
1417 671 1451 697 τὰ
1468 670 1536 697 αὐτὰ
1549 671 1680 705 ὀνόματα,
1699 671 1745 696 καὶ
1760 671 1825 706 αὐτὴ

1037 718 1194 753 ὑπογραφὴ,
1214 718 1315 743 τούτων
1338 716 1396 747 πῶς
1411 718 1426 751 ὴ
1441 716 1520 742 οὐσία
1538 716 1680 751 μαχομένη
1693 716 1740 742 καὶ
1752 717 1826 742 ἐναν-

1036 765 1098 796 τία;
1120 764 1241 797 καίτοιγε
1257 764 1289 790 τὰ
1306 763 1426 797 ὀνόματα
1442 762 1495 789 τῶν
1520 762 1690 798 πραγμάτων
1703 763 1762 788 ἐστὶ
1778 771 1825 798 ση-

1039 811 1168 846 μαντικ5ι“
1183 811 1329 845 κατηγορεῖ
1339 809 1393 844 γὰρ
1404 808 1518 834 ἑκάστου
1532 808 1561 834 τὸ
1574 808 1600 834 τί
1613 809 1687 834 ἐστιν
1700 807 1823 838 ἕκαςτον,

1002 865 1022 891 Β
1037 857 1074 888 ὡς
1101 857 1250 891 ἐνδέχεται·
1267 855 1434 891 γνωρίζομεν
1457 856 1556 885 τοίνυν,
1585 855 1623 886 ὡς
1639 854 1756 889 δύναμις
1772 856 1826 886 τοῖς

1035 903 1148 938 ὀνόμασι
1162 902 1195 929 τὰ
1217 902 1375 937 πράγματα.
1396 902 1456 937 Ἆρ’
1474 899 1519 928 οὖν
1535 901 1666 936 ἑκάτερον
1683 900 1738 927 τῶν
1753 900 1826 936 παρὰ

1034 949 1073 984 τῷ
1089 949 1207 976 Μάνεντι
1221 945 1404 983 νομιζομένην)
1419 948 1547 974 ἐναντίων
1560 947 1638 973 οὐσία
1650 946 1727 978 ζῶσά
1736 955 1764 972 τε
1780 946 1825 973 καὶ

1036 995 1181 1029 ἁγέννητος
1197 995 1358 1029 ὀνομάζεται
1369 1003 1375 1008 ·
1388 993 1508 1028 εὔδηλον,
1526 993 1563 1025 ὡς
1573 994 1605 1019 ἐκ
1617 992 1765 1028 βαρϐάρων
1778 992 1824 1026 τὴν

1036 1042 1122 1078 ἀρχὴν
1144 1042 1194 1076 τῆς
1223 1041 1350 1076 τοιαύτης
1377 1040 1512 1076 λαϐούσης
1535 1039 1650 1074 πλάνης,
1665 1038 1824 1073 διέςοαρςαι

1038 1088 1103 1124 παρ’
1117 1088 1209 1118 αὐτοῖς
1226 1086 1280 1112 τῶν
1296 1085 1392 1112 κοινῶν
1421 1085 1529 1111 ἐννοιῶν
1545 1086 1562 1120 ὴ
1585 1083 1732 1110 ἀκολουθία
1743 1092 1749 1098 ·
1765 1083 1826 1115 ῥλό-

1037 1133 1135 1168 κληρος
1162 1131 1217 1167 γὰρ
1233 1131 1280 1158 καὶ
1305 1131 1321 1166 ἡ
1343 1130 1411 1165 αὐτὴ
1433 1129 1530 1164 ἐπίσης
1551 1128 1681 1164 τυγχάνει
1697 1127 1825 1163 ἑκατέρου

1035 1177 1192 1213 ὑπογραφὴ,
1207 1176 1238 1203 οὐ
1254 1175 1333 1211 μόνον
1347 1175 1531 1209 ἐναντιότητος
1546 1175 1635 1201 πᾶσαν
1650 1172 1771 1207 ὑποψίαν
1785 1172 1826 1204 ἐξ·

1035 1223 1174 1259 ορίζουσα,
1205 1222 1336 1250 ἁλλόὒτε
1359 1220 1490 1256 διαφοράν
1516 1229 1576 1247 τινα
1599 1218 1782 1255 συγχωροῦσα
1798 1218 1825 1244 ιν

1036 1271 1095 1301 τοῖς
1110 1268 1319 1304 ὀνομαζομένοις
1331 1267 1476 1303 ὑπάρχειν.

501 1418 566 1445 CAP.
585 1418 630 1445 ΙΧ.
653 1417 851 1454 Principiorum
865 1420 1006 1454 qualitates
1018 1419 1168 1446 contrarian
1192 1417 1222 1444 In
1238 1417 1290 1444 Deo
1304 1416 1377 1444 nulla
1392 1416 1518 1451 qualitas.

234 1472 317 1500 Aiunt
337 1477 428 1501 autem
448 1474 591 1502 Maniclmi
613 1477 724 1503 asseclaz
743 1476 796 1503 hoc
807 1475 918 1511 quidem
939 1476 985 1503 bo-

1071 1476 1140 1502 Φασὶ
1153 1475 1180 1500 δὲ
1192 1475 1221 1501 τὸ
1233 1474 1282 1509 μὲν
1293 1473 1404 1506 ἀγαθὸν,
1420 1473 1450 1498 τὸ
1466 1471 1494 1497 δὲ
1510 1469 1605 1501 κακὸν,
1615 1468 1665 1499 τὰς
1683 1468 1825 1502 ποιότητας

198 1527 276 1551 num,
298 1520 365 1548 illud
389 1528 453 1548 vero
478 1521 756 1558 malum;qualitates
774 1522 903 1550 videlicet
922 1527 983 1551 ante

1040 1522 1117 1548 οἱονεὶ
1131 1521 1184 1556 πρὸ
1199 1519 1248 1554 τῆς
1259 1518 1351 1549 οὐσίας
1368 1516 1595 1552 ἐκλαμϐάνοντες,
1612 1515 1637 1540 ol
1655 1514 1695 1548 τῷ
1712 1513 1824 1539 Μάνεντι

199 1565 383 1601 substantiam
394 1567 586 1603 .intelligentcs
600 1579 606 1596 :
619 1569 760 1596 nominata
773 1569 846 1596 enim
857 1569 984 1596 similiter

199 1612 227 1639 in
248 1616 365 1648 utroque
379 1614 533 1642 substantia
550 1614 625 1649 (sunt
641 1615 713 1642 enim
730 1615 811 1642 ambo
830 1614 983 1642 substantia

198 1658 292 1685 vivens
317 1662 344 1686 et
371 1660 505 1696 ingenita)
538 1668 740 1696 supervacanea
770 1664 828 1692 est;
856 1660 984 1695 deinceps

199 1708 264 1732 sunt
275 1705 358 1732 veluti
374 1706 522 1740 qualitates
540 1707 686 1734 contraria»,
698 1716 704 1733 :
717 1706 769 1733 etsi
783 1706 855 1733 enim
869 1714 923 1732 non
937 1706 985 1734 de-

199 1754 243 1777 cet
258 1751 398 1779 nominare
414 1753 441 1779 in
462 1752 516 1780 Deo
530 1753 701 1787 qualitatem.
723 1760 784 1779 esse
801 1756 891 1779 tamen
908 1753 984 1788 prius

199 1796 400 1830 quodammodo
426 1801 469 1825 est
497 1798 673 1832 cogitatione,
697 1806 779 1833 quam
808 1798 888 1824 talem
907 1805 983 1831 esse;

200 1842 354 1869 substantia
375 1847 465 1871 autem
493 1844 674 1878 significatur,
705 1851 767 1870 cum
797 1843 897 1870 dicitur
920 1844 985 1871 sub~

199 1888 300 1915 stantia
322 1889 416 1916 vivens
433 1895 460 1916 et
483 1890 615 1924 ingenita.
640 1889 825 1924 Praeterquam
849 1890 871 1918 si
892 1891 984 1918 dicant

199 1935 310 1970 propria
321 1935 445 1963 accidere
463 1936 596 1963 ambobus
615 1937 764 1970 contraria,
781 1937 854 1971 quod
869 1941 910 1965 est
923 1945 984 1964 om-

199 1981 275 2009 nium
298 1982 503 2014 stultissimum,
531 1983 653 2017 ingenito
676 1982 748 2010 enim
773 1983 840 2009 nihil
868 1983 982 2015 accidit;

199 2026 244 2052 cui
255 2026 328 2052 enim
346 2034 400 2053 non
417 2027 524 2054 accidat
538 2035 610 2060 esse,
627 2027 691 2054 huic
711 2036 799 2062 neque
819 2028 910 2056 taliter
924 2036 984 2056 esse

199 2067 339 2094 acciderit.
356 2069 432 2101 Quod
451 2077 506 2096 non
520 2073 572 2102 est,
585 2078 639 2097 non
654 2071 765 2098 accidit.

234 2112 386 2146 Qualitates
406 2115 488 2149 igitur
510 2116 663 2143 contrarias
683 2116 747 2143 licet
763 2117 789 2143 in
811 2117 893 2144 rebus
909 2117 982 2143 inve-

198 2159 269 2192 nire,
285 2159 455 2188 substantias
471 2169 536 2188 vero
551 2169 722 2197 nequaquam
738 2172 744 2189 :
765 2162 855 2189 album
869 2163 940 2190 enim
957 2167 984 2190 et

198 2206 306 2241 nigrum
321 2207 458 2234 contraria
471 2212 544 2240 sunt,
556 2212 701 2244 utrumque
717 2209 744 2235 in
760 2217 874 2244 corpore
889 2209 983 2236 eadem

197 2252 368 2285 substantia;
389 2258 452 2280 sunt
468 2258 557 2281 autem
579 2255 643 2281 talia
664 2256 762 2289 partim
788 2255 923 2282 contraria
942 2254 985 2282 in—

198 2302 240 2326 ter
251 2306 292 2331 se,
309 2299 407 2334 partim
422 2308 477 2327 non
492 2301 642 2329 contraria.
660 2300 778 2328 Primum
791 2308 908 2334 namque
920 2301 984 2328 sub-

198 2348 240 2372 ter
263 2353 347 2372 unum
367 2353 452 2381 genus
480 2350 562 2380 sunt;
582 2351 697 2381 utraque
723 2347 796 2374 enim
814 2350 878 2373 sunt
897 2347 982 2373 color.

198 2391 303 2420 Deinde
321 2392 374 2419 etsi
391 2392 530 2420 contraria
552 2400 615 2420 esse
638 2391 776 2423 videntur,
794 2395 885 2418 tamen
905 2399 984 2426 aspe-

199 2441 272 2464 ctum
285 2437 362 2465 varie
370 2437 516 2470 delectant,
534 2442 660 2465 neutrum
677 2437 749 2464 enim
765 2437 874 2464 illorum
891 2437 985 2464 immo-

198 2482 339 2510 deratione
352 2483 426 2510 hunc
442 2483 563 2510 oﬂ‘endit.
578 2483 634 2510 lme
648 2483 730 2510 etiam
746 2483 833 2510 virtus
847 2487 874 2510 et
889 2481 984 2509 vitium

199 2529 227 2555 in
241 2529 350 2562 anima;
368 2533 450 2565 atque
467 2529 525 2556 hac
535 2528 645 2564 quidem
662 2528 811 2560 contraria,
829 2535 882 2555 non
896 2528 984 2555 solum

199 2575 227 2602 in
243 2575 337 2602 eadem
355 2576 522 2606 substantia,
546 2574 595 2602 sed
611 2575 638 2601 in
654 2582 709 2601 uno
727 2581 825 2609 genere
841 2573 985 2601 nominan-

200 2625 262 2648 tur:
279 2625 426 2656 utrumque
442 2621 514 2648 enim
532 2625 573 2650 est
588 2621 709 2648 habitus.
724 2627 783 2655 qua:
796 2623 926 2655 tanquam
941 2627 985 2646 ac-

199 2666 316 2694 cidentia
342 2668 435 2694 insunt
457 2668 485 2694 in
506 2668 596 2694 anima
618 2674 632 2693 a
650 2675 702 2702 qua
731 2667 827 2694 abesse
851 2670 982 2700 possunt;

200 2713 289 2741 anima
305 2713 333 2740 in
347 2721 400 2748 qua
424 2714 479 2740 haec
501 2718 575 2744 sunt.
593 2713 660 2740 alias
680 2713 758 2740 aliter
770 2712 864 2740 al'i’ecta
889 2716 915 2739 et
929 2711 984 2739 dis—

1039 1567 1228 1603 συντρέχοντες
1240 1575 1246 1581 ·
1266 1565 1317 1600 τῆς
1336 1564 1390 1599 γὰρ
1409 1563 1500 1594 οὐσίας
1522 1561 1622 1596 ὁμοίως
1637 1561 1680 1594 ἐφ’
1699 1559 1824 1595 ἑκατέρου

1037 1611 1240 1647 ὀνομαζομένης
1269 1609 1364 1645 (οὐσία.
1388 1608 1442 1642 γὰρ
1466 1606 1542 1638 ζῶσὰ
1556 1615 1585 1632 τε
1615 1605 1662 1632 καὶ
1681 1605 1824 1639 ἀγέννητος

1037 1657 1148 1692 ἄμφω),
1160 1655 1273 1691 περιττὴ
1291 1654 1382 1680 λοιπὸν
1397 1655 1446 1688 τῆς
1459 1652 1538 1679 οἱονεὶ
1554 1650 1696 1686 ποιότητος
1713 1650 1730 1684 ή
1755 1649 1825 1675 ἐπαν-

1038 1702 1202 1737 τιότης<4⁶)·
1213 1702 1237 1727 εί
1253 1701 1307 1736 γὰρ
1318 1700 1364 1726 καὶ
1380 1700 1416 1735 μὴ
1432 1698 1546 1734 ἁρμόζει
1563 1695 1687 1723 ὲπὶΘεοῦ
1699 1695 1825 1729 ποιότητα

1037 1749 1188 1784 ὀνομάζειν,
1215 1747 1282 1774 ἀλλά
1295 1754 1327 1779 γε
1346 1747 1379 1781 τῇ
1403 1745 1492 1780 ἐννοίᾳ
1516 1743 1615 1778 τρόπον
1634 1742 1696 1768 τινὰ
1715 1741 1745 1768 τὸ
1761 1739 1826 1766 εἶναι

1037 1795 1084 1822 τοῦ
1096 1793 1195 1820 τοιόνδε
1210 1791 1279 1819 εἶναι
1300 1791 1473 1826 προτερεύει·
1486 1790 1524 1816 τὸ·
1536 1789 1563 1815 δὲ
1577 1786 1645 1814 εἶναι
1664 1787 1824 1821 σημαίνεται

1037 1840 1087 1874 τῷ,
1117 1839 1196 1865 οὐσία.
1218 1837 1293 1869 ζῶσά
1321 1845 1350 1862 τε
1382 1836 1428 1862 καὶ
1456 1835 1612 1869 ἁγέννητος.
1642 1832 1718 1868 Πλὴν
1743 1832 1768 1858 εί
1789 1832 1825 1866 μὴ

1038 1886 1090 1912 ἴδια
1111 1886 1188 1920 φαῖεν
1211 1883 1394 1918 ὲπισυμϐῆναι
1409 1882 1444 1908 τὰ
1460 1881 1566 1907 ὲναντία
1587 1880 1744 1915 ἑκατέροις,
1761 1879 1826 1913 ὅπερ

1037 1933 1095 1960 ἐστὶ
1133 1931 1241 1958 πάντων
1272 1929 1448 1964 ἀνοητότερον
1463 1936 1471 1944 ⁸
1501 1927 1639 1961 ἁγεννήτῳ
1666 1925 1720 1960 γὰρ
1752 1923 1824 1950 οὐδὲν

1038 1977 1243 2013 ὲπισυμόαίνει·
1332 1975 1386 2011 γὰρ
1419 1974 1449 2000 τὸ
1485 1971 1554 2000 εἶναι
1588 1972 1624 2008 μὴ
1660 1970 1821 2004 ὲττιςυνέὁη,

1037 2025 1124 2058 τούτῳ
1148 2024 1207 2050 οὐδὲ
1227 2023 1256 2049 τὸ
1283 2021 1394 2048 magas
1413 2018 1492 2047 εἶναι.
1523 2020 1555 2045 Ὃ
1574 2019 1610 2054 μὴ
1628 2018 1682 2052 εἴη,
1700 2017 1751 2043 οὐκ
1769 2017 1824 2042 ἐτι-

1039 2071 1190 2105 συμῦαίνει.

1072 2115 1224 2150 Hom-ira»;
1240 2115 1288 2150 μὲν
1301 2112 1347 2141 οὖν
1362 2111 1536 2148 ἐναντιότητα
1546 2111 1620 2136 ἐστιν
1636 2109 1666 2135 ἐν
1679 2109 1737 2140 τοῖς
1753 2105 1823 2134 οὖσιν

1037 2162 1137 2197 εὑρεῖν,
1151 2161 1242 2193 οὐσίας
1264 2161 1292 2187 δὲ
1317 2159 1450 2194 οὐδαμοῦ·
1472 2157 1568 2184 λευκὸν
1576 2150 1636 2191 ’γὰρ
1655 2155 1725 2190 πρὸς
1744 2154 1824 2188 μέλαν

1037 2208 1166 2239 ἐναντίως
1180 2207 1251 2242 ἔχει’
1278 2207 1406 2242 ἑκάτερον
1423 2205 1451 2231 δὲ
1471 2205 1499 2230 ἐν
1517 2203 1623 2238 σώματι
1638 2203 1671 2237 τῇ
1688 2199 1771 2227 αὑτοῦ
1787 2199 1821 2231 (5)

1036 2254 1133 2289 οὐσία·
1168 2253 1224 2288 ἔχει
1255 2253 1346 2288 μέντοι
1377 2251 1457 2283 αὐτὰ,
1485 2249 1523 2285 πὴ
1547 2249 1596 2284 μὲν
1615 2247 1746 2278 ἐναντίως
1759 2246 1822 2281 πρὸς

1037 2300 1148 2335 ἄλληλα,
1168 2299 1206 2334 πὴ
1219 2299 1247 2325 δὲ
1263 2299 1313 2325 οὐκ
1334 2297 1472 2329 ἐναντίως.
1495 2296 1606 2331 Πρῶτον
1630 2294 1680 2328 μὲν
1703 2293 1759 2328 γὰρ
1781 2292 1822 2324 ὑφ’

1037 2346 1065 2372 ἒν
1088 2345 1164 2380 γένος
1194 2345 1262 2375 ἐστὶ,
1277 2343 1375 2379 χρῶμα
1386 2343 1440 2378 γὰρ
1464 2341 1595 2376 ἑκάτερα·
1613 2340 1722 2370 ἔπειτα,
1738 2339 1762 2364 εἰ
1779 2338 1821 2364 καὶ

1038 2392 1146 2418 ὲναντία
1162 2389 1231 2417 εἶναι
1244 2390 1326 2421 δοκεῖ,
1346 2389 1414 2415 ὰ).λά
1429 2397 1460 2423 γε
1476 2390 1508 2423 τῇ
1525 2387 1584 2421 ὄψει
1598 2386 1731 2417 ποικίλως
1746 2393 1821 2420 προσ-

1019 2446 1023 2452 ”
1036 2438 1097 2472 άγει
1112 2438 1161 2472 τὴν
1173 2437 1322 2463 ἀπόλαυσιν
1334 2445 1340 2451 ·
1353 2436 1492 2470 οὐδέτερον
1506 2434 1560 2469 γὰρ
1580 2434 1673 2459 αὐτοῖν
1686 2433 1719 2467 τῇ
1738 2432 1821 2465 ἀσυμ-

1038 2483 1136 2519 μετρία
1158 2483 1237 2509 λυπεῖ
1265 2481 1383 2516 ταύτην
1397 2480 1464 2508 ἀλλὰ
1487 2480 1533 2507 καὶ
1550 2479 1600 2514 ἤδη
1623 2478 1708 2513 ἀρετή
1728 2485 1758 2503 τε
1779 2476 1821 2502 καὶ

1036 2529 1118 2557 κακία
1131 2531 1160 2556 ὲν
1177 2529 1260 2564 ψυχῇ,
1275 2529 1313 2560 ὡς
1327 2527 1435 2554 ἐναντία
1456 2527 1504 2562 μὲν
1521 2525 1568 2552 καὶ
1585 2524 1682 2553 ταῦτα,
1697 2523 1729 2549 οὐ
1746 2523 1820 2557 μόνον

1036 2576 1064 2602 δὲ
1080 2576 1108 2601 ὲν
1119 2577 1150 2610 τῇ
1164 2575 1232 2610 αὐτῇ
1242 2574 1330 2609 οὐσίᾳ,
1349 2573 1416 2600 ἀλλὰ
1435 2574 1482 2600 καὶ
1501 2573 1530 2599 ὲν
1543 2572 1583 2598 ἐνὶ
1599 2571 1674 2605 γένει
1688 2577 1820 2605 προσαγο-

1039 2621 1145 2657 ρεύεται
1156 2629 1162 2634 ·
1178 2620 1234 2652 ἕξις
1255 2620 1309 2655 γὰρ
1337 2620 1454 2654 ἑκάτερα
1466 2639 1472 2649 ,
1486 2617 1564 2644 ἅτινα
1582 2616 1630 2643 καὶ
1645 2615 1684 2646 ὡς
1705 2615 1820 2648 ἐπισυμα

1037 2666 1163 2692 σαίνοντα
1182 2664 1254 2699 ψυχῇ
1275 2664 1436 2698 ἐνυπάρχει·
1465 2663 1524 2689 ὅθεν
1542 2662 1588 2688 καὶ
1608 2658 1820 2694 ἀποσυμϐιίνειν

1036 2711 1170 2745 ἐνδέχεται
1186 2710 1243 2745 τῆς,
1255 2711 1283 2736 ἐν
1335 2707 1492 2737 ἐστιταῦτα.
1510 2707 1602 2734 ἄλλοτε
1622 2705 1712 2736 ἄλλως
1728 2703 1821 2730 διακει-

238 2789 500 2830 έ;ξξ)ηηεριττ’ἱι...ῖὴ
513 2791 613 2830 ἐναγεῖ.
627 2790 779 2826 Basnagius
795 2790 834 2818 sic
852 2789 941 2818 reddit
953 2799 959 2816 :
975 2788 1173 2823 Supervacuum
1186 2793 1224 2815 est
1236 2788 1422 2819 contrarietas,
1433 2795 1489 2821 qum
1502 2786 1566 2819 ipsis
1580 2785 1682 2812 incstut
1696 2781 1816 2816 qvtalitrs.

236 2823 274 2861 (⁵2)
290 2824 379 2855 Forte,
400 2827 431 2859 τῇ
448 2826 524 2859 αὐτῇ.
548 2825 624 2857 Eutr.
