1900 3070
35 106 48 132 1
55 105 114 134 081

34 214 127 249 λόγος
158 217 324 253 ἀφώρισται,
341 219 355 245 ὁ
369 219 397 246 δὲ
421 221 484 255 περὶ
502 219 556 247 τῶν
579 221 665 257 ταύτῃ
682 221 844 256 ὲπισυμῦαι-

34 261 153 288 νόντων
171 263 266 299 ἕτερος
281 265 420 300 τυγχάνει.

75 307 191 335 Καίτοι
213 310 243 336 τὸ
263 311 313 346 μὲν
333 311 429 338 λευκόν
447 321 477 339 τε
491 313 538 339 καὶ
556 313 638 348 μέλαν
658 313 731 339 ἔστιν
742 313 784 339 ὅτε
800 313 846 339 καὶ

35 353 78 384 ὡς
94 353 250 390 ἀχώριστα
273 357 420 393 ἐνυπάρχει
434 360 489 390 τοῖς
514 359 544 385 ὲν
560 356 600 391 οἷς
615 361 690 386 ἐστι·
705 359 751 386 καὶ
772 359 846 394 ὅμως

34 400 139 432 οὐδεὶς
168 401 278 428 πώποτε
298 404 352 430 ἀπὸ
370 404 472 431 τούτων
485 404 626 440 ὠνόμακεν
641 406 742 438 ἐκεῖνα,
763 406 791 432 ὲν
807 402 848 436 οἷς

35 445 102 470 ἐπι
140 446 248 473 ταῦτα’
269 448 356 480 οὐδεὶς
384 449 448 484 γὰρ,
476 449 591 484 θελήσας
620 450 690 484 γάλα
709 451 846 485 σημῆναι,

35 491 105 525 ιύχὶ
123 492 232 527 μᾶλλον
249 494 302 530 πρὸ
316 494 363 521 τοῦ
376 495 447 522 κατὰ
459 495 506 522 τοῦ
522 496 607 527 εἴδους
621 497 671 531 τῆς
687 496 780 528 οὐσίας
791 497 849 523 ὀνό-

39 545 137 571 ματος
157 539 284 573 κειμένου
305 541 493 576 κατεχρήσατο
509 541 539 567 τὸ
552 542 602 576 τῆς
615 541 786 576 λευκότητος,
805 542 848 568 ἵνα

38 582 79 616 μὴ
97 582 167 609 ἀνθ’
183 584 244 615 ἐνὸς
273 584 358 612 πολλὰ
382 586 525 621 σημαίνειν
545 586 618 622 δόξῃ,
633 585 673 618 οἷς
687 588 846 623 πρόσεστιν·

36 628 116 654 ἀλλὰ
135 630 193 664 μὴν
205 631 252 656 καὶ
268 631 373 665 κόρακα
387 632 417 658 οὐ
431 632 470 667 τῷ
480 632 573 668 μέλανι
589 633 766 668 σημαίνομεν,
782 633 849 661 ἀλλὰ

35 673 80 707 τῷ
93 673 151 700 τοῦ
175 675 246 707 ζώου
268 677 372 703 καὶτοῦ
393 677 477 709 εἴδους
501 678 624 713 ονομα-ιι.
640 676 724 705 Ait-tat
739 680 787 714 μὲν
802 678 849 706 οὖν

37 719 90 746 καὶ
124 720 258 748 τοιαῦται
285 722 431 758 ἀχώριστοι
459 723 616 759 ποιότητες·
643 725 727 760 ἁρετὴ
755 725 849 751 δὲκαὶ

36 767 134 792 κακία
148 768 178 793 ἐν
188 767 260 803 ψυχῇ
270 769 323 794 τῶν
335 769 591 804 ἐπισυμὸαινουσῶν
597 770 747 805 ποιοτήτων
758 770 826 796 εἰσίν
839 779 846 785 -

37 813 80 844 ὡς
103 813 213 848 μᾶλλον
231 815 380 850 προσήκειν
398 815 529 850 μηδαμῶς
544 815 597 841 ἀπὸ
623 815 724 842 τούτων
741 815 788 850 τὴν
802 816 847 842 οὺ-

604 112 789 141 ADVERSUS
809 113 1019 141 MAMUMZOS
1035 113 1098 141 LIB.
1119 114 1146 141 l-

37 169 137 205 μένης
150 179 158 185 ·
180 171 217 204 ὡς
237 169 306 199 εἶναι
333 172 420 208 δῆλον,
439 174 476 206 ὼς
501 175 514 201 ὁ
534 174 583 210 μὲν
606 175 671 211 περὶ
689 176 738 211 τῆς
752 176 845 207 οὐσίας
859 181 883 209 Α
897 176 985 211 posita
1005 185 1010 202 :

1618 114 1686 142 £082

1034 180 1065 203 ut
1078 176 1195 210 liqueat,
1212 176 1286 203 aliud
1301 184 1362 204 esse
1382 177 1415 204 de
1429 176 1584 204 substantia
1600 176 1693 212 loqui,

902 222 974 249 aliud
988 222 1021 250 de
1032 223 1067 250 iis
1083 230 1143 257 quae
1163 222 1324 250 substanlize
1340 223 1476 251 accidunt.

934 310 1015 345 Atqui
1031 311 1060 337 lit
1075 311 1233 346 aliquando,
1254 315 1284 338 ut
1299 312 1389 339 album
1407 313 1514 347 quidem
1532 317 1560 341 et
1575 313 1686 349 nigrum

900 354 998 382 abesse
1017 362 1071 382 non
1091 356 1198 390 possint
1214 356 1248 383 ab
1268 357 1302 384 iis
1318 357 1344 383 in
1360 357 1459 391 quibus
1480 358 1589 391 insunt;
1605 366 1686 386 nemo

900 406 992 428 tamen
1013 402 1048 429 ab
1063 402 1105 429 his
1119 410 1240 437 unquam
1257 403 1304 430 illa
1318 403 1345 430 in
1362 404 1462 438 quibus
1478 404 1535 431 haec
1545 409 1619 436 sunt,
1634 413 1685 432 no-

901 447 1016 474 minavit
1032 456 1038 474 :
1054 447 1147 474 nullus
1169 448 1241 475 enim
1266 456 1327 475 cum
1342 449 1428 475 voluit
1449 449 1600 484 signiﬁcare
1623 451 1683 483 lac.

902 493 995 527 potius
1010 493 1121 520 nomine
1141 494 1194 521 albi
1213 494 1323 527 abusqu
1334 498 1375 522 est
1391 502 1472 529 quam
1490 502 1555 522 usus
1577 497 1686 523 nomine

899 539 1061 566 substantia:
1078 539 1205 574 imposito
1220 540 1336 574 speciei;
1359 548 1393 566 ne
1410 547 1460 575 pro
1482 548 1536 567 uno
1551 541 1632 568 multa
1647 541 1686 569 si—

898 584 1029 618 gniﬁcare
1052 584 1188 616 videatur,
1201 585 1302 620 quibus
1319 585 1391 612 inest
1411 585 1491 612 albus
1512 585 1689 620 colorzquin-

900 629 983 656 etiam
1005 636 1119 656 corvum
1139 637 1193 656 non
1212 629 1385 657 declaramus
1406 630 1516 657 nomine
1535 630 1617 664 nigri,
1638 630 1686 657 sed

899 672 1011 698 nomine
1027 672 1086 698 avis
1109 676 1136 699 et
1160 673 1271 707 speciei.
1296 672 1343 699 liae
1364 673 1448 708 igitur
1473 677 1502 701 et
1530 673 1687 708 hujusmodi

900 716 1048 750 qualitates
1074 717 1271 751 inseparabiles
1288 719 1471 745 suntzvirlus
1497 723 1587 746 autem
1607 724 1634 747 et
1650 720 1689 747 vi-

899 762 966 789 tium
984 763 1010 790 in
1027 763 1118 790 anima
1133 771 1165 791 ex
1186 764 1363 800 qualitatibus
1374 772 1435 799 qua:
1452 765 1589 796 accidunt,
1605 770 1685 799 sunt;

901 811 930 834 ut
946 809 1035 843 magis
1049 809 1205 841 conveniat,
1226 814 1255 836 ut
1270 810 1381 836 minimc
1394 810 1518 837 videatur
1532 811 1686 838 substantia

40 856 108 882 σίαν
131 857 191 883 δεῖν
211 858 258 884 τοῦ
273 858 417 894 ἀνθρώπου
435 859 655 896 κατηγορεῖσθαι,
670 860 724 887 δεῖν
741 861 770 887 δὲ
786 860 849 887 ταὺ-
865 861 885 888 Β

901 854 1019 883 hominis
1036 855 1069 881 ab
1084 855 1126 882 his
1144 855 1294 888 nominari;
1319 856 1365 883 sed
1393 857 1520 891 oportere
1540 857 1609 884 hanc
1623 865 1687 892 pro-

38 909 94 936 την
117 903 197 935 ἰδίως
210 904 402 938 σημαίνεσθαι.
420 905 513 937 Οὐδεὶς
527 905 592 939 γοῦν
607 906 647 938 τὺ,
667 905 692 932 τί
715 907 788 933 ἐστιν
801 906 846 933 ἄν-

40 946 176 982 θρωπος,
203 950 235 974 ἐκ
253 949 303 983 τῆς
324 950 436 985 ἐνούσης
458 951 496 986 τῷ
512 960 565 977 τινι
584 952 682 983 κακίας
699 952 844 987 ἐσήμανεν,

40 993 117 1019 ἀλλὰ
136 995 247 1028 πρῶτον
258 996 306 1028 τῆς
318 995 412 1027 οὐσίας
435 996 465 1022 τὸ
477 994 544 1028 εἶδος
561 997 659 1028 εἰπὼν,
671 995 730 1023 εἶτα
743 997 790 1024 καὶ¹
803 997 844 1029 τὸ,

39 1038 99 1069 τίς,
116 1039 288 1073 προσειπὼν,
304 1039 416 1075 ὖστερεν
429 1043 576 1076 κατηγορεῖ
587 1042 636 1077 τὴν
647 1042 787 1078 ποιότητα.

81 1085 245 1120 Ποιοτήτων
266 1086 315 1120 μὲν
343 1083 400 1117 οὖν,
421 1087 435 1113 ὃ
450 1087 594 1122 προλαϐὼν
608 1086 695 1120 εἷπον,
713 1087 787 1124 εὖροι
805 1097 846 1121 τις

41 1130 78 1156 ἂν
94 1131 128 1156 ὲν
144 1131 204 1162 τοῖς
224 1131 424 1167 ὑποϐεϐηκόσιν
442 1132 619 1168 ἐναντιότητα
631 1133 685 1160 τῶν
698 1134 748 1169 μὲν
761 1143 845 1169 χωρι-

42 1176 134 1206 στῶν,
146 1176 204 1202 τῶν
215 1177 243 1203 δὲ
266 1177 313 1203 καὶ
332 1178 490 1213 ἀχωρίστων
506 1187 512 1193 ·
531 1179 577 1205 ἐπὶ
588 1179 616 1205 δὲ
630 1179 676 1205 τοῦ
691 1179 759 1206 Θεοῦ
771 1180 846 1206 πᾶσα

44 1221 98 1256 μὲν
113 1222 229 1257 ποιότης
240 1222 411 1257 ὲκὸέϐληται,
428 1223 520 1259 ἐπειδή
533 1232 565 1257 γε
575 1223 650 1250 οὐδὲν
659 1220 697 1250 ὦν
712 1223 844 1257 καλεῖται,

42 1267 88 1293 Et:
95 1276 145 1302 ρον
162 1267 228 1302 παρ’
245 1268 325 1295 αὐτόν
336 1277 342 1282 ’
354 1268 456 1301 ἁπλοῦς
473 1269 528 1305 γὰρ
537 1270 585 1296 καὶ
595 1269 741 1302 ἀσύνθετός
754 1271 828 1297 ἐστιν
837 1279 845 1286 ι

42 1313 124 1348 ὅμως
148 1314 179 1340 δὲ
204 1316 236 1349 τῇ
251 1314 375 1349 ὲννοὶᾳ..ὂ
394 1315 575 1351 προλαϐόντες
599 1315 722 1350 εἴπομεν,
750 1324 846 1351 προτε-

44 1359 125 1394 εΕύει
138 1360 169 1386 τὸ
185 1359 253 1387 εἶναι
270 1361 317 1387 τοῦ
333 1361 430 1388 τοιόνδε
448 1359 528 1388 εἶναι.

894 902 952 936 prie
973 902 1139 937 signiﬁcare.
1155 902 1239 930 Nemo
1251 903 1333 936 igitur
1350 904 1414 938 quid
1430 908 1472 931 est
1489 904 1580 936 homo,
1598 913 1630 932 ex
1643 905 1686 932 vi-

895 948 933 974 tio
956 948 1029 983 quod
1054 950 1134 976 alicui
1163 950 1233 977 inest
1248 970 1254 981 ,
1286 950 1496 984 signiﬁcaverit;
1526 951 1574 978 sed
1597 952 1686 987 primo

895 994 1014 1028 speciem
1031 994 1192 1022 substantiae
1206 995 1318 1027 dixerit,
1334 995 1433 1022 deinde
1447 995 1509 1030 quis
1528 996 1565 1023 sit
1579 997 1684 1031 adjicit,

895 1043 988 1076 postea
1007 1040 1167 1075 qualitatem
1185 1041 1211 1067 in
1230 1048 1262 1067 eo
1277 1040 1353 1068 dicit.

931 1087 1086 1119 Qualitatcs
1103 1087 1188 1122 igitur
1211 1087 1368 1118 contrariae,
1388 1087 1459 1114 sicut
1478 1091 1541 1115 ante
1563 1087 1632 1119 dixi,
1655 1088 1683 1116 in

894 1132 929 1160 iis
946 1140 1007 1167 quae
1023 1132 1161 1164 accidunt,
1178 1132 1291 1168 reperiri
1315 1137 1432 1167 possunt
1454 1133 1552 1168 partim
1573 1133 1683 1168 quidem

895 1178 1074 1213 separabiles.
1092 1178 1188 1213 partim
1200 1186 1266 1206 vero
1285 1186 1338 1206 non
1355 1180 1400 1206 :in
1418 1179 1473 1207 Deo
1486 1183 1577 1208 autem
1593 1181 1688 1208 omnis,

895 1223 1014 1258 qualitas
1025 1222 1112 1257 ejecta
1125 1227 1184 1257 est;
1199 1223 1421 1258 quandoquidem
1437 1224 1505 1250 nihil
1517 1232 1612 1252 eorum
1623 1232 1689 1259 qua:-

895 1268 928 1294 de
950 1275 982 1295 eo
997 1267 1139 1301 dicuntur,
1161 1267 1236 1295 aliud
1262 1273 1303 1296 est
1319 1272 1419 1303 praeter
1438 1269 1546 1304 ipsum;
1567 1270 1684 1305 simplex

897 1315 968 1341 enim
995 1319 1036 1342 est
1057 1319 1084 1343 et
1100 1315 1309 1349 compositionis
1329 1323 1425 1350 expers
1438 1325 1444 1342 :
1457 1315 1622 1351 cogitatione
1645 1320 1685 1343 ta-

897 1368 969 1392 nien,
985 1365 1015 1387 ut
1031 1360 1161 1396 superius
1176 1360 1280 1387 dictum
1297 1363 1349 1390 est.
1367 1361 1445 1395 prius
1463 1366 1504 1389 est
1521 1369 1583 1389 esse
1601 1369 1683 1396 quam

896 1405 976 1432 talem
989 1413 1062 1433 esse.
1240 1401 1249 1408 ”

486 1449 549 1476 Car.
571 1447 603 1476 Χ.
627 1449 684 1475 Duo
702 1449 817 1484 ingenita
832 1457 883 1476 non
899 1455 1009 1484 possunt
1021 1458 1077 1477 esse
1092 1451 1229 1476 contraria

80 1507 129 1532 Διό
151 1515 252 1542 φαμεν,
279 1507 468 1538 ἀναλαϐόντες,
490 1507 538 1539 ὡς,
554 1509 577 1534 εἰ
599 1508 715 1543 ἑκάτερα
730 1508 748 1534 ἃ
762 1516 844 1542 φησιν
859 1512 880 1541 ε

931 1508 1114 1544 Quamobrem
1132 1516 1229 1535 rursus
1252 1509 1380 1542 dicimus,
1408 1509 1431 1536 si
1451 1514 1566 1544 utraque
1588 1517 1684 1537 eorum

44 1551 118 1580 εἶναι
136 1554 258 1585 ἐναντία,
281 1554 360 1580 οὐσία
373 1553 448 1586 ζῶσά
469 1562 497 1580 τε
519 1554 566 1580 καὶ
580 1554 725 1589 ἁγέννητος
740 1554 780 1588 (οὑ
791 1553 845 1589 γὰρ

43 1600 218 1636 ἀρνηθεῖεν)’
229 1599 245 1635 ἥ
261 1600 344 1634 ἄμφω
357 1599 457 1633 ἀγαθὰ,
467 1599 509 1626 ἵνα
526 1599 625 1634 μᾶλλον
638 1599 706 1634 πρὸς
717 1598 748 1624 τὸ
759 1598 844 1633 εῠφη-

46 1658 97 1683 μον
110 1648 234 1679 εὐσεϐῶς
250 1648 292 1674 διὰ
305 1648 334 1674 τὺ
351 1647 433 1679 ὅντως
455 1647 484 1674 ὃν
498 1646 600 1679 ἀγαθὸν
617 1648 662 1672 καὶ
679 1645 842 1676 τούναντίον,

43 1695 146 1729 Egit-mw
157 1694 334 1729 (5⁸).ἕλκηται
342 1694 372 1720 τὸ
382 1693 511 1728 μηδαμῶς
521 1693 550 1719 ὃν
557 1693 597 1727 (οὐ
606 1692 659 1728 γὰρ
667 1691 842 1727 ἀντιστρέφο-

45 1742 123 1776 μεν),
138 1741 157 1774 ἢ
173 1740 256 1775 ἇμςεω
269 1741 357 1766 κακά·
371 1740 400 1766 τὸ
416 1740 470 1774 γὰρ
489 1740 636 1774 ἀγέννητον
651 1738 758 1769 πάντως
773 1738 842 1772 ἁγα-

43 1788 102 1814 Οόν.
115 1788 223 1813 Αὐτίκα
238 1788 386 1823 ἀγέννητος
397 1787 411 1813 ὁ
425 1787 490 1818 Θεὸς
507 1786 649 1820 ὑπάρχων,
664 1782 718 1820 ἆρα
731 1784 797 1810 αὐτὸ
812 1784 843 1810 τὸ

46 1834 85 1870 μὴ
102 1834 269 1869 γεννηθῆναι
291 1833 327 1864 ὡς
349 1833 432 1859 κακὸν
457 1832 530 1867 ἔχεις
555 1830 697 1866 Οὐδαμῶς,
729 1830 786 1856 ἀλλ’
806 1830 843 1861 ὠς

44 1879 154 1914 ἀγαθὸν
168 1878 279 1914 δηλαδή.
306 1878 354 1909 Τίς
371 1876 416 1904 οὖν
431 1878 447 1912 ἡ
467 1876 671 1911 ἀποκλήρωσις,
683 1875 754 1902 τοῦτ’
776 1875 842 1901 αὐτὸ

44 1925 168 1961 πρᾶγμά
183 1933 212 1950 τε
241 1926 286 1950 καὶ
310 1923 405 1958 ὄνομα,
422 1923 497 1958 παρὰ
515 1922 564 1958 μὲν
578 1922 616 1957 τῷ
637 1921 696 1957 Θεῷ
713 1921 793 1948 καλόν
811 1930 841 1947 τε

44 1972 93 1998 καὶ
115 1970 220 2004 ἀγαθὸν
245 1968 326 2001 εἶναι,
343 1969 418 2006 παρὰ
433 1969 460 1995 δὲ
472 1970 504 2004 τῇ
532 1969 626 2003 κακίᾳ,
639 1968 675 2000 ὣς
694 1977 770 2003 φασι.
782 1969 842 1994 τοὺ-

44 2018 156 2044 ναντίον
174 2016 272 2049 κακόν;
287 2017 385 2047 Γενεᾶς
402 2016 450 2050 μὲν
463 2015 516 2051 γὰρ
529 2014 652 2050 εὑρεθείη
666 2014 698 2040 ἂν
714 2013 839 2048 διαφορὰ,

45 2063 166 2098 διαφορὶι
189 2062 279 2098 μέντοι
301 2062 348 2089 καὶ
368 2062 416 2088 οὐκ
445 2060 792 2095 ἐναντιότης-ἀγεννησίας
812 2060 840 2086 δὲ

45 2110 128 2135 ποίαν
137 2117 179 2139 τις
189 2108 221 2134 ἂν
230 2107 448 2144 εὖροιδιαφορὰν,
459 2105 477 2141 ἦ
489 2106 539 2133 πού
548 2115 578 2140 γε
588 2105 771 2141 ἐναντιότητας
782 2105 840 2131 Διό-

44 2163 98 2190 περ
112 2154 288 2181 παντάπασιν
303 2153 443 2185 ἀδύνατον,
455 2153 601 2187 ἀγέννητον
611 2152 749 2187 ἁγεννὴτῳ
764 2151 839 2177 ἐναν-

895 1561 956 1589 qnaa
970 1554 1135 1581 Manichwus
1147 1555 1286 1582 contraria
1304 1562 1366 1582 esse
1386 1555 1462 1586 dicit,
1476 1556 1630 1582 substantia
1642 1556 1684 1583 vi-

894 1608 961 1628 vens
985 1605 1011 1628 et
1037 1601 1158 1636 ingenita
1176 1605 1259 1633 sunt;
1285 1608 1339 1628 non
1361 1601 1434 1628 enim
1463 1602 1612 1636 negabunt,
1639 1602 1684 1629 vel

895 1646 975 1673 ambo
992 1645 1062 1673 bona
1080 1650 1108 1673 ut
1124 1647 1210 1682 magis
1223 1647 1255 1673 ad
1271 1647 1298 1673 id
1311 1647 1383 1682 quod
1399 1647 1468 1674 bene
1481 1648 1577 1683 pieque
1590 1652 1681 1680 sonat,

894 1695 1004 1726 propter
1020 1699 1083 1718 vero
1097 1691 1210 1722 bonum,
1229 1691 1318 1726 ipsum
1333 1692 1514 1725 contrarium,
1537 1693 1610 1727 quod
1630 1693 1681 1719 mi-

893 1736 967 1763 nime
979 1740 1031 1768 est,
1052 1737 1194 1770 trahatur;
1214 1745 1268 1763 non
1282 1737 1353 1764 enim
1369 1737 1502 1770 dicemus,
1517 1738 1558 1765 vel
1572 1744 1679 1770 contra,

893 1782 915 1809 si
933 1782 1014 1809 ambo
1038 1782 1127 1809 mala:
1143 1783 1215 1816 quod
1238 1783 1311 1810 enim
1327 1783 1476 1819 ingenitum
1493 1788 1546 1816 est,
1568 1784 1684 1811 omnino

893 1827 995 1854 bonum
1021 1831 1073 1854 est.
1097 1827 1236 1855 Continuo
1262 1829 1345 1864 igitur
1367 1828 1439 1856 Deus
1462 1836 1525 1856 cum
1542 1829 1680 1864 ingenitus

892 1873 939 1904 sit,
960 1880 1133 1908 nequaquam
1160 1873 1242 1901 habet
1268 1874 1319 1901 hoc
1339 1873 1428 1909 ipsum
1455 1882 1509 1901 non
1527 1875 1678 1910 ingenitum

891 1925 953 1945 esse
973 1921 1102 1953 tanquam
1126 1919 1239 1951 malum,
1257 1920 1304 1946 sed
1322 1923 1450 1954 tanquam
1475 1920 1575 1947 bonum
1592 1925 1676 1948 certe.

892 1965 958 1997 Quae
968 1965 1051 1999 igitur
1064 1965 1172 1992 sortitio
1183 1960 1240 1994 ista
1253 1967 1375 1994 eamdem
1393 1975 1448 1994 rem
1460 1971 1487 1994 et
1497 1975 1594 1995 nomen
1605 1968 1681 2003 apud

893 2010 977 2038 Deum
989 2011 1098 2046 quidem
1110 2011 1252 2046 pulchram
1265 2017 1293 2039 et
1302 2013 1402 2040 bonam
1414 2021 1475 2041 esse
1488 2023 1496 2047 ;
1508 2017 1602 2041 contra
1613 2018 1681 2042 vero

892 2057 989 2084 malam
1012 2057 1083 2092 apud
1100 2057 1214 2089 malum,
1239 2063 1270 2085 ut
1295 2059 1340 2086 isti
1356 2060 1449 2086 aiunt?
1464 2060 1490 2086 in
1506 2061 1682 2094 generatione

891 2103 1000 2137 quidem
1027 2103 1144 2130 inveniri
1170 2108 1252 2138 queat
1274 2105 1439 2137 differentia,
1465 2106 1617 2134 ditl‘erentia
1637 2111 1679 2134 ta-

891 2156 963 2180 men,
983 2153 1010 2176 et
1026 2157 1081 2176 non
1106 2151 1287 2178 contrarium.
1305 2150 1335 2178 ln
1355 2159 1388 2179 eo
1404 2160 1469 2179 vero
1486 2153 1558 2186 quod
1576 2156 1618 2179 est
1634 2153 1678 2179 in-

45 2199 102 2224 τὶον
130 2196 215 2223 εἶναι·
242 2198 266 2224 εἰ
290 2197 344 2232 γάρ
360 2205 386 2223 τι
403 2197 455 2232 εἴη,
471 2196 545 2223 οὐδὲν
561 2196 615 2223 τῶν
634 2196 723 2222 αὐτῶν
737 2195 837 2230 ὀφείλει
854 2193 874 2220 ῐ)
890 2202 895 2228 ι

897 2194 1010 2228 genitum
1030 2202 1102 2225 esse.
1128 2195 1192 2230 quid
1210 2200 1298 2230 potest
1323 2203 1385 2223 esse
1410 2196 1549 2228 ditIerens,
1575 2195 1678 2223 nedum

44 2245 108 2270 οὗτε
141 2241 220 2275 εἶναι,
241 2243 302 2269 οὔτε
320 2242 569 2279 προσαγορεύεσθαι
591 2241 630 2277 τῷ
650 2241 772 2276 ἐναντίῳ,
794 2241 836 2269 ἵνα

43 2289 228 2324 ἀκοινώνητον
275 2291 331 2320 τοῖς
347 2290 413 2316 πᾶσι
426 2289 493 2324 πρὸς
509 2289 540 2314 τὸ
558 2288 687 2315 ἐναντίον.

44 2337 91 2366 sit.

43 2382 188 2409 contrario
205 2382 388 2408 communitas
403 2389 435 2407 ac
452 2381 581 2408 societas.

78 2429 111 2455 Εἰ
126 2428 180 2464 γὰρ
200 2429 236 2464 μὴ
261 2428 303 2464 εἴη
323 2429 411 2464 πάντη
425 2428 555 2460 ἐναντίον,
568 2428 634 2455 καθὸ
650 2428 832 2459 ἐπικοινωνεῖ,

43 2475 96 2501 οὐκ
117 2474 255 2502 ἐναντίον·
288 2475 409 2501 ἐναντίον
430 2475 522 2509 μέντοι
543 2475 573 2501 τὸ
591 2474 627 2510 μὴ
647 2474 676 2500 ὃν
698 2473 832 2509 τῴιὸντιθ

44 2523 116 2556 τάχα
128 2521 157 2548 δὲ
167 2521 227 2548 οὐδὲ
243 2521 322 2548 τοῦτο
342 2521 391 2556 (6)·
410 2522 440 2547 οὐ
457 2521 511 2556 γὰρ
525 2520 697 2556 διαμάχεται.
715 2520 751 2547 Τὸ
763 2520 791 2546 δὲ
805 2520 834 2547 ὃν

43 2568 83 2602 τῷ
107 2567 165 2594 ὄντι
191 2567 241 2594 οὐκ
270 2567 400 2594 ἐναντίον.
418 2566 450 2593 Εἰ
463 2567 491 2593 δὲ
506 2566 535 2593 τὸ
551 2566 581 2593 ὃν
603 2566 642 2601 τῷ
654 2567 710 2593 ὄντι
727 2567 834 2598 πάντως

42 2612 186 2648 ὁμόλογον,
200 2611 229 2639 ἓν
246 2612 276 2639 τὸ
293 2613 338 2639 καὶ
348 2613 426 2648 μόνον
443 2611 549 2646 ἀληθῶς
563 2611 609 2643 ὃν,
627 2613 682 2643 τοῖς
699 2613 764 2638 πᾶσι
786 2611 833 2638 τοῦ

43 2658 113 2687 εἶναι
123 2660 217 2694 ἄρχον.

93 2804 132 2832 5‘l
147 2803 238 2835 Forte.
254 2804 268 2830 ὅ
284 2813 375 2838 φασιν.
391 2803 469 2832 Ευιτ.

93 2804 132 2832 5‘l
147 2803 238 2835 Forte.
254 2804 268 2830 ὅ
284 2813 375 2838 φασιν.
391 2803 469 2832 Ευιτ.

82 2802 120 2876 i6)
141 2839 221 2874 Τάχα
239 2838 282 2872 δὲ,
300 2849 325 2867 κ.
350 2848 375 2866 τ.
395 2840 418 2865 λ.
437 2840 504 2867 Sim!
521 2840 590 2867 enim
612 2841 637 2867 in
666 2840 716 2867 Deo
741 2841 830 2873 simul,

890 2240 1080 2268 contrarium?
1093 2241 1276 2274 Quamobrem
1296 2242 1407 2268 omnino
1421 2241 1478 2269 ﬁeri
1500 2249 1554 2268 non
1576 2246 1677 2276 potest,

890 2289 920 2312 ut
936 2286 1087 2321 ingenitum
1099 2287 1222 2323 ingenito
1237 2288 1404 2315 contrarium
1421 2288 1472 2320 sit;
1485 2288 1507 2314 si
1523 2287 1587 2322 quid
1603 2287 1679 2315 enim

133 2336 237 2362 nullum
263 2343 356 2362 eorum
382 2335 461 2362 debet
493 2343 544 2362 nec
580 2342 643 2362 esse
670 2341 720 2360 nec
743 2332 874 2368 appellari
894 2333 1074 2365 contrarium,
1099 2337 1130 2360 ut
1150 2334 1177 2361 in
1201 2333 1328 2361 omnibus
1350 2333 1433 2361 rebus
1457 2334 1529 2362 nulla
1554 2334 1590 2363 sit
1612 2341 1677 2362 cunt

925 2423 953 2450 Si
971 2423 1043 2450 enim
1058 2430 1113 2450 non
1130 2423 1165 2450 sit
1180 2423 1293 2450 omnino
1306 2423 1484 2455 contrarium.
1497 2429 1632 2459 quatenus
1648 2427 1676 2455 ei

891 2470 1076 2497 communitas
1093 2477 1154 2496 cum
1177 2469 1262 2497 altero
1284 2473 1337 2502 est,
1353 2478 1407 2496 non
1426 2475 1467 2497 est
1483 2472 1650 2499 contrarium
1666 2483 1675 2502 ;⁴

888 2516 1027 2542 contraria
1052 2521 1143 2542 tamen
1163 2519 1227 2542 sunt
1244 2523 1305 2543 esse
1329 2519 1356 2542 et
1376 2524 1430 2543 IlOll
1448 2524 1519 2543 8558.
1544 2516 1675 2545 Fortasse

889 2568 953 2587 vero
968 2567 1020 2588 nec
1041 2560 1099 2587 haec
1123 2560 1262 2587 contraria
1282 2565 1357 2593 sunt,
1373 2569 1428 2588 non
1451 2562 1523 2588 enim
1540 2567 1670 2597 pugnant.

889 2605 969 2638 Quod
980 2613 1045 2633 vero
1058 2610 1110 2637 est.
1132 2613 1187 2632 non
1203 2611 1246 2633 est
1258 2607 1427 2633 contrarium
1445 2606 1470 2634 ei
1488 2607 1561 2642 quod
1579 2612 1631 2636 est.
1643 2607 1671 2635 Si

887 2655 979 2679 autem
999 2651 1137 2686 quomodo
1152 2655 1194 2679 est
1211 2653 1319 2686 penitus
1332 2659 1394 2679 cum
1409 2660 1442 2680 eo
1456 2653 1529 2688 quod
1549 2657 1591 2681 est
1605 2662 1672 2681 eon-

889 2699 970 2730 venit,
987 2705 1070 2725 unum
1083 2702 1110 2725 et
1127 2698 1226 2729 solum,
1244 2698 1316 2733 quod
1332 2706 1395 2726 vere
1410 2703 1462 2732 est,
1478 2700 1607 2728 omnibus
1620 2702 1674 2729 erit

888 2745 1051 2780 principium
1071 2749 1100 2771 ut
1117 2746 1182 2772 sint.

888 2816 896 2831 1
977 2811 1051 2834 uacat
1065 2815 1096 2833 ea
1106 2815 1163 2842 qua:
1175 2815 1226 2842 non
1239 2811 1309 2840 sunt,
1326 2811 1450 2837 tanquam
1462 2816 1492 2834 ea
1504 2815 1562 2841 qua?
1576 2812 1646 2840 sunt,
1659 2816 1671 2832 ι

888 2842 960 2868 sicut
977 2841 1126 2879 Apostolus
1143 2843 1181 2869 ait
1198 2841 1285 2878 (Rom.
1305 2851 1342 2874 iv,
1356 2843 1411 2878 t7).
1428 2843 1564 2871 CANlSlUS.
