1900 3070
10 106 76 144 (iis

559 117 745 146 ADVERSUS
765 116 978 146 MANlClltEOS
995 117 1057 146 LIB.
1079 106 1110 146 Ιί

1582 119 1650 148 1086

9 173 151 207 υνὰμεις
162 182 169 188 ·
187 174 332 208 αὐξηθεῖσα
355 175 443 203 τοίνυν
456 174 583 209 ἀνήγετο,
595 174 645 200 οὐκ
667 174 752 200 εἰδυῖα
767 174 814 200 τοῦ
831 204 832 208 η

880 183 900 202 ιο
929 175 1028 202 multas
1053 177 1206 210 potestates
1233 175 1422 210 producebat;
1455 178 1535 202 aucta
1569 176 1653 211 igitur

6 219 117 253 ιγαθοῦ
140 221 193 256 τὴν
211 220 336 256 ὕπαρξιν.
350 221 393 252 Ὠς
410 221 438 247 δὲ
449 220 495 246 ἐπὶ
508 220 587 246 πλέον
602 219 748 255 ἀναχθεῖσαι
759 217 813 246 εἶδε

6 266 50 301 ῑὴν
72 266 140 301 γῆν
156 275 184 293 τε
202 267 248 294 xei.
266 267 296 293 τὸ
308 266 366 301 φῶς
378 266 425 293 τοῦ
438 266 552 300 ἀγαθοῦ,
569 265 695 301 ἐπιϐῆναι
707 266 763 296 τοῖς
777 265 813 301 μὴ

6 313 86 344 δίοις
102 314 256 350 ἐπιχειρεῖ·
266 315 280 340 ὁ
294 313 322 340 δὲ
334 313 435 347 ἀγαθὸς
442 313 555 348 δύναμιν
570 312 727 339 ἀποστέλλει
739 312 812 345 τινὰ,

6 357 14 394 ξ
35 359 93 385 καὶ
124 360 216 394 ὅνομα
236 360 266 385 τὸ
289 359 367 393 δόξαν
385 359 459 394 αὐτῷ
481 358 628 394 ἐπιτίθησι,
647 358 815 392 φυλάξουσαν

6 405 55 436 μὲν
82 404 178 439 δῆθεν
192 406 255 437 τοὺς
274 405 362 442 ὄρους,
376 405 409 431 τὸ
423 405 445 430 δ’
462 405 560 440 ἀληθὲς
574 404 668 440 δέλεαρ
686 405 816 440 ἐσομένην

6 451 44 481 εἰς
65 451 210 478 ἀκούσιον
222 453 254 486 τῇ
267 451 318 488 ὖλῃ
329 451 536 487 σωφρονισμόν·
553 451 567 476 ὖ
588 451 620 486 δὴ
643 451 689 477 καὶ
710 451 815 484 γέγονε.

6 497 187 532 θεασαμένη
202 497 271 532 ,γὰρ
295 498 312 533 ἡ
336 497 384 531 ὕλη
412 497 460 532 τὴν
479 497 677 523 ἀποσταλεῖσαν
703 497 817 532 δύναμιν

6 542 226 578 προσεκέσσησε
237 543 339 578 μὲν,ὼς
346 543 374 570 δὲ
381 543 429 579 (7³)
437 543 590 578 ἐρασθεῖσα·
600 544 673 578 ὁρμὴ
680 543 707 570 δὲ
717 543 818 569 πλείονι

6 587 146 614 λαϐοῦσα
169 588 271 624 ταύτην
298 589 427 615 κατέπιε·
447 589 494 616 καὶ
522 589 599 625 ὲδέθη
624 590 722 625 τρόπον
747 589 817 621 τινὰ,

6 633 115 668 ὥσπερ
133 633 239 669 θηρίον.
256 635 412 670 Κέχρηνται
430 635 483 671 γὰρ
498 636 545 663 καὶ
563 636 629 670 τῷδε
639 636 677 671 τῷ
692 635 819 669 ὑποδείγ-

6 688 93 713 ματι,
125 680 169 711 ὡς
198 680 231 706 δι’
256 680 362 715 ὲπῳδῆς
381 680 431 716 τῆς
458 682 656 716 ἀποσταλείσης
679 681 820 716 δυνάμεως

6 726 186 761 ὲκοιμίσθη.
205 726 301 760 Γέγονε
326 726 414 753 τοίνυν
438 727 510 762 μίξις
533 728 579 754 καὶ
602 728 700 762 κρᾶσις
714 727 818 757 τοῦτον,

7 771 97 806 φησὶ,
120 771 170 798 τον
185 773 284 807 τρόπον
300 773 348 807 τῆς
364 781 393 798 τε
411 773 613 808 καταποθείσης
624 772 764 807 δυνάμεως
774 772 819 799 τοῦ

9 816 132 851 ἀγαθοῦ
166 818 213 844 καὶ
237 818 285 853 τῆς
312 818 500 853 καταπιούσης
523 818 603 853 ὕλης·
626 819 674 845 καὶ
692 817 778 849 οὕτως
791 817 820 851 ἐξ

9 864 128 897 ἀμφοῖν
146 863 350 899 ὲδημιουργήθη
368 864 427 890 τόδε
445 865 509 893 πᾶν.
525 864 579 890 ὑπὸ
593 864 639 890 τοῦ
657 864 759 898 ἀγαθοῦ
775 864 822 900 δη·
838 855 858 881 Β

9 908 101 944 λαδή·
134 909 166 935 οὐ
180 908 234 944 γὰρ
252 909 284 936 ἂν
302 910 467 944 προύνόησεν
488 911 504 944 ἡ
526 910 610 936 κακία
625 910 727 945 κόσμου
747 910 822 944 γενέ-

12 963 105 986 σεως.
125 955 268 982 Ἐντεῦθεν
283 955 311 982 δέ
328 965 392 990 φασι
409 956 442 982 τὰ
458 956 507 991 μὲν
523 956 624 989 ἀγαθὰ,
643 956 676 982 τὰ
690 956 718 982 δὲ
737 958 820 989 κακὰ,

12 1001 68 1035 τῆς
84 1001 220 1037 κράσεως
236 1002 343 1037 ἐκείνης
365 1003 412 1029 καὶ
428 1002 479 1037 τῆς
494 1003 603 1029 συνόδου
620 1004 676 1029 τοῖν
694 1001 766 1029 δυοῖν
780 1002 823 1030 διὰ

14 1048 69 1082 τῆς
89 1048 284 1083 ἐναντιότητος
304 1048 359 1074 τῶν
379 1049 442 1084 τῇδε
464 1049 633 1085 πραγμάτων
658 1049 824 1085 ἐμφαινομέ-

14 1102 82 1128 νης.

866 222 1032 249 evehebatur
1057 221 1184 249 nesciens
1203 221 1382 248 substantiam
1406 221 1481 248 boni.
1503 221 1651 257 Postquam

866 275 932 294 vero
953 268 1041 302 magis
1060 270 1152 294 evecta
1167 267 1243 294 novit
1253 272 1352 294 terram
1370 272 1396 302 et
1411 269 1502 295 lumen
1518 268 1592 299 boni,
1609 269 1653 295 nil--

867 314 975 340 tebatur
998 313 1147 340 ascendere
1166 313 1199 340 ad
1217 320 1247 341 ea
1264 321 1326 348 qua:
1345 322 1399 341 non
1416 318 1494 341 erant
1516 315 1625 350 propria
1642 324 1650 341 :

867 359 959 387 Bonus
977 366 1043 386 vero
1067 362 1228 394 potestatem
1252 359 1397 394 quamdam
1416 360 1508 392 mittit,
1533 361 1578 388 cui
1599 368 1651 387 no-

867 413 930 432 men
948 405 1020 439 quod
1037 405 1062 431 ei
1075 405 1163 432 visum
1176 410 1228 438 est,
1244 405 1370 440 imponit,
1385 405 1582 433 custodituram
1597 406 1652 434 sci-

869 452 932 478 licet
944 450 1113 486 praescripta,
1127 459 1157 477 re
1174 456 1265 478 autem
1280 459 1343 479 vera
1361 450 1480 478 futuram
1495 451 1546 487 ipsi
1568 456 1652 479 mate-

872 499 920 525 riae
937 497 1092 525 illecebram
1111 500 1138 525 et
1161 497 1370 525 invitamentum
1391 497 1423 523 ad
1440 497 1652 525 moderationem

869 543 932 577 ejus
958 549 982 568 ιι*
997 542 1137 568 voluntate
1163 540 1289 568 alienam.
1316 540 1393 573 Quod
1418 540 1526 575 quidem
1553 540 1652 566 factum

869 593 911 616 est
931 597 937 613 :
954 596 1017 616 cum
1039 588 1111 615 enim
1136 586 1250 614 vidisset
1274 587 1386 614 materia
1409 589 1571 622 potestatem
1588 585 1655 613 mis—

871 643 929 662 sam
950 635 1028 670 quasi
1052 634 1192 665 adamans,
1214 633 1370 668 concupivit
1392 633 1501 668 quidem
1521 640 1591 664 eam,
1607 632 1655 659 sed

871 680 1026 708 ardentiore
1041 680 1160 715 appetitu
1178 679 1340 714 prehensam
1364 679 1516 709 absorbuit,
1538 683 1565 705 et
1586 685 1656 712 quo-

872 724 933 750 dam
951 724 1032 751 modo
1062 727 1191 758 tanquam
1218 722 1307 750 bellua
1327 723 1408 758 ligata
1426 726 1477 750 est.
1504 722 1551 750 Usi
1567 725 1657 749 autem

872 774 936 797 sunt
959 769 1012 796 boc
1041 770 1184 804 exemplo,
1207 773 1335 803 tanquam
1366 769 1492 796 eantione
1514 768 1658 803 potestatis

873 816 963 842 missae
977 815 1094 849 sopitam
1111 822 1181 842 esse.
1199 813 1281 841 Facta
1300 815 1384 849 igitur
1397 818 1448 846 est,
1463 814 1551 846 aiunt,
1565 813 1657 840 mistio

873 865 901 888 et
916 861 1076 896 temperatio
1096 860 1128 886 ad
1149 861 1222 887 hunc
1241 860 1370 893 modum;
1387 859 1569 894 absorptaque
1579 863 1659 894 pote-

874 911 943 934 state
959 906 1034 938 boni,
1057 910 1083 934 et
1109 905 1223 933 materia
1248 905 1411 932 absorbeute
1430 905 1469 932 sic
1490 913 1522 932 ex
1544 908 1659 939 utraque

874 952 1039 979 fabricatum
1059 959 1120 979 esse
1146 951 1315 984 universum,
1331 958 1346 977 a
1364 950 1435 977 bono
1458 950 1585 980 scilicet;
1604 958 1659 977 non

874 998 947 1026 enim
974 997 1076 1024 malum
1101 997 1219 1032 providit
1245 1000 1334 1023 ortum
1358 996 1464 1023 mundi.
1488 995 1558 1022 Hinc
1583 995 1661 1022 aiunt

875 1045 929 1072 alia
945 1044 1054 1080 quidem
1077 1043 1148 1071 bona
1171 1051 1249 1076 esse,
1273 1043 1326 1069 alia
1339 1050 1404 1070 vero
1424 1043 1503 1075 mala,
1527 1041 1598 1068 facta
1612 1042 1661 1068 mia

877 1091 968 1119 stione
985 1090 1031 1117 illa
1044 1094 1071 1117 et
1084 1089 1200 1116 duorum
1213 1089 1284 1116 coitu
1302 1096 1350 1124 per
1360 1088 1414 1115 vim
1433 1088 1596 1115 contrariam
1617 1095 1661 1114 rc-

874 1145 947 1168 rum,
960 1143 1020 1171 quae
1030 1136 1075 1163 hic
1091 1140 1162 1163 sunt.

228 1186 293 1213 Car.
311 1186 380 1213 XIII.
399 1187 494 1213 Anima
511 1195 526 1212 ιι
542 1186 606 1213 bona
626 1186 766 1220 principio,
783 1194 799 1212 a
818 1184 888 1212 malo
903 1188 990 1210 autent
1003 1189 1107 1216 corpus,
1124 1180 1265 1209 secundant
1287 1179 1456 1206 Maniclucos.

74 1224 256 1268 ()ρίζεται’δὲ
269 1233 357 1268 ψυχὴν
372 1233 421 1268 μὲν
442 1233 552 1260 ἃπασαν
567 1231 636 1260 εἶναι
651 1225 700 1268 τῆς
715 1232 824 1268 μερίδος

20 1278 71 1305 τοῦ
90 1278 211 1313 ἀγαθοῦ,
229 1279 308 1314 σῶμα
326 1280 354 1306 δὲ
372 1280 418 1306 καὶ
435 1279 484 1314 τὴν
506 1279 604 1315 σάρκα,
622 1279 672 1314 τῆς
693 1279 770 1314 ὕλης,
786 1277 824 1314 πὴ

23 1325 77 1359 μὲν
99 1325 272 1360 κατέχουσαν
284 1326 321 1357 ὡς
338 1327 367 1352 ἐν
381 1326 477 1361 εἱρκτῇ
487 1325 536 1361 τὴν
552 1325 651 1360 ψυχὴν,
668 1325 706 1360 πὴ
718 1325 746 1352 δὲ
757 1333 824 1350 κατ-

21 1370 169 1404 εχομένην
189 1370 227 1401 ὡς
249 1369 341 1405 θηρίον
360 1370 428 1406 πρὸς
440 1370 489 1405 τῆς
504 1370 622 1406 ἐπῳδῆς.
638 1369 715 1396 οὕτω
730 1370 777 1405 μὲν
794 1368 826 1404 δὴ

24 1417 219 1451 σοφισὰμενος
238 1417 287 1452 τὴν
309 1416 374 1452 ὓλην
395 1417 409 1443 ὁ
426 1417 527 1451 ἀγαθὸς
557 1417 669 1452 κόσμου,
688 1417 765 1452 φησὶ,
780 1416 826 1450 γέ-

23 1472 91 1497 γονε
111 1463 293 1498 δημιουρ-τός’
313 1463 363 1489 οὐκ
385 1463 569 1498 ἀντιποιηοείς
590 1472 622 1497 γε
639 1462 685 1489 τοῦ
697 1463 827 1498 δημιουρ·
840 1473 862 1502 c

24 1509 118 1543 γῆσαι
145 1508 226 1534 αὐτὸν
247 1508 416 1543 (ἀνθίσταται
432 1508 486 1544 γὰρ
507 1508 603 1544 αὐτῷ),
622 1509 689 1536 ἀλλὰ
712 1508 755 1534 διὰ
777 1508 826 1542 τὴν

25 1554 223 1581 ἐπανάστασιν
238 1554 287 1588 τῆς
302 1554 412 1586 κακίας,
431 1555 464 1589 ἢν
492 1555 665 1590 σωφρονῆσαι
686 1553 809 1590 διενοήθη
819 1562 825 1568 ·

25 1601 58 1627 οὔ
85 1601 184 1636 μέντοι
208 1599 304 1634 γέγονε
322 1600 433 1626 δυνατὸν
452 1600 552 1632 ἐξελεῖν
577 1601 627 1636 τῆς
655 1600 754 1632 κακίας
774 1599 827 1626 τῶν

27 1647 209 1682 φαινομένων
231 1647 402 1682 πραγμάτων
423 1646 468 1672 τὸν
491 1646 539 1677 ἰὸν,
553 1646 666 1672 ἕπεσθαι
687 1646 716 1672 δὲ
737 1645 828 1672 τοῦτον

27 1693 213 1728 δεικνύμενον
235 1695 266 1720 ὲκ
283 1693 332 1728 τῆς
350 1693 463 1725 ἀταξίας
484 1693 530 1719 καὶ
545 1693 605 1727 τῆς,
618 1692 655 1723 ὡς
669 1691 827 1726 ὑπείληφεν,

29 1740 199 1774 ἀνισότητος
211 1739 265 1766 τῶν
281 1740 341 1766 καθ’
351 1741 435 1775 ἡμᾶς,
451 1739 545 1765 τοῦτον
560 1739 609 1773 μὲν
623 1738 756 1768 πλουτεῖν,
768 1736 829 1763 τοῦ-

29 1794 78 1812 τον
107 1786 138 1812 δὲ
159 1786 298 1812 πένεσοαν
319 1786 366 1813 καὶ
380 1787 425 1812 τὸν
444 1785 492 1820 μὲν
515 1784 641 1816 εὐδοξεῖν,
658 1783 704 1810 τὸν
719 1783 747 1810 δὲ
769 1783 830 1810 ἀδο-

31 1831 90 1863 ξεῖν
101 1840 108 1846 ·
126 1831 177 1858 καὶ
193 1831 244 1858 ὅσα
256 1831 379 1858 τοιαῦτα.
394 1832 431 1857 Τὀ
448 1840 477 1857 τε
491 1831 523 1866 δὴ
537 1829 752 1864 σπουδαζόμενὸν
772 1823 830 1855 ἐστι

31 1879 72 1914 τῷ
89 1878 191 1914 ἀγαθῷ
207 1878 256 1914 τὴν
277 1877 366 1913 ψυχὴν
387 1876 568 1912 ἐλευθερῶσαι
588 1876 636 1910 τῆς
652 1875 767 1907 κακίας·
785 1875 832 1901 καὶ

31 1926 142 1960 ταύτην
168 1924 299 1959 ἀντλῆσαι
317 1924 417 1960 τρόπον
432 1923 493 1951 τινὰ
507 1924 538 1949 ἐκ
548 1923 596 1958 τῆς
610 1922 692 1957 iiii-qq-
710 1921 788 1948 τοῦτο
804 1921 832 1947 δὲ

33 1970 183 2005 γίγνεσθαι
198 1970 242 1996 διὰ
257 1970 307 2004 τῆς
323 1970 435 2005 σελήνης
450 1967 634 2002 αὐξανομένης
641 1975 669 1993 τε
680 1967 727 1992 καὶ
740 1975 832 2002 μειου-

36 2017 138 2052 μένης,
153 2016 191 2047 ὡς
206 2016 272 2051 ὁρᾷν
288 2015 420 2050 δοκοῦμεν
436 2016 517 2050 ἡμεῖς
527 2023 533 2029 ·
548 2014 579 2040 τὸ
591 2013 645 2048 γὰρ
657 2013 764 2048 ἀληθὲς,
782 2021 834 2047 φη-

35 2064 93 2094 σὶν,
111 2062 209 2096 ὑδρίας
225 2062 326 2096 τρόπον
343 2061 411 2093 αὑτὴ
435 2059 627 2096 πληρουμένη,
652 2059 684 2085 ὲκ
703 2058 751 2093 τῆς
769 2066 834 2084 κατ-

35 2108 179 2143 εχομένης
193 2107 286 2138 οὐσίας
301 2108 340 2138 εἰς
355 2106 386 2132 τὸ
401 2105 531 2141 ὁμογενὲς
543 2104 643 2139 ἀγαθὸν
654 2104 793 2130 κενοῦται·
809 2104 833 2129 εί

36 2154 96 2188 γὰρ
112 2153 162 2179 καὶ
174 2151 211 2187 μὴ
233 2152 337 2183 τούτοις
356 2160 387 2185 γε
400 2152 456 2183 τοῖς
470 2151 599 2187 ῥήμασιν,
616 2149 684 2176 ἀλλὰ
700 2157 732 2184 γε
747 2149 832 2175 ταῦτα

38 2199 170 2234 βούλεται
183 2198 281 2231 λέγειν,
293 2198 363 2233 ειπερ
375 2197 624 2232 εὐσχημονέστερον
635 2195 705 2222 πάνυ
718 2203 749 2229 γε
764 2195 833 2230 πρὸς

38 2244 122 2279 ἡμῶν
149 2243 270 2278 εἴρηται·
297 2242 423 2269 πλεῖστον
450 2241 504 2277 γὰρ
534 2241 595 2267 ὅσον
622 2241 685 2276 παρ’
711 2240 784 2275 αὐτῷ
804 2240 833 2266 τὸ

38 2289 189 2316 ἀλλόκοτον
203 2289 232 2315 ἐν
246 2290 279 2324 τῇ
297 2289 419 2324 διηγήσει
432 2288 479 2314 καὶ
491 2287 521 2314 τὸ
536 2287 676 2314 ἀπίθανον.

493 2380 559 2408 CAP.
579 2378 649 2406 XIV.
671 2379 709 2406 De
722 2383 792 2405 terra
807 2383 832 2405 et

82 2430 156 2455 Ὀσα
181 2428 230 2462 μὲν
252 2426 298 2454 οὖν
322 2428 404 2463 ἕτερα
426 2427 511 2463 γραὸς
536 2427 613 2462 δίκην
636 2426 779 2461 μυθολογεῖ
791 2425 840 2452 καὶ

41 2476 160 2512 γράφει,
176 2476 209 2509 τῇ
220 2474 314 2510 Σύρων
339 2475 414 2509 φωνῇ
432 2473 582 2508 χρώμενος,
604 2473 677 2503 ὃπως
702 2471 750 2506 μὲν
771 2472 788 2506 ἡ
803 2470 840 2505 γῆ

44 2521 223 2558 βαστάζεται,
241 2521 285 2546 τὸν
299 2520 438 2555 ποιητικὸν
455 2519 491 2555 μὴ
506 2518 647 2553 διαφυγὼν
666 2517 841 2553 μῦθον-ὄπως

43 2569 74 2594 δὲ
101 2566 276 2593 συνίστανται
298 2567 322 2592 οἱ
349 2566 458 2601 ὖμϐροι,
472 2565 510 2596 ὡς
527 2563 638 2599 ἱδρῶτες
650 2565 702 2590 εἰσι
720 2563 774 2590 τῶν
791 2564 841 2597 ἀρ-

44 2614 151 2649 χόντων
165 2613 216 2647 τῆς
231 2612 297 2647 ὕλης
307 2621 313 2627 ·
329 2612 415 2638 ταῦτα
435 2611 482 2637 καὶ
498 2610 534 2637 τὰ
550 2609 671 2641 τοιαῦτα,
687 2609 741 2636 τῶν
757 2608 840 2635 αὑτοῦ

45 2659 247 2694 παλαισμάτων
261 2656 660 2693 παρεμπορεύματα,περιττὸν
675 2655 707 2683 ἂν
721 2656 762 2691 εἴη
777 2663 843 2690 προ-

48 2706 144 2742 φέρειν
162 2706 202 2736 εἰς
227 2704 347 2739 ἔλεγχον.
373 2704 433 2739 Χρὴ
452 2703 481 2729 δὲ
496 2702 514 2730 ἃ.
535 2702 598 2737 περὶ
621 2702 735 2728 ἑκάστου
751 2709 843 2737 παρα-

48 2753 139 2779 παίων
151 2751 263 2787 γράφει,
281 2750 424 2785 γνώρισμα
439 2750 496 2780 τοῖς
516 2749 609 2779 πᾶσιν,
631 2747 733 2783 ἥκιστά
748 2755 779 2781 γε
795 2747 843 2773 ἀν-

50 2797 161 2832 έχεσθαι
174 2796 241 2831 πρὸς
252 2796 403 2830 ἀπέραντον
413 2795 544 2830 φλυαρίαν
557 2794 602 2820 τὸν
612 2794 688 2827 λόγον
704 2794 842 2820 utsi/2w

87 2843 135 2880 t7")
154 2843 222 2877 πίνει·
235 2841 276 2875 δή.
293 2842 370 2867 FIHT.

913 1229 1037 1257 Decernit
1051 1231 1141 1255 autem
1165 1234 1273 1254 omnem
1289 1225 1398 1261 quidem
1418 1226 1535 1252 animam
1551 1233 1612 1253 esse
1627 1233 1660 1251 ex

878 1281 953 1312 parte
966 1275 1031 1303 boni
1051 1283 1058 1308 ;
1074 1281 1174 1308 corpus
1188 1280 1253 1300 vero
1270 1276 1297 1299 et
1310 1279 1420 1299 carnem
1437 1279 1469 1299 ex
1484 1274 1561 1306 parte
1573 1275 1660 1297 mate-

878 1321 926 1348 ria:
948 1329 953 1347 :
972 1323 999 1346 et
1018 1319 1073 1353 jam
1090 1317 1199 1353 quidem
1218 1324 1319 1352 corpus
1339 1316 1456 1343 animam
1479 1319 1609 1351 tanquam
1633 1316 1662 1342 in

878 1373 989 1393 carcere
1012 1365 1135 1393 detinere
1149 1373 1155 1397 ;
1175 1364 1232 1397 jam
1246 1371 1312 1391 vero
1336 1363 1454 1390 animam
1470 1363 1585 1390 detineri
1602 1367 1663 1389 tau-

880 1419 960 1446 quam
973 1411 1090 1438 belluam
1106 1417 1121 1436 a
1135 1409 1271 1436 cantione.
1288 1408 1332 1435 Sic
1346 1408 1433 1435 borius
1446 1415 1506 1434 cum
1522 1408 1663 1434 materiam

880 1455 1043 1491 decepisset,
1063 1454 1169 1486 mundi,
1194 1453 1294 1488 inquit,
1319 1452 1410 1479 factus
1427 1456 1469 1479 est
1493 1451 1663 1479 fabricator:

878 1509 934 1529 non
960 1501 1070 1536 quidem
1099 1499 1171 1534 quod
1200 1499 1288 1534 ipsum
1314 1498 1443 1525 fabricari
1469 1497 1663 1528 desiderasset,

878 1548 982 1576 resistit
1003 1547 1075 1574 enim
1099 1546 1134 1576 ei,
1158 1545 1206 1572 sed
1234 1549 1344 1580 propter
1370 1544 1531 1571 seditionem
1552 1551 1567 1570 a
1593 1544 1666 1570 malo

878 1593 1036 1624 excitatam,
1046 1599 1126 1626 quam
1140 1591 1276 1626 corrigere
1286 1595 1314 1617 et
1327 1589 1460 1617 moderari
1477 1589 1642 1624 cogitaverat
1656 1597 1663 1620 ;

878 1648 935 1667 non
958 1644 1048 1666 tamen
1074 1637 1131 1665 ﬁeri
1151 1637 1284 1672 potuisse,
1301 1640 1330 1662 ut
1346 1643 1479 1663 venenum
1505 1635 1569 1662 mali
1592 1635 1664 1670 quod

880 1690 922 1713 est
947 1685 975 1712 in
1001 1685 1083 1712 rebus
1106 1691 1174 1718 quas
1193 1682 1327 1714 videmus,
1354 1681 1566 1712 extraheretur;
1588 1680 1664 1715 sequi

879 1740 945 1760 vero
957 1731 1021 1763 hoc,
1038 1734 1067 1757 ut
1083 1729 1185 1765 opinati
1201 1731 1275 1759 sunt,
1293 1735 1324 1754 ex
1339 1726 1544 1762 perturbatione
1560 1726 1668 1753 ordinis

881 1782 907 1805 ct
928 1783 962 1805 ex
989 1775 1173 1811 inaequalitate
1197 1781 1287 1801 rerum
1305 1776 1461 1800 nostrarum
1489 1776 1570 1807 atque
1593 1771 1665 1798 liunc

881 1823 991 1859 quidem
1013 1822 1124 1849 divitem
1144 1828 1214 1852 esse,
1233 1819 1309 1846 illum
1327 1826 1390 1846 vero
1405 1825 1574 1853 pauperem;
1590 1817 1663 1844 hunc

882 1869 1043 1905 gloriosum,
1073 1868 1150 1895 illum
1178 1866 1372 1894 inhonoratum
1401 1869 1427 1892 et
1453 1863 1608 1898 inglorium,
1639 1867 1667 1891 et

882 1922 1053 1951 quaecunque
1079 1914 1143 1941 talia
1171 1915 1244 1940 sunt.
1275 1911 1401 1938 Studium
1429 1917 1494 1937 vero
1515 1909 1578 1937 boni
1606 1917 1667 1937 esse

883 1963 998 1990 liberare
1014 1961 1131 1988 animam
1149 1967 1164 1985 a
1182 1959 1265 1991 malo,
1280 1961 1307 1985 et
1317 1957 1388 1984 hanc
1402 1956 1520 1991 quodam
1538 1955 1618 1982 modo
1633 1962 1667 1982 ex

883 2008 994 2036 materia
1010 2005 1156 2035 exhaurire
1185 2013 1192 2032 :
1223 2004 1275 2031 hoc
1310 2007 1401 2030 autem
1425 2002 1484 2029 ﬁeri
1503 2009 1551 2036 per
1575 2001 1666 2028 lunam

883 2057 1051 2081 crescentem
1073 2055 1099 2078 et
1123 2050 1340 2079 decrescentem,
1366 2051 1396 2074 ut
1413 2054 1464 2074 nos
1480 2046 1575 2073 videre
1593 2045 1670 2073 vide-

884 2107 946 2126 mur
962 2106 968 2124 :
987 2106 1016 2125 re
1033 2105 1096 2125 vera
1112 2095 1195 2127 enim,
1213 2094 1311 2130 inquit,
1328 2094 1386 2128 ipsa
1402 2093 1429 2120 in
1445 2093 1554 2120 modum
1569 2092 1670 2128 hydria:

885 2145 992 2180 impleta
1004 2165 1011 2174 ,
1029 2151 1062 2170 ex
1082 2141 1234 2170 substantia
1251 2140 1342 2167 infusa
1359 2140 1387 2166 in
1403 2140 1507 2167 bonum
1524 2142 1670 2174 cognatum

886 2191 1042 2219 exinanitur
1064 2196 1070 2215 :
1089 2188 1140 2216 etsi
1156 2187 1229 2215 enim
1253 2194 1307 2214 non
1331 2186 1373 2214 his
1390 2186 1492 2217 verbis,
1507 2185 1566 2212 haec
1579 2188 1670 2211 tamen

885 2238 942 2265 vult
970 2237 1072 2268 dicere,
1098 2243 1158 2270 qua:
1186 2234 1271 2261 multo
1298 2233 1441 2261 honestius
1466 2240 1480 2259 a
1497 2231 1575 2259 nobis
1595 2230 1671 2257 dicta

888 2287 952 2312 sunt
966 2293 973 2315 ς
988 2283 1134 2318 plurimum
1151 2281 1224 2308 enim
1247 2279 1358 2308 absurdi
1375 2283 1401 2306 et
1417 2277 1576 2306 incredibile
1589 2280 1631 2304 est
1644 2275 1671 2302 in

887 2330 947 2364 ejus
958 2328 1124 2356 narratione.

847 2377 976 2411 imbribus
990 2376 1104 2403 Manetis
1124 2376 1220 2409 opinio.

927 2423 1103 2458 Quaecunque
1128 2422 1211 2457 igitur
1230 2421 1282 2448 alia
1301 2419 1410 2447 aniliter
1435 2422 1462 2445 et
1487 2415 1674 2444 commentitio

889 2470 1013 2505 loquitur
1027 2473 1055 2497 et.
1076 2468 1183 2499 scribit,
1208 2474 1334 2494 sermone
1355 2465 1468 2501 Syriaco
1491 2466 1582 2492 utens,
1606 2468 1674 2495 quo-

890 2516 971 2544 modo
997 2519 1070 2543 terra
1105 2514 1275 2546 sustinetur,
1304 2519 1357 2539 non
1387 2509 1511 2537 devitans
1540 2507 1672 2542 poeticam

890 2562 1010 2589 fabulam
1029 2570 1036 2594 ;
1059 2559 1196 2596 quomodo
1221 2559 1324 2586 imbres
1340 2558 1418 2587 ﬁunt.
1437 2559 1463 2583 et
1481 2554 1595 2581 sudores
1613 2559 1675 2579 esse

890 2607 1057 2644 principium
1085 2606 1205 2634 materia:
1230 2615 1236 2632 ε
1263 2605 1320 2632 haec
1338 2608 1364 2631 et
1386 2602 1437 2630 alia
1462 2599 1596 2636 ejusmodi
1615 2605 1676 2632 quze

891 2657 990 2689 praeter
1011 2653 1150 2687 negotium
1177 2652 1219 2678 sui
1245 2650 1403 2678 certaminis
1419 2652 1527 2675 tractat,
1546 2651 1676 2679 superva-

891 2707 973 2728 cuum
986 2703 1060 2726 esset
1075 2699 1109 2726 ad
1124 2698 1323 2726 confutandum
1335 2697 1469 2732 proferre.
1488 2693 1598 2729 Oportet
1617 2698 1677 2725 quae

892 2745 926 2773 de
945 2745 1061 2779 singulis
1082 2744 1168 2771 delirc
1188 2743 1295 2774 scribit,
1313 2750 1373 2777 quae
1386 2741 1512 2769 omnibus
1527 2742 1588 2766 nota
1602 2740 1676 2766 sunt,

893 2800 946 2820 non
965 2793 1020 2827 pati
1036 2796 1065 2818 ut
1082 2791 1181 2818 librum
1198 2789 1312 2817 inﬁnitis
1330 2789 1408 2824 nugis
1426 2788 1538 2815 dilatcnt
1554 2795 1561 2816 ;
1579 2783 1678 2819 quippe
