1900 3070
245 130 314 158 1087

808 125 877 153 TITI
897 123 1111 153 BOS’I’RENSIS
1129 122 1281 151 EPISCOPI

1804 121 1870 148 N338

244 195 305 214 cum
321 185 389 214 satis
403 185 439 213 sit
455 184 596 212 confutalo
612 184 702 219 capite
717 183 832 212 insania:
847 184 907 219 ejus
922 183 1026 217 reliqua

1082 189 1116 212 ως
1137 180 1236 216 ἀρκοῦν
1260 179 1326 207 αὐτὸ
1357 179 1387 206 τὸ
1419 179 1563 214 κεφάλαιον
1590 177 1674 206 αὐτοῦ
1696 178 1747 213 τῆς
1774 179 1870 212 ἀλίγον

244 235 418 259 contemnere
443 241 449 258 :
466 236 493 258 et
512 231 535 258 si
552 238 606 257 non
626 231 806 265 contingeret,
823 234 850 256 ut
870 228 1027 256 necessario

244 277 300 304 haec
315 283 399 304 causa
426 283 577 303 sermonem
592 274 625 302 de
643 274 815 302 Providentia
832 273 1027 308 complectere-

244 327 299 354 tur,
320 328 377 357 quo
401 321 590 349 demonstrare
608 323 715 355 oportet
728 319 821 346 omnia
837 326 897 345 esse
911 318 978 345 bene
995 324 1027 344 ac

245 369 335 396 divine
351 367 488 400 ordinata,
502 370 529 395 et
544 364 708 394 ineﬁabilem
725 365 771 392 Dei
782 364 943 399 sapientiam
958 371 1028 398 pra:-

244 415 352 448 dicare;
369 414 513 442 ridiculum
533 416 606 440 esset
623 413 664 439 vel
683 412 771 446 aliqua
787 411 882 438 saltem
905 408 1028 436 confuta-

245 460 327 492 tione,
346 468 405 495 quae
420 459 558 494 proposita
574 463 646 489 sunt,
664 458 744 491 digna
761 464 821 484 esse
838 459 953 491 putare;
968 462 1028 489 qum

245 506 352 540 quidem
372 510 447 533 extra
472 512 629 532 communes
645 504 769 530 notiones
788 505 915 536 congesta
932 503 1028 535 sponte

246 559 295 580 sua
313 552 383 587 apud
399 559 445 579 eos
465 551 510 586 qui
528 554 644 577 mentem
661 550 965 583 habentooarguuntur.

1081 227 1178 262 μανίας
1194 225 1380 259 διελέγξαντας
1403 225 1456 252 τῶν
1474 224 1559 252 ἄλλων
1575 226 1770 260 καταφρονεῖν·
1789 226 1840 252 καὶ
1852 227 1872 251 εἰ

1081 273 1117 308 μή
1132 281 1163 306 γε
1176 272 1220 298 τὸν
1237 272 1300 307 περὶ
1316 272 1445 307 Προνοίας
1463 271 1540 305 λόγον
1559 271 1701 297 συνέϐαινε
1721 271 1807 306 τήνδε
1827 272 1873 307 τὴν

1079 317 1206 344 ὑπόθεσιν
1225 317 1380 351 ἀναγκαίως
1404 317 1625 353 περιλαμὸάνειν,
1636 317 1672 343 δι’
1689 315 1720 343 οὗ
1734 319 1872 351 προςήκει

1080 364 1175 396 δεῖξαι,
1194 364 1231 395 ὡς
1257 363 1362 391 ἅπαντα
1384 361 1412 390 εὖ
1436 372 1466 389 τε
1487 364 1534 390 καὶ
1553 363 1633 396 θείως
1646 364 1811 398 τεταγμένα
1827 364 1878 409 τη

1081 409 1198 444 ἄρρητον
1211 409 1256 436 τοῦ
1271 409 1338 435 Θεοῦ
1356 409 1449 443 σοφίαν
1464 409 1608 445 κηρύττει·
1626 410 1714 443 γέλως
1729 409 1765 436 ἂν
1781 407 1818 444 ἦν
1831 407 1876 436 iv;

1079 456 1229 491 τιρῤήσεως
1253 454 1318 488 γοῦν
1339 463 1409 486 τινος
1431 455 1521 487 ἀξιοῦν
1537 455 1571 482 τὰ
1586 455 1773 491 προτεθέντα,
1790 455 1871 490 ειπερ,

1080 500 1156 531 ἐκτὸς
1168 501 1222 526 τῶν
1241 501 1337 527 κοινῶν
1353 500 1461 527 ἐννοιῶν
1485 502 1734 537 συμπεφορημένα,
1750 502 1873 536 αὐτόμα-

1080 554 1126 572 τον
1142 545 1198 580 ἔχει
1214 546 1289 581 παρά
1305 554 1336 580 γε
1352 547 1406 577 τοῖς
1423 546 1547 582 ὲχέφροσι
1562 547 1607 573 τὸν
1620 547 1732 582 ἔλεγχον

486 607 551 634 Car.
573 606 629 633 XV.
663 605 797 633 Sententia
811 605 843 631 de
857 604 967 631 materia
980 602 1120 636 refutatur.
1135 602 1176 629 An
1191 602 1275 630 Satan
1289 605 1323 630 sit
1336 604 1448 631 deterior
1467 614 1544 640 quam
1559 606 1619 639 fuit.

283 666 356 694 Satis
371 670 460 693 autem
477 670 547 697 erat,
564 670 706 700 postquam
724 672 779 691 non
801 664 892 690 minus
911 662 1026 689 demon-

247 717 364 741 stratum
384 716 427 740 est
442 718 612 746 nequaquam
635 711 690 737 duo
713 709 846 744 principia
868 715 940 739 esse,
959 714 1027 742 prat-

247 757 341 784 sertim
369 756 517 786 contraria,
544 755 578 782 de
605 755 713 782 homine
736 754 792 788 jam
816 757 842 780 et
866 753 899 780 de
925 752 1028 786 reliqua

247 802 352 828 fabrica
383 801 519 828 disserere
545 808 552 826 :

247 846 461 878 consideremus,
475 846 610 880 quomodo
624 845 761 880 proposita
773 844 940 871 incredibilia
952 847 1026 870 sunt.

247 891 406 922 Ferebatur.
429 891 529 925 inquit,
557 890 704 925 aliquando
730 889 843 916 materia
872 888 1028 923 perturbato

247 937 353 964 ordine.
369 936 428 970 Qua
443 936 548 964 ordinis
562 935 783 971 perturbatione?
797 942 831 961 an
848 941 939 961 secum
951 932 1029 960 sola?

247 989 282 1009 an
306 986 401 1009 contra
425 981 561 1016 aliquem?
579 981 667 1008 omnis
682 980 754 1007 enim
770 979 900 1014 injustitia
918 986 971 1006 non
987 981 1029 1006 est

247 1027 292 1054 sui
314 1027 472 1062 iniustitia;
500 1026 548 1054 sed
577 1027 663 1053 altero
684 1025 796 1060 indiget,
821 1025 848 1052 in
871 1032 950 1059 quem
973 1024 1027 1050 ﬁat.

246 1072 296 1099 Cui
309 1073 392 1107 igitur
406 1080 461 1099 non
477 1075 536 1100 erat
550 1071 731 1099 communitas
741 1079 803 1098 cum
819 1070 892 1103 alio;
907 1070 934 1097 in
947 1077 1028 1105 quem

248 1117 405 1152 perturbato
428 1117 523 1145 ordine
547 1116 707 1145 ferebatur?
720 1120 767 1143 aut
782 1123 842 1152 quae
858 1116 927 1142 ratio
942 1116 1030 1150 ipsius

248 1163 478 1197 perturbationis?

283 1208 437 1236 Generabat
449 1207 557 1244 quidem
573 1208 690 1243 primum
704 1207 824 1242 nequitia
843 1206 1028 1242 progrediens,

246 1259 274 1280 et
299 1254 441 1282 crescebat
467 1263 473 1281 :
501 1254 584 1289 igitur
611 1253 731 1289 ingenita
754 1253 911 1288 generabat.
930 1257 956 1280 et
974 1260 1029 1280 non

247 1299 299 1326 erit
322 1300 400 1327 locus
421 1299 540 1329 dicendi.
564 1302 693 1326 «sternam
717 1298 819 1334 aliquid
835 1298 896 1326 novi
910 1298 998 1331 moliri
1019 1306 1026 1324 :

248 1349 295 1372 aut
325 1346 397 1373 enim
425 1349 522 1372 natura
552 1346 688 1377 molietur,
715 1349 795 1380 atque
819 1345 856 1372 ita
889 1353 1028 1379 nunquam

249 1390 394 1417 intermisit
416 1398 507 1417 rerum
529 1398 660 1416 novarum
682 1390 849 1418 molitionem
873 1399 880 1416 :
903 1390 926 1417 si
948 1390 1029 1416 modo

249 1435 385 1470 appellare
418 1439 526 1470 oportet
559 1443 691 1463 novarum
720 1443 811 1463 rerum
840 1435 1026 1467 molitionem,

249 1485 344 1508 contra
366 1489 446 1516 quam
466 1481 602 1516 negotium
627 1489 642 1508 a
663 1481 717 1508 Deo
739 1485 893 1516 susceptum
917 1481 1027 1508 minime

249 1524 411 1559 principium
424 1525 557 1559 temporis
569 1525 665 1552 habeat
678 1533 685 1557 ;
701 1529 746 1551 aut
763 1525 786 1552 si
802 1525 853 1551 hoc
864 1524 1028 1558 cogitatione

249 1573 328 1597 utens
351 1569 424 1601 facit,
451 1570 581 1596 rationem
608 1569 689 1597 habet
710 1575 738 1597 et
758 1570 940 1604 cognitionem
967 1579 973 1596 :
1002 1573 1029 1596 et

247 1622 342 1642 eversa
369 1620 410 1642 est
431 1623 513 1642 causa
541 1615 668 1651 nequitia:
689 1616 792 1642 ratione
813 1615 941 1643 carentis.
966 1615 1029 1642 Sive

248 1660 332 1695 igitur
360 1660 569 1688 ratiocinatione
597 1665 695 1692 utens,
724 1661 781 1689 sive
813 1665 888 1687 motu
913 1660 1028 1687 rationis

248 1710 358 1740 experte
383 1707 543 1734 seditionem
567 1707 660 1738 movit,
688 1714 748 1741 qua:
774 1706 844 1733 ratio
862 1706 972 1740 patitur,
999 1710 1029 1733 ut

248 1751 361 1779 inﬁnitis
380 1752 487 1778 saeculis
510 1752 621 1779 dimissa
637 1752 673 1779 sit
689 1751 845 1785 hujusmodi
868 1751 1028 1778 seditionem

248 1797 375 1824 movere?
388 1805 420 1824 ex
436 1805 491 1832 quo
506 1797 577 1824 enim
594 1797 660 1824 dicit
681 1795 828 1823 cohibitam
850 1800 876 1823 et
897 1800 1028 1824 retentam

247 1851 317 1875 esse,
331 1847 460 1878 punctum
481 1844 610 1878 temporis
626 1843 736 1871 ﬁnxisse
752 1843 910 1877 reperietur,
927 1842 950 1870 si
967 1850 1029 1869 cum

247 1888 361 1915 inﬁnitis
376 1889 483 1915 saeculis
499 1888 643 1922 praeteritis
660 1890 842 1922 comparetur.
860 1886 936 1919 Quod
957 1887 1027 1914 enim

1117 662 1215 697 Ἤρκει
1229 663 1269 692 δὲ,
1285 663 1334 689 οὐκ
1348 663 1456 690 ἔλαττον
1473 664 1622 697 δείξαντας,
1638 666 1677 698 ὡς
1691 666 1823 701 οὐδαμῶς
1841 667 1872 693 ἂν

1081 704 1229 738 ὑπάρξαιεν
1243 706 1325 741 ἀρχαὶ
1340 707 1396 738 δύο,
1410 709 1456 734 καὶ
1468 708 1582 743 μάλιστα
1595 711 1728 743 ἐναντίαι,
1737 711 1791 746 ἤδη
1810 713 1870 748 περέ

1080 758 1108 776 τε
1125 751 1268 787 ἀνθρώπου
1283 753 1329 779 καὶ
1345 753 1393 788 τῆς
1409 754 1490 789 ἄλλης
1512 755 1693 791 δημιουργίας
1711 757 1868 784 διαλαεεῖψ

580 800 647 826 nihil
677 803 766 826 tamen
795 798 930 833 prohibet,
961 797 1026 831 quin

1082 797 1151 830 ὅμως
1167 797 1195 823 δὲ
1211 797 1240 823 τὸ
1258 798 1358 824 κωλῦον
1373 799 1447 826 οὐδὲν
1464 800 1509 827 καὶ
1524 801 1577 827 τῶν
1598 802 1789 836 προτεθέντων
1808 804 1870 830 ἰδεῖν

1081 841 1111 867 τὸ
1123 842 1262 871 ἀπίθανον.
1279 844 1404 871 Ἡτάκτει
1420 845 1483 880 γὰρ,
1497 847 1586 880 φησιν,
1599 848 1614 881 ἡ
1630 847 1679 882 ῠλη
1693 849 1774 874 ποτέ.
1789 849 1868 875 Ποίαν

1079 887 1208 921 ἁταξίαν;
1230 886 1285 924 ἆρά
1302 898 1334 924 γε
1356 890 1416 917 καθ’
1439 891 1536 927 ἑαυτὴν
1559 890 1669 928 οὖσα,ἢ
1691 894 1766 920 κατά
1780 903 1866 926 τινος

1079 933 1169 961 ἀδικία
1191 935 1245 970 γὰρ
1264 936 1365 967 ἅπασα,
1388 937 1487 972 ἑαυτῆς
1512 939 1561 966 οὐκ
1582 939 1616 966 ἂν
1636 940 1745 974 γένοιτο
1767 941 1865 970 ἀδικία,

1078 979 1162 1006 δεῖται
1178 981 1204 1006 δὲ
1218 981 1310 1016 ἑτέρου
1332 982 1414 1014 τινὸς,
1432 983 1491 1010 καθ’
1509 982 1538 1011 οὗ
1555 985 1653 1019 γένοιτ’
1665 986 1709 1013 ἂν.
1727 984 1760 1012 Ἦ
1780 987 1866 1013 τοίνυν

1079 1026 1164 1061 ἑτέρῳ
1180 1027 1232 1053 τινὶ
1249 1027 1286 1062 μὴ
1303 1028 1523 1056 ἐπικοινωνοῦσμι.
1535 1032 1605 1058 κατά
1618 1032 1690 1063 τίνος
1700 1032 1834 1066 ἡτάκτεις
1850 1034 1864 1067 ἢ

1077 1071 1119 1103 τίς
1134 1072 1147 1098 ὸ
1161 1071 1238 1106 λόγος
1251 1073 1301 1108 τῆς
1313 1073 1424 1107 ἀταξίας
1437 1075 1535 1110 αὐτῆς

1120 1209 1230 1244 Ἐγὲννα
1260 1210 1309 1246 μὲν
1342 1212 1448 1247 πρῶτον
1479 1214 1611 1249 προϊοῦσα
1649 1214 1696 1240 καὶ
1724 1214 1867 1249 ηὐξάνετο,

1079 1253 1176 1288 φησίν·
1193 1254 1289 1282 οὐκοῦν
1305 1255 1397 1288 ἀῖδίως
1413 1257 1428 1292 ἢ
1441 1257 1523 1289 ἀΐδιος
1543 1259 1667 1292 ἑγένννα,
1681 1261 1696 1294 ἡ
1716 1260 1862 1294 ἀγέννητος

1079 1299 1184 1332 ὲγέννα.
1201 1301 1248 1327 καὶ
1266 1301 1356 1337 χώραν
1378 1303 1426 1338 οὐχ
1443 1304 1496 1336 ἕξει
1519 1304 1548 1330 τὸ
1573 1307 1747 1341 καινοτομεῖν
1767 1316 1794 1332 τι
1818 1307 1862 1340 τὴν

1078 1344 1171 1371 ἀ¹ίδιον’
1191 1345 1206 1380 ἢ
1230 1346 1283 1381 γὰρ
1302 1346 1380 1381 φύσει
1394 1350 1593 1384 καινοτομήσει,
1609 1351 1656 1376 xa‘t
1672 1351 1802 1377 οὐδέποτε
1818 1352 1861 1385 τῆς

1079 1391 1250 1425 καινοτομίας
1271 1393 1422 1420 ὲπέπαυτο’
1438 1395 1462 1420 εἰ
1484 1394 1514 1428 δὴ
1535 1395 1613 1421 τοῦτο
1634 1397 1811 1431 καινοτομίαν
1826 1397 1862 1422 δεῖ

1079 1435 1178 1467 καλεῖν,
1195 1437 1232 1468 ὡς
1249 1438 1381 1473 μηδαμῶς
1402 1441 1528 1475 χρονικὴν
1547 1441 1634 1476 ἀρχὴν
1651 1441 1725 1476 ἔχειν
1738 1443 1788 1477 τὴν
1808 1444 1860 1468 κατ’

1078 1482 1162 1517 αὐτῆς
1183 1482 1229 1509 τοῦ
1245 1484 1347 1517 ἀγαθοῦ
1373 1486 1574 1522 μεταχείρησιν,
1601 1487 1617 1522 ἢ
1638 1487 1765 1523 λογισμῷ
1789 1488 1861 1514 τοῦτο

1078 1527 1233 1563 πράττουσα
1248 1529 1324 1563 λόγον
1337 1530 1393 1565 ἔχει
1409 1532 1455 1557 καὶ
1470 1531 1569 1565 γνῶσιν
1579 1541 1586 1547 ·
1601 1533 1649 1559 καὶ
1662 1534 1860 1569 ἀνατέτραπται

1077 1573 1127 1608 τῆς
1147 1573 1244 1608 ἀλόγου
1268 1575 1365 1607 κακίας
1387 1577 1402 1611 ἠ
1421 1578 1557 1609 ὑπόθεσις.
1572 1579 1634 1605 Εἴτε
1660 1577 1708 1605 οὖν
1733 1579 1858 1615 λογισμῷ.

1078 1620 1132 1647 εἴτε
1148 1621 1194 1648 καὶ
1210 1621 1341 1657 ἀλογίστῳ
1355 1625 1424 1659 φορᾷ
1437 1625 1607 1656 ἐπανίστατο,
1626 1625 1668 1657 τίς
1681 1627 1696 1651 ὁ
1709 1626 1791 1659 λόγος
1806 1626 1860 1657 τοὺς

1079 1666 1245 1701 ἀπεράντους
1256 1667 1357 1699 αἰῶνας
1370 1669 1470 1704 ταύτην
1481 1671 1606 1705 παρεῖναι
1626 1672 1696 1706 πρὸς
1712 1672 1763 1707 τὴν
1776 1671 1859 1697 τοιαύ-

1078 1719 1127 1746 την
1141 1711 1340 1745 ὲπανὰστασιν;
1356 1714 1401 1747 ἀφ’
1412 1711 1442 1740 οὗ
1458 1715 1508 1750 γὰρ
1521 1715 1709 1749 κατεσχῆσοαί
1722 1724 1804 1751 φησιν
1816 1717 1859 1742 αὺ-

1078 1756 1126 1792 τὴν
1156 1758 1206 1789 ἕως
1230 1758 1287 1790 νῦν,
1311 1761 1410 1794 στιγμῇ
1428 1760 1522 1795 χρόνου
1535 1760 1632 1794 γένοιτ’
1647 1761 1692 1791 ἂν.
1707 1763 1734 1787 εἰ
1747 1762 1857 1797 παραῶ-

1078 1803 1149 1829 λοιτο
1168 1805 1224 1835 τοῖς
1247 1804 1424 1839 προλαϐοῦσιν
1442 1807 1565 1842 ἀπείροις
1582 1806 1680 1833 αἱώσι·
1697 1808 1729 1833 τὸ
1753 1807 1800 1842 μὲν
1814 1807 1858 1842 γὰρ

1078 1847 1160 1882 ἄρχον
1174 1849 1220 1874 καὶ
1234 1849 1352 1875 τελειοῦν
1370 1850 1546 1886 πεπέρασται·
1571 1853 1596 1877 οἱ
1610 1851 1639 1877 δὲ
1656 1852 1800 1883 παντελῶς
1813 1853 1857 1878 άπ-

1079 1893 1186 1928 έραντοι
1202 1896 1282 1922 ἀῖδιοί
1296 1905 1324 1923 τε
1336 1898 1382 1923 καὶ
1396 1898 1546 1932 ἀγέννητοι.

249 1932 343 1967 incipit
357 1937 383 1960 et
398 1933 536 1964 terminat.
555 1933 660 1959 ﬁnitum
673 1936 734 1965 est;
750 1933 795 1967 qui
813 1936 902 1959 autem
915 1937 979 1960 sunt
996 1941 1029 1959 et
1074 1965 1077 1967 _

247 1982 304 2005 toto
322 1978 420 2006 inﬁniti
433 1979 526 2005 aeterni
545 1983 608 2006 sunt
622 1983 648 2006 et
660 1978 783 2013 ingeniti.

283 2025 426 2056 Przcterea,
449 2025 471 2052 si
488 2025 695 2052 ratiocinatione
720 2029 798 2052 utens
817 2025 850 2051 ad
869 2024 1028 2052 seditionem

247 2070 464 2106 depravabatur;
483 2071 619 2106 quomodo
646 2079 699 2098 non
725 2071 817 2106 potius
837 2071 975 2106 aggressio
991 2071 1028 2097 rei

249 2125 309 2151 qua:
328 2116 385 2144 ﬁeri
405 2125 458 2144 non
482 2121 598 2152 poterat,
619 2117 770 2152 interrupta
792 2121 818 2144 et
840 2117 958 2144 rescissa
972 2116 1028 2144 est?

248 2166 377 2197 tanquam
391 2171 444 2190 non
455 2167 547 2197 posset
558 2167 653 2190 contra
667 2163 826 2197 sapientiam
840 2162 968 2189 invictam
986 2162 1028 2188 in-

248 2209 400 2236 cursionem
414 2208 520 2236 facere?
537 2209 607 2236 unde
622 2209 721 2236 factum
736 2213 787 2239 est,
798 2213 826 2236 ut
845 2212 981 2239 caverent,
996 2215 1028 2234 ne

247 2255 272 2280 ei
293 2254 426 2281 rationem
448 2258 474 2282 et
497 2254 678 2290 cognitionem
695 2254 866 2284 tribuerent,
892 2257 921 2280 ut
939 2253 1027 2280 locum

247 2299 359 2328 haberet
384 2305 567 2328 commentum
589 2301 732 2329 seditionis
750 2305 844 2327 contra
869 2299 951 2327 Deum
973 2309 980 2326 :
1002 2303 1029 2326 et

248 2348 402 2374 necessario
427 2347 461 2374 ab
487 2348 640 2382 ignorantia
667 2352 694 2375 et
724 2352 821 2375 natura
842 2355 896 2374 non
915 2346 1027 2373 ratioci-

248 2397 330 2420 nante
357 2397 456 2424 tracta,
487 2402 542 2421 non
571 2395 739 2429 exspectabit
774 2393 879 2420 inﬁnita
917 2393 1025 2422 saecula,

247 2437 311 2464 dum
343 2445 371 2465 se
397 2442 483 2465 armat
513 2442 541 2465 ct
567 2447 595 2466 se
618 2440 738 2466 exercitu
765 2439 845 2473 scpit,
874 2442 903 2464 ut
927 2437 972 2464 ﬁat
994 2437 1027 2464 ad

247 2483 387 2511 audaciam
423 2485 581 2518 promptior.
620 2485 647 2511 Si
678 2485 749 2512 enim
783 2484 919 2518 copiosior
948 2483 1027 2510 ﬁebat

247 2529 281 2556 iis
300 2537 369 2564 quos
391 2530 536 2564 generabat
550 2550 557 2561 ,
579 2538 749 2566 nequaquam
770 2535 857 2557 tamen
880 2530 1027 2564 appetitum

247 2578 352 2601 natura:
381 2575 507 2609 augebat,
541 2583 629 2610 neque
659 2582 750 2603 motus
785 2575 919 2602 naturalis
947 2574 1028 2610 quid-

247 2627 328 2654 quam
354 2621 489 2655 appetitus
515 2621 687 2653 assumebat,
716 2629 803 2656 neque
829 2620 974 2648 accidisset
1001 2620 1025 2647 ei

248 2665 366 2699 primum
390 2666 499 2701 quidem
521 2674 676 2703 augescere,
697 2673 777 2702 atque
804 2667 840 2693 ita
865 2667 1025 2694 seditionem

248 2718 356 2739 niovere
369 2719 376 2744 ;
393 2712 444 2738 hoc
457 2712 529 2739 enim
541 2717 645 2740 naturae
659 2714 762 2741 ratione
782 2713 882 2740 utentis
902 2717 953 2745 est,
967 2720 1026 2747 qua:

247 2763 278 2782 ex
290 2757 428 2790 proposito
441 2758 563 2792 nequiter
577 2759 640 2793 agit.

284 2802 320 2835 (⁶⁴)
336 2801 426 2834 Forte,
440 2803 555 2836 ἐδέξατο.
573 2804 650 2831 Eutr.

1116 2036 1230 2063 Ἔπειτα
1242 2037 1393 2072 εἱλογισμῷ
1408 2037 1552 2064 ὲκακύνετο
1563 2039 1632 2074 προς
1648 2039 1700 2074 τὴν
1715 2040 1856 2067 ἐπαναπα-

1081 2089 1132 2113 σιν,
1143 2081 1200 2113 πῶς
1214 2082 1274 2116 οὐχὶ
1291 2083 1337 2108 καὶ
1359 2082 1479 2118 λογισμῷ
1495 2082 1606 2117 διεκόπη
1626 2084 1656 2110 τὸ
1673 2084 1804 2112 ἀδύνατον
1815 2086 1855 2120 τῆς

1080 2129 1292 2164 ἐπιχειρήσεως;
1305 2129 1342 2160 ὡς
1354 2130 1402 2164 οὐχ
1410 2126 1465 2156 οἷόν
1477 2138 1506 2155 τε
1518 2129 1548 2156 ὃν
1560 2130 1725 2166 ἐπιδραμεῖν
1742 2132 1854 2167 ἀηττὴτῳ

1081 2176 1177 2211 σοφίῃ
1191 2175 1252 2201 ὅθεν
1265 2175 1417 2210 πεφεύγασι
1431 2176 1640 2210 προσομολογεῖν
1653 2177 1725 2212 αὐτῇ
1739 2177 1854 2212 λογισμόν

1079 2230 1108 2248 τε
1129 2222 1176 2248 καὶ
1191 2221 1300 2255 γνῶσιν,
1316 2221 1353 2252 ὡς
1370 2221 1402 2248 ἂν
1415 2221 1506 2256 χώραν
1521 2221 1576 2257 ἔχοι
1592 2223 1642 2257 τῆς
1654 2223 1853 2254 ἐπαναστάσεως

1079 2267 1128 2302 τῆς
1154 2267 1223 2293 κατά
1251 2267 1317 2293 Θεοῦ
1342 2267 1373 2294 τὸ
1398 2268 1524 2302 πλάσμα’
1553 2269 1600 2294 καὶ
1626 2269 1784 2303 ἐπάναγκες
1811 2270 1853 2295 ὑπὸ

1079 2312 1189 2346 ἀγνοίας
1206 2312 1253 2338 καὶ
1267 2312 1407 2346 ἀλογίστου
1425 2314 1529 2347 φύσεως
1544 2313 1678 2350 ἑλκομένη
1695 2315 1746 2341 οὐκ
1763 2315 1852 2346 ἐκδέξε-

1078 2367 1122 2385 ται
1134 2358 1262 2394 ἀπείρους
1279 2359 1326 2385 καὶ
1338 2359 1541 2394 ἀποπεράντους
1560 2360 1662 2392 αἰῶνας
1674 2361 1774 2396 ἑαυτὴν
1786 2361 1850 2387 ὁπλί-

1078 2405 1160 2438 Causa
1179 2405 1226 2431 καὶ
1245 2405 1355 2440 δυνάμει
1372 2405 1581 2440 περιϐάλλουσα,
1595 2407 1634 2437 ὡς
1650 2407 1778 2441 γενέσθαι
1796 2407 1850 2441 πρὸς

1077 2451 1126 2487 τὴν
1156 2451 1256 2486 τόλμαν
1283 2453 1500 2488 προχειροτέραν.
1518 2453 1550 2479 Εἰ
1569 2452 1624 2488 γὰρ
1645 2452 1679 2487 δὴ
1705 2453 1752 2479 καὶ
1766 2454 1850 2479 πὶείων

1078 2497 1198 2532 ἐγίγνετο
1213 2495 1253 2528 οἷς
1269 2498 1374 2531 ἐγέννα,
1395 2498 1451 2524 ἀλλ’
1469 2497 1528 2524 οὔτε
1544 2506 1575 2532 γε
1591 2498 1642 2532 τὴν
1655 2499 1746 2534 ὁρμὴν
1758 2498 1803 2534 τῆς
1814 2499 1850 2533 g5-

1078 2553 1146 2576 σεως
1156 2545 1295 2580 ηὐξάνετο,
1307 2545 1367 2570 οὐδὲ
1381 2544 1585 2580 προσελάμϐανὲ
1596 2553 1622 2570 τι
1632 2545 1738 2580 ταύτης
1747 2546 1776 2571 τὺ
1785 2554 1849 2576 vos":
1865 2562 1867 2583 ζ

1077 2591 1124 2617 κον
1139 2591 1199 2626 κίνη
1204 2599 1250 2626 μα’
1260 2592 1313 2617 οὐδ’
1323 2591 1356 2617 ἂν
1366 2591 1483 2622 ὲδείξατο
1490 2590 1527 2626 (8)
1537 2590 1648 2625 πρῶτόν
1658 2599 1691 2625 γε
1703 2591 1847 2627 αὐξηθῆναι,
1863 2603 1864 2606 η

1078 2637 1125 2663 καὶ
1146 2636 1232 2668 οὓτως
1252 2637 1445 2672 ὲπαναστῆναν
1458 2637 1536 2663 τοῦτο
1549 2636 1604 2672 γὰρ
1618 2636 1736 2672 λογικῆς
1759 2637 1849 2672 φύσεως

1078 2681 1202 2717 προθέσει
1215 2683 1439 2718 πονηρευομένης.
