  <div class='ocr_page' id='page_1' title='image "/cluster/home/n/w/nwhite01/storage/ocr_20150623/18/njp.32101077772455/872.png"; bbox 0 0 1900 3070; ppageno 0'>
   <div class='ocr_carea' id='block_1_1' title="bbox 13 63 95 92">
    <p class='ocr_par' dir='ltr' id='par_1_1' title="bbox 13 63 95 92">
     <span class='ocr_line' id='line_1_1' title="bbox 13 63 95 92; baseline 0.024 -2"><span class='ocrx_word' id='word_1_1' title='bbox 13 63 95 92; x_wconf 76' lang='grc'><strong>1089</strong></span> 
     </span>
    </p>
   </div>
   <div class='ocr_carea' id='block_1_2' title="bbox 570 66 1110 98">
    <p class='ocr_par' dir='ltr' id='par_1_2' title="bbox 570 66 1110 98">
     <span class='ocr_line' id='line_1_2' title="bbox 570 66 1110 98; baseline 0.004 -3"><span class='ocrx_word' id='word_1_2' title='bbox 570 67 753 97; x_wconf 79' lang='lat' dir='ltr'><strong>ADVERSUS</strong></span> <span class='ocrx_word' id='word_1_3' title='bbox 774 66 987 97; x_wconf 62' lang='lat' dir='ltr'><strong>MANICHZEOS</strong></span> <span class='ocrx_word' id='word_1_4' title='bbox 1003 66 1068 97; x_wconf 85' lang='lat' dir='ltr'><strong>LIB.</strong></span> <span class='ocrx_word' id='word_1_5' title='bbox 1088 66 1110 98; x_wconf 80' lang='grc' dir='ltr'><strong>Ι.</strong></span> 
     </span>
    </p>
   </div>
   <div class='ocr_carea' id='block_1_3' title="bbox 1604 72 1672 102">
    <p class='ocr_par' dir='ltr' id='par_1_3' title="bbox 1604 72 1672 102">
     <span class='ocr_line' id='line_1_3' title="bbox 1604 72 1672 102; baseline 0.044 -3"><span class='ocrx_word' id='word_1_6' title='bbox 1604 72 1672 102; x_wconf 66' lang='lat' dir='ltr'><strong>tea-Io</strong></span> 
     </span>
    </p>
   </div>
   <div class='ocr_carea' id='block_1_4' title="bbox 53 121 804 165">
    <p class='ocr_par' dir='ltr' id='par_1_4' title="bbox 53 121 804 163">
     <span class='ocr_line' id='line_1_4' title="bbox 53 121 804 163; baseline 0.008 -15"><span class='ocrx_word' id='word_1_7' title='bbox 53 121 131 154; x_wconf 74' lang='grc' dir='ltr'><strong>Πῶς</strong></span> <span class='ocrx_word' id='word_1_8' title='bbox 146 124 182 150; x_wconf 80' lang='grc' dir='ltr'>δὲ</span> <span class='ocrx_word' id='word_1_9' title='bbox 195 125 241 151; x_wconf 72' lang='grc' dir='ltr'>κα¹ι</span> <span class='ocrx_word' id='word_1_10' title='bbox 253 125 365 160; x_wconf 73' lang='grc' dir='ltr'>αὔξησις</span> <span class='ocrx_word' id='word_1_11' title='bbox 376 125 424 160; x_wconf 74' lang='grc' dir='ltr'>τῆς</span> <span class='ocrx_word' id='word_1_12' title='bbox 441 126 539 157; x_wconf 81' lang='grc' dir='ltr'>κακίας</span> <span class='ocrx_word' id='word_1_13' title='bbox 553 126 650 160; x_wconf 85' lang='grc' dir='ltr'>γένοιτ’</span> <span class='ocrx_word' id='word_1_14' title='bbox 668 127 700 154; x_wconf 84' lang='grc' dir='ltr'><strong>ἃν</strong></span> <span class='ocrx_word' id='word_1_15' title='bbox 714 128 730 163; x_wconf 89' lang='grc' dir='ltr'>ἢ</span> <span class='ocrx_word' id='word_1_16' title='bbox 745 136 804 163; x_wconf 76' lang='grc' dir='ltr'>προι</span> 
     </span>
    </p>
   </div>
   <div class='ocr_carea' id='block_1_5' title="bbox 873 121 1669 165">
    <p class='ocr_par' dir='ltr' id='par_1_5' title="bbox 916 127 1669 165">
     <span class='ocr_line' id='line_1_5' title="bbox 916 127 1669 165; baseline 0.005 -11"><span class='ocrx_word' id='word_1_17' title='bbox 916 127 1058 160; x_wconf 81' lang='lat' dir='ltr'><strong>Quomodo</strong></span> <span class='ocrx_word' id='word_1_18' title='bbox 1075 132 1165 156; x_wconf 87' lang='lat' dir='ltr'><strong>autem</strong></span> <span class='ocrx_word' id='word_1_19' title='bbox 1183 130 1275 164; x_wconf 75' lang='lat' dir='ltr'><strong>augeri</strong></span> <span class='ocrx_word' id='word_1_20' title='bbox 1292 133 1398 164; x_wconf 87' lang='lat' dir='ltr'><strong>poterat</strong></span> <span class='ocrx_word' id='word_1_21' title='bbox 1422 130 1545 165; x_wconf 77' lang='lat' dir='ltr'><strong>nequitia</strong></span> <span class='ocrx_word' id='word_1_22' title='bbox 1561 130 1599 165; x_wconf 88' lang='lat' dir='ltr'><strong>(id</strong></span> <span class='ocrx_word' id='word_1_23' title='bbox 1615 136 1669 164; x_wconf 85' lang='lat' dir='ltr'><strong>est,</strong></span> 
     </span>
    </p>
   </div>
   <div class='ocr_carea' id='block_1_6' title="bbox 13 168 828 208">
    <p class='ocr_par' dir='ltr' id='par_1_6' title="bbox 13 168 828 208">
     <span class='ocr_line' id='line_1_6' title="bbox 13 168 828 208; baseline 0.007 -14"><span class='ocrx_word' id='word_1_24' title='bbox 13 168 96 204; x_wconf 62' lang='grc' dir='ltr'><strong>θήκῃ</strong></span> <span class='ocrx_word' id='word_1_25' title='bbox 122 171 189 197; x_wconf 82' lang='grc' dir='ltr'>τῶν</span> <span class='ocrx_word' id='word_1_26' title='bbox 206 171 363 206; x_wconf 70' lang='grc' dir='ltr'>προϐολώνς</span> <span class='ocrx_word' id='word_1_27' title='bbox 385 173 415 199; x_wconf 88' lang='grc' dir='ltr'>Εἰ</span> <span class='ocrx_word' id='word_1_28' title='bbox 438 172 491 208; x_wconf 82' lang='grc' dir='ltr'>γὰρ</span> <span class='ocrx_word' id='word_1_29' title='bbox 509 170 548 204; x_wconf 64' lang='grc' dir='ltr'>οῖς</span> <span class='ocrx_word' id='word_1_30' title='bbox 574 174 656 208; x_wconf 84' lang='grc' dir='ltr'>γεννᾷ</span> <span class='ocrx_word' id='word_1_31' title='bbox 677 173 828 200; x_wconf 76' lang='grc' dir='ltr'><strong>τελειοῦται</strong></span> 
     </span>
    </p>
   </div>
   <div class='ocr_carea' id='block_1_7' title="bbox 13 213 829 256">
    <p class='ocr_par' dir='ltr' id='par_1_7' title="bbox 13 213 829 256">
     <span class='ocr_line' id='line_1_7' title="bbox 13 213 829 256; baseline 0.011 -17"><span class='ocrx_word' id='word_1_32' title='bbox 13 213 57 244; x_wconf 73' lang='lat' dir='ltr'><strong>El;</strong></span> <span class='ocrx_word' id='word_1_33' title='bbox 81 216 211 249; x_wconf 76' lang='grc' dir='ltr'>κακίαν,</span> <span class='ocrx_word' id='word_1_34' title='bbox 222 217 317 252; x_wconf 81' lang='grc' dir='ltr'>ἀτελὴς</span> <span class='ocrx_word' id='word_1_35' title='bbox 331 215 365 253; x_wconf 83' lang='grc' dir='ltr'>ἧν</span> <span class='ocrx_word' id='word_1_36' title='bbox 383 219 399 253; x_wconf 83' lang='grc' dir='ltr'>ἡ</span> <span class='ocrx_word' id='word_1_37' title='bbox 415 219 508 251; x_wconf 81' lang='grc' dir='ltr'><strong>κακία,</strong></span> <span class='ocrx_word' id='word_1_38' title='bbox 522 219 569 246; x_wconf 77' lang='grc' dir='ltr'>καὶ</span> <span class='ocrx_word' id='word_1_39' title='bbox 588 221 637 247; x_wconf 87' lang='grc' dir='ltr'>οὐκ</span> <span class='ocrx_word' id='word_1_40' title='bbox 649 218 683 255; x_wconf 82' lang='grc' dir='ltr'>ἦν</span> <span class='ocrx_word' id='word_1_41' title='bbox 700 222 729 248; x_wconf 80' lang='grc' dir='ltr'>ὲν</span> <span class='ocrx_word' id='word_1_42' title='bbox 744 220 829 256; x_wconf 78' lang='grc' dir='ltr'>ἀκρό-</span> 
     </span>
    </p>
   </div>
   <div class='ocr_carea' id='block_1_8' title="bbox 13 262 828 300">
    <p class='ocr_par' dir='ltr' id='par_1_8' title="bbox 13 262 828 300">
     <span class='ocr_line' id='line_1_8' title="bbox 13 262 828 300; baseline 0.011 -16"><span class='ocrx_word' id='word_1_43' title='bbox 13 265 83 292; x_wconf 66' lang='grc' dir='ltr'>τητι</span> <span class='ocrx_word' id='word_1_44' title='bbox 102 262 234 293; x_wconf 66' lang='grc' dir='ltr'>καικίαςε</span> <span class='ocrx_word' id='word_1_45' title='bbox 250 263 274 288; x_wconf 70' lang='grc' dir='ltr'>εἰ</span> <span class='ocrx_word' id='word_1_46' title='bbox 297 263 324 288; x_wconf 74' lang='grc' dir='ltr'><strong>δὲ</strong></span> <span class='ocrx_word' id='word_1_47' title='bbox 339 263 430 290; x_wconf 74' lang='grc' dir='ltr'>τελεία</span> <span class='ocrx_word' id='word_1_48' title='bbox 447 265 493 290; x_wconf 76' lang='grc' dir='ltr'><strong>καὶ</strong></span> <span class='ocrx_word' id='word_1_49' title='bbox 512 265 594 300; x_wconf 77' lang='grc' dir='ltr'>ἄκρα,</span> <span class='ocrx_word' id='word_1_50' title='bbox 613 266 683 292; x_wconf 82' lang='grc' dir='ltr'>κατὰ</span> <span class='ocrx_word' id='word_1_51' title='bbox 696 266 741 292; x_wconf 84' lang='grc' dir='ltr'>τὸν</span> <span class='ocrx_word' id='word_1_52' title='bbox 764 266 828 293; x_wconf 76' lang='grc' dir='ltr'>ἴδιον</span> 
     </span>
    </p>
   </div>
   <div class='ocr_carea' id='block_1_9' title="bbox 13 303 828 345">
    <p class='ocr_par' dir='ltr' id='par_1_9' title="bbox 13 303 828 345">
     <span class='ocr_line' id='line_1_9' title="bbox 13 303 828 345; baseline 0.012 -16"><span class='ocrx_word' id='word_1_53' title='bbox 13 303 118 338; x_wconf 70' lang='grc' dir='ltr'>λόγον,</span> <span class='ocrx_word' id='word_1_54' title='bbox 138 307 262 344; x_wconf 75' lang='grc' dir='ltr'>ἑκάτερα</span> <span class='ocrx_word' id='word_1_55' title='bbox 279 309 417 342; x_wconf 79' lang='grc' dir='ltr'>τάναντία,</span> <span class='ocrx_word' id='word_1_56' title='bbox 438 309 564 345; x_wconf 84' lang='grc' dir='ltr'><strong>οὐδαμῶς</strong></span> <span class='ocrx_word' id='word_1_57' title='bbox 575 311 737 344; x_wconf 81' lang='grc' dir='ltr'>αὐξάνεσθαι</span> <span class='ocrx_word' id='word_1_58' title='bbox 757 312 828 345; x_wconf 82' lang='grc' dir='ltr'>δόξει</span> 
     </span>
    </p>
   </div>
   <div class='ocr_carea' id='block_1_10' title="bbox 13 352 827 393">
    <p class='ocr_par' dir='ltr' id='par_1_10' title="bbox 13 352 827 393">
     <span class='ocr_line' id='line_1_10' title="bbox 13 352 827 393; baseline 0.011 -17"><span class='ocrx_word' id='word_1_59' title='bbox 13 352 29 385; x_wconf 79' lang='grc' dir='ltr'><strong>ή</strong></span> <span class='ocrx_word' id='word_1_60' title='bbox 50 352 155 379; x_wconf 80' lang='grc' dir='ltr'>κακία</span> <span class='ocrx_word' id='word_1_61' title='bbox 180 353 223 380; x_wconf 71' lang='grc' dir='ltr'>διὰ</span> <span class='ocrx_word' id='word_1_62' title='bbox 237 354 290 381; x_wconf 84' lang='grc' dir='ltr'>τῶν</span> <span class='ocrx_word' id='word_1_63' title='bbox 313 355 537 390; x_wconf 67' lang='grc' dir='ltr'>προϐολῶνμοὺδὲ</span> <span class='ocrx_word' id='word_1_64' title='bbox 559 356 768 393; x_wconf 76' lang='grc' dir='ltr'>θαρσαλεωτέρα</span> <span class='ocrx_word' id='word_1_65' title='bbox 781 367 827 393; x_wconf 82' lang='grc' dir='ltr'>γε-</span> 
     </span>
    </p>
   </div>
   <div class='ocr_carea' id='block_1_11' title="bbox 13 398 825 440">
    <p class='ocr_par' dir='ltr' id='par_1_11' title="bbox 13 398 825 440">
     <span class='ocr_line' id='line_1_11' title="bbox 13 398 825 440; baseline 0.01 -17"><span class='ocrx_word' id='word_1_66' title='bbox 13 398 160 432; x_wconf 69' lang='grc' dir='ltr'>νήσεται,</span> <span class='ocrx_word' id='word_1_67' title='bbox 175 400 270 436; x_wconf 82' lang='grc' dir='ltr'>λογικὴ</span> <span class='ocrx_word' id='word_1_68' title='bbox 285 401 323 436; x_wconf 85' lang='grc' dir='ltr'>μὴ</span> <span class='ocrx_word' id='word_1_69' title='bbox 335 399 413 435; x_wconf 78' lang='grc' dir='ltr'>οὖσα,</span> <span class='ocrx_word' id='word_1_70' title='bbox 428 402 487 429; x_wconf 76' lang='grc' dir='ltr'>οὐδὲ</span> <span class='ocrx_word' id='word_1_71' title='bbox 504 403 572 438; x_wconf 79' lang='grc' dir='ltr'>πρὸς</span> <span class='ocrx_word' id='word_1_72' title='bbox 587 403 748 440; x_wconf 80' lang='grc' dir='ltr'>ἐπικουρίαν</span> <span class='ocrx_word' id='word_1_73' title='bbox 762 405 825 431; x_wconf 81' lang='grc' dir='ltr'>ἐαυ-</span> 
     </span>
    </p>
   </div>
   <div class='ocr_carea' id='block_1_12' title="bbox 13 444 824 486">
    <p class='ocr_par' dir='ltr' id='par_1_12' title="bbox 13 444 824 486">
     <span class='ocr_line' id='line_1_12' title="bbox 13 444 824 486; baseline 0.002 -11"><span class='ocrx_word' id='word_1_74' title='bbox 13 444 67 478; x_wconf 56' lang='lat' dir='ltr'><strong>ﬁ1;</strong></span> <span class='ocrx_word' id='word_1_75' title='bbox 96 446 318 482; x_wconf 65' lang='grc' dir='ltr'>παραλήψεταυ</span> <span class='ocrx_word' id='word_1_76' title='bbox 344 447 413 480; x_wconf 77' lang='grc' dir='ltr'>δόξει</span> <span class='ocrx_word' id='word_1_77' title='bbox 434 449 488 485; x_wconf 75' lang='grc' dir='ltr'>γὰρ</span> <span class='ocrx_word' id='word_1_78' title='bbox 516 450 569 485; x_wconf 80' lang='grc' dir='ltr'>πρὸ</span> <span class='ocrx_word' id='word_1_79' title='bbox 593 450 642 486; x_wconf 77' lang='grc' dir='ltr'>τῆς</span> <span class='ocrx_word' id='word_1_80' title='bbox 666 450 824 482; x_wconf 75' lang='grc' dir='ltr'>τεκνώσεως</span> 
     </span>
    </p>
   </div>
   <div class='ocr_carea' id='block_1_13' title="bbox 13 491 821 532">
    <p class='ocr_par' dir='ltr' id='par_1_13' title="bbox 13 491 821 532">
     <span class='ocr_line' id='line_1_13' title="bbox 13 491 821 532; baseline 0.007 -15"><span class='ocrx_word' id='word_1_81' title='bbox 13 491 129 527; x_wconf 74' lang='grc' dir='ltr'>ἀτελὴς</span> <span class='ocrx_word' id='word_1_82' title='bbox 154 493 295 527; x_wconf 78' lang='grc' dir='ltr'>γεγονέναι</span> <span class='ocrx_word' id='word_1_83' title='bbox 318 494 347 520; x_wconf 81' lang='grc' dir='ltr'>οὐ</span> <span class='ocrx_word' id='word_1_84' title='bbox 371 496 450 530; x_wconf 84' lang='grc' dir='ltr'>μόνον</span> <span class='ocrx_word' id='word_1_85' title='bbox 477 495 545 532; x_wconf 70' lang='grc' dir='ltr'>πρὸς</span> <span class='ocrx_word' id='word_1_86' title='bbox 564 496 663 523; x_wconf 85' lang='grc' dir='ltr'>κακίαν</span> <span class='ocrx_word' id='word_1_87' title='bbox 685 497 700 532; x_wconf 86' lang='grc' dir='ltr'>ἡ</span> <span class='ocrx_word' id='word_1_88' title='bbox 721 496 821 528; x_wconf 85' lang='grc' dir='ltr'>κακία,</span> 
     </span>
    </p>
   </div>
   <div class='ocr_carea' id='block_1_14' title="bbox 13 537 825 577">
    <p class='ocr_par' dir='ltr' id='par_1_14' title="bbox 13 537 825 577">
     <span class='ocr_line' id='line_1_14' title="bbox 13 537 825 577; baseline 0.007 -15"><span class='ocrx_word' id='word_1_89' title='bbox 13 537 88 563; x_wconf 66' lang='grc' dir='ltr'>ἀλλὰ</span> <span class='ocrx_word' id='word_1_90' title='bbox 118 539 174 564; x_wconf 75' lang='grc' dir='ltr'>καὶ</span> <span class='ocrx_word' id='word_1_91' title='bbox 199 539 266 575; x_wconf 75' lang='grc' dir='ltr'>πρὸς</span> <span class='ocrx_word' id='word_1_92' title='bbox 294 541 370 575; x_wconf 76' lang='grc' dir='ltr'>ἰσχὺν</span> <span class='ocrx_word' id='word_1_93' title='bbox 393 542 440 568; x_wconf 75' lang='grc' dir='ltr'><strong>καὶ</strong></span> <span class='ocrx_word' id='word_1_94' title='bbox 462 541 556 577; x_wconf 80' lang='grc' dir='ltr'>ῥώμην</span> <span class='ocrx_word' id='word_1_95' title='bbox 597 542 665 577; x_wconf 85' lang='grc' dir='ltr'>ὅπερ</span> <span class='ocrx_word' id='word_1_96' title='bbox 685 541 825 576; x_wconf 79' lang='grc' dir='ltr'>ἀλλότριον</span> 
     </span>
    </p>
   </div>
   <div class='ocr_carea' id='block_1_15' title="bbox 13 585 196 620">
    <p class='ocr_par' dir='ltr' id='par_1_15' title="bbox 13 585 196 620">
     <span class='ocr_line' id='line_1_15' title="bbox 13 585 196 620; baseline 0.016 -11"><span class='ocrx_word' id='word_1_97' title='bbox 13 585 66 617; x_wconf 79' lang='grc' dir='ltr'><strong>αγε</strong></span> <span class='ocrx_word' id='word_1_98' title='bbox 70 585 184 620; x_wconf 81' lang='grc' dir='ltr'>ννήτου</span> <span class='ocrx_word' id='word_1_99' title='bbox 189 605 196 612; x_wconf 89' lang='grc'><strong>.</strong></span> 
     </span>
    </p>
   </div>
   <div class='ocr_carea' id='block_1_16' title="bbox 883 173 1671 213">
    <p class='ocr_par' dir='ltr' id='par_1_16' title="bbox 883 173 1671 213">
     <span class='ocr_line' id='line_1_16' title="bbox 883 173 1671 213; baseline 0.005 -13"><span class='ocrx_word' id='word_1_100' title='bbox 883 173 1010 209; x_wconf 82' lang='lat' dir='ltr'><strong>Satanas)</strong></span> <span class='ocrx_word' id='word_1_101' title='bbox 1032 174 1189 202; x_wconf 84' lang='lat' dir='ltr'><strong>accessione</strong></span> <span class='ocrx_word' id='word_1_102' title='bbox 1214 176 1335 203; x_wconf 81' lang='lat' dir='ltr'><strong>sobolis?</strong></span> <span class='ocrx_word' id='word_1_103' title='bbox 1357 177 1381 204; x_wconf 90' lang='lat' dir='ltr'><strong>si</strong></span> <span class='ocrx_word' id='word_1_104' title='bbox 1398 177 1469 204; x_wconf 84' lang='lat' dir='ltr'><strong>enim</strong></span> <span class='ocrx_word' id='word_1_105' title='bbox 1492 177 1526 204; x_wconf 89' lang='lat' dir='ltr'><strong>iis</strong></span> <span class='ocrx_word' id='word_1_106' title='bbox 1543 185 1612 212; x_wconf 87' lang='lat' dir='ltr'><strong>quos</strong></span> <span class='ocrx_word' id='word_1_107' title='bbox 1630 178 1671 213; x_wconf 77' lang='lat' dir='ltr'><strong>gi—</strong></span> 
     </span>
    </p>
   </div>
   <div class='ocr_carea' id='block_1_17' title="bbox 881 220 1670 258">
    <p class='ocr_par' dir='ltr' id='par_1_17' title="bbox 881 220 1670 258">
     <span class='ocr_line' id='line_1_17' title="bbox 881 220 1670 258; baseline 0.006 -12"><span class='ocrx_word' id='word_1_108' title='bbox 881 220 991 254; x_wconf 79' lang='lat' dir='ltr'><strong>gnebat,</strong></span> <span class='ocrx_word' id='word_1_109' title='bbox 1009 220 1042 248; x_wconf 87' lang='lat' dir='ltr'><strong>ad</strong></span> <span class='ocrx_word' id='word_1_110' title='bbox 1056 221 1205 256; x_wconf 81' lang='lat' dir='ltr'><strong>nequitiam</strong></span> <span class='ocrx_word' id='word_1_111' title='bbox 1217 222 1367 256; x_wconf 81' lang='lat' dir='ltr'><strong>perﬁcitur,</strong></span> <span class='ocrx_word' id='word_1_112' title='bbox 1379 222 1537 258; x_wconf 80' lang='lat' dir='ltr'><strong>imperfecta</strong></span> <span class='ocrx_word' id='word_1_113' title='bbox 1550 228 1609 250; x_wconf 71' lang='lat' dir='ltr'><strong>erat</strong></span> <span class='ocrx_word' id='word_1_114' title='bbox 1621 232 1670 251; x_wconf 88' lang='lat' dir='ltr'><strong>ne-</strong></span> 
     </span>
    </p>
   </div>
   <div class='ocr_carea' id='block_1_18' title="bbox 881 266 1667 304">
    <p class='ocr_par' dir='ltr' id='par_1_18' title="bbox 881 266 1667 304">
     <span class='ocr_line' id='line_1_18' title="bbox 881 266 1667 304; baseline 0.004 -11"><span class='ocrx_word' id='word_1_115' title='bbox 881 266 978 301; x_wconf 84' lang='lat' dir='ltr'><strong>quitia,</strong></span> <span class='ocrx_word' id='word_1_116' title='bbox 995 270 1021 294; x_wconf 78' lang='lat' dir='ltr'><strong>et</strong></span> <span class='ocrx_word' id='word_1_117' title='bbox 1037 274 1090 293; x_wconf 89' lang='lat' dir='ltr'><strong>non</strong></span> <span class='ocrx_word' id='word_1_118' title='bbox 1107 271 1166 293; x_wconf 86' lang='lat' dir='ltr'><strong>erat</strong></span> <span class='ocrx_word' id='word_1_119' title='bbox 1187 267 1214 293; x_wconf 90' lang='lat' dir='ltr'><strong>in</strong></span> <span class='ocrx_word' id='word_1_120' title='bbox 1230 275 1336 294; x_wconf 85' lang='lat' dir='ltr'><strong>summo</strong></span> <span class='ocrx_word' id='word_1_121' title='bbox 1349 272 1375 294; x_wconf 83' lang='lat' dir='ltr'><strong>et</strong></span> <span class='ocrx_word' id='word_1_122' title='bbox 1389 267 1497 302; x_wconf 78' lang='lat' dir='ltr'><strong>fastigio</strong></span> <span class='ocrx_word' id='word_1_123' title='bbox 1518 269 1667 304; x_wconf 63' lang='lat' dir='ltr'><strong>nequitiae:</strong></span> 
     </span>
    </p>
   </div>
   <div class='ocr_carea' id='block_1_19' title="bbox 881 312 1670 348">
    <p class='ocr_par' dir='ltr' id='par_1_19' title="bbox 881 312 1670 348">
     <span class='ocr_line' id='line_1_19' title="bbox 881 312 1670 348; baseline 0.003 -9"><span class='ocrx_word' id='word_1_124' title='bbox 881 312 924 340; x_wconf 75' lang='lat' dir='ltr'><strong>sin</strong></span> <span class='ocrx_word' id='word_1_125' title='bbox 942 320 1005 340; x_wconf 82' lang='lat' dir='ltr'><strong>vero</strong></span> <span class='ocrx_word' id='word_1_126' title='bbox 1024 317 1083 340; x_wconf 89' lang='lat' dir='ltr'><strong>erat</strong></span> <span class='ocrx_word' id='word_1_127' title='bbox 1099 313 1220 348; x_wconf 79' lang='lat' dir='ltr'><strong>perfecta</strong></span> <span class='ocrx_word' id='word_1_128' title='bbox 1244 318 1271 340; x_wconf 85' lang='lat' dir='ltr'><strong>et</strong></span> <span class='ocrx_word' id='word_1_129' title='bbox 1296 320 1402 340; x_wconf 86' lang='lat' dir='ltr'><strong>summa</strong></span> <span class='ocrx_word' id='word_1_130' title='bbox 1415 314 1563 341; x_wconf 89' lang='lat' dir='ltr'><strong>secundum</strong></span> <span class='ocrx_word' id='word_1_131' title='bbox 1584 315 1670 341; x_wconf 87' lang='lat' dir='ltr'><strong>ratio-</strong></span> 
     </span>
    </p>
   </div>
   <div class='ocr_carea' id='block_1_20' title="bbox 880 358 1668 395">
    <p class='ocr_par' dir='ltr' id='par_1_20' title="bbox 880 358 1668 395">
     <span class='ocr_line' id='line_1_20' title="bbox 880 358 1668 395; baseline 0.003 -11"><span class='ocrx_word' id='word_1_132' title='bbox 880 365 942 385; x_wconf 85' lang='lat' dir='ltr'><strong>nem</strong></span> <span class='ocrx_word' id='word_1_133' title='bbox 958 359 1107 394; x_wconf 83' lang='lat' dir='ltr'><strong>propriam,</strong></span> <span class='ocrx_word' id='word_1_134' title='bbox 1123 366 1221 386; x_wconf 84' lang='lat' dir='ltr'><strong>rursus</strong></span> <span class='ocrx_word' id='word_1_135' title='bbox 1237 358 1349 386; x_wconf 88' lang='lat' dir='ltr'><strong>minime</strong></span> <span class='ocrx_word' id='word_1_136' title='bbox 1364 358 1500 386; x_wconf 86' lang='lat' dir='ltr'><strong>videbitur</strong></span> <span class='ocrx_word' id='word_1_137' title='bbox 1514 360 1606 395; x_wconf 77' lang='lat' dir='ltr'><strong>augeri</strong></span> <span class='ocrx_word' id='word_1_138' title='bbox 1623 368 1668 386; x_wconf 84' lang='lat' dir='ltr'><strong>ne-</strong></span> 
     </span>
    </p>
   </div>
   <div class='ocr_carea' id='block_1_21' title="bbox 878 404 1668 441">
    <p class='ocr_par' dir='ltr' id='par_1_21' title="bbox 878 404 1668 441">
     <span class='ocr_line' id='line_1_21' title="bbox 878 404 1668 441; baseline 0.004 -10"><span class='ocrx_word' id='word_1_139' title='bbox 878 404 964 438; x_wconf 87' lang='lat' dir='ltr'><strong>quitia</strong></span> <span class='ocrx_word' id='word_1_140' title='bbox 982 412 1031 439; x_wconf 87' lang='lat' dir='ltr'><strong>per</strong></span> <span class='ocrx_word' id='word_1_141' title='bbox 1054 405 1275 439; x_wconf 80' lang='lat' dir='ltr'><strong>propagationem</strong></span> <span class='ocrx_word' id='word_1_142' title='bbox 1296 409 1496 440; x_wconf 75' lang='lat' dir='ltr'><strong>generatorum,</strong></span> <span class='ocrx_word' id='word_1_143' title='bbox 1517 414 1604 441; x_wconf 88' lang='lat' dir='ltr'><strong>neque</strong></span> <span class='ocrx_word' id='word_1_144' title='bbox 1622 406 1668 434; x_wconf 84' lang='lat' dir='ltr'><strong>ﬁet</strong></span> 
     </span>
    </p>
   </div>
   <div class='ocr_carea' id='block_1_22' title="bbox 876 449 1668 488">
    <p class='ocr_par' dir='ltr' id='par_1_22' title="bbox 876 449 1668 488">
     <span class='ocr_line' id='line_1_22' title="bbox 876 449 1668 488; baseline 0.006 -12"><span class='ocrx_word' id='word_1_145' title='bbox 876 449 1006 477; x_wconf 77' lang='lat' dir='ltr'><strong>audacior</strong></span> <span class='ocrx_word' id='word_1_146' title='bbox 1013 455 1038 477; x_wconf 87' lang='lat' dir='ltr'><strong>et</strong></span> <span class='ocrx_word' id='word_1_147' title='bbox 1048 450 1240 485; x_wconf 65' lang='lat' dir='ltr'><strong>praetidentior,</strong></span> <span class='ocrx_word' id='word_1_148' title='bbox 1253 459 1315 477; x_wconf 89' lang='lat' dir='ltr'><strong>cum</strong></span> <span class='ocrx_word' id='word_1_149' title='bbox 1323 458 1377 478; x_wconf 90' lang='lat' dir='ltr'><strong>non</strong></span> <span class='ocrx_word' id='word_1_150' title='bbox 1388 451 1424 478; x_wconf 86' lang='lat' dir='ltr'><strong>sit</strong></span> <span class='ocrx_word' id='word_1_151' title='bbox 1437 453 1571 488; x_wconf 75' lang='lat' dir='ltr'><strong>particeps</strong></span> <span class='ocrx_word' id='word_1_152' title='bbox 1582 454 1668 481; x_wconf 90' lang='lat' dir='ltr'><strong>ratio-</strong></span> 
     </span>
    </p>
   </div>
   <div class='ocr_carea' id='block_1_23' title="bbox 875 496 1664 534">
    <p class='ocr_par' dir='ltr' id='par_1_23' title="bbox 875 496 1664 534">
     <span class='ocr_line' id='line_1_23' title="bbox 875 496 1664 534; baseline 0.005 -11"><span class='ocrx_word' id='word_1_153' title='bbox 875 497 936 530; x_wconf 87' lang='lat' dir='ltr'><strong>nis;</strong></span> <span class='ocrx_word' id='word_1_154' title='bbox 962 504 1012 524; x_wconf 86' lang='lat' dir='ltr'><strong>nec</strong></span> <span class='ocrx_word' id='word_1_155' title='bbox 1030 496 1064 524; x_wconf 82' lang='lat' dir='ltr'><strong>ad</strong></span> <span class='ocrx_word' id='word_1_156' title='bbox 1080 497 1210 524; x_wconf 79' lang='lat' dir='ltr'><strong>auxilium</strong></span> <span class='ocrx_word' id='word_1_157' title='bbox 1227 505 1306 524; x_wconf 84' lang='lat' dir='ltr'><strong>suum</strong></span> <span class='ocrx_word' id='word_1_158' title='bbox 1322 497 1460 525; x_wconf 86' lang='lat' dir='ltr'><strong>adhibebit</strong></span> <span class='ocrx_word' id='word_1_159' title='bbox 1471 506 1540 534; x_wconf 90' lang='lat' dir='ltr'><strong>quos</strong></span> <span class='ocrx_word' id='word_1_160' title='bbox 1555 500 1664 534; x_wconf 75' lang='lat' dir='ltr'><strong>genuit;</strong></span> 
     </span>
    </p>
   </div>
   <div class='ocr_carea' id='block_1_24' title="bbox 878 542 1664 580">
    <p class='ocr_par' dir='ltr' id='par_1_24' title="bbox 878 542 1664 580">
     <span class='ocr_line' id='line_1_24' title="bbox 878 542 1664 580; baseline 0.005 -11"><span class='ocrx_word' id='word_1_161' title='bbox 878 542 979 578; x_wconf 87' lang='lat' dir='ltr'><strong>alioqui</strong></span> <span class='ocrx_word' id='word_1_162' title='bbox 1000 543 1134 570; x_wconf 80' lang='lat' dir='ltr'><strong>videbitur</strong></span> <span class='ocrx_word' id='word_1_163' title='bbox 1157 547 1300 578; x_wconf 83' lang='lat' dir='ltr'><strong>antequam</strong></span> <span class='ocrx_word' id='word_1_164' title='bbox 1316 549 1489 578; x_wconf 79' lang='lat' dir='ltr'><strong>procrearet,</strong></span> <span class='ocrx_word' id='word_1_165' title='bbox 1508 545 1664 580; x_wconf 79' lang='lat' dir='ltr'><strong>imperfecta</strong></span> 
     </span>
    </p>
   </div>
   <div class='ocr_carea' id='block_1_25' title="bbox 880 588 1665 625">
    <p class='ocr_par' dir='ltr' id='par_1_25' title="bbox 880 588 1665 625">
     <span class='ocr_line' id='line_1_25' title="bbox 880 588 1665 625; baseline 0.005 -10"><span class='ocrx_word' id='word_1_166' title='bbox 880 588 965 616; x_wconf 82' lang='lat' dir='ltr'><strong>fuisse</strong></span> <span class='ocrx_word' id='word_1_167' title='bbox 989 597 1043 616; x_wconf 92' lang='lat' dir='ltr'><strong>non</strong></span> <span class='ocrx_word' id='word_1_168' title='bbox 1071 589 1158 616; x_wconf 90' lang='lat' dir='ltr'><strong>solum</strong></span> <span class='ocrx_word' id='word_1_169' title='bbox 1181 590 1301 624; x_wconf 87' lang='lat' dir='ltr'><strong>nequitia</strong></span> <span class='ocrx_word' id='word_1_170' title='bbox 1322 590 1357 617; x_wconf 86' lang='lat' dir='ltr'><strong>ad</strong></span> <span class='ocrx_word' id='word_1_171' title='bbox 1377 591 1538 625; x_wconf 88' lang='lat' dir='ltr'><strong>nequitiam,</strong></span> <span class='ocrx_word' id='word_1_172' title='bbox 1563 591 1610 619; x_wconf 89' lang='lat' dir='ltr'><strong>sed</strong></span> <span class='ocrx_word' id='word_1_173' title='bbox 1631 591 1665 619; x_wconf 86' lang='lat' dir='ltr'><strong>ad</strong></span> 
     </span>
    </p>
   </div>
   <div class='ocr_carea' id='block_1_26' title="bbox 879 634 1591 672">
    <p class='ocr_par' dir='ltr' id='par_1_26' title="bbox 879 634 1591 672">
     <span class='ocr_line' id='line_1_26' title="bbox 879 634 1591 672; baseline 0.006 -11"><span class='ocrx_word' id='word_1_174' title='bbox 879 634 949 662; x_wconf 89' lang='lat' dir='ltr'><strong>vires</strong></span> <span class='ocrx_word' id='word_1_175' title='bbox 970 639 996 662; x_wconf 87' lang='lat' dir='ltr'><strong>et</strong></span> <span class='ocrx_word' id='word_1_176' title='bbox 1009 635 1110 668; x_wconf 89' lang='lat' dir='ltr'><strong>robur;</strong></span> <span class='ocrx_word' id='word_1_177' title='bbox 1126 635 1198 670; x_wconf 85' lang='lat' dir='ltr'><strong>quod</strong></span> <span class='ocrx_word' id='word_1_178' title='bbox 1212 635 1330 662; x_wconf 76' lang='lat' dir='ltr'><strong>atienuin</strong></span> <span class='ocrx_word' id='word_1_179' title='bbox 1346 640 1389 664; x_wconf 85' lang='lat' dir='ltr'><strong>est</strong></span> <span class='ocrx_word' id='word_1_180' title='bbox 1403 637 1438 664; x_wconf 83' lang='lat' dir='ltr'><strong>ab</strong></span> <span class='ocrx_word' id='word_1_181' title='bbox 1459 637 1591 672; x_wconf 74' lang='lat' dir='ltr'><strong>ingenito.</strong></span> 
     </span>
    </p>
   </div>
   <div class='ocr_carea' id='block_1_27' title="bbox 368 688 1327 724">
    <p class='ocr_par' dir='ltr' id='par_1_27' title="bbox 368 688 1327 724">
     <span class='ocr_line' id='line_1_27' title="bbox 368 688 1327 724; baseline 0.004 -10"><span class='ocrx_word' id='word_1_182' title='bbox 368 688 433 715; x_wconf 78' lang='lat' dir='ltr'><strong>CAP.</strong></span> <span class='ocrx_word' id='word_1_183' title='bbox 454 688 524 716; x_wconf 73' lang='lat' dir='ltr'><strong>XVI.</strong></span> <span class='ocrx_word' id='word_1_184' title='bbox 540 688 641 716; x_wconf 83' lang='lat' dir='ltr'><strong>Seditio</strong></span> <span class='ocrx_word' id='word_1_185' title='bbox 661 689 729 716; x_wconf 81' lang='lat' dir='ltr'><strong>inter</strong></span> <span class='ocrx_word' id='word_1_186' title='bbox 741 695 819 717; x_wconf 82' lang='lat' dir='ltr'><strong>natos</strong></span> <span class='ocrx_word' id='word_1_187' title='bbox 835 690 901 717; x_wconf 85' lang='lat' dir='ltr'><strong>mali</strong></span> <span class='ocrx_word' id='word_1_188' title='bbox 921 690 1053 724; x_wconf 83' lang='lat' dir='ltr'><strong>principii.</strong></span> <span class='ocrx_word' id='word_1_189' title='bbox 1071 690 1209 723; x_wconf 82' lang='lat' dir='ltr'><strong>Quomodo</strong></span> <span class='ocrx_word' id='word_1_190' title='bbox 1223 690 1327 718; x_wconf 72' lang='lat' dir='ltr'><strong>sedata.</strong></span> 
     </span>
    </p>
   </div>
   <div class='ocr_carea' id='block_1_28' title="bbox 49 732 821 771">
    <p class='ocr_par' dir='ltr' id='par_1_28' title="bbox 49 732 821 771">
     <span class='ocr_line' id='line_1_28' title="bbox 49 732 821 771; baseline 0.004 -13"><span class='ocrx_word' id='word_1_191' title='bbox 49 732 112 758; x_wconf 77' lang='grc' dir='ltr'><strong>Τὸν</strong></span> <span class='ocrx_word' id='word_1_192' title='bbox 137 733 168 759; x_wconf 80' lang='grc' dir='ltr'>δὲ</span> <span class='ocrx_word' id='word_1_193' title='bbox 194 733 292 768; x_wconf 81' lang='grc' dir='ltr'>τρόπον</span> <span class='ocrx_word' id='word_1_194' title='bbox 317 733 367 769; x_wconf 78' lang='grc' dir='ltr'>τῆς</span> <span class='ocrx_word' id='word_1_195' title='bbox 393 735 603 767; x_wconf 76' lang='grc' dir='ltr'><strong>ἐπαναστάσεως</strong></span> <span class='ocrx_word' id='word_1_196' title='bbox 627 735 821 771; x_wconf 71' lang='grc' dir='ltr'><strong>εἰσηγούμενος</strong></span> 
     </span>
    </p>
   </div>
   <div class='ocr_carea' id='block_1_29' title="bbox 911 735 1662 772">
    <p class='ocr_par' dir='ltr' id='par_1_29' title="bbox 911 735 1662 772">
     <span class='ocr_line' id='line_1_29' title="bbox 911 735 1662 772; baseline 0.007 -11"><span class='ocrx_word' id='word_1_197' title='bbox 911 735 1066 771; x_wconf 82' lang='lat' dir='ltr'><strong>Explanans</strong></span> <span class='ocrx_word' id='word_1_198' title='bbox 1081 739 1171 763; x_wconf 83' lang='lat' dir='ltr'><strong>autem</strong></span> <span class='ocrx_word' id='word_1_199' title='bbox 1187 736 1297 764; x_wconf 89' lang='lat' dir='ltr'><strong>modum</strong></span> <span class='ocrx_word' id='word_1_200' title='bbox 1314 736 1457 764; x_wconf 87' lang='lat' dir='ltr'><strong>seditionis</strong></span> <span class='ocrx_word' id='word_1_201' title='bbox 1472 737 1555 772; x_wconf 86' lang='lat' dir='ltr'><strong>hujus</strong></span> <span class='ocrx_word' id='word_1_202' title='bbox 1573 738 1662 772; x_wconf 60' lang='lat' dir='ltr'><strong>facta,</strong></span> 
     </span>
    </p>
   </div>
   <div class='ocr_carea' id='block_1_30' title="bbox 13 774 804 817">
    <p class='ocr_par' dir='ltr' id='par_1_30' title="bbox 13 774 804 817">
     <span class='ocr_line' id='line_1_30' title="bbox 13 774 804 817; baseline 0.006 -14"><span class='ocrx_word' id='word_1_203' title='bbox 13 774 152 814; x_wconf 55' lang='grc' dir='ltr'>ταὸτηςξ</span> <span class='ocrx_word' id='word_1_204' title='bbox 170 780 253 815; x_wconf 76' lang='grc' dir='ltr'>φησιν</span> <span class='ocrx_word' id='word_1_205' title='bbox 263 788 270 795; x_wconf 91' lang='grc'><strong>·</strong></span> <span class='ocrx_word' id='word_1_206' title='bbox 288 780 424 807; x_wconf 75' lang='grc' dir='ltr'>Ἤλαυνον</span> <span class='ocrx_word' id='word_1_207' title='bbox 436 781 483 807; x_wconf 77' lang='grc' dir='ltr'>καὶ</span> <span class='ocrx_word' id='word_1_208' title='bbox 497 781 642 817; x_wconf 71' lang='grc' dir='ltr'><strong>κατήσθιον</strong></span> <span class='ocrx_word' id='word_1_209' title='bbox 656 783 679 808; x_wconf 80' lang='lat' dir='ltr'><strong>oi</strong></span> <span class='ocrx_word' id='word_1_210' title='bbox 693 781 722 814; x_wconf 79' lang='grc' dir='ltr'>ἐξ</span> <span class='ocrx_word' id='word_1_211' title='bbox 738 782 804 817; x_wconf 75' lang='grc' dir='ltr'>αὐτῆ</span> 
     </span>
    </p>
   </div>
   <div class='ocr_carea' id='block_1_31' title="bbox 873 774 1663 817">
    <p class='ocr_par' dir='ltr' id='par_1_31' title="bbox 873 781 1663 817">
     <span class='ocr_line' id='line_1_31' title="bbox 873 781 1663 817; baseline 0.006 -9"><span class='ocrx_word' id='word_1_212' title='bbox 873 781 936 815; x_wconf 87' lang='lat' dir='ltr'><strong>Qui,</strong></span> <span class='ocrx_word' id='word_1_213' title='bbox 959 782 1058 817; x_wconf 89' lang='lat' dir='ltr'><strong>inquit,</strong></span> <span class='ocrx_word' id='word_1_214' title='bbox 1082 790 1115 809; x_wconf 82' lang='lat' dir='ltr'><strong>cx</strong></span> <span class='ocrx_word' id='word_1_215' title='bbox 1136 790 1168 809; x_wconf 88' lang='lat' dir='ltr'><strong>ea</strong></span> <span class='ocrx_word' id='word_1_216' title='bbox 1189 782 1244 808; x_wconf 88' lang='lat' dir='ltr'><strong>nali</strong></span> <span class='ocrx_word' id='word_1_217' title='bbox 1263 786 1342 813; x_wconf 87' lang='lat' dir='ltr'><strong>sunt,</strong></span> <span class='ocrx_word' id='word_1_218' title='bbox 1368 789 1397 810; x_wconf 82' lang='lat' dir='ltr'><strong>se</strong></span> <span class='ocrx_word' id='word_1_219' title='bbox 1421 788 1515 811; x_wconf 88' lang='lat' dir='ltr'><strong>mutuo</strong></span> <span class='ocrx_word' id='word_1_220' title='bbox 1539 785 1663 813; x_wconf 83' lang='lat' dir='ltr'><strong>inseetati</strong></span> 
     </span>
    </p>
   </div>
   <div class='ocr_carea' id='block_1_32' title="bbox 13 825 823 864">
    <p class='ocr_par' dir='ltr' id='par_1_32' title="bbox 13 825 823 864">
     <span class='ocr_line' id='line_1_32' title="bbox 13 825 823 864; baseline 0.006 -14"><span class='ocrx_word' id='word_1_221' title='bbox 13 825 171 860; x_wconf 77' lang='grc' dir='ltr'>ἀλλήλοις,</span> <span class='ocrx_word' id='word_1_222' title='bbox 188 826 263 853; x_wconf 65' lang='grc' dir='ltr'>δεινὰ</span> <span class='ocrx_word' id='word_1_223' title='bbox 277 827 324 853; x_wconf 75' lang='grc' dir='ltr'>καὶ</span> <span class='ocrx_word' id='word_1_224' title='bbox 337 827 443 862; x_wconf 74' lang='grc' dir='ltr'>χαλεπὰ</span> <span class='ocrx_word' id='word_1_225' title='bbox 453 828 618 860; x_wconf 77' lang='grc' dir='ltr'>διατιθέντες</span> <span class='ocrx_word' id='word_1_226' title='bbox 627 837 633 843; x_wconf 92' lang='grc'>·</span> <span class='ocrx_word' id='word_1_227' title='bbox 650 829 697 855; x_wconf 81' lang='grc' dir='ltr'>καὶ</span> <span class='ocrx_word' id='word_1_228' title='bbox 713 829 744 855; x_wconf 74' lang='grc' dir='ltr'>οὐ</span> <span class='ocrx_word' id='word_1_229' title='bbox 757 829 823 864; x_wconf 77' lang='grc' dir='ltr'><strong>πρό-</strong></span> 
     </span>
    </p>
   </div>
   <div class='ocr_carea' id='block_1_33' title="bbox 13 872 822 910">
    <p class='ocr_par' dir='ltr' id='par_1_33' title="bbox 13 872 822 910">
     <span class='ocr_line' id='line_1_33' title="bbox 13 872 822 910; baseline 0.006 -14"><span class='ocrx_word' id='word_1_230' title='bbox 13 879 105 906; x_wconf 80' lang='grc' dir='ltr'>τερον</span> <span class='ocrx_word' id='word_1_231' title='bbox 119 872 280 899; x_wconf 75' lang='grc' dir='ltr'>ἐπαύσαντο</span> <span class='ocrx_word' id='word_1_232' title='bbox 296 873 420 908; x_wconf 82' lang='grc' dir='ltr'>ἀλλήλοις</span> <span class='ocrx_word' id='word_1_233' title='bbox 433 874 651 909; x_wconf 80' lang='grc' dir='ltr'>ἐπανιστάμενοι,</span> <span class='ocrx_word' id='word_1_234' title='bbox 670 875 738 910; x_wconf 84' lang='grc' dir='ltr'><strong>αὐτῇ</strong></span> <span class='ocrx_word' id='word_1_235' title='bbox 751 874 822 907; x_wconf 80' lang='grc' dir='ltr'>λέξει</span> 
     </span>
    </p>
   </div>
   <div class='ocr_carea' id='block_1_34' title="bbox 14 917 822 956">
    <p class='ocr_par' dir='ltr' id='par_1_34' title="bbox 14 917 822 956">
     <span class='ocr_line' id='line_1_34' title="bbox 14 917 822 956; baseline 0.005 -12"><span class='ocrx_word' id='word_1_236' title='bbox 14 918 103 952; x_wconf 66' lang='grc' dir='ltr'>φησι,</span> <span class='ocrx_word' id='word_1_237' title='bbox 125 919 228 954; x_wconf 79' lang='grc' dir='ltr'>μέχρις</span> <span class='ocrx_word' id='word_1_238' title='bbox 248 917 278 946; x_wconf 76' lang='grc' dir='ltr'><strong>οὗ</strong></span> <span class='ocrx_word' id='word_1_239' title='bbox 294 918 324 946; x_wconf 77' lang='grc' dir='ltr'><strong>τὸ</strong></span> <span class='ocrx_word' id='word_1_240' title='bbox 345 919 402 954; x_wconf 73' lang='grc' dir='ltr'>φῶς</span> <span class='ocrx_word' id='word_1_241' title='bbox 421 920 469 955; x_wconf 69' lang='grc' dir='ltr'><strong>ὀψέ</strong></span> <span class='ocrx_word' id='word_1_242' title='bbox 492 929 557 947; x_wconf 82' lang='grc' dir='ltr'>ποτε</span> <span class='ocrx_word' id='word_1_243' title='bbox 574 921 736 956; x_wconf 67' lang='grc' dir='ltr'><strong>ἐφώρασαν⁵</strong></span> <span class='ocrx_word' id='word_1_244' title='bbox 759 921 822 948; x_wconf 84' lang='grc' dir='ltr'>διω-</span> 
     </span>
    </p>
   </div>
   <div class='ocr_carea' id='block_1_35' title="bbox 13 964 822 1002">
    <p class='ocr_par' dir='ltr' id='par_1_35' title="bbox 13 964 822 1002">
     <span class='ocr_line' id='line_1_35' title="bbox 13 964 822 1002; baseline 0.006 -13"><span class='ocrx_word' id='word_1_245' title='bbox 13 964 143 999; x_wconf 77' lang='grc' dir='ltr'>κομενοι</span> <span class='ocrx_word' id='word_1_246' title='bbox 156 964 212 1000; x_wconf 77' lang='grc' dir='ltr'><strong>γὰρ</strong></span> <span class='ocrx_word' id='word_1_247' title='bbox 235 965 282 991; x_wconf 79' lang='grc' dir='ltr'><strong>ἀπ’</strong></span> <span class='ocrx_word' id='word_1_248' title='bbox 301 965 435 1001; x_wconf 83' lang='grc' dir='ltr'>ἀλλήλων,</span> <span class='ocrx_word' id='word_1_249' title='bbox 454 966 613 1000; x_wconf 77' lang='grc' dir='ltr'>ἀγνοοῦντες</span> <span class='ocrx_word' id='word_1_250' title='bbox 630 967 688 1002; x_wconf 75' lang='grc' dir='ltr'>μὲν,</span> <span class='ocrx_word' id='word_1_251' title='bbox 703 967 778 1002; x_wconf 82' lang='grc' dir='ltr'>ὅμως</span> <span class='ocrx_word' id='word_1_252' title='bbox 793 967 822 994; x_wconf 82' lang='grc' dir='ltr'><strong>δὲ</strong></span> 
     </span>
    </p>
   </div>
   <div class='ocr_carea' id='block_1_36' title="bbox 15 1010 821 1047">
    <p class='ocr_par' dir='ltr' id='par_1_36' title="bbox 15 1010 821 1047">
     <span class='ocr_line' id='line_1_36' title="bbox 15 1010 821 1047; baseline 0.005 -12"><span class='ocrx_word' id='word_1_253' title='bbox 15 1010 218 1045; x_wconf 73' lang='grc' dir='ltr'>τετολμήκασι</span> <span class='ocrx_word' id='word_1_254' title='bbox 232 1010 279 1037; x_wconf 79' lang='grc' dir='ltr'>καὶ</span> <span class='ocrx_word' id='word_1_255' title='bbox 296 1010 376 1046; x_wconf 69' lang='grc' dir='ltr'>μέχρι</span> <span class='ocrx_word' id='word_1_256' title='bbox 386 1011 433 1038; x_wconf 76' lang='grc' dir='ltr'>τοῦ</span> <span class='ocrx_word' id='word_1_257' title='bbox 451 1011 540 1046; x_wconf 82' lang='grc' dir='ltr'>φωτὸς</span> <span class='ocrx_word' id='word_1_258' title='bbox 555 1012 716 1047; x_wconf 80' lang='grc' dir='ltr'>ἀναχθῆναι.</span> <span class='ocrx_word' id='word_1_259' title='bbox 727 1013 782 1039; x_wconf 77' lang='grc' dir='ltr'><strong>Καὶ</strong></span> <span class='ocrx_word' id='word_1_260' title='bbox 795 1013 821 1039; x_wconf 86' lang='grc' dir='ltr'><strong>τί</strong></span> 
     </span>
    </p>
   </div>
   <div class='ocr_carea' id='block_1_37' title="bbox 13 1055 821 1093">
    <p class='ocr_par' dir='ltr' id='par_1_37' title="bbox 13 1055 821 1093">
     <span class='ocr_line' id='line_1_37' title="bbox 13 1055 821 1093; baseline 0.004 -12"><span class='ocrx_word' id='word_1_261' title='bbox 13 1055 47 1090; x_wconf 75' lang='grc' dir='ltr'><strong>δὴ</strong></span> <span class='ocrx_word' id='word_1_262' title='bbox 65 1056 182 1082; x_wconf 83' lang='grc' dir='ltr'>τούτων</span> <span class='ocrx_word' id='word_1_263' title='bbox 200 1055 403 1092; x_wconf 77' lang='grc' dir='ltr'>ἁπιθανώτερον</span> <span class='ocrx_word' id='word_1_264' title='bbox 417 1057 434 1092; x_wconf 84' lang='grc' dir='ltr'><strong>ἢ</strong></span> <span class='ocrx_word' id='word_1_265' title='bbox 447 1057 663 1093; x_wconf 82' lang='grc' dir='ltr'>μυθωδέστερον;</span> <span class='ocrx_word' id='word_1_266' title='bbox 682 1058 744 1089; x_wconf 80' lang='grc' dir='ltr'>τοὺς</span> <span class='ocrx_word' id='word_1_267' title='bbox 757 1057 821 1092; x_wconf 83' lang='grc' dir='ltr'>μίαν</span> 
     </span>
    </p>
   </div>
   <div class='ocr_carea' id='block_1_38' title="bbox 16 1102 821 1138">
    <p class='ocr_par' dir='ltr' id='par_1_38' title="bbox 16 1102 821 1138">
     <span class='ocr_line' id='line_1_38' title="bbox 16 1102 821 1138; baseline 0.002 -10"><span class='ocrx_word' id='word_1_268' title='bbox 16 1102 70 1135; x_wconf 78' lang='grc' dir='ltr'>μὲν</span> <span class='ocrx_word' id='word_1_269' title='bbox 98 1102 343 1138; x_wconf 75' lang='grc' dir='ltr'>ἐπιγραφομένους</span> <span class='ocrx_word' id='word_1_270' title='bbox 360 1103 482 1138; x_wconf 83' lang='grc' dir='ltr'>μητέρα,</span> <span class='ocrx_word' id='word_1_271' title='bbox 499 1103 644 1138; x_wconf 80' lang='grc' dir='ltr'>συγγενείᾳ</span> <span class='ocrx_word' id='word_1_272' title='bbox 665 1103 693 1129; x_wconf 77' lang='grc' dir='ltr'><strong>δὲ</strong></span> <span class='ocrx_word' id='word_1_273' title='bbox 715 1103 821 1138; x_wconf 81' lang='grc' dir='ltr'>φύσεως</span> 
     </span>
    </p>
   </div>
   <div class='ocr_carea' id='block_1_39' title="bbox 14 1148 820 1185">
    <p class='ocr_par' dir='ltr' id='par_1_39' title="bbox 14 1148 820 1185">
     <span class='ocr_line' id='line_1_39' title="bbox 14 1148 820 1185; baseline 0.001 -12"><span class='ocrx_word' id='word_1_274' title='bbox 14 1149 200 1182; x_wconf 69' lang='grc' dir='ltr'>ἡνωμένους,</span> <span class='ocrx_word' id='word_1_275' title='bbox 213 1148 339 1184; x_wconf 85' lang='grc' dir='ltr'>ἀλλήλοις</span> <span class='ocrx_word' id='word_1_276' title='bbox 352 1149 514 1184; x_wconf 79' lang='grc' dir='ltr'>ὲπιφύεσθαι</span> <span class='ocrx_word' id='word_1_277' title='bbox 530 1150 628 1185; x_wconf 81' lang='grc' dir='ltr'><strong>μάτην,</strong></span> <span class='ocrx_word' id='word_1_278' title='bbox 640 1150 685 1175; x_wconf 77' lang='grc' dir='ltr'>καὶ</span> <span class='ocrx_word' id='word_1_279' title='bbox 700 1149 820 1184; x_wconf 86' lang='grc' dir='ltr'>ἀλλήλων</span> 
     </span>
    </p>
   </div>
   <div class='ocr_carea' id='block_1_40' title="bbox 15 1194 820 1231">
    <p class='ocr_par' dir='ltr' id='par_1_40' title="bbox 15 1194 820 1231">
     <span class='ocr_line' id='line_1_40' title="bbox 15 1194 820 1231; baseline 0.002 -11"><span class='ocrx_word' id='word_1_280' title='bbox 15 1194 50 1220; x_wconf 81' lang='grc' dir='ltr'>τΞι</span> <span class='ocrx_word' id='word_1_281' title='bbox 65 1195 146 1230; x_wconf 75' lang='grc' dir='ltr'>μέλη</span> <span class='ocrx_word' id='word_1_282' title='bbox 162 1194 326 1226; x_wconf 82' lang='grc' dir='ltr'>κατεσθίειν,</span> <span class='ocrx_word' id='word_1_283' title='bbox 336 1195 381 1221; x_wconf 66' lang='grc' dir='ltr'>καὶ</span> <span class='ocrx_word' id='word_1_284' title='bbox 394 1195 526 1230; x_wconf 78' lang='grc' dir='ltr'>μηδέποτε</span> <span class='ocrx_word' id='word_1_285' title='bbox 539 1195 632 1231; x_wconf 80' lang='grc' dir='ltr'>λήγειν</span> <span class='ocrx_word' id='word_1_286' title='bbox 643 1195 722 1222; x_wconf 78' lang='grc' dir='ltr'>τοῦτο</span> <span class='ocrx_word' id='word_1_287' title='bbox 735 1195 820 1231; x_wconf 71' lang='grc' dir='ltr'>δρῶνο</span> 
     </span>
    </p>
   </div>
   <div class='ocr_carea' id='block_1_41' title="bbox 14 1239 819 1276">
    <p class='ocr_par' dir='ltr' id='par_1_41' title="bbox 14 1239 819 1276">
     <span class='ocr_line' id='line_1_41' title="bbox 14 1239 819 1276; baseline 0.002 -11"><span class='ocrx_word' id='word_1_288' title='bbox 14 1248 87 1271; x_wconf 83' lang='grc' dir='ltr'>τας;</span> <span class='ocrx_word' id='word_1_289' title='bbox 112 1241 207 1276; x_wconf 80' lang='grc' dir='ltr'>’Ὅπερ</span> <span class='ocrx_word' id='word_1_290' title='bbox 221 1241 245 1266; x_wconf 85' lang='grc' dir='ltr'><strong>εί</strong></span> <span class='ocrx_word' id='word_1_291' title='bbox 259 1241 305 1266; x_wconf 77' lang='grc' dir='ltr'>καὶ</span> <span class='ocrx_word' id='word_1_292' title='bbox 317 1240 416 1276; x_wconf 75' lang='grc' dir='ltr'>ἀληθὲς</span> <span class='ocrx_word' id='word_1_293' title='bbox 435 1239 478 1276; x_wconf 87' lang='grc' dir='ltr'>ἦν,</span> <span class='ocrx_word' id='word_1_294' title='bbox 497 1241 599 1276; x_wconf 78' lang='grc' dir='ltr'>βέλτιον</span> <span class='ocrx_word' id='word_1_295' title='bbox 609 1240 643 1275; x_wconf 83' lang='grc' dir='ltr'>ἦν</span> <span class='ocrx_word' id='word_1_296' title='bbox 660 1241 757 1273; x_wconf 78' lang='grc' dir='ltr'>αὐτοὺς</span> <span class='ocrx_word' id='word_1_297' title='bbox 775 1241 819 1275; x_wconf 82' lang='grc' dir='ltr'><strong>ὑφ’</strong></span> 
     </span>
    </p>
   </div>
   <div class='ocr_carea' id='block_1_42' title="bbox 16 1286 819 1323">
    <p class='ocr_par' dir='ltr' id='par_1_42' title="bbox 16 1286 819 1323">
     <span class='ocr_line' id='line_1_42' title="bbox 16 1286 819 1323; baseline 0.002 -11"><span class='ocrx_word' id='word_1_298' title='bbox 16 1286 136 1313; x_wconf 76' lang='grc' dir='ltr'>ἑαυτῶν</span> <span class='ocrx_word' id='word_1_299' title='bbox 149 1287 359 1314; x_wconf 81' lang='grc' dir='ltr'>ἀναλίσκεσθαι·</span> <span class='ocrx_word' id='word_1_300' title='bbox 373 1288 420 1314; x_wconf 74' lang='grc' dir='ltr'>καὶ</span> <span class='ocrx_word' id='word_1_301' title='bbox 441 1288 529 1322; x_wconf 80' lang='grc' dir='ltr'>μάτην</span> <span class='ocrx_word' id='word_1_302' title='bbox 540 1289 554 1314; x_wconf 87' lang='grc' dir='ltr'>ὁ</span> <span class='ocrx_word' id='word_1_303' title='bbox 577 1287 688 1323; x_wconf 77' lang='grc' dir='ltr'>ἀνόητος</span> <span class='ocrx_word' id='word_1_304' title='bbox 706 1287 819 1320; x_wconf 77' lang='grc' dir='ltr'>ἀταξίαν</span> 
     </span>
    </p>
   </div>
   <div class='ocr_carea' id='block_1_43' title="bbox 15 1333 818 1369">
    <p class='ocr_par' dir='ltr' id='par_1_43' title="bbox 15 1333 818 1369">
     <span class='ocr_line' id='line_1_43' title="bbox 15 1333 818 1369; baseline 0 -10"><span class='ocrx_word' id='word_1_305' title='bbox 15 1333 103 1360; x_wconf 77' lang='grc' dir='ltr'>καλεῖ</span> <span class='ocrx_word' id='word_1_306' title='bbox 119 1334 151 1360; x_wconf 83' lang='grc' dir='ltr'>τὸ</span> <span class='ocrx_word' id='word_1_307' title='bbox 163 1333 302 1369; x_wconf 80' lang='grc' dir='ltr'>συμφέρον</span> <span class='ocrx_word' id='word_1_308' title='bbox 312 1343 319 1349; x_wconf 84' lang='grc'>·</span> <span class='ocrx_word' id='word_1_309' title='bbox 334 1333 436 1369; x_wconf 78' lang='grc' dir='ltr'>ταύτης</span> <span class='ocrx_word' id='word_1_310' title='bbox 449 1333 503 1369; x_wconf 81' lang='grc' dir='ltr'>γὰρ</span> <span class='ocrx_word' id='word_1_311' title='bbox 520 1333 635 1368; x_wconf 81' lang='grc' dir='ltr'>μάλιστα</span> <span class='ocrx_word' id='word_1_312' title='bbox 654 1334 703 1368; x_wconf 86' lang='grc' dir='ltr'>τῆς</span> <span class='ocrx_word' id='word_1_313' title='bbox 719 1333 818 1364; x_wconf 80' lang='grc' dir='ltr'>κακίας</span> 
     </span>
    </p>
   </div>
   <div class='ocr_carea' id='block_1_44' title="bbox 17 1378 819 1415">
    <p class='ocr_par' dir='ltr' id='par_1_44' title="bbox 17 1378 819 1415">
     <span class='ocr_line' id='line_1_44' title="bbox 17 1378 819 1415; baseline 0 -10"><span class='ocrx_word' id='word_1_314' title='bbox 17 1379 151 1414; x_wconf 73' lang='grc' dir='ltr'>ὁρίζεται</span> <span class='ocrx_word' id='word_1_315' title='bbox 165 1379 214 1415; x_wconf 80' lang='grc' dir='ltr'>τὴν</span> <span class='ocrx_word' id='word_1_316' title='bbox 228 1379 281 1415; x_wconf 83' lang='grc' dir='ltr'>πρὸ</span> <span class='ocrx_word' id='word_1_317' title='bbox 296 1379 397 1414; x_wconf 78' lang='grc' dir='ltr'>κόσμου</span> <span class='ocrx_word' id='word_1_318' title='bbox 415 1379 544 1412; x_wconf 72' lang='grc' dir='ltr'>ἁταξίαψ</span> <span class='ocrx_word' id='word_1_319' title='bbox 558 1379 591 1414; x_wconf 82' lang='grc' dir='ltr'>ἢν</span> <span class='ocrx_word' id='word_1_320' title='bbox 607 1379 701 1414; x_wconf 81' lang='grc' dir='ltr'>ὥσπερ</span> <span class='ocrx_word' id='word_1_321' title='bbox 719 1378 819 1405; x_wconf 68' lang='grc' dir='ltr'><strong>λυπού⁸</strong></span> 
     </span>
    </p>
   </div>
   <div class='ocr_carea' id='block_1_45' title="bbox 19 1425 817 1461">
    <p class='ocr_par' dir='ltr' id='par_1_45' title="bbox 19 1425 817 1461">
     <span class='ocr_line' id='line_1_45' title="bbox 19 1425 817 1461; baseline 0 -11"><span class='ocrx_word' id='word_1_322' title='bbox 19 1433 108 1459; x_wconf 81' lang='grc' dir='ltr'>μενος</span> <span class='ocrx_word' id='word_1_323' title='bbox 122 1425 175 1460; x_wconf 76' lang='grc' dir='ltr'>τῆς</span> <span class='ocrx_word' id='word_1_324' title='bbox 189 1425 253 1461; x_wconf 74' lang='grc' dir='ltr'>ὕλης</span> <span class='ocrx_word' id='word_1_325' title='bbox 268 1425 353 1457; x_wconf 70' lang='grc' dir='ltr'>οὕτως</span> <span class='ocrx_word' id='word_1_326' title='bbox 367 1426 503 1461; x_wconf 74' lang='grc' dir='ltr'>ὀνομάζει,</span> <span class='ocrx_word' id='word_1_327' title='bbox 517 1426 558 1452; x_wconf 83' lang='grc' dir='ltr'>ὅτι</span> <span class='ocrx_word' id='word_1_328' title='bbox 573 1425 610 1460; x_wconf 85' lang='grc' dir='ltr'><strong>μὴ</strong></span> <span class='ocrx_word' id='word_1_329' title='bbox 625 1425 817 1460; x_wconf 79' lang='grc' dir='ltr'>προσηκόντως</span> 
     </span>
    </p>
   </div>
   <div class='ocr_carea' id='block_1_46' title="bbox 17 1471 816 1508">
    <p class='ocr_par' dir='ltr' id='par_1_46' title="bbox 17 1471 816 1508">
     <span class='ocr_line' id='line_1_46' title="bbox 17 1471 816 1508; baseline 0.001 -11"><span class='ocrx_word' id='word_1_330' title='bbox 17 1471 65 1505; x_wconf 72' lang='grc' dir='ltr'><strong>ὑφ’</strong></span> <span class='ocrx_word' id='word_1_331' title='bbox 78 1471 187 1506; x_wconf 76' lang='grc' dir='ltr'>ἑαυτῆς</span> <span class='ocrx_word' id='word_1_332' title='bbox 202 1472 376 1507; x_wconf 55' lang='lat' dir='ltr'><strong>(infatuat-0‘</strong></span> <span class='ocrx_word' id='word_1_333' title='bbox 393 1473 440 1498; x_wconf 76' lang='grc' dir='ltr'>καὶ</span> <span class='ocrx_word' id='word_1_334' title='bbox 451 1471 545 1508; x_wconf 82' lang='grc' dir='ltr'>ὥσπερ</span> <span class='ocrx_word' id='word_1_335' title='bbox 558 1480 600 1503; x_wconf 84' lang='grc' dir='ltr'><strong>τις</strong></span> <span class='ocrx_word' id='word_1_336' title='bbox 617 1471 691 1506; x_wconf 79' lang='grc' dir='ltr'>φίλος</span> <span class='ocrx_word' id='word_1_337' title='bbox 703 1471 816 1506; x_wconf 86' lang='grc' dir='ltr'>ταύτης,</span> 
     </span>
    </p>
   </div>
   <div class='ocr_carea' id='block_1_47' title="bbox 17 1515 819 1553">
    <p class='ocr_par' dir='ltr' id='par_1_47' title="bbox 17 1515 819 1553">
     <span class='ocr_line' id='line_1_47' title="bbox 17 1515 819 1553; baseline 0 -10"><span class='ocrx_word' id='word_1_338' title='bbox 17 1517 172 1552; x_wconf 79' lang='grc' dir='ltr'>ἀδημονῶν</span> <span class='ocrx_word' id='word_1_339' title='bbox 190 1518 232 1552; x_wconf 55' lang='lat' dir='ltr'><strong>Ep‘</strong></span> <span class='ocrx_word' id='word_1_340' title='bbox 251 1515 291 1549; x_wconf 77' lang='grc' dir='ltr'>οἷς</span> <span class='ocrx_word' id='word_1_341' title='bbox 309 1518 407 1553; x_wconf 79' lang='grc' dir='ltr'>ἑαυτὴν</span> <span class='ocrx_word' id='word_1_342' title='bbox 422 1517 619 1548; x_wconf 73' lang='grc' dir='ltr'>κατέδλαπτεν,</span> <span class='ocrx_word' id='word_1_343' title='bbox 639 1517 752 1549; x_wconf 80' lang='grc' dir='ltr'>ἀταξίαν</span> <span class='ocrx_word' id='word_1_344' title='bbox 770 1525 819 1543; x_wconf 81' lang='grc' dir='ltr'>κα-</span> 
     </span>
    </p>
   </div>
   <div class='ocr_carea' id='block_1_48' title="bbox 18 1562 817 1599">
    <p class='ocr_par' dir='ltr' id='par_1_48' title="bbox 18 1562 817 1599">
     <span class='ocr_line' id='line_1_48' title="bbox 18 1562 817 1599; baseline 0 -11"><span class='ocrx_word' id='word_1_345' title='bbox 18 1563 61 1589; x_wconf 76' lang='grc' dir='ltr'><strong>λεῖ</strong></span> <span class='ocrx_word' id='word_1_346' title='bbox 70 1573 77 1578; x_wconf 92' lang='grc'><strong>-</strong></span> <span class='ocrx_word' id='word_1_347' title='bbox 92 1564 113 1590; x_wconf 77' lang='grc' dir='ltr'>ἃ</span> <span class='ocrx_word' id='word_1_348' title='bbox 127 1564 323 1599; x_wconf 81' lang='grc' dir='ltr'>συμφερόντως</span> <span class='ocrx_word' id='word_1_349' title='bbox 337 1563 397 1590; x_wconf 79' lang='grc' dir='ltr'>καθ’</span> <span class='ocrx_word' id='word_1_350' title='bbox 408 1563 506 1598; x_wconf 77' lang='grc' dir='ltr'>ἑαυτῆς</span> <span class='ocrx_word' id='word_1_351' title='bbox 517 1563 581 1598; x_wconf 75' lang='grc' dir='ltr'>ἔδρα</span> <span class='ocrx_word' id='word_1_352' title='bbox 591 1573 598 1578; x_wconf 88' lang='grc'>·</span> <span class='ocrx_word' id='word_1_353' title='bbox 615 1563 674 1589; x_wconf 78' lang='grc' dir='ltr'>δέον</span> <span class='ocrx_word' id='word_1_354' title='bbox 690 1562 817 1594; x_wconf 82' lang='grc' dir='ltr'>εὐταξίαν</span> 
     </span>
    </p>
   </div>
   <div class='ocr_carea' id='block_1_49' title="bbox 18 1608 817 1645">
    <p class='ocr_par' dir='ltr' id='par_1_49' title="bbox 18 1608 817 1645">
     <span class='ocr_line' id='line_1_49' title="bbox 18 1608 817 1645; baseline -0.003 -9"><span class='ocrx_word' id='word_1_355' title='bbox 18 1609 69 1644; x_wconf 80' lang='grc' dir='ltr'>τὴν</span> <span class='ocrx_word' id='word_1_356' title='bbox 86 1610 224 1636; x_wconf 80' lang='grc' dir='ltr'>ἀνωτάτω</span> <span class='ocrx_word' id='word_1_357' title='bbox 232 1610 392 1640; x_wconf 74' lang='grc' dir='ltr'>καλέσαι,τὺ</span> <span class='ocrx_word' id='word_1_358' title='bbox 407 1609 564 1645; x_wconf 78' lang='grc' dir='ltr'>φθείρεσθαι</span> <span class='ocrx_word' id='word_1_359' title='bbox 574 1617 607 1643; x_wconf 82' lang='grc' dir='ltr'><strong>γε</strong></span> <span class='ocrx_word' id='word_1_360' title='bbox 622 1608 772 1644; x_wconf 75' lang='grc' dir='ltr'><strong>ὑφ’ἐαυτοῦ</strong></span> <span class='ocrx_word' id='word_1_361' title='bbox 788 1608 817 1635; x_wconf 85' lang='grc' dir='ltr'>τὸ</span> 
     </span>
    </p>
   </div>
   <div class='ocr_carea' id='block_1_50' title="bbox 19 1655 816 1691">
    <p class='ocr_par' dir='ltr' id='par_1_50' title="bbox 19 1655 816 1691">
     <span class='ocr_line' id='line_1_50' title="bbox 19 1655 816 1691; baseline 0 -9"><span class='ocrx_word' id='word_1_362' title='bbox 19 1656 118 1683; x_wconf 72' lang='grc' dir='ltr'>κακόν.</span> <span class='ocrx_word' id='word_1_363' title='bbox 130 1656 162 1682; x_wconf 81' lang='lat'><strong>&#39;0</strong></span> <span class='ocrx_word' id='word_1_364' title='bbox 178 1656 216 1682; x_wconf 85' lang='grc' dir='ltr'><strong>δὲ.</strong></span> <span class='ocrx_word' id='word_1_365' title='bbox 232 1656 388 1688; x_wconf 78' lang='grc' dir='ltr'>Ἠτάκτουν,</span> <span class='ocrx_word' id='word_1_366' title='bbox 398 1657 473 1691; x_wconf 76' lang='grc' dir='ltr'>φησὶ,</span> <span class='ocrx_word' id='word_1_367' title='bbox 487 1655 533 1682; x_wconf 72' lang='grc' dir='ltr'><strong>καὶ</strong></span> <span class='ocrx_word' id='word_1_368' title='bbox 545 1655 654 1691; x_wconf 70' lang='grc' dir='ltr'>ἠδίκουν</span> <span class='ocrx_word' id='word_1_369' title='bbox 669 1655 800 1691; x_wconf 77' lang='grc' dir='ltr'><strong>ἀλλήλους</strong></span> <span class='ocrx_word' id='word_1_370' title='bbox 809 1664 816 1670; x_wconf 89' lang='grc'>·</span> 
     </span>
    </p>
   </div>
   <div class='ocr_carea' id='block_1_51' title="bbox 19 1701 471 1735">
    <p class='ocr_par' dir='ltr' id='par_1_51' title="bbox 19 1701 471 1735">
     <span class='ocr_line' id='line_1_51' title="bbox 19 1701 471 1735; baseline 0.004 -9"><span class='ocrx_word' id='word_1_371' title='bbox 19 1701 50 1726; x_wconf 74' lang='grc' dir='ltr'><strong>τὸ</strong></span> <span class='ocrx_word' id='word_1_372' title='bbox 68 1701 131 1735; x_wconf 78' lang='grc' dir='ltr'>φῶς</span> <span class='ocrx_word' id='word_1_373' title='bbox 144 1701 173 1727; x_wconf 81' lang='grc' dir='ltr'><strong>δὲ</strong></span> <span class='ocrx_word' id='word_1_374' title='bbox 195 1701 292 1732; x_wconf 76' lang='grc' dir='ltr'>ἰδόντες</span> <span class='ocrx_word' id='word_1_375' title='bbox 307 1701 471 1728; x_wconf 66' lang='grc' dir='ltr'>ἐπαύσαντοζ</span> 
     </span>
    </p>
   </div>
   <div class='ocr_carea' id='block_1_52' title="bbox 875 827 1663 864">
    <p class='ocr_par' dir='ltr' id='par_1_52' title="bbox 875 827 1663 864">
     <span class='ocr_line' id='line_1_52' title="bbox 875 827 1663 864; baseline 0.004 -10"><span class='ocrx_word' id='word_1_376' title='bbox 875 834 938 855; x_wconf 90' lang='lat' dir='ltr'><strong>sunt</strong></span> <span class='ocrx_word' id='word_1_377' title='bbox 957 833 984 855; x_wconf 83' lang='lat' dir='ltr'><strong>et</strong></span> <span class='ocrx_word' id='word_1_378' title='bbox 1005 828 1215 860; x_wconf 81' lang='lat' dir='ltr'><strong>devoraverunt,</strong></span> <span class='ocrx_word' id='word_1_379' title='bbox 1235 827 1304 855; x_wconf 87' lang='lat' dir='ltr'><strong>dura</strong></span> <span class='ocrx_word' id='word_1_380' title='bbox 1321 831 1347 855; x_wconf 91' lang='lat' dir='ltr'><strong>et</strong></span> <span class='ocrx_word' id='word_1_381' title='bbox 1376 829 1468 863; x_wconf 75' lang='lat' dir='ltr'><strong>gravia</strong></span> <span class='ocrx_word' id='word_1_382' title='bbox 1497 830 1593 864; x_wconf 85' lang='lat' dir='ltr'><strong>passi;</strong></span> <span class='ocrx_word' id='word_1_383' title='bbox 1615 838 1663 858; x_wconf 87' lang='lat' dir='ltr'><strong>ne-</strong></span> 
     </span>
    </p>
   </div>
   <div class='ocr_carea' id='block_1_53' title="bbox 873 873 1662 910">
    <p class='ocr_par' dir='ltr' id='par_1_53' title="bbox 873 873 1662 910">
     <span class='ocr_line' id='line_1_53' title="bbox 873 873 1662 910; baseline 0.004 -10"><span class='ocrx_word' id='word_1_384' title='bbox 873 881 926 908; x_wconf 87' lang='lat' dir='ltr'><strong>que</strong></span> <span class='ocrx_word' id='word_1_385' title='bbox 952 873 1028 909; x_wconf 88' lang='lat' dir='ltr'><strong>prius</strong></span> <span class='ocrx_word' id='word_1_386' title='bbox 1060 873 1226 901; x_wconf 85' lang='lat' dir='ltr'><strong>destiterunt</strong></span> <span class='ocrx_word' id='word_1_387' title='bbox 1251 874 1279 900; x_wconf 91' lang='lat' dir='ltr'><strong>in</strong></span> <span class='ocrx_word' id='word_1_388' title='bbox 1302 882 1331 901; x_wconf 87' lang='lat' dir='ltr'><strong>se</strong></span> <span class='ocrx_word' id='word_1_389' title='bbox 1355 874 1430 909; x_wconf 86' lang='lat' dir='ltr'><strong>ipsos</strong></span> <span class='ocrx_word' id='word_1_390' title='bbox 1453 875 1556 902; x_wconf 80' lang='lat' dir='ltr'><strong>moveri</strong></span> <span class='ocrx_word' id='word_1_391' title='bbox 1579 884 1662 910; x_wconf 85' lang='lat' dir='ltr'><strong>quam</strong></span> 
     </span>
    </p>
   </div>
   <div class='ocr_carea' id='block_1_54' title="bbox 873 918 1663 952">
    <p class='ocr_par' dir='ltr' id='par_1_54' title="bbox 873 918 1663 952">
     <span class='ocr_line' id='line_1_54' title="bbox 873 918 1663 952; baseline 0.004 -6"><span class='ocrx_word' id='word_1_392' title='bbox 873 920 965 947; x_wconf 86' lang='lat' dir='ltr'><strong>lumen</strong></span> <span class='ocrx_word' id='word_1_393' title='bbox 985 927 1047 947; x_wconf 89' lang='lat' dir='ltr'><strong>sero</strong></span> <span class='ocrx_word' id='word_1_394' title='bbox 1061 919 1171 946; x_wconf 86' lang='lat' dir='ltr'><strong>tandem</strong></span> <span class='ocrx_word' id='word_1_395' title='bbox 1192 918 1334 952; x_wconf 86' lang='lat' dir='ltr'><strong>viderent;</strong></span> <span class='ocrx_word' id='word_1_396' title='bbox 1356 920 1400 948; x_wconf 86' lang='lat' dir='ltr'><strong>his</strong></span> <span class='ocrx_word' id='word_1_397' title='bbox 1418 920 1490 947; x_wconf 89' lang='lat' dir='ltr'><strong>enim</strong></span> <span class='ocrx_word' id='word_1_398' title='bbox 1503 921 1594 948; x_wconf 75' lang='lat' dir='ltr'><strong>verbis</strong></span> <span class='ocrx_word' id='word_1_399' title='bbox 1609 923 1663 949; x_wconf 92' lang='lat' dir='ltr'><strong>uti-</strong></span> 
     </span>
    </p>
   </div>
   <div class='ocr_carea' id='block_1_55' title="bbox 873 964 1663 1002">
    <p class='ocr_par' dir='ltr' id='par_1_55' title="bbox 873 964 1663 1002">
     <span class='ocr_line' id='line_1_55' title="bbox 873 964 1663 1002; baseline 0.005 -10"><span class='ocrx_word' id='word_1_400' title='bbox 873 969 935 998; x_wconf 85' lang='lat' dir='ltr'><strong>tur;</strong></span> <span class='ocrx_word' id='word_1_401' title='bbox 960 972 975 992; x_wconf 93' lang='lat' dir='ltr'><strong>a</strong></span> <span class='ocrx_word' id='word_1_402' title='bbox 994 973 1023 993; x_wconf 87' lang='lat' dir='ltr'><strong>se</strong></span> <span class='ocrx_word' id='word_1_403' title='bbox 1045 965 1118 992; x_wconf 90' lang='lat' dir='ltr'><strong>enim</strong></span> <span class='ocrx_word' id='word_1_404' title='bbox 1141 964 1193 1000; x_wconf 87' lang='lat' dir='ltr'><strong>ipsi</strong></span> <span class='ocrx_word' id='word_1_405' title='bbox 1216 965 1344 1000; x_wconf 74' lang='lat' dir='ltr'><strong>exagitati</strong></span> <span class='ocrx_word' id='word_1_406' title='bbox 1368 974 1431 993; x_wconf 91' lang='lat' dir='ltr'><strong>cum</strong></span> <span class='ocrx_word' id='word_1_407' title='bbox 1449 967 1549 1002; x_wconf 89' lang='lat' dir='ltr'><strong>alioqui</strong></span> <span class='ocrx_word' id='word_1_408' title='bbox 1575 969 1663 996; x_wconf 86' lang='lat' dir='ltr'><strong>nesci-</strong></span> 
     </span>
    </p>
   </div>
   <div class='ocr_carea' id='block_1_56' title="bbox 872 1012 1660 1048">
    <p class='ocr_par' dir='ltr' id='par_1_56' title="bbox 872 1012 1660 1048">
     <span class='ocr_line' id='line_1_56' title="bbox 872 1012 1660 1048; baseline 0.006 -10"><span class='ocrx_word' id='word_1_409' title='bbox 872 1017 942 1044; x_wconf 87' lang='lat' dir='ltr'><strong>rent,</strong></span> <span class='ocrx_word' id='word_1_410' title='bbox 956 1012 991 1038; x_wconf 85' lang='lat' dir='ltr'><strong>ita</strong></span> <span class='ocrx_word' id='word_1_411' title='bbox 1010 1016 1100 1039; x_wconf 83' lang='lat' dir='ltr'><strong>tamen</strong></span> <span class='ocrx_word' id='word_1_412' title='bbox 1115 1013 1173 1040; x_wconf 85' lang='lat' dir='ltr'><strong>ausi</strong></span> <span class='ocrx_word' id='word_1_413' title='bbox 1188 1016 1252 1040; x_wconf 89' lang='lat' dir='ltr'><strong>sunt</strong></span> <span class='ocrx_word' id='word_1_414' title='bbox 1267 1020 1353 1048; x_wconf 90' lang='lat' dir='ltr'><strong>usque</strong></span> <span class='ocrx_word' id='word_1_415' title='bbox 1367 1014 1400 1039; x_wconf 86' lang='lat' dir='ltr'><strong>ad</strong></span> <span class='ocrx_word' id='word_1_416' title='bbox 1413 1013 1503 1041; x_wconf 87' lang='lat' dir='ltr'><strong>lumen</strong></span> <span class='ocrx_word' id='word_1_417' title='bbox 1519 1014 1660 1043; x_wconf 79' lang='lat' dir='ltr'><strong>accedere.</strong></span> 
     </span>
    </p>
   </div>
   <div class='ocr_carea' id='block_1_57' title="bbox 872 1056 1660 1092">
    <p class='ocr_par' dir='ltr' id='par_1_57' title="bbox 872 1056 1660 1092">
     <span class='ocr_line' id='line_1_57' title="bbox 872 1056 1660 1092; baseline 0.004 -9"><span class='ocrx_word' id='word_1_418' title='bbox 872 1056 974 1092; x_wconf 85' lang='lat' dir='ltr'><strong>Ecquid</strong></span> <span class='ocrx_word' id='word_1_419' title='bbox 998 1057 1040 1084; x_wconf 86' lang='lat' dir='ltr'><strong>bis</strong></span> <span class='ocrx_word' id='word_1_420' title='bbox 1063 1057 1252 1085; x_wconf 88' lang='lat' dir='ltr'><strong>incredibilius</strong></span> <span class='ocrx_word' id='word_1_421' title='bbox 1276 1062 1303 1084; x_wconf 86' lang='lat' dir='ltr'><strong>et</strong></span> <span class='ocrx_word' id='word_1_422' title='bbox 1329 1058 1416 1092; x_wconf 74' lang='lat' dir='ltr'><strong>magis</strong></span> <span class='ocrx_word' id='word_1_423' title='bbox 1439 1059 1660 1086; x_wconf 71' lang='lat' dir='ltr'><strong>commentitium</strong></span> 
     </span>
    </p>
   </div>
   <div class='ocr_carea' id='block_1_58' title="bbox 870 1103 1658 1137">
    <p class='ocr_par' dir='ltr' id='par_1_58' title="bbox 870 1103 1658 1137">
     <span class='ocr_line' id='line_1_58' title="bbox 870 1103 1658 1137; baseline 0.005 -9"><span class='ocrx_word' id='word_1_424' title='bbox 870 1110 918 1130; x_wconf 82' lang='lat' dir='ltr'><strong>eos</strong></span> <span class='ocrx_word' id='word_1_425' title='bbox 934 1103 978 1137; x_wconf 90' lang='lat' dir='ltr'><strong>qui</strong></span> <span class='ocrx_word' id='word_1_426' title='bbox 995 1110 1076 1129; x_wconf 89' lang='lat' dir='ltr'><strong>unam</strong></span> <span class='ocrx_word' id='word_1_427' title='bbox 1097 1106 1210 1130; x_wconf 83' lang='lat' dir='ltr'><strong>matrem</strong></span> <span class='ocrx_word' id='word_1_428' title='bbox 1230 1103 1281 1130; x_wconf 89' lang='lat' dir='ltr'><strong>sibi</strong></span> <span class='ocrx_word' id='word_1_429' title='bbox 1304 1104 1444 1131; x_wconf 88' lang='lat' dir='ltr'><strong>ascribunt</strong></span> <span class='ocrx_word' id='word_1_430' title='bbox 1458 1108 1486 1131; x_wconf 89' lang='lat' dir='ltr'><strong>et</strong></span> <span class='ocrx_word' id='word_1_431' title='bbox 1508 1104 1658 1137; x_wconf 83' lang='lat' dir='ltr'><strong>vindicant,</strong></span> 
     </span>
    </p>
   </div>
   <div class='ocr_carea' id='block_1_59' title="bbox 871 1149 1660 1186">
    <p class='ocr_par' dir='ltr' id='par_1_59' title="bbox 871 1149 1660 1186">
     <span class='ocr_line' id='line_1_59' title="bbox 871 1149 1660 1186; baseline 0.005 -12"><span class='ocrx_word' id='word_1_432' title='bbox 871 1152 897 1175; x_wconf 89' lang='lat' dir='ltr'><strong>et</strong></span> <span class='ocrx_word' id='word_1_433' title='bbox 914 1149 1078 1183; x_wconf 82' lang='lat' dir='ltr'><strong>cognatione</strong></span> <span class='ocrx_word' id='word_1_434' title='bbox 1101 1153 1205 1176; x_wconf 70' lang='lat' dir='ltr'><strong>natura:</strong></span> <span class='ocrx_word' id='word_1_435' title='bbox 1217 1149 1304 1184; x_wconf 87' lang='lat' dir='ltr'><strong>juncti</strong></span> <span class='ocrx_word' id='word_1_436' title='bbox 1323 1155 1398 1181; x_wconf 87' lang='lat' dir='ltr'><strong>sunt,</strong></span> <span class='ocrx_word' id='word_1_437' title='bbox 1414 1150 1441 1177; x_wconf 92' lang='lat' dir='ltr'><strong>in</strong></span> <span class='ocrx_word' id='word_1_438' title='bbox 1462 1158 1491 1178; x_wconf 92' lang='lat' dir='ltr'><strong>se</strong></span> <span class='ocrx_word' id='word_1_439' title='bbox 1508 1151 1581 1186; x_wconf 77' lang='lat' dir='ltr'><strong>ipsos</strong></span> <span class='ocrx_word' id='word_1_440' title='bbox 1602 1151 1660 1178; x_wconf 79' lang='lat' dir='ltr'><strong>fru-</strong></span> 
     </span>
    </p>
   </div>
   <div class='ocr_carea' id='block_1_60' title="bbox 871 1193 1659 1231">
    <p class='ocr_par' dir='ltr' id='par_1_60' title="bbox 871 1193 1659 1231">
     <span class='ocr_line' id='line_1_60' title="bbox 871 1193 1659 1231; baseline 0.004 -10"><span class='ocrx_word' id='word_1_441' title='bbox 871 1198 927 1222; x_wconf 83' lang='lat' dir='ltr'><strong>stra</strong></span> <span class='ocrx_word' id='word_1_442' title='bbox 943 1193 1082 1226; x_wconf 80' lang='lat' dir='ltr'><strong>invadere,</strong></span> <span class='ocrx_word' id='word_1_443' title='bbox 1111 1199 1139 1222; x_wconf 88' lang='lat' dir='ltr'><strong>et</strong></span> <span class='ocrx_word' id='word_1_444' title='bbox 1157 1195 1279 1223; x_wconf 89' lang='lat' dir='ltr'><strong>vicissim</strong></span> <span class='ocrx_word' id='word_1_445' title='bbox 1301 1196 1424 1223; x_wconf 88' lang='lat' dir='ltr'><strong>membra</strong></span> <span class='ocrx_word' id='word_1_446' title='bbox 1440 1204 1489 1224; x_wconf 87' lang='lat' dir='ltr'><strong>sua</strong></span> <span class='ocrx_word' id='word_1_447' title='bbox 1515 1197 1659 1231; x_wconf 82' lang='lat' dir='ltr'><strong>devorare,</strong></span> 
     </span>
    </p>
   </div>
   <div class='ocr_carea' id='block_1_61' title="bbox 870 1240 1659 1278">
    <p class='ocr_par' dir='ltr' id='par_1_61' title="bbox 870 1240 1659 1278">
     <span class='ocr_line' id='line_1_61' title="bbox 870 1240 1659 1278; baseline 0.006 -12"><span class='ocrx_word' id='word_1_448' title='bbox 870 1245 896 1267; x_wconf 88' lang='lat' dir='ltr'><strong>et</strong></span> <span class='ocrx_word' id='word_1_449' title='bbox 916 1247 1057 1275; x_wconf 88' lang='lat' dir='ltr'><strong>nunquam</strong></span> <span class='ocrx_word' id='word_1_450' title='bbox 1079 1240 1107 1267; x_wconf 90' lang='lat' dir='ltr'><strong>in</strong></span> <span class='ocrx_word' id='word_1_451' title='bbox 1128 1241 1178 1267; x_wconf 88' lang='lat' dir='ltr'><strong>hac</strong></span> <span class='ocrx_word' id='word_1_452' title='bbox 1198 1249 1227 1268; x_wconf 92' lang='lat' dir='ltr'><strong>re</strong></span> <span class='ocrx_word' id='word_1_453' title='bbox 1254 1242 1381 1269; x_wconf 82' lang='lat' dir='ltr'><strong>cessare?</strong></span> <span class='ocrx_word' id='word_1_454' title='bbox 1397 1241 1475 1275; x_wconf 84' lang='lat' dir='ltr'><strong>Quod</strong></span> <span class='ocrx_word' id='word_1_455' title='bbox 1499 1243 1610 1278; x_wconf 84' lang='lat' dir='ltr'><strong>quidem</strong></span> <span class='ocrx_word' id='word_1_456' title='bbox 1635 1244 1659 1271; x_wconf 85' lang='lat' dir='ltr'><strong>si</strong></span> 
     </span>
    </p>
   </div>
   <div class='ocr_carea' id='block_1_62' title="bbox 869 1287 1657 1323">
    <p class='ocr_par' dir='ltr' id='par_1_62' title="bbox 869 1287 1657 1323">
     <span class='ocr_line' id='line_1_62' title="bbox 869 1287 1657 1323; baseline 0.005 -11"><span class='ocrx_word' id='word_1_457' title='bbox 869 1293 964 1313; x_wconf 87' lang='lat' dir='ltr'><strong>verum</strong></span> <span class='ocrx_word' id='word_1_458' title='bbox 988 1290 1057 1318; x_wconf 84' lang='lat' dir='ltr'><strong>erat,</strong></span> <span class='ocrx_word' id='word_1_459' title='bbox 1086 1287 1234 1321; x_wconf 68' lang='lat' dir='ltr'><strong>praestabat</strong></span> <span class='ocrx_word' id='word_1_460' title='bbox 1255 1287 1329 1322; x_wconf 87' lang='lat' dir='ltr'><strong>ipsos</strong></span> <span class='ocrx_word' id='word_1_461' title='bbox 1345 1295 1359 1314; x_wconf 90' lang='lat' dir='ltr'><strong>a</strong></span> <span class='ocrx_word' id='word_1_462' title='bbox 1379 1296 1408 1315; x_wconf 91' lang='lat' dir='ltr'><strong>se</strong></span> <span class='ocrx_word' id='word_1_463' title='bbox 1427 1288 1495 1323; x_wconf 84' lang='lat' dir='ltr'><strong>ipsis</strong></span> <span class='ocrx_word' id='word_1_464' title='bbox 1512 1290 1635 1316; x_wconf 85' lang='lat' dir='ltr'><strong>consumi</strong></span> <span class='ocrx_word' id='word_1_465' title='bbox 1651 1300 1657 1317; x_wconf 91' lang='lat'>:</span> 
     </span>
    </p>
   </div>
   <div class='ocr_carea' id='block_1_63' title="bbox 869 1324 1658 1368">
    <p class='ocr_par' dir='ltr' id='par_1_63' title="bbox 869 1324 1658 1368">
     <span class='ocr_line' id='line_1_63' title="bbox 869 1324 1658 1368; baseline 0.006 -10"><span class='ocrx_word' id='word_1_466' title='bbox 869 1336 896 1358; x_wconf 87' lang='lat' dir='ltr'><strong>et</strong></span> <span class='ocrx_word' id='word_1_467' title='bbox 920 1324 1037 1359; x_wconf 80' lang='lat' dir='ltr'><strong>inaniter</strong></span> <span class='ocrx_word' id='word_1_468' title='bbox 1053 1332 1165 1360; x_wconf 92' lang='lat' dir='ltr'><strong>demens</strong></span> <span class='ocrx_word' id='word_1_469' title='bbox 1190 1333 1387 1368; x_wconf 72' lang='lat' dir='ltr'><strong>(Manichaeus)</strong></span> <span class='ocrx_word' id='word_1_470' title='bbox 1416 1334 1540 1366; x_wconf 77' lang='grc' dir='ltr'>ἀταξίαν,</span> <span class='ocrx_word' id='word_1_471' title='bbox 1565 1335 1591 1362; x_wconf 94' lang='lat' dir='ltr'><strong>id</strong></span> <span class='ocrx_word' id='word_1_472' title='bbox 1606 1341 1658 1367; x_wconf 83' lang='lat' dir='ltr'><strong>est.</strong></span> 
     </span>
    </p>
   </div>
   <div class='ocr_carea' id='block_1_64' title="bbox 868 1378 1658 1415">
    <p class='ocr_par' dir='ltr' id='par_1_64' title="bbox 868 1378 1658 1415">
     <span class='ocr_line' id='line_1_64' title="bbox 868 1378 1658 1415; baseline 0.006 -11"><span class='ocrx_word' id='word_1_473' title='bbox 868 1378 1102 1412; x_wconf 84' lang='lat' dir='ltr'><strong>perturbationem</strong></span> <span class='ocrx_word' id='word_1_474' title='bbox 1117 1379 1224 1406; x_wconf 85' lang='lat' dir='ltr'><strong>ordinis</strong></span> <span class='ocrx_word' id='word_1_475' title='bbox 1240 1386 1320 1406; x_wconf 89' lang='lat' dir='ltr'><strong>vocat</strong></span> <span class='ocrx_word' id='word_1_476' title='bbox 1335 1380 1416 1411; x_wconf 86' lang='lat' dir='ltr'><strong>ineo,</strong></span> <span class='ocrx_word' id='word_1_477' title='bbox 1429 1381 1500 1415; x_wconf 86' lang='lat' dir='ltr'><strong>quod</strong></span> <span class='ocrx_word' id='word_1_478' title='bbox 1514 1381 1580 1408; x_wconf 91' lang='lat' dir='ltr'><strong>utile</strong></span> <span class='ocrx_word' id='word_1_479' title='bbox 1595 1386 1636 1409; x_wconf 88' lang='lat' dir='ltr'><strong>est</strong></span> <span class='ocrx_word' id='word_1_480' title='bbox 1651 1394 1658 1409; x_wconf 85' lang='grc'>;</span> 
     </span>
    </p>
   </div>
   <div class='ocr_carea' id='block_1_65' title="bbox 870 1423 1661 1460">
    <p class='ocr_par' dir='ltr' id='par_1_65' title="bbox 870 1423 1661 1460">
     <span class='ocr_line' id='line_1_65' title="bbox 870 1423 1661 1460; baseline 0.005 -10"><span class='ocrx_word' id='word_1_481' title='bbox 870 1423 935 1450; x_wconf 79' lang='lat' dir='ltr'><strong>huic</strong></span> <span class='ocrx_word' id='word_1_482' title='bbox 945 1424 1018 1450; x_wconf 86' lang='lat' dir='ltr'><strong>enim</strong></span> <span class='ocrx_word' id='word_1_483' title='bbox 1035 1423 1165 1459; x_wconf 68' lang='lat' dir='ltr'><strong>nequitia:</strong></span> <span class='ocrx_word' id='word_1_484' title='bbox 1179 1425 1292 1452; x_wconf 88' lang='lat' dir='ltr'><strong>ascribit</strong></span> <span class='ocrx_word' id='word_1_485' title='bbox 1303 1428 1330 1452; x_wconf 89' lang='lat' dir='ltr'><strong>et</strong></span> <span class='ocrx_word' id='word_1_486' title='bbox 1341 1425 1463 1460; x_wconf 76' lang='lat' dir='ltr'><strong>assignat</strong></span> <span class='ocrx_word' id='word_1_487' title='bbox 1476 1426 1661 1460; x_wconf 84' lang='lat' dir='ltr'><strong>perturbatio-</strong></span> 
     </span>
    </p>
   </div>
   <div class='ocr_carea' id='block_1_66' title="bbox 869 1468 1660 1506">
    <p class='ocr_par' dir='ltr' id='par_1_66' title="bbox 869 1468 1660 1506">
     <span class='ocr_line' id='line_1_66' title="bbox 869 1468 1660 1506; baseline 0.004 -10"><span class='ocrx_word' id='word_1_488' title='bbox 869 1477 933 1497; x_wconf 85' lang='lat' dir='ltr'><strong>nem</strong></span> <span class='ocrx_word' id='word_1_489' title='bbox 956 1468 1061 1497; x_wconf 89' lang='lat' dir='ltr'><strong>ordinis</strong></span> <span class='ocrx_word' id='word_1_490' title='bbox 1086 1475 1149 1497; x_wconf 83' lang='lat' dir='ltr'><strong>ante</strong></span> <span class='ocrx_word' id='word_1_491' title='bbox 1168 1470 1317 1504; x_wconf 89' lang='lat' dir='ltr'><strong>mundum;</strong></span> <span class='ocrx_word' id='word_1_492' title='bbox 1339 1478 1420 1506; x_wconf 85' lang='lat' dir='ltr'><strong>quam</strong></span> <span class='ocrx_word' id='word_1_493' title='bbox 1438 1471 1477 1498; x_wconf 88' lang='lat' dir='ltr'><strong>sic</strong></span> <span class='ocrx_word' id='word_1_494' title='bbox 1491 1477 1581 1504; x_wconf 85' lang='lat' dir='ltr'><strong>vocat,</strong></span> <span class='ocrx_word' id='word_1_495' title='bbox 1599 1476 1660 1500; x_wconf 89' lang='lat' dir='ltr'><strong>tan-</strong></span> 
     </span>
    </p>
   </div>
   <div class='ocr_carea' id='block_1_67' title="bbox 870 1516 1658 1553">
    <p class='ocr_par' dir='ltr' id='par_1_67' title="bbox 870 1516 1658 1553">
     <span class='ocr_line' id='line_1_67' title="bbox 870 1516 1658 1553; baseline 0.005 -11"><span class='ocrx_word' id='word_1_496' title='bbox 870 1523 952 1551; x_wconf 85' lang='lat' dir='ltr'><strong>quam</strong></span> <span class='ocrx_word' id='word_1_497' title='bbox 968 1516 1070 1548; x_wconf 82' lang='lat' dir='ltr'><strong>doleat,</strong></span> <span class='ocrx_word' id='word_1_498' title='bbox 1093 1519 1121 1543; x_wconf 86' lang='lat' dir='ltr'><strong>et</strong></span> <span class='ocrx_word' id='word_1_499' title='bbox 1135 1523 1165 1544; x_wconf 91' lang='lat' dir='ltr'><strong>se</strong></span> <span class='ocrx_word' id='word_1_500' title='bbox 1191 1516 1322 1545; x_wconf 84' lang='lat' dir='ltr'><strong>misereat</strong></span> <span class='ocrx_word' id='word_1_501' title='bbox 1344 1517 1480 1549; x_wconf 63' lang='lat' dir='ltr'><strong>materiaa,</strong></span> <span class='ocrx_word' id='word_1_502' title='bbox 1504 1518 1578 1553; x_wconf 83' lang='lat' dir='ltr'><strong>quod</strong></span> <span class='ocrx_word' id='word_1_503' title='bbox 1603 1526 1658 1546; x_wconf 91' lang='lat' dir='ltr'><strong>non</strong></span> 
     </span>
    </p>
   </div>
   <div class='ocr_carea' id='block_1_68' title="bbox 870 1561 1658 1599">
    <p class='ocr_par' dir='ltr' id='par_1_68' title="bbox 870 1561 1658 1599">
     <span class='ocr_line' id='line_1_68' title="bbox 870 1561 1658 1599; baseline 0.003 -10"><span class='ocrx_word' id='word_1_504' title='bbox 870 1562 947 1598; x_wconf 90' lang='lat' dir='ltr'><strong>prius</strong></span> <span class='ocrx_word' id='word_1_505' title='bbox 961 1570 975 1589; x_wconf 90' lang='lat' dir='ltr'><strong>a</strong></span> <span class='ocrx_word' id='word_1_506' title='bbox 991 1570 1020 1590; x_wconf 91' lang='lat' dir='ltr'><strong>se</strong></span> <span class='ocrx_word' id='word_1_507' title='bbox 1045 1562 1104 1597; x_wconf 91' lang='lat' dir='ltr'><strong>ipsa</strong></span> <span class='ocrx_word' id='word_1_508' title='bbox 1121 1561 1226 1590; x_wconf 90' lang='lat' dir='ltr'><strong>utiliter</strong></span> <span class='ocrx_word' id='word_1_509' title='bbox 1242 1566 1269 1590; x_wconf 90' lang='lat' dir='ltr'><strong>et</strong></span> <span class='ocrx_word' id='word_1_510' title='bbox 1285 1562 1480 1590; x_wconf 84' lang='lat' dir='ltr'><strong>convenienter</strong></span> <span class='ocrx_word' id='word_1_511' title='bbox 1494 1569 1658 1599; x_wconf 85' lang='lat' dir='ltr'><strong>consumpta</strong></span> 
     </span>
    </p>
   </div>
   <div class='ocr_carea' id='block_1_69' title="bbox 869 1607 1658 1643">
    <p class='ocr_par' dir='ltr' id='par_1_69' title="bbox 869 1607 1658 1643">
     <span class='ocr_line' id='line_1_69' title="bbox 869 1607 1658 1643; baseline 0 -8"><span class='ocrx_word' id='word_1_512' title='bbox 869 1612 941 1636; x_wconf 86' lang='lat' dir='ltr'><strong>esset</strong></span> <span class='ocrx_word' id='word_1_513' title='bbox 953 1615 960 1640; x_wconf 90' lang='lat'><strong>;</strong></span> <span class='ocrx_word' id='word_1_514' title='bbox 976 1611 1002 1636; x_wconf 90' lang='lat' dir='ltr'><strong>et</strong></span> <span class='ocrx_word' id='word_1_515' title='bbox 1015 1613 1142 1643; x_wconf 88' lang='lat' dir='ltr'><strong>tanquam</strong></span> <span class='ocrx_word' id='word_1_516' title='bbox 1156 1607 1264 1642; x_wconf 82' lang='lat' dir='ltr'><strong>quidam</strong></span> <span class='ocrx_word' id='word_1_517' title='bbox 1277 1607 1381 1635; x_wconf 85' lang='lat' dir='ltr'><strong>amicus</strong></span> <span class='ocrx_word' id='word_1_518' title='bbox 1395 1607 1476 1642; x_wconf 86' lang='lat' dir='ltr'><strong>hujus</strong></span> <span class='ocrx_word' id='word_1_519' title='bbox 1490 1615 1608 1636; x_wconf 67' lang='lat' dir='ltr'><strong>merens</strong></span> <span class='ocrx_word' id='word_1_520' title='bbox 1624 1615 1658 1635; x_wconf 88' lang='lat' dir='ltr'><strong>ac</strong></span> 
     </span>
    </p>
   </div>
   <div class='ocr_carea' id='block_1_70' title="bbox 871 1653 1658 1689">
    <p class='ocr_par' dir='ltr' id='par_1_70' title="bbox 871 1653 1658 1689">
     <span class='ocr_line' id='line_1_70' title="bbox 871 1653 1658 1689; baseline 0.001 -8"><span class='ocrx_word' id='word_1_521' title='bbox 871 1654 988 1689; x_wconf 81' lang='lat' dir='ltr'><strong>graviter</strong></span> <span class='ocrx_word' id='word_1_522' title='bbox 1002 1654 1107 1686; x_wconf 84' lang='lat' dir='ltr'><strong>dolens,</strong></span> <span class='ocrx_word' id='word_1_523' title='bbox 1122 1653 1194 1688; x_wconf 91' lang='lat' dir='ltr'><strong>quod</strong></span> <span class='ocrx_word' id='word_1_524' title='bbox 1208 1653 1260 1680; x_wconf 86' lang='lat' dir='ltr'><strong>sibi</strong></span> <span class='ocrx_word' id='word_1_525' title='bbox 1275 1654 1425 1685; x_wconf 87' lang='lat' dir='ltr'><strong>nocuisset,</strong></span> <span class='ocrx_word' id='word_1_526' title='bbox 1439 1661 1499 1688; x_wconf 74' lang='lat' dir='ltr'><strong>qua:</strong></span> <span class='ocrx_word' id='word_1_527' title='bbox 1514 1657 1609 1680; x_wconf 88' lang='lat' dir='ltr'><strong>contra</strong></span> <span class='ocrx_word' id='word_1_528' title='bbox 1627 1661 1658 1682; x_wconf 84' lang='lat' dir='ltr'><strong>se</strong></span> 
     </span>
    </p>
   </div>
   <div class='ocr_carea' id='block_1_71' title="bbox 871 1699 1655 1734">
    <p class='ocr_par' dir='ltr' id='par_1_71' title="bbox 871 1699 1655 1734">
     <span class='ocr_line' id='line_1_71' title="bbox 871 1699 1655 1734; baseline 0.001 -7"><span class='ocrx_word' id='word_1_529' title='bbox 871 1701 976 1728; x_wconf 85' lang='lat' dir='ltr'><strong>utiliter</strong></span> <span class='ocrx_word' id='word_1_530' title='bbox 993 1699 1066 1733; x_wconf 78' lang='lat' dir='ltr'><strong>fecit,</strong></span> <span class='ocrx_word' id='word_1_531' title='bbox 1082 1701 1110 1728; x_wconf 92' lang='lat' dir='ltr'><strong>in</strong></span> <span class='ocrx_word' id='word_1_532' title='bbox 1132 1701 1166 1727; x_wconf 88' lang='lat' dir='ltr'><strong>iis</strong></span> <span class='ocrx_word' id='word_1_533' title='bbox 1186 1700 1416 1734; x_wconf 87' lang='lat' dir='ltr'><strong>perturbationem</strong></span> <span class='ocrx_word' id='word_1_534' title='bbox 1439 1700 1543 1728; x_wconf 87' lang='lat' dir='ltr'><strong>ordinis</strong></span> <span class='ocrx_word' id='word_1_535' title='bbox 1565 1705 1655 1732; x_wconf 85' lang='lat' dir='ltr'><strong>vocat,</strong></span> 
     </span>
    </p>
   </div>
   <div class='ocr_carea' id='block_1_72' title="bbox 18 1746 1655 1782">
    <p class='ocr_par' dir='ltr' id='par_1_72' title="bbox 18 1746 1655 1782">
     <span class='ocr_line' id='line_1_72' title="bbox 18 1746 1655 1782; baseline 0.001 -10"><span class='ocrx_word' id='word_1_536' title='bbox 18 1754 85 1773; x_wconf 76' lang='lat' dir='ltr'><strong>cum</strong></span> <span class='ocrx_word' id='word_1_537' title='bbox 99 1747 215 1774; x_wconf 85' lang='lat' dir='ltr'><strong>deberet</strong></span> <span class='ocrx_word' id='word_1_538' title='bbox 228 1747 317 1782; x_wconf 87' lang='lat' dir='ltr'><strong>potius</strong></span> <span class='ocrx_word' id='word_1_539' title='bbox 329 1748 552 1782; x_wconf 86' lang='lat' dir='ltr'><strong>compositionem</strong></span> <span class='ocrx_word' id='word_1_540' title='bbox 565 1747 670 1774; x_wconf 82' lang='lat' dir='ltr'><strong>ordinis</strong></span> <span class='ocrx_word' id='word_1_541' title='bbox 699 1747 956 1774; x_wconf 66' lang='lat' dir='ltr'><strong>exeeliciilissimam</strong></span> <span class='ocrx_word' id='word_1_542' title='bbox 983 1754 1089 1779; x_wconf 81' lang='lat' dir='ltr'><strong>rocare,</strong></span> <span class='ocrx_word' id='word_1_543' title='bbox 1123 1746 1235 1774; x_wconf 84' lang='lat' dir='ltr'><strong>interire</strong></span> <span class='ocrx_word' id='word_1_544' title='bbox 1263 1746 1368 1773; x_wconf 84' lang='lat' dir='ltr'><strong>scilicet</strong></span> <span class='ocrx_word' id='word_1_545' title='bbox 1386 1746 1486 1773; x_wconf 89' lang='lat' dir='ltr'><strong>malum</strong></span> <span class='ocrx_word' id='word_1_546' title='bbox 1519 1755 1534 1773; x_wconf 89' lang='lat' dir='ltr'><strong>a</strong></span> <span class='ocrx_word' id='word_1_547' title='bbox 1553 1747 1655 1782; x_wconf 85' lang='lat' dir='ltr'><strong>seipso.</strong></span> 
     </span>
    </p>
   </div>
   <div class='ocr_carea' id='block_1_73' title="bbox 21 1792 1653 1828">
    <p class='ocr_par' dir='ltr' id='par_1_73' title="bbox 21 1792 1653 1828">
     <span class='ocr_line' id='line_1_73' title="bbox 21 1792 1653 1828; baseline 0.001 -10"><span class='ocrx_word' id='word_1_548' title='bbox 21 1793 69 1819; x_wconf 86' lang='lat' dir='ltr'><strong>Ille</strong></span> <span class='ocrx_word' id='word_1_549' title='bbox 85 1797 182 1819; x_wconf 83' lang='lat' dir='ltr'><strong>autem</strong></span> <span class='ocrx_word' id='word_1_550' title='bbox 197 1793 244 1824; x_wconf 84' lang='lat' dir='ltr'><strong>ait,</strong></span> <span class='ocrx_word' id='word_1_551' title='bbox 270 1792 297 1819; x_wconf 92' lang='lat' dir='ltr'><strong>In</strong></span> <span class='ocrx_word' id='word_1_552' title='bbox 320 1793 476 1827; x_wconf 86' lang='lat' dir='ltr'><strong>perturbato</strong></span> <span class='ocrx_word' id='word_1_553' title='bbox 502 1793 599 1820; x_wconf 86' lang='lat' dir='ltr'><strong>ordine</strong></span> <span class='ocrx_word' id='word_1_554' title='bbox 633 1797 721 1825; x_wconf 83' lang='lat' dir='ltr'><strong>erant,</strong></span> <span class='ocrx_word' id='word_1_555' title='bbox 739 1798 766 1820; x_wconf 88' lang='lat' dir='ltr'><strong>et</strong></span> <span class='ocrx_word' id='word_1_556' title='bbox 781 1793 833 1820; x_wconf 91' lang='lat' dir='ltr'><strong>sibi</strong></span> <span class='ocrx_word' id='word_1_557' title='bbox 850 1793 924 1828; x_wconf 57' lang='lat' dir='ltr'><strong>inter</strong></span> <span class='ocrx_word' id='word_1_558' title='bbox 949 1800 978 1820; x_wconf 86' lang='lat' dir='ltr'><strong>se</strong></span> <span class='ocrx_word' id='word_1_559' title='bbox 994 1793 1148 1826; x_wconf 87' lang='lat' dir='ltr'><strong>nocebant;</strong></span> <span class='ocrx_word' id='word_1_560' title='bbox 1171 1792 1228 1820; x_wconf 90' lang='lat' dir='ltr'><strong>viso</strong></span> <span class='ocrx_word' id='word_1_561' title='bbox 1246 1796 1336 1819; x_wconf 86' lang='lat' dir='ltr'><strong>autem</strong></span> <span class='ocrx_word' id='word_1_562' title='bbox 1353 1793 1455 1819; x_wconf 89' lang='lat' dir='ltr'><strong>lumine</strong></span> <span class='ocrx_word' id='word_1_563' title='bbox 1485 1793 1653 1820; x_wconf 81' lang='lat' dir='ltr'><strong>desiverunt.</strong></span> 
     </span>
    </p>
   </div>
   <div class='ocr_carea' id='block_1_74' title="bbox 55 1840 815 1877">
    <p class='ocr_par' dir='ltr' id='par_1_74' title="bbox 55 1840 815 1877">
     <span class='ocr_line' id='line_1_74' title="bbox 55 1840 815 1877; baseline 0 -10"><span class='ocrx_word' id='word_1_564' title='bbox 55 1840 169 1867; x_wconf 72' lang='grc' dir='ltr'>Οὐκοῦν</span> <span class='ocrx_word' id='word_1_565' title='bbox 185 1840 365 1867; x_wconf 73' lang='grc' dir='ltr'>ἐπεϐούλευσε</span> <span class='ocrx_word' id='word_1_566' title='bbox 384 1841 422 1876; x_wconf 80' lang='grc' dir='ltr'>τῷ</span> <span class='ocrx_word' id='word_1_567' title='bbox 443 1842 609 1877; x_wconf 52' lang='grc' dir='ltr'>συμσέροντι</span> <span class='ocrx_word' id='word_1_568' title='bbox 621 1841 651 1867; x_wconf 77' lang='grc' dir='ltr'><strong>τὸ</strong></span> <span class='ocrx_word' id='word_1_569' title='bbox 669 1841 737 1876; x_wconf 80' lang='grc' dir='ltr'>φῶς,</span> <span class='ocrx_word' id='word_1_570' title='bbox 757 1841 815 1875; x_wconf 82' lang='grc' dir='ltr'>εἴγε</span> 
     </span>
    </p>
   </div>
   <div class='ocr_carea' id='block_1_75' title="bbox 20 1886 815 1922">
    <p class='ocr_par' dir='ltr' id='par_1_75' title="bbox 20 1886 815 1922">
     <span class='ocr_line' id='line_1_75' title="bbox 20 1886 815 1922; baseline 0 -9"><span class='ocrx_word' id='word_1_571' title='bbox 20 1887 85 1918; x_wconf 77' lang='grc' dir='ltr'>τοὺς</span> <span class='ocrx_word' id='word_1_572' title='bbox 103 1888 210 1918; x_wconf 71' lang='grc' dir='ltr'>κακοὺς</span> <span class='ocrx_word' id='word_1_573' title='bbox 227 1886 348 1922; x_wconf 82' lang='grc' dir='ltr'>ἀλλήλων</span> <span class='ocrx_word' id='word_1_574' title='bbox 362 1887 505 1922; x_wconf 68' lang='grc' dir='ltr'>ἐρρύσατο,</span> <span class='ocrx_word' id='word_1_575' title='bbox 522 1887 570 1913; x_wconf 76' lang='grc' dir='ltr'>καὶ</span> <span class='ocrx_word' id='word_1_576' title='bbox 589 1887 683 1922; x_wconf 77' lang='grc' dir='ltr'>ὥσπερ</span> <span class='ocrx_word' id='word_1_577' title='bbox 704 1886 815 1922; x_wconf 78' lang='grc' dir='ltr'>φάρμα-</span> 
     </span>
    </p>
   </div>
   <div class='ocr_carea' id='block_1_76' title="bbox 21 1930 815 1968">
    <p class='ocr_par' dir='ltr' id='par_1_76' title="bbox 21 1930 815 1968">
     <span class='ocr_line' id='line_1_76' title="bbox 21 1930 815 1968; baseline -0.001 -9"><span class='ocrx_word' id='word_1_578' title='bbox 21 1941 70 1959; x_wconf 79' lang='grc' dir='ltr'><strong>κον</strong></span> <span class='ocrx_word' id='word_1_579' title='bbox 93 1932 191 1968; x_wconf 69' lang='grc' dir='ltr'>ἰατροῦ</span> <span class='ocrx_word' id='word_1_580' title='bbox 217 1932 384 1968; x_wconf 79' lang='grc' dir='ltr'>εὐηργέτησε</span> <span class='ocrx_word' id='word_1_581' title='bbox 407 1933 469 1964; x_wconf 71' lang='grc' dir='ltr'>τοὺς</span> <span class='ocrx_word' id='word_1_582' title='bbox 493 1932 646 1964; x_wconf 79' lang='grc' dir='ltr'>νοσοῦντας.</span> <span class='ocrx_word' id='word_1_583' title='bbox 663 1932 719 1959; x_wconf 80' lang='grc' dir='ltr'><strong>Οὐκ</strong></span> <span class='ocrx_word' id='word_1_584' title='bbox 738 1930 772 1967; x_wconf 82' lang='grc' dir='ltr'>ἦν</span> <span class='ocrx_word' id='word_1_585' title='bbox 787 1932 815 1958; x_wconf 82' lang='grc' dir='ltr'><strong>δὲ</strong></span> 
     </span>
    </p>
   </div>
   <div class='ocr_carea' id='block_1_77' title="bbox 21 1977 815 2014">
    <p class='ocr_par' dir='ltr' id='par_1_77' title="bbox 21 1977 815 2014">
     <span class='ocr_line' id='line_1_77' title="bbox 21 1977 815 2014; baseline -0.001 -9"><span class='ocrx_word' id='word_1_586' title='bbox 21 1979 93 2014; x_wconf 78' lang='grc' dir='ltr'>πρὸς</span> <span class='ocrx_word' id='word_1_587' title='bbox 119 1977 224 2012; x_wconf 83' lang='grc' dir='ltr'>ἀγαθοῦ</span> <span class='ocrx_word' id='word_1_588' title='bbox 241 1978 382 2013; x_wconf 77' lang='grc' dir='ltr'>φείσασθαι</span> <span class='ocrx_word' id='word_1_589' title='bbox 397 1977 443 2004; x_wconf 79' lang='grc' dir='ltr'>τοῦ</span> <span class='ocrx_word' id='word_1_590' title='bbox 457 1978 553 2009; x_wconf 80' lang='grc' dir='ltr'>κακοῦ,</span> <span class='ocrx_word' id='word_1_591' title='bbox 576 1979 616 2010; x_wconf 78' lang='grc' dir='ltr'><strong>εἰς</strong></span> <span class='ocrx_word' id='word_1_592' title='bbox 633 1978 663 2004; x_wconf 78' lang='grc' dir='ltr'>τὸ</span> <span class='ocrx_word' id='word_1_593' title='bbox 678 1978 815 2013; x_wconf 81' lang='grc' dir='ltr'>διαμένειν</span> 
     </span>
    </p>
   </div>
   <div class='ocr_carea' id='block_1_78' title="bbox 21 2022 815 2059">
    <p class='ocr_par' dir='ltr' id='par_1_78' title="bbox 21 2022 815 2059">
     <span class='ocr_line' id='line_1_78' title="bbox 21 2022 815 2059; baseline 0 -8"><span class='ocrx_word' id='word_1_594' title='bbox 21 2025 69 2051; x_wconf 67' lang='grc' dir='ltr'>καὶ</span> <span class='ocrx_word' id='word_1_595' title='bbox 85 2023 243 2056; x_wconf 78' lang='grc' dir='ltr'>σώζεσθαι,</span> <span class='ocrx_word' id='word_1_596' title='bbox 268 2024 314 2050; x_wconf 79' lang='grc' dir='ltr'>καὶ</span> <span class='ocrx_word' id='word_1_597' title='bbox 333 2023 369 2059; x_wconf 84' lang='grc' dir='ltr'>μὴ</span> <span class='ocrx_word' id='word_1_598' title='bbox 383 2025 427 2058; x_wconf 75' lang='grc' dir='ltr'><strong>ὑφ’</strong></span> <span class='ocrx_word' id='word_1_599' title='bbox 445 2022 543 2051; x_wconf 73' lang='grc' dir='ltr'>ἑαυτοῦ</span> <span class='ocrx_word' id='word_1_600' title='bbox 561 2023 766 2051; x_wconf 82' lang='grc' dir='ltr'>ἀναλίσκεσθαι.</span> <span class='ocrx_word' id='word_1_601' title='bbox 785 2025 815 2051; x_wconf 88' lang='grc' dir='ltr'>Εἰ</span> 
     </span>
    </p>
   </div>
   <div class='ocr_carea' id='block_1_79' title="bbox 21 2070 814 2106">
    <p class='ocr_par' dir='ltr' id='par_1_79' title="bbox 21 2070 814 2106">
     <span class='ocr_line' id='line_1_79' title="bbox 21 2070 814 2106; baseline 0 -10"><span class='ocrx_word' id='word_1_602' title='bbox 21 2071 76 2106; x_wconf 73' lang='grc' dir='ltr'><strong>γὰρ</strong></span> <span class='ocrx_word' id='word_1_603' title='bbox 98 2071 147 2105; x_wconf 74' lang='grc' dir='ltr'><strong>ὑφ’</strong></span> <span class='ocrx_word' id='word_1_604' title='bbox 160 2071 256 2097; x_wconf 79' lang='grc' dir='ltr'>ἑαυτοῦ</span> <span class='ocrx_word' id='word_1_605' title='bbox 273 2070 444 2097; x_wconf 79' lang='grc' dir='ltr'>δαπανᾶσθαι</span> <span class='ocrx_word' id='word_1_606' title='bbox 455 2070 534 2097; x_wconf 75' lang='grc' dir='ltr'>τοῦτο</span> <span class='ocrx_word' id='word_1_607' title='bbox 552 2070 723 2101; x_wconf 80' lang='grc' dir='ltr'>διεκώλυσεν,</span> <span class='ocrx_word' id='word_1_608' title='bbox 739 2071 814 2097; x_wconf 81' lang='grc' dir='ltr'>ἄντι-</span> 
     </span>
    </p>
   </div>
   <div class='ocr_carea' id='block_1_80' title="bbox 855 1839 1655 1875">
    <p class='ocr_par' dir='ltr' id='par_1_80' title="bbox 855 1839 1655 1875">
     <span class='ocr_line' id='line_1_80' title="bbox 855 1839 1655 1875; baseline -0.001 -8"><span class='ocrx_word' id='word_1_609' title='bbox 855 1839 866 1851; x_wconf 65' lang='grc'><strong><em>*</em></strong></span> <span class='ocrx_word' id='word_1_610' title='bbox 904 1839 988 1875; x_wconf 77' lang='lat' dir='ltr'><strong>Igitur</strong></span> <span class='ocrx_word' id='word_1_611' title='bbox 1018 1840 1175 1867; x_wconf 86' lang='lat' dir='ltr'><strong>insidiatum</strong></span> <span class='ocrx_word' id='word_1_612' title='bbox 1196 1843 1238 1867; x_wconf 86' lang='lat' dir='ltr'><strong>est</strong></span> <span class='ocrx_word' id='word_1_613' title='bbox 1259 1840 1349 1866; x_wconf 86' lang='lat' dir='ltr'><strong>lumen</strong></span> <span class='ocrx_word' id='word_1_614' title='bbox 1365 1839 1485 1872; x_wconf 89' lang='lat' dir='ltr'><strong>utilitati,</strong></span> <span class='ocrx_word' id='word_1_615' title='bbox 1510 1839 1655 1874; x_wconf 89' lang='lat' dir='ltr'><strong>siquidem</strong></span> 
     </span>
    </p>
   </div>
   <div class='ocr_carea' id='block_1_81' title="bbox 869 1885 1655 1920">
    <p class='ocr_par' dir='ltr' id='par_1_81' title="bbox 869 1885 1655 1920">
     <span class='ocr_line' id='line_1_81' title="bbox 869 1885 1655 1920; baseline -0.001 -7"><span class='ocrx_word' id='word_1_616' title='bbox 869 1887 955 1913; x_wconf 87' lang='lat' dir='ltr'><strong>malos</strong></span> <span class='ocrx_word' id='word_1_617' title='bbox 975 1894 990 1913; x_wconf 89' lang='lat' dir='ltr'><strong>a</strong></span> <span class='ocrx_word' id='word_1_618' title='bbox 1009 1890 1103 1912; x_wconf 90' lang='lat' dir='ltr'><strong>mutua</strong></span> <span class='ocrx_word' id='word_1_619' title='bbox 1121 1885 1195 1913; x_wconf 65' lang='lat' dir='ltr'><strong>caede</strong></span> <span class='ocrx_word' id='word_1_620' title='bbox 1216 1885 1350 1916; x_wconf 79' lang='lat' dir='ltr'><strong>liberavit,</strong></span> <span class='ocrx_word' id='word_1_621' title='bbox 1374 1890 1400 1912; x_wconf 90' lang='lat' dir='ltr'><strong>ct</strong></span> <span class='ocrx_word' id='word_1_622' title='bbox 1420 1890 1550 1920; x_wconf 83' lang='lat' dir='ltr'><strong>tanquam</strong></span> <span class='ocrx_word' id='word_1_623' title='bbox 1566 1885 1655 1912; x_wconf 85' lang='lat' dir='ltr'><strong>medi-</strong></span> 
     </span>
    </p>
   </div>
   <div class='ocr_carea' id='block_1_82' title="bbox 869 1930 1655 1966">
    <p class='ocr_par' dir='ltr' id='par_1_82' title="bbox 869 1930 1655 1966">
     <span class='ocr_line' id='line_1_82' title="bbox 869 1930 1655 1966; baseline -0.003 -7"><span class='ocrx_word' id='word_1_624' title='bbox 869 1933 930 1959; x_wconf 83' lang='lat' dir='ltr'><strong>cina</strong></span> <span class='ocrx_word' id='word_1_625' title='bbox 953 1931 1051 1959; x_wconf 89' lang='lat' dir='ltr'><strong>medici</strong></span> <span class='ocrx_word' id='word_1_626' title='bbox 1076 1931 1177 1966; x_wconf 79' lang='lat' dir='ltr'><strong>profuit</strong></span> <span class='ocrx_word' id='word_1_627' title='bbox 1198 1932 1316 1966; x_wconf 67' lang='lat' dir='ltr'><strong>aegrotis.</strong></span> <span class='ocrx_word' id='word_1_628' title='bbox 1340 1930 1375 1957; x_wconf 82' lang='lat' dir='ltr'><strong>At</strong></span> <span class='ocrx_word' id='word_1_629' title='bbox 1399 1938 1452 1957; x_wconf 87' lang='lat' dir='ltr'><strong>non</strong></span> <span class='ocrx_word' id='word_1_630' title='bbox 1478 1931 1655 1958; x_wconf 78' lang='lat' dir='ltr'><strong>conveniebat</strong></span> 
     </span>
    </p>
   </div>
   <div class='ocr_carea' id='block_1_83' title="bbox 870 1977 1654 2013">
    <p class='ocr_par' dir='ltr' id='par_1_83' title="bbox 870 1977 1654 2013">
     <span class='ocr_line' id='line_1_83' title="bbox 870 1977 1654 2013; baseline -0.003 -7"><span class='ocrx_word' id='word_1_631' title='bbox 870 1979 952 2012; x_wconf 89' lang='lat' dir='ltr'><strong>bono,</strong></span> <span class='ocrx_word' id='word_1_632' title='bbox 974 1983 1002 2006; x_wconf 94' lang='lat' dir='ltr'><strong>ut</strong></span> <span class='ocrx_word' id='word_1_633' title='bbox 1019 1982 1140 2013; x_wconf 83' lang='lat' dir='ltr'><strong>parceret</strong></span> <span class='ocrx_word' id='word_1_634' title='bbox 1162 1978 1243 2009; x_wconf 86' lang='lat' dir='ltr'><strong>malo,</strong></span> <span class='ocrx_word' id='word_1_635' title='bbox 1268 1982 1294 2005; x_wconf 84' lang='lat' dir='ltr'><strong>et</strong></span> <span class='ocrx_word' id='word_1_636' title='bbox 1311 1978 1411 2005; x_wconf 81' lang='lat' dir='ltr'><strong>sineret</strong></span> <span class='ocrx_word' id='word_1_637' title='bbox 1432 1985 1590 2012; x_wconf 87' lang='lat' dir='ltr'><strong>permanere</strong></span> <span class='ocrx_word' id='word_1_638' title='bbox 1610 1977 1654 2004; x_wconf 84' lang='lat' dir='ltr'><strong>in-</strong></span> 
     </span>
    </p>
   </div>
   <div class='ocr_carea' id='block_1_84' title="bbox 870 2022 1653 2059">
    <p class='ocr_par' dir='ltr' id='par_1_84' title="bbox 870 2022 1653 2059">
     <span class='ocr_line' id='line_1_84' title="bbox 870 2022 1653 2059; baseline -0.001 -8"><span class='ocrx_word' id='word_1_639' title='bbox 870 2025 987 2058; x_wconf 88' lang='lat' dir='ltr'><strong>colume,</strong></span> <span class='ocrx_word' id='word_1_640' title='bbox 1001 2031 1027 2052; x_wconf 89' lang='lat' dir='ltr'><strong>et</strong></span> <span class='ocrx_word' id='word_1_641' title='bbox 1042 2033 1095 2051; x_wconf 89' lang='lat' dir='ltr'><strong>non</strong></span> <span class='ocrx_word' id='word_1_642' title='bbox 1113 2025 1214 2051; x_wconf 88' lang='lat' dir='ltr'><strong>sineret</strong></span> <span class='ocrx_word' id='word_1_643' title='bbox 1226 2031 1241 2050; x_wconf 94' lang='lat' dir='ltr'><strong>a</strong></span> <span class='ocrx_word' id='word_1_644' title='bbox 1257 2031 1286 2051; x_wconf 86' lang='lat' dir='ltr'><strong>se</strong></span> <span class='ocrx_word' id='word_1_645' title='bbox 1301 2024 1360 2059; x_wconf 89' lang='lat' dir='ltr'><strong>ipso</strong></span> <span class='ocrx_word' id='word_1_646' title='bbox 1374 2023 1509 2051; x_wconf 84' lang='lat' dir='ltr'><strong>consumi.</strong></span> <span class='ocrx_word' id='word_1_647' title='bbox 1526 2022 1554 2050; x_wconf 88' lang='lat' dir='ltr'><strong>Si</strong></span> <span class='ocrx_word' id='word_1_648' title='bbox 1570 2023 1653 2054; x_wconf 87' lang='lat' dir='ltr'><strong>enim,</strong></span> 
     </span>
    </p>
   </div>
   <div class='ocr_carea' id='block_1_85' title="bbox 869 2069 1655 2104">
    <p class='ocr_par' dir='ltr' id='par_1_85' title="bbox 869 2069 1655 2104">
     <span class='ocr_line' id='line_1_85' title="bbox 869 2069 1655 2104; baseline 0.001 -8"><span class='ocrx_word' id='word_1_649' title='bbox 869 2078 903 2097; x_wconf 90' lang='lat' dir='ltr'><strong>ne</strong></span> <span class='ocrx_word' id='word_1_650' title='bbox 929 2078 943 2097; x_wconf 75' lang='grc' dir='ltr'><strong>ιι</strong></span> <span class='ocrx_word' id='word_1_651' title='bbox 965 2078 994 2098; x_wconf 89' lang='lat' dir='ltr'><strong>se</strong></span> <span class='ocrx_word' id='word_1_652' title='bbox 1019 2073 1238 2101; x_wconf 88' lang='lat' dir='ltr'><strong>consumeretur,</strong></span> <span class='ocrx_word' id='word_1_653' title='bbox 1256 2069 1307 2096; x_wconf 82' lang='lat' dir='ltr'><strong>hoc</strong></span> <span class='ocrx_word' id='word_1_654' title='bbox 1328 2069 1478 2104; x_wconf 84' lang='lat' dir='ltr'><strong>prohibuit.</strong></span> <span class='ocrx_word' id='word_1_655' title='bbox 1498 2069 1557 2104; x_wconf 91' lang='lat' dir='ltr'><strong>ipse</strong></span> <span class='ocrx_word' id='word_1_656' title='bbox 1574 2069 1655 2104; x_wconf 85' lang='lat' dir='ltr'><strong>plane</strong></span> 
     </span>
    </p>
   </div>
   <div class='ocr_carea' id='block_1_86' title="bbox 21 2113 804 2153">
    <p class='ocr_par' dir='ltr' id='par_1_86' title="bbox 21 2115 804 2153">
     <span class='ocr_line' id='line_1_86' title="bbox 21 2115 804 2153; baseline -0.003 -9"><span class='ocrx_word' id='word_1_657' title='bbox 21 2126 92 2153; x_wconf 72' lang='grc' dir='ltr'>κρυς</span> <span class='ocrx_word' id='word_1_658' title='bbox 104 2116 189 2147; x_wconf 75' lang='grc' dir='ltr'>αὐτὸς</span> <span class='ocrx_word' id='word_1_659' title='bbox 202 2116 361 2152; x_wconf 75' lang='grc' dir='ltr'>διετήρησεν</span> <span class='ocrx_word' id='word_1_660' title='bbox 374 2116 440 2143; x_wconf 78' lang='grc' dir='ltr'>αὐτό</span> <span class='ocrx_word' id='word_1_661' title='bbox 451 2124 457 2131; x_wconf 94' lang='grc'><strong>·</strong></span> <span class='ocrx_word' id='word_1_662' title='bbox 476 2116 522 2143; x_wconf 77' lang='grc' dir='ltr'>καὶ</span> <span class='ocrx_word' id='word_1_663' title='bbox 537 2116 579 2151; x_wconf 76' lang='grc' dir='ltr'>εἴη</span> <span class='ocrx_word' id='word_1_664' title='bbox 593 2116 625 2142; x_wconf 82' lang='grc' dir='ltr'>ἂν</span> <span class='ocrx_word' id='word_1_665' title='bbox 637 2115 804 2151; x_wconf 65' lang='grc' dir='ltr'>ἀληθέστερον</span> 
     </span>
    </p>
   </div>
   <div class='ocr_carea' id='block_1_87' title="bbox 873 2113 1656 2153">
    <p class='ocr_par' dir='ltr' id='par_1_87' title="bbox 873 2115 1656 2151">
     <span class='ocr_line' id='line_1_87' title="bbox 873 2115 1656 2151; baseline -0.001 -8"><span class='ocrx_word' id='word_1_666' title='bbox 873 2116 987 2144; x_wconf 77' lang='lat' dir='ltr'><strong>servavit</strong></span> <span class='ocrx_word' id='word_1_667' title='bbox 1002 2116 1101 2151; x_wconf 89' lang='lat' dir='ltr'><strong>ipsum,</strong></span> <span class='ocrx_word' id='word_1_668' title='bbox 1117 2119 1244 2150; x_wconf 87' lang='lat' dir='ltr'><strong>essetque</strong></span> <span class='ocrx_word' id='word_1_669' title='bbox 1255 2116 1344 2143; x_wconf 87' lang='lat' dir='ltr'><strong>verior</strong></span> <span class='ocrx_word' id='word_1_670' title='bbox 1358 2115 1464 2149; x_wconf 78' lang='grc' dir='ltr'>ἀταξία,</span> <span class='ocrx_word' id='word_1_671' title='bbox 1478 2115 1503 2142; x_wconf 90' lang='lat' dir='ltr'><strong>id</strong></span> <span class='ocrx_word' id='word_1_672' title='bbox 1516 2119 1567 2147; x_wconf 85' lang='lat' dir='ltr'><strong>est,</strong></span> <span class='ocrx_word' id='word_1_673' title='bbox 1580 2116 1656 2142; x_wconf 86' lang='lat' dir='ltr'><strong>aber-</strong></span> 
     </span>
    </p>
   </div>
   <div class='ocr_carea' id='block_1_88' title="bbox 23 2161 815 2198">
    <p class='ocr_par' dir='ltr' id='par_1_88' title="bbox 23 2161 815 2198">
     <span class='ocr_line' id='line_1_88' title="bbox 23 2161 815 2198; baseline -0.006 -6"><span class='ocrx_word' id='word_1_674' title='bbox 23 2166 105 2192; x_wconf 81' lang='grc' dir='ltr'>τοῦτο</span> <span class='ocrx_word' id='word_1_675' title='bbox 125 2164 233 2198; x_wconf 83' lang='grc' dir='ltr'>ἀταξία,</span> <span class='ocrx_word' id='word_1_676' title='bbox 250 2165 264 2190; x_wconf 83' lang='grc' dir='ltr'>ὃ</span> <span class='ocrx_word' id='word_1_677' title='bbox 282 2172 347 2198; x_wconf 86' lang='grc' dir='ltr'>φησι</span> <span class='ocrx_word' id='word_1_678' title='bbox 364 2163 412 2198; x_wconf 87' lang='grc' dir='ltr'>τὴν</span> <span class='ocrx_word' id='word_1_679' title='bbox 429 2162 542 2196; x_wconf 78' lang='grc' dir='ltr'>ἀταξίαν</span> <span class='ocrx_word' id='word_1_680' title='bbox 561 2161 815 2188; x_wconf 79' lang='grc' dir='ltr'>πεπαυκέναι.”οτε</span> 
     </span>
    </p>
   </div>
   <div class='ocr_carea' id='block_1_89' title="bbox 22 2207 815 2246">
    <p class='ocr_par' dir='ltr' id='par_1_89' title="bbox 22 2207 815 2246">
     <span class='ocr_line' id='line_1_89' title="bbox 22 2207 815 2246; baseline -0.006 -8"><span class='ocrx_word' id='word_1_681' title='bbox 22 2213 117 2238; x_wconf 77' lang='grc' dir='ltr'>τοίνυν</span> <span class='ocrx_word' id='word_1_682' title='bbox 135 2212 203 2246; x_wconf 81' lang='grc' dir='ltr'>αὐτῇ</span> <span class='ocrx_word' id='word_1_683' title='bbox 217 2210 288 2242; x_wconf 82' lang='grc' dir='ltr'>λέξει</span> <span class='ocrx_word' id='word_1_684' title='bbox 303 2210 411 2245; x_wconf 72' lang='grc' dir='ltr'>φησὶνή</span> <span class='ocrx_word' id='word_1_685' title='bbox 429 2209 493 2244; x_wconf 77' lang='grc' dir='ltr'>παρ’</span> <span class='ocrx_word' id='word_1_686' title='bbox 512 2209 601 2239; x_wconf 64' lang='grc' dir='ltr'>αὶτοῖς</span> <span class='ocrx_word' id='word_1_687' title='bbox 619 2207 725 2243; x_wconf 75' lang='grc' dir='ltr'>βίϐλος·</span> <span class='ocrx_word' id='word_1_688' title='bbox 743 2208 815 2243; x_wconf 66' lang='grc' dir='ltr'>Πρὸς</span> 
     </span>
    </p>
   </div>
   <div class='ocr_carea' id='block_1_90' title="bbox 24 2254 814 2294">
    <p class='ocr_par' dir='ltr' id='par_1_90' title="bbox 24 2254 814 2294">
     <span class='ocr_line' id='line_1_90' title="bbox 24 2254 814 2294; baseline -0.005 -10"><span class='ocrx_word' id='word_1_689' title='bbox 24 2259 162 2294; x_wconf 75' lang='grc' dir='ltr'>ἀλλήλους</span> <span class='ocrx_word' id='word_1_690' title='bbox 176 2256 376 2288; x_wconf 80' lang='grc' dir='ltr'>στασιάζοντες.</span> <span class='ocrx_word' id='word_1_691' title='bbox 401 2256 572 2282; x_wconf 82' lang='grc' dir='ltr'>ἐπεπόλασαν</span> <span class='ocrx_word' id='word_1_692' title='bbox 587 2255 633 2282; x_wconf 75' lang='grc' dir='ltr'>καὶ</span> <span class='ocrx_word' id='word_1_693' title='bbox 657 2254 736 2291; x_wconf 64' lang='grc' dir='ltr'>μέχρι</span> <span class='ocrx_word' id='word_1_694' title='bbox 760 2254 814 2280; x_wconf 84' lang='grc' dir='ltr'>τῶν</span> 
     </span>
    </p>
   </div>
   <div class='ocr_carea' id='block_1_91' title="bbox 25 2301 814 2340">
    <p class='ocr_par' dir='ltr' id='par_1_91' title="bbox 25 2301 814 2340">
     <span class='ocr_line' id='line_1_91' title="bbox 25 2301 814 2340; baseline -0.005 -9"><span class='ocrx_word' id='word_1_695' title='bbox 25 2305 175 2340; x_wconf 74' lang='grc' dir='ltr'>μεθορίων,</span> <span class='ocrx_word' id='word_1_696' title='bbox 192 2305 238 2331; x_wconf 74' lang='grc' dir='ltr'>καὶ</span> <span class='ocrx_word' id='word_1_697' title='bbox 251 2304 281 2330; x_wconf 77' lang='grc' dir='ltr'>τὸ</span> <span class='ocrx_word' id='word_1_698' title='bbox 292 2303 350 2338; x_wconf 77' lang='grc' dir='ltr'>φῶς</span> <span class='ocrx_word' id='word_1_699' title='bbox 364 2301 445 2335; x_wconf 81' lang='grc' dir='ltr'>εἶδον,</span> <span class='ocrx_word' id='word_1_700' title='bbox 460 2302 550 2337; x_wconf 82' lang='grc' dir='ltr'>θέαμά</span> <span class='ocrx_word' id='word_1_701' title='bbox 567 2311 593 2328; x_wconf 86' lang='grc' dir='ltr'><strong>τι</strong></span> <span class='ocrx_word' id='word_1_702' title='bbox 611 2301 753 2328; x_wconf 74' lang='grc' dir='ltr'>κάλλιστον</span> <span class='ocrx_word' id='word_1_703' title='bbox 767 2301 814 2328; x_wconf 73' lang='grc' dir='ltr'>καὶ</span> 
     </span>
    </p>
   </div>
   <div class='ocr_carea' id='block_1_92' title="bbox 24 2348 815 2387">
    <p class='ocr_par' dir='ltr' id='par_1_92' title="bbox 24 2348 815 2387">
     <span class='ocr_line' id='line_1_92' title="bbox 24 2348 815 2387; baseline -0.008 -9"><span class='ocrx_word' id='word_1_704' title='bbox 24 2351 250 2387; x_wconf 69' lang='grc' dir='ltr'>εὐπρεπέστατον</span> <span class='ocrx_word' id='word_1_705' title='bbox 263 2359 269 2366; x_wconf 81' lang='grc'><em>’</em></span> <span class='ocrx_word' id='word_1_706' title='bbox 288 2351 357 2377; x_wconf 86' lang='grc' dir='ltr'>τότε.</span> <span class='ocrx_word' id='word_1_707' title='bbox 383 2349 435 2376; x_wconf 81' lang='grc' dir='ltr'><strong>ὑπὸ</strong></span> <span class='ocrx_word' id='word_1_708' title='bbox 455 2349 505 2384; x_wconf 83' lang='grc' dir='ltr'>τῆς</span> <span class='ocrx_word' id='word_1_709' title='bbox 529 2350 557 2375; x_wconf 79' lang='grc' dir='ltr'>ἐν</span> <span class='ocrx_word' id='word_1_710' title='bbox 568 2349 659 2379; x_wconf 82' lang='grc' dir='ltr'>αὐτοῖς</span> <span class='ocrx_word' id='word_1_711' title='bbox 682 2348 815 2383; x_wconf 81' lang='grc' dir='ltr'>κινήσεως</span> 
     </span>
    </p>
   </div>
   <div class='ocr_carea' id='block_1_93' title="bbox 25 2393 814 2430">
    <p class='ocr_par' dir='ltr' id='par_1_93' title="bbox 25 2393 814 2430">
     <span class='ocr_line' id='line_1_93' title="bbox 25 2393 814 2430; baseline -0.008 -5"><span class='ocrx_word' id='word_1_712' title='bbox 25 2397 231 2429; x_wconf 77' lang='grc' dir='ltr'>ἐνθουσιῶντες,</span> <span class='ocrx_word' id='word_1_713' title='bbox 246 2397 316 2423; x_wconf 83' lang='grc' dir='ltr'>κατὰ</span> <span class='ocrx_word' id='word_1_714' title='bbox 339 2396 387 2422; x_wconf 74' lang='grc' dir='ltr'>τοῦ</span> <span class='ocrx_word' id='word_1_715' title='bbox 400 2396 488 2430; x_wconf 72' lang='grc' dir='ltr'>φωτὸς</span> <span class='ocrx_word' id='word_1_716' title='bbox 511 2394 714 2424; x_wconf 74' lang='grc' dir='ltr'>ἐϐουλεύσαντο.</span> <span class='ocrx_word' id='word_1_717' title='bbox 736 2393 761 2420; x_wconf 88' lang='grc' dir='ltr'><strong>τί</strong></span> <span class='ocrx_word' id='word_1_718' title='bbox 782 2393 814 2428; x_wconf 85' lang='grc' dir='ltr'><strong>δὴ</strong></span> 
     </span>
    </p>
   </div>
   <div class='ocr_carea' id='block_1_94' title="bbox 26 2441 814 2479">
    <p class='ocr_par' dir='ltr' id='par_1_94' title="bbox 26 2441 814 2479">
     <span class='ocr_line' id='line_1_94' title="bbox 26 2441 814 2479; baseline -0.006 -9"><span class='ocrx_word' id='word_1_719' title='bbox 26 2446 193 2479; x_wconf 80' lang='grc' dir='ltr'>ποιήσαντες</span> <span class='ocrx_word' id='word_1_720' title='bbox 208 2444 331 2470; x_wconf 88' lang='grc' dir='ltr'>δύναιντο</span> <span class='ocrx_word' id='word_1_721' title='bbox 343 2443 376 2470; x_wconf 76' lang='grc' dir='ltr'>ἂν</span> <span class='ocrx_word' id='word_1_722' title='bbox 391 2443 489 2473; x_wconf 77' lang='grc' dir='ltr'>αὐτοὺς</span> <span class='ocrx_word' id='word_1_723' title='bbox 500 2441 538 2476; x_wconf 83' lang='grc' dir='ltr'><strong>τῷ</strong></span> <span class='ocrx_word' id='word_1_724' title='bbox 558 2441 692 2476; x_wconf 85' lang='grc' dir='ltr'>κρείττονι</span> <span class='ocrx_word' id='word_1_725' title='bbox 714 2447 814 2473; x_wconf 79' lang='grc' dir='ltr'>συγκε-</span> 
     </span>
    </p>
   </div>
   <div class='ocr_carea' id='block_1_95' title="bbox 28 2484 814 2527">
    <p class='ocr_par' dir='ltr' id='par_1_95' title="bbox 28 2484 814 2527">
     <span class='ocr_line' id='line_1_95' title="bbox 28 2484 814 2527; baseline -0.009 -9"><span class='ocrx_word' id='word_1_726' title='bbox 28 2493 127 2527; x_wconf 77' lang='grc' dir='ltr'>ράσαι;</span> <span class='ocrx_word' id='word_1_727' title='bbox 141 2490 226 2517; x_wconf 80' lang='grc' dir='ltr'>Τοῦτο</span> <span class='ocrx_word' id='word_1_728' title='bbox 237 2490 266 2517; x_wconf 79' lang='grc' dir='ltr'>δὲ</span> <span class='ocrx_word' id='word_1_729' title='bbox 287 2489 447 2524; x_wconf 82' lang='grc' dir='ltr'>λογίσασθαι</span> <span class='ocrx_word' id='word_1_730' title='bbox 469 2489 518 2523; x_wconf 74' lang='grc' dir='ltr'><strong>οὐχ</strong></span> <span class='ocrx_word' id='word_1_731' title='bbox 539 2485 590 2514; x_wconf 74' lang='grc' dir='ltr'>οἶοί</span> <span class='ocrx_word' id='word_1_732' title='bbox 609 2496 639 2514; x_wconf 88' lang='grc' dir='ltr'><strong>τε</strong></span> <span class='ocrx_word' id='word_1_733' title='bbox 652 2484 732 2522; x_wconf 82' lang='grc' dir='ltr'>ἦσαν,</span> <span class='ocrx_word' id='word_1_734' title='bbox 756 2485 814 2512; x_wconf 84' lang='grc' dir='ltr'>ἀλλ’</span> 
     </span>
    </p>
   </div>
   <div class='ocr_carea' id='block_1_96' title="bbox 27 2533 816 2573">
    <p class='ocr_par' dir='ltr' id='par_1_96' title="bbox 27 2533 816 2573">
     <span class='ocr_line' id='line_1_96' title="bbox 27 2533 816 2573; baseline -0.009 -8"><span class='ocrx_word' id='word_1_735' title='bbox 27 2538 162 2573; x_wconf 79' lang='grc' dir='ltr'>ἐπιθυμίᾳ</span> <span class='ocrx_word' id='word_1_736' title='bbox 176 2538 223 2564; x_wconf 76' lang='grc' dir='ltr'>τοῦ</span> <span class='ocrx_word' id='word_1_737' title='bbox 252 2537 404 2572; x_wconf 81' lang='grc' dir='ltr'>κρείττονος</span> <span class='ocrx_word' id='word_1_738' title='bbox 430 2535 495 2562; x_wconf 77' lang='grc' dir='ltr'>ἴδιον</span> <span class='ocrx_word' id='word_1_739' title='bbox 519 2535 631 2570; x_wconf 77' lang='grc' dir='ltr'>θήραμα</span> <span class='ocrx_word' id='word_1_740' title='bbox 655 2533 816 2568; x_wconf 83' lang='grc' dir='ltr'>νομίσαντες</span> 
     </span>
    </p>
   </div>
   <div class='ocr_carea' id='block_1_97' title="bbox 26 2580 742 2617">
    <p class='ocr_par' dir='ltr' id='par_1_97' title="bbox 26 2580 742 2617">
     <span class='ocr_line' id='line_1_97' title="bbox 26 2580 742 2617; baseline -0.01 -5"><span class='ocrx_word' id='word_1_741' title='bbox 26 2586 120 2617; x_wconf 72' lang='grc' dir='ltr'>αὐτοῖς</span> <span class='ocrx_word' id='word_1_742' title='bbox 134 2584 255 2616; x_wconf 74' lang='grc' dir='ltr'>ἔσεσθαι,</span> <span class='ocrx_word' id='word_1_743' title='bbox 275 2583 368 2610; x_wconf 79' lang='grc' dir='ltr'>πολλοὶ</span> <span class='ocrx_word' id='word_1_744' title='bbox 384 2582 460 2612; x_wconf 73' lang='grc' dir='ltr'>ὄντες</span> <span class='ocrx_word' id='word_1_745' title='bbox 481 2580 742 2616; x_wconf 76' lang='grc' dir='ltr'>ἐπεστρατεύσαντο.</span> 
     </span>
    </p>
   </div>
   <div class='ocr_carea' id='block_1_98' title="bbox 870 2161 1654 2196">
    <p class='ocr_par' dir='ltr' id='par_1_98' title="bbox 870 2161 1654 2196">
     <span class='ocr_line' id='line_1_98' title="bbox 870 2161 1654 2196; baseline -0.001 -7"><span class='ocrx_word' id='word_1_746' title='bbox 870 2163 938 2189; x_wconf 91' lang='lat' dir='ltr'><strong>ratio</strong></span> <span class='ocrx_word' id='word_1_747' title='bbox 955 2169 969 2188; x_wconf 89' lang='lat' dir='ltr'><strong>a</strong></span> <span class='ocrx_word' id='word_1_748' title='bbox 989 2162 1060 2189; x_wconf 83' lang='lat' dir='ltr'><strong>bono</strong></span> <span class='ocrx_word' id='word_1_749' title='bbox 1083 2162 1178 2189; x_wconf 88' lang='lat' dir='ltr'><strong>ordine</strong></span> <span class='ocrx_word' id='word_1_750' title='bbox 1200 2161 1252 2188; x_wconf 78' lang='lat' dir='ltr'><strong>hoc</strong></span> <span class='ocrx_word' id='word_1_751' title='bbox 1269 2161 1341 2196; x_wconf 90' lang='lat' dir='ltr'><strong>quod</strong></span> <span class='ocrx_word' id='word_1_752' title='bbox 1362 2162 1410 2191; x_wconf 87' lang='lat' dir='ltr'><strong>ait.</strong></span> <span class='ocrx_word' id='word_1_753' title='bbox 1435 2161 1568 2189; x_wconf 86' lang='lat' dir='ltr'><strong>sublatam</strong></span> <span class='ocrx_word' id='word_1_754' title='bbox 1593 2169 1654 2188; x_wconf 86' lang='lat' dir='ltr'><strong>esse</strong></span> 
     </span>
    </p>
   </div>
   <div class='ocr_carea' id='block_1_99' title="bbox 869 2206 1652 2242">
    <p class='ocr_par' dir='ltr' id='par_1_99' title="bbox 869 2206 1652 2242">
     <span class='ocr_line' id='line_1_99' title="bbox 869 2206 1652 2242; baseline -0.001 -7"><span class='ocrx_word' id='word_1_755' title='bbox 869 2207 1098 2242; x_wconf 84' lang='lat' dir='ltr'><strong>perturbationem</strong></span> <span class='ocrx_word' id='word_1_756' title='bbox 1114 2207 1228 2234; x_wconf 86' lang='lat' dir='ltr'><strong>ordinis.</strong></span> <span class='ocrx_word' id='word_1_757' title='bbox 1250 2206 1295 2233; x_wconf 90' lang='lat' dir='ltr'><strong>Sic</strong></span> <span class='ocrx_word' id='word_1_758' title='bbox 1311 2207 1394 2241; x_wconf 83' lang='lat' dir='ltr'><strong>igitur</strong></span> <span class='ocrx_word' id='word_1_759' title='bbox 1413 2210 1455 2234; x_wconf 88' lang='lat' dir='ltr'><strong>est</strong></span> <span class='ocrx_word' id='word_1_760' title='bbox 1477 2206 1503 2233; x_wconf 94' lang='lat' dir='ltr'><strong>in</strong></span> <span class='ocrx_word' id='word_1_761' title='bbox 1522 2206 1592 2233; x_wconf 90' lang='lat' dir='ltr'><strong>libro</strong></span> <span class='ocrx_word' id='word_1_762' title='bbox 1605 2207 1652 2242; x_wconf 90' lang='lat' dir='ltr'><strong>qui</strong></span> 
     </span>
    </p>
   </div>
   <div class='ocr_carea' id='block_1_100' title="bbox 868 2252 1654 2288">
    <p class='ocr_par' dir='ltr' id='par_1_100' title="bbox 868 2252 1654 2288">
     <span class='ocr_line' id='line_1_100' title="bbox 868 2252 1654 2288; baseline 0 -8"><span class='ocrx_word' id='word_1_763' title='bbox 868 2253 939 2288; x_wconf 85' lang='lat' dir='ltr'><strong>apud</strong></span> <span class='ocrx_word' id='word_1_764' title='bbox 961 2253 1035 2288; x_wconf 86' lang='lat' dir='ltr'><strong>ipsos</strong></span> <span class='ocrx_word' id='word_1_765' title='bbox 1049 2253 1137 2280; x_wconf 82' lang='lat' dir='ltr'><strong>fertur</strong></span> <span class='ocrx_word' id='word_1_766' title='bbox 1151 2262 1157 2280; x_wconf 91' lang='lat'><strong>:</strong></span> <span class='ocrx_word' id='word_1_767' title='bbox 1172 2252 1306 2280; x_wconf 85' lang='lat' dir='ltr'><strong>seditione</strong></span> <span class='ocrx_word' id='word_1_768' title='bbox 1322 2252 1393 2280; x_wconf 86' lang='lat' dir='ltr'><strong>inter</strong></span> <span class='ocrx_word' id='word_1_769' title='bbox 1418 2252 1491 2286; x_wconf 88' lang='lat' dir='ltr'><strong>ipsos</strong></span> <span class='ocrx_word' id='word_1_770' title='bbox 1506 2257 1576 2284; x_wconf 87' lang='lat' dir='ltr'><strong>orta,</strong></span> <span class='ocrx_word' id='word_1_771' title='bbox 1593 2261 1654 2287; x_wconf 88' lang='lat' dir='ltr'><strong>pro-</strong></span> 
     </span>
    </p>
   </div>
   <div class='ocr_carea' id='block_1_101' title="bbox 867 2297 1651 2334">
    <p class='ocr_par' dir='ltr' id='par_1_101' title="bbox 867 2297 1651 2334">
     <span class='ocr_line' id='line_1_101' title="bbox 867 2297 1651 2334; baseline -0.004 -8"><span class='ocrx_word' id='word_1_772' title='bbox 867 2299 976 2326; x_wconf 85' lang='lat' dir='ltr'><strong>dierunt</strong></span> <span class='ocrx_word' id='word_1_773' title='bbox 1000 2306 1088 2334; x_wconf 90' lang='lat' dir='ltr'><strong>usque</strong></span> <span class='ocrx_word' id='word_1_774' title='bbox 1112 2298 1145 2325; x_wconf 89' lang='lat' dir='ltr'><strong>ad</strong></span> <span class='ocrx_word' id='word_1_775' title='bbox 1166 2298 1331 2330; x_wconf 85' lang='lat' dir='ltr'><strong>conﬁnium,</strong></span> <span class='ocrx_word' id='word_1_776' title='bbox 1356 2302 1383 2325; x_wconf 86' lang='lat' dir='ltr'><strong>et</strong></span> <span class='ocrx_word' id='word_1_777' title='bbox 1399 2298 1524 2325; x_wconf 90' lang='lat' dir='ltr'><strong>viderunt</strong></span> <span class='ocrx_word' id='word_1_778' title='bbox 1549 2297 1651 2330; x_wconf 71' lang='lat' dir='ltr'><strong>lumen,</strong></span> 
     </span>
    </p>
   </div>
   <div class='ocr_carea' id='block_1_102' title="bbox 867 2343 1653 2380">
    <p class='ocr_par' dir='ltr' id='par_1_102' title="bbox 867 2343 1653 2380">
     <span class='ocr_line' id='line_1_102' title="bbox 867 2343 1653 2380; baseline -0.003 -8"><span class='ocrx_word' id='word_1_779' title='bbox 867 2345 1052 2380; x_wconf 63' lang='lat' dir='ltr'><strong>spectaculum</strong></span> <span class='ocrx_word' id='word_1_780' title='bbox 1080 2344 1216 2380; x_wconf 88' lang='lat' dir='ltr'><strong>quoddam</strong></span> <span class='ocrx_word' id='word_1_781' title='bbox 1243 2343 1457 2379; x_wconf 86' lang='lat' dir='ltr'><strong>pulcherrimum</strong></span> <span class='ocrx_word' id='word_1_782' title='bbox 1480 2348 1508 2371; x_wconf 87' lang='lat' dir='ltr'><strong>et</strong></span> <span class='ocrx_word' id='word_1_783' title='bbox 1532 2344 1653 2371; x_wconf 80' lang='lat' dir='ltr'><strong>maxime</strong></span> 
     </span>
    </p>
   </div>
   <div class='ocr_carea' id='block_1_103' title="bbox 867 2389 1652 2419">
    <p class='ocr_par' dir='ltr' id='par_1_103' title="bbox 867 2389 1652 2419">
     <span class='ocr_line' id='line_1_103' title="bbox 867 2389 1652 2419; baseline -0.003 -1"><span class='ocrx_word' id='word_1_784' title='bbox 867 2392 997 2419; x_wconf 88' lang='lat' dir='ltr'><strong>decorum</strong></span> <span class='ocrx_word' id='word_1_785' title='bbox 1016 2401 1022 2418; x_wconf 92' lang='lat'>:</span> <span class='ocrx_word' id='word_1_786' title='bbox 1043 2394 1108 2418; x_wconf 93' lang='lat' dir='ltr'><strong>tunc</strong></span> <span class='ocrx_word' id='word_1_787' title='bbox 1124 2390 1304 2417; x_wconf 91' lang='lat' dir='ltr'><strong>commotione</strong></span> <span class='ocrx_word' id='word_1_788' title='bbox 1325 2397 1373 2416; x_wconf 89' lang='lat' dir='ltr'><strong>sua</strong></span> <span class='ocrx_word' id='word_1_789' title='bbox 1396 2389 1423 2416; x_wconf 91' lang='lat' dir='ltr'><strong>in</strong></span> <span class='ocrx_word' id='word_1_790' title='bbox 1445 2389 1578 2416; x_wconf 85' lang='lat' dir='ltr'><strong>insaniam</strong></span> <span class='ocrx_word' id='word_1_791' title='bbox 1599 2390 1652 2416; x_wconf 85' lang='lat' dir='ltr'><strong>acti</strong></span> 
     </span>
    </p>
   </div>
   <div class='ocr_carea' id='block_1_104' title="bbox 868 2435 1652 2471">
    <p class='ocr_par' dir='ltr' id='par_1_104' title="bbox 868 2435 1652 2471">
     <span class='ocr_line' id='line_1_104' title="bbox 868 2435 1652 2471; baseline -0.003 -7"><span class='ocrx_word' id='word_1_792' title='bbox 868 2438 1093 2465; x_wconf 86' lang='lat' dir='ltr'><strong>consultaverunt</strong></span> <span class='ocrx_word' id='word_1_793' title='bbox 1106 2437 1140 2465; x_wconf 89' lang='lat' dir='ltr'><strong>de</strong></span> <span class='ocrx_word' id='word_1_794' title='bbox 1152 2437 1253 2464; x_wconf 91' lang='lat' dir='ltr'><strong>lumine</strong></span> <span class='ocrx_word' id='word_1_795' title='bbox 1268 2436 1332 2471; x_wconf 91' lang='lat' dir='ltr'><strong>quid</strong></span> <span class='ocrx_word' id='word_1_796' title='bbox 1353 2435 1508 2463; x_wconf 81' lang='lat' dir='ltr'><strong>faciendum</strong></span> <span class='ocrx_word' id='word_1_797' title='bbox 1523 2440 1606 2467; x_wconf 89' lang='lat' dir='ltr'><strong>esset,</strong></span> <span class='ocrx_word' id='word_1_798' title='bbox 1623 2439 1652 2463; x_wconf 89' lang='lat' dir='ltr'><strong>ut</strong></span> 
     </span>
    </p>
   </div>
   <div class='ocr_carea' id='block_1_105' title="bbox 869 2481 1653 2518">
    <p class='ocr_par' dir='ltr' id='par_1_105' title="bbox 869 2481 1653 2518">
     <span class='ocr_line' id='line_1_105' title="bbox 869 2481 1653 2518; baseline -0.003 -7"><span class='ocrx_word' id='word_1_799' title='bbox 869 2491 898 2511; x_wconf 83' lang='lat' dir='ltr'><strong>se</strong></span> <span class='ocrx_word' id='word_1_800' title='bbox 912 2491 973 2510; x_wconf 88' lang='lat' dir='ltr'><strong>cum</strong></span> <span class='ocrx_word' id='word_1_801' title='bbox 993 2491 1025 2510; x_wconf 88' lang='lat' dir='ltr'><strong>eo</strong></span> <span class='ocrx_word' id='word_1_802' title='bbox 1044 2483 1118 2518; x_wconf 91' lang='lat' dir='ltr'><strong>quod</strong></span> <span class='ocrx_word' id='word_1_803' title='bbox 1137 2483 1312 2517; x_wconf 74' lang='lat' dir='ltr'><strong>praestantius</strong></span> <span class='ocrx_word' id='word_1_804' title='bbox 1332 2487 1391 2509; x_wconf 84' lang='lat' dir='ltr'><strong>erat</strong></span> <span class='ocrx_word' id='word_1_805' title='bbox 1413 2481 1569 2508; x_wconf 87' lang='lat' dir='ltr'><strong>miscerent.</strong></span> <span class='ocrx_word' id='word_1_806' title='bbox 1596 2481 1653 2509; x_wconf 89' lang='lat' dir='ltr'><strong>Hoc</strong></span> 
     </span>
    </p>
   </div>
   <div class='ocr_carea' id='block_1_106' title="bbox 870 2527 1654 2565">
    <p class='ocr_par' dir='ltr' id='par_1_106' title="bbox 870 2527 1654 2565">
     <span class='ocr_line' id='line_1_106' title="bbox 870 2527 1654 2565; baseline 0 -9"><span class='ocrx_word' id='word_1_807' title='bbox 870 2534 959 2557; x_wconf 87' lang='lat' dir='ltr'><strong>autem</strong></span> <span class='ocrx_word' id='word_1_808' title='bbox 978 2530 1098 2565; x_wconf 76' lang='lat' dir='ltr'><strong>cogitare</strong></span> <span class='ocrx_word' id='word_1_809' title='bbox 1121 2537 1175 2557; x_wconf 91' lang='lat' dir='ltr'><strong>non</strong></span> <span class='ocrx_word' id='word_1_810' title='bbox 1191 2533 1329 2565; x_wconf 85' lang='lat' dir='ltr'><strong>poterant,</strong></span> <span class='ocrx_word' id='word_1_811' title='bbox 1359 2527 1405 2555; x_wconf 88' lang='lat' dir='ltr'><strong>sed</strong></span> <span class='ocrx_word' id='word_1_812' title='bbox 1428 2535 1483 2562; x_wconf 65' lang='lat' dir='ltr'><strong>prie</strong></span> <span class='ocrx_word' id='word_1_813' title='bbox 1504 2528 1654 2563; x_wconf 79' lang='lat' dir='ltr'><strong>cupiditate</strong></span> 
     </span>
    </p>
   </div>
   <div class='ocr_carea' id='block_1_107' title="bbox 868 2573 1652 2609">
    <p class='ocr_par' dir='ltr' id='par_1_107' title="bbox 868 2573 1652 2609">
     <span class='ocr_line' id='line_1_107' title="bbox 868 2573 1652 2609; baseline -0.001 -7"><span class='ocrx_word' id='word_1_814' title='bbox 868 2575 989 2603; x_wconf 88' lang='lat' dir='ltr'><strong>melioris</strong></span> <span class='ocrx_word' id='word_1_815' title='bbox 1005 2575 1128 2603; x_wconf 86' lang='lat' dir='ltr'><strong>arbitrati</strong></span> <span class='ocrx_word' id='word_1_816' title='bbox 1145 2575 1265 2602; x_wconf 82' lang='lat' dir='ltr'><strong>futuram</strong></span> <span class='ocrx_word' id='word_1_817' title='bbox 1287 2581 1349 2602; x_wconf 85' lang='lat' dir='ltr'><strong>esse</strong></span> <span class='ocrx_word' id='word_1_818' title='bbox 1363 2573 1500 2609; x_wconf 88' lang='lat' dir='ltr'><strong>propriam</strong></span> <span class='ocrx_word' id='word_1_819' title='bbox 1521 2573 1652 2609; x_wconf 78' lang='lat' dir='ltr'><strong>praedam,</strong></span> 
     </span>
    </p>
   </div>
   <div class='ocr_carea' id='block_1_108' title="bbox 867 2619 1478 2652">
    <p class='ocr_par' dir='ltr' id='par_1_108' title="bbox 867 2619 1478 2652">
     <span class='ocr_line' id='line_1_108' title="bbox 867 2619 1478 2652; baseline 0 -5"><span class='ocrx_word' id='word_1_820' title='bbox 867 2628 929 2648; x_wconf 88' lang='lat' dir='ltr'><strong>cum</strong></span> <span class='ocrx_word' id='word_1_821' title='bbox 948 2620 1024 2647; x_wconf 91' lang='lat' dir='ltr'><strong>multi</strong></span> <span class='ocrx_word' id='word_1_822' title='bbox 1039 2624 1141 2652; x_wconf 85' lang='lat' dir='ltr'><strong>essent,</strong></span> <span class='ocrx_word' id='word_1_823' title='bbox 1158 2620 1309 2648; x_wconf 73' lang='lat' dir='ltr'><strong>excrcitum</strong></span> <span class='ocrx_word' id='word_1_824' title='bbox 1329 2619 1478 2647; x_wconf 88' lang='lat' dir='ltr'><strong>instruunt.</strong></span> 
     </span>
    </p>
   </div>
   <div class='ocr_carea' id='block_1_109' title="bbox 538 2678 1131 2710">
    <p class='ocr_par' dir='ltr' id='par_1_109' title="bbox 538 2678 1131 2710">
     <span class='ocr_line' id='line_1_109' title="bbox 538 2678 1131 2710; baseline -0.008 0"><span class='ocrx_word' id='word_1_825' title='bbox 538 2682 602 2710; x_wconf 66' lang='lat' dir='ltr'><strong>Car.</strong></span> <span class='ocrx_word' id='word_1_826' title='bbox 621 2681 701 2708; x_wconf 76' lang='lat' dir='ltr'><strong>XVII.</strong></span> <span class='ocrx_word' id='word_1_827' title='bbox 718 2679 882 2708; x_wconf 73' lang='lat' dir='ltr'><strong>Desiderium</strong></span> <span class='ocrx_word' id='word_1_828' title='bbox 895 2678 1008 2706; x_wconf 77' lang='lat' dir='ltr'><strong>hominis</strong></span> <span class='ocrx_word' id='word_1_829' title='bbox 1026 2681 1131 2706; x_wconf 80' lang='lat' dir='ltr'><strong>bonum.</strong></span> 
     </span>
    </p>
   </div>
   <div class='ocr_carea' id='block_1_110' title="bbox 64 2727 814 2771">
    <p class='ocr_par' dir='ltr' id='par_1_110' title="bbox 64 2727 814 2771">
     <span class='ocr_line' id='line_1_110' title="bbox 64 2727 814 2771; baseline -0.009 -10"><span class='ocrx_word' id='word_1_830' title='bbox 64 2733 198 2761; x_wconf 84' lang='grc' dir='ltr'>Λανθάνει</span> <span class='ocrx_word' id='word_1_831' title='bbox 214 2731 242 2760; x_wconf 76' lang='grc' dir='ltr'>δὲ</span> <span class='ocrx_word' id='word_1_832' title='bbox 257 2734 312 2764; x_wconf 82' lang='grc' dir='ltr'>τοῖς</span> <span class='ocrx_word' id='word_1_833' title='bbox 331 2733 381 2768; x_wconf 83' lang='grc' dir='ltr'>τῆς</span> <span class='ocrx_word' id='word_1_834' title='bbox 391 2730 491 2771; x_wconf 67' lang='grc' dir='ltr'>κακίας</span> <span class='ocrx_word' id='word_1_835' title='bbox 503 2731 569 2762; x_wconf 85' lang='grc' dir='ltr'><strong>υῐοῖς</strong></span> <span class='ocrx_word' id='word_1_836' title='bbox 582 2730 616 2757; x_wconf 81' lang='grc' dir='ltr'><strong>τὰ</strong></span> <span class='ocrx_word' id='word_1_837' title='bbox 630 2729 737 2756; x_wconf 76' lang='grc' dir='ltr'>πάντων</span> <span class='ocrx_word' id='word_1_838' title='bbox 748 2727 814 2755; x_wconf 85' lang='grc' dir='ltr'>κάλ-</span> 
     </span>
    </p>
   </div>
   <div class='ocr_carea' id='block_1_111' title="bbox 30 2774 812 2816">
    <p class='ocr_par' dir='ltr' id='par_1_111' title="bbox 30 2774 812 2816">
     <span class='ocr_line' id='line_1_111' title="bbox 30 2774 812 2816; baseline -0.009 -10"><span class='ocrx_word' id='word_1_839' title='bbox 30 2779 107 2808; x_wconf 63' lang='grc' dir='ltr'>λιστα</span> <span class='ocrx_word' id='word_1_840' title='bbox 132 2779 344 2816; x_wconf 78' lang='grc' dir='ltr'>προμαρτυρῶν.</span> <span class='ocrx_word' id='word_1_841' title='bbox 371 2779 401 2806; x_wconf 81' lang='grc' dir='ltr'><strong>Εἰ</strong></span> <span class='ocrx_word' id='word_1_842' title='bbox 417 2778 470 2814; x_wconf 73' lang='grc' dir='ltr'><strong>γὰρ</strong></span> <span class='ocrx_word' id='word_1_843' title='bbox 493 2777 523 2804; x_wconf 74' lang='grc' dir='ltr'><strong>τὺ</strong></span> <span class='ocrx_word' id='word_1_844' title='bbox 543 2776 684 2804; x_wconf 74' lang='grc' dir='ltr'>κάλλιστον</span> <span class='ocrx_word' id='word_1_845' title='bbox 706 2774 752 2802; x_wconf 76' lang='grc' dir='ltr'>καὶ</span> <span class='ocrx_word' id='word_1_846' title='bbox 770 2774 812 2800; x_wconf 78' lang='grc' dir='ltr'><strong>εὑ-</strong></span> 
     </span>
    </p>
   </div>
   <div class='ocr_carea' id='block_1_112' title="bbox 903 2724 1652 2760">
    <p class='ocr_par' dir='ltr' id='par_1_112' title="bbox 903 2724 1652 2760">
     <span class='ocr_line' id='line_1_112' title="bbox 903 2724 1652 2760; baseline -0.003 -7"><span class='ocrx_word' id='word_1_847' title='bbox 903 2725 1079 2757; x_wconf 64' lang='lat' dir='ltr'><strong>Manichacus,</strong></span> <span class='ocrx_word' id='word_1_848' title='bbox 1101 2732 1161 2760; x_wconf 75' lang='lat' dir='ltr'><strong>quae</strong></span> <span class='ocrx_word' id='word_1_849' title='bbox 1183 2729 1248 2752; x_wconf 87' lang='lat' dir='ltr'><strong>sunt</strong></span> <span class='ocrx_word' id='word_1_850' title='bbox 1271 2725 1394 2752; x_wconf 84' lang='lat' dir='ltr'><strong>omnium</strong></span> <span class='ocrx_word' id='word_1_851' title='bbox 1416 2724 1599 2760; x_wconf 84' lang='lat' dir='ltr'><strong>pulcherrima</strong></span> <span class='ocrx_word' id='word_1_852' title='bbox 1625 2727 1652 2751; x_wconf 86' lang='lat' dir='ltr'><strong>et</strong></span> 
     </span>
    </p>
   </div>
   <div class='ocr_carea' id='block_1_113' title="bbox 868 2769 1652 2808">
    <p class='ocr_par' dir='ltr' id='par_1_113' title="bbox 868 2769 1652 2808">
     <span class='ocr_line' id='line_1_113' title="bbox 868 2769 1652 2808; baseline -0.004 -6"><span class='ocrx_word' id='word_1_853' title='bbox 868 2773 1026 2808; x_wconf 83' lang='lat' dir='ltr'><strong>bellissima,</strong></span> <span class='ocrx_word' id='word_1_854' title='bbox 1052 2771 1115 2800; x_wconf 82' lang='lat' dir='ltr'><strong>ﬁliis</strong></span> <span class='ocrx_word' id='word_1_855' title='bbox 1137 2772 1266 2807; x_wconf 67' lang='lat' dir='ltr'><strong>nequitia:</strong></span> <span class='ocrx_word' id='word_1_856' title='bbox 1284 2771 1440 2801; x_wconf 86' lang='lat' dir='ltr'><strong>testimonio</strong></span> <span class='ocrx_word' id='word_1_857' title='bbox 1461 2779 1510 2800; x_wconf 86' lang='lat' dir='ltr'><strong>suo</strong></span> <span class='ocrx_word' id='word_1_858' title='bbox 1527 2769 1652 2800; x_wconf 71' lang='lat' dir='ltr'><strong>nesciens</strong></span> 
     </span>
    </p>
   </div>
  </div>
