1900 3070
267 84 331 112 1091

834 81 902 109 TITI
921 81 1133 110 BOSTBENSIS
1147 81 1307 111 ,EPlStZOPl

1828 83 1887 110 ιοζιε

266 140 371 168 tribuit.
387 139 491 167 Etenim
508 139 530 167 si
547 139 620 173 quod
634 144 676 167 est
690 139 906 174 pulcherrimum
924 144 952 168 et
966 139 1049 167 maxi-

1105 140 1293 174 πρεπὲστατον
1319 139 1458 174 ἐρασμίως
1491 138 1576 172 εἶδον,
1602 139 1649 166 καὶ
1676 139 1887 174 ἐπιθυμήσαντες

266 195 311 216 me
324 187 444 214 omnium
468 186 609 218 decorum,
630 189 755 212 amanter
772 185 910 219 viderunt,
929 191 956 213 et
973 185 1051 220 cupi-

264 234 350 261 ditate
372 233 476 260 incensi
501 232 637 267 propriam
660 232 778 266 praedam
799 240 860 260 esse
881 232 1054 260 existimave-

265 281 340 310 runt,
360 278 444 313 liquet
471 281 545 304 recte
570 277 700 304 sensisse.
723 277 814 310 Quare
837 278 982 305 consilium
1006 285 1053 305 ca-

265 324 353 359 piunt,
365 324 410 359 qui
426 331 480 351 non
498 327 563 351 sunt
579 324 693 351 rationis
704 324 860 359 participes,
872 324 1009 359 quomodo
1024 332 1053 352 se

257 370 317 405 'ipsi
333 377 395 397 cum
409 370 514 397 ‘lumine
530 370 685 403 misceant;
711 373 738 397 et
762 370 926 405 relinquitur
939 390 947 402 ,
968 375 998 398 ut
1009 370 1052 397 in-

258 417 336 443 ‘vidia
360 421 442 448 esset,
467 423 522 443 non
543 416 701 450 permittere
730 415 792 443 istis
811 415 864 442 frui
888 416 981 442 bono:
999 423 1051 442 non

264 463 337 490 enim
357 467 417 490 crat
431 469 523 490 sermo
538 462 680 490 Manichaei
699 467 841 490 constans.
858 462 888 490 Si
904 464 976 490 enim
990 470 1054 490 con-

258 514 307 536 ’tra
320 517 350 536 se
367 509 550 540 insaniebant,
565 509 706 543 oportebat
717 509 825 543 quidem
840 509 977 536 dimittere
993 516 1051 542 eos,

265 557 295 580 ut
312 561 328 580 a
349 561 379 581 se
399 553 467 588 ipsis
483 553 637 581 interirent.
665 553 694 580 Si
710 553 847 581 desiderio
863 554 975 581 luminis
989 558 1052 581 tan-

257 606 348 633 tquam
369 598 506 634 elegantes
521 598 693 630 tenebantur,
718 598 863 626 honestum
886 600 968 627 etiam
993 604 1053 627 erat

265 644 306 671 eis
320 643 481 676 concedere,
494 647 525 671 ut
540 643 707 672 fruerentur.
723 644 857 672 Decorum
870 645 944 672 enim
960 649 986 672 et
996 645 1054 672 la-u-

265 689 355 717 dabile
373 689 484 716 omnino
507 693 549 716 est
567 689 716 716 secundum
741 695 866 717 naturam
888 690 1053 717 desiderium

265 736 341 768 boni,
361 743 415 771 quo
431 735 483 762 frui
500 743 555 762 non
566 740 723 770 potuerunt,
741 736 812 762 sicut
827 736 864 762 ait
877 736 923 770 qui
939 735 1052 771 dogma-

259 787 292 809 ιο
305 781 447 809 Manichmi
462 781 588 816 scripsit;
605 789 667 808 cum
683 781 782 816 alioqui
797 782 994 813 desiderarcnt,
1006 789 1055 817 po-

1104 184 1214 221 θήραμα
1233 184 1299 211 ἴδιον
1320 185 1448 221 ἐνόμισαν
1473 185 1556 216 αὐτὸ,
1573 185 1670 220 δῆλον,
1697 185 1735 215 ὡς
1760 183 1840 218 ὀρθοί
1863 193 1889 217 γε

1103 229 1172 266 ἦσαν
1186 232 1234 268 τὴν
1246 231 1388 267 ὑπόληψιν.
1409 232 1491 258 Ὥστε
1514 232 1561 259 καὶ
1581 231 1754 266 βουλεύονται
1774 232 1800 257 οἱ
1817 231 1891 264 Μγου

1105 276 1142 312 μὴ
1166 277 1338 312 μετέχοντες,
1363 279 1437 310 ὅπως
1459 278 1492 304 ἂν
1514 279 1626 310 ἑαυτοὺς
1651 278 1834 314 ἑγκεράσαιεν
1858 278 1891 312 τῷ

1103 322 1187 356 φωτί·
1206 323 1253 348 καὶ
1281 322 1378 357 φθόνου
1396 323 1488 350 λοιπὸν
1514 321 1547 358 ἦν
1567 325 1598 350 τὸ
1614 324 1652 359 μὴ
1667 325 1775 350 ἀνεῖναι
1792 323 1892 354 τούτοις

1102 369 1149 396 τοῦ
1173 369 1276 403 ἀγαθοῦ
1299 370 1347 406 τὴν
1373 371 1538 398 ἀπόλαυσιν
1559 372 1607 407 οὐχ
1633 372 1734 407 ἕστηκε
1767 372 1826 408 γὰρ
1852 372 1892 398 τοῦ

1102 416 1239 447 Μάνεντος
1248 417 1262 442 ὁ
1272 416 1358 449 λόγος.
1366 417 1397 443 Εἰ
1409 417 1464 453 γὰρ
1474 418 1533 444 κατ’
1546 418 1670 454 ἀλλήλων
1677 420 1836 454 ἐμαίνοντο,
1854 423 1894 446 1:".

1103 462 1156 488 ἔδει
1168 471 1199 496 γε
1214 462 1312 493 αὐτοὺς
1329 464 1488 490 καταλιπεῖν
1502 465 1547 490 ὑπ’
1567 464 1691 500 ἀλλήλων
1714 465 1891 501 φθείρεσθαι”

1103 508 1127 534 εἰ
1143 507 1172 534 δὲ
1199 509 1376 544 ἐπεθύμησαν
1389 510 1425 542 ὡς
1445 511 1546 537 ἀστεῖοι
1558 511 1604 537 τοῦ
1619 512 1718 546 φωτὸς,
1737 512 1787 539 καὶ
1815 521 1893 547 προφ

1103 556 1170 591 ἧκον
1190 553 1225 591 ἦν
1247 557 1339 588 αὐτοῖς
1363 557 1508 593 ἐπιτρέψαι
1530 558 1625 585 τούτου
1651 559 1699 594 τὴν
1725 559 1891 586 ἀπόλαυσιν

1103 602 1198 628 ἀστεία
1220 602 1275 639 γὰρ
1291 603 1336 629 καὶ
1354 603 1481 639 ἐπαινετὴ
1503 604 1573 631 κατὰ
1587 604 1667 639 φύσιν
1684 605 1798 635 πάντως
1820 606 1836 640 ἡ
1852 606 1892 631 τι)

1103 648 1206 680 ἀγαθοῦ
1219 649 1361 685 ἐπιθυμία,
1374 648 1459 686 οὗπερ
1473 651 1621 677 ἀπολαύειν
1635 651 1684 687 μὲν
1699 651 1738 686 μὴ
1751 651 1892 686 ἠδύναντο,

1103 694 1141 725 ὦς
1161 703 1192 729 γε
1209 696 1222 721 6
1239 695 1272 721 τὰ
1289 695 1334 721 τοῦ
1359 696 1498 727 Μάνεντος
1525 697 1692 733 συγγράφων
1717 698 1805 732 φησιν
1818 718 1825 728 ,
1840 699 1893 723 ἐπ-

1104 739 1262 775 θυμοῦντες,
1275 741 1442 777 διαφθείρειν
1456 743 1485 769 δὲ
1504 743 1553 778 οὺχ
1572 741 1624 769 οἷοί
1639 752 1668 770 τε
1681 741 1753 778 ἦσαν
1768 752 1775 757 ·
1794 744 1893 770 τοιοῦτο

1104 785 1158 821 γὰρ
1178 786 1287 818 πάντως
1300 786 1330 813 τὸ
1344 787 1456 821 ἀγαθὸν,
1473 785 1528 814 οἷον
1542 789 1611 823 μήτε
1623 788 1813 819 δαπανᾶσθαι,
1831 790 1891 824 μήτε

265 833 376 856 tuerunt
387 832 477 855 tamen
493 835 522 856 se
536 829 670 855 coniicere
685 833 712 855 et
727 828 869 855 destruere
885 838 891 855 :
910 829 963 856 tale
979 829 1049 855 enim

1104 832 1190 864 ἄλλως
1209 833 1431 861 ἐπιϐουλεύεσθαι
1454 834 1521 870 πρὸς
1537 835 1591 861 τῶν
1609 835 1781 870 μετεχόντων
1806 823 1889 862 tri-.62.

258 876 373 910 .penitus
387 879 428 902 est
443 874 556 906 bonum,
574 879 603 901 ut
615 882 702 909 neque
712 874 836 901 consumi
851 874 948 909 possit,
965 882 1053 909 neque

259 921 371 956 .possint
381 920 496 948 insidias
509 920 533 947 ei
551 927 661 954 ponere,
680 920 726 954 qui
741 919 800 954 ejus
813 920 960 954 participes
976 924 1050 947 sunt.

265 967 406 1000 Quomodo
430 971 519 994 autent
535 974 629 992 omnes
651 966 731 994 simul
752 966 778 992 in
799 966 921 992 militiam
938 965 1050 1000 profecti

264 1016 338 1043 sunt,
360 1012 406 1047 qui
429 1019 484 1038 non
499 1014 696 1047 cognoverant,
722 1010 783 1045 quis
802 1010 942 1037 resisteret
956 1013 982 1036 ιιι
1001 1009 1050 1036 ad-

262 1058 440 1086 versaretur?
455 1057 501 1084 Sic
516 1057 589 1092 enim
603 1060 645 1084 est
666 1057 693 1083 in
709 1057 791 1088 libro,
807 1057 880 1083 unde
894 1056 947 1083 ista
968 1055 1053 1083 Mani-

264 1104 331 1132 cltzci
345 1104 533 1139 opposuimus,
547 1103 619 1138 quod
637 1111 725 1138 neque
741 1102 824 1128 Deum
845 1103 872 1129 in
888 1102 989 1129 lumine
1005 1102 1052 1128 lia-

265 1151 352 1177 Ιιὶιιιτο
375 1151 508 1180 sciebant,
529 1157 617 1184 neque
631 1156 660 1176 se
678 1157 797 1183 unquam
814 1149 925 1182 impune
937 1149 1052 1180 laturos,

265 1198 288 1224 si
305 1197 331 1224 in
350 1196 395 1224 Dei
409 1195 578 1223 domicilium
594 1195 722 1222 invadere
737 1195 881 1221 auderent.

1111 877 1347 914 Ἐπεστράτευσαν
1361 879 1390 906 δὲ
1413 880 1481 915 ὁμοῦ
1502 880 1602 911 πάντες
1625 881 1687 907 τίνα
1714 881 1837 916 τρόπον,
1861 883 1890 915 μὴ

1103 924 1203 955 εἰδότες
1214 924 1259 950 τὸν
1271 925 1483 960 ἀνθιστάμενον;
1499 927 1566 962 Φησὶ
1578 927 1633 963 γὰρ
1645 927 1713 953 αὐτὸ
1727 927 1759 953 τδ
1769 929 1889 962 γράμμα,

1103 969 1150 1003 ἀφ’
1165 966 1195 996 οὗ
1209 969 1242 995 τὰ
1257 970 1333 1005 παρὰ
1350 971 1396 997 τοῦ
1406 971 1543 1004 Μάνεντος
1558 973 1773 1008 παρεθήκαμεν,
1791 973 1828 1004 ὼς

1100 1016 1213 1048 ὅτιθεὸς
1226 1017 1254 1043 ἐν
1268 1017 1338 1051 φωτὶ
1353 1017 1461 1053 διῃτᾶτο
1479 1021 1638 1053 ἐγίνωσκον,
1656 1020 1713 1046 οὐδ’
1729 1020 1784 1050 ὅτι,
1801 1020 1890 1054 τολμῄ-

1102 1071 1197 1095 σαντες
1209 1062 1279 1089 κατὰ
1295 1063 1341 1090 τοῦ
1361 1065 1517 1100 οἱκητηρέοι.
1539 1065 1586 1091 τοῦ
1601 1065 1672 1091 Θεοῦ
1684 1085 1691 1096 ,
1711 1066 1765 1092 οὐκ
1790 1065 1889 1100 ipsi)“

1101 1110 1186 1138 ἀθῶοί
1199 1120 1263 1138 ποτε
1276 1111 1473 1146 ἀπαλλαγῆναι,

725 1250 789 1277 Car.
810 1250 902 1277 XVIII.
922 1250 1079 1285 Ignorantia
1093 1249 1262 1277 Manio/mica
1275 1250 1434 1285 exagitetur.

302 1311 331 1338 Si
345 1311 428 1346 igitur
443 1318 496 1337 non
518 1313 704 1345 cognmerunt
731 1309 898 1336 contrarium
916 1309 988 1344 quod
1002 1309 1050 1336 0b-

265 1358 354 1385 stabat
375 1357 425 1390 eis,
446 1356 565 1383 alienum
591 1359 632 1383 est
654 1363 766 1390 prorsus
780 1362 795 1381 a
814 1356 920 1382 ratione
934 1356 1050 1383 educere

260 1403 417 1430 exercitum
442 1398 538 1429 contra
557 1409 605 1429 eos
634 1409 650 1428 a
671 1401 771 1436 quibus
786 1409 816 1428 se
835 1401 930 1436 repelli
946 1401 1051 1429 nescie-

265 1450 346 1476 bant:
359 1456 409 1485 par
420 1449 492 1476 enim
509 1453 567 1476 erat
579 1448 680 1474 armari
693 1455 752 1480 eos,
769 1452 798 1475 ut
818 1448 895 1475 aiunt
909 1447 971 1484 ipsi,
989 1447 1050 1482 igne

260 1498 292 1521 et
316 1494 447 1526 tenebris,
474 1494 498 1522 si
522 1493 712 1529 praevidissent
727 1502 756 1521 se
771 1494 805 1521 ab
833 1493 929 1521 alienis
953 1494 1050 1521 arceri.

266 1539 320 1567 Sed
344 1540 409 1575 quia
427 1540 539 1567 omnino
560 1539 732 1574 ignorabant,
762 1547 816 1566 non
832 1539 919 1566 solum
936 1547 989 1566 non
1011 1543 1052 1567 est

263 1585 406 1623 credibile,
422 1585 469 1612 sed
487 1585 567 1620 plane
585 1585 635 1612 sibi
659 1592 823 1619 repugnans,
842 1590 1007 1611 armaturam
1025 1589 1053 1611 ct

263 1632 412 1659 exercittuu
436 1632 602 1663 describere,
628 1639 690 1658 cum
713 1631 804 1659 nullus
824 1631 933 1665 penitus
957 1639 1053 1666 exspe-

266 1682 389 1706 ctaretur
414 1677 448 1705 ad
482 1677 664 1705 resistendum
699 1676 854 1704 adfuturus.
876 1676 935 1703 Non
962 1677 1052 1704 minus

263 1723 430 1749 contrarium
444 1726 486 1750 est
496 1723 596 1754 dicere,
606 1725 662 1749 tum
674 1722 848 1756 cupiditatem
868 1722 978 1749 luminis
991 1722 1052 1750 illos

262 1768 404 1801 habuisse,
421 1773 477 1795 tum
488 1772 620 1803 apparatu
642 1768 739 1794 bellico
753 1775 819 1795 usos
836 1775 897 1795 esse
910 1768 1049 1795 conﬁteri:

263 1815 347 1842 armis
370 1815 442 1842 enim
461 1815 565 1842 bellicis
592 1814 682 1841 omnis
695 1814 784 1841 hostis
801 1819 896 1841 contra
923 1815 1052 1842 adversa-

262 1862 333 1888 rium
357 1869 386 1888 se
404 1861 470 1895 tegit
491 1865 517 1887 et
534 1861 635 1892 munit;
651 1868 703 1887 non
723 1865 817 1887 contra
832 1861 870 1891 id,
888 1861 960 1895 quod
977 1861 1052 1896 cupit

262 1914 323 1934 csse
337 1907 478 1941 przcmium
500 1906 667 1933 certaminis.
686 1905 714 1932 Si
732 1913 797 1940 ergo
812 1913 865 1933 non
885 1911 943 1934 erat
957 1907 1052 1933 adver—

262 1953 371 1985 sarius,
398 1957 533 1988 quatenus
553 1952 605 1987 ipsi
631 1952 811 1987 ignorabant,
840 1954 977 1988 quomodo
996 1961 1051 1980 non

260 2003 327 2026 sunt
341 1999 488 2030 contraria,
502 2006 602 2031 cupere
616 2002 642 2025 'et
657 1999 835 2034 bel'igcrare?
851 1999 991 2032 Quomodo
1006 2007 1052 2026 au-

264 2051 317 2073 tem
333 2046 399 2072 illud
412 2047 493 2072 etiam
508 2054 561 2072 non
574 2049 615 2072 est
640 2053 804 2080 magnopere
818 2053 984 2082 repugnans,
1004 2054 1051 2073 eos

263 2091 311 2126 qui
327 2091 355 2117 in
371 2091 405 2118 iis
427 2098 487 2125 quae
510 2090 660 2118 secundum
676 2095 802 2118 naturam
821 2096 886 2120 sunt
909 2100 1049 2126 nunquam

1138 1309 1169 1335 El
1188 1309 1277 1335 τοίνυν
1295 1309 1332 1344 μὴ
1348 1309 1445 1344 ᾔδεσαν
1462 1308 1492 1334 τὺ
1513 1307 1619 1334 κωλῦον
1645 1308 1786 1338 ἐναντίον,
1806 1309 1888 1340 ἄλογῡν

1104 1355 1190 1390 πάντη
1208 1355 1238 1380 τὺ
1257 1354 1472 1390 ἐπιστρατεύειν,
1490 1354 1531 1389 ἐφ’
1547 1352 1588 1385 οἷς
1603 1355 1656 1381 οὐκ
1671 1355 1775 1390 ᾔδεσαν
1798 1355 1886 1380 χιυλυάς

1105 1408 1197 1435 μενοι·
1214 1399 1371 1432 ὁπλίζεσθαι
1388 1400 1442 1435 γὰρ
1462 1400 1534 1431 εἰκὸς
1551 1397 1585 1435 ἦν
1613 1400 1737 1432 αὐτοὺς,
1755 1400 1793 1431 ὣς
1815 1408 1886 1434 φηςι.

1104 1446 1171 1481 πυρὶ
1188 1446 1235 1473 καὶ
1253 1446 1350 1481 σκότῳ,
1362 1447 1386 1472 εἰ
1397 1445 1548 1481 προῄδεσαν
1565 1447 1621 1472 τῶν
1636 1446 1794 1481 ἀλλοτρίων
1809 1447 1886 1480 sior;—

1105 1500 1190 1527 μενοι.
1215 1492 1291 1518 Ἐπεὶ
1311 1492 1340 1519 δὲ
1362 1492 1500 1523 παντελῶς
1521 1493 1653 1527 ἠγνόουν,
1680 1493 1735 1520 οὐκ
1765 1493 1885 1520 ἁπιῦὶνω

1104 1537 1194 1572 μόνον,
1212 1538 1279 1564 ἀλλὰ
1294 1538 1341 1564 καὶ
1355 1537 1447 1572 σαφῶς
1465 1538 1619 1573 μαχομένου
1633 1539 1728 1572 λόγου,
1748 1539 1851 1565 arma.
1864 1548 1886 1564 τε

1102 1585 1150 1610 καὶ
1170 1584 1299 1620 στρατιὰν
1325 1585 1494 1619 διαγράφειν,
1518 1585 1589 1611 κατὰ
1616 1586 1735 1620 μηδενὸς
1758 1586 1887 1615 παντελὲς

1103 1630 1288 1657 ἐναντιοῦσθαι
1306 1630 1540 1666 προσδοκωμένου.
1555 1632 1611 1666 Οὐχ
1625 1629 1709 1667 ἦττον
1731 1631 1759 1657 δὲ
1776 1633 1886 1658 ἐναντίοι

1102 1677 1149 1702 καὶ
1164 1676 1195 1702 τὸ
1211 1676 1248 1710 πὴ
1275 1676 1324 1711 μὲν
1340 1675 1486 1711 ἐπιθυμίαν
1504 1676 1571 1712 πρὸς
1593 1677 1623 1702 τὸ
1638 1677 1698 1710 φῶς
1715 1677 1886 1710 ἐκείνοις,τε-

1102 1721 1195 1748 νέσθαι
1214 1721 1313 1754 λέγειν,
1381 1721 1410 1746 δὲ
1431 1721 1591 1756 παρασκευῇ
1614 1721 1753 1756 πολεμικῇ
1772 1724 1830 1747 κατ’
1849 1721 1886 1746 αζν

1100 1767 1148 1794 τοῦ
1163 1767 1313 1802 κεχρῆσθαι
1327 1767 1439 1798 τούτους
1450 1768 1590 1802 ὁμολογεῖν
1600 1775 1608 1783 ⁸
1619 1767 1704 1794 ὁπλον
1716 1767 1774 1803 γὰρ
1788 1769 1886 1797 παντως

1102 1814 1249 1849 πολεμικὸν
1263 1813 1331 1840 κατὰ
1344 1813 1390 1839 τοῦ
1407 1813 1600 1848 ἀνθισταμένου
1617 1813 1804 1849 προϐάλλεται
1819 1813 1887 1839 τελέ-

1103 1869 1163 1896 μιος
1178 1860 1260 1892 ἅπας,
1282 1860 1312 1886 οὺ
1332 1859 1392 1886 καθ’
1406 1856 1436 1886 οὗ
1455 1859 1512 1895 ἔχει
1529 1859 1578 1894 τὴν
1602 1859 1754 1894 ἐπιθυμίαν
1764 1860 1884 1886 ἐπάθλου.

1101 1908 1134 1934 Εἰ
1152 1907 1240 1933 τοίνυν
1257 1907 1294 1942 μὴ
1304 1905 1338 1942 ἦν
1358 1906 1428 1933 κατὰ
1441 1907 1489 1942 τὴν
1508 1907 1596 1933 αὐτῶν
1613 1906 1727 1940 ἄγνοιαν
1740 1908 1754 1933 ὁ
1769 1907 1885 1933 ἀνθιπά-

1101 1962 1193 1988 μενος,
1206 1953 1263 1984 πῶς
1279 1954 1328 1979 οὐκ
1343 1953 1462 1979 ἐναντίον
1478 1953 1509 1978 τὸ
1529 1952 1674 1987 ἐπιθυμεῖν
1687 1953 1730 1987 τῷ
1744 1953 1882 1988 πολεμεῖνς

1102 1998 1164 2030 Πῶς
1178 1998 1205 2024 δὲ
1221 1998 1280 2033 οὐχὶ
1297 1998 1357 2025 λίαν
1375 1999 1484 2024 κάκεῖνο
1507 1998 1672 2033 μαχόμενον,
1686 1999 1746 2032 εἴγε
1765 2000 1791 2025 οὶ
1815 1999 1885 2033 μηδέ-

1102 2051 1166 2069 ποτε
1184 2043 1414 2078 συμφωνήσαντες
1440 2043 1470 2069 ἐν
1485 2045 1540 2075 τοῖς
1563 2044 1635 2070 κατὰ
1657 2044 1742 2078 φύσιν
1770 2046 1883 2079 ἀλλήλοις

1102 2089 1264 2121 συνέπνεον;
1283 2089 1366 2124 Ὀμοῦ
1381 2090 1445 2124 γὰρ,
1461 2090 1538 2124 φησὶ,
1558 2090 1630 2116 κατὰ
1643 2090 1691 2116 τοῦ
1713 2092 1806 2125 guno;
1818 2092 1881 2117 ἐξοιμ

263 2135 414 2162 concordes
430 2135 548 2166 fuerunt,
574 2135 645 2162 inter
667 2143 697 2163 se
718 2136 751 2162 ad
769 2136 924 2164 bellandum
942 2136 1049 2172 conspi-

1104 2134 1241 2163 λεύσαντο.
1262 2136 1292 2161 Οἱ
1313 2135 1366 2170 γὰρ
1382 2135 1416 2162 τὰ
1433 2135 1553 2170 ἀλλήλων
1571 2136 1638 2171 μέλη
1655 2138 1831 2172 τρειί›ι5ι.ι.ενοιΥ
1846 2139 1881 2163 11'.

264 2181 359 2208 rasse'!
376 2180 474 2211 Simul.
495 2181 599 2215 inquit.
613 2186 709 2208 contra
728 2181 819 2208 lumen
835 2181 980 2208 consilium
1005 2189 1051 2209 cc-

263 2229 373 2261 perunt.
400 2225 451 2258 Qui
472 2226 544 2253 enim
566 2225 696 2253 membris
718 2226 775 2253 suis
792 2225 862 2253 inter
886 2235 915 2254 sc
929 2226 1050 2254 vicissim

262 2272 455 2306 pascebantur,
472 2276 498 2299 et
510 2279 616 2306 semper
632 2272 705 2298 nulla
714 2279 834 2306 unquam
849 2271 1051 2299 intermissione

1105 2180 1238 2216 μηδέποτε
1249 2181 1298 2216 τῆς
1314 2182 1373 2208 κατ’
1385 2182 1505 2217 ἀλλήλων
1519 2183 1618 2218 μανίας
1631 2184 1818 2218 παυσάμενοι,
1837 2185 1880 2213 πιῖλς

1103 2227 1132 2252 ἐν
1150 2228 1206 2258 τοῖς
1230 2227 1305 2262 παρὰ
1332 2227 1412 2261 φύσιν
1430 2228 1469 2260 εἰς
1485 2228 1632 2263 ἐπιθυμίαν
1654 2229 1714 2263 ἆμα
1740 2230 1789 2256 καὶ
1812 2230 1880 2265 ὀργὴν

1103 2272 1175 2299 κατὰ
1190 2272 1236 2298 τοῦ
1253 2272 1406 2307 κρείττονος
1425 2273 1637 2309 συνεφώνησανς

263 2317 336 2344 facta
352 2321 447 2344 contra
467 2325 497 2345 se
516 2318 699 2349 insaniebant,
726 2318 864 2352 quomodo
880 2318 908 2344 in
930 2318 964 2345 iis
986 2325 1046 2353 qua:
1065 2323 1163 2352 praeter
1179 2323 1304 2346 naturam
1324 2323 1399 2352 sunt,
1419 2319 1622 2355 ad_,habentlani
1654 2322 1834 2356 cupiditatem
1861 2328 1880 2349 ει

263 2363 296 2391 ad
313 2363 522 2390 commotionem
545 2363 591 2390 ine
612 2368 707 2390 contra
733 2363 818 2391 Deum
831 2364 983 2391 concordes
1008 2364 1118 2391 fuerunt

299 2409 329 2436 Si
343 2417 407 2437 vero
428 2410 498 2444 juvit
512 2414 651 2444 spectasse
675 2411 778 2443 lumen,
797 2418 888 2438 nonne
904 2411 1048 2445 oportebat

263 2455 327 2483 duci
341 2464 388 2484 eos
403 2463 418 2482 a
439 2455 493 2484 Deo
515 2455 549 2483 ad
573 2455 719 2490 perfectam
735 2461 839 2484 natura:
856 2457 1047 2489 mutationem,

263 2502 384 2529 adhibita
411 2502 464 2529 illis
490 2502 630 2529 curatione
655 2503 688 2529 ad
708 2502 853 2529 fruendum
878 2503 937 2537 ipso
965 2503 1047 2534 bono,

263 2548 315 2575 hoc
336 2552 392 2578 est,
417 2548 472 2575 Deo
500 2548 637 2583 perfecte?
657 2548 798 2581 Quomodo
816 2549 885 2583 juvit
907 2552 1048 2583 spectacu-

263 2593 319 2620 lum
333 2593 444 2621 luminis
458 2594 509 2621 visi
523 2593 658 2628 profectos
674 2594 705 2623 ad
723 2594 876 2622 bellandmn
889 2601 950 2621 cum
971 2602 1050 2622 exer-

262 2639 339 2672 citu;
357 2639 456 2674 quibus
471 2639 522 2666 hoc
540 2639 629 2674 ipsum
652 2640 742 2667 lumen
761 2647 815 2666 non
839 2641 962 2674 permisit
981 2647 1048 2666 con-

264 2689 305 2711 tra
333 2684 437 2719 seipsos
453 2683 572 2712 furorem
599 2685 716 2719 amplius
735 2692 873 2717 exercere,
890 2690 918 2712 ut
939 2685 1046 2720 quidem

263 2736 391 2757 exercere
413 2730 574 2764 oportebat;
599 2735 694 2758 contra
715 2739 744 2758 se
757 2739 822 2758 vero
846 2731 933 2766 ipsum
950 2736 1048 2766 przeter

263 2780 345 2807 quam
366 2775 516 2809 oportebat,
544 2776 684 2810 permisit?
710 2775 810 2804 Verum
829 2777 856 2804 in
879 2777 922 2804 his
937 2777 1045 2811 quidem

1138 2412 1168 2438 Εἰ
1184 2411 1212 2438 δὲ
1232 2411 1336 2447 ὤνησεν
1358 2413 1456 2444 αὐτοὺς
1473 2414 1489 2448 ἡ
1517 2413 1566 2440 θέα
1585 2414 1632 2440 τοῦ
1649 2415 1753 2449 (puto;
1770 2417 1827 2447 πῶς
1843 2418 1880 2441 ιὲλ

1101 2458 1154 2484 ἔδει
1167 2466 1199 2491 γε
1211 2458 1278 2493 πρὸς
1291 2458 1392 2492 ἀγαθοῦ
1407 2458 1473 2493 πρὸς
1481 2459 1586 2485 τελείαν
1605 2460 1707 2492 αὐτοὺς
1724 2462 1774 2497 τῆς
1791 2462 1880 2495 τεύξεως

1103 2503 1252 2538 μεταῦολὴν
1269 2503 1491 2539 ξεναγωγηθῆναι
1501 2506 1534 2540 τῇ
1551 2505 1689 2541 ἐπιτροπῇ
1708 2507 1760 2541 τῆς
1775 2507 1880 2534 ivssit-3:

1101 2549 1148 2576 τοῦ
1166 2550 1319 2584 κρείττονος
1342 2550 1533 2583 ἀπολαύσεως;
1547 2551 1624 2583 δΠῶς
1640 2552 1670 2578 δὲ
1693 2553 1800 2589 ὤνησεν
1817 2554 1880 2589 ἡθέι

1101 2595 1147 2620 τοῦ
1166 2594 1293 2628 φανέντος
1307 2594 1394 2629 φωτὸς
1409 2595 1668 2631 στρατευσαμένους
1680 2618 1687 2627 ,
1707 2595 1750 2630 οἷς
1770 2600 1818 2634 τὴν
1839 2608 1879 2633 μαι

1101 2640 1159 2666 νίαν
1171 2640 1262 2666 οὐκέτι
1276 2641 1335 2666 κατ’
1351 2640 1472 2675 ἀλλήλων
1481 2641 1594 2673 δεόντως
1607 2643 1735 2677 ἐνεργεῖν
1746 2644 1823 2671 τοῦτο
1834 2653 1880 2670 συν-

1101 2686 1240 2721 εχώρησε,
1264 2687 1324 2713 καθ’
1348 2687 1444 2713 ἑαυτοῦ
1463 2687 1491 2714 δὲ
1514 2688 1590 2723 παρὰ
1621 2690 1652 2715 τὸ
1677 2690 1742 2718 δέον
1768 2692 1877 2727 ἓτρετᾷειις

1107 2731 1185 2757 Ἀλλὰ
1202 2732 1268 2758 πολὺ
1288 2733 1337 2767 μὲν
1354 2733 1383 2759 ἐν
1394 2733 1499 2765 τούτοις
1513 2734 1569 2765 τοῖς
1587 2733 1736 2770 πλάσμασι
1755 2737 1785 2762 τὸ
1805 2736 1877 2772 ληρύ-

1100 2777 1143 2809 6:;
1154 2787 1160 2792 ·
1179 2778 1265 2805 ταῦτα
1283 2779 1309 2805 δὲ
1326 2779 1371 2806 καὶ
1386 2779 1471 2811 ἄλλως
1492 2780 1677 2815 ἀσύγγνωστα
1694 2782 1822 2819 δειχθείη.
1837 2782 1875 2816 Γῆ]
