1900 3070
9 69 108 98 L095

589 65 773 94 ADVERSUS
790 64 1003 93 MANICHIEOS
1023 65 1086 91 LIB.
1112 65 1130 92 l.

1599 61 1667 89 1091

9 125 81 161 ζὰρ
115 126 277 161 ὀνομάζουσι
296 125 343 152 τοῦ
360 125 478 160 ἀγαθοῖν
501 125 578 151 ποίαν
599 124 626 150 δὲ
645 123 745 158 ταύτην
768 121 818 158 πρὸ

890 123 1035 150 ommentis
1067 122 1181 148 multum
1208 121 1379 148 deliramenti
1410 125 1468 151 cst,
1502 127 1562 154 qum
1587 119 1667 146 aliter

9 171 74 206 τῆς
105 171 303 207 δημιουργίας;
333 170 520 207 Προλαμϐάνει
536 170 567 206 δὴ
588 171 653 205 παρ’
676 169 768 200 αὐτοῖς
788 168 822 194 τὰ

9 216 155 252 Βνόματα
180 217 232 244 τῶν
259 217 429 252 πραγμάτων
455 216 504 251 τὴν
537 216 657 250 γένεσιν·
679 214 743 250 πρὶν
769 213 822 248 γὰρ

9 263 203 299 5μολογῆσαι
230 263 276 290 τὸν
302 263 368 289 Θεὸν
395 262 593 297 πεποιηκέναι,
621 260 695 294 λέγει
723 257 792 285 εἶναι
809 259 823 284 ὸ

9 309 218 343 ιαλεπώτατα
232 309 326 345 μανεὶς
338 309 368 336 τὸ
381 310 494 345 μηδέπω
503 307 696 343 γεγενημένον.
709 306 748 341 Γῆ
758 305 822 341 γὰρ,

9 356 40 381 εἰ
68 357 130 391 μὲν
146 357 266 391 ἐγένετο,
281 354 330 391 ἦν·
346 356 369 382 εί
385 355 413 381 δὲ
430 355 467 390 μὴ
481 354 614 390 γενομένη
629 352 745 388 ὑπῆρχε,
760 360 824 377 συν-

9 403 169 438 αγένητος
182 400 216 438 ἦν
228 402 267 438 τῷ
279 402 348 437 Θεῷ.
364 402 417 436 Γῆς
433 400 461 427 δὲ
472 401 532 427 τίνα
543 399 637 436 χρείαν
652 398 708 433 ἔχει
723 399 737 424 ὁ
746 397 822 428 Θεὸς,

9 450 57 484 γῇ
79 449 124 484 μὴ
137 449 323 485 κεχρημένος;
338 447 533 482 Ἀναλογίστως
543 447 594 482 γῆν
604 444 671 472 Θεοῦ
684 443 822 479 ὀνομάζει,

9 496 99 529 πρὶν
113 495 217 531 ταύτην
234 496 321 522 εἰπεῖν
343 494 500 529 γεγονέναι·
515 493 574 520 οὐδὲ
590 492 644 526 γὰρ
668 489 723 517 οἷόν
738 497 768 516 τε
791 488 824 525 ἦν

10 542 85 577 πρὸ
103 542 285 578 δημιουργίας
302 541 471 577 μαρτυρῆσαι
487 539 573 575 ταύτῃ
589 538 620 564 τὸ
635 536 771 572 γενέσθαι.

876 169 958 196 etiam
974 167 1174 197 convincimus,
1203 173 1258 193 non
1281 174 1363 201 posse
1377 166 1527 193 condonari
1546 174 1552 191 :
1576 165 1665 191 nomi-

876 218 943 242 nant
956 214 1028 241 enim
1047 215 1147 243 terram
1163 213 1226 239 boni
1244 212 1253 248 (
1267 212 1293 239 id
1305 216 1356 246 est,
1374 212 1419 239 Dei
1435 212 1462 246 ;)
1477 212 1585 246 qualem
1602 217 1667 237 vero

876 265 979 289 terram
1002 263 1064 287 ante
1087 258 1182 286 mundi
1208 258 1395 285 creatiOnem?
1420 257 1498 292 Apud
1515 264 1562 284 eos
1591 255 1668 283 scili-

877 310 921 334 cet
943 310 1033 333 ortum
1055 312 1146 332 rerum
1165 304 1315 338 anticipant
1336 305 1445 330 nomina
1463 313 1469 330 ε
1488 303 1565 338 prius
1591 301 1665 329 enim

876 359 959 387 quam
976 351 1112 378 fateantur
1133 357 1242 377 creasse
1257 349 1340 377 Deum
1355 349 1495 387 mundum,
1519 349 1557 376 ait
1572 347 1668 374 absur-

876 399 1006 427 dissimus
1033 396 1216 428 Manichacus,
1240 403 1302 424 esse
1333 395 1406 430 quod
1421 385 1542 422 nondum
1564 393 1666 421 factum

876 448 946 471 erat.
970 442 1056 470 Terra
1079 449 1207 476 namque,
1231 441 1254 469 si
1276 441 1387 476 quidem
1413 440 1511 472 fuerat,
1527 444 1607 467 erat:
1623 439 1667 466 sin

879 497 942 516 vero
957 496 1011 516 non
1029 491 1089 516 erat
1103 487 1185 519 facta,
1201 491 1261 514 erat
1274 487 1354 514 simul
1381 494 1443 514 cum
1465 485 1520 513 Deo
1535 485 1665 521 ingenita.

878 534 948 568 Quid
964 541 1029 561 vero
1043 540 1112 567 opus
1126 536 1185 559 erat
1201 532 1257 559 Deo
1270 535 1344 559 terra
1355 552 1362 563 ,
1380 539 1433 567 qua
1449 539 1503 558 non
1518 530 1567 558 fuit
1581 530 1667 558 usus?

12 587 87 615 Sed
119 589 165 615 hic
187 589 346 623 insipienter
369 591 470 614 terram
491 585 537 613 Dei
562 589 651 617 vocat,
676 587 823 619 antequam
843 582 917 610 dicat
933 581 1032 608 factam
1051 587 1112 608 esse
1131 589 1138 606 :
1157 586 1207 606 nec
1238 579 1312 607 enim
1338 584 1402 606 ante
1429 579 1596 606 creationem
1619 583 1667 612 po-

13 638 107 661 terat
122 634 312 662 testimonium
326 633 379 660 dici
397 634 430 659 de
446 637 518 659 terra
534 631 618 658 facta.

434 689 499 717 CAP.
521 687 593 715 XIX.
610 687 713 714 Malum
729 684 887 721 principium
904 681 990 708 videre
1003 679 1091 706 lumen
1113 688 1165 706 non
1185 679 1279 713 potuit.

64 752 194 779 Ἔπειτα
216 750 284 777 Θεοῦ
309 749 359 784 μὲν
383 748 440 775 ἐστι
464 746 522 782 φῶς
542 746 669 782 αἰσθητὸν
691 745 824 781 δημιούρ-

915 739 1017 767 Deinde
1043 746 1059 765 a
1082 738 1138 764 Deo
1162 736 1270 772 quidem
1300 739 1422 763 creatum
1454 742 1496 764 est
1525 737 1614 765 lumen
1639 738 1667 766 in

13 806 127 833 γημα,
150 797 231 828 αὐτὸς
249 796 277 823 δὲ
296 781 354 830 qith
371 795 405 822 ἂν
421 781 589 829 εῐηγνοητὸν,
605 781 655 819 οὐκ
676 789 804 825 αἰσθητόν

886 789 1018 821 ιεροειιιιιι
1039 783 1159 816 cadens;
1185 783 1243 817 ipse
1255 786 1343 808 autem
1363 781 1434 809 Deus
1456 784 1546 810 lumen
1561 787 1604 811 est
1624 785 1667 811 in-

16 843 114 871 Εἷδεν
131 841 177 870 οὖν
187 845 205 879 ἡ
217 842 310 873 κακία,
328 841 405 877 φησὶ,
420 841 450 866 τὸ
466 839 524 875 φῶς
536 838 583 866 τοῦ
600 836 713 872 ἀγαθοῦ.
730 837 761 863 Et
776 836 824 872 μὲν

13 891 54 917 τὸ
77 889 213 925 αἰσθητὸν
239 890 307 923 φῶς,
324 887 401 914 οὔπω
427 886 540 921 κόσμος,
563 884 625 911 οὔτε
647 883 755 918 γένεσις
783 881 826 908 κό-

17 945 106 971 σμου
122 944 130 950 ·
159 935 216 967 πῶς
230 933 284 961 εἶδε
305 933 334 960 τὸ
348 932 461 969 μηδέπω
485 930 685 966 γεγενημένον;
706 927 753 954 τοῦ
772 927 826 963 γὰρ

14 981 209 1018 κεχρημένου
227 981 309 1017 μήπω
325 979 502 1014 τυγχάνοντος
521 976 678 1012 ἀνθρώπου,
693 974 746 1000 τίνι
761 975 828 1010 χρή-

19 1036 119 1063 σιμον
139 1025 173 1062 ἦν
193 1026 223 1053 τὸ
242 1024 317 1060 φῶς;
342 1024 459 1059 συγγενῆ
480 1022 534 1059 γὰρ
558 1022 597 1057 τῷ
618 1021 780 1057 κεχρημένῳ
793 1019 828 1047 τὰ

16 1074 163 1109 χρήσιμα
172 1081 179 1088 ·
194 1072 224 1098 οὐ
238 1071 292 1107 γὰρ
306 1070 338 1106 δὴ
355 1069 414 1104 Θεῷ
428 1070 562 1105 χρήσιμον
578 1066 611 1103 ἧν
623 1066 829 1102 ἀπηλλαγμένῳ

18 1121 130 1155 πᾶα-ης
142 1119 274 1154 αἰσθητῆς
291 1116 446 1152 μετουσίας.
469 1116 500 1141 Εἰ
525 1114 554 1141 δὲ
578 1114 659 1140 αὑτὸν
687 1113 732 1140 τὸν
749 1112 827 1144 Θεὸν,

19 1167 124 1201 ὅσπερ
140 1166 200 1191 ἐστὶ
215 1163 308 1200 νοερὸν
325 1163 393 1197 φῶς,
416 1162 525 1192 πάντως
547 1160 700 1196 ὁμοιώματι
722 1158 829 1193 φύσεως

20 1210 86 1238 εἶδε
107 1212 138 1238 τὸ
155 1211 257 1246 ὅμοιον.
280 1209 399 1244 ’Λνάγκη
411 1207 498 1235 τοίνυν
521 1206 647 1241 αἰσθητὸν
672 1204 729 1239 φῶς
745 1205 829 1241 αὐτὴν

17 1257 208 1294 ἑωρακέναι·
230 1256 357 1292 αἰσθητὸν
373 1255 401 1282 δὲ
417 1254 469 1289 πρὸ
492 1253 546 1279 τῶν
562 1251 708 1287 αἰσθητῶν,
726 1251 773 1278 τοῦ
795 1250 831 1278 τί-

19 1313 77 1336 νος
100 1303 182 1340 χάριν
206 1303 323 1339 ὑπῆρχε.
345 1301 407 1332 Πῶς
423 1300 452 1327 δὲ
474 1300 548 1334 ὅμως
567 1297 662 1329 σκότος
683 1297 735 1333 ὁρᾷ
755 1296 829 1331 φῶς;

22 1351 61 1378 El
85 1351 144 1386 γὰρ
166 1349 296 1376 ἐθεάσατο
316 1347 384 1383 φῶς,
406 1346 457 1372 οὐκ
476 1344 510 1372 ἂν
531 1344 575 1379 εἴη
598 1343 707 1375 σκότος·
731 1342 831 1378 πολλὴν

22 1397 90 1433 γὰρ
105 1397 162 1432 ἔχει
178 1395 226 1432 τὴν
240 1394 382 1423 κοινωνίαν
393 1394 410 1428 ἡ
426 1391 552 1427 αἴσθησις
567 1390 635 1426 πρὸς
648 1389 679 1416 τὸ
692 1389 830 1424 αἰσθητόν.

23 1442 142 1477 Φυσικὴ
156 1441 210 1477 γὰρ
227 1442 244 1476 ἡ
259 1439 370 1475 ἐπιϐολὴ
382 1439 416 1465 δι’
426 1437 573 1473 ὁμοιότητα
593 1437 643 1471 τῆς
657 1435 744 1470 ὅψεως
763 1435 831 1471 πρὸς

876 831 1016 867 telligibile
1033 837 1088 856 non
1103 828 1242 856 sensibile.
1258 827 1332 854 Vidit
1345 827 1436 862 igitur,
1452 827 1550 863 inquit,
1575 830 1668 864 nequi-

875 878 914 904 tia
929 877 1022 903 iumen
1039 874 1139 902 summi
1156 874 1229 901 boni.
1250 872 1277 900 Si
1290 874 1394 905 lumen,
1421 874 1493 908 quod
1507 874 1535 901 in
1555 883 1667 903 sensum

876 922 959 953 cadit.
973 921 1095 948 nondum
1107 925 1165 947 erat
1180 919 1310 951 mundus,
1326 927 1377 947 nec
1390 924 1468 948 ortus
1479 922 1585 952 mundi,
1598 929 1668 956 quo-

877 967 959 996 modo
976 968 1059 1002 igitur
1073 966 1141 994 vidit
1159 966 1233 1001 quod
1252 966 1374 993 nondum
1396 965 1498 993 factum
1517 968 1596 994 erat?
1622 969 1666 995 cui

877 1014 951 1041 enim
972 1013 1071 1040 fuisset
1094 1012 1166 1045 usui,
1187 1011 1308 1039 nondum
1336 1012 1444 1039 homine
1467 1013 1513 1047 qui
1532 1017 1668 1046 uteretur,

878 1059 988 1087 creato?
1006 1059 1083 1086 utilia
1099 1059 1170 1086 enim
1188 1059 1275 1085 utenti
1291 1063 1405 1094 cognata
1424 1063 1488 1086 sunt
1502 1069 1508 1087 :
1523 1067 1577 1086 non
1595 1061 1668 1087 enim

879 1106 935 1134 Deo
956 1106 1002 1141 qui
1018 1106 1051 1132 ab
1072 1105 1145 1132 omni
1165 1104 1374 1140 participatione
1395 1104 1488 1142 sensili
1516 1105 1586 1132 liber
1605 1109 1647 1133 est
1660 1125 1667 1137 ,

880 1153 946 1180 utile
954 1156 1022 1180 erat.
1038 1151 1066 1178 Si
1082 1156 1172 1178 autem
1199 1151 1289 1186 ipsum
1308 1151 1403 1182 Deum,
1422 1150 1496 1186 quod
1513 1155 1556 1178 est
1577 1151 1669 1178 lumen

881 1198 1063 1234 intelligibile,
1079 1198 1191 1225 omnino
1211 1196 1279 1224 vidit
1302 1196 1483 1224 similitudine
1506 1201 1611 1224 natura:
1631 1198 1654 1224 si

880 1245 958 1278 mile;
975 1252 1088 1273 necesse
1108 1244 1191 1278 igitur
1210 1247 1270 1271 erat
1292 1246 1323 1270 ut
1341 1243 1400 1278 ipsa
1420 1243 1512 1270 lumen
1537 1243 1670 1271 sensibile

880 1291 1014 1324 vidisset;
1043 1289 1174 1317 sensibile
1195 1293 1286 1317 autem
1312 1296 1444 1324 quorsum
1471 1288 1578 1320 luisset,
1597 1289 1670 1315 etin

880 1344 963 1373 quem
982 1344 1064 1364 usum
1080 1339 1144 1363 ante
1171 1335 1312 1364 sensibilis
1339 1334 1450 1362 creata?
1474 1334 1582 1371 Alioqui
1602 1344 1671 1371 quo-

882 1383 963 1410 modo
974 1382 1092 1410 tenebrat
1103 1381 1196 1409 vident
1207 1381 1320 1409 lumen?
1346 1380 1375 1408 Si
1398 1381 1471 1408 enim
1487 1381 1611 1408 viderunt
1630 1382 1672 1409 lu-

884 1436 956 1461 men,
972 1428 1098 1456 diabolus
1110 1435 1164 1454 non
1178 1431 1236 1455 erat
1248 1427 1386 1461 tenebrae;
1402 1434 1527 1463 magnam
1544 1427 1615 1455 enim
1630 1436 1674 1455 so-

23 1489 61 1515 τὸ
81 1487 264 1523 φαινόμενον·
282 1485 380 1513 αὐτίκα
392 1484 579 1519 ἀναμάσσεται
598 1482 656 1518 ἅμα
668 1481 763 1508 τούτου
783 1481 818 1508 τὸ·

886 1475 1006 1503 :ietatcm
1018 1477 1046 1501 et
1056 1473 1280 1508 conjunctionem
1296 1474 1378 1501 habet
1399 1481 1497 1502 sensus
1518 1482 1580 1507 cum
1607 1482 1671 1502 sen-

26 1534 202 1570 χαρακτῆρα
214 1533 257 1559 διὰ
278 1532 325 1568 τὴν
340 1532 449 1567 ἔννομον
470 1530 519 1565 τῆς
539 1528 646 1564 φύσεως
666 1527 826 1554 κοινωνίαν·

26 1581 118 1616 σῶμα
134 1580 184 1615 μὲν
203 1579 258 1614 γὰρ
280 1578 360 1613 σῶμα
376 1578 441 1613 ὁρᾷ·
458 1577 549 1612 ὅμοιον
568 1575 596 1601 δὲ
609 1574 648 1609 τῷ
662 1573 748 1609 ὁμοίῳ
770 1573 830 1599 ἐπι-

29 1626 145 1657 ϐάλλει,
164 1625 212 1652 καὶ
226 1625 275 1651 οὐκ
294 1624 382 1650 ἔνεστι
403 1623 434 1648 τὸ
456 1623 579 1658 κρεῖττον
599 1621 647 1647 καὶ
661 1619 828 1654 ἀναϐεϐηκὸς

27 1674 65 1707 τῇ
89 1671 183 1706 φύσει,
200 1670 320 1704 καίτοιγε
340 1669 390 1695 οὐκ
407 1668 535 1699 ἐναντίως
552 1666 613 1702 ἐχον
632 1665 693 1701 (8⁶),
709 1664 776 1700 πλὴν
788 1664 828 1690 ὅτι

28 1726 65 1751 γε
95 1717 242 1752 ἀσώματον
265 1716 304 1752 τῷ
329 1714 524 1750 ὑποϐεϐηκότι,
551 1713 599 1740 ἆτε
625 1712 657 1748 δὴ
682 1709 830 1746 σωματικῷ

29 1763 151 1794 πάντως
167 1763 216 1798 οὐχ
225 1762 322 1798 ὁρατόν
331 1769 337 1776 ·
354 1761 408 1796 ἄρα
420 1769 452 1794 γε
466 1759 496 1786 τὸ
508 1759 630 1786 ἐναντίον
646 1757 685 1793 τῷ
705 1757 828 1791 ἐναντίῳ,

26 1809 96 1843 εἴγε
110 1808 197 1840 ἐστὶν,
209 1808 342 1843 ἀόρατον·
364 1806 461 1833 οὐκοῦν
480 1805 597 1840 συγγενῦ
617 1804 666 1832 καὶ
688 1803 762 1839 φίλα,
783 1803 830 1829 καὶ

29 1853 166 1889 οὐδαμῶς
181 1853 299 1880 ἐναντία.

883 1519 1116 1549 sibili.Naturalis
1137 1520 1210 1547 enim
1232 1520 1374 1555 conjectus
1394 1520 1537 1547 oculorum
1560 1525 1673 1556 propter

882 1566 1092 1595 similitudinem
1107 1569 1236 1601 aspectus
1250 1573 1312 1593 eum
1326 1573 1356 1593 re
1372 1573 1432 1600 qua:
1447 1565 1564 1597 videtur,
1579 1566 1671 1593 statim

882 1613 1011 1648 exprimit
1028 1612 1142 1648 ﬁguram
1169 1612 1230 1647 ejus
1251 1615 1362 1647 propter
1390 1611 1538 1646 legitimam
1567 1615 1673 1639 natura:

882 1661 1101 1689 communionem
1115 1668 1122 1692 ;
1148 1666 1250 1694 corpus
1265 1659 1337 1686 enim
1354 1665 1455 1692 corpus
1470 1657 1552 1685 videt.
1577 1657 1672 1685 Simile

883 1708 912 1734 in
929 1707 1019 1735 simile
1034 1705 1152 1733 intendit
1165 1705 1266 1738 aciem;
1284 1712 1372 1739 neque
1389 1708 1505 1739 possunt
1527 1703 1600 1731 oculi
1621 1711 1671 1731 na-

883 1757 950 1780 turae
970 1750 1110 1778 inferioris
1125 1750 1198 1784 quod
1213 1753 1311 1776 natura
1332 1749 1506 1784 praestantius
1535 1752 1562 1776 et
1578 1749 1671 1776 excel-

882 1799 983 1827 lentius
1000 1802 1043 1826 est
1056 1797 1158 1831 videre,
1186 1796 1286 1824 nedum
1305 1796 1378 1832 quod
1396 1800 1500 1822 naturas
1525 1795 1672 1822 contraria:

881 1849 933 1874 est.
941 1845 970 1872 Si
985 1849 1087 1876 autem,
1097 1843 1170 1878 quod
1177 1846 1218 1871 est
1229 1847 1334 1870 naturae
1349 1841 1561 1874 excollentioris,
1570 1841 1671 1876 quippe

31 1909 102 1929 eum
119 1908 174 1928 non
192 1901 228 1928 sit
238 1899 416 1932 contrarium,
434 1901 614 1933 praeterquam
644 1896 848 1931 incorporeum,
869 1893 903 1920 ab
920 1892 1051 1920 inferiore
1066 1895 1162 1926 utpote
1178 1896 1311 1925 corporeo
1327 1888 1439 1916 omnino
1457 1895 1512 1915 non
1525 1891 1614 1922 potest
1629 1886 1671 1914 vi-

32 1947 117 1981 deri;
135 1953 202 1974 sane
223 1946 391 1974 contrarium
416 1953 432 1972 a
455 1944 607 1975 contrario,
623 1942 647 1971 si
674 1941 756 1970 modo
779 1946 832 1973 est,
853 1939 940 1968 videri
975 1945 1030 1965 non
1059 1941 1159 1973 potest.
1183 1936 1255 1964 Sunt
1278 1935 1361 1970 igitur
1397 1934 1449 1962 ista
1477 1941 1537 1969 quae
1566 1933 1672 1960 scilicet

32 1999 68 2019 se
95 1990 201 2023 vident,
226 1995 342 2026 cognata
372 1995 399 2017 et
419 1989 506 2016 amica
526 1993 553 2015 et
576 1994 750 2023 nequaquam
772 1985 922 2014 contraria.

234 2047 299 2075 CAP.
319 2046 378 2074 XX.
399 2045 515 2073 Materia
529 2053 561 2073 ea:
576 2044 682 2072 Hanete
697 2043 835 2072 ascendere
853 2046 975 2070 conatur.
989 2039 1111 2068 Materia:
1124 2048 1200 2067 amor
1209 2047 1272 2075 erga
1288 2038 1402 2066 sobolem
1417 2038 1477 2066 Dei.

80 2106 164 2134 Ἀλλὰ
186 2106 287 2141 πλῆρες
311 2105 421 2141 ὀλέθρου
446 2104 584 2140 βαρϐάρου
605 2104 635 2130 τὸ
651 2104 764 2139 πλάσμα
779 2103 815 2138 (9)

916 2099 970 2127 Sed
988 2100 1097 2135 plenum
1116 2102 1159 2127 est
1177 2102 1364 2126 commentum
1383 2097 1502 2125 barbara
1525 2097 1647 2132 pernicie
1662 2107 1669 2124 :

34 2154 109 2190 φησὶ
125 2153 189 2187 γάρ·
207 2152 245 2178 Οὐ
264 2151 343 2187 μόνον
358 2149 426 2177 εἶδεν
442 2151 458 2186 ὴ
475 2150 536 2185 ὕλη,
554 2149 621 2176 ἀλλὰ
637 2149 685 2176 καὶ
701 2148 829 2184 ἐπιϐῆναι

35 2198 208 2228 ἐϐουλεύετο,
229 2197 323 2233 ὥσπερ
346 2197 405 2224 τινὰ
426 2196 542 2233 σπουδὴν
565 2195 707 2231 τιθέμενος
728 2194 830 2230 ταύτην

35 2246 78 2276 εἰς
93 2243 232 2275 ἀπόδειξιν
248 2243 298 2277 τῆς
319 2243 387 2277 πρὸς
403 2243 433 2268 τὸ
447 2243 504 2277 φῶς
521 2241 662 2273 κοινωνίας
672 2249 678 2256 ·
696 2241 766 2276 τάχα
784 2241 831 2267 καὶ

37 2289 216 2326 μετέγνωσαν
230 2289 254 2315 οἱ
271 2287 300 2320 ἐξ
317 2288 413 2322 αὐτῆς,
431 2288 471 2314 ὃτι
484 2289 512 2314 ἐν
526 2284 653 2318 ἀπλέτοις
672 2286 752 2313 αἰῶσι
775 2287 831 2317 τοῖς

38 2334 224 2370 προλαϐοῦσιν
244 2334 386 2370 ἀπείρατοι
407 2333 575 2368 ἐγεγόνεισαν
596 2332 643 2359 τοῦ
662 2332 759 2366 φωτός.
776 2332 832 2358 Καὶ

37 2383 103 2409 τίνα
119 2381 218 2417 τρόπον
234 2381 328 2412 σκότος
346 2381 530 2415 μεταποιεῖται
551 2379 654 2413 φωτόςς
669 2378 684 2414 ἤ
699 2378 770 2410 τινος
783 2377 832 2413 χά-

39 2437 85 2464 ριν
103 2426 227 2453 ἐπελθεῖν
247 2426 335 2461 τούτῳ
358 2433 390 2459 γε
413 2425 552 2460 βούλεται;
574 2423 648 2460 Ἀρά
673 2433 705 2458 γε
726 2423 769 2451 ἵνα
782 2422 831 2459 τὴν

38 2474 124 2509 φύσιν
140 2472 334 2508 μεταϐάληται,
353 2472 401 2498 καὶ
414 2471 526 2506 γένηται
546 2470 622 2505 φῶςς
643 2470 659 2505 ἢ
675 2470 719 2496 ἵνα
739 2469 832 2504 γράφῃ

40 2520 92 2554 (9')
110 2518 180 2552 φωτὶ
195 2517 318 2544 ἐναντίαν
339 2518 388 2552 τῆς
403 2516 510 2550 φύσεως
524 2515 642 2551 τροφήνς
664 2514 733 2541 Ἀλλ’
751 2514 832 2548 ἀγνο-

39 2565 122 2597 οὖσα,
136 2564 263 2599 ἐπιϐῆναι
276 2563 365 2599 ἦθελε·
376 2562 474 2593 καίτοι,
492 2562 516 2587 εῑ
529 2561 577 2596 μὲν
592 2561 672 2594 ἔγνω,
687 2560 764 2594 λόγον
775 2557 833 2594 εἷχε

40 2612 72 2638 τὸ
91 2609 325 2646 μεταποιηθῆναιν
340 2607 422 2636 οὖσαν
439 2607 468 2635 δὲ
484 2607 563 2642 φύσει
580 2607 679 2634 κακίαν
696 2607 742 2633 καὶ
756 2607 834 2640 ἀγνο-

80 2676 131 2712 (8·)
150 2677 254 2711 Ἔχον.
280 2675 345 2704 Post
365 2675 436 2702 hanc
461 2682 555 2702 vocem
578 2674 674 2702 deesse
699 2673 726 2700 in
753 2676 833 2699 textu

44 2712 180 2741 nonnulla
198 2712 337 2739 videntur.

83 2749 121 2781 (9)
143 2747 236 2778 Ἀλλὰ
248 2748 299 2773 rm.
316 2744 499 2772 κ.τ.λ.Πιιιι(ε
513 2744 601 2781 locum
616 2743 652 2781 ita
668 2741 756 2770 reddit
768 2742 834 2781 gas-

47 2777 162 2819 nugius:
178 2782 290 2808 Barbari
305 2783 456 2816 ﬁgmentum
466 2780 581 2815 pernicie
597 2779 757 2813 plenumcst.
769 2777 831 2804 Bar-

881 2145 919 2172 ait
935 2145 1019 2176 enim,
1045 2150 1099 2171 n‘on
1123 2144 1211 2171 solum
1233 2142 1302 2170 vidit
1333 2142 1458 2173 materia.
1481 2142 1529 2170 sed
1553 2142 1672 2170 decrevit

881 2191 1027 2219 ascendere
1043 2194 1174 2225 tanquam
1190 2189 1312 2216 studium
1334 2188 1471 2223 quoddam
1491 2187 1626 2215 adhibens
1638 2187 1671 2213 ad

881 2236 1126 2265 demonstrandum
1141 2236 1243 2263 habere
1261 2243 1291 2262 se
1299 2235 1519 2262 communionem
1537 2237 1563 2261 et
1585 2234 1673 2261 socie-

881 2288 965 2311 tatem
981 2291 1042 2310 cum
1059 2283 1180 2309 lumine:
1198 2281 1315 2309 fortasse
1339 2289 1387 2309 eos
1409 2281 1455 2315 qui
1480 2288 1511 2307 ex
1534 2279 1594 2314 ipsa
1614 2279 1671 2306 nati

881 2333 957 2361 sunt,
979 2327 1202 2364 pmnituit,quod
1225 2327 1339 2354 inlinitis
1359 2326 1465 2353 sarculis
1482 2325 1672 2359 superioribus

881 2383 936 2402 non
961 2374 1078 2402 fuissent
1100 2373 1204 2409 experti
1224 2373 1314 2399 lumen
1332 2380 1338 2399 :
1354 2376 1381 2399 et
1400 2370 1536 2406 quomodo
1554 2370 1672 2398 tenebrae

882 2421 1041 2448 adsciscunt
1059 2423 1086 2447 et
1101 2419 1241 2446 vindicant
1265 2418 1316 2446 sibi
1333 2418 1446 2445 lumen?
1463 2421 1509 2444 aut
1527 2424 1670 2451 quorsum,

882 2471 910 2494 et
924 2467 951 2494 in
969 2474 1048 2502 quem
1063 2473 1143 2494 nsum
1160 2466 1254 2493 volunt
1275 2464 1394 2493 tenebrae
1416 2463 1546 2490 invadere
1561 2462 1672 2489 lumen?

884 2520 918 2540 an
932 2516 960 2540 ut
983 2517 1109 2540 naturam
1127 2515 1233 2539 mutent
1246 2515 1273 2539 et
1293 2511 1446 2538 eﬂicianlur
1461 2509 1575 2536 lumen?
1589 2516 1623 2535 an
1642 2512 1671 2534 ιιι

883 2559 1044 2585 nutriantur
1058 2557 1172 2590 lumine,
1188 2557 1319 2584 alimento
1342 2559 1447 2582 natura:
1465 2554 1672 2581 contrario?At

884 2604 1014 2639 ignorans
1034 2603 1121 2630 voluit
1141 2602 1300 2630 ascendere.
1319 2601 1424 2628 Etenim
1443 2600 1466 2627 si
1485 2599 1670 2636 cognovisset,

884 2670 967 2732 ιέιιιιιιε
988 2670 1062 2697 enim
1079 2669 1135 2702 ille,
1153 2668 1252 2704 inquit,
1270 2669 1316 2703 qui
1330 2668 1394 2695 taEia
1418 2667 1504 2699 ﬁnxit,
1519 2671 1561 2694 est
1578 2665 1671 2694 Manes

907 2712 979 2732 ersa.

907 2712 1025 2774 (36;?)‘71
1033 2739 1082 2766 ἵνα
1093 2748 1137 2774 γρ.
1149 2738 1186 2775 An
1202 2743 1231 2765 ιιι
1243 2739 1380 2775 imprimat
1398 2739 1553 2766 alimentum
1567 2739 1670 2765 natura:

885 2776 954 2804 lucis
970 2775 1159 2802 contrarium?
1175 2774 1253 2802 Busa.
