1900 3070
186 140 254 168 10⁵15
303 153 310 160 -

751 135 821 163 TITI
843 134 1058 163 BOSTRENSIS
1075 133 1230 162 EPISCOPI

1741 125 1752 152 1
1759 126 1809 154 076

186 199 312 228 notiones
328 197 465 225 naturales
479 198 533 225 duo
558 197 696 231 contraria
718 196 853 231 principia
880 203 973 224 rerum
989 201 1010 229 Α

1032 205 1118 231 ίονται
1143 195 1208 229 γοῦν
1228 194 1256 221 αἱ
1272 192 1343 220 κατά
1359 191 1438 227 φῦσιν
1452 191 1549 218 ἔννοιαι
1560 188 1606 216 δύο
1621 187 1671 223 (2‘)
1688 187 1810 218 ἐναντίαις

186 245 348 273 admittant:
365 244 388 271 si
415 244 486 271 enim
510 251 544 271 ne
567 243 768 270 consentientia
789 242 898 277 quidem
927 243 975 269 ad-

186 292 308 324 mittunt,
324 291 411 318 multo
427 290 519 317 minus
543 289 704 324 pugnantia.
733 288 863 316 Scriberis
890 288 974 322 igitur

186 338 231 365 ille
248 337 307 372 ipse:
323 337 418 365 furens
431 337 596 364 Manichaeus
609 356 617 368 ,
644 335 744 370 ubique
765 334 879 369 incipit:
909 332 975 360 Erat

186 383 258 411 Deus
286 390 312 411 et
329 384 459 416 materia,
487 383 591 414 tamen,
615 387 639 410 et
663 381 790 411 tcnebrm,
819 380 915 407 bamtm
950 383 975 406 et

186 430 296 461 malum,
310 431 336 457 in
357 430 477 457 omnibus
504 437 604 456 summe
627 428 781 457 contraria:
801 432 830 454 ut
852 427 879 453 in
899 426 973 453 nulla

187 482 216 501 re
231 475 345 502 alterum
358 482 420 501 cum
438 475 523 502 altero
538 473 757 502 communionem
773 476 800 498 et
814 471 974 498 societatem

187 520 309 551 haberet.
326 521 406 548 ambo
423 521 543 556 ingenita
564 524 591 548 et
607 519 741 547 viventia:
761 518 843 553 igitur
857 520 903 544 aut
917 517 974 544 dis-

184 567 300 602 jungent
316 574 364 598 se;
381 571 428 594 aut
441 568 463 594 si
481 567 581 594 fuerint
594 565 691 596 simul,
714 564 800 591 amica
818 567 844 590 et
870 570 973 598 nequa-

186 620 267 647 quam
293 612 431 639 contraria
458 620 520 640 esse
545 612 695 647 apparebit.
724 612 757 638 At
782 615 856 646 patet
882 611 975 638 dicere

186 666 259 690 Pllm,
278 658 402 692 sejuncta
420 665 481 685 esse
500 657 567 685 haec.
587 657 671 692 Igitur
686 661 833 692 utrumque
849 664 912 684 cum
934 656 973 682 al-

187 708 246 730 tero
263 703 368 730 ﬁnitum
382 706 409 730 et
421 702 597 730 terminatum
609 703 662 730 erit
679 702 831 730 secundum
843 695 974 729 substant-

186 749 263 776 tiam.
279 752 306 775 et
323 751 450 775 neutrum
474 747 740 783 incircumscriptum
769 752 797 774 et
814 747 950 775 inﬁnitum
965 756 971 774 :

186 794 413 822 circumscribere
440 797 529 822 autem
561 793 645 820 Deum
673 794 822 821 secundum
847 794 974 821 substan—

187 839 253 865 tiam
266 860 273 870 ,
294 843 321 867 et
339 847 391 866 non
408 847 490 867 nosse
519 844 546 867 et
570 839 693 867 conﬁteri
720 840 856 867 inﬁnitum
890 847 951 866 esse
965 860 972 871 ,

1026 241 1113 276 ἀρχὰς
1136 240 1190 266 τῶν
1210 240 1310 265 ὄντων·
1330 239 1354 264 εἰ
1371 237 1425 272 γὰρ
1447 235 1512 271 μηδὲ
1542 232 1740 269 συμφωνούσας
1770 231 1811 258 δέ-

1026 288 1110 319 ξαιντ¹
1120 287 1158 320 (5)
1167 286 1211 316 ἂν,
1220 282 1238 320 ἦ
1248 284 1297 310 πού
1307 291 1338 318 γε
1351 281 1513 318 μαχομένας.
1523 280 1638 315 Γράφων
1646 278 1735 305 τοίνυν
1743 278 1811 303 ἐκεῖ-

1024 340 1069 363 νος
1080 331 1170 363 αὐτὸς,
1185 331 1199 356 ὁ
1211 328 1390 364 χαλεπώτατα
1407 326 1511 362 μανεὶς,
1530 324 1643 359 ἄρχεται
1658 321 1809 356 πανταχοῦ

1024 375 1082 404 Ἦν
1096 377 1178 408 Θεὸς,
1205 374 1256 401 καὶ
1279 374 1337 407 ὕλη
1350 382 1356 388 ·
1386 372 1458 407 φῶς,
1474 371 1522 397 καὶ
1543 370 1667 401 σκότος·
1687 367 1810 402 ἀγαθὸν,

1024 424 1073 451 καὶ
1101 423 1211 449 κακόν·
1237 421 1272 448 ἐν
1299 420 1360 453 τοῖς
1383 418 1477 446 πᾶσιν
1496 417 1591 451 ἄκρως
1612 415 1751 446 ἐναντία,
1775 415 1811 446 ὡς

1025 468 1096 496 κατὰ
1115 467 1197 503 μηδὲν
1215 465 1398 492 ἐπικοινωνεῖν
1416 462 1528 497 θάτερον
1542 460 1657 495 Θατέρῳ,
1679 458 1813 493 ἀγέννητᾶ

1024 523 1053 541 τε
1070 514 1115 541 καὶ
1126 513 1214 546 ζῶντα
1228 512 1324 547 ἀμφω-
1347 509 1443 536 οὐκοῠν
1456 507 1473 542 ἢ
1486 507 1597 543 χωρίσει
1615 514 1647 540 γε
1661 504 1748 531 ταῦτα
1766 504 1812 529 ἀπ’

1025 559 1162 595 ἀλλήλων,
1186 558 1202 593 ἢ
1227 558 1275 584 σὺν
1298 556 1420 590 ἀλλήλοις
1443 554 1507 581 ὂντα
1534 552 1597 587 φίλα
1619 551 1666 578 καὶ
1688 549 1813 584 οὐδαμῶς

1024 605 1134 632 ἐναντία
1150 603 1309 639 φανήσεται.
1333 601 1411 628 Ἀλλὰ
1422 599 1510 635 δῆλον,
1519 600 1559 626 ὅτι
1571 598 1655 633 χωρὶς
1669 597 1716 623 ἀπ’
1731 596 1813 630 ἀλλή-

1025 652 1078 678 λων
1098 651 1146 677 καὶ
1171 649 1251 680 αὐτὸς
1273 647 1358 674 ταῦτα
1380 647 1448 673 εἷναί
1471 653 1568 680 φησιν’
1583 644 1626 679 ἄρ’
1644 641 1691 670 οὖν
1709 650 1814 677 συμπε-

1025 697 1194 733 περασμένον
1208 696 1337 730 ἑκάτερον
1355 693 1460 728 θατέρῳ
1479 691 1527 727 τὴν
1543 691 1636 717 οὐσίαν
1658 689 1750 720 ἐσται,
1766 693 1815 714 και

1024 744 1166 778 οὐδέτερον
1181 741 1370 776 ἁπεριόριστον
1381 748 1388 754 ·
1414 737 1577 774 περιορίζειν
1599 737 1628 763 δὲ
1648 736 1707 763 κατ’
1720 735 1814 762 οὐσίαν

1025 791 1072 817 τὸν
1087 789 1163 821 Θεὸν,
1187 789 1234 815 καὶ
1256 787 1293 823 μὴ
1317 786 1469 821 ἀπέραντον
1487 783 1584 810 εἰδέναι
1605 791 1635 808 τε
1659 782 1706 808 καὶ
1723 781 1816 815 ὁμολο-

1026 837 1095 870 γεῖν,
1113 835 1170 866 πῶς
1186 835 1216 860 οὺ
1232 833 1291 860 λίαν
1305 831 1419 863 ὰσεὸἐς;
1437 830 1517 857 ὁπότε
1531 830 1561 855 οὑ
1591 829 1669 864 μόνον
1692 827 1813 862 περιορί-

187 885 325 920 quomodo
339 893 393 913 non
409 889 452 913 est
472 885 619 913 admodum
641 885 772 920 impium?
799 885 976 920 Quandoqui-
992 890 1010 917 Β

1032 881 1121 914 ἵεσθαι
1148 880 1218 912 δόξει
1240 878 1289 914 τὴν
1311 877 1405 904 οὐσίαν
1424 876 1470 902 καὶ
1496 872 1723 920 περιγράφεσθαι,
1749 872 1815 898 ἀλλὰ

187 932 248 960 dem
268 939 321 959 non
337 932 424 959 solum
437 931 628 959 circumscribi
649 935 675 959 et
690 932 831 959 terminari
848 931 962 959 substan

187 979 223 1004 tia
241 977 286 1005 Dei
302 978 447 1010 videbitur,
467 977 514 1005 sed
532 985 545 1004 a
563 978 644 1008 malo.
660 981 689 1004 ut
706 978 752 1004 ille
769 977 816 1008 ait,
831 977 883 1004 hoc
904 977 977 1004 acci-

187 1031 261 1057 pere.
278 1023 356 1055 Quod
371 1024 479 1058 quidem
496 1028 572 1051 extra
589 1031 751 1051 communes
767 1023 894 1051 notiones
914 1027 956 1050 est
968 1043 976 1057 ,

187 1073 247 1099 qua:
259 1066 340 1093 menti
357 1071 516 1102 suggerunt.
533 1072 562 1094 ut
580 1076 642 1095 eum
658 1068 759 1102 ubique
777 1074 838 1095 esse
859 1072 976 1101 noscat,

187 1116 214 1138 et
229 1116 325 1139 natura
342 1113 613 1148 incomprehensum.

1029 927 1075 954 καὶ
1100 926 1168 961 πρὸς
1183 925 1232 960 τῆς
1252 923 1362 954 κακίας,
1385 921 1422 953 ὡς
1444 919 1546 951 ἐκεῖνός
1569 927 1645 953 φησι,
1665 917 1745 943 τοῦτο
1763 917 1812 943 πά-

1025 981 1112 1008 σχειν.
1122 972 1211 1006 Ὅπερ
1225 969 1330 1005 πρῶτον
1351 967 1400 1002 μὲν
1423 965 1477 992 τῶν
1496 965 1591 991 κοινῶν
1605 963 1714 990 ἐννοιῶν
1728 962 1814 993 ἐκτὸς,

1024 1007 1131 1049 αἵτινες
1146 1015 1340 1044 ὑποϐάλλουσιν
1356 1013 1436 1040 αὑτὸν
1463 1012 1605 1047 γινώσκειν
1623 1007 1693 1036 εἶναί
1707 1017 1737 1035 τε
1752 1016 1816 1035 παν-

1028 1063 1124 1099 ταχοῦ,
1140 1063 1188 1090 καὶ
1201 1061 1385 1096 ἀπερίληπτον
1399 1059 1530 1094 ὑπάρχειν
1542 1056 1591 1093 τὴν
1605 1055 1696 1091 φύσιν.

627 1174 692 1201 (λιι.
714 1173 760 1202 Vl.
774 1174 845 1202 Deus
856 1174 1000 1201 secundant
1015 1172 1115 1206 placita
1131 1168 1300 1196 Ranichaica
1312 1167 1413 1201 finitus.

224 1219 357 1247 Praeterea
371 1221 464 1252 etiam,
481 1221 505 1248 si
521 1221 578 1248 11326
590 1221 746 1248 necessario
759 1228 774 1247 a
786 1228 815 1249 se
829 1220 975 1253 dissident,

187 1273 241 1292 non
257 1267 345 1294 solum
360 1266 443 1299 Deus,
459 1267 586 1302 opinione
598 1267 671 1294 illius
688 1267 794 1300 insana,
804 1271 908 1294 natura:
922 1267 977 1293 eir-

187 1308 362 1348 cumscripr
383 1321 445 1340 esse
471 1313 627 1345 videbitur,
656 1313 704 1340 sed
731 1313 759 1340 in
785 1312 892 1348 privato
916 1312 977 1339 loco

187 1367 259 1390 esse,
275 1362 302 1386 et
316 1359 436 1386 residere
451 1367 535 1394 prope
549 1359 730 1386 contrarium.
749 1359 815 1391 Qum
825 1359 899 1386 enim
917 1366 932 1385 a
947 1367 977 1386 se

188 1408 283 1431 nultuo
296 1408 436 1435 arcentur,
454 1404 573 1439 propriis
592 1409 618 1431 et
637 1404 752 1439 privatis
776 1404 844 1432 locis
858 1404 978 1431 circum-

189 1450 324 1477 scribunt.
338 1449 506 1478 Excutienda
518 1450 601 1486 igitur
611 1454 675 1477 sunt
691 1450 759 1482 haec,
778 1451 800 1478 si
816 1450 898 1477 ambo
912 1457 978 1477 con-

189 1497 274 1523 traria
297 1501 427 1532 tanquam
457 1497 576 1532 ingenita
601 1496 757 1531 antiquiora
783 1497 851 1524 locis
878 1499 976 1527 erant,

1067 1218 1126 1244 Ἔτι
1147 1216 1194 1251 μὲν
1210 1215 1234 1241 εἰ
1257 1213 1343 1240 ταῦτα
1361 1212 1500 1246 διέστηκεν
1520 1207 1674 1243 ἀναγκαίως
1685 1207 1816 1243 ἀλλήλω-ι,

1029 1265 1059 1291 οὺ
1075 1264 1155 1299 μόνον
1175 1260 1242 1288 Θεοῦ
1267 1260 1339 1287 κατά
1357 1258 1406 1294 τὴν
1428 1257 1532 1285 ἐκείνου
1554 1255 1651 1291 μανίαν
1676 1254 1747 1286 δόξει
1772 1255 1818 1290 τὴν

1030 1310 1111 1345 φύσιν
1127 1305 1340 1344 περιορίζεσοαι,
1357 1303 1425 1331 ἀλλά
1442 1303 1489 1330 καὶ
1510 1303 1539 1328 ἐν
1558 1301 1615 1336 ἰδίῳ
1632 1301 1707 1336 τόπῳ
1721 1302 1819 1336 τυγχά-

1032 1366 1096 1387 νειν,
1114 1355 1160 1382 καὶ
1183 1353 1347 1388 καταμένειν
1369 1348 1566 1386 παραπλησίως
1585 1347 1624 1382 τῷ
1638 1347 1762 1382 ἐναντίῳ.
1781 1346 1818 1373 Τὰ

1031 1403 1085 1438 γὰρ
1107 1402 1151 1428 ὑπ’
1175 1399 1296 1435 ἀλλήλων
1322 1397 1478 1432 εἰργόμενα,
1502 1395 1594 1426 τόποις
1622 1394 1699 1425 ἰδίοις
1721 1393 1819 1428 δηλαδὴ

1032 1448 1240 1484 περιγράφεται.
1256 1445 1348 1471 Ἔστιν
1362 1441 1408 1469 οὖν
1423 1441 1590 1474 ἐξεταστέον,
1605 1441 1628 1467 εἰ
1644 1439 1693 1475 μὲν
1707 1439 1821 1474 πρεσϐύ-

1032 1505 1098 1532 τερα
1112 1495 1166 1521 τῶν
1182 1494 1272 1520 τόπων
1293 1492 1375 1526 ἄμφω
1398 1489 1433 1515 τὰ
1457 1487 1564 1514 ἐναντία
1583 1486 1621 1517 ὡς
1644 1485 1777 1520 ἀγένητα,
1790 1482 1821 1519 ’ἦν

190 1542 337 1576 aliquando
356 1550 453 1570 rursus
470 1543 547 1577 prius
563 1547 643 1569 erant
657 1542 840 1569 communiter
854 1549 868 1568 a
891 1548 980 1576 pugna
994 1541 1010 1570 (Σ

1032 1531 1075 1570 ὅτε
1089 1542 1169 1568 πάλιν
1186 1539 1317 1575 πρότερον
1336 1535 1465 1571 ἐτύγχανε
1481 1535 1556 1568 κοινῇ
1570 1533 1619 1567 τῆς
1637 1531 1821 1565 ἐναντιότητος

190 1587 262 1614 inter
288 1595 318 1614 se
341 1587 436 1614 libera.
469 1587 517 1614 Sin
547 1594 612 1614 vero
641 1586 788 1621 disjunctio
821 1586 980 1614 substantia:

188 1634 334 1668 utriusque
357 1633 438 1661 simul
453 1641 486 1661 ex
503 1634 654 1662 aeternitate
680 1633 741 1665 fuit,
758 1632 898 1667 antiquior
921 1635 979 1660 erat

188 1680 268 1707 locus
285 1680 448 1707 substantiae
460 1680 614 1716 utriusque,
631 1680 672 1708 vel
693 1679 773 1707 simul
787 1687 849 1706 cum
867 1678 921 1706 illis
936 1678 979 1705 in-

189 1726 309 1760 genitus
328 1725 355 1752 Si
370 1730 462 1753 autem
483 1726 632 1761 antiquior,
645 1729 675 1752 ut
694 1726 750 1760 jam
768 1725 850 1752 ambo
873 1725 982 1752 videan-

189 1775 237 1797 tur
251 1772 395 1806 utriusque
411 1772 462 1798 loci
477 1772 651 1807 propagines,
670 1779 726 1798 non
740 1774 804 1798 sunt
824 1770 881 1798 haec
896 1767 982 1806 'ingeo

190 1818 259 1847 nita,
270 1825 320 1844 nec
330 1822 431 1846 aeterna
445 1827 451 1844 :
470 1817 542 1852 quod
555 1817 664 1852 quidem
682 1817 752 1844 locis
768 1825 801 1843 ex
815 1817 914 1852 quibus
925 1816 982 1843 haec

191 1864 366 1894 exstiterunt,
385 1864 521 1890 videbitur
538 1864 639 1891 inesse.
662 1862 691 1890 Si
712 1870 777 1890 vero
790 1863 867 1890 locus
893 1866 934 1890 cst
949 1861 984 1890 si-

191 1909 248 1936 mul
264 1917 327 1936 cum
344 1909 398 1936 illis
419 1909 555 1944 ingenitus
567 1929 574 1940 ,
592 1913 671 1937 erant
697 1909 773 1944 plura
791 1909 928 1945 ingenita,
955 1913 982 1936 ct

191 1963 246 1981 non
262 1955 317 1990 jam
347 1955 402 1982 duo
418 1965 423 1981 ε
452 1963 564 1982 necesse
586 1956 658 1982 enim
675 1959 727 1987 est,
745 1959 774 1982 ut
787 1953 842 1982 'alia
867 1957 922 1982 sint
935 1955 982 1982 illa

192 2000 252 2027 loca
267 2005 365 2035 pra-ter
379 2001 434 2027 haec
450 2008 510 2035 qum
525 2000 552 2026 in
574 2000 628 2028 illis
651 2005 724 2032 sunt,
744 2002 803 2028 sine
818 2001 918 2036 quibus
933 2008 982 2028 nec

193 2054 254 2074 esse
269 2050 393 2081 possunt.

1033 1586 1240 1624 ἀπηλλαγμένα.
1260 1585 1290 1611 El
1307 1583 1335 1610 δὲ
1354 1581 1486 1612 ωναῖδιος
1506 1578 1636 1614 ἐκατέρου
1657 1578 1708 1613 τῆς
1732 1577 1822 1624 θυσίας

1032 1635 1046 1661 ὁ
1058 1632 1197 1669 χωρισμὸς
1208 1651 1215 1662 ,
1239 1628 1450 1666 προγενέστερος
1464 1625 1604 1670 ,ἐκατέρου
1627 1624 1678 1658 τῆς
1699 1623 1793 1654 οὐσίας
1809 1623 1822 1648 ὀ

1031 1680 1122 1710 τόπος,
1140 1678 1156 1713 ἢ
1174 1676 1377 1710 συναγέννητος.
1405 1669 1473 1699 Ἀλλ’
1499 1672 1522 1697 εί
1537 1670 1585 1706 μὲν
1601 1669 1820 1705 προγενέστερος,

1032 1726 1070 1757 ὡς
1083 1723 1214 1758 ἐκατέρου
1236 1722 1317 1748 τόπου
1334 1720 1477 1755 βλάστημα
1492 1718 1579 1744 δοκεῖν
1595 1714 1665 1742 εἶναι
1682 1716 1821 1750 ἑκάτερον,

1032 1770 1088 1797 οὔτ’
1105 1770 1240 1804 ἀγέννητα
1253 1767 1348 1799 ταῦτα,
1365 1765 1427 1793 οὔτε
1449 1764 1534 1791 ἀΐδιον
1549 1764 1617 1798 ὅπερ
1630 1762 1765 1797 ὑπάρχειν
1781 1761 1823 1787 δὸα

1034 1816 1073 1849 ξει
1095 1817 1150 1847 τοῖς
1175 1815 1266 1845 τόποις
1298 1813 1328 1845 ἐξ
1351 1809 1389 1839 ὧν
1413 1811 1515 1838 ταῦτα·
1536 1810 1560 1836 εἰ
1587 1809 1616 1836 δὲ
1644 1808 1822 1843 συναγένητος

1033 1862 1120 1894 ἔσται,
1136 1861 1230 1893 πλείω,
1244 1861 1291 1887 καὶ
1303 1859 1394 1886 οὐκέτι
1407 1858 1452 1885 δύο
1466 1858 1500 1884 τὰ
1512 1857 1639 1891 ἀγένητα·
1652 1855 1759 1889 ἀνάγκη
1772 1853 1822 1888 γὰρ

1034 1908 1116 1943 ἕτερα
1143 1906 1287 1942 τυγχάνειν
1314 1905 1405 1931 ἐκεῖνα
1431 1903 1507 1938 παρὰ
1532 1901 1629 1933 ταῦτα,
1654 1901 1683 1926 ὲν
1706 1898 1747 1931 οἷς
1768 1901 1821 1925 ἐστι

1035 1953 1130 1986 ταῦτα,
1147 1949 1184 1979 ὧν
1202 1952 1265 1979 ἄνευ
1282 1950 1341 1978 οὐδὲ
1357 1947 1425 1976 εἶναι
1442 1948 1593 1983 δυνήσεται.

627 2092 691 2119 CAP.
708 2091 763 2119 νυ.
779 2091 902 2127 Spatium
917 2093 986 2119 inter
999 2091 1052 2121 duo
1072 2090 1204 2126 principia
1223 2088 1381 2124 quodnam?

229 2139 268 2166 Ad
283 2139 340 2166 haec
355 2139 521 2174 poscendum
536 2142 578 2166 est
598 2140 632 2166 ab
655 2139 715 2167 istis
729 2139 932 2172 intermedium,
953 2144 980 2167 et
997 2153 1010 2180 Ῑ

1069 2139 1141 2175 Πρὸς
1158 2138 1187 2165 δὲ
1199 2137 1305 2168 τούτοις
1321 2135 1367 2161 καὶ
1391 2133 1514 2170 μεθόριον
1529 2130 1692 2167 ἀμφοτέρων
1709 2129 1824 2180 ἀπαιτη-

192 2186 317 2220 utrisque
346 2185 536 2220 intcrjectum,
566 2185 638 2220 quod
662 2186 776 2213 alterius
800 2193 861 2212 cum
894 2185 980 2212 altero

193 2231 417 2259 communitatem
430 2235 521 2259 arceat
535 2235 561 2259 et
573 2231 726 2266 prohibeat,
742 2239 776 2259 ne
787 2231 886 2258 ﬁnibus
911 2231 981 2258 inter

193 2285 224 2306 se
240 2277 394 2310 commista,
409 2284 506 2304 rursus
526 2277 658 2304 rationem
682 2284 713 2304 ac
732 2280 857 2304 naturam
873 2281 981 2304 contra-

193 2324 297 2351 riorum
314 2323 420 2352 tollant.
444 2323 514 2356 Quid
527 2323 610 2358 igitur
628 2323 680 2350 erit
707 2322 791 2356 istud,
810 2322 883 2357 quod
901 2322 980 2349 ambo

193 2370 239 2397 illa
251 2369 434 2401 disterminet,
450 2373 477 2396 et
500 2369 679 2404 iuterscpiat?
708 2376 776 2403 opus
804 2368 874 2395 enim
901 2368 981 2395 habet

193 2415 265 2451 apud
277 2415 344 2442 istos
354 2413 497 2449 cujusdam
513 2414 585 2441 tertii
605 2417 790 2442 commentum
806 2412 914 2440 fabulae.
939 2412 980 2439 An

193 2461 290 2488 dicturi
305 2464 369 2488 sunt
381 2460 470 2491 nobis,
485 2467 546 2487 esse
560 2466 668 2486 murum
689 2458 893 2486 adamantinum
903 2479 910 2488 .
935 2462 982 2485 aut

193 2507 266 2534 aliud
277 2506 341 2541 quid
357 2505 493 2533 delirum?
508 2504 658 2539 Cuiusnam
668 2503 916 2538 veroprovidcntia
930 2503 982 2530 hoc

193 2552 325 2588 quidquid
341 2553 388 2586 sit,
405 2552 584 2585 interseptum
607 2557 668 2577 esse
688 2549 800 2576 dlt‘cltl?
818 2549 982 2583 utricunque

193 2599 265 2626 enim
287 2598 487 2626 contrariorum
511 2597 562 2623 hoc
580 2596 723 2630 assignare
740 2595 824 2622 velint
849 2600 978 2631 tanquam

193 2650 285 2680 postea
312 2644 485 2676 immissum,
511 2636 566 2671 non
595 2642 732 2677 reperient
757 2642 857 2668 exitum
880 2642 907 2669 in
929 2642 980 2668 hac

194 2699 290 2724 causa,
304 2699 392 2726 neque
420 2699 449 2718 se
469 2690 533 2717 hinc
552 2689 708 2731 expedient.
737 2687 874 2715 Revocata
906 2688 980 2715 enim

231 2770 281 2802 θ’)
297 2770 364 2796 Δύο.
382 2768 411 2796 1η
425 2769 485 2795 cod.
506 2776 557 2795 ms.
573 2771 632 2796 erat
641 2767 692 2798 διό,
704 2767 780 2794 nullo
792 2767 870 2801 plane
884 2773 965 2802 sensu
978 2774 984 2797 ;

195 2805 311 2838 ideoque
328 2805 392 2830 illud
407 2805 537 2830 omiserat
549 2802 718 2829 Turriauus:
732 2802 904 2838 reposuimus
919 2801 981 2831 δύω

198 2840 250 2867 duo
268 2837 366 2874 quippe
383 2839 509 2865 tut-batur
528 2838 661 2871 principia
681 2838 779 2864 Manes.
797 2837 877 2863 llass.

1032 2185 1103 2217 τέον,
1123 2185 1239 2220 διεῖργον
1254 2182 1301 2210 καὶ
1318 2179 1466 2208 διακωλῦον
1487 2178 1610 2213 ἐκατέρῳ
1625 2177 1675 2211 τὴν
1692 2175 1760 2211 πρὸς
1769 2175 1824 2220 -ίλά-

1032 2238 1111 2265 τερον
1133 2228 1284 2260 κοινωνίαν,
1304 2227 1347 2253 ἵνα
1371 2226 1419 2261 μὴ,
1439 2224 1482 2251 διὰ
1504 2223 1557 2249 τῶν
1581 2221 1726 2257 τερμάτων
1747 2218 1823 2250 αὖθις

1033 2275 1157 2310 ἀλλήλοις
1179 2272 1413 2309 καταμιγνύμενα,
1436 2271 1481 2297 τον
1503 2270 1553 2304 τῆς
1567 2267 1754 2301 ἐναντιότητος
1770 2266 1823 2292 δια-

1034 2322 1133 2357 φθείρῃ
1151 2321 1240 2354 λόγον.
1266 2319 1298 2345 Τί
1325 2319 1413 2345 τοίνυν
1433 2317 1508 2343 ἔσται
1530 2315 1560 2341 τὸ
1586 2313 1751 2349 διαφρὰττον
1779 2311 1823 2337 καὶ

1033 2368 1150 2403 διεῖργον
1165 2367 1266 2400 ἄμφω;
1287 2365 1378 2401 τρίτου
1395 2363 1449 2398 γάρ
1460 2370 1533 2393 τινος
1552 2360 1611 2386 κατ’
1624 2360 1720 2385 οὐσίαν
1733 2357 1823 2403 χρείαν

1032 2401 1093 2448 ἔχει.
1113 2410 1178 2448 παρ’
1200 2412 1291 2442 αὐτοῖς
1315 2410 1364 2444 τῆς
1389 2407 1549 2443 μυθολογίας
1570 2404 1600 2431 τὸ
1628 2401 1823 2438 πλάσμα.Ἀρ“

1031 2457 1078 2486 οὖν
1092 2458 1121 2484 τὸ
1135 2458 1312 2493 ἀδαμάντινον
1336 2456 1423 2489 τεῖχος
1437 2452 1543 2487 ἐροῦσιν
1557 2452 1633 2486 ἡμῖν.
1649 2451 1665 2485 ἦ
1685 2458 1711 2476 τι
1723 2449 1822 2483 ἕτερον,

1032 2503 1234 2539 παραπαίοντες
1249 2510 1256 2533 ;
1276 2500 1314 2536 Τῇ
1333 2500 1404 2530 τίνος
1419 2498 1447 2524 δὲ
1463 2496 1576 2532 προνοίᾳ
1592 2494 1664 2521 τοῦθ’
1678 2494 1692 2520 ὃ
1702 2501 1767 2520 ποτε
1776 2492 1823 2526 (5')

1033 2549 1148 2583 φήσουσι
1166 2545 1381 2582 παρεγκεῖσοαι;
1403 2542 1539 2577 Ὀποτέρῳ
1554 2541 1609 2576 γὰρ
1628 2539 1682 2566 τῶν
1698 2538 1825 2565 ἐναντίων

1035 2593 1188 2629 βουληθεῖεν
1202 2591 1340 2620 ἀναθεῖναι
1354 2590 1441 2621 τοῦτο,
1457 2589 1495 2620 ὡς
1507 2587 1619 2622 ὕστερον
1642 2593 1706 2611 ποτε
1721 2592 1825 2619 παρεμ-

1034 2640 1142 2676 ϐληοὲν,
1160 2640 1261 2675 ἄπορος
1273 2639 1366 2668 αὐτοῖς
1380 2638 1395 2671 ἡ
1415 2635 1542 2665 ὑπόθεσις
1555 2633 1743 2668 εὑρεθήσεται.
1756 2629 1825 2665 Πρὸς

1035 2687 1088 2722 γὰρ
1102 2686 1133 2713 τὸ
1149 2685 1325 2720 ἀρχαιότερον
1348 2682 1451 2714 ἀναϐὰς
1470 2682 1484 2707 ὀ
1506 2681 1583 2714 λόγος
1604 2677 1681 2709 αὖοις
1706 2677 1825 2712 φωράσιι

1076 2764 1114 2799 (5)
1126 2764 1217 2798 “113.,
1228 2762 1352 2795 δόξαν)τῖ
1367 2761 1447 2788 Eutr.
1463 2796 1469 2799 _
1523 2794 1534 2798 _

1074 2790 1123 2835 (πί)
1139 2790 1230 2830 Forte,
1246 2790 1324 2825 τοῦτὴ
1343 2806 1416 2829 ποτε,
1430 2796 1470 2822 vol
1490 2793 1571 2825 τοῦθ’,
1587 2793 1600 2819 ὅ
1619 2793 1644 2818 τί
1658 2800 1735 2818 ποτε,
1750 2790 1822 2817 Enn,
