1900 3070
85 119 152 148 1077

621 114 806 146 ADVERSUS
824 117 1035 146 MANICILEOS
1053 117 1118 144 LIB.
1139 117 1160 145 ι.

1646 115 1712 142 i078

84 178 118 205 τὰ
131 177 246 204 ἐναντία
264 177 386 213 ἀλλήλων
408 176 556 212 ἀχώριστά,
570 177 607 208 ὡς
623 177 748 212 οὐδαμῶς
762 177 880 205 ἐναντία.

936 175 1108 213 ascendendo
1125 175 1157 202 ad
1176 175 1315 210 antiquius
1338 173 1486 209 disputatio
1506 180 1602 201 rursus
1618 173 1714 207 depre-

85 225 115 251 Εί
125 224 154 250 δὲ
165 223 319 259 μηδετέρου
330 224 442 259 προνοίᾳ
451 224 481 250 τὺ
489 224 622 259 μεθόριον,
630 224 644 250 ὃ
653 223 786 258 δηλοῦσιν,
797 224 880 259 ὑπάρ-

86 270 127 302 ξαι
141 270 292 305 φήσουσιν,
302 269 392 305 ἕτερον
402 269 547 305 ἀγέννητον
557 269 746 304 ἐπεισάγοντες
755 270 784 302 ἐξ
796 270 879 304 ἀνάγ-

85 324 134 351 κης
155 314 340 350 ὁμολογοῦσι,
367 315 514 352 μηδετέρου
537 315 592 342 τῶν
615 315 742 342 ἐναντίων
768 316 817 351 τῆς
836 317 880 342 οὺ-

86 362 146 392 σίας
173 361 309 396 μετέχον,
333 361 377 388 ἵνα
400 361 439 396 τῷ
470 362 557 397 πάντη
585 361 752 388 διαλλάττειν
776 361 881 398 χωρίζῃ

86 406 170 433 ταῦτα
181 414 192 427 ε
210 405 262 434 mil.
275 406 465 445 εὑρεθήσονται
478 407 554 442 ὄχλον
567 408 719 443 ἀγεννήτων
734 407 880 442 τιθέμενοι,

86 452 130 479 δύο
144 452 288 488 φήσαντες
305 449 382 479 εἶναι,

122 597 163 625 Τά
176 597 313 633 ἀγένητα,
334 597 363 625 τὸ
380 598 470 634 μέντοι
483 597 600 633 διεῖργον
613 598 659 624 καὶ
677 597 811 633 μεθόριον,
827 597 882 624 εἴτε

87 645 118 680 δὴ
134 645 238 679 τεῖχος,
253 644 308 670 εἴτε
325 644 360 679 γῆ
376 644 476 676 ἀοικος,
492 643 547 670 είτε
566 643 612 670 καὶ
629 644 697 680 ὅπερ
710 643 743 670 ἂν
762 643 861 671 θέλοιεν
873 652 881 659 ·

89 690 138 717 ποῦ
153 690 205 725 μὲν
223 688 270 725 ἄρ’
285 690 340 725 ἔχει
366 689 414 725 τὴν
436 689 527 725 ἒδραν,
550 689 603 716 ποῦ
627 689 719 725 δὲτὴν
741 691 881 725 κορυφήν.;

95 737 175 764 Ἀλλὰ
196 736 340 772 δῆλον,ὠς
365 735 440 763 κάτω
462 736 511 771 μὲν
536 735 584 771 τὴν
600 735 693 771 ἕδραν
713 735 765 762 ποῦ
783 735 815 771 δὴ
836 736 884 763 καὶ

89 784 171 810 πόσον
185 793 192 816 ;
211 784 288 810 Ἀνω
301 783 329 810 δὲ
352 783 401 818 τὴν
420 783 558 818 κορυφήν’
574 782 626 809 ποῦ
650 783 697 809 καὶ
717 782 763 811 ἐπὶ
780 782 861 809 πόσον
875 791 882 815 ;

931 223 1031 250 hendet
1051 212 1188 249 contraria
1205 221 1277 248 inter
1300 228 1330 248 se
1343 224 1479 255 separata,
1496 224 1624 254 tanquam
1639 219 1713 246 nullo

930 268 1012 295 modo
1023 267 1169 295 contraria.
1188 266 1236 294 Sin
1261 273 1325 293 vero
1346 266 1468 293 neutrius
1484 264 1655 299 providentia
1672 264 1715 290 in-

931 318 1088 350 terseptum,
1099 314 1173 350 quod
1189 313 1339 345 declarant,
1361 320 1420 341 esse
1440 313 1571 344 dixerint,
1588 317 1715 338 necessa-

930 361 973 388 rio
987 360 1106 388 fatentur
1118 360 1293 387 introducere
1308 367 1337 386 se
1353 359 1453 394 aliquid
1465 359 1624 393 ingenitum,
1641 355 1714 391 quod

931 407 1057 435 neutrius
1074 406 1254 434 substantiam
1281 405 1441 441 participat,
1467 408 1498 431 ut
1514 404 1625 431 omnino
1647 402 1714 429 diri-

932 453 1031 481 mendo
1049 457 1156 488 separet
1175 453 1249 485 haec;
1265 457 1346 487 atque
1363 451 1400 478 ita
1417 451 1472 482 (iet,
1491 455 1519 477 ut
1545 449 1714 485 reperiantur

931 499 1040 526 turbam
1055 498 1236 534 ingenitorum
1256 506 1369 533 ponere,
1389 498 1434 532 qui
1447 497 1501 524 duo
1517 497 1635 532 ingenita
1654 503 1714 523 esse

931 546 1067 573 dixerunt.

968 602 1094 630 Attamen
1109 602 1161 629 hoc
1179 602 1251 636 quod
1275 602 1464 632 disterminat,
1484 603 1510 627 et
1537 600 1714 633 interseptum

932 653 983 680 est,
1000 648 1057 676 sive
1067 655 1163 675 murus
1177 652 1235 680 est,
1260 648 1316 675 sive
1332 652 1405 674 terra
1423 647 1481 675 sine
1496 645 1638 677 domibus,
1658 645 1715 672 sive

933 695 1005 722 aliud
1031 694 1197 729 quodlibet:
1227 694 1347 729 nunquid
1376 693 1473 720 alicubi
1501 692 1609 727 quidem
1635 691 1716 717 habet

932 741 1031 772 basim,
1043 740 1142 768 alicubi
1157 748 1223 767 vero
1240 740 1368 768 culmen?
1381 740 1463 774 Atqui
1477 739 1649 774 perspicuum
1663 741 1714 769 est,

932 787 1004 814 infra
1020 786 1128 822 quidem
1146 786 1245 814 habere
1265 786 1351 813 basim
1366 795 1371 812 :
1391 785 1437 813 sed
1453 785 1510 816 ubi,
1529 789 1556 812 et
1570 784 1716 820 quantam?

90 830 126 856 Τὸ
146 829 201 864 γὰρ
226 829 285 856 ἅνω
312 829 357 855 καὶ
376 829 451 855 κάτω
474 828 654 864 δημιουργίας
677 828 806 863 ὀνόματα,
830 828 882 863 πρὸ

936 832 1024 868 Supra
1040 840 1105 860 vero
1120 832 1238 865 culmen,
1254 831 1299 859 sed
1316 831 1382 863 ubi,
1412 836 1439 858 et
1453 831 1601 865 quantum?
1629 829 1716 865 Supra

89 875 273 911 δημιουργίας
285 883 292 889 ·
306 875 345 901 δεῖ
361 874 451 910 μέντοι
472 875 519 901 καὶ
540 874 685 910 βαθύτερον
705 874 752 901 καὶ
781 874 881 909 ὑψηλό-

90 930 166 957 τερον
178 919 251 948 εἷναι
262 921 293 948 τὸ
311 921 435 956 μεθόριον
448 920 498 955 τῆς
510 920 563 947 τῶν
579 921 767 956 χωριζομένων
778 920 880 954 οὐσίας’

91 968 132 994 ἵνα
155 968 194 1003 μὴ
216 967 342 994 κάτωθεν
366 967 382 1002 ἢ
406 966 507 994 ἄνωθεν
530 967 664 1001 ἐλλεῖψαν,
687 967 802 1002 πάροδον
827 969 883 998 τοῖς

92 1013 222 1044 ἐναντίοις
235 1013 366 1049 παράσχῃ
387 1012 455 1048 πρὸς
471 1012 582 1047 ἄλληλα.
596 1013 627 1039 Εἰ
638 1012 665 1039 δὲ
683 1014 745 1048 σκιᾷ
757 1013 804 1039 καὶ
817 1012 883 1048 ἡλίῳ

93 1059 295 1104 παραϐάλλοιεν
311 1059 325 1085 ὃ
338 1057 449 1085 καλοῦσι
471 1058 604 1093 μεθόριον,
620 1057 755 1093 οἰήσονται
772 1058 831 1093 μὲν,
846 1057 883 1089 ὡς

93 1104 166 1132 οὐδὲν
183 1106 357 1132 ἐπικοινωνεῖ
380 1104 417 1139 τῷ
436 1103 502 1139 ἡλίῳ
524 1105 540 1139 ἡ
560 1104 632 1134 σκιὰ,
652 1103 884 1139 διελεγχθήσοντοιι

93 1151 119 1177 δὲ
141 1151 271 1186 χαλεπῶς
294 1151 362 1186 πρὸς
385 1150 432 1177 τοῦ
457 1150 595 1181 Μάνεντος
617 1150 802 1185 ἠπατημένοι·
821 1150 884 1176 σκιά

94 1198 146 1233 γὰρ
163 1197 241 1234 ἡλίου
266 1197 392 1233 κοινωνίᾳ
414 1197 461 1224 καὶ
482 1196 515 1224 δι’
545 1196 605 1222 ὅλου
629 1195 766 1230 παρουσίᾳ
786 1195 883 1229 γένοιτ’

95 1243 135 1274 ἂν,
151 1244 237 1278 ὄγκου
255 1244 328 1275 τινὸς
341 1243 481 1278 ἀνέχοντος
495 1243 523 1269 ἐν
540 1241 614 1278 μέσῳ
629 1241 676 1268 καὶ
692 1241 759 1276 πρὸς
773 1241 883 1276 θάτερον

97 1290 176 1326 μέρος
188 1291 276 1326 αὐτὴν
291 1290 520 1325 παραπέμποντος
530 1296 537 1303 ·
559 1289 606 1314 καὶ
629 1287 691 1314 σκιὰ
705 1286 748 1321 εἴη
762 1285 793 1312 ἂν
809 1286 884 1312 οὐδὲν

94 1337 195 1372 ἕτερον,
213 1337 230 1373 ἢ
247 1337 396 1372 τεκμήριον
409 1335 506 1370 φωτὸς,
522 1334 567 1361 διά
582 1342 653 1364 τινος
669 1331 883 1368 παρεγκειμένου

97 1381 219 1416 σώματος
235 1381 449 1417 ἐμποδιζομένου
459 1389 466 1396 ·
480 1381 541 1407 ἐπεί
555 1389 594 1406 τοι
608 1380 695 1414 φωτὸς
709 1380 738 1405 ὲν
754 1380 830 1406 νυκτὶ
847 1379 884 1415 μὴ

96 1427 238 1464 παρόντος,
268 1427 321 1453 οὐδ’
339 1426 372 1453 ἃν
397 1425 462 1453 σκιά
487 1425 585 1461 μερικὴ
611 1426 723 1460 γένοιτο.
746 1426 805 1462 ’Ἆρ’
827 1425 883 1458 οὖν,

96 1473 145 1509 ὅπη
162 1472 237 1505 σκιὰ,
261 1474 320 1499 ἐκεῖ
346 1472 422 1506 φῶς·
447 1471 481 1498 τὰ
503 1471 557 1506 γὰρ
581 1471 708 1498 ἐπέκεινα
727 1471 776 1507 τῆς
794 1473 882 1505 σκιᾶς,

97 1519 163 1553 φωτὶ
183 1519 409 1553 καταλάμπεται·
433 1517 501 1552 πλὴν
518 1518 542 1543 εί
557 1518 593 1552 μή
607 1526 639 1552 γε
652 1518 683 1544 τὸ
699 1517 810 1549 σκιάζον
822 1518 884 1553 ὕψει

96 1565 125 1591 τδ
138 1566 257 1600 φωτίζον
273 1564 431 1600 παμπληθεῖ
457 1563 632 1598 ὑπερΰαίνει·
657 1563 708 1590 κᾶν
730 1564 767 1599 μὴ
789 1565 820 1591 τὸ
840 1573 887 1598 γε-

97 1612 228 1639 λοιότατον
250 1612 338 1646 τεῖχος
360 1610 398 1646 τῷ
424 1610 570 1646 παραλόγῳ
592 1610 673 1646 τεθῇ,
693 1610 750 1645 φῶς
766 1611 794 1637 ἐν
817 1611 886 1645 φωτὶ

97 1657 259 1694 διαιτωμένη
270 1657 420 1693 φανήσεται
434 1657 451 1692 ὴ
474 1655 567 1683 κακία.
585 1655 645 1688 Πῶς
663 1656 718 1691 γάρ
734 1656 766 1683 ἂν
782 1657 885 1691 γένοιτο

99 1704 168 1737 σκιὰ,
183 1705 231 1731 τοῦ
242 1704 330 1739 φωτὸς
350 1704 382 1730 δι’
394 1703 455 1730 ὅλου
474 1702 545 1730 κατά
558 1702 608 1737 τῆς
625 1702 691 1737 ὕλης
707 1702 792 1734 δντος,
808 1704 832 1729 εί
848 1704 884 1739 μή

97 1760 122 1777 τι
139 1752 168 1778 ὲν
187 1751 266 1787 μέσῳ
281 1760 312 1784 γε
331 1750 432 1786 ἀνέχοι,
455 1750 502 1776 καὶ
523 1749 665 1776 ἀποκλεῖον
681 1749 715 1775 δι’
731 1749 792 1776 ὂλου
815 1751 887 1776 ποιοῖ

99 1796 200 1832 αὺτήν;
235 1794 265 1824 οὖ
294 1796 330 1832 μὴ
357 1796 395 1831 (4)
424 1793 660 1830 παρεγκειμένου,
692 1794 739 1820 καὶ
762 1794 886 1821 πλεῖστον

99 1842 157 1868 ὅσον
169 1843 322 1878 ἀνέχοντος,
334 1841 422 1868 κοινὸν
444 1841 534 1872 ἁῖδίως
554 1839 629 1866 ἔσται
644 1840 690 1867 καὶ
701 1841 736 1875 τῇ
760 1840 843 1875 κακίᾳ
857 1840 886 1866 τὸ

99 1896 165 1922 φως.

932 879 1003 906 enim
1018 883 1045 906 et
1058 877 1127 905 infra
1141 877 1252 905 nomina
1264 877 1452 905 fabricationis
1468 877 1578 909 mundi,
1599 880 1661 903 ante
1677 876 1714 903 fa—

933 925 1109 952 bricationem
1128 929 1192 952 sunt
1206 923 1280 960 apud
1304 925 1370 951 istos
1387 933 1394 951 :
1417 923 1490 958 atqui
1506 926 1612 957 oportet
1633 923 1714 950 etiam

933 970 1110 1005 interseptum
1123 969 1289 1005 profundius
1303 973 1329 996 et
1345 969 1427 996 altius
1442 975 1503 996 esse
1517 975 1598 1002 quam
1610 975 1642 996 ea
1656 975 1716 1002 quae

933 1016 1177 1049 disterminantur;
1192 1023 1226 1043 ne
1241 1016 1264 1043 si
1290 1015 1354 1050 quid
1379 1022 1412 1042 ex
1431 1017 1507 1049 parte
1525 1013 1646 1040 inferiori
1669 1017 1716 1039 aut

934 1062 1075 1097 superiore
1094 1062 1218 1094 deﬁciat,
1243 1061 1345 1088 aditum
1371 1060 1515 1088 contrariis
1533 1059 1664 1094 praebeat,
1685 1063 1716 1084 ut

934 1109 1016 1136 simul
1027 1109 1092 1136 sint.
1110 1107 1137 1135 Si
1150 1113 1239 1136 autem
1255 1115 1316 1134 cum
1332 1106 1429 1133 umbra
1446 1110 1473 1138 et
1489 1106 1544 1133 sole
1557 1109 1716 1139 comparent

934 1154 1011 1186 illud,
1019 1154 1090 1190 quod
1098 1154 1273 1188 interseptum
1280 1157 1386 1185 vocant,
1395 1151 1640 1187 putabuntquidem
1649 1150 1716 1177 nihil

935 1201 1034 1228 habere
1048 1208 1194 1228 commune
1213 1200 1336 1227 umbram
1360 1206 1421 1226 cum
1446 1198 1521 1230 sole;
1539 1197 1716 1224 convincetur

934 1251 1037 1278 tamen.
1067 1246 1197 1281 deceptOs
1212 1253 1273 1273 esse
1303 1252 1350 1273 eos
1374 1245 1489 1280 turpiter
1511 1252 1526 1270 a
1545 1243 1714 1271 lllanichaeo:

934 1293 1030 1320 umbra
1046 1294 1118 1321 enim
1141 1293 1334 1320 communione
1357 1292 1423 1320 solis
1441 1295 1468 1318 et
1493 1290 1636 1326 przesentia
1658 1289 1714 1316 ﬁeri

935 1339 1003 1366 solet
1017 1338 1087 1366 mole
1101 1338 1218 1373 quadam
1240 1338 1410 1373 interposita,
1422 1344 1482 1372 qum
1497 1336 1717 1364 communionem

935 1390 961 1414 et
976 1385 1147 1420 praesentiam
1165 1385 1231 1412 solis
1255 1385 1288 1412 ad
1314 1385 1426 1411 alteram
1453 1388 1558 1419 partem
1575 1382 1717 1410 transmit-

935 1431 983 1463 tit;
1000 1431 1121 1464 nihilque
1145 1430 1219 1457 aliud
1238 1430 1334 1457 umbra
1355 1433 1407 1457 est.
1419 1437 1501 1464 quam
1530 1428 1660 1456 indicium
1676 1427 1718 1454 lu-

935 1477 1017 1504 minis
1036 1484 1151 1511 corpore
1164 1478 1290 1511 quopiam
1311 1469 1455 1509 interjeeti)
1470 1474 1591 1509 impediti
1605 1483 1612 1501 ι
1638 1477 1718 1501 nocte

899 1533 920 1562 ο
937 1524 1021 1554 enim,
1037 1530 1099 1549 cum
1116 1529 1170 1549 non
1184 1523 1260 1549 adest
1278 1522 1378 1554 lumen,
1395 1528 1443 1549 nec
1460 1528 1524 1556 pars
1540 1521 1642 1547 umbrae
1657 1527 1718 1546 esse

937 1570 1035 1600 potest.
1053 1565 1103 1593 Ubi
1119 1565 1200 1601 igitur
1215 1565 1309 1592 umbra
1326 1571 1378 1596 est.
1393 1565 1429 1592 ibi
1446 1565 1555 1597 lumen;
1571 1572 1632 1599 quae
1645 1564 1718 1592 enim

937 1612 1006 1638 ultra
1023 1612 1146 1638 umbram
1169 1615 1242 1644 sunt,
1258 1611 1359 1638 lumine
1374 1611 1520 1643 collucent,
1539 1615 1719 1645 praeterquam

936 1665 999 1685 cum
1016 1658 1041 1685 id
1054 1658 1126 1693 quod
1142 1658 1264 1686 umbram
1291 1658 1373 1690 facit,
1400 1658 1485 1685 multa
1501 1657 1657 1684 altitudine’
1673 1665 1719 1684 su-

937 1707 1014 1738 perat
1028 1703 1054 1730 id
1069 1703 1142 1738 quod
1157 1704 1292 1731 illuminat
1305 1713 1313 1737 ;
1329 1707 1356 1731 et
1370 1703 1471 1730 malum
1494 1703 1521 1730 in
1543 1703 1645 1730 lumine
1667 1703 1718 1730 ha-

935 1748 1025 1776 bitans
1042 1749 1132 1777 lumen
1148 1757 1209 1778 esse
1220 1749 1370 1785 apparebit,
1387 1749 1441 1777 nisi
1469 1756 1576 1776 murum
1602 1748 1719 1776 maxime

935 1794 1081 1822 ridiculum
1097 1797 1214 1830 positum
1231 1797 1340 1824 habent.
1367 1795 1509 1829 Quomodo
1524 1796 1596 1823 enim
1623 1795 1719 1822 umbra

935 1848 996 1868 esse
1015 1843 1116 1876 poterit
1140 1843 1242 1870 lumine
1267 1843 1409 1870 materiam
1433 1850 1466 1870 ex
1479 1841 1552 1869 omni
1568 1845 1646 1876 parte
1660 1841 1718 1868 col-

936 1886 1081 1920 histrante,
1099 1888 1152 1915 nisi
1170 1889 1234 1923 quid
1258 1889 1285 1916 in
1305 1888 1394 1916 medio
1415 1888 1567 1923 prohibeat,
1585 1892 1611 1915 et
1627 1887 1719 1914 lumen

99 1935 208 1962 omnino
248 1935 282 1962 ab
304 1942 336 1962 ea
369 1934 517 1962 excludens
539 1935 664 1961 umbram
692 1931 814 1960 efﬁciat?-
831 1931 859 1958 in
880 1932 982 1960 lumine
1013 1941 1068 1960 non
1091 1935 1227 1962 videbitur
1251 1936 1375 1970 pOsm‘sse
1397 1943 1445 1970 pro
1484 1942 1562 1962 murc
1588 1934 1719 1967 ridiculo;

99 1982 169 2016 quod
188 1983 382 2017 interpositum
398 1982 491 2010 sinon
522 1983 569 2014 sit,
597 1986 623 2009 et
651 1988 732 2016 quam
750 1979 868 2018 maxime
897 1979 1089 2013 disterminet,
1119 1987 1247 2017 perpetua
1279 1983 1331 2010 erit
1355 1983 1537 2011 communitas
1564 1982 1635 2009 malo
1658 1988 1719 2009 cum

99 2029 210 2058 lumine.

133 2087 214 2122 Αὖθις
237 2090 267 2116 τὸ
291 2090 474 2126 μεσημϐρινὸν
497 2091 577 2126 μέρος
598 2092 630 2127 τῇ
656 2091 739 2126 κακίᾳ
760 2091 884 2124 διδόντες,

100 2134 135 2165 ὡς
150 2135 216 2172 όνιιρ
228 2138 278 2172 τῆς
292 2136 471 2171 δημιουργίας
495 2136 689 2172 διαγράφουσι·
707 2137 758 2163 ποῦ
783 2137 838 2173 γὰρ
852 2135 886 2172 ἦν

101 2182 256 2218 μεσημϐρία
280 2182 333 2218 πρὸ
355 2182 545 2218 μεσημϐρίας
566 2182 738 2218 Ἀτιμότερος
758 2183 786 2210 δὲ
806 2184 887 2215 τόπος

100 2227 174 2260 ἄλλος
191 2229 271 2256 ἄλλου
288 2229 337 2263 τῆς
356 2228 534 2263 δημιουργίας
545 2229 594 2255 οὐκ
610 2228 642 2255 ἂν
654 2229 772 2262 γένοιτο·
791 2231 821 2256 τὸ
834 2231 888 2266 γὰρ

101 2272 235 2309 εὐώνυμον
246 2274 343 2310 ὁρῶντι
359 2274 426 2309 πρὸς
444 2272 528 2304 δύσιν,
542 2273 626 2306 δεξιὸν
639 2271 716 2304 αὖθις
732 2273 887 2309 εὑρίσκεται

100 2319 165 2353 πρὸς
190 2319 321 2350 ἀνατολὰς
349 2319 438 2346 ίδόντι.
461 2318 540 2344 Ἀλλά
570 2318 680 2354 πλείστη
706 2318 785 2354 μὲνὴ
809 2320 885 2346 τοῦδε

99 2364 144 2390 τοῦ
162 2365 327 2402 βαρὸαρικοῦ
341 2365 473 2401 δόγματος
488 2365 602 2391 ἀτοπία·
619 2364 665 2391 δύο
679 2364 733 2399 γὰρ
751 2365 818 2396 ὅλως
835 2366 886 2401 ἀρ‹

101 2411 154 2445 καὶ,
169 2412 226 2444 πῶς
241 2412 273 2439 ἂν
293 2410 357 2444 εἷεν,
371 2411 387 2446 ἢ
406 2411 529 2446 κληθεῖεν
544 2411 640 2447 ἀρχαί;
659 2411 729 2447 ἀρχὴ
743 2411 796 2446 γάρ
810 2412 885 2438 ἐστιν

101 2456 154 2490 ἥτε
167 2457 220 2484 τῶν
233 2458 301 2484 ὅλων
312 2457 485 2493 πρεσϐυτέρα
504 2457 550 2484 καὶ
565 2457 617 2484 τῶν
630 2457 754 2483 ἁπάντων
771 2456 884 2491 κρατοῦ-

101 2509 148 2527 σα·
166 2499 202 2530 ὧν
218 2504 356 2540 οὐδέτερον
372 2504 516 2539 ὑπάρξειεν
532 2504 565 2530 ἂν
579 2503 720 2539 οὐδετέρῳ.
745 2503 883 2539 Σύγχρονα

102 2546 153 2582 γᾶρ
179 2549 261 2584 ἄμςρω
283 2550 328 2576 καὶ
347 2549 539 2584 συναγέννητα,
560 2549 623 2576 ῠντα
641 2549 686 2575 τὸν
714 2548 761 2575 τοῦ
787 2557 884 2584 προτε-

105 2593 188 2625 ρεύειν
201 2595 323 2630 ἀλλήλοις
340 2595 490 2630 διαῳθείρει
505 2595 591 2629 λόγον.
614 2595 692 2621 Ἀλλὰ
706 2595 752 2621 καὶ
770 2595 818 2630 τῆς
833 2596 883 2630 ἁρ-

95 2639 178 2673 ·χικῆ;
201 2640 321 2673 ἐξουσίας
344 2641 373 2667 οὺ
403 2640 482 2675 μόνον
509 2640 630 2675 ἀλλήλων
656 2641 693 2672 ὡς
720 2641 827 2667 ἐναντία
852 2649 883 2675 γε

103 2683 184 2711 ταῦτα
209 2686 373 2722 ἐξῃρημένα,
397 2685 464 2712 ἀλλὰ
486 2686 532 2712 καὶ
554 2685 632 2719 φύσει
654 2686 805 2721 μαχόμενα,
825 2686 883 2718 πῶς

106 2727 136 2754 ἂν
146 2730 213 2766 ἔχειν
227 2733 313 2759 διόλου
329 2733 358 2759 τὸ
377 2733 468 2767 ἄρχειν
486 2732 644 2767 νομισθείη;
662 2733 691 2759 Et
713 2734 801 2761 τοίνυν
819 2733 884 2767 μηδ-

976 2090 1083 2118 Rursus
1095 2109 1102 2122 ,
1124 2089 1302 2116 meridianam
1319 2093 1424 2124 partem
1449 2091 1522 2118 malo
1551 2091 1700 2118 tribuentes
1713 2110 1719 2122 ,

940 2137 1076 2165 somnium
1095 2135 1204 2162 fabrica:
1221 2134 1402 2163 describunt:
1421 2136 1467 2163 ubi
1488 2136 1560 2164 enim
1578 2140 1637 2163 erat
1662 2143 1720 2163 me—

939 2183 1022 2212 ridies
1037 2187 1100 2210 ante
1117 2182 1277 2209 meridiem?
1301 2182 1390 2209 Locus
1408 2186 1498 2210 autem
1517 2183 1546 2211 in
1568 2182 1661 2209 mundi
1681 2181 1722 2208 fa-

939 2227 1014 2257 brica
1029 2229 1099 2257 alius
1113 2228 1166 2255 alio
1180 2227 1369 2255 inhonoratior
1381 2236 1435 2256 non
1452 2233 1540 2263 potest
1554 2236 1614 2256 esse
1626 2237 1633 2255 :
1648 2227 1720 2263 quod

940 2276 1013 2303 enim
1029 2275 1064 2305 ad
1082 2275 1174 2302 lteram
1189 2278 1231 2301 est
1247 2274 1274 2300 in
1286 2281 1415 2301 occasum
1436 2274 1590 2310 aspicientiI
1604 2275 1637 2302 ad
1652 2274 1720 2301 dex—

937 2325 1009 2349 tram
1026 2329 1122 2350 rursus
1133 2326 1173 2348 est
1186 2320 1328 2355 aspicienti
1350 2320 1377 2346 in
1399 2320 1544 2348 orientem.
1560 2320 1659 2347 Verum
1674 2320 1721 2347 ab-

939 2368 1131 2395 surdissimum
1145 2371 1185 2394 est
1203 2367 1254 2393 hoc
1269 2366 1441 2393 barbaricum
1457 2365 1554 2400 dogma
1565 2375 1571 2398 ;
1584 2365 1638 2393 duo
1648 2366 1720 2393 enim

938 2420 1052 2447 prorsus
1070 2411 1202 2446 principia
1219 2409 1353 2446 quomodo
1370 2408 1504 2444 principia
1519 2409 1574 2436 sint
1586 2430 1593 2442 ,
1610 2414 1657 2435 aut
1674 2416 1721 2443 ap-

938 2458 1092 2493 pellentur?
1107 2457 1240 2493 siquidem
1257 2456 1421 2492 principium
1437 2459 1489 2487 est,
1507 2455 1577 2489 quod
1595 2454 1722 2481 omnibus

936 2507 978 2531 est
990 2503 1140 2538 antiquius,
1154 2508 1181 2530 et
1194 2503 1314 2530 omnium
1341 2505 1412 2529 tenet
1431 2500 1613 2536 principatum
1630 2505 1657 2527 et
1671 2500 1722 2526 im-

937 2550 1062 2585 perium;
1084 2557 1201 2585 quorum
1228 2555 1353 2578 neutrum
1371 2548 1398 2575 in
1414 2551 1510 2575 neutro
1528 2547 1643 2574 duorum
1660 2554 1722 2573 esse

938 2600 1037 2631 potest.
1055 2595 1122 2624 Esse
1143 2597 1215 2624 enim
1232 2597 1313 2624 ambo
1339 2595 1458 2630 ejusdem
1477 2594 1609 2628 temporis
1626 2597 1653 2620 et
1675 2601 1723 2620 co-

936 2646 1028 2678 gnata,
1044 2643 1176 2669 rationem
1191 2650 1285 2670 eorum
1309 2642 1379 2670 inter
1395 2649 1424 2670 se
1438 2641 1609 2676 principatus
1626 2645 1652 2666 et
1674 2647 1722 2666 ex-

938 2686 1070 2714 cellentiae
1084 2686 1164 2714 tollit.
1183 2686 1238 2716 lmo
1254 2695 1313 2722 qum
1334 2695 1388 2714 non
1416 2686 1502 2713 solum
1529 2692 1543 2711 a
1568 2683 1720 2718 principatu

939 2731 1082 2767 potestatis
1104 2733 1174 2760 inter
1198 2740 1227 2760 sc
1244 2732 1327 2760 libera
1347 2737 1427 2765 sunt,
1455 2735 1545 2766 utpote
1562 2729 1700 2758 contraria
1714 2749 1721 2760 ,

140 2820 175 2854 (ί)
191 2821 229 2851 ΟΞ
241 2824 292 2858 μή.
310 2823 406 2851 licessc
423 2824 465 2852 hic
492 2825 590 2858 aliquid
620 2823 723 2851 \chlur
742 2832 772 2851 ολ
797 2824 951 2858 interprete.
